  <div class='ocr_page' id='page_1' title='image "/cluster/home/n/w/nwhite01/storage/ocr_20150623/130/nnc1.0046979603/592.png"; bbox 0 0 4420 6452; ppageno 0'>
   <div class='ocr_carea' id='block_1_1' title="bbox 379 373 516 439">
    <p class='ocr_par' dir='ltr' id='par_1_1' title="bbox 379 373 516 439">
     <span class='ocr_line' id='line_1_1' title="bbox 379 373 516 439; baseline -0.007 -4"><span class='ocrx_word' id='word_1_1' title='bbox 379 373 516 439; x_wconf 71' lang='lat' dir='ltr'><strong>H45</strong></span> 
     </span>
    </p>
   </div>
   <div class='ocr_carea' id='block_1_2' title="bbox 1373 382 2715 449">
    <p class='ocr_par' dir='ltr' id='par_1_2' title="bbox 1373 382 2715 449">
     <span class='ocr_line' id='line_1_2' title="bbox 1373 382 2715 449; baseline 0.002 -6"><span class='ocrx_word' id='word_1_2' title='bbox 1373 382 1750 443; x_wconf 73' lang='lat' dir='ltr'><strong>PANOPLIA</strong></span> <span class='ocrx_word' id='word_1_3' title='bbox 1792 384 2255 446; x_wconf 82' lang='lat' dir='ltr'><strong>DOGMATICA.</strong></span> <span class='ocrx_word' id='word_1_4' title='bbox 2285 412 2352 421; x_wconf 91' lang='lat'>—</span> <span class='ocrx_word' id='word_1_5' title='bbox 2376 387 2523 449; x_wconf 81' lang='lat' dir='ltr'><strong>&#39;l‘l&#39;l&quot;.</strong></span> <span class='ocrx_word' id='word_1_6' title='bbox 2562 386 2715 446; x_wconf 77' lang='lat' dir='ltr'><strong>XXI.</strong></span> 
     </span>
    </p>
   </div>
   <div class='ocr_carea' id='block_1_3' title="bbox 3500 388 3632 446">
    <p class='ocr_par' dir='ltr' id='par_1_3' title="bbox 3500 388 3632 446">
     <span class='ocr_line' id='line_1_3' title="bbox 3500 388 3632 446; baseline 0 0"><span class='ocrx_word' id='word_1_7' title='bbox 3500 388 3632 446; x_wconf 68' lang='grc'><strong>1146</strong></span> 
     </span>
    </p>
   </div>
   <div class='ocr_carea' id='block_1_4' title="bbox 379 490 2124 565">
    <p class='ocr_par' dir='ltr' id='par_1_4' title="bbox 379 490 2124 564">
     <span class='ocr_line' id='line_1_4' title="bbox 379 490 2124 564; baseline 0.003 -23"><span class='ocrx_word' id='word_1_8' title='bbox 379 490 537 541; x_wconf 67' lang='grc' dir='ltr'><strong>αὑτοῦ</strong></span> <span class='ocrx_word' id='word_1_9' title='bbox 574 490 695 557; x_wconf 67' lang='grc' dir='ltr'><strong>περὶ</strong></span> <span class='ocrx_word' id='word_1_10' title='bbox 724 491 816 543; x_wconf 78' lang='grc' dir='ltr'><strong>τὸν</strong></span> <span class='ocrx_word' id='word_1_11' title='bbox 838 490 1128 560; x_wconf 77' lang='grc' dir='ltr'><strong>ἄνθρωπον</strong></span> <span class='ocrx_word' id='word_1_12' title='bbox 1169 495 1428 561; x_wconf 77' lang='grc' dir='ltr'><strong>προνοίας</strong></span> <span class='ocrx_word' id='word_1_13' title='bbox 1467 498 1724 564; x_wconf 59' lang='grc' dir='ltr'><strong>τρίπους·</strong></span> <span class='ocrx_word' id='word_1_14' title='bbox 1771 497 1838 547; x_wconf 84' lang='grc' dir='ltr'><strong>δι’</strong></span> <span class='ocrx_word' id='word_1_15' title='bbox 1866 491 1939 548; x_wconf 80' lang='grc' dir='ltr'><strong>ὢν</strong></span> <span class='ocrx_word' id='word_1_16' title='bbox 1972 505 2015 557; x_wconf 68' lang='grc' dir='ltr'><strong>Α</strong></span> <span class='ocrx_word' id='word_1_17' title='bbox 2044 513 2124 552; x_wconf 79' lang='lat' dir='ltr'><strong>Cll!</strong></span> 
     </span>
    </p>
   </div>
   <div class='ocr_carea' id='block_1_5' title="bbox 1878 490 3623 565">
    <p class='ocr_par' dir='ltr' id='par_1_5' title="bbox 1878 491 3623 565">
     <span class='ocr_line' id='line_1_5' title="bbox 1878 491 3623 565; baseline 0.001 -17"><span class='ocrx_word' id='word_1_18' title='bbox 1878 491 1939 548; x_wconf 71' lang='lat' dir='ltr'><strong>Iw</strong></span> <span class='ocrx_word' id='word_1_19' title='bbox 1972 505 2015 557; x_wconf 68' lang='grc' dir='ltr'><strong>Α</strong></span> <span class='ocrx_word' id='word_1_20' title='bbox 2044 513 2166 552; x_wconf 87' lang='lat' dir='ltr'><strong>cum</strong></span> <span class='ocrx_word' id='word_1_21' title='bbox 2196 499 2264 552; x_wconf 86' lang='lat' dir='ltr'><strong>ab</strong></span> <span class='ocrx_word' id='word_1_22' title='bbox 2290 499 2552 553; x_wconf 68' lang='lat' dir='ltr'><strong>exteriori</strong></span> <span class='ocrx_word' id='word_1_23' title='bbox 2580 511 2767 551; x_wconf 84' lang='lat' dir='ltr'><strong>errore.</strong></span> <span class='ocrx_word' id='word_1_24' title='bbox 2791 504 3043 551; x_wconf 86' lang='lat' dir='ltr'><strong>naturam</strong></span> <span class='ocrx_word' id='word_1_25' title='bbox 3083 494 3146 548; x_wconf 81' lang='lat' dir='ltr'><strong>ad</strong></span> <span class='ocrx_word' id='word_1_26' title='bbox 3181 508 3239 549; x_wconf 89' lang='lat' dir='ltr'><strong>se</strong></span> <span class='ocrx_word' id='word_1_27' title='bbox 3291 509 3623 565; x_wconf 77' lang='lat' dir='ltr'><strong>congregare</strong></span> 
     </span>
    </p>
   </div>
   <div class='ocr_carea' id='block_1_6' title="bbox 381 579 1947 656">
    <p class='ocr_par' dir='ltr' id='par_1_6' title="bbox 381 579 1947 656">
     <span class='ocr_line' id='line_1_6' title="bbox 381 579 1947 656; baseline 0.006 -27"><span class='ocrx_word' id='word_1_28' title='bbox 381 579 614 647; x_wconf 75' lang='grc' dir='ltr'><strong>Θελήσας</strong></span> <span class='ocrx_word' id='word_1_29' title='bbox 636 582 744 632; x_wconf 73' lang='grc' dir='ltr'><strong>ἀπὸ</strong></span> <span class='ocrx_word' id='word_1_30' title='bbox 771 580 871 649; x_wconf 77' lang='grc' dir='ltr'><strong>τῆς</strong></span> <span class='ocrx_word' id='word_1_31' title='bbox 895 582 1005 633; x_wconf 85' lang='grc' dir='ltr'><strong>τῶν</strong></span> <span class='ocrx_word' id='word_1_32' title='bbox 1036 583 1190 644; x_wconf 76' lang='grc' dir='ltr'><strong>ἐκτὸς</strong></span> <span class='ocrx_word' id='word_1_33' title='bbox 1230 584 1438 650; x_wconf 73' lang='grc' dir='ltr'><strong>πλάνης</strong></span> <span class='ocrx_word' id='word_1_34' title='bbox 1487 585 1586 652; x_wconf 82' lang='grc' dir='ltr'><strong>τὴν</strong></span> <span class='ocrx_word' id='word_1_35' title='bbox 1615 586 1778 653; x_wconf 73' lang='grc' dir='ltr'><strong>φύσιν</strong></span> <span class='ocrx_word' id='word_1_36' title='bbox 1808 592 1947 656; x_wconf 75' lang='grc' dir='ltr'><strong>πρὸς</strong></span> 
     </span>
    </p>
   </div>
   <div class='ocr_carea' id='block_1_7' title="bbox 381 672 1541 744">
    <p class='ocr_par' dir='ltr' id='par_1_7' title="bbox 381 672 1541 744">
     <span class='ocr_line' id='line_1_7' title="bbox 381 672 1541 744; baseline 0.007 -22"><span class='ocrx_word' id='word_1_37' title='bbox 381 672 570 723; x_wconf 77' lang='grc' dir='ltr'><strong>ἐαυτὸν</strong></span> <span class='ocrx_word' id='word_1_38' title='bbox 597 673 943 739; x_wconf 69' lang='grc' dir='ltr'><strong>ἐπισυνάξαι,</strong></span> <span class='ocrx_word' id='word_1_39' title='bbox 975 674 1117 743; x_wconf 77' lang='grc' dir='ltr'><strong>αὕτη</strong></span> <span class='ocrx_word' id='word_1_40' title='bbox 1150 674 1249 728; x_wconf 81' lang='grc' dir='ltr'><strong>οὒκ</strong></span> <span class='ocrx_word' id='word_1_41' title='bbox 1285 675 1541 744; x_wconf 74' lang='grc' dir='ltr'><strong>ἠθέλησε.</strong></span> 
     </span>
    </p>
   </div>
   <div class='ocr_carea' id='block_1_8' title="bbox 452 764 1958 836">
    <p class='ocr_par' dir='ltr' id='par_1_8' title="bbox 452 764 1958 836">
     <span class='ocr_line' id='line_1_8' title="bbox 452 764 1958 836; baseline 0.005 -21"><span class='ocrx_word' id='word_1_42' title='bbox 452 766 559 815; x_wconf 76' lang='grc' dir='ltr'><strong>Καὶ</strong></span> <span class='ocrx_word' id='word_1_43' title='bbox 573 764 733 816; x_wconf 75' lang='grc' dir='ltr'><strong>πάλιν</strong></span> <span class='ocrx_word' id='word_1_44' title='bbox 752 765 883 832; x_wconf 72' lang='grc' dir='ltr'><strong>φησί</strong></span> <span class='ocrx_word' id='word_1_45' title='bbox 898 783 935 815; x_wconf 76' lang='grc' dir='ltr'><strong>ι·</strong></span> <span class='ocrx_word' id='word_1_46' title='bbox 960 768 1189 833; x_wconf 80' lang='grc' dir='ltr'><strong>Ὠσπερ</strong></span> <span class='ocrx_word' id='word_1_47' title='bbox 1202 770 1233 820; x_wconf 87' lang='grc' dir='ltr'><strong><em>ό</em></strong></span> <span class='ocrx_word' id='word_1_48' title='bbox 1253 767 1456 833; x_wconf 78' lang='grc' dir='ltr'><strong>Πατὴρ</strong></span> <span class='ocrx_word' id='word_1_49' title='bbox 1476 767 1685 836; x_wconf 65' lang='grc' dir='ltr'><strong>ἐγείρει</strong></span> <span class='ocrx_word' id='word_1_50' title='bbox 1709 769 1849 834; x_wconf 77' lang='grc' dir='ltr'><strong>τοὺς</strong></span> <span class='ocrx_word' id='word_1_51' title='bbox 1866 786 1958 823; x_wconf 82' lang='grc' dir='ltr'><strong>νε-</strong></span> 
     </span>
    </p>
   </div>
   <div class='ocr_carea' id='block_1_9' title="bbox 381 854 1957 922">
    <p class='ocr_par' dir='ltr' id='par_1_9' title="bbox 381 854 1957 922">
     <span class='ocr_line' id='line_1_9' title="bbox 381 854 1957 922; baseline 0.003 -17"><span class='ocrx_word' id='word_1_52' title='bbox 381 855 585 920; x_wconf 81' lang='grc' dir='ltr'><strong>κροὺς,</strong></span> <span class='ocrx_word' id='word_1_53' title='bbox 608 856 707 909; x_wconf 74' lang='grc' dir='ltr'><strong>καί</strong></span> <span class='ocrx_word' id='word_1_54' title='bbox 732 854 1016 916; x_wconf 60' lang='grc' dir='ltr'><strong>ζωοποιεῖ</strong></span> <span class='ocrx_word' id='word_1_55' title='bbox 1065 857 1339 910; x_wconf 77' lang='grc' dir='ltr'><strong>οὕτωκαὶ</strong></span> <span class='ocrx_word' id='word_1_56' title='bbox 1383 861 1419 911; x_wconf 87' lang='grc' dir='ltr'><em>ὑ</em></span> <span class='ocrx_word' id='word_1_57' title='bbox 1451 858 1609 921; x_wconf 75' lang='grc' dir='ltr'><strong>Υἱὸς,</strong></span> <span class='ocrx_word' id='word_1_58' title='bbox 1651 858 1761 922; x_wconf 81' lang='grc' dir='ltr'><strong>οὒς</strong></span> <span class='ocrx_word' id='word_1_59' title='bbox 1799 860 1957 912; x_wconf 80' lang='grc' dir='ltr'><strong>θέλει</strong></span> 
     </span>
    </p>
   </div>
   <div class='ocr_carea' id='block_1_10' title="bbox 382 945 1955 1017">
    <p class='ocr_par' dir='ltr' id='par_1_10' title="bbox 382 945 1955 1017">
     <span class='ocr_line' id='line_1_10' title="bbox 382 945 1955 1017; baseline 0.002 -20"><span class='ocrx_word' id='word_1_60' title='bbox 382 945 667 1002; x_wconf 78' lang='grc' dir='ltr'><strong>ζωοποιεῖ.</strong></span> <span class='ocrx_word' id='word_1_61' title='bbox 696 948 754 999; x_wconf 85' lang='grc' dir='ltr'><strong>Εἰ</strong></span> <span class='ocrx_word' id='word_1_62' title='bbox 773 948 854 1011; x_wconf 77' lang='grc' dir='ltr'><strong>τὸ,</strong></span> <span class='ocrx_word' id='word_1_63' title='bbox 875 948 950 1009; x_wconf 87' lang='grc' dir='ltr'><strong>ὠς</strong></span> <span class='ocrx_word' id='word_1_64' title='bbox 980 948 1271 1017; x_wconf 72' lang='grc' dir='ltr'><strong>ἐπίρρημα</strong></span> <span class='ocrx_word' id='word_1_65' title='bbox 1309 949 1664 1017; x_wconf 84' lang='grc' dir='ltr'><strong>συγκριτικόν</strong></span> <span class='ocrx_word' id='word_1_66' title='bbox 1701 950 1870 1000; x_wconf 79' lang='grc' dir='ltr'><strong>ἐστιν·</strong></span> <span class='ocrx_word' id='word_1_67' title='bbox 1901 950 1955 1000; x_wconf 82' lang='lat' dir='ltr'><strong>ai</strong></span> 
     </span>
    </p>
   </div>
   <div class='ocr_carea' id='block_1_11' title="bbox 380 1038 1955 1109">
    <p class='ocr_par' dir='ltr' id='par_1_11' title="bbox 380 1038 1955 1109">
     <span class='ocr_line' id='line_1_11' title="bbox 380 1038 1955 1109; baseline 0.002 -20"><span class='ocrx_word' id='word_1_68' title='bbox 380 1038 435 1089; x_wconf 87' lang='grc' dir='ltr'>δὲ</span> <span class='ocrx_word' id='word_1_69' title='bbox 460 1040 786 1107; x_wconf 75' lang='grc' dir='ltr'><strong>συγκρίσεις</strong></span> <span class='ocrx_word' id='word_1_70' title='bbox 830 1040 939 1091; x_wconf 86' lang='grc' dir='ltr'><strong>τῶν</strong></span> <span class='ocrx_word' id='word_1_71' title='bbox 963 1040 1286 1108; x_wconf 74' lang='grc' dir='ltr'><strong>ὁμοουσίωνο</strong></span> <span class='ocrx_word' id='word_1_72' title='bbox 1319 1041 1421 1093; x_wconf 83' lang='grc' dir='ltr'><strong>οὐκ</strong></span> <span class='ocrx_word' id='word_1_73' title='bbox 1474 1041 1582 1109; x_wconf 78' lang='grc' dir='ltr'><strong>ἄρα</strong></span> <span class='ocrx_word' id='word_1_74' title='bbox 1610 1039 1770 1092; x_wconf 84' lang='grc' dir='ltr'><strong>τοῦτο</strong></span> <span class='ocrx_word' id='word_1_75' title='bbox 1799 1042 1955 1092; x_wconf 80' lang='grc' dir='ltr'><strong>δυνα-</strong></span> 
     </span>
    </p>
   </div>
   <div class='ocr_carea' id='block_1_12' title="bbox 381 1130 1958 1203">
    <p class='ocr_par' dir='ltr' id='par_1_12' title="bbox 381 1130 1958 1203">
     <span class='ocr_line' id='line_1_12' title="bbox 381 1130 1958 1203; baseline 0.002 -22"><span class='ocrx_word' id='word_1_76' title='bbox 381 1133 473 1181; x_wconf 72' lang='grc' dir='ltr'><strong>τὸν</strong></span> <span class='ocrx_word' id='word_1_77' title='bbox 509 1131 650 1183; x_wconf 83' lang='grc' dir='ltr'><strong>κατά</strong></span> <span class='ocrx_word' id='word_1_78' title='bbox 678 1131 738 1182; x_wconf 72' lang='grc' dir='ltr'><strong>τὸ</strong></span> <span class='ocrx_word' id='word_1_79' title='bbox 760 1130 1109 1200; x_wconf 72' lang='grc' dir='ltr'><strong>ἀνθρώπινον</strong></span> <span class='ocrx_word' id='word_1_80' title='bbox 1146 1134 1238 1184; x_wconf 72' lang='grc' dir='ltr'><strong>ἐπὶ</strong></span> <span class='ocrx_word' id='word_1_81' title='bbox 1267 1134 1502 1203; x_wconf 85' lang='grc' dir='ltr'><strong>Χριστὸν</strong></span> <span class='ocrx_word' id='word_1_82' title='bbox 1531 1134 1810 1201; x_wconf 79' lang='grc' dir='ltr'><strong>λέγεσθαι.</strong></span> <span class='ocrx_word' id='word_1_83' title='bbox 1849 1134 1958 1186; x_wconf 82' lang='grc' dir='ltr'><strong>Οὑ-</strong></span> 
     </span>
    </p>
   </div>
   <div class='ocr_carea' id='block_1_13' title="bbox 382 1224 1954 1298">
    <p class='ocr_par' dir='ltr' id='par_1_13' title="bbox 382 1224 1954 1298">
     <span class='ocr_line' id='line_1_13' title="bbox 382 1224 1954 1298; baseline 0.006 -25"><span class='ocrx_word' id='word_1_84' title='bbox 382 1224 513 1274; x_wconf 75' lang='grc' dir='ltr'><strong>κοῦν</strong></span> <span class='ocrx_word' id='word_1_85' title='bbox 544 1224 781 1288; x_wconf 75' lang='grc' dir='ltr'><strong>ἐδίδαξεν</strong></span> <span class='ocrx_word' id='word_1_86' title='bbox 811 1228 958 1295; x_wconf 79' lang='grc' dir='ltr'><strong>ἡμᾶς</strong></span> <span class='ocrx_word' id='word_1_87' title='bbox 1018 1228 1045 1278; x_wconf 93' lang='lat'><strong>6</strong></span> <span class='ocrx_word' id='word_1_88' title='bbox 1072 1228 1265 1297; x_wconf 77' lang='grc' dir='ltr'><strong>Σωτὴρ</strong></span> <span class='ocrx_word' id='word_1_89' title='bbox 1296 1230 1401 1292; x_wconf 85' lang='grc' dir='ltr'><strong>ὅτι,</strong></span> <span class='ocrx_word' id='word_1_90' title='bbox 1439 1227 1631 1297; x_wconf 83' lang='grc' dir='ltr'><strong>ὥσπερ</strong></span> <span class='ocrx_word' id='word_1_91' title='bbox 1660 1231 1686 1281; x_wconf 98' lang='lat'><strong>6</strong></span> <span class='ocrx_word' id='word_1_92' title='bbox 1739 1230 1954 1298; x_wconf 75' lang='grc' dir='ltr'><strong>Πατὴρ,</strong></span> 
     </span>
    </p>
   </div>
   <div class='ocr_carea' id='block_1_14' title="bbox 380 1316 1958 1391">
    <p class='ocr_par' dir='ltr' id='par_1_14' title="bbox 380 1316 1958 1391">
     <span class='ocr_line' id='line_1_14' title="bbox 380 1316 1958 1391; baseline 0.002 -22"><span class='ocrx_word' id='word_1_93' title='bbox 380 1318 510 1377; x_wconf 68' lang='grc' dir='ltr'><strong>Θεὸς</strong></span> <span class='ocrx_word' id='word_1_94' title='bbox 538 1316 636 1380; x_wconf 81' lang='grc' dir='ltr'><strong>ὢν,</strong></span> <span class='ocrx_word' id='word_1_95' title='bbox 660 1319 927 1388; x_wconf 71' lang='grc' dir='ltr'><strong>Θελήματι</strong></span> <span class='ocrx_word' id='word_1_96' title='bbox 952 1323 1078 1383; x_wconf 67' lang='grc' dir='ltr'><strong>τοὺς</strong></span> <span class='ocrx_word' id='word_1_97' title='bbox 1096 1321 1325 1391; x_wconf 79' lang='grc' dir='ltr'><strong>νεκροὺς</strong></span> <span class='ocrx_word' id='word_1_98' title='bbox 1359 1321 1638 1385; x_wconf 76' lang='grc' dir='ltr'><strong>ζωοποιεϊ,</strong></span> <span class='ocrx_word' id='word_1_99' title='bbox 1689 1321 1832 1375; x_wconf 77' lang='grc' dir='ltr'><strong>οὕτω</strong></span> <span class='ocrx_word' id='word_1_100' title='bbox 1864 1321 1958 1373; x_wconf 77' lang='grc' dir='ltr'><strong>καὶ</strong></span> 
     </span>
    </p>
   </div>
   <div class='ocr_carea' id='block_1_15' title="bbox 382 1410 1960 1482">
    <p class='ocr_par' dir='ltr' id='par_1_15' title="bbox 382 1410 1960 1482">
     <span class='ocr_line' id='line_1_15' title="bbox 382 1410 1960 1482; baseline 0.004 -22"><span class='ocrx_word' id='word_1_101' title='bbox 382 1410 566 1474; x_wconf 74' lang='grc' dir='ltr'><strong>αὐτὸς,</strong></span> <span class='ocrx_word' id='word_1_102' title='bbox 598 1411 888 1479; x_wconf 75' lang='grc' dir='ltr'><strong>ὁμοούσιος</strong></span> <span class='ocrx_word' id='word_1_103' title='bbox 932 1411 1007 1463; x_wconf 85' lang='grc' dir='ltr'><strong>ῶν</strong></span> <span class='ocrx_word' id='word_1_104' title='bbox 1053 1412 1131 1477; x_wconf 76' lang='grc' dir='ltr'><strong>τῷ</strong></span> <span class='ocrx_word' id='word_1_105' title='bbox 1163 1412 1339 1480; x_wconf 77' lang='grc' dir='ltr'><strong>Πατρὶ</strong></span> <span class='ocrx_word' id='word_1_106' title='bbox 1376 1415 1471 1465; x_wconf 76' lang='grc' dir='ltr'><strong>καὶ</strong></span> <span class='ocrx_word' id='word_1_107' title='bbox 1524 1413 1812 1482; x_wconf 59' lang='grc' dir='ltr'><strong>ὁμοθεὶὴς,</strong></span> <span class='ocrx_word' id='word_1_108' title='bbox 1866 1414 1960 1477; x_wconf 84' lang='grc' dir='ltr'><strong>οὓς</strong></span> 
     </span>
    </p>
   </div>
   <div class='ocr_carea' id='block_1_16' title="bbox 382 1498 1957 1569">
    <p class='ocr_par' dir='ltr' id='par_1_16' title="bbox 382 1498 1957 1569">
     <span class='ocr_line' id='line_1_16' title="bbox 382 1498 1957 1569; baseline 0.004 -20"><span class='ocrx_word' id='word_1_109' title='bbox 382 1498 526 1550; x_wconf 78' lang='grc' dir='ltr'><strong>θέλει</strong></span> <span class='ocrx_word' id='word_1_110' title='bbox 552 1500 826 1563; x_wconf 76' lang='grc' dir='ltr'><strong>ζωοποιεῖ.</strong></span> <span class='ocrx_word' id='word_1_111' title='bbox 864 1500 1051 1554; x_wconf 79' lang='grc' dir='ltr'><strong>Ταῦτα</strong></span> <span class='ocrx_word' id='word_1_112' title='bbox 1078 1501 1188 1553; x_wconf 82' lang='grc' dir='ltr'><strong>τῶν</strong></span> <span class='ocrx_word' id='word_1_113' title='bbox 1218 1503 1646 1569; x_wconf 81' lang='grc' dir='ltr'><strong>εὐαγγελιστῶν,</strong></span> <span class='ocrx_word' id='word_1_114' title='bbox 1683 1504 1778 1556; x_wconf 76' lang='grc' dir='ltr'><strong>καὶ</strong></span> <span class='ocrx_word' id='word_1_115' title='bbox 1820 1506 1957 1557; x_wconf 80' lang='grc' dir='ltr'><strong>ἀπο-</strong></span> 
     </span>
    </p>
   </div>
   <div class='ocr_carea' id='block_1_17' title="bbox 384 1593 1956 1665">
    <p class='ocr_par' dir='ltr' id='par_1_17' title="bbox 384 1593 1956 1665">
     <span class='ocr_line' id='line_1_17' title="bbox 384 1593 1956 1665; baseline 0.003 -22"><span class='ocrx_word' id='word_1_116' title='bbox 384 1593 607 1658; x_wconf 75' lang='grc' dir='ltr'><strong>στόλων,</strong></span> <span class='ocrx_word' id='word_1_117' title='bbox 633 1595 725 1646; x_wconf 74' lang='grc' dir='ltr'><strong>καὶ</strong></span> <span class='ocrx_word' id='word_1_118' title='bbox 756 1595 1052 1662; x_wconf 76' lang='grc' dir='ltr'><strong>προφητῶν</strong></span> <span class='ocrx_word' id='word_1_119' title='bbox 1104 1595 1171 1646; x_wconf 67' lang='grc' dir='ltr'><strong>τὰ</strong></span> <span class='ocrx_word' id='word_1_120' title='bbox 1217 1594 1485 1662; x_wconf 68' lang='grc' dir='ltr'><strong>ὂὸγματα.</strong></span> <span class='ocrx_word' id='word_1_121' title='bbox 1536 1595 1633 1653; x_wconf 77' lang='grc' dir='ltr'><strong>Τίς</strong></span> <span class='ocrx_word' id='word_1_122' title='bbox 1664 1594 1756 1647; x_wconf 78' lang='grc' dir='ltr'><strong>οὖν</strong></span> <span class='ocrx_word' id='word_1_123' title='bbox 1816 1596 1956 1665; x_wconf 82' lang='grc' dir='ltr'><strong>ὑπὲρ</strong></span> 
     </span>
    </p>
   </div>
   <div class='ocr_carea' id='block_1_18' title="bbox 383 1685 1959 1755">
    <p class='ocr_par' dir='ltr' id='par_1_18' title="bbox 383 1685 1959 1755">
     <span class='ocr_line' id='line_1_18' title="bbox 383 1685 1959 1755; baseline 0.002 -20"><span class='ocrx_word' id='word_1_124' title='bbox 383 1685 563 1737; x_wconf 68' lang='grc' dir='ltr'><strong>ταῦτα</strong></span> <span class='ocrx_word' id='word_1_125' title='bbox 596 1685 799 1752; x_wconf 76' lang='grc' dir='ltr'><strong>μείζων</strong></span> <span class='ocrx_word' id='word_1_126' title='bbox 827 1687 1102 1753; x_wconf 69' lang='grc' dir='ltr'><strong>ἀπόδειξις</strong></span> <span class='ocrx_word' id='word_1_127' title='bbox 1145 1688 1273 1753; x_wconf 75' lang='grc' dir='ltr'><strong>περὶ</strong></span> <span class='ocrx_word' id='word_1_128' title='bbox 1305 1688 1399 1739; x_wconf 75' lang='grc' dir='ltr'><strong>τοῦ</strong></span> <span class='ocrx_word' id='word_1_129' title='bbox 1453 1686 1617 1753; x_wconf 83' lang='grc' dir='ltr'><strong>φύσει</strong></span> <span class='ocrx_word' id='word_1_130' title='bbox 1669 1687 1959 1755; x_wconf 74' lang='grc' dir='ltr'><strong>οελητικδν</strong></span> 
     </span>
    </p>
   </div>
   <div class='ocr_carea' id='block_1_19' title="bbox 384 1771 1957 1842">
    <p class='ocr_par' dir='ltr' id='par_1_19' title="bbox 384 1771 1957 1842">
     <span class='ocr_line' id='line_1_19' title="bbox 384 1771 1957 1842; baseline 0 -16"><span class='ocrx_word' id='word_1_131' title='bbox 384 1771 521 1826; x_wconf 74' lang='grc' dir='ltr'><strong>εἶναι</strong></span> <span class='ocrx_word' id='word_1_132' title='bbox 558 1777 647 1826; x_wconf 67' lang='grc' dir='ltr'><strong>τὸν</strong></span> <span class='ocrx_word' id='word_1_133' title='bbox 703 1776 871 1827; x_wconf 69' lang='grc' dir='ltr'><strong>αὐτὸν</strong></span> <span class='ocrx_word' id='word_1_134' title='bbox 919 1778 1014 1829; x_wconf 88' lang='grc' dir='ltr'>καί</span> <span class='ocrx_word' id='word_1_135' title='bbox 1061 1777 1186 1829; x_wconf 83' lang='grc' dir='ltr'><strong>καθ’</strong></span> <span class='ocrx_word' id='word_1_136' title='bbox 1219 1778 1248 1829; x_wconf 84' lang='grc' dir='ltr'><strong>ὃ</strong></span> <span class='ocrx_word' id='word_1_137' title='bbox 1290 1778 1422 1839; x_wconf 75' lang='grc' dir='ltr'><strong>Θεός</strong></span> <span class='ocrx_word' id='word_1_138' title='bbox 1455 1779 1593 1842; x_wconf 82' lang='grc' dir='ltr'><strong>ἐστι,</strong></span> <span class='ocrx_word' id='word_1_139' title='bbox 1635 1779 1729 1829; x_wconf 75' lang='grc' dir='ltr'><strong>καὶ</strong></span> <span class='ocrx_word' id='word_1_140' title='bbox 1780 1774 1904 1829; x_wconf 74' lang='grc' dir='ltr'><strong>καθ’</strong></span> <span class='ocrx_word' id='word_1_141' title='bbox 1930 1775 1957 1826; x_wconf 80' lang='grc'>5</span> 
     </span>
    </p>
   </div>
   <div class='ocr_carea' id='block_1_20' title="bbox 384 1866 702 1934">
    <p class='ocr_par' dir='ltr' id='par_1_20' title="bbox 384 1866 702 1934">
     <span class='ocr_line' id='line_1_20' title="bbox 384 1866 702 1934; baseline -0.003 -16"><span class='ocrx_word' id='word_1_142' title='bbox 384 1866 476 1918; x_wconf 68' lang='lat' dir='ltr'><strong>ivli</strong></span> <span class='ocrx_word' id='word_1_143' title='bbox 486 1883 666 1934; x_wconf 77' lang='grc' dir='ltr'><strong>ρωπος</strong></span> <span class='ocrx_word' id='word_1_144' title='bbox 689 1884 702 1932; x_wconf 90' lang='grc'>;</span> 
     </span>
    </p>
   </div>
   <div class='ocr_carea' id='block_1_21' title="bbox 394 1979 1959 2050">
    <p class='ocr_par' dir='ltr' id='par_1_21' title="bbox 394 1979 1959 2050">
     <span class='ocr_line' id='line_1_21' title="bbox 394 1979 1959 2050; baseline 0.003 -20"><span class='ocrx_word' id='word_1_145' title='bbox 394 1982 494 2034; x_wconf 74' lang='grc' dir='ltr'><strong>Ἐκ</strong></span> <span class='ocrx_word' id='word_1_146' title='bbox 530 1979 634 2031; x_wconf 75' lang='grc' dir='ltr'><strong>τοῦ</strong></span> <span class='ocrx_word' id='word_1_147' title='bbox 670 1980 810 2032; x_wconf 76' lang='grc' dir='ltr'><strong>ἴσου</strong></span> <span class='ocrx_word' id='word_1_148' title='bbox 838 1979 948 2048; x_wconf 76' lang='grc' dir='ltr'><strong>τῆς</strong></span> <span class='ocrx_word' id='word_1_149' title='bbox 979 1983 1128 2048; x_wconf 75' lang='grc' dir='ltr'><strong>πρὸς</strong></span> <span class='ocrx_word' id='word_1_150' title='bbox 1166 1982 1506 2050; x_wconf 70' lang='grc' dir='ltr'><strong>Νίκανδρον</strong></span> <span class='ocrx_word' id='word_1_151' title='bbox 1541 1983 1649 2035; x_wconf 82' lang='grc' dir='ltr'><strong>τὸν</strong></span> <span class='ocrx_word' id='word_1_152' title='bbox 1706 1982 1959 2035; x_wconf 68' lang='grc' dir='ltr'><strong>ἐπίσκο-</strong></span> 
     </span>
    </p>
   </div>
   <div class='ocr_carea' id='block_1_22' title="bbox 904 2051 1427 2118">
    <p class='ocr_par' dir='ltr' id='par_1_22' title="bbox 904 2051 1427 2118">
     <span class='ocr_line' id='line_1_22' title="bbox 904 2051 1427 2118; baseline -0.002 -13"><span class='ocrx_word' id='word_1_153' title='bbox 904 2069 1021 2105; x_wconf 62' lang='grc' dir='ltr'><strong>πον</strong></span> <span class='ocrx_word' id='word_1_154' title='bbox 1072 2051 1427 2118; x_wconf 68' lang='grc' dir='ltr'><strong>ἐπιστολῆς.</strong></span> 
     </span>
    </p>
   </div>
   <div class='ocr_carea' id='block_1_23' title="bbox 455 2143 1964 2216">
    <p class='ocr_par' dir='ltr' id='par_1_23' title="bbox 455 2143 1964 2216">
     <span class='ocr_line' id='line_1_23' title="bbox 455 2143 1964 2216; baseline -0.002 -18"><span class='ocrx_word' id='word_1_155' title='bbox 455 2146 580 2207; x_wconf 82' lang='grc' dir='ltr'><strong>Πῶς</strong></span> <span class='ocrx_word' id='word_1_156' title='bbox 633 2147 760 2216; x_wconf 81' lang='grc' dir='ltr'><strong>μίαν</strong></span> <span class='ocrx_word' id='word_1_157' title='bbox 824 2146 1011 2205; x_wconf 71' lang='grc' dir='ltr'><strong>ἁπλῶς</strong></span> <span class='ocrx_word' id='word_1_158' title='bbox 1067 2145 1161 2195; x_wconf 77' lang='grc' dir='ltr'><strong>ἐπὶ</strong></span> <span class='ocrx_word' id='word_1_159' title='bbox 1224 2143 1473 2211; x_wconf 76' lang='grc' dir='ltr'><strong>Χριστοῦ</strong></span> <span class='ocrx_word' id='word_1_160' title='bbox 1530 2144 1626 2195; x_wconf 77' lang='grc' dir='ltr'><strong>τοῦ</strong></span> <span class='ocrx_word' id='word_1_161' title='bbox 1684 2143 1821 2195; x_wconf 79' lang='grc' dir='ltr'><strong>Θεοῦ</strong></span> <span class='ocrx_word' id='word_1_162' title='bbox 1881 2160 1964 2195; x_wconf 79' lang='grc' dir='ltr'><strong>τι·</strong></span> 
     </span>
    </p>
   </div>
   <div class='ocr_carea' id='block_1_24' title="bbox 387 2236 1964 2307">
    <p class='ocr_par' dir='ltr' id='par_1_24' title="bbox 387 2236 1964 2307">
     <span class='ocr_line' id='line_1_24' title="bbox 387 2236 1964 2307; baseline -0.002 -17"><span class='ocrx_word' id='word_1_163' title='bbox 387 2242 470 2300; x_wconf 80' lang='grc' dir='ltr'><strong>νές</strong></span> <span class='ocrx_word' id='word_1_164' title='bbox 520 2256 652 2306; x_wconf 71' lang='grc' dir='ltr'><strong>φατι</strong></span> <span class='ocrx_word' id='word_1_165' title='bbox 679 2240 778 2307; x_wconf 76' lang='grc' dir='ltr'><strong>τὴν</strong></span> <span class='ocrx_word' id='word_1_166' title='bbox 814 2238 1145 2307; x_wconf 68' lang='grc' dir='ltr'><strong>ἐνέργειανς</strong></span> <span class='ocrx_word' id='word_1_167' title='bbox 1225 2237 1470 2302; x_wconf 80' lang='grc' dir='ltr'><strong>Ἀνάγκη</strong></span> <span class='ocrx_word' id='word_1_168' title='bbox 1506 2237 1613 2305; x_wconf 77' lang='grc' dir='ltr'><strong>γὰρ</strong></span> <span class='ocrx_word' id='word_1_169' title='bbox 1650 2236 1681 2303; x_wconf 86' lang='grc' dir='ltr'><strong>ἦ</strong></span> <span class='ocrx_word' id='word_1_170' title='bbox 1726 2236 1835 2288; x_wconf 89' lang='grc' dir='ltr'><strong>τῶν</strong></span> <span class='ocrx_word' id='word_1_171' title='bbox 1867 2236 1964 2288; x_wconf 73' lang='grc' dir='ltr'><strong>αὖ·</strong></span> 
     </span>
    </p>
   </div>
   <div class='ocr_carea' id='block_1_25' title="bbox 388 2328 1965 2400">
    <p class='ocr_par' dir='ltr' id='par_1_25' title="bbox 388 2328 1965 2400">
     <span class='ocr_line' id='line_1_25' title="bbox 388 2328 1965 2400; baseline -0.001 -19"><span class='ocrx_word' id='word_1_172' title='bbox 388 2332 473 2383; x_wconf 74' lang='grc' dir='ltr'><strong>τοῦ</strong></span> <span class='ocrx_word' id='word_1_173' title='bbox 508 2332 713 2398; x_wconf 74' lang='grc' dir='ltr'><strong>ταύτην</strong></span> <span class='ocrx_word' id='word_1_174' title='bbox 763 2331 1039 2400; x_wconf 65' lang='grc' dir='ltr'><strong>ὕπᾶρχειν</strong></span> <span class='ocrx_word' id='word_1_175' title='bbox 1106 2328 1312 2400; x_wconf 81' lang='grc' dir='ltr'><strong>μερῶν,</strong></span> <span class='ocrx_word' id='word_1_176' title='bbox 1343 2329 1374 2397; x_wconf 82' lang='grc' dir='ltr'>ἢ</span> <span class='ocrx_word' id='word_1_177' title='bbox 1408 2328 1573 2380; x_wconf 72' lang='grc' dir='ltr'><strong>αὑτοῦ</strong></span> <span class='ocrx_word' id='word_1_178' title='bbox 1611 2330 1831 2391; x_wconf 72' lang='grc' dir='ltr'><strong>πάντως</strong></span> <span class='ocrx_word' id='word_1_179' title='bbox 1888 2329 1965 2390; x_wconf 81' lang='grc' dir='ltr'><strong>ὡς</strong></span> 
     </span>
    </p>
   </div>
   <div class='ocr_carea' id='block_1_26' title="bbox 383 2421 1961 2492">
    <p class='ocr_par' dir='ltr' id='par_1_26' title="bbox 383 2421 1961 2492">
     <span class='ocr_line' id='line_1_26' title="bbox 383 2421 1961 2492; baseline -0.004 -13"><span class='ocrx_word' id='word_1_180' title='bbox 383 2425 523 2480; x_wconf 75' lang='grc' dir='ltr'><strong>ὅλου.</strong></span> <span class='ocrx_word' id='word_1_181' title='bbox 552 2426 565 2445; x_wconf 80' lang='grc'>’</span> <span class='ocrx_word' id='word_1_182' title='bbox 600 2424 722 2476; x_wconf 73' lang='grc' dir='ltr'>Αλλ⁸</span> <span class='ocrx_word' id='word_1_183' title='bbox 750 2425 798 2476; x_wconf 88' lang='grc' dir='ltr'><strong>εί</strong></span> <span class='ocrx_word' id='word_1_184' title='bbox 834 2427 933 2492; x_wconf 75' lang='grc' dir='ltr'><strong>μὲν</strong></span> <span class='ocrx_word' id='word_1_185' title='bbox 991 2422 1098 2475; x_wconf 85' lang='grc' dir='ltr'><strong>τῶν</strong></span> <span class='ocrx_word' id='word_1_186' title='bbox 1133 2421 1341 2490; x_wconf 82' lang='grc' dir='ltr'>μερῶν,</span> <span class='ocrx_word' id='word_1_187' title='bbox 1379 2421 1777 2491; x_wconf 69' lang='grc' dir='ltr'><strong>μερισοήσετκι</strong></span> <span class='ocrx_word' id='word_1_188' title='bbox 1818 2422 1961 2490; x_wconf 77' lang='grc' dir='ltr'><strong>πρδς</strong></span> 
     </span>
    </p>
   </div>
   <div class='ocr_carea' id='block_1_27' title="bbox 386 2508 1961 2588">
    <p class='ocr_par' dir='ltr' id='par_1_27' title="bbox 386 2508 1961 2588">
     <span class='ocr_line' id='line_1_27' title="bbox 386 2508 1961 2588; baseline -0.009 -17"><span class='ocrx_word' id='word_1_189' title='bbox 386 2522 549 2588; x_wconf 58' lang='grc' dir='ltr'><strong>ἄμξω</strong></span> <span class='ocrx_word' id='word_1_190' title='bbox 586 2516 787 2587; x_wconf 74' lang='grc' dir='ltr'><strong>δηλαδὴ</strong></span> <span class='ocrx_word' id='word_1_191' title='bbox 825 2514 1161 2583; x_wconf 77' lang='grc' dir='ltr'><strong>τεμνομένη·</strong></span> <span class='ocrx_word' id='word_1_192' title='bbox 1223 2510 1384 2563; x_wconf 81' lang='grc' dir='ltr'><strong>τοῦτο</strong></span> <span class='ocrx_word' id='word_1_193' title='bbox 1432 2510 1488 2561; x_wconf 83' lang='grc' dir='ltr'><strong>δὲ</strong></span> <span class='ocrx_word' id='word_1_194' title='bbox 1529 2510 1835 2575; x_wconf 73' lang='grc' dir='ltr'><strong>πάσχουσα,</strong></span> <span class='ocrx_word' id='word_1_195' title='bbox 1870 2508 1961 2557; x_wconf 75' lang='grc' dir='ltr'><strong>λυ-</strong></span> 
     </span>
    </p>
   </div>
   <div class='ocr_carea' id='block_1_28' title="bbox 388 2596 1963 2674">
    <p class='ocr_par' dir='ltr' id='par_1_28' title="bbox 388 2596 1963 2674">
     <span class='ocr_line' id='line_1_28' title="bbox 388 2596 1963 2674; baseline -0.008 -18"><span class='ocrx_word' id='word_1_196' title='bbox 388 2606 610 2674; x_wconf 58' lang='grc' dir='ltr'><strong>ῧιζσεται</strong></span> <span class='ocrx_word' id='word_1_197' title='bbox 663 2604 902 2663; x_wconf 73' lang='grc' dir='ltr'><strong>πάντως,</strong></span> <span class='ocrx_word' id='word_1_198' title='bbox 958 2600 1050 2651; x_wconf 74' lang='grc' dir='ltr'><strong>καὶ</strong></span> <span class='ocrx_word' id='word_1_199' title='bbox 1109 2598 1449 2652; x_wconf 74' lang='grc' dir='ltr'><strong>συνδιαλὺσει</strong></span> <span class='ocrx_word' id='word_1_200' title='bbox 1508 2597 1576 2647; x_wconf 70' lang='grc' dir='ltr'><strong>τὰ</strong></span> <span class='ocrx_word' id='word_1_201' title='bbox 1632 2597 1750 2647; x_wconf 80' lang='grc' dir='ltr'><strong>κατ’</strong></span> <span class='ocrx_word' id='word_1_202' title='bbox 1794 2596 1963 2662; x_wconf 73' lang='grc' dir='ltr'><strong>αὐτὴν</strong></span> 
     </span>
    </p>
   </div>
   <div class='ocr_carea' id='block_1_29' title="bbox 391 2686 1962 2765">
    <p class='ocr_par' dir='ltr' id='par_1_29' title="bbox 391 2686 1962 2765">
     <span class='ocr_line' id='line_1_29' title="bbox 391 2686 1962 2765; baseline -0.004 -21"><span class='ocrx_word' id='word_1_203' title='bbox 391 2693 659 2765; x_wconf 65' lang='grc' dir='ltr'><strong>ἡνωμένα.</strong></span> <span class='ocrx_word' id='word_1_204' title='bbox 692 2695 753 2745; x_wconf 77' lang='grc' dir='ltr'><strong>Εἰ</strong></span> <span class='ocrx_word' id='word_1_205' title='bbox 792 2694 847 2745; x_wconf 84' lang='grc' dir='ltr'><strong>δὲ</strong></span> <span class='ocrx_word' id='word_1_206' title='bbox 897 2692 990 2743; x_wconf 73' lang='grc' dir='ltr'><strong>τοῦ</strong></span> <span class='ocrx_word' id='word_1_207' title='bbox 1017 2691 1160 2751; x_wconf 78' lang='grc' dir='ltr'><strong>ὅλου,</strong></span> <span class='ocrx_word' id='word_1_208' title='bbox 1196 2689 1305 2741; x_wconf 86' lang='grc' dir='ltr'><strong>τῶν</strong></span> <span class='ocrx_word' id='word_1_209' title='bbox 1346 2688 1606 2741; x_wconf 72' lang='grc' dir='ltr'><strong>ἐναντίων</strong></span> <span class='ocrx_word' id='word_1_210' title='bbox 1642 2687 1795 2738; x_wconf 75' lang='grc' dir='ltr'><strong>ἔσται</strong></span> <span class='ocrx_word' id='word_1_211' title='bbox 1843 2686 1962 2737; x_wconf 80' lang='grc' dir='ltr'><strong>δεκ-</strong></span> 
     </span>
    </p>
   </div>
   <div class='ocr_carea' id='block_1_30' title="bbox 389 2776 1961 2854">
    <p class='ocr_par' dir='ltr' id='par_1_30' title="bbox 389 2776 1961 2854">
     <span class='ocr_line' id='line_1_30' title="bbox 389 2776 1961 2854; baseline -0.006 -17"><span class='ocrx_word' id='word_1_212' title='bbox 389 2785 537 2853; x_wconf 83' lang='grc' dir='ltr'><strong>τικὴ,</strong></span> <span class='ocrx_word' id='word_1_213' title='bbox 572 2784 741 2854; x_wconf 81' lang='grc' dir='ltr'><strong>Ονητὴ</strong></span> <span class='ocrx_word' id='word_1_214' title='bbox 773 2783 865 2835; x_wconf 65' lang='grc' dir='ltr'><strong>καὶ</strong></span> <span class='ocrx_word' id='word_1_215' title='bbox 895 2782 1163 2843; x_wconf 72' lang='grc' dir='ltr'><strong>ἀθάνατος</strong></span> <span class='ocrx_word' id='word_1_216' title='bbox 1196 2776 1353 2842; x_wconf 77' lang='grc' dir='ltr'><strong>οὖσα,</strong></span> <span class='ocrx_word' id='word_1_217' title='bbox 1412 2781 1607 2847; x_wconf 82' lang='grc' dir='ltr'><strong>κτιστὴ</strong></span> <span class='ocrx_word' id='word_1_218' title='bbox 1657 2779 1749 2830; x_wconf 75' lang='grc' dir='ltr'><strong>καὶ</strong></span> <span class='ocrx_word' id='word_1_219' title='bbox 1803 2777 1961 2830; x_wconf 84' lang='grc' dir='ltr'><strong>ἄκτι-</strong></span> 
     </span>
    </p>
   </div>
   <div class='ocr_carea' id='block_1_31' title="bbox 390 2868 1959 2944">
    <p class='ocr_par' dir='ltr' id='par_1_31' title="bbox 390 2868 1959 2944">
     <span class='ocr_line' id='line_1_31' title="bbox 390 2868 1959 2944; baseline -0.006 -17"><span class='ocrx_word' id='word_1_220' title='bbox 390 2893 532 2938; x_wconf 77' lang='grc' dir='ltr'><strong>στος,</strong></span> <span class='ocrx_word' id='word_1_221' title='bbox 572 2874 924 2944; x_wconf 80' lang='grc' dir='ltr'><strong>περιγραπτὴ</strong></span> <span class='ocrx_word' id='word_1_222' title='bbox 952 2874 1044 2924; x_wconf 76' lang='grc' dir='ltr'><strong>καὶ</strong></span> <span class='ocrx_word' id='word_1_223' title='bbox 1088 2872 1489 2942; x_wconf 65' lang='grc' dir='ltr'><strong>ἀπερίγραφος.</strong></span> <span class='ocrx_word' id='word_1_224' title='bbox 1548 2871 1654 2921; x_wconf 73' lang='grc' dir='ltr'><strong>Καὶ</strong></span> <span class='ocrx_word' id='word_1_225' title='bbox 1693 2870 1742 2919; x_wconf 82' lang='grc' dir='ltr'><strong>εἰ</strong></span> <span class='ocrx_word' id='word_1_226' title='bbox 1780 2868 1959 2930; x_wconf 74' lang='grc' dir='ltr'><strong>τοῦτο,</strong></span> 
     </span>
    </p>
   </div>
   <div class='ocr_carea' id='block_1_32' title="bbox 389 2954 1966 3032">
    <p class='ocr_par' dir='ltr' id='par_1_32' title="bbox 389 2954 1966 3032">
     <span class='ocr_line' id='line_1_32' title="bbox 389 2954 1966 3032; baseline -0.005 -16"><span class='ocrx_word' id='word_1_227' title='bbox 389 2965 508 3017; x_wconf 78' lang='grc' dir='ltr'><strong>καθ’</strong></span> <span class='ocrx_word' id='word_1_228' title='bbox 563 2963 675 3028; x_wconf 76' lang='grc' dir='ltr'><strong>’ἐξιν</strong></span> <span class='ocrx_word' id='word_1_229' title='bbox 732 2964 826 3015; x_wconf 74' lang='grc' dir='ltr'><strong>καὶ</strong></span> <span class='ocrx_word' id='word_1_230' title='bbox 876 2961 1132 3032; x_wconf 70' lang='grc' dir='ltr'><strong>στέρησιν</strong></span> <span class='ocrx_word' id='word_1_231' title='bbox 1182 2957 1346 3013; x_wconf 75' lang='grc' dir='ltr'><strong>οὖσαν</strong></span> <span class='ocrx_word' id='word_1_232' title='bbox 1404 2961 1497 3010; x_wconf 71' lang='grc' dir='ltr'><strong>καὶ</strong></span> <span class='ocrx_word' id='word_1_233' title='bbox 1550 2958 1623 3027; x_wconf 85' lang='grc' dir='ltr'><strong>μὴ</strong></span> <span class='ocrx_word' id='word_1_234' title='bbox 1671 2954 1836 3009; x_wconf 75' lang='grc' dir='ltr'><strong>οὖσαν</strong></span> <span class='ocrx_word' id='word_1_235' title='bbox 1868 2957 1966 3026; x_wconf 83' lang='grc' dir='ltr'><strong>τὴν</strong></span> 
     </span>
    </p>
   </div>
   <div class='ocr_carea' id='block_1_33' title="bbox 388 3048 1965 3123">
    <p class='ocr_par' dir='ltr' id='par_1_33' title="bbox 388 3048 1965 3123">
     <span class='ocr_line' id='line_1_33' title="bbox 388 3048 1965 3123; baseline -0.006 -16"><span class='ocrx_word' id='word_1_236' title='bbox 388 3056 593 3108; x_wconf 68' lang='grc' dir='ltr'><strong>οἰκείαν</strong></span> <span class='ocrx_word' id='word_1_237' title='bbox 626 3056 654 3105; x_wconf 93' lang='lat'><strong>6</strong></span> <span class='ocrx_word' id='word_1_238' title='bbox 683 3054 918 3123; x_wconf 76' lang='grc' dir='ltr'><strong>Χριστὸς</strong></span> <span class='ocrx_word' id='word_1_239' title='bbox 948 3049 1091 3122; x_wconf 83' lang='grc' dir='ltr'><strong>εἶχεν</strong></span> <span class='ocrx_word' id='word_1_240' title='bbox 1121 3052 1408 3122; x_wconf 74' lang='grc' dir='ltr'><strong>ἐνέργειαν</strong></span> <span class='ocrx_word' id='word_1_241' title='bbox 1435 3066 1449 3081; x_wconf 72' lang='grc' dir='ltr'><strong><em>ο</em></strong></span> <span class='ocrx_word' id='word_1_242' title='bbox 1485 3049 1552 3101; x_wconf 83' lang='grc' dir='ltr'><strong>δι’</strong></span> <span class='ocrx_word' id='word_1_243' title='bbox 1580 3049 1667 3118; x_wconf 76' lang='grc' dir='ltr'><strong>ἣν,</strong></span> <span class='ocrx_word' id='word_1_244' title='bbox 1715 3049 1788 3111; x_wconf 84' lang='grc' dir='ltr'><strong>ὡς</strong></span> <span class='ocrx_word' id='word_1_245' title='bbox 1843 3048 1965 3100; x_wconf 81' lang='grc' dir='ltr'><strong>κατ’</strong></span> 
     </span>
    </p>
   </div>
   <div class='ocr_carea' id='block_1_34' title="bbox 387 3132 2036 3212">
    <p class='ocr_par' dir='ltr' id='par_1_34' title="bbox 387 3132 2036 3212">
     <span class='ocr_line' id='line_1_34' title="bbox 387 3132 2036 3212; baseline -0.005 -18"><span class='ocrx_word' id='word_1_246' title='bbox 387 3144 557 3212; x_wconf 81' lang='grc' dir='ltr'><strong>αὐτὴν</strong></span> <span class='ocrx_word' id='word_1_247' title='bbox 588 3143 881 3212; x_wconf 63' lang='grc' dir='ltr'><strong>προσφυῶς</strong></span> <span class='ocrx_word' id='word_1_248' title='bbox 939 3142 1202 3212; x_wconf 82' lang='grc' dir='ltr'><strong>ἐνεργῶν,</strong></span> <span class='ocrx_word' id='word_1_249' title='bbox 1248 3141 1355 3193; x_wconf 86' lang='grc' dir='ltr'><strong>τῶν</strong></span> <span class='ocrx_word' id='word_1_250' title='bbox 1409 3139 1670 3193; x_wconf 66' lang='grc' dir='ltr'><strong>ἐναντίων</strong></span> <span class='ocrx_word' id='word_1_251' title='bbox 1718 3139 1857 3191; x_wconf 72' lang='grc' dir='ltr'><strong>κατὰ</strong></span> <span class='ocrx_word' id='word_1_252' title='bbox 1905 3138 1967 3189; x_wconf 83' lang='grc' dir='ltr'><strong>τὸ</strong></span> <span class='ocrx_word' id='word_1_253' title='bbox 1996 3132 2036 3185; x_wconf 89' lang='lat' dir='ltr'><strong>C</strong></span> 
     </span>
    </p>
   </div>
   <div class='ocr_carea' id='block_1_35' title="bbox 388 3225 1968 3295">
    <p class='ocr_par' dir='ltr' id='par_1_35' title="bbox 388 3225 1968 3295">
     <span class='ocr_line' id='line_1_35' title="bbox 388 3225 1968 3295; baseline -0.004 -8"><span class='ocrx_word' id='word_1_254' title='bbox 388 3236 519 3287; x_wconf 74' lang='grc' dir='ltr'><strong>αὐτὸ</strong></span> <span class='ocrx_word' id='word_1_255' title='bbox 544 3234 824 3295; x_wconf 75' lang='grc' dir='ltr'><strong>δεκτικὸς·</strong></span> <span class='ocrx_word' id='word_1_256' title='bbox 863 3233 977 3287; x_wconf 84' lang='grc' dir='ltr'><strong>ἀλλ’</strong></span> <span class='ocrx_word' id='word_1_257' title='bbox 1034 3233 1094 3285; x_wconf 83' lang='grc' dir='ltr'><strong>οὑ</strong></span> <span class='ocrx_word' id='word_1_258' title='bbox 1148 3233 1268 3285; x_wconf 71' lang='grc' dir='ltr'><strong>κατ’</strong></span> <span class='ocrx_word' id='word_1_259' title='bbox 1298 3232 1426 3285; x_wconf 83' lang='grc' dir='ltr'><strong>ἄλλο</strong></span> <span class='ocrx_word' id='word_1_260' title='bbox 1475 3233 1569 3283; x_wconf 77' lang='grc' dir='ltr'><strong>καὶ</strong></span> <span class='ocrx_word' id='word_1_261' title='bbox 1613 3230 1741 3283; x_wconf 83' lang='grc' dir='ltr'><strong>ἄλλο</strong></span> <span class='ocrx_word' id='word_1_262' title='bbox 1766 3246 1780 3260; x_wconf 73' lang='grc' dir='ltr'><strong>ο</strong></span> <span class='ocrx_word' id='word_1_263' title='bbox 1830 3225 1891 3282; x_wconf 79' lang='grc' dir='ltr'><strong>οὗ</strong></span> <span class='ocrx_word' id='word_1_264' title='bbox 1916 3229 1968 3281; x_wconf 88' lang='grc' dir='ltr'><strong>τί</strong></span> 
     </span>
    </p>
   </div>
   <div class='ocr_carea' id='block_1_36' title="bbox 389 3327 843 3397">
    <p class='ocr_par' dir='ltr' id='par_1_36' title="bbox 389 3327 843 3397">
     <span class='ocr_line' id='line_1_36' title="bbox 389 3327 843 3397; baseline -0.002 -19"><span class='ocrx_word' id='word_1_265' title='bbox 389 3327 843 3397; x_wconf 66' lang='grc' dir='ltr'><strong>δυσσεϐέστερον;</strong></span> 
     </span>
    </p>
   </div>
   <div class='ocr_carea' id='block_1_37' title="bbox 460 3582 1965 3659">
    <p class='ocr_par' dir='ltr' id='par_1_37' title="bbox 460 3582 1965 3659">
     <span class='ocr_line' id='line_1_37' title="bbox 460 3582 1965 3659; baseline -0.006 -16"><span class='ocrx_word' id='word_1_266' title='bbox 460 3591 535 3643; x_wconf 83' lang='lat' dir='ltr'>T6</span> <span class='ocrx_word' id='word_1_267' title='bbox 562 3588 693 3641; x_wconf 72' lang='grc' dir='ltr'><strong>αὐτὸ</strong></span> <span class='ocrx_word' id='word_1_268' title='bbox 719 3588 772 3640; x_wconf 71' lang='grc' dir='ltr'><strong>δὲ</strong></span> <span class='ocrx_word' id='word_1_269' title='bbox 807 3589 901 3641; x_wconf 69' lang='grc' dir='ltr'><strong>καὶ</strong></span> <span class='ocrx_word' id='word_1_270' title='bbox 934 3589 1062 3659; x_wconf 78' lang='grc' dir='ltr'><strong>περὶ</strong></span> <span class='ocrx_word' id='word_1_271' title='bbox 1096 3586 1400 3657; x_wconf 86' lang='grc' dir='ltr'><strong>Θελήματος</strong></span> <span class='ocrx_word' id='word_1_272' title='bbox 1441 3584 1588 3637; x_wconf 79' lang='grc' dir='ltr'><strong>ἔστιν</strong></span> <span class='ocrx_word' id='word_1_273' title='bbox 1616 3586 1810 3636; x_wconf 82' lang='grc' dir='ltr'><strong>εἰπεῖν.</strong></span> <span class='ocrx_word' id='word_1_274' title='bbox 1844 3582 1965 3646; x_wconf 84' lang='grc' dir='ltr'><strong>Πῶς</strong></span> 
     </span>
    </p>
   </div>
   <div class='ocr_carea' id='block_1_38' title="bbox 390 3674 1971 3752">
    <p class='ocr_par' dir='ltr' id='par_1_38' title="bbox 390 3674 1971 3752">
     <span class='ocr_line' id='line_1_38' title="bbox 390 3674 1971 3752; baseline -0.006 -18"><span class='ocrx_word' id='word_1_275' title='bbox 390 3683 446 3734; x_wconf 77' lang='grc' dir='ltr'><strong>δὲ</strong></span> <span class='ocrx_word' id='word_1_276' title='bbox 484 3683 590 3752; x_wconf 78' lang='grc' dir='ltr'><strong>ἄρα</strong></span> <span class='ocrx_word' id='word_1_277' title='bbox 619 3680 939 3749; x_wconf 80' lang='grc' dir='ltr'><strong>συνεργὰτιν</strong></span> <span class='ocrx_word' id='word_1_278' title='bbox 964 3680 1061 3749; x_wconf 84' lang='grc' dir='ltr'><strong>τὴν</strong></span> <span class='ocrx_word' id='word_1_279' title='bbox 1087 3678 1293 3732; x_wconf 78' lang='grc' dir='ltr'><strong>οἰκείαν</strong></span> <span class='ocrx_word' id='word_1_280' title='bbox 1315 3678 1343 3729; x_wconf 95' lang='lat'><strong>6</strong></span> <span class='ocrx_word' id='word_1_281' title='bbox 1376 3677 1544 3745; x_wconf 81' lang='grc' dir='ltr'><strong>Λόγος</strong></span> <span class='ocrx_word' id='word_1_282' title='bbox 1580 3674 1971 3746; x_wconf 69' lang='grc' dir='ltr'><strong>παρελάμϐανε</strong></span> 
     </span>
    </p>
   </div>
   <div class='ocr_carea' id='block_1_39' title="bbox 396 3765 1974 3843">
    <p class='ocr_par' dir='ltr' id='par_1_39' title="bbox 396 3765 1974 3843">
     <span class='ocr_line' id='line_1_39' title="bbox 396 3765 1974 3843; baseline -0.003 -19"><span class='ocrx_word' id='word_1_283' title='bbox 396 3774 599 3843; x_wconf 72' lang='grc' dir='ltr'><strong>σάρκα,</strong></span> <span class='ocrx_word' id='word_1_284' title='bbox 633 3773 774 3825; x_wconf 81' lang='grc' dir='ltr'><strong>κατὰ</strong></span> <span class='ocrx_word' id='word_1_285' title='bbox 809 3769 1076 3840; x_wconf 46' lang='lat' dir='ltr'><strong>litigii/on</strong></span> <span class='ocrx_word' id='word_1_286' title='bbox 1101 3769 1195 3821; x_wconf 77' lang='grc' dir='ltr'><strong>τὸν</strong></span> <span class='ocrx_word' id='word_1_287' title='bbox 1225 3768 1409 3836; x_wconf 70' lang='grc' dir='ltr'><strong>σοφὸν,</strong></span> <span class='ocrx_word' id='word_1_288' title='bbox 1466 3767 1567 3818; x_wconf 77' lang='grc' dir='ltr'><strong>οὐκ</strong></span> <span class='ocrx_word' id='word_1_289' title='bbox 1618 3765 1849 3835; x_wconf 73' lang='grc' dir='ltr'><strong>ἔχουσαν</strong></span> <span class='ocrx_word' id='word_1_290' title='bbox 1876 3766 1974 3834; x_wconf 79' lang='grc' dir='ltr'><strong>τὴν</strong></span> 
     </span>
    </p>
   </div>
   <div class='ocr_carea' id='block_1_40' title="bbox 396 3858 1973 3931">
    <p class='ocr_par' dir='ltr' id='par_1_40' title="bbox 396 3858 1973 3931">
     <span class='ocr_line' id='line_1_40' title="bbox 396 3858 1973 3931; baseline -0.006 -11"><span class='ocrx_word' id='word_1_291' title='bbox 396 3866 538 3920; x_wconf 76' lang='grc' dir='ltr'><strong>κατὰ</strong></span> <span class='ocrx_word' id='word_1_292' title='bbox 583 3864 745 3931; x_wconf 76' lang='grc' dir='ltr'><strong>φύσιν</strong></span> <span class='ocrx_word' id='word_1_293' title='bbox 793 3863 1112 3931; x_wconf 72' lang='grc' dir='ltr'><strong>ἐνέργειαν;</strong></span> <span class='ocrx_word' id='word_1_294' title='bbox 1161 3861 1235 3913; x_wconf 88' lang='grc' dir='ltr'>Τὸ</span> <span class='ocrx_word' id='word_1_295' title='bbox 1281 3859 1390 3928; x_wconf 73' lang='grc' dir='ltr'><strong>γὰρ</strong></span> <span class='ocrx_word' id='word_1_296' title='bbox 1426 3859 1497 3928; x_wconf 82' lang='grc' dir='ltr'><strong>μὴ</strong></span> <span class='ocrx_word' id='word_1_297' title='bbox 1533 3858 1653 3927; x_wconf 77' lang='grc' dir='ltr'><strong>ἕχον</strong></span> <span class='ocrx_word' id='word_1_298' title='bbox 1691 3858 1973 3925; x_wconf 74' lang='grc' dir='ltr'><strong>ἐνέργειαν</strong></span> 
     </span>
    </p>
   </div>
   <div class='ocr_carea' id='block_1_41' title="bbox 399 3947 1969 4025">
    <p class='ocr_par' dir='ltr' id='par_1_41' title="bbox 399 3947 1969 4025">
     <span class='ocr_line' id='line_1_41' title="bbox 399 3947 1969 4025; baseline -0.005 -18"><span class='ocrx_word' id='word_1_299' title='bbox 399 3956 535 4024; x_wconf 86' lang='grc' dir='ltr'><strong>μήτε</strong></span> <span class='ocrx_word' id='word_1_300' title='bbox 563 3954 776 4025; x_wconf 84' lang='grc' dir='ltr'><strong>κίνησιν</strong></span> <span class='ocrx_word' id='word_1_301' title='bbox 808 3952 1067 4021; x_wconf 80' lang='grc' dir='ltr'><strong>φυσικὴν,</strong></span> <span class='ocrx_word' id='word_1_302' title='bbox 1110 3950 1301 4021; x_wconf 78' lang='grc' dir='ltr'><strong>νεκρὸν</strong></span> <span class='ocrx_word' id='word_1_303' title='bbox 1333 3950 1551 4012; x_wconf 74' lang='grc' dir='ltr'><strong>πάντως</strong></span> <span class='ocrx_word' id='word_1_304' title='bbox 1587 3950 1680 4000; x_wconf 65' lang='grc' dir='ltr'><strong>καὶ</strong></span> <span class='ocrx_word' id='word_1_305' title='bbox 1730 3947 1936 4016; x_wconf 68' lang='grc' dir='ltr'><strong>ἄψυχον</strong></span> <span class='ocrx_word' id='word_1_306' title='bbox 1957 3964 1969 3976; x_wconf 88' lang='grc'>·</span> 
     </span>
    </p>
   </div>
   <div class='ocr_carea' id='block_1_42' title="bbox 394 4041 1972 4115">
    <p class='ocr_par' dir='ltr' id='par_1_42' title="bbox 394 4041 1972 4115">
     <span class='ocr_line' id='line_1_42' title="bbox 394 4041 1972 4115; baseline -0.004 -15"><span class='ocrx_word' id='word_1_307' title='bbox 394 4048 487 4100; x_wconf 76' lang='grc' dir='ltr'><strong>καὶ</strong></span> <span class='ocrx_word' id='word_1_308' title='bbox 523 4047 629 4099; x_wconf 85' lang='grc' dir='ltr'><strong>τίνι</strong></span> <span class='ocrx_word' id='word_1_309' title='bbox 672 4046 816 4115; x_wconf 78' lang='grc' dir='ltr'>λόγῳ</span> <span class='ocrx_word' id='word_1_310' title='bbox 863 4044 1122 4114; x_wconf 82' lang='grc' dir='ltr'><strong>προσίετο</strong></span> <span class='ocrx_word' id='word_1_311' title='bbox 1157 4045 1220 4096; x_wconf 79' lang='grc' dir='ltr'><strong>τὸ</strong></span> <span class='ocrx_word' id='word_1_312' title='bbox 1265 4042 1456 4111; x_wconf 72' lang='grc' dir='ltr'><strong>νεκρὸν</strong></span> <span class='ocrx_word' id='word_1_313' title='bbox 1488 4044 1567 4105; x_wconf 84' lang='grc' dir='ltr'><strong>εἰς</strong></span> <span class='ocrx_word' id='word_1_314' title='bbox 1613 4041 1972 4110; x_wconf 76' lang='grc' dir='ltr'><strong>συνέργειανς</strong></span> 
     </span>
    </p>
   </div>
   <div class='ocr_carea' id='block_1_43' title="bbox 393 4134 1978 4207">
    <p class='ocr_par' dir='ltr' id='par_1_43' title="bbox 393 4134 1978 4207">
     <span class='ocr_line' id='line_1_43' title="bbox 393 4134 1978 4207; baseline -0.005 -15"><span class='ocrx_word' id='word_1_315' title='bbox 393 4140 467 4192; x_wconf 74' lang='grc' dir='ltr'><strong>Τὸ</strong></span> <span class='ocrx_word' id='word_1_316' title='bbox 492 4138 600 4207; x_wconf 77' lang='grc' dir='ltr'><strong>γὰρ</strong></span> <span class='ocrx_word' id='word_1_317' title='bbox 631 4137 1013 4207; x_wconf 77' lang='grc' dir='ltr'><strong>ἀνενέργητον,</strong></span> <span class='ocrx_word' id='word_1_318' title='bbox 1068 4137 1133 4205; x_wconf 83' lang='grc' dir='ltr'><strong>τῇ</strong></span> <span class='ocrx_word' id='word_1_319' title='bbox 1185 4134 1438 4187; x_wconf 75' lang='grc' dir='ltr'><strong>παντελεῖ</strong></span> <span class='ocrx_word' id='word_1_320' title='bbox 1485 4134 1743 4203; x_wconf 76' lang='grc' dir='ltr'><strong>ἀκινησίᾳ</strong></span> <span class='ocrx_word' id='word_1_321' title='bbox 1771 4148 1978 4202; x_wconf 82' lang='grc' dir='ltr'><strong>καταρ-</strong></span> 
     </span>
    </p>
   </div>
   <div class='ocr_carea' id='block_1_44' title="bbox 393 4224 1970 4299">
    <p class='ocr_par' dir='ltr' id='par_1_44' title="bbox 393 4224 1970 4299">
     <span class='ocr_line' id='line_1_44' title="bbox 393 4224 1970 4299; baseline -0.005 -17"><span class='ocrx_word' id='word_1_322' title='bbox 393 4233 498 4299; x_wconf 82' lang='grc' dir='ltr'><strong>γεῖ.</strong></span> <span class='ocrx_word' id='word_1_323' title='bbox 535 4229 655 4292; x_wconf 86' lang='grc' dir='ltr'><strong>Πῶς</strong></span> <span class='ocrx_word' id='word_1_324' title='bbox 688 4229 744 4281; x_wconf 81' lang='grc' dir='ltr'><strong>δὲ</strong></span> <span class='ocrx_word' id='word_1_325' title='bbox 777 4224 990 4297; x_wconf 78' lang='grc' dir='ltr'><strong>ταύτην</strong></span> <span class='ocrx_word' id='word_1_326' title='bbox 1032 4226 1271 4279; x_wconf 78' lang='grc' dir='ltr'><strong>ἐδείκνυε</strong></span> <span class='ocrx_word' id='word_1_327' title='bbox 1308 4226 1592 4288; x_wconf 74' lang='grc' dir='ltr'><strong>ζωοποιεῖν</strong></span> <span class='ocrx_word' id='word_1_328' title='bbox 1642 4225 1970 4293; x_wconf 79' lang='grc' dir='ltr'><strong>δυναμένην,</strong></span> 
     </span>
    </p>
   </div>
   <div class='ocr_carea' id='block_1_45' title="bbox 393 4315 1976 4386">
    <p class='ocr_par' dir='ltr' id='par_1_45' title="bbox 393 4315 1976 4386">
     <span class='ocr_line' id='line_1_45' title="bbox 393 4315 1976 4386; baseline -0.003 -15"><span class='ocrx_word' id='word_1_329' title='bbox 393 4322 469 4377; x_wconf 74' lang='grc' dir='ltr'><strong>ὡς</strong></span> <span class='ocrx_word' id='word_1_330' title='bbox 499 4321 659 4381; x_wconf 63' lang='grc' dir='ltr'><strong>αὑτὸς</strong></span> <span class='ocrx_word' id='word_1_331' title='bbox 688 4319 846 4386; x_wconf 76' lang='grc' dir='ltr'><strong>πάλιν</strong></span> <span class='ocrx_word' id='word_1_332' title='bbox 880 4316 1147 4385; x_wconf 74' lang='grc' dir='ltr'><strong>Κύριλλος</strong></span> <span class='ocrx_word' id='word_1_333' title='bbox 1178 4316 1550 4381; x_wconf 72' lang='grc' dir='ltr'><strong>ἐξεπαίδευσε,</strong></span> <span class='ocrx_word' id='word_1_334' title='bbox 1576 4315 1663 4367; x_wconf 68' lang='grc' dir='ltr'><strong>διὰ</strong></span> <span class='ocrx_word' id='word_1_335' title='bbox 1696 4317 1805 4366; x_wconf 85' lang='grc' dir='ltr'><strong>τῶν</strong></span> <span class='ocrx_word' id='word_1_336' title='bbox 1831 4316 1976 4368; x_wconf 85' lang='grc' dir='ltr'><strong>κατὰ</strong></span> 
     </span>
    </p>
   </div>
   <div class='ocr_carea' id='block_1_46' title="bbox 2057 589 2685 660">
    <p class='ocr_par' dir='ltr' id='par_1_46' title="bbox 2057 589 2685 660">
     <span class='ocr_line' id='line_1_46' title="bbox 2057 589 2685 660; baseline 0 -19"><span class='ocrx_word' id='word_1_337' title='bbox 2057 590 2241 654; x_wconf 84' lang='lat' dir='ltr'><strong>vellet,</strong></span> <span class='ocrx_word' id='word_1_338' title='bbox 2276 590 2392 660; x_wconf 79' lang='lat' dir='ltr'><strong>ipsa</strong></span> <span class='ocrx_word' id='word_1_339' title='bbox 2433 589 2685 643; x_wconf 85' lang='lat' dir='ltr'><strong>uoluerit.</strong></span> 
     </span>
    </p>
   </div>
   <div class='ocr_carea' id='block_1_47' title="bbox 2129 774 3627 846">
    <p class='ocr_par' dir='ltr' id='par_1_47' title="bbox 2129 774 3627 846">
     <span class='ocr_line' id='line_1_47' title="bbox 2129 774 3627 846; baseline -0.007 -14"><span class='ocrx_word' id='word_1_340' title='bbox 2129 778 2479 846; x_wconf 82' lang='lat' dir='ltr'><strong>Rursumque</strong></span> <span class='ocrx_word' id='word_1_341' title='bbox 2512 779 2587 830; x_wconf 85' lang='lat' dir='ltr'><strong>ait.</strong></span> <span class='ocrx_word' id='word_1_342' title='bbox 2612 795 2626 831; x_wconf 91' lang='lat'><strong>:</strong></span> <span class='ocrx_word' id='word_1_343' title='bbox 2661 775 2810 830; x_wconf 83' lang='lat' dir='ltr'><strong>Sicut</strong></span> <span class='ocrx_word' id='word_1_344' title='bbox 2856 774 3017 829; x_wconf 76' lang='lat' dir='ltr'><strong>Pater</strong></span> <span class='ocrx_word' id='word_1_345' title='bbox 3046 774 3269 826; x_wconf 79' lang='lat' dir='ltr'><strong>suscitat</strong></span> <span class='ocrx_word' id='word_1_346' title='bbox 3297 780 3549 834; x_wconf 83' lang='lat' dir='ltr'><strong>mortuos,</strong></span> <span class='ocrx_word' id='word_1_347' title='bbox 3578 778 3627 821; x_wconf 67' lang='lat' dir='ltr'><strong>et</strong></span> 
     </span>
    </p>
   </div>
   <div class='ocr_carea' id='block_1_48' title="bbox 2057 864 3621 938">
    <p class='ocr_par' dir='ltr' id='par_1_48' title="bbox 2057 864 3621 938">
     <span class='ocr_line' id='line_1_48' title="bbox 2057 864 3621 938; baseline -0.008 -14"><span class='ocrx_word' id='word_1_348' title='bbox 2057 871 2313 938; x_wconf 74' lang='lat' dir='ltr'><strong>vieiﬁcat,</strong></span> <span class='ocrx_word' id='word_1_349' title='bbox 2349 870 2424 923; x_wconf 80' lang='lat' dir='ltr'><strong>sic</strong></span> <span class='ocrx_word' id='word_1_350' title='bbox 2472 878 2519 921; x_wconf 85' lang='lat' dir='ltr'><strong>et</strong></span> <span class='ocrx_word' id='word_1_351' title='bbox 2554 867 2719 920; x_wconf 73' lang='lat' dir='ltr'><strong>Filius</strong></span> <span class='ocrx_word' id='word_1_352' title='bbox 2774 883 2902 933; x_wconf 75' lang='lat' dir='ltr'><strong>quos</strong></span> <span class='ocrx_word' id='word_1_353' title='bbox 2950 867 3055 918; x_wconf 82' lang='lat' dir='ltr'><strong>vult</strong></span> <span class='ocrx_word' id='word_1_354' title='bbox 3085 866 3331 933; x_wconf 71' lang='lat' dir='ltr'><strong>vivi/imi.</strong></span> <span class='ocrx_word' id='word_1_355' title='bbox 3386 865 3400 893; x_wconf 90' lang='grc'>¹</span> <span class='ocrx_word' id='word_1_356' title='bbox 3461 864 3621 938; x_wconf 82' lang='lat' dir='ltr'><strong>Cum-</strong></span> 
     </span>
    </p>
   </div>
   <div class='ocr_carea' id='block_1_49' title="bbox 2057 930 3621 1031">
    <p class='ocr_par' dir='ltr' id='par_1_49' title="bbox 2057 930 3621 1031">
     <span class='ocr_line' id='line_1_49' title="bbox 2057 930 3621 1031; baseline -0.003 -20"><span class='ocrx_word' id='word_1_357' title='bbox 2057 979 2163 1031; x_wconf 88' lang='lat' dir='ltr'><strong>que</strong></span> <span class='ocrx_word' id='word_1_358' title='bbox 2205 978 2304 1016; x_wconf 76' lang='lat' dir='ltr'><strong>vox</strong></span> <span class='ocrx_word' id='word_1_359' title='bbox 2369 961 2456 1014; x_wconf 84' lang='lat' dir='ltr'><strong>illa</strong></span> <span class='ocrx_word' id='word_1_360' title='bbox 2532 962 2664 1013; x_wconf 68' lang='lat' dir='ltr'><strong>sicut</strong></span> <span class='ocrx_word' id='word_1_361' title='bbox 2691 959 3007 1011; x_wconf 87' lang='lat' dir='ltr'><strong>adverbium</strong></span> <span class='ocrx_word' id='word_1_362' title='bbox 3058 961 3125 1011; x_wconf 86' lang='lat' dir='ltr'><strong>sit</strong></span> <span class='ocrx_word' id='word_1_363' title='bbox 3183 930 3621 1022; x_wconf 78' lang='lat' dir='ltr'><strong>comparationis,</strong></span> 
     </span>
    </p>
   </div>
   <div class='ocr_carea' id='block_1_50' title="bbox 2058 1046 3627 1120">
    <p class='ocr_par' dir='ltr' id='par_1_50' title="bbox 2058 1046 3627 1120">
     <span class='ocr_line' id='line_1_50' title="bbox 2058 1046 3627 1120; baseline -0.008 -15"><span class='ocrx_word' id='word_1_364' title='bbox 2058 1067 2121 1105; x_wconf 89' lang='lat' dir='ltr'><strong>ac</strong></span> <span class='ocrx_word' id='word_1_365' title='bbox 2152 1052 2589 1120; x_wconf 73' lang='lat' dir='ltr'><strong>comparationes</strong></span> <span class='ocrx_word' id='word_1_366' title='bbox 2626 1064 2806 1103; x_wconf 90' lang='lat' dir='ltr'><strong>rerum</strong></span> <span class='ocrx_word' id='word_1_367' title='bbox 2838 1050 2947 1101; x_wconf 88' lang='lat' dir='ltr'><strong>sint</strong></span> <span class='ocrx_word' id='word_1_368' title='bbox 2974 1049 3219 1114; x_wconf 80' lang='lat' dir='ltr'><strong>eiusdem</strong></span> <span class='ocrx_word' id='word_1_369' title='bbox 3269 1046 3627 1107; x_wconf 59' lang='lat' dir='ltr'><strong>subslantiw;</strong></span> 
     </span>
    </p>
   </div>
   <div class='ocr_carea' id='block_1_51' title="bbox 2059 1137 3625 1214">
    <p class='ocr_par' dir='ltr' id='par_1_51' title="bbox 2059 1137 3625 1214">
     <span class='ocr_line' id='line_1_51' title="bbox 2059 1137 3625 1214; baseline -0.008 -16"><span class='ocrx_word' id='word_1_370' title='bbox 2059 1160 2166 1198; x_wconf 91' lang='lat' dir='ltr'><strong>non</strong></span> <span class='ocrx_word' id='word_1_371' title='bbox 2193 1146 2355 1214; x_wconf 78' lang='lat' dir='ltr'><strong>igitur</strong></span> <span class='ocrx_word' id='word_1_372' title='bbox 2390 1146 2457 1198; x_wconf 84' lang='lat' dir='ltr'><strong>de</strong></span> <span class='ocrx_word' id='word_1_373' title='bbox 2492 1145 2725 1198; x_wconf 82' lang='lat' dir='ltr'><strong>humana</strong></span> <span class='ocrx_word' id='word_1_374' title='bbox 2764 1143 2817 1195; x_wconf 90' lang='lat' dir='ltr'><strong>in</strong></span> <span class='ocrx_word' id='word_1_375' title='bbox 2868 1139 3088 1194; x_wconf 76' lang='lat' dir='ltr'><strong>Clu-isto</strong></span> <span class='ocrx_word' id='word_1_376' title='bbox 3159 1140 3433 1190; x_wconf 71' lang='lat' dir='ltr'><strong>voluntate</strong></span> <span class='ocrx_word' id='word_1_377' title='bbox 3481 1137 3625 1187; x_wconf 71' lang='lat' dir='ltr'><strong>istud</strong></span> 
     </span>
    </p>
   </div>
   <div class='ocr_carea' id='block_1_52' title="bbox 2059 1229 3623 1306">
    <p class='ocr_par' dir='ltr' id='par_1_52' title="bbox 2059 1229 3623 1306">
     <span class='ocr_line' id='line_1_52' title="bbox 2059 1229 3623 1306; baseline -0.006 -17"><span class='ocrx_word' id='word_1_378' title='bbox 2059 1238 2229 1305; x_wconf 83' lang='lat' dir='ltr'><strong>accipi</strong></span> <span class='ocrx_word' id='word_1_379' title='bbox 2251 1246 2449 1306; x_wconf 85' lang='lat' dir='ltr'><strong>potest.</strong></span> <span class='ocrx_word' id='word_1_380' title='bbox 2481 1236 2646 1305; x_wconf 72' lang='lat' dir='ltr'><strong>Igitur</strong></span> <span class='ocrx_word' id='word_1_381' title='bbox 2667 1236 2851 1288; x_wconf 87' lang='lat' dir='ltr'><strong>docuit</strong></span> <span class='ocrx_word' id='word_1_382' title='bbox 2882 1249 2979 1286; x_wconf 82' lang='lat' dir='ltr'><strong>nos</strong></span> <span class='ocrx_word' id='word_1_383' title='bbox 2997 1232 3273 1292; x_wconf 86' lang='lat' dir='ltr'><strong>Christus,</strong></span> <span class='ocrx_word' id='word_1_384' title='bbox 3303 1229 3451 1296; x_wconf 86' lang='lat' dir='ltr'><strong>quod</strong></span> <span class='ocrx_word' id='word_1_385' title='bbox 3478 1229 3623 1280; x_wconf 75' lang='lat' dir='ltr'><strong>sicut</strong></span> 
     </span>
    </p>
   </div>
   <div class='ocr_carea' id='block_1_53' title="bbox 2059 1320 3628 1391">
    <p class='ocr_par' dir='ltr' id='par_1_53' title="bbox 2059 1320 3628 1391">
     <span class='ocr_line' id='line_1_53' title="bbox 2059 1320 3628 1391; baseline -0.008 -8"><span class='ocrx_word' id='word_1_386' title='bbox 2059 1329 2221 1383; x_wconf 85' lang='lat' dir='ltr'><strong>Pater</strong></span> <span class='ocrx_word' id='word_1_387' title='bbox 2254 1331 2535 1384; x_wconf 85' lang='lat' dir='ltr'><strong>cumDeus</strong></span> <span class='ocrx_word' id='word_1_388' title='bbox 2562 1331 2656 1391; x_wconf 89' lang='lat' dir='ltr'><strong>sit,</strong></span> <span class='ocrx_word' id='word_1_389' title='bbox 2681 1327 2957 1381; x_wconf 85' lang='lat' dir='ltr'><strong>voluntate</strong></span> <span class='ocrx_word' id='word_1_390' title='bbox 2988 1323 3223 1377; x_wconf 81' lang='lat' dir='ltr'><strong>viviﬁcat</strong></span> <span class='ocrx_word' id='word_1_391' title='bbox 3253 1331 3521 1383; x_wconf 83' lang='lat' dir='ltr'><strong>mortuos,</strong></span> <span class='ocrx_word' id='word_1_392' title='bbox 3550 1320 3628 1371; x_wconf 91' lang='lat' dir='ltr'><strong>sic</strong></span> 
     </span>
    </p>
   </div>
   <div class='ocr_carea' id='block_1_54' title="bbox 2059 1412 3626 1491">
    <p class='ocr_par' dir='ltr' id='par_1_54' title="bbox 2059 1412 3626 1491">
     <span class='ocr_line' id='line_1_54' title="bbox 2059 1412 3626 1491; baseline -0.009 -14"><span class='ocrx_word' id='word_1_393' title='bbox 2059 1433 2115 1477; x_wconf 86' lang='lat' dir='ltr'><strong>ct</strong></span> <span class='ocrx_word' id='word_1_394' title='bbox 2148 1423 2262 1491; x_wconf 88' lang='lat' dir='ltr'><strong>ipse</strong></span> <span class='ocrx_word' id='word_1_395' title='bbox 2296 1424 2385 1491; x_wconf 91' lang='lat' dir='ltr'><strong>qui</strong></span> <span class='ocrx_word' id='word_1_396' title='bbox 2410 1423 2478 1476; x_wconf 90' lang='lat' dir='ltr'><strong>sit</strong></span> <span class='ocrx_word' id='word_1_397' title='bbox 2504 1422 2649 1477; x_wconf 85' lang='lat' dir='ltr'><strong>Patri</strong></span> <span class='ocrx_word' id='word_1_398' title='bbox 2699 1416 3205 1477; x_wconf 84' lang='lat' dir='ltr'><strong>consubstantialis,</strong></span> <span class='ocrx_word' id='word_1_399' title='bbox 3270 1412 3626 1481; x_wconf 80' lang='lat' dir='ltr'><strong>ejusdemque</strong></span> 
     </span>
    </p>
   </div>
   <div class='ocr_carea' id='block_1_55' title="bbox 2060 1504 3639 1581">
    <p class='ocr_par' dir='ltr' id='par_1_55' title="bbox 2060 1504 3639 1581">
     <span class='ocr_line' id='line_1_55' title="bbox 2060 1504 3639 1581; baseline -0.008 -15"><span class='ocrx_word' id='word_1_400' title='bbox 2060 1515 2229 1570; x_wconf 77' lang='lat' dir='ltr'><strong>acille</strong></span> <span class='ocrx_word' id='word_1_401' title='bbox 2268 1514 2585 1576; x_wconf 74' lang='lat' dir='ltr'><strong>voluntatis,</strong></span> <span class='ocrx_word' id='word_1_402' title='bbox 2628 1526 2763 1581; x_wconf 87' lang='lat' dir='ltr'><strong>quos</strong></span> <span class='ocrx_word' id='word_1_403' title='bbox 2792 1509 2923 1571; x_wconf 86' lang='lat' dir='ltr'><strong>vult,</strong></span> <span class='ocrx_word' id='word_1_404' title='bbox 2963 1506 3223 1559; x_wconf 79' lang='lat' dir='ltr'><strong>viviﬁcal.</strong></span> <span class='ocrx_word' id='word_1_405' title='bbox 3249 1504 3372 1558; x_wconf 69' lang='lat' dir='ltr'><strong>llrc</strong></span> <span class='ocrx_word' id='word_1_406' title='bbox 3406 1518 3639 1570; x_wconf 77' lang='lat' dir='ltr'><strong>evange-</strong></span> 
     </span>
    </p>
   </div>
   <div class='ocr_carea' id='block_1_56' title="bbox 2060 1594 3635 1673">
    <p class='ocr_par' dir='ltr' id='par_1_56' title="bbox 2060 1594 3635 1673">
     <span class='ocr_line' id='line_1_56' title="bbox 2060 1594 3635 1673; baseline -0.012 -12"><span class='ocrx_word' id='word_1_407' title='bbox 2060 1609 2309 1662; x_wconf 89' lang='lat' dir='ltr'><strong>listarum</strong></span> <span class='ocrx_word' id='word_1_408' title='bbox 2335 1614 2390 1660; x_wconf 89' lang='lat' dir='ltr'><strong>et</strong></span> <span class='ocrx_word' id='word_1_409' title='bbox 2414 1603 2784 1673; x_wconf 87' lang='lat' dir='ltr'><strong>apostolorum</strong></span> <span class='ocrx_word' id='word_1_410' title='bbox 2812 1616 2874 1653; x_wconf 89' lang='lat' dir='ltr'><strong>ac</strong></span> <span class='ocrx_word' id='word_1_411' title='bbox 2946 1598 3330 1667; x_wconf 77' lang='lat' dir='ltr'><strong>prephetarum</strong></span> <span class='ocrx_word' id='word_1_412' title='bbox 3397 1594 3635 1646; x_wconf 75' lang='lat' dir='ltr'><strong>decreta.</strong></span> 
     </span>
    </p>
   </div>
   <div class='ocr_carea' id='block_1_57' title="bbox 2061 1691 3637 1764">
    <p class='ocr_par' dir='ltr' id='par_1_57' title="bbox 2061 1691 3637 1764">
     <span class='ocr_line' id='line_1_57' title="bbox 2061 1691 3637 1764; baseline -0.008 -15"><span class='ocrx_word' id='word_1_413' title='bbox 2061 1698 2316 1764; x_wconf 53' lang='lat' dir='ltr'><strong>Quanam</strong></span> <span class='ocrx_word' id='word_1_414' title='bbox 2342 1696 2507 1764; x_wconf 77' lang='lat' dir='ltr'><strong>igitur</strong></span> <span class='ocrx_word' id='word_1_415' title='bbox 2536 1696 2622 1749; x_wconf 85' lang='lat' dir='ltr'><strong>his</strong></span> <span class='ocrx_word' id='word_1_416' title='bbox 2658 1694 2833 1762; x_wconf 82' lang='lat' dir='ltr'><strong>major</strong></span> <span class='ocrx_word' id='word_1_417' title='bbox 2893 1691 3311 1750; x_wconf 77' lang='lat' dir='ltr'><strong>demonsuatto,</strong></span> <span class='ocrx_word' id='word_1_418' title='bbox 3349 1695 3407 1737; x_wconf 90' lang='lat' dir='ltr'><strong>ut</strong></span> <span class='ocrx_word' id='word_1_419' title='bbox 3445 1695 3499 1736; x_wconf 82' lang='lat' dir='ltr'><strong>el</strong></span> <span class='ocrx_word' id='word_1_420' title='bbox 3531 1699 3637 1752; x_wconf 86' lang='lat' dir='ltr'><strong>qua</strong></span> 
     </span>
    </p>
   </div>
   <div class='ocr_carea' id='block_1_58' title="bbox 2066 1774 3642 1852">
    <p class='ocr_par' dir='ltr' id='par_1_58' title="bbox 2066 1774 3642 1852">
     <span class='ocr_line' id='line_1_58' title="bbox 2066 1774 3642 1852; baseline -0.008 -13"><span class='ocrx_word' id='word_1_421' title='bbox 2066 1790 2274 1843; x_wconf 74' lang='lat' dir='ltr'><strong>ratione</strong></span> <span class='ocrx_word' id='word_1_422' title='bbox 2312 1787 2454 1841; x_wconf 86' lang='lat' dir='ltr'><strong>Deus</strong></span> <span class='ocrx_word' id='word_1_423' title='bbox 2501 1795 2604 1846; x_wconf 86' lang='lat' dir='ltr'><strong>est.</strong></span> <span class='ocrx_word' id='word_1_424' title='bbox 2634 1795 2688 1837; x_wconf 89' lang='lat' dir='ltr'><strong>et</strong></span> <span class='ocrx_word' id='word_1_425' title='bbox 2724 1799 2827 1852; x_wconf 86' lang='lat' dir='ltr'><strong>qua</strong></span> <span class='ocrx_word' id='word_1_426' title='bbox 2890 1781 3053 1833; x_wconf 82' lang='lat' dir='ltr'><strong>homo</strong></span> <span class='ocrx_word' id='word_1_427' title='bbox 3122 1778 3289 1841; x_wconf 89' lang='lat' dir='ltr'><strong>idem,</strong></span> <span class='ocrx_word' id='word_1_428' title='bbox 3345 1774 3642 1827; x_wconf 73' lang='lat' dir='ltr'><strong>voluntatis</strong></span> 
     </span>
    </p>
   </div>
   <div class='ocr_carea' id='block_1_59' title="bbox 2066 1873 3004 1949">
    <p class='ocr_par' dir='ltr' id='par_1_59' title="bbox 2066 1873 3004 1949">
     <span class='ocr_line' id='line_1_59' title="bbox 2066 1873 3004 1949; baseline -0.013 -14"><span class='ocrx_word' id='word_1_429' title='bbox 2066 1881 2323 1935; x_wconf 73' lang='lat' dir='ltr'><strong>facultate</strong></span> <span class='ocrx_word' id='word_1_430' title='bbox 2355 1880 2613 1949; x_wconf 68' lang='lat' dir='ltr'><strong>prmditus</strong></span> <span class='ocrx_word' id='word_1_431' title='bbox 2642 1873 3004 1931; x_wconf 71' lang='lat' dir='ltr'><strong>ostendatur?</strong></span> 
     </span>
    </p>
   </div>
   <div class='ocr_carea' id='block_1_60' title="bbox 2206 1986 3501 2059">
    <p class='ocr_par' dir='ltr' id='par_1_60' title="bbox 2206 1986 3501 2059">
     <span class='ocr_line' id='line_1_60' title="bbox 2206 1986 3501 2059; baseline -0.011 -13"><span class='ocrx_word' id='word_1_432' title='bbox 2206 1992 2345 2047; x_wconf 83' lang='lat' dir='ltr'><strong>Item</strong></span> <span class='ocrx_word' id='word_1_433' title='bbox 2384 2006 2448 2045; x_wconf 74' lang='lat' dir='ltr'><strong>ex</strong></span> <span class='ocrx_word' id='word_1_434' title='bbox 2476 1988 2691 2059; x_wconf 77' lang='lat' dir='ltr'><strong>epistola</strong></span> <span class='ocrx_word' id='word_1_435' title='bbox 2718 1988 2787 2040; x_wconf 87' lang='lat' dir='ltr'><strong>ad</strong></span> <span class='ocrx_word' id='word_1_436' title='bbox 2821 1986 3151 2040; x_wconf 74' lang='lat' dir='ltr'><strong>Nicandrum</strong></span> <span class='ocrx_word' id='word_1_437' title='bbox 3177 1997 3501 2051; x_wconf 73' lang='lat' dir='ltr'><strong>episcopum.</strong></span> 
     </span>
    </p>
   </div>
   <div class='ocr_carea' id='block_1_61' title="bbox 2131 2137 3640 2215">
    <p class='ocr_par' dir='ltr' id='par_1_61' title="bbox 2131 2137 3640 2215">
     <span class='ocr_line' id='line_1_61' title="bbox 2131 2137 3640 2215; baseline -0.008 -13"><span class='ocrx_word' id='word_1_438' title='bbox 2131 2147 2417 2215; x_wconf 82' lang='lat' dir='ltr'><strong>Quomodo</strong></span> <span class='ocrx_word' id='word_1_439' title='bbox 2477 2160 2640 2200; x_wconf 86' lang='lat' dir='ltr'><strong>uuam</strong></span> <span class='ocrx_word' id='word_1_440' title='bbox 2711 2143 3033 2213; x_wconf 90' lang='lat' dir='ltr'><strong>simpliciter</strong></span> <span class='ocrx_word' id='word_1_441' title='bbox 3105 2142 3159 2194; x_wconf 90' lang='lat' dir='ltr'><strong>in</strong></span> <span class='ocrx_word' id='word_1_442' title='bbox 3236 2154 3347 2191; x_wconf 84' lang='lat' dir='ltr'><strong>uno</strong></span> <span class='ocrx_word' id='word_1_443' title='bbox 3424 2137 3640 2192; x_wconf 86' lang='lat' dir='ltr'><strong>Christo</strong></span> 
     </span>
    </p>
   </div>
   <div class='ocr_carea' id='block_1_62' title="bbox 2065 2231 3643 2311">
    <p class='ocr_par' dir='ltr' id='par_1_62' title="bbox 2065 2231 3643 2311">
     <span class='ocr_line' id='line_1_62' title="bbox 2065 2231 3643 2311; baseline -0.007 -15"><span class='ocrx_word' id='word_1_444' title='bbox 2065 2244 2174 2296; x_wconf 84' lang='lat' dir='ltr'><strong>Deo</strong></span> <span class='ocrx_word' id='word_1_445' title='bbox 2244 2240 2623 2311; x_wconf 86' lang='lat' dir='ltr'><strong>operationem</strong></span> <span class='ocrx_word' id='word_1_446' title='bbox 2679 2236 2924 2291; x_wconf 89' lang='lat' dir='ltr'><strong>nonnulli</strong></span> <span class='ocrx_word' id='word_1_447' title='bbox 2990 2234 3224 2288; x_wconf 88' lang='lat' dir='ltr'><strong>dicunt?</strong></span> <span class='ocrx_word' id='word_1_448' title='bbox 3292 2231 3527 2285; x_wconf 54' lang='lat' dir='ltr'><strong>Necesse</strong></span> <span class='ocrx_word' id='word_1_449' title='bbox 3557 2240 3643 2285; x_wconf 84' lang='lat' dir='ltr'><strong>est</strong></span> 
     </span>
    </p>
   </div>
   <div class='ocr_carea' id='block_1_63' title="bbox 2062 2322 3642 2399">
    <p class='ocr_par' dir='ltr' id='par_1_63' title="bbox 2062 2322 3642 2399">
     <span class='ocr_line' id='line_1_63' title="bbox 2062 2322 3642 2399; baseline -0.01 -8"><span class='ocrx_word' id='word_1_450' title='bbox 2062 2338 2205 2391; x_wconf 88' lang='lat' dir='ltr'><strong>enim</strong></span> <span class='ocrx_word' id='word_1_451' title='bbox 2240 2334 2401 2396; x_wconf 81' lang='lat' dir='ltr'><strong>hanc,</strong></span> <span class='ocrx_word' id='word_1_452' title='bbox 2463 2330 2549 2385; x_wconf 91' lang='lat' dir='ltr'><strong>vel</strong></span> <span class='ocrx_word' id='word_1_453' title='bbox 2607 2329 2784 2399; x_wconf 76' lang='lat' dir='ltr'><strong>ipsius</strong></span> <span class='ocrx_word' id='word_1_454' title='bbox 2840 2327 3078 2397; x_wconf 84' lang='lat' dir='ltr'><strong>partium</strong></span> <span class='ocrx_word' id='word_1_455' title='bbox 3148 2340 3291 2389; x_wconf 86' lang='lat' dir='ltr'><strong>esse,</strong></span> <span class='ocrx_word' id='word_1_456' title='bbox 3380 2322 3461 2376; x_wconf 64' lang='lat' dir='ltr'><strong>vel</strong></span> <span class='ocrx_word' id='word_1_457' title='bbox 3520 2324 3642 2391; x_wconf 78' lang='lat' dir='ltr'><strong>ejus</strong></span> 
     </span>
    </p>
   </div>
   <div class='ocr_carea' id='block_1_64' title="bbox 2068 2413 3643 2487">
    <p class='ocr_par' dir='ltr' id='par_1_64' title="bbox 2068 2413 3643 2487">
     <span class='ocr_line' id='line_1_64' title="bbox 2068 2413 3643 2487; baseline -0.01 -8"><span class='ocrx_word' id='word_1_458' title='bbox 2068 2427 2297 2479; x_wconf 78' lang='lat' dir='ltr'><strong>omnino</strong></span> <span class='ocrx_word' id='word_1_459' title='bbox 2331 2430 2391 2476; x_wconf 90' lang='lat' dir='ltr'><strong>nt</strong></span> <span class='ocrx_word' id='word_1_460' title='bbox 2412 2422 2701 2476; x_wconf 86' lang='lat' dir='ltr'><strong>totius.Ac</strong></span> <span class='ocrx_word' id='word_1_461' title='bbox 2740 2420 2982 2487; x_wconf 83' lang='lat' dir='ltr'><strong>quidem,</strong></span> <span class='ocrx_word' id='word_1_462' title='bbox 3017 2416 3063 2469; x_wconf 88' lang='lat' dir='ltr'><strong>si</strong></span> <span class='ocrx_word' id='word_1_463' title='bbox 3111 2415 3370 2483; x_wconf 85' lang='lat' dir='ltr'><strong>partium,</strong></span> <span class='ocrx_word' id='word_1_464' title='bbox 3418 2413 3473 2467; x_wconf 91' lang='lat' dir='ltr'><strong>in</strong></span> <span class='ocrx_word' id='word_1_465' title='bbox 3527 2427 3643 2465; x_wconf 87' lang='lat' dir='ltr'><strong>am—</strong></span> 
     </span>
    </p>
   </div>
   <div class='ocr_carea' id='block_1_65' title="bbox 2068 2504 3646 2573">
    <p class='ocr_par' dir='ltr' id='par_1_65' title="bbox 2068 2504 3646 2573">
     <span class='ocr_line' id='line_1_65' title="bbox 2068 2504 3646 2573; baseline -0.003 -12"><span class='ocrx_word' id='word_1_466' title='bbox 2068 2509 2169 2560; x_wconf 87' lang='lat' dir='ltr'><strong>bas</strong></span> <span class='ocrx_word' id='word_1_467' title='bbox 2204 2508 2397 2573; x_wconf 85' lang='lat' dir='ltr'><strong>utique</strong></span> <span class='ocrx_word' id='word_1_468' title='bbox 2450 2514 2639 2573; x_wconf 89' lang='lat' dir='ltr'><strong>partes</strong></span> <span class='ocrx_word' id='word_1_469' title='bbox 2679 2505 2848 2558; x_wconf 87' lang='lat' dir='ltr'><strong>scissa</strong></span> <span class='ocrx_word' id='word_1_470' title='bbox 2882 2505 3163 2557; x_wconf 80' lang='lat' dir='ltr'><strong>dividetur</strong></span> <span class='ocrx_word' id='word_1_471' title='bbox 3198 2522 3209 2556; x_wconf 91' lang='lat'>:</span> <span class='ocrx_word' id='word_1_472' title='bbox 3241 2505 3388 2572; x_wconf 88' lang='lat' dir='ltr'><strong>quod</strong></span> <span class='ocrx_word' id='word_1_473' title='bbox 3442 2506 3485 2557; x_wconf 86' lang='lat' dir='ltr'><strong>si</strong></span> <span class='ocrx_word' id='word_1_474' title='bbox 3532 2504 3646 2569; x_wconf 83' lang='lat' dir='ltr'><strong>ﬁat,</strong></span> 
     </span>
    </p>
   </div>
   <div class='ocr_carea' id='block_1_66' title="bbox 2067 2595 3649 2663">
    <p class='ocr_par' dir='ltr' id='par_1_66' title="bbox 2067 2595 3649 2663">
     <span class='ocr_line' id='line_1_66' title="bbox 2067 2595 3649 2663; baseline 0 -14"><span class='ocrx_word' id='word_1_475' title='bbox 2067 2597 2294 2649; x_wconf 89' lang='lat' dir='ltr'><strong>omnino</strong></span> <span class='ocrx_word' id='word_1_476' title='bbox 2331 2597 2687 2659; x_wconf 79' lang='lat' dir='ltr'><strong>dissolvetur,</strong></span> <span class='ocrx_word' id='word_1_477' title='bbox 2735 2610 2798 2647; x_wconf 89' lang='lat' dir='ltr'><strong>ac</strong></span> <span class='ocrx_word' id='word_1_478' title='bbox 2830 2610 2937 2647; x_wconf 88' lang='lat' dir='ltr'><strong>una</strong></span> <span class='ocrx_word' id='word_1_479' title='bbox 2977 2609 3165 2647; x_wconf 88' lang='lat' dir='ltr'><strong>secum</strong></span> <span class='ocrx_word' id='word_1_480' title='bbox 3201 2595 3488 2657; x_wconf 82' lang='lat' dir='ltr'><strong>dissolvet,</strong></span> <span class='ocrx_word' id='word_1_481' title='bbox 3526 2611 3649 2663; x_wconf 74' lang='lat' dir='ltr'><strong>qua:</strong></span> 
     </span>
    </p>
   </div>
   <div class='ocr_carea' id='block_1_67' title="bbox 2066 2686 3645 2756">
    <p class='ocr_par' dir='ltr' id='par_1_67' title="bbox 2066 2686 3645 2756">
     <span class='ocr_line' id='line_1_67' title="bbox 2066 2686 3645 2756; baseline 0 -15"><span class='ocrx_word' id='word_1_482' title='bbox 2066 2688 2372 2742; x_wconf 84' lang='lat' dir='ltr'><strong>secundum</strong></span> <span class='ocrx_word' id='word_1_483' title='bbox 2417 2704 2538 2742; x_wconf 91' lang='lat' dir='ltr'><strong>eam</strong></span> <span class='ocrx_word' id='word_1_484' title='bbox 2588 2688 2848 2756; x_wconf 88' lang='lat' dir='ltr'><strong>copulata</strong></span> <span class='ocrx_word' id='word_1_485' title='bbox 2903 2696 3053 2740; x_wconf 90' lang='lat' dir='ltr'><strong>sunt.</strong></span> <span class='ocrx_word' id='word_1_486' title='bbox 3094 2686 3190 2739; x_wconf 87' lang='lat' dir='ltr'><strong>Sin</strong></span> <span class='ocrx_word' id='word_1_487' title='bbox 3222 2696 3407 2740; x_wconf 82' lang='lat' dir='ltr'><strong>autem</strong></span> <span class='ocrx_word' id='word_1_488' title='bbox 3455 2688 3645 2750; x_wconf 79' lang='lat' dir='ltr'><strong>tutius,</strong></span> 
     </span>
    </p>
   </div>
   <div class='ocr_carea' id='block_1_68' title="bbox 2066 2779 3650 2848">
    <p class='ocr_par' dir='ltr' id='par_1_68' title="bbox 2066 2779 3650 2848">
     <span class='ocr_line' id='line_1_68' title="bbox 2066 2779 3650 2848; baseline -0.001 -15"><span class='ocrx_word' id='word_1_489' title='bbox 2066 2780 2176 2833; x_wconf 90' lang='lat' dir='ltr'><strong>erit</strong></span> <span class='ocrx_word' id='word_1_490' title='bbox 2210 2782 2620 2833; x_wconf 87' lang='lat' dir='ltr'><strong>contrariorum</strong></span> <span class='ocrx_word' id='word_1_491' title='bbox 2654 2795 2853 2848; x_wconf 82' lang='lat' dir='ltr'><strong>capax;</strong></span> <span class='ocrx_word' id='word_1_492' title='bbox 2888 2796 3009 2847; x_wconf 76' lang='lat' dir='ltr'><strong>qum</strong></span> <span class='ocrx_word' id='word_1_493' title='bbox 3049 2779 3300 2832; x_wconf 82' lang='lat' dir='ltr'><strong>mortalis</strong></span> <span class='ocrx_word' id='word_1_494' title='bbox 3330 2788 3385 2832; x_wconf 91' lang='lat' dir='ltr'><strong>et</strong></span> <span class='ocrx_word' id='word_1_495' title='bbox 3421 2782 3650 2833; x_wconf 90' lang='lat' dir='ltr'><strong>immor-</strong></span> 
     </span>
    </p>
   </div>
   <div class='ocr_carea' id='block_1_69' title="bbox 2069 2870 3650 2938">
    <p class='ocr_par' dir='ltr' id='par_1_69' title="bbox 2069 2870 3650 2938">
     <span class='ocr_line' id='line_1_69' title="bbox 2069 2870 3650 2938; baseline 0.001 -16"><span class='ocrx_word' id='word_1_496' title='bbox 2069 2871 2214 2933; x_wconf 81' lang='lat' dir='ltr'><strong>talis,</strong></span> <span class='ocrx_word' id='word_1_497' title='bbox 2244 2882 2426 2925; x_wconf 90' lang='lat' dir='ltr'><strong>creata</strong></span> <span class='ocrx_word' id='word_1_498' title='bbox 2462 2879 2517 2924; x_wconf 89' lang='lat' dir='ltr'><strong>et</strong></span> <span class='ocrx_word' id='word_1_499' title='bbox 2567 2871 2812 2924; x_wconf 86' lang='lat' dir='ltr'><strong>inereata</strong></span> <span class='ocrx_word' id='word_1_500' title='bbox 2835 2911 2848 2934; x_wconf 90' lang='lat'><strong>,</strong></span> <span class='ocrx_word' id='word_1_501' title='bbox 2885 2870 3284 2938; x_wconf 84' lang='lat' dir='ltr'><strong>comprehensa</strong></span> <span class='ocrx_word' id='word_1_502' title='bbox 3333 2880 3388 2923; x_wconf 89' lang='lat' dir='ltr'><strong>et</strong></span> <span class='ocrx_word' id='word_1_503' title='bbox 3439 2871 3650 2923; x_wconf 86' lang='lat' dir='ltr'><strong>incom-</strong></span> 
     </span>
    </p>
   </div>
   <div class='ocr_carea' id='block_1_70' title="bbox 2068 2961 3651 3031">
    <p class='ocr_par' dir='ltr' id='par_1_70' title="bbox 2068 2961 3651 3031">
     <span class='ocr_line' id='line_1_70' title="bbox 2068 2961 3651 3031; baseline 0.001 -18"><span class='ocrx_word' id='word_1_504' title='bbox 2068 2963 2340 3031; x_wconf 87' lang='lat' dir='ltr'><strong>prehensa</strong></span> <span class='ocrx_word' id='word_1_505' title='bbox 2366 2962 2615 3016; x_wconf 77' lang='lat' dir='ltr'><strong>exsistat.</strong></span> <span class='ocrx_word' id='word_1_506' title='bbox 2667 2963 2914 3030; x_wconf 84' lang='lat' dir='ltr'><strong>Dumque</strong></span> <span class='ocrx_word' id='word_1_507' title='bbox 2948 2961 3054 3015; x_wconf 82' lang='lat' dir='ltr'><strong>hoc</strong></span> <span class='ocrx_word' id='word_1_508' title='bbox 3109 2961 3449 3025; x_wconf 85' lang='lat' dir='ltr'><strong>dederimus,</strong></span> <span class='ocrx_word' id='word_1_509' title='bbox 3485 2962 3651 3015; x_wconf 84' lang='lat' dir='ltr'><strong>Chri-</strong></span> 
     </span>
    </p>
   </div>
   <div class='ocr_carea' id='block_1_71' title="bbox 2069 3048 3653 3120">
    <p class='ocr_par' dir='ltr' id='par_1_71' title="bbox 2069 3048 3653 3120">
     <span class='ocr_line' id='line_1_71' title="bbox 2069 3048 3653 3120; baseline -0.002 -15"><span class='ocrx_word' id='word_1_510' title='bbox 2069 3062 2187 3105; x_wconf 87' lang='lat' dir='ltr'><strong>stus</strong></span> <span class='ocrx_word' id='word_1_511' title='bbox 2228 3068 2291 3105; x_wconf 90' lang='lat' dir='ltr'><strong>ca</strong></span> <span class='ocrx_word' id='word_1_512' title='bbox 2322 3050 2545 3120; x_wconf 90' lang='lat' dir='ltr'><strong>propria</strong></span> <span class='ocrx_word' id='word_1_513' title='bbox 2592 3050 2918 3120; x_wconf 87' lang='lat' dir='ltr'><strong>operatione</strong></span> <span class='ocrx_word' id='word_1_514' title='bbox 2966 3049 3269 3102; x_wconf 88' lang='lat' dir='ltr'><strong>secundum</strong></span> <span class='ocrx_word' id='word_1_515' title='bbox 3312 3048 3560 3100; x_wconf 90' lang='lat' dir='ltr'><strong>habitum</strong></span> <span class='ocrx_word' id='word_1_516' title='bbox 3596 3056 3653 3102; x_wconf 80' lang='lat' dir='ltr'><strong>et</strong></span> 
     </span>
    </p>
   </div>
   <div class='ocr_carea' id='block_1_72' title="bbox 2070 3140 3650 3213">
    <p class='ocr_par' dir='ltr' id='par_1_72' title="bbox 2070 3140 3650 3213">
     <span class='ocr_line' id='line_1_72' title="bbox 2070 3140 3650 3213; baseline -0.001 -18"><span class='ocrx_word' id='word_1_517' title='bbox 2070 3144 2438 3213; x_wconf 85' lang='lat' dir='ltr'><strong>privationem</strong></span> <span class='ocrx_word' id='word_1_518' title='bbox 2488 3143 2755 3212; x_wconf 71' lang='lat' dir='ltr'><strong>prmditus</strong></span> <span class='ocrx_word' id='word_1_519' title='bbox 2786 3150 2927 3203; x_wconf 88' lang='lat' dir='ltr'><strong>erat,</strong></span> <span class='ocrx_word' id='word_1_520' title='bbox 2973 3156 3095 3209; x_wconf 78' lang='lat' dir='ltr'><strong>qua:</strong></span> <span class='ocrx_word' id='word_1_521' title='bbox 3132 3140 3248 3209; x_wconf 86' lang='lat' dir='ltr'><strong>ipsa</strong></span> <span class='ocrx_word' id='word_1_522' title='bbox 3283 3150 3403 3195; x_wconf 86' lang='lat' dir='ltr'><strong>erat</strong></span> <span class='ocrx_word' id='word_1_523' title='bbox 3454 3151 3509 3193; x_wconf 89' lang='lat' dir='ltr'><strong>et</strong></span> <span class='ocrx_word' id='word_1_524' title='bbox 3540 3157 3650 3193; x_wconf 90' lang='lat' dir='ltr'><strong>non</strong></span> 
     </span>
    </p>
   </div>
   <div class='ocr_carea' id='block_1_73' title="bbox 2069 3231 3653 3303">
    <p class='ocr_par' dir='ltr' id='par_1_73' title="bbox 2069 3231 3653 3303">
     <span class='ocr_line' id='line_1_73' title="bbox 2069 3231 3653 3303; baseline -0.003 -15"><span class='ocrx_word' id='word_1_525' title='bbox 2069 3244 2221 3298; x_wconf 87' lang='lat' dir='ltr'><strong>erat;</strong></span> <span class='ocrx_word' id='word_1_526' title='bbox 2245 3234 2316 3287; x_wconf 88' lang='lat' dir='ltr'><strong>ob</strong></span> <span class='ocrx_word' id='word_1_527' title='bbox 2340 3250 2527 3303; x_wconf 83' lang='lat' dir='ltr'><strong>quam,</strong></span> <span class='ocrx_word' id='word_1_528' title='bbox 2558 3232 2942 3287; x_wconf 89' lang='lat' dir='ltr'><strong>utsecundum</strong></span> <span class='ocrx_word' id='word_1_529' title='bbox 2965 3248 3085 3285; x_wconf 89' lang='lat' dir='ltr'><strong>eam</strong></span> <span class='ocrx_word' id='word_1_530' title='bbox 3114 3248 3291 3301; x_wconf 80' lang='lat' dir='ltr'><strong>exque</strong></span> <span class='ocrx_word' id='word_1_531' title='bbox 3314 3232 3433 3300; x_wconf 86' lang='lat' dir='ltr'><strong>ejus</strong></span> <span class='ocrx_word' id='word_1_532' title='bbox 3468 3231 3653 3284; x_wconf 63' lang='lat' dir='ltr'><strong>indole</strong></span> 
     </span>
    </p>
   </div>
   <div class='ocr_carea' id='block_1_74' title="bbox 2071 3322 3650 3392">
    <p class='ocr_par' dir='ltr' id='par_1_74' title="bbox 2071 3322 3650 3392">
     <span class='ocr_line' id='line_1_74' title="bbox 2071 3322 3650 3392; baseline -0.001 -15"><span class='ocrx_word' id='word_1_533' title='bbox 2071 3326 2469 3378; x_wconf 86' lang='lat' dir='ltr'><strong>convenienter</strong></span> <span class='ocrx_word' id='word_1_534' title='bbox 2505 3339 2764 3392; x_wconf 88' lang='lat' dir='ltr'><strong>operans,</strong></span> <span class='ocrx_word' id='word_1_535' title='bbox 2794 3322 3100 3376; x_wconf 81' lang='lat' dir='ltr'><strong>secundum</strong></span> <span class='ocrx_word' id='word_1_536' title='bbox 3134 3322 3303 3383; x_wconf 85' lang='lat' dir='ltr'><strong>idem,</strong></span> <span class='ocrx_word' id='word_1_537' title='bbox 3341 3332 3530 3375; x_wconf 88' lang='lat' dir='ltr'><strong>etnon</strong></span> <span class='ocrx_word' id='word_1_538' title='bbox 3560 3338 3650 3375; x_wconf 90' lang='lat' dir='ltr'><strong>se-</strong></span> 
     </span>
    </p>
   </div>
   <div class='ocr_carea' id='block_1_75' title="bbox 2071 3412 3655 3481">
    <p class='ocr_par' dir='ltr' id='par_1_75' title="bbox 2071 3412 3655 3481">
     <span class='ocr_line' id='line_1_75' title="bbox 2071 3412 3655 3481; baseline -0.001 -15"><span class='ocrx_word' id='word_1_539' title='bbox 2071 3414 2314 3467; x_wconf 88' lang='lat' dir='ltr'><strong>cundum</strong></span> <span class='ocrx_word' id='word_1_540' title='bbox 2369 3412 2519 3467; x_wconf 85' lang='lat' dir='ltr'><strong>aliud</strong></span> <span class='ocrx_word' id='word_1_541' title='bbox 2578 3422 2743 3481; x_wconf 85' lang='lat' dir='ltr'><strong>atque</strong></span> <span class='ocrx_word' id='word_1_542' title='bbox 2796 3412 2943 3466; x_wconf 87' lang='lat' dir='ltr'><strong>aliud</strong></span> <span class='ocrx_word' id='word_1_543' title='bbox 2975 3452 2987 3472; x_wconf 93' lang='lat'><strong>,</strong></span> <span class='ocrx_word' id='word_1_544' title='bbox 3026 3413 3434 3465; x_wconf 86' lang='lat' dir='ltr'><strong>contrariorum</strong></span> <span class='ocrx_word' id='word_1_545' title='bbox 3482 3428 3655 3480; x_wconf 81' lang='lat' dir='ltr'><strong>eaan</strong></span> 
     </span>
    </p>
   </div>
   <div class='ocr_carea' id='block_1_76' title="bbox 2072 3503 3585 3573">
    <p class='ocr_par' dir='ltr' id='par_1_76' title="bbox 2072 3503 3585 3573">
     <span class='ocr_line' id='line_1_76' title="bbox 2072 3503 3585 3573; baseline -0.002 -17"><span class='ocrx_word' id='word_1_546' title='bbox 2072 3503 2376 3557; x_wconf 79' lang='lat' dir='ltr'><strong>exsistebat</strong></span> <span class='ocrx_word' id='word_1_547' title='bbox 2407 3521 2419 3557; x_wconf 92' lang='lat'><strong>:</strong></span> <span class='ocrx_word' id='word_1_548' title='bbox 2451 3520 2563 3573; x_wconf 91' lang='lat' dir='ltr'><strong>quo</strong></span> <span class='ocrx_word' id='word_1_549' title='bbox 2589 3504 2722 3573; x_wconf 86' lang='lat' dir='ltr'><strong>quid</strong></span> <span class='ocrx_word' id='word_1_550' title='bbox 2762 3503 2934 3573; x_wconf 82' lang='lat' dir='ltr'><strong>magis</strong></span> <span class='ocrx_word' id='word_1_551' title='bbox 2960 3503 3188 3572; x_wconf 88' lang='lat' dir='ltr'><strong>impium</strong></span> <span class='ocrx_word' id='word_1_552' title='bbox 3234 3503 3343 3556; x_wconf 88' lang='lat' dir='ltr'><strong>diei</strong></span> <span class='ocrx_word' id='word_1_553' title='bbox 3375 3504 3585 3571; x_wconf 84' lang='lat' dir='ltr'><strong>queat?</strong></span> 
     </span>
    </p>
   </div>
   <div class='ocr_carea' id='block_1_77' title="bbox 2146 3594 3655 3660">
    <p class='ocr_par' dir='ltr' id='par_1_77' title="bbox 2146 3594 3655 3660">
     <span class='ocr_line' id='line_1_77' title="bbox 2146 3594 3655 3660; baseline -0.001 -13"><span class='ocrx_word' id='word_1_554' title='bbox 2146 3594 2295 3648; x_wconf 85' lang='lat' dir='ltr'><strong>Idem</strong></span> <span class='ocrx_word' id='word_1_555' title='bbox 2334 3610 2463 3649; x_wconf 86' lang='lat' dir='ltr'><strong>vero</strong></span> <span class='ocrx_word' id='word_1_556' title='bbox 2497 3595 2664 3648; x_wconf 88' lang='lat' dir='ltr'><strong>etiam</strong></span> <span class='ocrx_word' id='word_1_557' title='bbox 2713 3595 3009 3648; x_wconf 83' lang='lat' dir='ltr'><strong>dicendum</strong></span> <span class='ocrx_word' id='word_1_558' title='bbox 3055 3595 3123 3647; x_wconf 89' lang='lat' dir='ltr'><strong>de</strong></span> <span class='ocrx_word' id='word_1_559' title='bbox 3155 3596 3459 3648; x_wconf 79' lang='lat' dir='ltr'><strong>voluntate.</strong></span> <span class='ocrx_word' id='word_1_560' title='bbox 3504 3594 3655 3660; x_wconf 83' lang='lat' dir='ltr'><strong>Quo-</strong></span> 
     </span>
    </p>
   </div>
   <div class='ocr_carea' id='block_1_78' title="bbox 2074 3687 3653 3754">
    <p class='ocr_par' dir='ltr' id='par_1_78' title="bbox 2074 3687 3653 3754">
     <span class='ocr_line' id='line_1_78' title="bbox 2074 3687 3653 3754; baseline 0 -16"><span class='ocrx_word' id='word_1_561' title='bbox 2074 3700 2202 3739; x_wconf 86' lang='lat' dir='ltr'><strong>nam</strong></span> <span class='ocrx_word' id='word_1_562' title='bbox 2234 3697 2421 3741; x_wconf 89' lang='lat' dir='ltr'><strong>autem</strong></span> <span class='ocrx_word' id='word_1_563' title='bbox 2469 3687 2635 3740; x_wconf 90' lang='lat' dir='ltr'><strong>modo</strong></span> <span class='ocrx_word' id='word_1_564' title='bbox 2670 3687 2937 3749; x_wconf 75' lang='lat' dir='ltr'><strong>Verbum,</strong></span> <span class='ocrx_word' id='word_1_565' title='bbox 2973 3702 3196 3740; x_wconf 87' lang='lat' dir='ltr'><strong>carnem</strong></span> <span class='ocrx_word' id='word_1_566' title='bbox 3242 3687 3520 3754; x_wconf 86' lang='lat' dir='ltr'><strong>propriam</strong></span> <span class='ocrx_word' id='word_1_567' title='bbox 3554 3687 3653 3738; x_wconf 83' lang='lat' dir='ltr'><strong>ad-</strong></span> 
     </span>
    </p>
   </div>
   <div class='ocr_carea' id='block_1_79' title="bbox 2076 3775 3658 3846">
    <p class='ocr_par' dir='ltr' id='par_1_79' title="bbox 2076 3775 3658 3846">
     <span class='ocr_line' id='line_1_79' title="bbox 2076 3775 3658 3846; baseline -0.001 -17"><span class='ocrx_word' id='word_1_568' title='bbox 2076 3775 2307 3830; x_wconf 86' lang='lat' dir='ltr'><strong>hibebat</strong></span> <span class='ocrx_word' id='word_1_569' title='bbox 2326 3777 2510 3846; x_wconf 82' lang='lat' dir='ltr'><strong>Operis</strong></span> <span class='ocrx_word' id='word_1_570' title='bbox 2540 3777 2769 3836; x_wconf 85' lang='lat' dir='ltr'><strong>sociam,</strong></span> <span class='ocrx_word' id='word_1_571' title='bbox 2795 3784 2855 3830; x_wconf 87' lang='lat' dir='ltr'><strong>ut</strong></span> <span class='ocrx_word' id='word_1_572' title='bbox 2878 3778 3049 3831; x_wconf 87' lang='lat' dir='ltr'><strong>sentit</strong></span> <span class='ocrx_word' id='word_1_573' title='bbox 3072 3791 3135 3829; x_wconf 89' lang='lat' dir='ltr'><strong>ac</strong></span> <span class='ocrx_word' id='word_1_574' title='bbox 3168 3776 3414 3844; x_wconf 86' lang='lat' dir='ltr'><strong>loquitur</strong></span> <span class='ocrx_word' id='word_1_575' title='bbox 3439 3777 3658 3845; x_wconf 73' lang='lat' dir='ltr'><strong>sapien-</strong></span> 
     </span>
    </p>
   </div>
   <div class='ocr_carea' id='block_1_80' title="bbox 2079 3867 3655 3938">
    <p class='ocr_par' dir='ltr' id='par_1_80' title="bbox 2079 3867 3655 3938">
     <span class='ocr_line' id='line_1_80' title="bbox 2079 3867 3655 3938; baseline 0.001 -18"><span class='ocrx_word' id='word_1_576' title='bbox 2079 3868 2329 3921; x_wconf 86' lang='lat' dir='ltr'><strong>tissimus</strong></span> <span class='ocrx_word' id='word_1_577' title='bbox 2384 3867 2665 3938; x_wconf 83' lang='lat' dir='ltr'><strong>Cyrillus,</strong></span> <span class='ocrx_word' id='word_1_578' title='bbox 2712 3882 2840 3921; x_wconf 91' lang='lat' dir='ltr'><strong>cum</strong></span> <span class='ocrx_word' id='word_1_579' title='bbox 2898 3867 3165 3921; x_wconf 87' lang='lat' dir='ltr'><strong>naturalis</strong></span> <span class='ocrx_word' id='word_1_580' title='bbox 3222 3867 3472 3936; x_wconf 83' lang='lat' dir='ltr'><strong>Operatio</strong></span> <span class='ocrx_word' id='word_1_581' title='bbox 3534 3869 3655 3921; x_wconf 88' lang='lat' dir='ltr'><strong>c&#39;am</strong></span> 
     </span>
    </p>
   </div>
   <div class='ocr_carea' id='block_1_81' title="bbox 2076 3956 3658 4029">
    <p class='ocr_par' dir='ltr' id='par_1_81' title="bbox 2076 3956 3658 4029">
     <span class='ocr_line' id='line_1_81' title="bbox 2076 3956 3658 4029; baseline 0.003 -20"><span class='ocrx_word' id='word_1_582' title='bbox 2076 3956 2387 4012; x_wconf 82' lang='lat' dir='ltr'><strong>deﬁceret?</strong></span> <span class='ocrx_word' id='word_1_583' title='bbox 2410 3957 2568 4023; x_wconf 86' lang='lat' dir='ltr'><strong>Quod</strong></span> <span class='ocrx_word' id='word_1_584' title='bbox 2599 3958 2745 4012; x_wconf 89' lang='lat' dir='ltr'><strong>enim</strong></span> <span class='ocrx_word' id='word_1_585' title='bbox 2780 3958 3103 4027; x_wconf 91' lang='lat' dir='ltr'><strong>operatione</strong></span> <span class='ocrx_word' id='word_1_586' title='bbox 3121 3969 3394 4029; x_wconf 82' lang='lat' dir='ltr'><strong>motuque</strong></span> <span class='ocrx_word' id='word_1_587' title='bbox 3418 3961 3658 4013; x_wconf 88' lang='lat' dir='ltr'><strong>naturali</strong></span> 
     </span>
    </p>
   </div>
   <div class='ocr_carea' id='block_1_82' title="bbox 2078 4048 3658 4117">
    <p class='ocr_par' dir='ltr' id='par_1_82' title="bbox 2078 4048 3658 4117">
     <span class='ocr_line' id='line_1_82' title="bbox 2078 4048 3658 4117; baseline 0.003 -16"><span class='ocrx_word' id='word_1_588' title='bbox 2078 4048 2371 4113; x_wconf 82' lang='lat' dir='ltr'><strong>deﬁcitur,</strong></span> <span class='ocrx_word' id='word_1_589' title='bbox 2424 4066 2655 4115; x_wconf 85' lang='lat' dir='ltr'><strong>prorsus</strong></span> <span class='ocrx_word' id='word_1_590' title='bbox 2702 4060 2984 4103; x_wconf 91' lang='lat' dir='ltr'><strong>mortuum</strong></span> <span class='ocrx_word' id='word_1_591' title='bbox 3024 4060 3106 4104; x_wconf 89' lang='lat' dir='ltr'><strong>est</strong></span> <span class='ocrx_word' id='word_1_592' title='bbox 3141 4062 3196 4105; x_wconf 86' lang='lat' dir='ltr'><strong>et</strong></span> <span class='ocrx_word' id='word_1_593' title='bbox 3243 4052 3504 4105; x_wconf 88' lang='lat' dir='ltr'><strong>inanime.</strong></span> <span class='ocrx_word' id='word_1_594' title='bbox 3541 4052 3658 4117; x_wconf 85' lang='lat' dir='ltr'><strong>Qua</strong></span> 
     </span>
    </p>
   </div>
   <div class='ocr_carea' id='block_1_83' title="bbox 2078 4140 3662 4213">
    <p class='ocr_par' dir='ltr' id='par_1_83' title="bbox 2078 4140 3662 4213">
     <span class='ocr_line' id='line_1_83' title="bbox 2078 4140 3662 4213; baseline 0.003 -21"><span class='ocrx_word' id='word_1_595' title='bbox 2078 4148 2267 4193; x_wconf 88' lang='lat' dir='ltr'><strong>autem</strong></span> <span class='ocrx_word' id='word_1_596' title='bbox 2319 4141 2537 4195; x_wconf 86' lang='lat' dir='ltr'><strong>ratione</strong></span> <span class='ocrx_word' id='word_1_597' title='bbox 2596 4140 2747 4209; x_wconf 89' lang='lat' dir='ltr'><strong>quod</strong></span> <span class='ocrx_word' id='word_1_598' title='bbox 2809 4152 3090 4195; x_wconf 90' lang='lat' dir='ltr'><strong>mortuum</strong></span> <span class='ocrx_word' id='word_1_599' title='bbox 3131 4153 3315 4207; x_wconf 84' lang='lat' dir='ltr'><strong>esset,</strong></span> <span class='ocrx_word' id='word_1_600' title='bbox 3372 4144 3426 4197; x_wconf 92' lang='lat' dir='ltr'><strong>in</strong></span> <span class='ocrx_word' id='word_1_601' title='bbox 3478 4146 3662 4213; x_wconf 75' lang='lat' dir='ltr'><strong>operis</strong></span> 
     </span>
    </p>
   </div>
   <div class='ocr_carea' id='block_1_84' title="bbox 2081 4231 3663 4304">
    <p class='ocr_par' dir='ltr' id='par_1_84' title="bbox 2081 4231 3663 4304">
     <span class='ocr_line' id='line_1_84' title="bbox 2081 4231 3663 4304; baseline 0.003 -21"><span class='ocrx_word' id='word_1_602' title='bbox 2081 4240 2297 4300; x_wconf 89' lang='lat' dir='ltr'><strong>partem</strong></span> <span class='ocrx_word' id='word_1_603' title='bbox 2341 4231 2692 4286; x_wconf 84' lang='lat' dir='ltr'><strong>aseiscebat?</strong></span> <span class='ocrx_word' id='word_1_604' title='bbox 2742 4231 2899 4298; x_wconf 88' lang='lat' dir='ltr'><strong>Quod</strong></span> <span class='ocrx_word' id='word_1_605' title='bbox 2935 4234 3085 4287; x_wconf 88' lang='lat' dir='ltr'><strong>enim</strong></span> <span class='ocrx_word' id='word_1_606' title='bbox 3119 4250 3316 4304; x_wconf 77' lang='lat' dir='ltr'><strong>expers</strong></span> <span class='ocrx_word' id='word_1_607' title='bbox 3344 4244 3428 4289; x_wconf 90' lang='lat' dir='ltr'><strong>est</strong></span> <span class='ocrx_word' id='word_1_608' title='bbox 3462 4251 3663 4304; x_wconf 75' lang='lat' dir='ltr'><strong>Opera—</strong></span> 
     </span>
    </p>
   </div>
   <div class='ocr_carea' id='block_1_85' title="bbox 2082 4323 3663 4395">
    <p class='ocr_par' dir='ltr' id='par_1_85' title="bbox 2082 4323 3663 4395">
     <span class='ocr_line' id='line_1_85' title="bbox 2082 4323 3663 4395; baseline 0.002 -20"><span class='ocrx_word' id='word_1_609' title='bbox 2082 4323 2273 4387; x_wconf 85' lang='lat' dir='ltr'><strong>tionis,</strong></span> <span class='ocrx_word' id='word_1_610' title='bbox 2309 4331 2458 4377; x_wconf 93' lang='lat' dir='ltr'><strong>motu</strong></span> <span class='ocrx_word' id='word_1_611' title='bbox 2492 4325 2642 4377; x_wconf 92' lang='lat' dir='ltr'><strong>omni</strong></span> <span class='ocrx_word' id='word_1_612' title='bbox 2671 4340 2872 4379; x_wconf 88' lang='lat' dir='ltr'><strong>vacans</strong></span> <span class='ocrx_word' id='word_1_613' title='bbox 2905 4326 3164 4395; x_wconf 79' lang='lat' dir='ltr'><strong>inersque</strong></span> <span class='ocrx_word' id='word_1_614' title='bbox 3191 4334 3390 4395; x_wconf 84' lang='lat' dir='ltr'><strong>torpet.</strong></span> <span class='ocrx_word' id='word_1_615' title='bbox 3414 4326 3663 4392; x_wconf 86' lang='lat' dir='ltr'><strong>Quonam</strong></span> 
     </span>
    </p>
   </div>
   <div class='ocr_carea' id='block_1_86' title="bbox 396 4402 2141 4482">
    <p class='ocr_par' dir='ltr' id='par_1_86' title="bbox 396 4402 2141 4479">
     <span class='ocr_line' id='line_1_86' title="bbox 396 4402 2141 4479; baseline -0.003 -15"><span class='ocrx_word' id='word_1_616' title='bbox 396 4402 559 4479; x_wconf 82' lang='grc' dir='ltr'><strong>φύσιν</strong></span> <span class='ocrx_word' id='word_1_617' title='bbox 593 4411 765 4479; x_wconf 73' lang='grc' dir='ltr'><strong>αὐτῆς</strong></span> <span class='ocrx_word' id='word_1_618' title='bbox 792 4410 1109 4479; x_wconf 78' lang='grc' dir='ltr'><strong>κινημάτων</strong></span> <span class='ocrx_word' id='word_1_619' title='bbox 1131 4426 1144 4438; x_wconf 90' lang='grc'><strong>·</strong></span> <span class='ocrx_word' id='word_1_620' title='bbox 1174 4403 1286 4460; x_wconf 77' lang='grc' dir='ltr'><strong>οἷον</strong></span> <span class='ocrx_word' id='word_1_621' title='bbox 1310 4411 1407 4479; x_wconf 76' lang='grc' dir='ltr'><strong>τῆς</strong></span> <span class='ocrx_word' id='word_1_622' title='bbox 1439 4409 1602 4475; x_wconf 69' lang='grc' dir='ltr'><strong>ἁφῆς,</strong></span> <span class='ocrx_word' id='word_1_623' title='bbox 1638 4407 1736 4477; x_wconf 76' lang='grc' dir='ltr'><strong>τῆς</strong></span> <span class='ocrx_word' id='word_1_624' title='bbox 1773 4408 1979 4477; x_wconf 78' lang='grc' dir='ltr'><strong>φωνῆς,</strong></span> <span class='ocrx_word' id='word_1_625' title='bbox 2014 4420 2054 4473; x_wconf 81' lang='grc' dir='ltr'><strong>ι)</strong></span> <span class='ocrx_word' id='word_1_626' title='bbox 2081 4428 2141 4467; x_wconf 80' lang='lat' dir='ltr'><strong>vc</strong></span> 
     </span>
    </p>
   </div>
   <div class='ocr_carea' id='block_1_87' title="bbox 1923 4402 3668 4482">
    <p class='ocr_par' dir='ltr' id='par_1_87' title="bbox 1923 4412 3668 4482">
     <span class='ocr_line' id='line_1_87' title="bbox 1923 4412 3668 4482; baseline -0.001 -13"><span class='ocrx_word' id='word_1_627' title='bbox 1923 4424 1979 4474; x_wconf 64' lang='grc' dir='ltr'><strong>,ςς</strong></span> <span class='ocrx_word' id='word_1_628' title='bbox 2014 4420 2054 4473; x_wconf 90' lang='lat' dir='ltr'>D</span> <span class='ocrx_word' id='word_1_629' title='bbox 2081 4428 2215 4467; x_wconf 90' lang='lat' dir='ltr'><strong>vero</strong></span> <span class='ocrx_word' id='word_1_630' title='bbox 2249 4413 2413 4466; x_wconf 90' lang='lat' dir='ltr'><strong>modo</strong></span> <span class='ocrx_word' id='word_1_631' title='bbox 2456 4428 2618 4482; x_wconf 87' lang='lat' dir='ltr'><strong>posse</strong></span> <span class='ocrx_word' id='word_1_632' title='bbox 2668 4412 2811 4466; x_wconf 77' lang='lat' dir='ltr'><strong>lianc</strong></span> <span class='ocrx_word' id='word_1_633' title='bbox 2860 4413 3144 4469; x_wconf 81' lang='lat' dir='ltr'><strong>viviﬁcare</strong></span> <span class='ocrx_word' id='word_1_634' title='bbox 3182 4415 3567 4477; x_wconf 86' lang='lat' dir='ltr'><strong>monstrabat,</strong></span> <span class='ocrx_word' id='word_1_635' title='bbox 3607 4428 3668 4469; x_wconf 85' lang='lat' dir='ltr'><strong>ut</strong></span> 
     </span>
    </p>
   </div>
   <div class='ocr_carea' id='block_1_88' title="bbox 395 4499 1979 4573">
    <p class='ocr_par' dir='ltr' id='par_1_88' title="bbox 395 4499 1979 4573">
     <span class='ocr_line' id='line_1_88' title="bbox 395 4499 1979 4573; baseline -0.002 -18"><span class='ocrx_word' id='word_1_636' title='bbox 395 4503 488 4556; x_wconf 81' lang='grc' dir='ltr'><strong>τοῦ</strong></span> <span class='ocrx_word' id='word_1_637' title='bbox 524 4503 852 4573; x_wconf 74' lang='grc' dir='ltr'><strong>περιπάτου,</strong></span> <span class='ocrx_word' id='word_1_638' title='bbox 879 4500 1087 4554; x_wconf 80' lang='grc' dir='ltr'><strong>τούτων</strong></span> <span class='ocrx_word' id='word_1_639' title='bbox 1118 4502 1217 4553; x_wconf 70' lang='grc' dir='ltr'><strong>οὐκ</strong></span> <span class='ocrx_word' id='word_1_640' title='bbox 1245 4499 1417 4552; x_wconf 76' lang='grc' dir='ltr'><strong>ὄντων</strong></span> <span class='ocrx_word' id='word_1_641' title='bbox 1447 4500 1637 4569; x_wconf 75' lang='grc' dir='ltr'><strong>αὐτῆς,</strong></span> <span class='ocrx_word' id='word_1_642' title='bbox 1671 4500 1703 4569; x_wconf 80' lang='grc' dir='ltr'>ἢ</span> <span class='ocrx_word' id='word_1_643' title='bbox 1744 4502 1800 4551; x_wconf 89' lang='grc' dir='ltr'><strong>ἐν</strong></span> <span class='ocrx_word' id='word_1_644' title='bbox 1840 4500 1979 4570; x_wconf 76' lang='grc' dir='ltr'><strong>αὐτῇ</strong></span> 
     </span>
    </p>
   </div>
   <div class='ocr_carea' id='block_1_89' title="bbox 398 4592 1983 4664">
    <p class='ocr_par' dir='ltr' id='par_1_89' title="bbox 398 4592 1983 4664">
     <span class='ocr_line' id='line_1_89' title="bbox 398 4592 1983 4664; baseline -0.003 -15"><span class='ocrx_word' id='word_1_645' title='bbox 398 4596 753 4649; x_wconf 65' lang='grc' dir='ltr'><strong>κατόὑσίαν.</strong></span> <span class='ocrx_word' id='word_1_646' title='bbox 810 4595 874 4647; x_wconf 83' lang='grc' dir='ltr'><strong>Εἰ</strong></span> <span class='ocrx_word' id='word_1_647' title='bbox 925 4594 1035 4664; x_wconf 83' lang='grc' dir='ltr'><strong>γὰρ</strong></span> <span class='ocrx_word' id='word_1_648' title='bbox 1088 4593 1258 4662; x_wconf 79' lang='grc' dir='ltr'><strong>αὐτῆς</strong></span> <span class='ocrx_word' id='word_1_649' title='bbox 1310 4592 1431 4644; x_wconf 80' lang='grc' dir='ltr'><strong>κατ’</strong></span> <span class='ocrx_word' id='word_1_650' title='bbox 1482 4592 1693 4654; x_wconf 81' lang='grc' dir='ltr'><strong>οὐσίαν,</strong></span> <span class='ocrx_word' id='word_1_651' title='bbox 1744 4592 1983 4662; x_wconf 78' lang='grc' dir='ltr'><strong>φυσικὴν</strong></span> 
     </span>
    </p>
   </div>
   <div class='ocr_carea' id='block_1_90' title="bbox 400 4679 1985 4756">
    <p class='ocr_par' dir='ltr' id='par_1_90' title="bbox 400 4679 1985 4756">
     <span class='ocr_line' id='line_1_90' title="bbox 400 4679 1985 4756; baseline -0.001 -18"><span class='ocrx_word' id='word_1_652' title='bbox 400 4687 619 4749; x_wconf 74' lang='grc' dir='ltr'><strong>πάντως</strong></span> <span class='ocrx_word' id='word_1_653' title='bbox 652 4687 684 4756; x_wconf 83' lang='grc' dir='ltr'><strong>ἡ</strong></span> <span class='ocrx_word' id='word_1_654' title='bbox 737 4686 872 4756; x_wconf 77' lang='grc' dir='ltr'><strong>σὰρξ</strong></span> <span class='ocrx_word' id='word_1_655' title='bbox 911 4679 1056 4754; x_wconf 83' lang='grc' dir='ltr'><strong>εἶχεν</strong></span> <span class='ocrx_word' id='word_1_656' title='bbox 1086 4684 1368 4753; x_wconf 79' lang='grc' dir='ltr'><strong>ἐνέργειαν</strong></span> <span class='ocrx_word' id='word_1_657' title='bbox 1393 4700 1405 4713; x_wconf 74' lang='grc'><strong><em>⁸</em></strong></span> <span class='ocrx_word' id='word_1_658' title='bbox 1439 4685 1721 4755; x_wconf 84' lang='grc' dir='ltr'><strong>ἐνεργείας</strong></span> <span class='ocrx_word' id='word_1_659' title='bbox 1750 4685 1857 4752; x_wconf 69' lang='grc' dir='ltr'><strong>γὰρ</strong></span> <span class='ocrx_word' id='word_1_660' title='bbox 1889 4685 1985 4737; x_wconf 78' lang='grc' dir='ltr'><strong>αὐ-</strong></span> 
     </span>
    </p>
   </div>
   <div class='ocr_carea' id='block_1_91' title="bbox 397 4774 1983 4847">
    <p class='ocr_par' dir='ltr' id='par_1_91' title="bbox 397 4774 1983 4847">
     <span class='ocr_line' id='line_1_91' title="bbox 397 4774 1983 4847; baseline -0.002 -18"><span class='ocrx_word' id='word_1_661' title='bbox 397 4778 498 4846; x_wconf 83' lang='grc' dir='ltr'><strong>τῆς</strong></span> <span class='ocrx_word' id='word_1_662' title='bbox 526 4777 823 4841; x_wconf 81' lang='grc' dir='ltr'><strong>οὑσιώδους</strong></span> <span class='ocrx_word' id='word_1_663' title='bbox 877 4777 1050 4839; x_wconf 71' lang='grc' dir='ltr'><strong>ἐστὶν,</strong></span> <span class='ocrx_word' id='word_1_664' title='bbox 1086 4777 1121 4847; x_wconf 75' lang='grc' dir='ltr'><strong>ἧ</strong></span> <span class='ocrx_word' id='word_1_665' title='bbox 1154 4793 1214 4828; x_wconf 89' lang='grc' dir='ltr'><strong>τε</strong></span> <span class='ocrx_word' id='word_1_666' title='bbox 1246 4776 1460 4843; x_wconf 84' lang='grc' dir='ltr'><strong>κίνησις</strong></span> <span class='ocrx_word' id='word_1_667' title='bbox 1499 4774 1609 4827; x_wconf 84' lang='grc' dir='ltr'><strong>τῶν</strong></span> <span class='ocrx_word' id='word_1_668' title='bbox 1652 4775 1853 4845; x_wconf 84' lang='grc' dir='ltr'><strong>χειρῶν</strong></span> <span class='ocrx_word' id='word_1_669' title='bbox 1887 4777 1983 4827; x_wconf 69' lang='grc' dir='ltr'><strong>καὶ</strong></span> 
     </span>
    </p>
   </div>
   <div class='ocr_carea' id='block_1_92' title="bbox 396 4856 1986 4940">
    <p class='ocr_par' dir='ltr' id='par_1_92' title="bbox 396 4856 1986 4940">
     <span class='ocr_line' id='line_1_92' title="bbox 396 4856 1986 4940; baseline 0.001 -18"><span class='ocrx_word' id='word_1_670' title='bbox 396 4869 505 4923; x_wconf 82' lang='grc' dir='ltr'><strong>τῶν</strong></span> <span class='ocrx_word' id='word_1_671' title='bbox 537 4868 739 4935; x_wconf 84' lang='grc' dir='ltr'><strong>ποδῶν,</strong></span> <span class='ocrx_word' id='word_1_672' title='bbox 771 4869 867 4923; x_wconf 79' lang='grc' dir='ltr'><strong>καὶ</strong></span> <span class='ocrx_word' id='word_1_673' title='bbox 900 4871 933 4939; x_wconf 79' lang='grc' dir='ltr'>ἡ</span> <span class='ocrx_word' id='word_1_674' title='bbox 961 4868 1102 4922; x_wconf 80' lang='grc' dir='ltr'><strong>κατὰ</strong></span> <span class='ocrx_word' id='word_1_675' title='bbox 1134 4868 1231 4939; x_wconf 76' lang='grc' dir='ltr'><strong>τὴν</strong></span> <span class='ocrx_word' id='word_1_676' title='bbox 1262 4869 1547 4940; x_wconf 69' lang='grc' dir='ltr'><strong>προφορὰν</strong></span> <span class='ocrx_word' id='word_1_677' title='bbox 1582 4871 1760 4939; x_wconf 86' lang='grc' dir='ltr'><strong>φωνή.</strong></span> <span class='ocrx_word' id='word_1_678' title='bbox 1801 4856 1879 4923; x_wconf 51' lang='grc' dir='ltr'><strong>Ἐἰ</strong></span> <span class='ocrx_word' id='word_1_679' title='bbox 1927 4870 1986 4924; x_wconf 82' lang='grc' dir='ltr'><strong>δὲ</strong></span> 
     </span>
    </p>
   </div>
   <div class='ocr_carea' id='block_1_93' title="bbox 413 4962 1985 5039">
    <p class='ocr_par' dir='ltr' id='par_1_93' title="bbox 413 4962 1985 5039">
     <span class='ocr_line' id='line_1_93' title="bbox 413 4962 1985 5039; baseline 0.002 -21"><span class='ocrx_word' id='word_1_680' title='bbox 413 4965 515 5018; x_wconf 76' lang='grc' dir='ltr'><strong>οὐκ</strong></span> <span class='ocrx_word' id='word_1_681' title='bbox 539 4964 712 5035; x_wconf 83' lang='grc' dir='ltr'><strong>αὐτῆς</strong></span> <span class='ocrx_word' id='word_1_682' title='bbox 745 4964 885 5017; x_wconf 70' lang='grc' dir='ltr'><strong>κατὰ</strong></span> <span class='ocrx_word' id='word_1_683' title='bbox 911 4966 1073 5034; x_wconf 81' lang='grc' dir='ltr'><strong>φύσιν</strong></span> <span class='ocrx_word' id='word_1_684' title='bbox 1105 4963 1298 5028; x_wconf 73' lang='grc' dir='ltr'><strong>ταῦτα,</strong></span> <span class='ocrx_word' id='word_1_685' title='bbox 1332 4962 1620 5028; x_wconf 81' lang='grc' dir='ltr'><strong>ζωοποιεῖν</strong></span> <span class='ocrx_word' id='word_1_686' title='bbox 1675 4967 1985 5039; x_wconf 80' lang='grc' dir='ltr'><strong>δυναμένην</strong></span> 
     </span>
    </p>
   </div>
   <div class='ocr_carea' id='block_1_94' title="bbox 414 5056 1321 5127">
    <p class='ocr_par' dir='ltr' id='par_1_94' title="bbox 414 5056 1321 5127">
     <span class='ocr_line' id='line_1_94' title="bbox 414 5056 1321 5127; baseline 0.001 -16"><span class='ocrx_word' id='word_1_687' title='bbox 414 5057 620 5125; x_wconf 78' lang='grc' dir='ltr'><strong>ταύτην</strong></span> <span class='ocrx_word' id='word_1_688' title='bbox 650 5057 678 5109; x_wconf 93' lang='lat'><strong>6</strong></span> <span class='ocrx_word' id='word_1_689' title='bbox 706 5056 895 5127; x_wconf 83' lang='grc' dir='ltr'><strong>Σωτὴρ</strong></span> <span class='ocrx_word' id='word_1_690' title='bbox 914 5056 1014 5109; x_wconf 75' lang='grc' dir='ltr'><strong>οὐκ</strong></span> <span class='ocrx_word' id='word_1_691' title='bbox 1045 5056 1321 5122; x_wconf 78' lang='grc' dir='ltr'><strong>ἀπέδειξε.</strong></span> 
     </span>
    </p>
   </div>
   <div class='ocr_carea' id='block_1_95' title="bbox 2083 4500 3669 4575">
    <p class='ocr_par' dir='ltr' id='par_1_95' title="bbox 2083 4500 3669 4575">
     <span class='ocr_line' id='line_1_95' title="bbox 2083 4500 3669 4575; baseline 0.001 -17"><span class='ocrx_word' id='word_1_692' title='bbox 2083 4504 2231 4558; x_wconf 90' lang='lat' dir='ltr'><strong>idem</strong></span> <span class='ocrx_word' id='word_1_693' title='bbox 2270 4520 2466 4559; x_wconf 91' lang='lat' dir='ltr'><strong>rursus</strong></span> <span class='ocrx_word' id='word_1_694' title='bbox 2505 4505 2743 4575; x_wconf 89' lang='lat' dir='ltr'><strong>Cyrillus</strong></span> <span class='ocrx_word' id='word_1_695' title='bbox 2773 4505 2986 4569; x_wconf 89' lang='lat' dir='ltr'><strong>docuit,</strong></span> <span class='ocrx_word' id='word_1_696' title='bbox 3041 4521 3139 4575; x_wconf 91' lang='lat' dir='ltr'><strong>per</strong></span> <span class='ocrx_word' id='word_1_697' title='bbox 3174 4514 3359 4561; x_wconf 91' lang='lat' dir='ltr'><strong>motus</strong></span> <span class='ocrx_word' id='word_1_698' title='bbox 3384 4500 3536 4561; x_wconf 72' lang='lat' dir='ltr'><strong>‘suos</strong></span> <span class='ocrx_word' id='word_1_699' title='bbox 3571 4523 3669 4559; x_wconf 86' lang='lat' dir='ltr'><strong>na-</strong></span> 
     </span>
    </p>
   </div>
   <div class='ocr_carea' id='block_1_96' title="bbox 2074 4595 3671 4665">
    <p class='ocr_par' dir='ltr' id='par_1_96' title="bbox 2074 4595 3671 4665">
     <span class='ocr_line' id='line_1_96' title="bbox 2074 4595 3671 4665; baseline 0.003 -19"><span class='ocrx_word' id='word_1_700' title='bbox 2074 4595 2326 4659; x_wconf 69' lang='lat' dir='ltr'><strong>‘turalcs;</strong></span> <span class='ocrx_word' id='word_1_701' title='bbox 2384 4605 2537 4665; x_wconf 89' lang='lat' dir='ltr'><strong>puta,</strong></span> <span class='ocrx_word' id='word_1_702' title='bbox 2576 4605 2805 4660; x_wconf 84' lang='lat' dir='ltr'><strong>tactum,</strong></span> <span class='ocrx_word' id='word_1_703' title='bbox 2858 4612 3072 4657; x_wconf 83' lang='lat' dir='ltr'><strong>vocem,</strong></span> <span class='ocrx_word' id='word_1_704' title='bbox 3103 4598 3565 4659; x_wconf 84' lang='lat' dir='ltr'><strong>ambulationem,</strong></span> <span class='ocrx_word' id='word_1_705' title='bbox 3626 4597 3671 4651; x_wconf 85' lang='lat' dir='ltr'><strong>si</strong></span> 
     </span>
    </p>
   </div>
   <div class='ocr_carea' id='block_1_97' title="bbox 2088 4686 3671 4756">
    <p class='ocr_par' dir='ltr' id='par_1_97' title="bbox 2088 4686 3671 4756">
     <span class='ocr_line' id='line_1_97' title="bbox 2088 4686 3671 4756; baseline 0.001 -18"><span class='ocrx_word' id='word_1_706' title='bbox 2088 4686 2205 4739; x_wconf 62' lang='lat' dir='ltr'><strong>lucc</strong></span> <span class='ocrx_word' id='word_1_707' title='bbox 2255 4687 2399 4756; x_wconf 89' lang='lat' dir='ltr'><strong>ejus,</strong></span> <span class='ocrx_word' id='word_1_708' title='bbox 2441 4687 2529 4741; x_wconf 90' lang='lat' dir='ltr'><strong>vel</strong></span> <span class='ocrx_word' id='word_1_709' title='bbox 2570 4687 2623 4740; x_wconf 92' lang='lat' dir='ltr'><strong>in</strong></span> <span class='ocrx_word' id='word_1_710' title='bbox 2678 4703 2742 4741; x_wconf 84' lang='lat' dir='ltr'><strong>ea</strong></span> <span class='ocrx_word' id='word_1_711' title='bbox 2792 4690 3166 4744; x_wconf 85' lang='lat' dir='ltr'><strong>essentialiter</strong></span> <span class='ocrx_word' id='word_1_712' title='bbox 3219 4706 3331 4745; x_wconf 92' lang='lat' dir='ltr'><strong>non</strong></span> <span class='ocrx_word' id='word_1_713' title='bbox 3384 4688 3671 4744; x_wconf 86' lang='lat' dir='ltr'><strong>erant?Si</strong></span> 
     </span>
    </p>
   </div>
   <div class='ocr_carea' id='block_1_98' title="bbox 2087 4777 3675 4851">
    <p class='ocr_par' dir='ltr' id='par_1_98' title="bbox 2087 4777 3675 4851">
     <span class='ocr_line' id='line_1_98' title="bbox 2087 4777 3675 4851; baseline 0.002 -21"><span class='ocrx_word' id='word_1_714' title='bbox 2087 4777 2239 4831; x_wconf 90' lang='lat' dir='ltr'><strong>enim</strong></span> <span class='ocrx_word' id='word_1_715' title='bbox 2265 4778 2388 4848; x_wconf 90' lang='lat' dir='ltr'><strong>ejus</strong></span> <span class='ocrx_word' id='word_1_716' title='bbox 2406 4780 2780 4835; x_wconf 84' lang='lat' dir='ltr'><strong>essentialiter</strong></span> <span class='ocrx_word' id='word_1_717' title='bbox 2800 4792 2982 4847; x_wconf 88' lang='lat' dir='ltr'><strong>erant,</strong></span> <span class='ocrx_word' id='word_1_718' title='bbox 3017 4782 3326 4836; x_wconf 89' lang='lat' dir='ltr'><strong>naturalem</strong></span> <span class='ocrx_word' id='word_1_719' title='bbox 3358 4781 3521 4851; x_wconf 89' lang='lat' dir='ltr'><strong>plane</strong></span> <span class='ocrx_word' id='word_1_720' title='bbox 3545 4795 3675 4834; x_wconf 60' lang='lat' dir='ltr'><strong>caeo</strong></span> 
     </span>
    </p>
   </div>
   <div class='ocr_carea' id='block_1_99' title="bbox 2092 4873 3675 4944">
    <p class='ocr_par' dir='ltr' id='par_1_99' title="bbox 2092 4873 3675 4944">
     <span class='ocr_line' id='line_1_99' title="bbox 2092 4873 3675 4944; baseline 0.003 -17"><span class='ocrx_word' id='word_1_721' title='bbox 2092 4874 2476 4942; x_wconf 90' lang='lat' dir='ltr'><strong>operationem</strong></span> <span class='ocrx_word' id='word_1_722' title='bbox 2512 4873 2775 4927; x_wconf 85' lang='lat' dir='ltr'><strong>habebat.</strong></span> <span class='ocrx_word' id='word_1_723' title='bbox 2811 4874 2893 4926; x_wconf 81' lang='lat' dir='ltr'><strong>Ad</strong></span> <span class='ocrx_word' id='word_1_724' title='bbox 2927 4875 3281 4929; x_wconf 85' lang='lat' dir='ltr'><strong>cssentialem</strong></span> <span class='ocrx_word' id='word_1_725' title='bbox 3321 4876 3525 4944; x_wconf 83' lang='lat' dir='ltr'><strong>quippe</strong></span> <span class='ocrx_word' id='word_1_726' title='bbox 3558 4875 3675 4943; x_wconf 78' lang='lat' dir='ltr'><strong>ejus</strong></span> 
     </span>
    </p>
   </div>
   <div class='ocr_carea' id='block_1_100' title="bbox 2100 4968 3673 5045">
    <p class='ocr_par' dir='ltr' id='par_1_100' title="bbox 2100 4968 3673 5045">
     <span class='ocr_line' id='line_1_100' title="bbox 2100 4968 3673 5045; baseline 0.006 -25"><span class='ocrx_word' id='word_1_727' title='bbox 2100 4968 2472 5037; x_wconf 86' lang='lat' dir='ltr'><strong>Operationem</strong></span> <span class='ocrx_word' id='word_1_728' title='bbox 2528 4980 2827 5040; x_wconf 81' lang='lat' dir='ltr'><strong>spectant,</strong></span> <span class='ocrx_word' id='word_1_729' title='bbox 2877 4980 2989 5025; x_wconf 91' lang='lat' dir='ltr'><strong>tum</strong></span> <span class='ocrx_word' id='word_1_730' title='bbox 3042 4988 3303 5027; x_wconf 89' lang='lat' dir='ltr'><strong>manuum</strong></span> <span class='ocrx_word' id='word_1_731' title='bbox 3364 4976 3673 5045; x_wconf 87' lang='lat' dir='ltr'><strong>pedumque</strong></span> 
     </span>
    </p>
   </div>
   <div class='ocr_carea' id='block_1_101' title="bbox 2099 5063 3674 5137">
    <p class='ocr_par' dir='ltr' id='par_1_101' title="bbox 2099 5063 3674 5137">
     <span class='ocr_line' id='line_1_101' title="bbox 2099 5063 3674 5137; baseline 0.004 -22"><span class='ocrx_word' id='word_1_732' title='bbox 2099 5072 2278 5116; x_wconf 89' lang='lat' dir='ltr'><strong>motus</strong></span> <span class='ocrx_word' id='word_1_733' title='bbox 2307 5078 2322 5130; x_wconf 87' lang='lat'><strong>;</strong></span> <span class='ocrx_word' id='word_1_734' title='bbox 2355 5072 2466 5116; x_wconf 93' lang='lat' dir='ltr'><strong>tum</strong></span> <span class='ocrx_word' id='word_1_735' title='bbox 2514 5066 2665 5118; x_wconf 85' lang='lat' dir='ltr'><strong>vocis</strong></span> <span class='ocrx_word' id='word_1_736' title='bbox 2689 5064 2943 5134; x_wconf 70' lang='lat' dir='ltr'><strong>prolatio.</strong></span> <span class='ocrx_word' id='word_1_737' title='bbox 2975 5063 3068 5119; x_wconf 90' lang='lat' dir='ltr'><strong>Sin</strong></span> <span class='ocrx_word' id='word_1_738' title='bbox 3104 5077 3285 5120; x_wconf 89' lang='lat' dir='ltr'><strong>autem</strong></span> <span class='ocrx_word' id='word_1_739' title='bbox 3322 5068 3434 5121; x_wconf 60' lang='lat' dir='ltr'><strong>hinc</strong></span> <span class='ocrx_word' id='word_1_740' title='bbox 3458 5083 3552 5137; x_wconf 82' lang='lat' dir='ltr'><strong>per</strong></span> <span class='ocrx_word' id='word_1_741' title='bbox 3579 5084 3674 5122; x_wconf 75' lang='lat' dir='ltr'><strong>na—</strong></span> 
     </span>
    </p>
   </div>
   <div class='ocr_carea' id='block_1_102' title="bbox 417 5152 2924 5226">
    <p class='ocr_par' dir='ltr' id='par_1_102' title="bbox 417 5152 2924 5226">
     <span class='ocr_line' id='line_1_102' title="bbox 417 5152 2924 5226; baseline 0.002 -21"><span class='ocrx_word' id='word_1_742' title='bbox 417 5160 597 5206; x_wconf 88' lang='lat' dir='ltr'><strong>turam</strong></span> <span class='ocrx_word' id='word_1_743' title='bbox 627 5152 776 5207; x_wconf 88' lang='lat' dir='ltr'><strong>illius</strong></span> <span class='ocrx_word' id='word_1_744' title='bbox 798 5168 903 5207; x_wconf 91' lang='lat' dir='ltr'><strong>non</strong></span> <span class='ocrx_word' id='word_1_745' title='bbox 924 5163 1106 5218; x_wconf 88' lang='lat' dir='ltr'><strong>erant,</strong></span> <span class='ocrx_word' id='word_1_746' title='bbox 1135 5167 1236 5207; x_wconf 88' lang='lat' dir='ltr'><strong>nec</strong></span> <span class='ocrx_word' id='word_1_747' title='bbox 1266 5154 1406 5208; x_wconf 85' lang='lat' dir='ltr'><strong>hanc</strong></span> <span class='ocrx_word' id='word_1_748' title='bbox 1434 5168 1556 5223; x_wconf 79' lang='lat' dir='ltr'><strong>qua:</strong></span> <span class='ocrx_word' id='word_1_749' title='bbox 1587 5154 1753 5209; x_wconf 86' lang='lat' dir='ltr'><strong>vitam</strong></span> <span class='ocrx_word' id='word_1_750' title='bbox 1794 5163 2053 5224; x_wconf 66' lang='lat' dir='ltr'><strong>prmstare</strong></span> <span class='ocrx_word' id='word_1_751' title='bbox 2090 5167 2292 5226; x_wconf 85' lang='lat' dir='ltr'><strong>posset,</strong></span> <span class='ocrx_word' id='word_1_752' title='bbox 2325 5157 2577 5211; x_wconf 89' lang='lat' dir='ltr'><strong>Salvator</strong></span> <span class='ocrx_word' id='word_1_753' title='bbox 2604 5159 2924 5212; x_wconf 84' lang='lat' dir='ltr'><strong>exhibebat.</strong></span> 
     </span>
    </p>
   </div>
   <div class='ocr_carea' id='block_1_103' title="bbox 422 5269 1988 5340">
    <p class='ocr_par' dir='ltr' id='par_1_103' title="bbox 422 5269 1988 5340">
     <span class='ocr_line' id='line_1_103' title="bbox 422 5269 1988 5340; baseline -0.001 -14"><span class='ocrx_word' id='word_1_754' title='bbox 422 5269 535 5326; x_wconf 83' lang='grc' dir='ltr'><strong>Τοῦ</strong></span> <span class='ocrx_word' id='word_1_755' title='bbox 577 5269 766 5324; x_wconf 83' lang='grc' dir='ltr'><strong>αὑτοῦ</strong></span> <span class='ocrx_word' id='word_1_756' title='bbox 811 5269 961 5337; x_wconf 63' lang='grc' dir='ltr'><strong>πριλς</strong></span> <span class='ocrx_word' id='word_1_757' title='bbox 993 5269 1145 5340; x_wconf 63' lang='grc' dir='ltr'><strong>Δτοὺς</strong></span> <span class='ocrx_word' id='word_1_758' title='bbox 1196 5271 1508 5340; x_wconf 73' lang='grc' dir='ltr'><strong>λέγοντας,</strong></span> <span class='ocrx_word' id='word_1_759' title='bbox 1558 5270 1648 5323; x_wconf 84' lang='grc' dir='ltr'><strong>ὅτι</strong></span> <span class='ocrx_word' id='word_1_760' title='bbox 1697 5269 1848 5340; x_wconf 81' lang='grc' dir='ltr'><strong>μίαν</strong></span> <span class='ocrx_word' id='word_1_761' title='bbox 1882 5270 1988 5325; x_wconf 84' lang='grc' dir='ltr'><strong>τοῦ</strong></span> 
     </span>
    </p>
   </div>
   <div class='ocr_carea' id='block_1_104' title="bbox 498 5338 1989 5423">
    <p class='ocr_par' dir='ltr' id='par_1_104' title="bbox 498 5338 1989 5423">
     <span class='ocr_line' id='line_1_104' title="bbox 498 5338 1989 5423; baseline 0 -30"><span class='ocrx_word' id='word_1_762' title='bbox 498 5340 761 5423; x_wconf 70' lang='grc' dir='ltr'><strong>Χριστοῦ</strong></span> <span class='ocrx_word' id='word_1_763' title='bbox 787 5340 903 5408; x_wconf 81' lang='grc' dir='ltr'><strong>χρὴ</strong></span> <span class='ocrx_word' id='word_1_764' title='bbox 931 5338 1135 5410; x_wconf 70' lang='grc' dir='ltr'><strong>,λέγειν</strong></span> <span class='ocrx_word' id='word_1_765' title='bbox 1170 5340 1287 5410; x_wconf 78' lang='grc' dir='ltr'><strong>τὴν</strong></span> <span class='ocrx_word' id='word_1_766' title='bbox 1340 5338 1647 5412; x_wconf 77' lang='grc' dir='ltr'><strong>ἐνέργειαν</strong></span> <span class='ocrx_word' id='word_1_767' title='bbox 1699 5338 1835 5395; x_wconf 63' lang='grc' dir='ltr'><strong>κατ’</strong></span> <span class='ocrx_word' id='word_1_768' title='bbox 1858 5341 1989 5394; x_wconf 78' lang='grc' dir='ltr'><strong>ἐπι-</strong></span> 
     </span>
    </p>
   </div>
   <div class='ocr_carea' id='block_1_105' title="bbox 494 5427 795 5477">
    <p class='ocr_par' dir='ltr' id='par_1_105' title="bbox 494 5427 795 5477">
     <span class='ocr_line' id='line_1_105' title="bbox 494 5427 795 5477; baseline 0.007 -13"><span class='ocrx_word' id='word_1_769' title='bbox 494 5427 795 5477; x_wconf 81' lang='grc' dir='ltr'><strong>κρατειαν.</strong></span> 
     </span>
    </p>
   </div>
   <div class='ocr_carea' id='block_1_106' title="bbox 498 5489 1983 5600">
    <p class='ocr_par' dir='ltr' id='par_1_106' title="bbox 498 5489 1983 5600">
     <span class='ocr_line' id='line_1_106' title="bbox 498 5489 1983 5600; baseline 0.001 -21"><span class='ocrx_word' id='word_1_770' title='bbox 498 5528 725 5600; x_wconf 83' lang='grc' dir='ltr'><strong>Πρῶτον</strong></span> <span class='ocrx_word' id='word_1_771' title='bbox 757 5530 856 5597; x_wconf 82' lang='grc' dir='ltr'><strong>μὲν</strong></span> <span class='ocrx_word' id='word_1_772' title='bbox 876 5528 967 5582; x_wconf 82' lang='grc' dir='ltr'><strong>δύο</strong></span> <span class='ocrx_word' id='word_1_773' title='bbox 992 5489 1275 5600; x_wconf 74' lang='grc' dir='ltr'><strong>ἐνεργείας</strong></span> <span class='ocrx_word' id='word_1_774' title='bbox 1301 5529 1398 5584; x_wconf 76' lang='grc' dir='ltr'><strong>καὶ</strong></span> <span class='ocrx_word' id='word_1_775' title='bbox 1438 5528 1598 5599; x_wconf 81' lang='grc' dir='ltr'><strong>ὑμεῖς</strong></span> <span class='ocrx_word' id='word_1_776' title='bbox 1642 5527 1983 5598; x_wconf 79' lang='grc' dir='ltr'><strong>ὁμολογεῖτε,</strong></span> 
     </span>
    </p>
   </div>
   <div class='ocr_carea' id='block_1_107' title="bbox 420 5620 1991 5698">
    <p class='ocr_par' dir='ltr' id='par_1_107' title="bbox 420 5620 1991 5698">
     <span class='ocr_line' id='line_1_107' title="bbox 420 5620 1991 5698; baseline -0.005 -18"><span class='ocrx_word' id='word_1_777' title='bbox 420 5624 554 5698; x_wconf 83' lang='grc' dir='ltr'><strong>μίαν</strong></span> <span class='ocrx_word' id='word_1_778' title='bbox 580 5624 1009 5696; x_wconf 79' lang='grc' dir='ltr'><strong>ἐπικρατοῦσαν,</strong></span> <span class='ocrx_word' id='word_1_779' title='bbox 1042 5626 1140 5695; x_wconf 72' lang='grc' dir='ltr'><strong>τὴν</strong></span> <span class='ocrx_word' id='word_1_780' title='bbox 1166 5623 1319 5679; x_wconf 80' lang='grc' dir='ltr'><strong>Θείαν</strong></span> <span class='ocrx_word' id='word_1_781' title='bbox 1353 5624 1520 5694; x_wconf 78' lang='grc' dir='ltr'><strong>φημὶ,</strong></span> <span class='ocrx_word' id='word_1_782' title='bbox 1568 5622 1664 5677; x_wconf 71' lang='grc' dir='ltr'><strong>καὶ</strong></span> <span class='ocrx_word' id='word_1_783' title='bbox 1705 5620 1833 5691; x_wconf 79' lang='grc' dir='ltr'><strong>μίαν</strong></span> <span class='ocrx_word' id='word_1_784' title='bbox 1866 5621 1991 5674; x_wconf 85' lang='grc' dir='ltr'><strong>ἐπι-</strong></span> 
     </span>
    </p>
   </div>
   <div class='ocr_carea' id='block_1_108' title="bbox 506 5806 927 5875">
    <p class='ocr_par' dir='ltr' id='par_1_108' title="bbox 506 5806 927 5875">
     <span class='ocr_line' id='line_1_108' title="bbox 506 5806 927 5875; baseline 0.007 -13"><span class='ocrx_word' id='word_1_785' title='bbox 506 5811 520 5840; x_wconf 85' lang='grc'>¹</span> <span class='ocrx_word' id='word_1_786' title='bbox 562 5806 718 5864; x_wconf 80' lang='lat' dir='ltr'><strong>Joan.</strong></span> <span class='ocrx_word' id='word_1_787' title='bbox 757 5827 810 5875; x_wconf 89' lang='lat' dir='ltr'><strong>v,</strong></span> <span class='ocrx_word' id='word_1_788' title='bbox 838 5811 927 5866; x_wconf 73' lang='grc'><strong>21.</strong></span> 
     </span>
    </p>
   </div>
   <div class='ocr_carea' id='block_1_109' title="bbox 2103 5267 3674 5341">
    <p class='ocr_par' dir='ltr' id='par_1_109' title="bbox 2103 5267 3674 5341">
     <span class='ocr_line' id='line_1_109' title="bbox 2103 5267 3674 5341; baseline 0.004 -18"><span class='ocrx_word' id='word_1_789' title='bbox 2103 5267 2357 5338; x_wconf 80' lang='lat' dir='ltr'><strong>Ejusdem</strong></span> <span class='ocrx_word' id='word_1_790' title='bbox 2395 5273 2646 5326; x_wconf 76' lang='lat' dir='ltr'><strong>adversus</strong></span> <span class='ocrx_word' id='word_1_791' title='bbox 2680 5271 2819 5333; x_wconf 71' lang='lat' dir='ltr'><strong>illos,</strong></span> <span class='ocrx_word' id='word_1_792' title='bbox 2844 5273 2931 5341; x_wconf 86' lang='lat' dir='ltr'><strong>qui</strong></span> <span class='ocrx_word' id='word_1_793' title='bbox 2959 5271 3225 5327; x_wconf 80' lang='lat' dir='ltr'><strong>Christum</strong></span> <span class='ocrx_word' id='word_1_794' title='bbox 3277 5273 3466 5326; x_wconf 82' lang='lat' dir='ltr'><strong>habere</strong></span> <span class='ocrx_word' id='word_1_795' title='bbox 3497 5273 3674 5329; x_wconf 83' lang='lat' dir='ltr'><strong>dicunt</strong></span> 
     </span>
    </p>
   </div>
   <div class='ocr_carea' id='block_1_110' title="bbox 2374 5345 3412 5413">
    <p class='ocr_par' dir='ltr' id='par_1_110' title="bbox 2374 5345 3412 5413">
     <span class='ocr_line' id='line_1_110' title="bbox 2374 5345 3412 5413; baseline 0.001 -16"><span class='ocrx_word' id='word_1_796' title='bbox 2374 5346 2628 5397; x_wconf 83' lang='lat' dir='ltr'><strong>actionem</strong></span> <span class='ocrx_word' id='word_1_797' title='bbox 2662 5359 2820 5395; x_wconf 79' lang='lat' dir='ltr'><strong>unum</strong></span> <span class='ocrx_word' id='word_1_798' title='bbox 2849 5358 2941 5413; x_wconf 82' lang='lat' dir='ltr'><strong>per</strong></span> <span class='ocrx_word' id='word_1_799' title='bbox 2979 5345 3412 5399; x_wconf 78' lang='lat' dir='ltr'><strong>dominationem.</strong></span> 
     </span>
    </p>
   </div>
   <div class='ocr_carea' id='block_1_111' title="bbox 2170 5523 3674 5595">
    <p class='ocr_par' dir='ltr' id='par_1_111' title="bbox 2170 5523 3674 5595">
     <span class='ocr_line' id='line_1_111' title="bbox 2170 5523 3674 5595; baseline 0.004 -16"><span class='ocrx_word' id='word_1_800' title='bbox 2170 5523 2413 5580; x_wconf 88' lang='lat' dir='ltr'><strong>Primum</strong></span> <span class='ocrx_word' id='word_1_801' title='bbox 2447 5525 2669 5595; x_wconf 88' lang='lat' dir='ltr'><strong>quidem</strong></span> <span class='ocrx_word' id='word_1_802' title='bbox 2704 5535 2758 5581; x_wconf 91' lang='lat' dir='ltr'><strong>et</strong></span> <span class='ocrx_word' id='word_1_803' title='bbox 2809 5543 2907 5582; x_wconf 90' lang='lat' dir='ltr'><strong>vos</strong></span> <span class='ocrx_word' id='word_1_804' title='bbox 2964 5530 3103 5585; x_wconf 86' lang='lat' dir='ltr'><strong>duas</strong></span> <span class='ocrx_word' id='word_1_805' title='bbox 3150 5530 3394 5585; x_wconf 84' lang='lat' dir='ltr'><strong>actiones</strong></span> <span class='ocrx_word' id='word_1_806' title='bbox 3446 5529 3674 5585; x_wconf 82' lang='lat' dir='ltr'><strong>conﬁte-</strong></span> 
     </span>
    </p>
   </div>
   <div class='ocr_carea' id='block_1_112' title="bbox 2097 5615 3673 5695">
    <p class='ocr_par' dir='ltr' id='par_1_112' title="bbox 2097 5615 3673 5695">
     <span class='ocr_line' id='line_1_112' title="bbox 2097 5615 3673 5695; baseline 0.004 -23"><span class='ocrx_word' id='word_1_807' title='bbox 2097 5615 2259 5687; x_wconf 85' lang='lat' dir='ltr'><strong>mini,</strong></span> <span class='ocrx_word' id='word_1_808' title='bbox 2285 5631 2450 5675; x_wconf 73' lang='lat' dir='ltr'><strong>mam</strong></span> <span class='ocrx_word' id='word_1_809' title='bbox 2481 5618 2707 5691; x_wconf 87' lang='lat' dir='ltr'><strong>quidem</strong></span> <span class='ocrx_word' id='word_1_810' title='bbox 2738 5632 3111 5692; x_wconf 81' lang='lat' dir='ltr'><strong>superantem,</strong></span> <span class='ocrx_word' id='word_1_811' title='bbox 3176 5640 3370 5695; x_wconf 86' lang='lat' dir='ltr'><strong>nempe</strong></span> <span class='ocrx_word' id='word_1_812' title='bbox 3399 5625 3673 5693; x_wconf 84' lang='lat' dir='ltr'><strong>divinam,</strong></span> 
     </span>
    </p>
   </div>
  </div>
