4420 6452
797 425 930 487 1147

2066 423 2447 484 EU'FHYMII
2490 422 2659 481 ZIGA
2675 423 2850 483 BENI

3919 425 4061 488 1148

794 539 1015 592 alterum
1055 545 1231 588 autem
1268 543 1600 602 superatam,
1629 534 1679 586 id
1734 544 1818 587 est
1869 537 2182 588 humanam.
2221 532 2374 598 Quod
2407 537 2448 590 Α
2481 548 2539 598 κε

2311 532 2374 585 od
2407 537 2448 590 Α
2481 534 2863 603 κρατουμένην
2899 534 2997 604 τὴν
3033 535 3381 606 ἀνθρωπίνην
3429 536 3695 606 δηλονότι,
3744 539 3881 608 ὅπερ
3937 543 4056 596 ἐστὶ

793 641 873 684 est
908 644 1091 681 eorum
1117 641 1233 694 qth
1260 641 1384 678 cum
1411 626 1588 691 aliqua
1619 625 1996 679 conferuntur.
2025 628 2157 692 Quae
2188 636 2370 678 autem

793 730 915 776 sont
938 718 1227 785 ejusmodi,
1260 731 1379 770 sese
1415 728 1597 769 mutuo
1632 716 1890 770 inferunt.
1945 717 2212 772 Praeterea
2251 731 2375 769 cum

791 811 1123 878 superiorem
1149 809 1420 861 actionem
1447 807 1662 869 dicatis,
1705 816 1963 874 tanquam
2001 809 2236 860 humana
2268 808 2374 859 vita

789 902 1070 957 auferatur
1094 942 1108 963 ,
1139 902 1393 954 damnum
1425 900 1555 966 ipsis
1581 900 1815 953 aﬂ'ertis.
1853 899 1981 951 Nam
2016 909 2071 952 et
2102 899 2180 962 id,
2228 899 2374 966 quod

788 1002 1014 1060 superat
1048 1006 1111 1046 ex
1135 1006 1322 1045 eorum
1356 999 1439 1045 est
1475 1005 1725 1054 numero,
1753 1007 1871 1058 qum
1899 993 2197 1060 patiuntur.
2241 991 2374 1043 Vin-

789 1087 930 1140 citur
972 1086 1115 1139 enim
1162 1095 1214 1137 et
1244 1084 1416 1152 ipsum
1457 1083 1525 1138 ab
1552 1099 1616 1137 eo
1645 1086 1785 1152 quod
1828 1085 2030 1137 vietum
2057 1094 2160 1138 est.
2226 1083 2376 1138 Licet

788 1179 931 1230 enim
955 1176 1150 1240 minus,
1195 1175 1432 1229 vincitur
1463 1183 1662 1229 tamen.
1709 1174 1776 1230 Ut
1833 1190 2024 1228 aurum
2087 1176 2213 1229 licet
2280 1190 2372 1227 ar-

787 1281 1006 1337 gentum
1032 1277 1194 1335 atque
1229 1280 1303 1319 tes
1342 1265 1642 1319 immistum
1710 1277 1950 1334 superet,
1999 1268 2234 1320 vincitur
2289 1277 2368 1319 ta-

791 1375 914 1413 men
948 1360 1124 1426 ipsum
1159 1371 1396 1425 quoque,
1454 1356 1584 1410 licet
1638 1357 1841 1420 minus,
1900 1371 2092 1427 nempe
2152 1365 2374 1427 propter

786 1452 1073 1506 admistam
1120 1451 1499 1520 quantitatem.

783 1648 1038 1720 Ejusdem
1069 1650 1317 1704 adversus
1364 1649 1482 1702 illos
1521 1650 1612 1717 qui
1644 1651 1859 1712 dicunt,
1915 1652 2365 1719 quemadmodum

847 1723 1201 1782 instrumenti,
1233 1733 1280 1773 et
1306 1721 1419 1786 ejus
1453 1725 1540 1784 qui
1565 1723 1732 1772 utitur
1761 1722 2106 1773 instrumento
2143 1739 2249 1773 una
2287 1731 2364 1774 est

847 1792 1010 1853 actio,
1040 1793 1115 1842 sic
1170 1800 1216 1842 et
1263 1789 1557 1842 divinitati:
1605 1794 1766 1858 atque
1818 1791 2165 1843 humanitatis
2202 1807 2362 1843 uuam

850 1868 960 1913 esse
1007 1861 1288 1913 actionem.

855 1993 914 2048 Si
958 1994 1206 2047 naturale
1239 1994 1421 2049 dicitis
1466 1995 1912 2054 instrumentum.
1970 1994 2213 2064 ejusdem
2271 2007 2366 2061 per

778 2101 876 2141 vos
905 2087 1167 2155 temporis
1209 2089 1311 2140 erit
1353 2086 1592 2142 Verbum
1665 2102 1788 2141 cum
1859 2102 2042 2152 carne,
2103 2097 2194 2140 aut
2239 2101 2366 2140 caro

778 2180 941 2233 simul
972 2194 1094 2232 cum
1124 2178 1304 2232 Verbo
1328 2181 1679 2247 sempiterna.
1751 2181 2021 2249 Quidquid
2080 2181 2224 2235 enim
2257 2184 2368 2233 ins-

777 2279 1052 2325 trumento
1087 2270 1530 2335 utituruaturali,
1561 2271 1805 2340 ejusdem
1842 2272 2099 2339 temporis
2132 2281 2214 2326 est
2239 2287 2364 2326 cum

775 2364 887 2420 illo.
919 2362 1390 2429 Quemadmodum
1421 2374 1505 2419 est
1565 2365 1745 2418 anima
1776 2380 1898 2420 cum
1964 2380 2213 2435 corpore.
2259 2365 2365 2418 Po-

772 2455 928 2509 testis
959 2455 1125 2523 igitur
1150 2455 1230 2508 vel
1261 2466 1512 2508 naturam
1570 2456 1810 2510 divinam
1863 2468 2103 2511 creatam
2155 2458 2358 2522 dicere,

771 2552 856 2604 vel
884 2565 1084 2619 corpus
1112 2550 1442 2603 int-reatum.
1475 2548 1628 2615 Quod
1663 2551 1707 2605 si
1753 2553 2181 2605 instrumentum
2228 2553 2364 2605 artis

772 2643 1074 2708 afﬁrmatis,
1098 2642 1457 2696 inanimatum
1483 2642 1611 2695 illud
1640 2643 2012 2709 introducitis,
2046 2656 2099 2706 et
2138 2659 2361 2714 separa-

768 2738 866 2791 tim
927 2736 1263 2800 consistens,
1331 2748 1492 2803 atque
1546 2733 1879 2801 sejunctum,
1928 2746 1981 2790 et
2049 2737 2194 2805 quod
2251 2752 2357 2790 non

767 2843 986 2896 semper
1026 2838 1293 2892 movetur,
1325 2827 1422 2881 sed
1465 2829 1684 2896 quando
1733 2826 1930 2881 artifici
1989 2828 2162 2882 visum
2196 2828 2359 2882 fuerit

766 2918 899 2972 illud
947 2919 999 2970 in
1035 2931 1229 2969 manus
1263 2930 1501 2980 sumere,
1531 2926 1695 2984 atque
1736 2918 1839 2971 uti.
1875 2916 1955 2970 Ad
1988 2917 2105 2971 haec
2137 2917 2359 2973 demen-

765 3012 802 3064 ti
829 3009 1082 3064 Nestorio
1121 3024 1217 3063 vos
1255 3008 2095 3062 assentiriconstabitdividenti
2130 3024 2195 3064 ac
2246 3010 2356 3062 dis-

769 3102 1010 3157 trahenti
1050 3104 1182 3154 duas
1215 3101 1419 3153 (ihristi
1454 3099 1546 3153 Dei
1619 3111 1844 3155 naturas
1877 3101 1929 3153 in
1962 3115 2122 3153 unam
2166 3101 2355 3170 hypo-

2480 625 2588 674 τῶν
2619 627 2750 694 πρὸς
2789 645 2840 679 τι
2873 629 2940 680 τὰ
2993 627 3052 680 δὲ
3077 628 3213 696 πρὸς
3266 645 3318 679 τι
3367 629 3587 691 πάντως
3648 632 4058 697 συνεισάγουσιν

2481 716 2696 778 ἐαυτοῖς
2732 718 2824 770 καὶ
2846 719 2914 770 τὰ
2942 718 3440 788 ἁντιοιαιρούμενα.
3500 721 3731 772 Ἔπειτα
3765 721 3842 784 δὲ,
3897 723 3979 774 ὅτι
4011 724 4060 774 εἰ

2480 809 2602 862 κατ’
2635 812 2991 880 ἐπικράτειαν
3015 811 3201 878 λέγετε
3248 811 3344 882 τὴν
3373 811 3681 881 ἐνέργειαν,
3729 812 3803 873 ὡς
3831 816 3930 882 τῆς
3957 815 4056 868 ἁν-

2480 904 2726 972 ρωπίνης
2757 904 2848 955 διὰ
2876 904 2936 955 τὸ
2963 905 3404 975 ἐπικράτηθηναι
3458 906 3885 976 ἀναιρουμένης,
3930 907 4050 974 μείο

2481 1011 2566 1046 σιν
2621 995 2810 1055 αὐταῖς
2853 995 3128 1062 ιίσὰγετε.
3182 996 3256 1048 Τὺ
3315 997 3424 1063 γὰρ
3456 996 3791 1066 ἐπικρατοῦν
3833 998 4054 1059 πάντως

2478 1105 2523 1136 ω
2556 1085 2691 1137 αὐτὸ
2721 1085 2832 1137 τῶν
2859 1088 3182 1155 πασχόντων
3225 1087 3365 1142 ἐστι.
3400 1087 3511 1140 Καὶ
3545 1089 3677 1141 αὐτὸ
3699 1091 3806 1156 γὰρ
3839 1092 4054 1158 κρατεῖ-

2477 1194 2535 1228 αι
2569 1175 2674 1228 ὑπὸ
2723 1177 2818 1229 τοῦ
2863 1179 3360 1248 ἐπικρατουμένου.
3419 1180 3481 1232 Et
3511 1179 3622 1248 γὰρ
3673 1181 3766 1231 καὶ
3797 1181 4057 1246 ETa‘Jauv,

2477 1283 2592 1334 μως
2623 1265 2680 1317 δὲ
2712 1269 2996 1335 κρατεῖται
3030 1266 3247 1329 πάντως
3298 1265 3489 1335 ὥσπερ
3519 1269 3719 1336 χρυσὸς
3746 1268 4059 1336 ἐπικρατῶν

2477 1357 2576 1426 μὲν
2607 1356 2699 1411 τοῦ
2750 1359 3234 1426 καταμιγνυμένου
3284 1358 3432 1428 αὐτῷ
3464 1357 3731 1427 ἀργύρου,
3788 1360 3881 1410 καὶ
3923 1360 4058 1428 χαλ-

2474 1447 2593 1510 κοῦ,
2633 1447 3004 1517 κρατούμενος
3027 1450 3082 1501 δὲ
3114 1449 3205 1501 καὶ
3231 1449 3414 1514 αὐτὸς,
3467 1451 3514 1500 εί
3542 1465 3634 1501 κα.
3665 1443 3851 1505 ἦττον.
3888 1449 4057 1514 Δῆλον

2472 1541 2550 1606 δὲ,
2581 1542 2664 1592 ὅτι
2687 1542 2829 1593 κατὰ
2880 1541 2981 1612 τὴν
3015 1541 3288 1612 ποσότητα
3317 1542 3417 1611 τὴν
3451 1558 3558 1611 προ
3575 1543 3887 1610 σμιγεῖσαν·

2474 1655 2589 1709 Τοῦ
2645 1655 2833 1708 αὐτοῦ
2878 1656 3028 1724 πρρς
3086 1657 3230 1720 τοὺς
3281 1656 3586 1724 λέγοντας,
3646 1656 3851 1720 ὥσπερ
3884 1652 4059 1720 ὀρτά-

2541 1742 2651 1777 νου
2675 1726 2773 1777 καὶ
2807 1723 3125 1790 κινοῦντος
3149 1728 3257 1794 μία
3285 1723 3573 1793 ἐνέργεια,
3603 1724 3758 1776 οὕτω
3787 1724 3884 1776 καὶ
3922 1728 4058 1776 Θεό-

2541 1811 2718 1862 τητος
2749 1797 2846 1848 καὶ
2873 1796 3330 1862 ἀνθρωπότητος
3359 1798 3468 1864 μία
3504 1794 3790 1862 ἐνέργεια.

2543 1999 2602 2051 Εἰ
2631 1999 2729 2066 μὲν
2753 1999 2982 2068 (pusum;
3013 2000 3073 2051 τὸ
3114 1999 3348 2068 ὄργανόν
3378 2016 3540 2068 φατε,
3599 2000 3900 2068 συγχρόνος
3964 1999 4052 2049 ἔσ-

2468 2108 2557 2143 ται
2588 2090 2711 2143 καθ’
2747 2092 2893 2161 ὑμᾶς
2927 2091 2954 2142 6
2981 2090 3150 2156 Λόγος
3173 2095 3238 2160 τῇ
3281 2091 3468 2161 σαρκὶ,
3502 2091 3532 2159 ἢ
3572 2092 3602 2161 ή
3635 2092 3768 2161 σὰρξ
3793 2091 3870 2158 τῷ
3894 2092 4054 2160 Λόγῳ

2469 2183 2764 2247 συναῖδιοςο
2815 2184 2924 2235 πᾶν
2956 2185 3064 2252 γὰρ
3117 2183 3178 2236 τὸ
3204 2186 3547 2253 κεχρημένον
3593 2184 3807 2252 φυσικῷ
3837 2184 4054 2252 ὀργάνῳ

2467 2275 2770 2346 σύγχρονον
2802 2277 2962 2327 τοῦτο
2998 2275 3134 2345 ἔχει,
3170 2275 3362 2344 ὥσπερ
3407 2278 3465 2326 τὸ
3494 2276 3655 2344 σῶμα
3686 2276 3716 2342 ή
3748 2275 3918 2343 ψυχὴ,
3961 2277 4056 2326 καὶ

2466 2367 2583 2438 ὥρα
2609 2368 2754 2437 ὑμᾶς
2781 2367 2878 2422 καὶ⁵
2909 2369 3120 2438 κτίσμα
3142 2369 3241 2438 τὴν
3290 2367 3442 2420 θείαν
3474 2368 3638 2435 φύσιν
3678 2368 3897 2435 λέγειν,
3931 2371 3962 2436 ἢ
3995 2368 4056 2419 τὸ

2467 2465 2628 2533 σῶμα
2647 2462 2922 2516 ἄκτιστον·
2967 2463 3019 2515 el
3059 2460 3116 2514 δὲ
3143 2460 3390 2531 τεχνικὸν
3449 2461 3510 2512 τὸ
3545 2460 3780 2528 ὄργανον
3841 2460 4050 2526 λέγετε,

2465 2557 2671 2626 ἄψυχον
2701 2555 2862 2608 τοῦτο
2889 2555 3165 2618 είσάγετε,
3193 2558 3288 2607 καὶ
3329 2553 3435 2623 ἰδίᾳ
3466 2554 3720 2622 ἐστηκδς,
3751 2553 3843 2604 καὶ
3882 2569 4055 2621 μεμε-

2468 2646 2744 2716 ρισμένον,
2772 2646 2870 2698 καὶ
2891 2647 2993 2718 οὐκ
3015 2648 3103 2697 ἀεὶ
3132 2643 3480 2711 κινούμενον,
3513 2643 3628 2696 ἀλλ’
3676 2645 3764 2695 ὅτε
3784 2643 3863 2711 τῷ
3894 2645 4053 2712 ἔργα·

2464 2738 2678 2808 ζομένῳ
2707 2738 2851 2804 δόξει
2897 2737 3058 2791 τοῦτο
3093 2733 3234 2807 μετὰ.
3282 2739 3467 2806 χεῖρας
3506 2736 3710 2800 λαϐεῖν,
3750 2736 3848 2787 καὶ
3884 2737 4054 2803 ἐργὰο

2465 2830 2685 2896 σασθαι,
2744 2830 2841 2883 καὶ
2895 2829 3155 2899 λοιπὸνῆ
3215 2827 3518 2896 Νεστορίου
3565 2828 3661 2880 τοῦ
3697 2827 4051 2895 παράφρονος

2461 2922 2776 2991 τύμφρονες
2802 2919 3157 2990 δειχθήσεσθε
3205 2918 3573 2989 διαιροῦντος,
3621 2918 3714 2970 καὶ
3744 2918 4052 2975 διίστῶντος

2460 3015 2557 3074 τὰς
2592 3015 2674 3075 είς
2714 3012 2844 3081 μίαν
2892 3010 3277 3080 ὐπόστασιν,ἢ
3315 3011 3411 3065 καὶ
3453 3009 3512 3062 ἒν
3565 3010 3862 3079 πρόσωπον
3917 3010 4055 3073 Χρι-

2462 3103 2589 3156 στοῦ
2621 3103 2717 3157 τοῦ
2749 3103 2888 3157 Θεοῦ
2912 3103 3006 3156 δύο
3035 3103 3248 3171 φύσεις,
3279 3104 3313 3174 ἢ
3359 3103 3770 3173 Ἀπολλιναρίου
3804 3101 3897 3155 τοῦ
3926 3103 4052 3154 ἀσεν

759 3196 949 3251 stasim
983 3194 1098 3248 sive
1128 3207 1415 3262 personam
1448 3202 1862 3246 concurrentes.
1901 3193 2009 3246 Aut
2031 3207 2154 3246 esse
2185 3192 2344 3261 impii
2372 3196 2418 3260 ο
2453 3194 2504 3246 6c

2305 3192 2344 3245 ii
2372 3196 2418 3260 ο
2453 3193 2581 3256 δοῦς
2613 3194 2895 3262 φοιτηταὶ,
2931 3192 3144 3264 ἄψυχον
3168 3196 3261 3247 καὶ
3288 3194 3354 3248 ἄν
3381 3195 3477 3247 οὐν
3506 3193 3567 3246 τὸ
3597 3195 3759 3266 σῶμα
3781 3194 3875 3248 τοῦ
3915 3193 4045 3261 Χρι-

759 3285 1084 3355 Apollinarii
1143 3285 1457 3351 discipulos,
1512 3284 1715 3338 Christi
1782 3298 1982 3349 corpus
2038 3286 2233 3338 anima:
2279 3300 2344 3339 ac

759 3379 954 3432 tuentis
1010 3391 1205 3446 expers
1240 3376 1558 3430 asserentis.

780 3489 919 3544 Item
951 3490 1198 3542 adversus
1231 3485 1636 3555 Mouotheletas,
1668 3488 2003 3547 Damasceni.
2030 3489 2171 3558 Cap.
2205 3491 2298 3545 77.
2342 3471 2345 3474 ἐ

835 3679 968 3734 Duw
995 3682 1047 3732 in
1077 3679 1288 3734 Christo
1317 3681 1612 3737 voluntates
1641 3692 1690 3738 et
1724 3684 2076 3751 operationes.
2102 3713 2170 3723 —
2191 3681 2357 3736 Eum-

762 3769 884 3824 dem
920 3785 1085 3839 porro
1115 3769 1411 3823 Dominum
1445 3782 1695 3826 nostrum
1735 3771 1921 3828 Jcsum
1962 3773 2270 3835 Christum,
2306 3779 2360 3826 et

765 3863 1075 3934 perfectum
1137 3862 1336 3930 Deum,
1380 3874 1433 3918 et
1479 3864 1784 3934 perfectum
1828 3867 2112 3920 hominem
2161 3865 2361 3936 praedi-

763 3966 973 4020 cantes,
1018 3957 1124 4010 hoc
1162 3955 1506 4025 proﬁtemur,
1541 3957 1797 4012 eumdem
1829 3969 1882 4012 et
1906 3955 2093 4010 omnia
2133 3958 2358 4023 habere,

763 4064 888 4119 quae
918 4048 1084 4104 Pater
1123 4049 1310 4116 habet,
1369 4059 1598 4120 excepta
1638 4051 1867 4119 ingeniti
1899 4054 2235 4120 proprietate
2261 4070 2278 4117 ',
2306 4057 2361 4104 et

763 4143 950 4198 omnia
1011 4144 1164 4207 item,
1213 4159 1338 4215 qua:
1379 4145 1595 4216 primus
1633 4143 1834 4206 Adam,
1887 4156 2116 4214 excepto
2176 4145 2359 4199 solum

765 4241 1035 4305 peccato,
1095 4233 1206 4289 hoc
1267 4241 1372 4299 est,
1426 4247 1635 4303 corpus
1667 4243 1723 4288 et
1753 4235 1997 4287 animam
2051 4234 2266 4288 ratione
2307 4240 2363 4286 et

771 4327 1140 4396 intelligentia
1199 4328 1521 4398 praeditam:
1581 4327 1714 4396 quin
1752 4326 1957 4382 habere
2001 4328 2167 4382 etiam
2209 4341 2361 4391 eum,

757 4421 847 4474 uti
916 4419 1135 4484 duabus
1197 4421 1414 4474 naturis
1464 4427 1901 4475 consentaneum
1954 4428 2063 4483 est,
2112 4419 2363 4488 duplices

2459 3285 2587 3339 στοῦ
2609 3285 2881 3355 λέγοντος.

2462 3491 2592 3545 Ἔτι
2655 3491 2806 3546 κατὰ
2854 3489 3298 3557 Μονοθελητῶν
3334 3490 3436 3544 τοῦ
3461 3486 3892 3559 Δαμασκηνοῦ.
3947 3490 4051 3540 Ησ-

3042 3562 3305 3632 φάλαιον
3352 3560 3450 3620 0C.

2522 3685 2742 3738 Τέλειον
2782 3684 2839 3736 δὲ
2886 3681 3020 3735 Θεὸν
3068 3679 3466 3750 ὁμολογοῦντες
3498 3678 3590 3731 τὸν
3625 3677 3787 3733 αὐτὸν
3832 3671 4061 3749 Κύριον

2453 3779 2612 3848 ἡμῶν
2651 3776 2862 3845 Ἰησοῦν
2903 3774 3161 3844 Χριστὸν,
3196 3772 3290 3826 καὶ
3335 3771 3546 3825 τέλειον
3589 3772 3898 3842 ἄνθρωπον,
3940 3791 4044 3840 φα-

2458 3869 2556 3939 μὲν
2579 3869 2669 3921 τὸν
2695 3869 2858 3921 αὐτὸν
2896 3868 3073 3920 πάντα
3111 3865 3259 3934 ἔχειν
3306 3865 3405 3917 ὅσα
3433 3867 3460 3916 6
3498 3865 3711 3933 Πατὴρ,
3757 3864 3897 3934 πλὴν
3942 3864 4045 3932 τῆς

2453 3961 2814 4030 ἀγεννηετὶας⁸
2847 3959 2942 4012 καὶ
2969 3960 3147 4012 πάντα
3183 3957 3326 4027 ἐχειν
3350 3957 3450 4009 ὅσα
3483 3958 3511 4009 6
3549 3955 3721 4025 Ἀδὰμ
3748 3957 3776 4008 6
3804 3955 4042 4026 πρῶτος,

2453 4055 2578 4123 δίχα
2626 4052 2795 4122 μόνης
2843 4053 2942 4121 τῆς
2996 4050 3307 4120 ἁμαρτίας·
3357 4049 3515 4102 ama
3570 4050 3686 4101 ἐστι
3747 4048 3908 4118 σῶμα
3952 4048 4047 4100 καὶ

2453 4145 2599 4214 ψυχὴ
2628 4144 2821 4214 λογική
2857 4161 2917 4195 τε
2954 4145 3049 4196 καὶ⁸
3076 4142 3245 4214 νοερὰ
3320 4143 3465 4211 ἔχειν
3494 4143 3550 4195 δὲ
3583 4142 3747 4195 αὐτὸν
3772 4142 4048 4211 καταλλήο

2455 4234 2564 4296 λως
2599 4235 2717 4296 ταῖς
2746 4232 2840 4285 δύο
2875 4232 3093 4299 φύσεσι,
3125 4231 3292 4284 διπλᾶ
3329 4232 3398 4284 τὰ
3430 4231 3540 4283 τῶν
3571 4231 3664 4283 δύο
3692 4231 3911 4298 φύσεων
3943 4248 4046 4299 φυ-

2457 4326 2625 4380 σικά’
2675 4325 2772 4378 δύο
2805 4324 3052 4395 θελήσεις
3081 4323 3340 4392 φυσικὰς,
3381 4325 3480 4393 τήν
3520 4341 3579 4374 τε
3627 4323 3778 4375 Θείαν
3810 4324 3905 4375 καὶ
3945 4323 4048 4393 τὴν

2456 4419 2842 4489 ἀνθρωπίνην,
2889 4417 2984 4469 καὶ
3028 4416 3312 4486 ἐνεργείας
3340 4415 3434 4468 δύο
3481 4416 3743 4484 φυσικὰς,
3793 4415 3944 4467 Θείαν
3987 4433 4049 4467 τε

763 4518 1089 4566 naturarum
1149 4511 1386 4565 duarum
1445 4513 1729 4567 naturales
1802 4513 2210 4582 proprietates;
2257 4484 2508 4565 hocDxc

2303 4525 2361 4565 oc
2394 4484 2955 4579 0καὶ-ἀνθρωπίνην,
2997 4508 3095 4560 καὶ
3124 4484 3457 4571 αὐτεξούσια
3500 4506 3595 4558 δύο
3636 4504 3865 4573 φυσικὰ,
3905 4504 4048 4557 θεῖόν

762 4614 867 4668 est,
904 4603 1046 4658 duas
1083 4603 1369 4657 naturales
1401 4605 1778 4673 operationes,
1809 4605 2052 4656 divinam
2081 4611 2134 4658 et
2173 4603 2360 4658 huma-

763 4711 931 4762 nam;
967 4696 1108 4751 duas
1165 4697 1457 4751 naturales
1500 4697 1719 4750 arbitrii
1774 4697 2080 4762 libertates,
2114 4697 2361 4750 divinam

763 4798 817 4844 et
853 4790 1154 4842 humanam
1188 4808 1200 4843 :
1236 4804 1301 4843 ac
1331 4787 1573 4858 denique
1617 4789 1945 4859 sapientiam
1974 4796 2029 4843 et
2065 4787 2361 4843 scientiam

764 4877 1066 4944 duplicem,
1107 4875 1352 4929 divinam
1393 4885 1448 4930 et
1495 4877 1818 4930 humanam.
1864 4876 2000 4931 Nam
2046 4892 2171 4931 cum
2213 4877 2364 4947 ejus-

768 4969 891 5022 dem
941 4982 1006 5021 ac
1038 4967 1206 5023 Pater
1257 4969 1592 5024 substantiae
1638 4971 1736 5032 sit,
1790 4970 1961 5024 libere
2006 4971 2120 5024 vult
2163 4981 2217 5024 et
2249 4971 2362 5040 agit

768 5073 826 5114 ut
859 5061 1051 5117 Deus:
1104 5077 1304 5118 rursus
1330 5078 1458 5117 cum
1508 5063 2005 5118 consubstantialis
2050 5066 2123 5119 sit
2169 5065 2352 5125 nobis.

2455 4621 2512 4656 τε
2543 4604 2636 4656 καὶ
2663 4601 3032 4671 ἀνθρώπινον,
3063 4600 3159 4651 καὶ
3183 4601 3379 4668 σοφίαν
3410 4616 3469 4651 τε
3514 4599 3608 4651 καὶ
3639 4598 3863 4665 γνῶσιν,
3898 4596 4051 4648 θείαν

2459 4713 2517 4749 τε
2551 4695 2644 4747 καὶ
2673 4693 3046 4764 ἀνθρωπίνην.
3081 4692 3403 4756 Ὀμοούσιος
3431 4690 3541 4761 γὰρ
3579 4689 3655 4742 ὣν
3680 4690 3758 4758 τῷ
3791 4689 3911 4759 Θεῷ
3952 4690 4053 4742 καὶ

2458 4786 2671 4858 Πατρὶ,
2727 4784 3097 4849 αὐτεξουσίως
3142 4782 3286 4836 θέλει
3341 4783 3434 4835 καὶ
3501 4784 3719 4853 ἐνεργεῖ
3767 4781 3843 4844 ὡς
3890 4781 4047 4844 Θεός.

2469 4867 2791 4949 Ὀμοούσιος
2828 4878 2886 4930 δὲ
2933 4875 3010 4930 ὢν
3045 4875 3140 4928 καὶ
3176 4878 3330 4946 ἡμῖν,
3363 4875 3730 4940 αὐτεξουσίως
3767 4874 3916 4927 θέλει
3957 4874 4053 4927 καὶ

2457 4971 2676 5041 ἐνεργεῖ
2715 4970 2791 5032 ὡς
2838 4967 3131 5040 ἄνθρωπος
3167 4969 3196 5019 6
3235 4967 3420 5029 αὐτός.
3452 4966 3627 5019 Αὐτοῦ
3657 4967 3766 5037 γὰρ
3805 4965 3877 5019 τὰ
3913 4964 4049 5018 θαύ-

2461 5077 2630 5124 ματα,
2663 5058 2831 5113 αὐτοῦ
2858 5057 2955 5111 καὶ
2985 5057 3056 5110 τὰ
3082 5054 3407 5124 παθήματα.

765 5155 1092 5213 libere'item
1125 5152 1240 5207 vult
1268 5163 1322 5208 et
1349 5153 1480 5223 agit,
1509 5160 1570 5206 ut
1600 5154 1786 5207 homo.
1819 5151 1998 5220 Ipsius
2029 5151 2177 5207 enim
2212 5142 2479 5202 miracula
2507 5155 2656 5210 sunt,
2692 5145 2864 5214 ipsius
2892 5159 3114 5213 quoque
3146 5142 3452 5212 passiones.

1263 5251 1545 5320 Ejusdem.
1584 5247 1761 5319 Caput
1793 5247 1880 5302 78.

832 5343 1096 5418 Totuplex
1121 5345 1367 5400 voluntas
1395 5356 1443 5399 et
1483 5353 1656 5411 actus,
1709 5340 1999 5414 quotuplex
2027 5341 2354 5408 substantia,

753 5469 825 5482 —
851 5438 1123 5506 Quoniam
1153 5440 1320 5510 igitur
1348 5437 1471 5492 duae
1502 5436 1707 5493 Christi
1742 5450 1953 5490 natura:
2002 5444 2155 5500 sunt,
2215 5435 2354 5490 duas

756 5533 989 5605 proinde
1025 5517 1144 5605 ejus
1176 5533 1458 5588 naturales
1482 5532 1800 5586 voluntates
1816 5540 1872 5585 et
1904 5529 2042 5584 duas
2061 5527 2356 5583 naturales

755 5626 1115 5698 operationes
1145 5625 1404 5680 dicimus.
1439 5623 1580 5691 Quia
1627 5638 1760 5678 vero
1791 5638 1900 5677 una
1924 5622 2161 5677 duarum
2189 5629 2354 5675 natu—

753 5739 943 5780 rarum
981 5723 1158 5793 ipsius
1185 5731 1271 5777 est
1333 5719 1669 5792 hypostasis,
1737 5733 1908 5773 unum
1969 5726 2025 5771 et
2085 5716 2346 5772 eumdem

753 5834 877 5874 esse
905 5817 1144 5873 dicimus
1171 5815 1465 5888 qui,juxta
1529 5831 1623 5870 eas
1691 5823 1939 5877 naturas,
2006 5807 2072 5866 e'x
2127 5812 2349 5880 quibus,

752 5923 810 5970 et
839 5912 894 5969 in
923 5911 1146 5985 quibus,
1182 5920 1236 5968 et
1283 5926 1405 5982 qua:
1463 5919 1546 5966 est
1613 5909 1870 5966 Christus
1929 5908 2073 5964 Deus
2133 5915 2347 5972 noster,

2830 5243 2942 5298 Τοῦ
2971 5241 3180 5296 αὐτοῦ.
3211 5237 3557 5308 Κεφάλαιον
3584 5243 3695 5306 οη’.

2551 5339 2773 5406 Ἐπειδὴ
2812 5338 2913 5408 μὲν
2943 5334 3038 5390 οὖν
3066 5334 3160 5388 δύο
3193 5333 3388 5404 φύσεις
3412 5332 3508 5387 τοῦ
3542 5333 3804 5404 Χριστοῦ,
3843 5331 3936 5387 δύο
3960 5333 4061 5386 αὐ-

2462 5436 2559 5490 τοῦ
2600 5434 2785 5488 καὶτὰ
2817 5431 3025 5502 φυσικὰ
3047 5429 3355 5500 θελήματα,
3390 5429 3486 5484 καὶ
3509 5428 3608 5490 τὰς
3637 5428 3877 5498 φυσικὰς
3904 5429 4059 5499 ἐνερ⁹

2464 5529 2622 5596 γείας
2651 5526 2851 5598 φαμέν.
2895 5525 3122 5596 Ἐπειδὴ
3152 5525 3217 5593 δὴ
3251 5523 3352 5595 μία
3374 5523 3482 5576 τῶν
3512 5523 3606 5576 δύο
3637 5522 3857 5590 φύσεων
3883 5521 4053 5575 αὐτοῦ

2465 5623 2498 5692 ὴ
2536 5621 2859 5684 ὑπόστασις,
2899 5617 2998 5672 ἕνα
3035 5619 3133 5671 καὶ
3173 5615 3264 5669 τδν
3304 5614 3470 5668 αὐτόν
3513 5632 3698 5684 φαμεν
3731 5613 3960 5668 θέλοντά
3986 5632 4048 5668 τε

2466 5717 2561 5771 καὶ⁸
2591 5713 2921 5785 ἐνεργοῦντα
2956 5711 3205 5781 φυσικῶς
3233 5709 3358 5763 κατ’
3389 5711 3560 5778 ἄμφω
3594 5707 3692 5773 τὰς
3730 5708 3945 5774 φύσεις,
3992 5709 4052 5772 ἐξ

2465 5809 2562 5873 ὧν,
2592 5810 2686 5864 καὶ
2713 5810 2770 5861 ὲν
2805 5802 2913 5870 αἷς,
2939 5809 3032 5860 καὶ
3055 5806 3202 5874 ἆπερ
3236 5805 3354 5858 ἐστὶ
3391 5802 3628 5873 Χριστὸς
3653 5802 3680 5854 6
3704 5801 3836 5864 Θεὸς
3867 5802 4043 5870 ἡμῶν·

2469 5906 2647 5959 θέλειν
2679 5905 2733 5958 δὲ
2760 5902 2852 5958 καὶ
2879 5902 3150 5972 ἐνεργεῖν,
3189 5899 3250 5952 οὐ
3278 5896 3649 5970 διῃρημένως,
3690 5895 3802 5951 ἀλλ’
3839 5894 4054 5966 ἡνωμέ-
