  <div class='ocr_page' id='page_1' title='image "/cluster/home/n/w/nwhite01/storage/ocr_20150623/130/nnc1.0046979603/594.png"; bbox 0 0 4420 6452; ppageno 0'>
   <div class='ocr_carea' id='block_1_1' title="bbox 414 411 550 478">
    <p class='ocr_par' dir='ltr' id='par_1_1' title="bbox 414 411 550 478">
     <span class='ocr_line' id='line_1_1' title="bbox 414 411 550 478; baseline 0 -4"><span class='ocrx_word' id='word_1_1' title='bbox 414 411 550 478; x_wconf 73' lang='grc'><strong>1149</strong></span> 
     </span>
    </p>
   </div>
   <div class='ocr_carea' id='block_1_2' title="bbox 1354 413 2689 482">
    <p class='ocr_par' dir='ltr' id='par_1_2' title="bbox 1354 413 2689 482">
     <span class='ocr_line' id='line_1_2' title="bbox 1354 413 2689 482; baseline 0.009 -12"><span class='ocrx_word' id='word_1_2' title='bbox 1354 413 1439 470; x_wconf 71' lang='lat' dir='ltr'>PA</span> <span class='ocrx_word' id='word_1_3' title='bbox 1455 413 1726 474; x_wconf 65' lang='lat' dir='ltr'><strong>NOI‘LIA</strong></span> <span class='ocrx_word' id='word_1_4' title='bbox 1757 418 2210 477; x_wconf 70' lang='lat' dir='ltr'><strong>DOGMATICA.</strong></span> <span class='ocrx_word' id='word_1_5' title='bbox 2236 443 2306 456; x_wconf 82' lang='lat'><em>-</em></span> <span class='ocrx_word' id='word_1_6' title='bbox 2341 421 2488 480; x_wconf 85' lang='lat' dir='ltr'><strong>&#39;l‘lT.</strong></span> <span class='ocrx_word' id='word_1_7' title='bbox 2535 419 2689 482; x_wconf 73' lang='lat' dir='ltr'><strong>XXI.</strong></span> 
     </span>
    </p>
   </div>
   <div class='ocr_carea' id='block_1_3' title="bbox 3517 417 3650 480">
    <p class='ocr_par' dir='ltr' id='par_1_3' title="bbox 3517 417 3650 480">
     <span class='ocr_line' id='line_1_3' title="bbox 3517 417 3650 480; baseline 0 0"><span class='ocrx_word' id='word_1_8' title='bbox 3517 417 3650 480; x_wconf 83' lang='grc'><strong>1150</strong></span> 
     </span>
    </p>
   </div>
   <div class='ocr_carea' id='block_1_4' title="bbox 409 555 2154 630">
    <p class='ocr_par' dir='ltr' id='par_1_4' title="bbox 409 555 2148 626">
     <span class='ocr_line' id='line_1_4' title="bbox 409 555 2148 626; baseline 0.003 -20"><span class='ocrx_word' id='word_1_9' title='bbox 409 577 513 620; x_wconf 85' lang='grc' dir='ltr'><strong>νως</strong></span> <span class='ocrx_word' id='word_1_10' title='bbox 535 575 547 586; x_wconf 91' lang='grc'>·</span> <span class='ocrx_word' id='word_1_11' title='bbox 576 555 718 609; x_wconf 81' lang='grc' dir='ltr'>θέλει</span> <span class='ocrx_word' id='word_1_12' title='bbox 751 555 860 624; x_wconf 80' lang='grc' dir='ltr'><strong>γὰρ</strong></span> <span class='ocrx_word' id='word_1_13' title='bbox 889 555 979 606; x_wconf 73' lang='grc' dir='ltr'>καὶ</span> <span class='ocrx_word' id='word_1_14' title='bbox 1009 557 1219 622; x_wconf 77' lang='grc' dir='ltr'><strong>ἐνεργεῖ</strong></span> <span class='ocrx_word' id='word_1_15' title='bbox 1263 555 1318 606; x_wconf 72' lang='grc' dir='ltr'>ἐν</span> <span class='ocrx_word' id='word_1_16' title='bbox 1349 555 1586 625; x_wconf 79' lang='grc' dir='ltr'>ἑκατέρᾳ</span> <span class='ocrx_word' id='word_1_17' title='bbox 1631 561 1810 626; x_wconf 79' lang='grc' dir='ltr'>μορφῇ</span> <span class='ocrx_word' id='word_1_18' title='bbox 1848 559 1980 625; x_wconf 76' lang='grc' dir='ltr'>μετὰ</span> <span class='ocrx_word' id='word_1_19' title='bbox 2011 560 2046 609; x_wconf 61' lang='grc' dir='ltr'><strong>Α</strong></span> <span class='ocrx_word' id='word_1_20' title='bbox 2087 580 2148 613; x_wconf 87' lang='lat' dir='ltr'><strong>na</strong></span> 
     </span>
    </p>
   </div>
   <div class='ocr_carea' id='block_1_5' title="bbox 1901 555 3646 630">
    <p class='ocr_par' dir='ltr' id='par_1_5' title="bbox 1901 559 3646 630">
     <span class='ocr_line' id='line_1_5' title="bbox 1901 559 3646 630; baseline 0.007 -22"><span class='ocrx_word' id='word_1_21' title='bbox 1901 559 1980 609; x_wconf 76' lang='grc' dir='ltr'><strong>ετὰ</strong></span> <span class='ocrx_word' id='word_1_22' title='bbox 2011 560 2046 609; x_wconf 63' lang='grc' dir='ltr'><strong>Α</strong></span> <span class='ocrx_word' id='word_1_23' title='bbox 2087 565 2408 615; x_wconf 84' lang='lat' dir='ltr'><strong>naturaliter</strong></span> <span class='ocrx_word' id='word_1_24' title='bbox 2452 563 2579 615; x_wconf 89' lang='lat' dir='ltr'><strong>velit</strong></span> <span class='ocrx_word' id='word_1_25' title='bbox 2616 570 2672 614; x_wconf 91' lang='lat' dir='ltr'><strong>et</strong></span> <span class='ocrx_word' id='word_1_26' title='bbox 2702 569 2822 630; x_wconf 78' lang='lat' dir='ltr'><strong>agat</strong></span> <span class='ocrx_word' id='word_1_27' title='bbox 2853 580 2867 625; x_wconf 87' lang='lat'><strong>;</strong></span> <span class='ocrx_word' id='word_1_28' title='bbox 2894 577 3016 615; x_wconf 86' lang='lat' dir='ltr'><strong>cum</strong></span> <span class='ocrx_word' id='word_1_29' title='bbox 3046 571 3223 616; x_wconf 90' lang='lat' dir='ltr'><strong>autem</strong></span> <span class='ocrx_word' id='word_1_30' title='bbox 3260 565 3482 630; x_wconf 99' lang='lat' dir='ltr'><strong>insuper</strong></span> <span class='ocrx_word' id='word_1_31' title='bbox 3515 569 3646 620; x_wconf 81' lang='lat' dir='ltr'><strong>velle</strong></span> 
     </span>
    </p>
   </div>
   <div class='ocr_carea' id='block_1_6' title="bbox 408 640 1981 717">
    <p class='ocr_par' dir='ltr' id='par_1_6' title="bbox 408 640 1981 717">
     <span class='ocr_line' id='line_1_6' title="bbox 408 640 1981 717; baseline -0.018 -18"><span class='ocrx_word' id='word_1_32' title='bbox 408 651 505 717; x_wconf 77' lang='grc' dir='ltr'><strong>τῆς</strong></span> <span class='ocrx_word' id='word_1_33' title='bbox 529 647 757 716; x_wconf 80' lang='grc' dir='ltr'>θατέρου</span> <span class='ocrx_word' id='word_1_34' title='bbox 786 645 1086 705; x_wconf 79' lang='grc' dir='ltr'>κοινωνίας,</span> <span class='ocrx_word' id='word_1_35' title='bbox 1114 640 1210 696; x_wconf 83' lang='grc' dir='ltr'><strong>Ὧν</strong></span> <span class='ocrx_word' id='word_1_36' title='bbox 1234 644 1341 714; x_wconf 80' lang='grc' dir='ltr'>γὰρ</span> <span class='ocrx_word' id='word_1_37' title='bbox 1431 646 1639 713; x_wconf 69' lang='grc' dir='ltr'><strong>οὑσξαή</strong></span> <span class='ocrx_word' id='word_1_38' title='bbox 1676 647 1832 713; x_wconf 52' lang='grc' dir='ltr'><strong>αὐτῇ,</strong></span> <span class='ocrx_word' id='word_1_39' title='bbox 1862 648 1981 696; x_wconf 45' lang='grc' dir='ltr'><strong>τοῦ,</strong></span> 
     </span>
    </p>
   </div>
   <div class='ocr_carea' id='block_1_7' title="bbox 409 728 1982 802">
    <p class='ocr_par' dir='ltr' id='par_1_7' title="bbox 409 728 1982 802">
     <span class='ocr_line' id='line_1_7' title="bbox 409 728 1982 802; baseline -0.001 -16"><span class='ocrx_word' id='word_1_40' title='bbox 409 753 516 786; x_wconf 88' lang='grc' dir='ltr'><strong>των</strong></span> <span class='ocrx_word' id='word_1_41' title='bbox 548 737 639 786; x_wconf 64' lang='grc' dir='ltr'><strong>κα)⁵</strong></span> <span class='ocrx_word' id='word_1_42' title='bbox 670 736 702 802; x_wconf 82' lang='grc' dir='ltr'>ἡ</span> <span class='ocrx_word' id='word_1_43' title='bbox 725 734 940 801; x_wconf 80' lang='grc' dir='ltr'>θέλησις</span> <span class='ocrx_word' id='word_1_44' title='bbox 971 733 1063 785; x_wconf 77' lang='grc' dir='ltr'>καὶ</span> <span class='ocrx_word' id='word_1_45' title='bbox 1092 735 1123 800; x_wconf 85' lang='grc' dir='ltr'><strong>ὴ</strong></span> <span class='ocrx_word' id='word_1_46' title='bbox 1156 732 1404 802; x_wconf 71' lang='grc' dir='ltr'>ἐνέργεια</span> <span class='ocrx_word' id='word_1_47' title='bbox 1435 735 1468 802; x_wconf 81' lang='grc' dir='ltr'><strong>ἡ</strong></span> <span class='ocrx_word' id='word_1_48' title='bbox 1503 735 1638 802; x_wconf 77' lang='grc' dir='ltr'>αὐτή</span> <span class='ocrx_word' id='word_1_49' title='bbox 1658 751 1670 760; x_wconf 91' lang='grc'><strong>·</strong></span> <span class='ocrx_word' id='word_1_50' title='bbox 1691 728 1764 784; x_wconf 85' lang='grc' dir='ltr'><strong>ὧν</strong></span> <span class='ocrx_word' id='word_1_51' title='bbox 1788 735 1842 785; x_wconf 76' lang='grc' dir='ltr'><strong>δὲ</strong></span> <span class='ocrx_word' id='word_1_52' title='bbox 1871 736 1982 785; x_wconf 82' lang='grc' dir='ltr'>διά-</span> 
     </span>
    </p>
   </div>
   <div class='ocr_carea' id='block_1_8' title="bbox 409 822 1977 893">
    <p class='ocr_par' dir='ltr' id='par_1_8' title="bbox 409 822 1977 893">
     <span class='ocr_line' id='line_1_8' title="bbox 409 822 1977 893; baseline -0.002 -18"><span class='ocrx_word' id='word_1_53' title='bbox 409 842 574 893; x_wconf 90' lang='grc' dir='ltr'>φορος</span> <span class='ocrx_word' id='word_1_54' title='bbox 605 827 635 893; x_wconf 75' lang='grc' dir='ltr'>ἡ</span> <span class='ocrx_word' id='word_1_55' title='bbox 667 824 842 882; x_wconf 73' lang='grc' dir='ltr'>οὐσία,</span> <span class='ocrx_word' id='word_1_56' title='bbox 875 823 1080 876; x_wconf 81' lang='grc' dir='ltr'>τούτων</span> <span class='ocrx_word' id='word_1_57' title='bbox 1119 823 1373 891; x_wconf 78' lang='grc' dir='ltr'>διάφορος</span> <span class='ocrx_word' id='word_1_58' title='bbox 1396 825 1488 873; x_wconf 74' lang='grc' dir='ltr'>καὶ</span> <span class='ocrx_word' id='word_1_59' title='bbox 1522 824 1553 890; x_wconf 77' lang='grc' dir='ltr'>ἡ</span> <span class='ocrx_word' id='word_1_60' title='bbox 1589 822 1803 890; x_wconf 84' lang='grc' dir='ltr'>θέλησις</span> <span class='ocrx_word' id='word_1_61' title='bbox 1837 824 1977 890; x_wconf 79' lang='grc' dir='ltr'>καὶὴ</span> 
     </span>
    </p>
   </div>
   <div class='ocr_carea' id='block_1_9' title="bbox 411 907 1984 981">
    <p class='ocr_par' dir='ltr' id='par_1_9' title="bbox 411 907 1984 981">
     <span class='ocr_line' id='line_1_9' title="bbox 411 907 1984 981; baseline -0.002 -15"><span class='ocrx_word' id='word_1_62' title='bbox 411 915 687 981; x_wconf 76' lang='grc' dir='ltr'>ἐνέργεια·</span> <span class='ocrx_word' id='word_1_63' title='bbox 723 915 814 966; x_wconf 81' lang='grc' dir='ltr'>καὶ</span> <span class='ocrx_word' id='word_1_64' title='bbox 843 913 902 964; x_wconf 80' lang='grc' dir='ltr'>τὸ</span> <span class='ocrx_word' id='word_1_65' title='bbox 931 914 1218 974; x_wconf 69' lang='grc' dir='ltr'>ἀνάπαλιν,</span> <span class='ocrx_word' id='word_1_66' title='bbox 1243 907 1316 964; x_wconf 83' lang='grc' dir='ltr'><strong>ὧν</strong></span> <span class='ocrx_word' id='word_1_67' title='bbox 1343 916 1374 979; x_wconf 81' lang='grc' dir='ltr'>ἡ</span> <span class='ocrx_word' id='word_1_68' title='bbox 1411 912 1626 981; x_wconf 81' lang='grc' dir='ltr'>θέλησις</span> <span class='ocrx_word' id='word_1_69' title='bbox 1659 914 1752 962; x_wconf 54' lang='grc' dir='ltr'><strong>καὶ⁸</strong></span> <span class='ocrx_word' id='word_1_70' title='bbox 1782 914 1814 980; x_wconf 77' lang='grc' dir='ltr'>ὴ</span> <span class='ocrx_word' id='word_1_71' title='bbox 1838 914 1984 980; x_wconf 80' lang='grc' dir='ltr'><strong>ἐνέρ-</strong></span> 
     </span>
    </p>
   </div>
   <div class='ocr_carea' id='block_1_10' title="bbox 409 999 1980 1073">
    <p class='ocr_par' dir='ltr' id='par_1_10' title="bbox 409 999 1980 1073">
     <span class='ocr_line' id='line_1_10' title="bbox 409 999 1980 1073; baseline 0 -19"><span class='ocrx_word' id='word_1_72' title='bbox 409 1021 532 1070; x_wconf 88' lang='grc' dir='ltr'>γεια</span> <span class='ocrx_word' id='word_1_73' title='bbox 563 1007 595 1073; x_wconf 82' lang='grc' dir='ltr'><strong>ἡ</strong></span> <span class='ocrx_word' id='word_1_74' title='bbox 623 1005 783 1072; x_wconf 80' lang='grc' dir='ltr'>αὐτὴ,</span> <span class='ocrx_word' id='word_1_75' title='bbox 818 1005 1021 1056; x_wconf 88' lang='grc' dir='ltr'>τούτων</span> <span class='ocrx_word' id='word_1_76' title='bbox 1054 1005 1144 1055; x_wconf 57' lang='grc' dir='ltr'><strong>καὶ⁵</strong></span> <span class='ocrx_word' id='word_1_77' title='bbox 1174 1004 1384 1071; x_wconf 71' lang='grc' dir='ltr'>ἡούσία</span> <span class='ocrx_word' id='word_1_78' title='bbox 1409 1005 1440 1070; x_wconf 84' lang='grc' dir='ltr'>ὴ</span> <span class='ocrx_word' id='word_1_79' title='bbox 1472 1005 1610 1072; x_wconf 80' lang='grc' dir='ltr'>αὐτή</span> <span class='ocrx_word' id='word_1_80' title='bbox 1634 1019 1646 1030; x_wconf 87' lang='lat'><strong><em>°</em></strong></span> <span class='ocrx_word' id='word_1_81' title='bbox 1682 999 1754 1053; x_wconf 83' lang='grc' dir='ltr'><strong>ὧν</strong></span> <span class='ocrx_word' id='word_1_82' title='bbox 1785 1004 1841 1055; x_wconf 73' lang='grc' dir='ltr'>δὲ</span> <span class='ocrx_word' id='word_1_83' title='bbox 1867 1005 1980 1054; x_wconf 89' lang='grc' dir='ltr'>διά-</span> 
     </span>
    </p>
   </div>
   <div class='ocr_carea' id='block_1_11' title="bbox 412 1094 1983 1166">
    <p class='ocr_par' dir='ltr' id='par_1_11' title="bbox 412 1094 1983 1166">
     <span class='ocr_line' id='line_1_11' title="bbox 412 1094 1983 1166; baseline -0.001 -20"><span class='ocrx_word' id='word_1_84' title='bbox 412 1111 575 1163; x_wconf 83' lang='grc' dir='ltr'>φορος</span> <span class='ocrx_word' id='word_1_85' title='bbox 608 1097 642 1166; x_wconf 83' lang='grc' dir='ltr'>ἠ</span> <span class='ocrx_word' id='word_1_86' title='bbox 669 1094 884 1164; x_wconf 79' lang='grc' dir='ltr'>θέλησις</span> <span class='ocrx_word' id='word_1_87' title='bbox 910 1095 1002 1147; x_wconf 77' lang='grc' dir='ltr'><strong>καὶ</strong></span> <span class='ocrx_word' id='word_1_88' title='bbox 1046 1096 1079 1163; x_wconf 80' lang='grc' dir='ltr'>ἡ</span> <span class='ocrx_word' id='word_1_89' title='bbox 1110 1094 1379 1163; x_wconf 82' lang='grc' dir='ltr'>ἐνέργεια,</span> <span class='ocrx_word' id='word_1_90' title='bbox 1413 1094 1617 1146; x_wconf 91' lang='grc' dir='ltr'>τούτων</span> <span class='ocrx_word' id='word_1_91' title='bbox 1645 1095 1738 1146; x_wconf 83' lang='grc' dir='ltr'>καὶ</span> <span class='ocrx_word' id='word_1_92' title='bbox 1771 1095 1804 1163; x_wconf 81' lang='grc' dir='ltr'>ἡ</span> <span class='ocrx_word' id='word_1_93' title='bbox 1829 1095 1983 1145; x_wconf 82' lang='grc' dir='ltr'>οὐσία</span> 
     </span>
    </p>
   </div>
   <div class='ocr_carea' id='block_1_12' title="bbox 410 1185 681 1255">
    <p class='ocr_par' dir='ltr' id='par_1_12' title="bbox 410 1185 681 1255">
     <span class='ocr_line' id='line_1_12' title="bbox 410 1185 681 1255; baseline 0.007 -18"><span class='ocrx_word' id='word_1_94' title='bbox 410 1185 681 1255; x_wconf 84' lang='grc' dir='ltr'>διάφορος.</span> 
     </span>
    </p>
   </div>
   <div class='ocr_carea' id='block_1_13' title="bbox 481 1451 1979 1521">
    <p class='ocr_par' dir='ltr' id='par_1_13' title="bbox 481 1451 1979 1521">
     <span class='ocr_line' id='line_1_13' title="bbox 481 1451 1979 1521; baseline 0.003 -15"><span class='ocrx_word' id='word_1_95' title='bbox 481 1454 571 1506; x_wconf 72' lang='grc' dir='ltr'><strong>Διὸ</strong></span> <span class='ocrx_word' id='word_1_96' title='bbox 599 1452 664 1521; x_wconf 82' lang='grc' dir='ltr'><strong>δὴ</strong></span> <span class='ocrx_word' id='word_1_97' title='bbox 697 1453 788 1504; x_wconf 66' lang='grc' dir='ltr'>ἐπὶ</span> <span class='ocrx_word' id='word_1_98' title='bbox 829 1451 928 1519; x_wconf 83' lang='grc' dir='ltr'>μὲν</span> <span class='ocrx_word' id='word_1_99' title='bbox 964 1452 1174 1520; x_wconf 76' lang='grc' dir='ltr'>Πατρδς</span> <span class='ocrx_word' id='word_1_100' title='bbox 1211 1453 1302 1504; x_wconf 74' lang='grc' dir='ltr'><strong>καὶ</strong></span> <span class='ocrx_word' id='word_1_101' title='bbox 1341 1453 1471 1504; x_wconf 83' lang='grc' dir='ltr'>Υἱοῦ</span> <span class='ocrx_word' id='word_1_102' title='bbox 1504 1455 1595 1506; x_wconf 78' lang='grc' dir='ltr'><strong>καὶ</strong></span> <span class='ocrx_word' id='word_1_103' title='bbox 1628 1456 1783 1521; x_wconf 80' lang='grc' dir='ltr'>ἁγίου</span> <span class='ocrx_word' id='word_1_104' title='bbox 1815 1459 1979 1510; x_wconf 73' lang='lat' dir='ltr'><strong>Uva-J-</strong></span> 
     </span>
    </p>
   </div>
   <div class='ocr_carea' id='block_1_14' title="bbox 415 1542 1984 1614">
    <p class='ocr_par' dir='ltr' id='par_1_14' title="bbox 415 1542 1984 1614">
     <span class='ocr_line' id='line_1_14' title="bbox 415 1542 1984 1614; baseline -0.002 -17"><span class='ocrx_word' id='word_1_105' title='bbox 415 1561 604 1614; x_wconf 87' lang='grc' dir='ltr'>ματος,</span> <span class='ocrx_word' id='word_1_106' title='bbox 637 1545 700 1595; x_wconf 83' lang='grc' dir='ltr'><strong>ὲκ</strong></span> <span class='ocrx_word' id='word_1_107' title='bbox 729 1545 829 1610; x_wconf 83' lang='grc' dir='ltr'><strong>τῆς</strong></span> <span class='ocrx_word' id='word_1_108' title='bbox 857 1542 1181 1609; x_wconf 83' lang='grc' dir='ltr'>ταυτότητος</span> <span class='ocrx_word' id='word_1_109' title='bbox 1211 1543 1308 1611; x_wconf 80' lang='grc' dir='ltr'><strong>τῆς</strong></span> <span class='ocrx_word' id='word_1_110' title='bbox 1351 1559 1406 1594; x_wconf 88' lang='grc' dir='ltr'><strong>τε</strong></span> <span class='ocrx_word' id='word_1_111' title='bbox 1439 1545 1720 1613; x_wconf 77' lang='grc' dir='ltr'><strong>ἐνεργείας</strong></span> <span class='ocrx_word' id='word_1_112' title='bbox 1770 1550 1862 1599; x_wconf 69' lang='grc' dir='ltr'><strong>καὶ</strong></span> <span class='ocrx_word' id='word_1_113' title='bbox 1889 1549 1984 1601; x_wconf 80' lang='grc' dir='ltr'><strong>τοῦ</strong></span> 
     </span>
    </p>
   </div>
   <div class='ocr_carea' id='block_1_15' title="bbox 411 1633 1985 1706">
    <p class='ocr_par' dir='ltr' id='par_1_15' title="bbox 411 1633 1985 1706">
     <span class='ocr_line' id='line_1_15' title="bbox 411 1633 1985 1706; baseline 0.001 -16"><span class='ocrx_word' id='word_1_114' title='bbox 411 1637 738 1706; x_wconf 74' lang='grc' dir='ltr'><strong>θελήματος,</strong></span> <span class='ocrx_word' id='word_1_115' title='bbox 777 1635 877 1704; x_wconf 83' lang='grc' dir='ltr'><strong>τὴν</strong></span> <span class='ocrx_word' id='word_1_116' title='bbox 906 1633 1207 1701; x_wconf 78' lang='grc' dir='ltr'>ταυτότητά</span> <span class='ocrx_word' id='word_1_117' title='bbox 1233 1634 1333 1701; x_wconf 81' lang='grc' dir='ltr'>τῆς</span> <span class='ocrx_word' id='word_1_118' title='bbox 1370 1635 1585 1701; x_wconf 84' lang='grc' dir='ltr'>φύσεως</span> <span class='ocrx_word' id='word_1_119' title='bbox 1626 1639 1985 1705; x_wconf 76' lang='grc' dir='ltr'>ἐπιγινώσκο-</span> 
     </span>
    </p>
   </div>
   <div class='ocr_carea' id='block_1_16' title="bbox 415 1724 1985 1801">
    <p class='ocr_par' dir='ltr' id='par_1_16' title="bbox 415 1724 1985 1801">
     <span class='ocr_line' id='line_1_16' title="bbox 415 1724 1985 1801; baseline 0.003 -22"><span class='ocrx_word' id='word_1_120' title='bbox 415 1745 535 1798; x_wconf 85' lang='grc' dir='ltr'>μεν.</span> <span class='ocrx_word' id='word_1_121' title='bbox 581 1727 704 1778; x_wconf 78' lang='grc' dir='ltr'><strong>Ἐπὶ</strong></span> <span class='ocrx_word' id='word_1_122' title='bbox 729 1725 785 1777; x_wconf 82' lang='grc' dir='ltr'>δὲ</span> <span class='ocrx_word' id='word_1_123' title='bbox 819 1725 916 1794; x_wconf 85' lang='grc' dir='ltr'><strong>τῆς</strong></span> <span class='ocrx_word' id='word_1_124' title='bbox 944 1724 1094 1786; x_wconf 82' lang='grc' dir='ltr'>θείας</span> <span class='ocrx_word' id='word_1_125' title='bbox 1122 1725 1454 1792; x_wconf 81' lang='grc' dir='ltr'>οἰκονομίας,</span> <span class='ocrx_word' id='word_1_126' title='bbox 1497 1727 1560 1778; x_wconf 84' lang='grc' dir='ltr'>ὲκ</span> <span class='ocrx_word' id='word_1_127' title='bbox 1595 1728 1693 1796; x_wconf 84' lang='grc' dir='ltr'><strong>τῆς</strong></span> <span class='ocrx_word' id='word_1_128' title='bbox 1722 1729 1985 1801; x_wconf 80' lang='grc' dir='ltr'>διαφορᾶς</span> 
     </span>
    </p>
   </div>
   <div class='ocr_carea' id='block_1_17' title="bbox 2080 653 3646 719">
    <p class='ocr_par' dir='ltr' id='par_1_17' title="bbox 2080 653 3646 719">
     <span class='ocr_line' id='line_1_17' title="bbox 2080 653 3646 719; baseline 0.002 -15"><span class='ocrx_word' id='word_1_129' title='bbox 2080 664 2126 704; x_wconf 93' lang='lat' dir='ltr'><strong>ct</strong></span> <span class='ocrx_word' id='word_1_130' title='bbox 2159 667 2336 719; x_wconf 78' lang='lat' dir='ltr'><strong>agerc,</strong></span> <span class='ocrx_word' id='word_1_131' title='bbox 2369 667 2474 704; x_wconf 92' lang='lat' dir='ltr'><strong>non</strong></span> <span class='ocrx_word' id='word_1_132' title='bbox 2496 653 2688 715; x_wconf 76' lang='lat' dir='ltr'><strong>divise,</strong></span> <span class='ocrx_word' id='word_1_133' title='bbox 2718 653 2808 703; x_wconf 89' lang='lat' dir='ltr'><strong>sed</strong></span> <span class='ocrx_word' id='word_1_134' title='bbox 2843 653 3133 714; x_wconf 81' lang='lat' dir='ltr'><strong>coniuncte</strong></span> <span class='ocrx_word' id='word_1_135' title='bbox 3170 653 3421 706; x_wconf 78' lang='lat' dir='ltr'><strong>dicimus.</strong></span> <span class='ocrx_word' id='word_1_136' title='bbox 3460 673 3475 702; x_wconf 81' lang='grc' dir='ltr'><strong>ι</strong></span> <span class='ocrx_word' id='word_1_137' title='bbox 3522 654 3549 704; x_wconf 81' lang='lat'><strong><em>\</em></strong></span> <span class='ocrx_word' id='word_1_138' title='bbox 3572 658 3646 706; x_wconf 84' lang='lat' dir='ltr'><strong>ult</strong></span> 
     </span>
    </p>
   </div>
   <div class='ocr_carea' id='block_1_18' title="bbox 2080 741 3647 811">
    <p class='ocr_par' dir='ltr' id='par_1_18' title="bbox 2080 741 3647 811">
     <span class='ocr_line' id='line_1_18' title="bbox 2080 741 3647 811; baseline 0.002 -19"><span class='ocrx_word' id='word_1_139' title='bbox 2080 742 2223 793; x_wconf 83' lang='lat' dir='ltr'><strong>enim</strong></span> <span class='ocrx_word' id='word_1_140' title='bbox 2263 753 2312 793; x_wconf 86' lang='lat' dir='ltr'><strong>et</strong></span> <span class='ocrx_word' id='word_1_141' title='bbox 2348 747 2454 811; x_wconf 84' lang='lat' dir='ltr'><strong>agit</strong></span> <span class='ocrx_word' id='word_1_142' title='bbox 2491 743 2542 794; x_wconf 89' lang='lat' dir='ltr'><strong>in</strong></span> <span class='ocrx_word' id='word_1_143' title='bbox 2573 753 2799 808; x_wconf 85' lang='lat' dir='ltr'><strong>utraque</strong></span> <span class='ocrx_word' id='word_1_144' title='bbox 2847 741 3038 805; x_wconf 81' lang='lat' dir='ltr'><strong>fortna,</strong></span> <span class='ocrx_word' id='word_1_145' title='bbox 3093 757 3215 795; x_wconf 87' lang='lat' dir='ltr'><strong>Cum</strong></span> <span class='ocrx_word' id='word_1_146' title='bbox 3250 746 3475 799; x_wconf 85' lang='lat' dir='ltr'><strong>alterius</strong></span> <span class='ocrx_word' id='word_1_147' title='bbox 3499 760 3647 797; x_wconf 82' lang='lat' dir='ltr'><strong>coin-</strong></span> 
     </span>
    </p>
   </div>
   <div class='ocr_carea' id='block_1_19' title="bbox 2083 831 3644 897">
    <p class='ocr_par' dir='ltr' id='par_1_19' title="bbox 2083 831 3644 897">
     <span class='ocr_line' id='line_1_19' title="bbox 2083 831 3644 897; baseline 0.004 -17"><span class='ocrx_word' id='word_1_148' title='bbox 2083 835 2359 884; x_wconf 86' lang='lat' dir='ltr'><strong>munione.</strong></span> <span class='ocrx_word' id='word_1_149' title='bbox 2409 853 2425 882; x_wconf 75' lang='grc' dir='ltr'><strong>ι</strong></span> <span class='ocrx_word' id='word_1_150' title='bbox 2556 831 2796 893; x_wconf 85' lang='lat' dir='ltr'><strong>Quorum</strong></span> <span class='ocrx_word' id='word_1_151' title='bbox 2821 833 2962 882; x_wconf 80' lang='lat' dir='ltr'><strong>enim</strong></span> <span class='ocrx_word' id='word_1_152' title='bbox 3004 833 3188 884; x_wconf 87' lang='lat' dir='ltr'><strong>eadem</strong></span> <span class='ocrx_word' id='word_1_153' title='bbox 3215 836 3514 888; x_wconf 81' lang='lat' dir='ltr'><strong>substantia</strong></span> <span class='ocrx_word' id='word_1_154' title='bbox 3544 849 3644 897; x_wconf 75' lang='lat' dir='ltr'><strong>est,</strong></span> 
     </span>
    </p>
   </div>
   <div class='ocr_carea' id='block_1_20' title="bbox 2083 924 3646 990">
    <p class='ocr_par' dir='ltr' id='par_1_20' title="bbox 2083 924 3646 990">
     <span class='ocr_line' id='line_1_20' title="bbox 2083 924 3646 990; baseline 0.006 -17"><span class='ocrx_word' id='word_1_155' title='bbox 2083 938 2267 973; x_wconf 85' lang='lat' dir='ltr'><strong>eorum</strong></span> <span class='ocrx_word' id='word_1_156' title='bbox 2319 937 2535 990; x_wconf 89' lang='lat' dir='ltr'><strong>quoque</strong></span> <span class='ocrx_word' id='word_1_157' title='bbox 2567 924 2756 975; x_wconf 87' lang='lat' dir='ltr'><strong>eadem</strong></span> <span class='ocrx_word' id='word_1_158' title='bbox 2803 925 3051 976; x_wconf 89' lang='lat' dir='ltr'><strong>voluntas</strong></span> <span class='ocrx_word' id='word_1_159' title='bbox 3074 935 3125 976; x_wconf 88' lang='lat' dir='ltr'><strong>ct</strong></span> <span class='ocrx_word' id='word_1_160' title='bbox 3162 929 3304 977; x_wconf 71' lang='lat' dir='ltr'><strong>actio</strong></span> <span class='ocrx_word' id='word_1_161' title='bbox 3332 928 3400 978; x_wconf 91' lang='lat' dir='ltr'><strong>sit</strong></span> <span class='ocrx_word' id='word_1_162' title='bbox 3427 944 3646 982; x_wconf 68' lang='lat' dir='ltr'><strong>necesse</strong></span> 
     </span>
    </p>
   </div>
   <div class='ocr_carea' id='block_1_21' title="bbox 2080 1013 3646 1078">
    <p class='ocr_par' dir='ltr' id='par_1_21' title="bbox 2080 1013 3646 1078">
     <span class='ocr_line' id='line_1_21' title="bbox 2080 1013 3646 1078; baseline 0.004 -15"><span class='ocrx_word' id='word_1_163' title='bbox 2080 1020 2160 1064; x_wconf 90' lang='lat' dir='ltr'><strong>est</strong></span> <span class='ocrx_word' id='word_1_164' title='bbox 2189 1027 2447 1078; x_wconf 90' lang='lat' dir='ltr'><strong>:quorum</strong></span> <span class='ocrx_word' id='word_1_165' title='bbox 2470 1023 2644 1063; x_wconf 85' lang='lat' dir='ltr'><strong>autent</strong></span> <span class='ocrx_word' id='word_1_166' title='bbox 2668 1013 2883 1064; x_wconf 87' lang='lat' dir='ltr'><strong>diversa</strong></span> <span class='ocrx_word' id='word_1_167' title='bbox 2905 1020 3008 1072; x_wconf 80' lang='lat' dir='ltr'><strong>est,</strong></span> <span class='ocrx_word' id='word_1_168' title='bbox 3034 1015 3226 1064; x_wconf 86' lang='lat' dir='ltr'><strong>horum</strong></span> <span class='ocrx_word' id='word_1_169' title='bbox 3247 1015 3408 1065; x_wconf 90' lang='lat' dir='ltr'><strong>etiam</strong></span> <span class='ocrx_word' id='word_1_170' title='bbox 3435 1016 3646 1070; x_wconf 76' lang='lat' dir='ltr'><strong>diversa</strong></span> 
     </span>
    </p>
   </div>
   <div class='ocr_carea' id='block_1_22' title="bbox 2082 1100 3646 1170">
    <p class='ocr_par' dir='ltr' id='par_1_22' title="bbox 2082 1100 3646 1170">
     <span class='ocr_line' id='line_1_22' title="bbox 2082 1100 3646 1170; baseline 0.001 -16"><span class='ocrx_word' id='word_1_171' title='bbox 2082 1102 2336 1154; x_wconf 71' lang='lat' dir='ltr'><strong>voluntas</strong></span> <span class='ocrx_word' id='word_1_172' title='bbox 2383 1110 2436 1153; x_wconf 79' lang='lat' dir='ltr'><strong>et</strong></span> <span class='ocrx_word' id='word_1_173' title='bbox 2480 1102 2622 1154; x_wconf 84' lang='lat' dir='ltr'><strong>actio</strong></span> <span class='ocrx_word' id='word_1_174' title='bbox 2651 1103 2740 1163; x_wconf 90' lang='lat' dir='ltr'><strong>sit,</strong></span> <span class='ocrx_word' id='word_1_175' title='bbox 2791 1109 3021 1167; x_wconf 81' lang='lat' dir='ltr'><strong>oportet.</strong></span> <span class='ocrx_word' id='word_1_176' title='bbox 3109 1100 3169 1151; x_wconf 87' lang='lat' dir='ltr'><strong>Et</strong></span> <span class='ocrx_word' id='word_1_177' title='bbox 3204 1112 3392 1154; x_wconf 77' lang='lat' dir='ltr'><strong>contra</strong></span> <span class='ocrx_word' id='word_1_178' title='bbox 3417 1121 3646 1170; x_wconf 88' lang='lat' dir='ltr'><strong>qttorntn</strong></span> 
     </span>
    </p>
   </div>
   <div class='ocr_carea' id='block_1_23' title="bbox 2086 1193 3649 1264">
    <p class='ocr_par' dir='ltr' id='par_1_23' title="bbox 2086 1193 3649 1264">
     <span class='ocr_line' id='line_1_23' title="bbox 2086 1193 3649 1264; baseline 0.001 -20"><span class='ocrx_word' id='word_1_179' title='bbox 2086 1195 2336 1246; x_wconf 82' lang='lat' dir='ltr'><strong>voluntas</strong></span> <span class='ocrx_word' id='word_1_180' title='bbox 2366 1203 2418 1245; x_wconf 92' lang='lat' dir='ltr'><strong>et</strong></span> <span class='ocrx_word' id='word_1_181' title='bbox 2450 1194 2590 1245; x_wconf 87' lang='lat' dir='ltr'><strong>actio</strong></span> <span class='ocrx_word' id='word_1_182' title='bbox 2614 1193 2799 1245; x_wconf 86' lang='lat' dir='ltr'><strong>eadem</strong></span> <span class='ocrx_word' id='word_1_183' title='bbox 2835 1201 2934 1254; x_wconf 89' lang='lat' dir='ltr'><strong>est,</strong></span> <span class='ocrx_word' id='word_1_184' title='bbox 2970 1207 3156 1244; x_wconf 88' lang='lat' dir='ltr'><strong>eorum</strong></span> <span class='ocrx_word' id='word_1_185' title='bbox 3218 1195 3404 1245; x_wconf 88' lang='lat' dir='ltr'><strong>eadem</strong></span> <span class='ocrx_word' id='word_1_186' title='bbox 3437 1212 3649 1264; x_wconf 78' lang='lat' dir='ltr'><strong>quoque</strong></span> 
     </span>
    </p>
   </div>
   <div class='ocr_carea' id='block_1_24' title="bbox 2085 1283 3650 1349">
    <p class='ocr_par' dir='ltr' id='par_1_24' title="bbox 2085 1283 3650 1349">
     <span class='ocr_line' id='line_1_24' title="bbox 2085 1283 3650 1349; baseline 0.001 -14"><span class='ocrx_word' id='word_1_187' title='bbox 2085 1284 2553 1346; x_wconf 86' lang='lat' dir='ltr'><strong>Sttbstantia,est:</strong></span> <span class='ocrx_word' id='word_1_188' title='bbox 2593 1297 2827 1349; x_wconf 85' lang='lat' dir='ltr'><strong>quorum</strong></span> <span class='ocrx_word' id='word_1_189' title='bbox 2862 1294 3041 1333; x_wconf 86' lang='lat' dir='ltr'><strong>autent</strong></span> <span class='ocrx_word' id='word_1_190' title='bbox 3075 1283 3263 1349; x_wconf 59' lang='lat' dir='ltr'><strong>dispar</strong></span> <span class='ocrx_word' id='word_1_191' title='bbox 3315 1285 3568 1337; x_wconf 82' lang='lat' dir='ltr'><strong>voluntas</strong></span> <span class='ocrx_word' id='word_1_192' title='bbox 3598 1294 3650 1337; x_wconf 84' lang='lat' dir='ltr'><strong>et</strong></span> 
     </span>
    </p>
   </div>
   <div class='ocr_carea' id='block_1_25' title="bbox 2085 1374 3456 1440">
    <p class='ocr_par' dir='ltr' id='par_1_25' title="bbox 2085 1374 3456 1440">
     <span class='ocr_line' id='line_1_25' title="bbox 2085 1374 3456 1440; baseline 0.001 -15"><span class='ocrx_word' id='word_1_193' title='bbox 2085 1377 2246 1438; x_wconf 89' lang='lat' dir='ltr'><strong>actio,</strong></span> <span class='ocrx_word' id='word_1_194' title='bbox 2305 1375 2498 1427; x_wconf 92' lang='lat' dir='ltr'><strong>horum</strong></span> <span class='ocrx_word' id='word_1_195' title='bbox 2562 1375 2723 1426; x_wconf 88' lang='lat' dir='ltr'><strong>etiam</strong></span> <span class='ocrx_word' id='word_1_196' title='bbox 2761 1374 2947 1440; x_wconf 83' lang='lat' dir='ltr'><strong>dispar</strong></span> <span class='ocrx_word' id='word_1_197' title='bbox 2995 1383 3077 1427; x_wconf 89' lang='lat' dir='ltr'><strong>est</strong></span> <span class='ocrx_word' id='word_1_198' title='bbox 3130 1375 3456 1427; x_wconf 90' lang='lat' dir='ltr'><strong>substantia.</strong></span> 
     </span>
    </p>
   </div>
   <div class='ocr_carea' id='block_1_26' title="bbox 2157 1462 3650 1532">
    <p class='ocr_par' dir='ltr' id='par_1_26' title="bbox 2157 1462 3650 1532">
     <span class='ocr_line' id='line_1_26' title="bbox 2157 1462 3650 1532; baseline -0.001 -15"><span class='ocrx_word' id='word_1_199' title='bbox 2157 1464 2424 1529; x_wconf 78' lang='lat' dir='ltr'><strong>Quocirca</strong></span> <span class='ocrx_word' id='word_1_200' title='bbox 2520 1465 2570 1516; x_wconf 92' lang='lat' dir='ltr'><strong>in</strong></span> <span class='ocrx_word' id='word_1_201' title='bbox 2608 1464 2761 1516; x_wconf 88' lang='lat' dir='ltr'><strong>Patre</strong></span> <span class='ocrx_word' id='word_1_202' title='bbox 2788 1463 3008 1529; x_wconf 85' lang='lat' dir='ltr'><strong>quidem</strong></span> <span class='ocrx_word' id='word_1_203' title='bbox 3063 1471 3114 1514; x_wconf 87' lang='lat' dir='ltr'><strong>et</strong></span> <span class='ocrx_word' id='word_1_204' title='bbox 3148 1462 3304 1525; x_wconf 81' lang='lat' dir='ltr'><strong>Filio,</strong></span> <span class='ocrx_word' id='word_1_205' title='bbox 3342 1477 3392 1516; x_wconf 90' lang='lat' dir='ltr'><strong>et</strong></span> <span class='ocrx_word' id='word_1_206' title='bbox 3447 1466 3650 1532; x_wconf 81' lang='lat' dir='ltr'><strong>Spiritu</strong></span> 
     </span>
    </p>
   </div>
   <div class='ocr_carea' id='block_1_27' title="bbox 2085 1554 3653 1623">
    <p class='ocr_par' dir='ltr' id='par_1_27' title="bbox 2085 1554 3653 1623">
     <span class='ocr_line' id='line_1_27' title="bbox 2085 1554 3653 1623; baseline -0.003 -13"><span class='ocrx_word' id='word_1_207' title='bbox 2085 1565 2294 1618; x_wconf 86' lang='lat' dir='ltr'><strong>sancto,</strong></span> <span class='ocrx_word' id='word_1_208' title='bbox 2321 1556 2448 1623; x_wconf 87' lang='lat' dir='ltr'><strong>quia</strong></span> <span class='ocrx_word' id='word_1_209' title='bbox 2483 1554 2668 1607; x_wconf 88' lang='lat' dir='ltr'><strong>eadem</strong></span> <span class='ocrx_word' id='word_1_210' title='bbox 2706 1556 2958 1606; x_wconf 87' lang='lat' dir='ltr'><strong>voluntas</strong></span> <span class='ocrx_word' id='word_1_211' title='bbox 2989 1561 3149 1621; x_wconf 89' lang='lat' dir='ltr'><strong>atque</strong></span> <span class='ocrx_word' id='word_1_212' title='bbox 3173 1555 3314 1607; x_wconf 91' lang='lat' dir='ltr'><strong>actio</strong></span> <span class='ocrx_word' id='word_1_213' title='bbox 3369 1565 3474 1620; x_wconf 88' lang='lat' dir='ltr'><strong>est,</strong></span> <span class='ocrx_word' id='word_1_214' title='bbox 3505 1572 3653 1609; x_wconf 83' lang='lat' dir='ltr'><strong>cam-</strong></span> 
     </span>
    </p>
   </div>
   <div class='ocr_carea' id='block_1_28' title="bbox 2084 1646 3651 1714">
    <p class='ocr_par' dir='ltr' id='par_1_28' title="bbox 2084 1646 3651 1714">
     <span class='ocr_line' id='line_1_28' title="bbox 2084 1646 3651 1714; baseline -0.002 -14"><span class='ocrx_word' id='word_1_215' title='bbox 2084 1647 2203 1700; x_wconf 89' lang='lat' dir='ltr'><strong>dem</strong></span> <span class='ocrx_word' id='word_1_216' title='bbox 2230 1661 2446 1714; x_wconf 90' lang='lat' dir='ltr'><strong>quoque</strong></span> <span class='ocrx_word' id='word_1_217' title='bbox 2480 1653 2730 1697; x_wconf 86' lang='lat' dir='ltr'><strong>naturam</strong></span> <span class='ocrx_word' id='word_1_218' title='bbox 2773 1660 2897 1697; x_wconf 90' lang='lat' dir='ltr'><strong>esse</strong></span> <span class='ocrx_word' id='word_1_219' title='bbox 2935 1646 3307 1710; x_wconf 75' lang='lat' dir='ltr'><strong>agnoscimus.</strong></span> <span class='ocrx_word' id='word_1_220' title='bbox 3346 1648 3412 1697; x_wconf 87' lang='lat' dir='ltr'><strong>At</strong></span> <span class='ocrx_word' id='word_1_221' title='bbox 3470 1647 3522 1698; x_wconf 93' lang='lat' dir='ltr'><strong>in</strong></span> <span class='ocrx_word' id='word_1_222' title='bbox 3571 1647 3651 1698; x_wconf 87' lang='lat' dir='ltr'><strong>di-</strong></span> 
     </span>
    </p>
   </div>
   <div class='ocr_carea' id='block_1_29' title="bbox 2083 1735 3651 1791">
    <p class='ocr_par' dir='ltr' id='par_1_29' title="bbox 2083 1735 3651 1791">
     <span class='ocr_line' id='line_1_29' title="bbox 2083 1735 3651 1791; baseline 0.001 -2"><span class='ocrx_word' id='word_1_223' title='bbox 2083 1738 2207 1789; x_wconf 89' lang='lat' dir='ltr'><strong>vina</strong></span> <span class='ocrx_word' id='word_1_224' title='bbox 2246 1737 2620 1789; x_wconf 89' lang='lat' dir='ltr'><strong>incarnatione</strong></span> <span class='ocrx_word' id='word_1_225' title='bbox 2647 1750 2708 1788; x_wconf 80' lang='lat' dir='ltr'><strong>ex</strong></span> <span class='ocrx_word' id='word_1_226' title='bbox 2744 1735 3019 1788; x_wconf 84' lang='lat' dir='ltr'><strong>actionum</strong></span> <span class='ocrx_word' id='word_1_227' title='bbox 3054 1743 3107 1787; x_wconf 92' lang='lat' dir='ltr'><strong>et</strong></span> <span class='ocrx_word' id='word_1_228' title='bbox 3152 1737 3488 1788; x_wconf 86' lang='lat' dir='ltr'><strong>voluntatum</strong></span> <span class='ocrx_word' id='word_1_229' title='bbox 3538 1738 3651 1791; x_wconf 89' lang='lat' dir='ltr'><strong>dis-</strong></span> 
     </span>
    </p>
   </div>
   <div class='ocr_carea' id='block_1_30' title="bbox 413 1814 2158 1907">
    <p class='ocr_par' dir='ltr' id='par_1_30' title="bbox 413 1814 2158 1907">
     <span class='ocr_line' id='line_1_30' title="bbox 413 1814 2158 1907; baseline 0.001 -37"><span class='ocrx_word' id='word_1_230' title='bbox 413 1819 517 1871; x_wconf 83' lang='grc' dir='ltr'><strong>τῶν</strong></span> <span class='ocrx_word' id='word_1_231' title='bbox 547 1816 858 1887; x_wconf 74' lang='grc' dir='ltr'>ἐνεργειῶν,</span> <span class='ocrx_word' id='word_1_232' title='bbox 885 1816 978 1867; x_wconf 73' lang='grc' dir='ltr'>καὶ</span> <span class='ocrx_word' id='word_1_233' title='bbox 1010 1814 1116 1866; x_wconf 83' lang='grc' dir='ltr'>τῶν</span> <span class='ocrx_word' id='word_1_234' title='bbox 1139 1814 1480 1883; x_wconf 85' lang='grc' dir='ltr'>θελημάτων,</span> <span class='ocrx_word' id='word_1_235' title='bbox 1508 1818 1600 1868; x_wconf 79' lang='grc' dir='ltr'>καὶ</span> <span class='ocrx_word' id='word_1_236' title='bbox 1623 1819 1719 1888; x_wconf 83' lang='grc' dir='ltr'>τὴν</span> <span class='ocrx_word' id='word_1_237' title='bbox 1752 1823 1859 1872; x_wconf 85' lang='grc' dir='ltr'>τῶν</span> <span class='ocrx_word' id='word_1_238' title='bbox 1885 1823 1980 1890; x_wconf 85' lang='grc' dir='ltr'>φύ-</span> <span class='ocrx_word' id='word_1_239' title='bbox 2015 1855 2054 1907; x_wconf 71' lang='grc' dir='ltr'><strong>Β</strong></span> <span class='ocrx_word' id='word_1_240' title='bbox 2087 1828 2158 1879; x_wconf 81' lang='lat' dir='ltr'><strong>cri</strong></span> 
     </span>
    </p>
   </div>
   <div class='ocr_carea' id='block_1_31' title="bbox 1902 1814 3647 1907">
    <p class='ocr_par' dir='ltr' id='par_1_31' title="bbox 1902 1823 3647 1907">
     <span class='ocr_line' id='line_1_31' title="bbox 1902 1823 3647 1907; baseline 0.002 -33"><span class='ocrx_word' id='word_1_241' title='bbox 1902 1823 1980 1890; x_wconf 72' lang='grc' dir='ltr'>ρύ-</span> <span class='ocrx_word' id='word_1_242' title='bbox 2015 1855 2054 1907; x_wconf 71' lang='grc' dir='ltr'><strong>Β</strong></span> <span class='ocrx_word' id='word_1_243' title='bbox 2087 1828 2316 1879; x_wconf 88' lang='lat' dir='ltr'><strong>crimine</strong></span> <span class='ocrx_word' id='word_1_244' title='bbox 2348 1836 2666 1877; x_wconf 89' lang='lat' dir='ltr'><strong>naturarum</strong></span> <span class='ocrx_word' id='word_1_245' title='bbox 2697 1840 2913 1892; x_wconf 91' lang='lat' dir='ltr'><strong>quoque</strong></span> <span class='ocrx_word' id='word_1_246' title='bbox 2946 1823 3242 1876; x_wconf 89' lang='lat' dir='ltr'><strong>discrimen</strong></span> <span class='ocrx_word' id='word_1_247' title='bbox 3280 1828 3647 1892; x_wconf 81' lang='lat' dir='ltr'><strong>agnoscimus,</strong></span> 
     </span>
    </p>
   </div>
   <div class='ocr_carea' id='block_1_32' title="bbox 412 1906 1983 1979">
    <p class='ocr_par' dir='ltr' id='par_1_32' title="bbox 412 1906 1983 1979">
     <span class='ocr_line' id='line_1_32' title="bbox 412 1906 1983 1979; baseline 0.003 -16"><span class='ocrx_word' id='word_1_248' title='bbox 412 1927 550 1963; x_wconf 75' lang='grc' dir='ltr'>σεων</span> <span class='ocrx_word' id='word_1_249' title='bbox 582 1908 847 1977; x_wconf 78' lang='grc' dir='ltr'>διαφορὰν</span> <span class='ocrx_word' id='word_1_250' title='bbox 896 1906 1347 1975; x_wconf 79' lang='grc' dir='ltr'>ὲπιγινώσκομεν,</span> <span class='ocrx_word' id='word_1_251' title='bbox 1382 1907 1478 1960; x_wconf 84' lang='grc' dir='ltr'>καὶ</span> <span class='ocrx_word' id='word_1_252' title='bbox 1502 1909 1602 1978; x_wconf 84' lang='grc' dir='ltr'>τὴν</span> <span class='ocrx_word' id='word_1_253' title='bbox 1622 1911 1729 1962; x_wconf 83' lang='grc' dir='ltr'><strong>τῶν</strong></span> <span class='ocrx_word' id='word_1_254' title='bbox 1766 1912 1983 1979; x_wconf 87' lang='grc' dir='ltr'>φύσεων</span> 
     </span>
    </p>
   </div>
   <div class='ocr_carea' id='block_1_33' title="bbox 409 1995 1983 2073">
    <p class='ocr_par' dir='ltr' id='par_1_33' title="bbox 409 1995 1983 2073">
     <span class='ocr_line' id='line_1_33' title="bbox 409 1995 1983 2073; baseline 0.002 -22"><span class='ocrx_word' id='word_1_255' title='bbox 409 1999 672 2065; x_wconf 78' lang='grc' dir='ltr'>διαφορὰν</span> <span class='ocrx_word' id='word_1_256' title='bbox 704 1997 905 2058; x_wconf 80' lang='grc' dir='ltr'>εἰδότες</span> <span class='ocrx_word' id='word_1_257' title='bbox 938 1995 1430 2064; x_wconf 82' lang='grc' dir='ltr'><strong>συνομολογοῦμεν,</strong></span> <span class='ocrx_word' id='word_1_258' title='bbox 1471 1998 1564 2049; x_wconf 73' lang='grc' dir='ltr'>καὶ</span> <span class='ocrx_word' id='word_1_259' title='bbox 1601 1999 1661 2050; x_wconf 79' lang='grc' dir='ltr'><strong>τὸ</strong></span> <span class='ocrx_word' id='word_1_260' title='bbox 1686 2001 1795 2053; x_wconf 82' lang='grc' dir='ltr'><strong>τῶν</strong></span> <span class='ocrx_word' id='word_1_261' title='bbox 1829 2002 1983 2073; x_wconf 84' lang='grc' dir='ltr'>θελη-</span> 
     </span>
    </p>
   </div>
   <div class='ocr_carea' id='block_1_34' title="bbox 413 2085 1983 2160">
    <p class='ocr_par' dir='ltr' id='par_1_34' title="bbox 413 2085 1983 2160">
     <span class='ocr_line' id='line_1_34' title="bbox 413 2085 1983 2160; baseline -0.003 -20"><span class='ocrx_word' id='word_1_262' title='bbox 413 2089 601 2156; x_wconf 84' lang='grc' dir='ltr'>μάτων</span> <span class='ocrx_word' id='word_1_263' title='bbox 637 2086 732 2138; x_wconf 79' lang='grc' dir='ltr'><strong>καὶ</strong></span> <span class='ocrx_word' id='word_1_264' title='bbox 767 2085 1054 2154; x_wconf 78' lang='grc' dir='ltr'>ἐνεργειῶν</span> <span class='ocrx_word' id='word_1_265' title='bbox 1086 2085 1356 2154; x_wconf 74' lang='grc' dir='ltr'>διάφορον.</span> <span class='ocrx_word' id='word_1_266' title='bbox 1391 2085 1602 2157; x_wconf 85' lang='grc' dir='ltr'>Ὠσπερ</span> <span class='ocrx_word' id='word_1_267' title='bbox 1634 2091 1739 2160; x_wconf 85' lang='grc' dir='ltr'>γὰρ</span> <span class='ocrx_word' id='word_1_268' title='bbox 1761 2093 1867 2144; x_wconf 79' lang='grc' dir='ltr'><strong>τῶν</strong></span> <span class='ocrx_word' id='word_1_269' title='bbox 1892 2094 1983 2146; x_wconf 69' lang='grc' dir='ltr'><strong>τοῦ</strong></span> 
     </span>
    </p>
   </div>
   <div class='ocr_carea' id='block_1_35' title="bbox 411 2175 1987 2249">
    <p class='ocr_par' dir='ltr' id='par_1_35' title="bbox 411 2175 1987 2249">
     <span class='ocr_line' id='line_1_35' title="bbox 411 2175 1987 2249; baseline 0.005 -19"><span class='ocrx_word' id='word_1_270' title='bbox 411 2177 576 2230; x_wconf 80' lang='grc' dir='ltr'>αὐτοῦ</span> <span class='ocrx_word' id='word_1_271' title='bbox 608 2177 702 2229; x_wconf 78' lang='grc' dir='ltr'>καὶ</span> <span class='ocrx_word' id='word_1_272' title='bbox 735 2178 850 2239; x_wconf 79' lang='grc' dir='ltr'>ἑνὸς</span> <span class='ocrx_word' id='word_1_273' title='bbox 881 2175 1118 2244; x_wconf 80' lang='grc' dir='ltr'><strong>Χριστοῦ</strong></span> <span class='ocrx_word' id='word_1_274' title='bbox 1166 2175 1380 2243; x_wconf 83' lang='grc' dir='ltr'>φύσεων</span> <span class='ocrx_word' id='word_1_275' title='bbox 1409 2178 1436 2229; x_wconf 88' lang='grc' dir='ltr'><strong>ό</strong></span> <span class='ocrx_word' id='word_1_276' title='bbox 1466 2179 1716 2248; x_wconf 85' lang='grc' dir='ltr'>ἀριθμὸς,</span> <span class='ocrx_word' id='word_1_277' title='bbox 1746 2185 1987 2249; x_wconf 75' lang='grc' dir='ltr'>εὐσεϐῶς</span> 
     </span>
    </p>
   </div>
   <div class='ocr_carea' id='block_1_36' title="bbox 409 2267 1986 2343">
    <p class='ocr_par' dir='ltr' id='par_1_36' title="bbox 409 2267 1986 2343">
     <span class='ocr_line' id='line_1_36' title="bbox 409 2267 1986 2343; baseline 0.003 -20"><span class='ocrx_word' id='word_1_278' title='bbox 409 2268 698 2337; x_wconf 89' lang='grc' dir='ltr'>νοούμενός</span> <span class='ocrx_word' id='word_1_279' title='bbox 725 2283 785 2319; x_wconf 91' lang='grc' dir='ltr'><strong>τε</strong></span> <span class='ocrx_word' id='word_1_280' title='bbox 835 2267 928 2320; x_wconf 80' lang='grc' dir='ltr'>καὶ</span> <span class='ocrx_word' id='word_1_281' title='bbox 950 2267 1260 2336; x_wconf 87' lang='grc' dir='ltr'>λεγόμενος,</span> <span class='ocrx_word' id='word_1_282' title='bbox 1295 2268 1355 2318; x_wconf 85' lang='grc' dir='ltr'><strong>οὑ</strong></span> <span class='ocrx_word' id='word_1_283' title='bbox 1383 2267 1580 2338; x_wconf 85' lang='grc' dir='ltr'>διαιρεί</span> <span class='ocrx_word' id='word_1_284' title='bbox 1608 2271 1699 2322; x_wconf 83' lang='grc' dir='ltr'>τὸν</span> <span class='ocrx_word' id='word_1_285' title='bbox 1723 2273 1816 2326; x_wconf 75' lang='grc' dir='ltr'>ἕνα</span> <span class='ocrx_word' id='word_1_286' title='bbox 1854 2276 1986 2343; x_wconf 88' lang='grc' dir='ltr'>Χρι-</span> 
     </span>
    </p>
   </div>
   <div class='ocr_carea' id='block_1_37' title="bbox 405 2353 1982 2434">
    <p class='ocr_par' dir='ltr' id='par_1_37' title="bbox 405 2353 1982 2434">
     <span class='ocr_line' id='line_1_37' title="bbox 405 2353 1982 2434; baseline 0.006 -28"><span class='ocrx_word' id='word_1_287' title='bbox 405 2353 552 2416; x_wconf 86' lang='grc' dir='ltr'>στὸν,</span> <span class='ocrx_word' id='word_1_288' title='bbox 592 2354 733 2408; x_wconf 81' lang='grc' dir='ltr'>ἀλλὰ</span> <span class='ocrx_word' id='word_1_289' title='bbox 777 2359 1117 2429; x_wconf 73' lang='grc' dir='ltr'>σωζομένην,</span> <span class='ocrx_word' id='word_1_290' title='bbox 1149 2361 1243 2414; x_wconf 70' lang='grc' dir='ltr'>καὶ</span> <span class='ocrx_word' id='word_1_291' title='bbox 1273 2362 1330 2414; x_wconf 79' lang='grc' dir='ltr'>ὲν</span> <span class='ocrx_word' id='word_1_292' title='bbox 1369 2365 1434 2430; x_wconf 84' lang='grc' dir='ltr'>τῇ</span> <span class='ocrx_word' id='word_1_293' title='bbox 1479 2357 1982 2434; x_wconf 81' lang='grc' dir='ltr'>ὲνώσειπαρίστησι</span> 
     </span>
    </p>
   </div>
   <div class='ocr_carea' id='block_1_38' title="bbox 401 2447 1981 2524">
    <p class='ocr_par' dir='ltr' id='par_1_38' title="bbox 401 2447 1981 2524">
     <span class='ocr_line' id='line_1_38' title="bbox 401 2447 1981 2524; baseline 0.006 -27"><span class='ocrx_word' id='word_1_294' title='bbox 401 2447 511 2499; x_wconf 83' lang='grc' dir='ltr'>τῶν</span> <span class='ocrx_word' id='word_1_295' title='bbox 543 2448 764 2515; x_wconf 84' lang='grc' dir='ltr'>φύσεων</span> <span class='ocrx_word' id='word_1_296' title='bbox 797 2451 898 2520; x_wconf 82' lang='grc' dir='ltr'>τὴν</span> <span class='ocrx_word' id='word_1_297' title='bbox 928 2452 1217 2523; x_wconf 69' lang='grc' dir='ltr'>διαφορὰν,</span> <span class='ocrx_word' id='word_1_298' title='bbox 1252 2454 1395 2506; x_wconf 78' lang='grc' dir='ltr'>οὕτω</span> <span class='ocrx_word' id='word_1_299' title='bbox 1434 2456 1528 2506; x_wconf 73' lang='grc' dir='ltr'><strong>καὶ</strong></span> <span class='ocrx_word' id='word_1_300' title='bbox 1555 2457 1581 2507; x_wconf 86' lang='grc' dir='ltr'>ὁ</span> <span class='ocrx_word' id='word_1_301' title='bbox 1603 2456 1837 2524; x_wconf 75' lang='grc' dir='ltr'>ἀριθμὸς</span> <span class='ocrx_word' id='word_1_302' title='bbox 1872 2457 1981 2506; x_wconf 65' lang='grc' dir='ltr'>τοῖιν</span> 
     </span>
    </p>
   </div>
   <div class='ocr_carea' id='block_1_39' title="bbox 401 2537 1979 2616">
    <p class='ocr_par' dir='ltr' id='par_1_39' title="bbox 401 2537 1979 2616">
     <span class='ocr_line' id='line_1_39' title="bbox 401 2537 1979 2616; baseline 0.007 -28"><span class='ocrx_word' id='word_1_303' title='bbox 401 2537 675 2602; x_wconf 74' lang='grc' dir='ltr'>ούσιωδῶς</span> <span class='ocrx_word' id='word_1_304' title='bbox 710 2543 1026 2610; x_wconf 85' lang='grc' dir='ltr'><strong>προσόντων</strong></span> <span class='ocrx_word' id='word_1_305' title='bbox 1055 2547 1171 2606; x_wconf 84' lang='grc' dir='ltr'>ταῖς</span> <span class='ocrx_word' id='word_1_306' title='bbox 1197 2545 1364 2598; x_wconf 83' lang='grc' dir='ltr'>αὑτοῦ</span> <span class='ocrx_word' id='word_1_307' title='bbox 1409 2547 1608 2613; x_wconf 81' lang='grc' dir='ltr'>φύσεσι</span> <span class='ocrx_word' id='word_1_308' title='bbox 1656 2548 1979 2616; x_wconf 81' lang='grc' dir='ltr'>θελημάτων</span> 
     </span>
    </p>
   </div>
   <div class='ocr_carea' id='block_1_40' title="bbox 404 2633 1979 2709">
    <p class='ocr_par' dir='ltr' id='par_1_40' title="bbox 404 2633 1979 2709">
     <span class='ocr_line' id='line_1_40' title="bbox 404 2633 1979 2709; baseline 0.006 -27"><span class='ocrx_word' id='word_1_309' title='bbox 404 2633 497 2683; x_wconf 76' lang='grc' dir='ltr'>καὶ</span> <span class='ocrx_word' id='word_1_310' title='bbox 524 2634 842 2702; x_wconf 83' lang='grc' dir='ltr'>ἐνεργειῶν·</span> <span class='ocrx_word' id='word_1_311' title='bbox 872 2637 1000 2690; x_wconf 74' lang='grc' dir='ltr'>κατ’</span> <span class='ocrx_word' id='word_1_312' title='bbox 1027 2638 1196 2706; x_wconf 74' lang='grc' dir='ltr'>ἄμφω</span> <span class='ocrx_word' id='word_1_313' title='bbox 1214 2641 1323 2709; x_wconf 81' lang='grc' dir='ltr'>γὰρ</span> <span class='ocrx_word' id='word_1_314' title='bbox 1342 2641 1438 2700; x_wconf 82' lang='grc' dir='ltr'>τὰς</span> <span class='ocrx_word' id='word_1_315' title='bbox 1465 2640 1658 2709; x_wconf 87' lang='grc' dir='ltr'>φύσεις</span> <span class='ocrx_word' id='word_1_316' title='bbox 1695 2642 1979 2708; x_wconf 70' lang='grc' dir='ltr'>θελητικδς</span> 
     </span>
    </p>
   </div>
   <div class='ocr_carea' id='block_1_41' title="bbox 401 2718 1979 2802">
    <p class='ocr_par' dir='ltr' id='par_1_41' title="bbox 401 2718 1979 2802">
     <span class='ocr_line' id='line_1_41' title="bbox 401 2718 1979 2802; baseline 0.005 -27"><span class='ocrx_word' id='word_1_317' title='bbox 401 2718 491 2792; x_wconf 79' lang='grc' dir='ltr'>ἦν,</span> <span class='ocrx_word' id='word_1_318' title='bbox 523 2725 617 2777; x_wconf 79' lang='grc' dir='ltr'>καὶ</span> <span class='ocrx_word' id='word_1_319' title='bbox 645 2727 999 2796; x_wconf 80' lang='grc' dir='ltr'><strong>ἐνεργητικὸς</strong></span> <span class='ocrx_word' id='word_1_320' title='bbox 1039 2730 1137 2798; x_wconf 76' lang='grc' dir='ltr'>τῆς</span> <span class='ocrx_word' id='word_1_321' title='bbox 1160 2730 1318 2799; x_wconf 79' lang='grc' dir='ltr'>ἡμῶν</span> <span class='ocrx_word' id='word_1_322' title='bbox 1348 2732 1648 2801; x_wconf 76' lang='grc' dir='ltr'>σωτηρίας·</span> <span class='ocrx_word' id='word_1_323' title='bbox 1679 2732 1741 2782; x_wconf 89' lang='grc' dir='ltr'><strong>ού</strong></span> <span class='ocrx_word' id='word_1_324' title='bbox 1775 2733 1979 2802; x_wconf 86' lang='grc' dir='ltr'>διαίρε-</span> 
     </span>
    </p>
   </div>
   <div class='ocr_carea' id='block_1_42' title="bbox 406 2817 1985 2892">
    <p class='ocr_par' dir='ltr' id='par_1_42' title="bbox 406 2817 1985 2892">
     <span class='ocr_line' id='line_1_42' title="bbox 406 2817 1985 2892; baseline 0.005 -25"><span class='ocrx_word' id='word_1_325' title='bbox 406 2833 491 2867; x_wconf 87' lang='grc' dir='ltr'>σιν</span> <span class='ocrx_word' id='word_1_326' title='bbox 521 2817 755 2886; x_wconf 86' lang='grc' dir='ltr'>εῑσάγει·</span> <span class='ocrx_word' id='word_1_327' title='bbox 793 2820 869 2889; x_wconf 86' lang='grc' dir='ltr'>μὴ</span> <span class='ocrx_word' id='word_1_328' title='bbox 901 2820 1134 2887; x_wconf 74' lang='grc' dir='ltr'>γένοιτο*</span> <span class='ocrx_word' id='word_1_329' title='bbox 1160 2821 1299 2875; x_wconf 77' lang='grc' dir='ltr'>ἀλλὰ</span> <span class='ocrx_word' id='word_1_330' title='bbox 1329 2822 1426 2892; x_wconf 81' lang='grc' dir='ltr'>τὴν</span> <span class='ocrx_word' id='word_1_331' title='bbox 1466 2823 1646 2875; x_wconf 83' lang='grc' dir='ltr'>αὐτῶν</span> <span class='ocrx_word' id='word_1_332' title='bbox 1674 2824 1844 2892; x_wconf 82' lang='grc' dir='ltr'>δηλοῖ,</span> <span class='ocrx_word' id='word_1_333' title='bbox 1889 2823 1985 2876; x_wconf 74' lang='grc' dir='ltr'><strong>καὶ</strong></span> 
     </span>
    </p>
   </div>
   <div class='ocr_carea' id='block_1_43' title="bbox 409 2908 1984 2982">
    <p class='ocr_par' dir='ltr' id='par_1_43' title="bbox 409 2908 1984 2982">
     <span class='ocr_line' id='line_1_43' title="bbox 409 2908 1984 2982; baseline 0.004 -22"><span class='ocrx_word' id='word_1_334' title='bbox 409 2908 590 2976; x_wconf 79' lang='grc' dir='ltr'>μόνον,</span> <span class='ocrx_word' id='word_1_335' title='bbox 623 2911 725 2963; x_wconf 86' lang='grc' dir='ltr'>κάν</span> <span class='ocrx_word' id='word_1_336' title='bbox 751 2913 817 2980; x_wconf 86' lang='grc' dir='ltr'>τῇ</span> <span class='ocrx_word' id='word_1_337' title='bbox 847 2912 1060 2975; x_wconf 82' lang='grc' dir='ltr'>ὲνώσει,</span> <span class='ocrx_word' id='word_1_338' title='bbox 1091 2913 1340 2982; x_wconf 84' lang='grc' dir='ltr'>φυλακὴν</span> <span class='ocrx_word' id='word_1_339' title='bbox 1370 2914 1465 2967; x_wconf 78' lang='grc' dir='ltr'><strong>καὶ</strong></span> <span class='ocrx_word' id='word_1_340' title='bbox 1494 2915 1792 2982; x_wconf 81' lang='grc' dir='ltr'>σωτηρίαν.</span> <span class='ocrx_word' id='word_1_341' title='bbox 1821 2916 1984 2967; x_wconf 79' lang='grc' dir='ltr'>Φυσι‹</span> 
     </span>
    </p>
   </div>
   <div class='ocr_carea' id='block_1_44' title="bbox 405 3000 1983 3075">
    <p class='ocr_par' dir='ltr' id='par_1_44' title="bbox 405 3000 1983 3075">
     <span class='ocr_line' id='line_1_44' title="bbox 405 3000 1983 3075; baseline 0.004 -23"><span class='ocrx_word' id='word_1_342' title='bbox 405 3000 478 3052; x_wconf 75' lang='grc' dir='ltr'>κὰ</span> <span class='ocrx_word' id='word_1_343' title='bbox 511 3001 640 3070; x_wconf 74' lang='grc' dir='ltr'>γάρ,</span> <span class='ocrx_word' id='word_1_344' title='bbox 671 3002 764 3056; x_wconf 75' lang='grc' dir='ltr'><strong>καὶ</strong></span> <span class='ocrx_word' id='word_1_345' title='bbox 786 3003 884 3072; x_wconf 83' lang='grc' dir='ltr'><strong>οὐχ</strong></span> <span class='ocrx_word' id='word_1_346' title='bbox 920 3003 1260 3056; x_wconf 85' lang='grc' dir='ltr'>ὑποστατικά</span> <span class='ocrx_word' id='word_1_347' title='bbox 1279 3021 1459 3073; x_wconf 79' lang='grc' dir='ltr'>φαμεν</span> <span class='ocrx_word' id='word_1_348' title='bbox 1488 3006 1553 3056; x_wconf 76' lang='grc' dir='ltr'>τὰ</span> <span class='ocrx_word' id='word_1_349' title='bbox 1582 3005 1863 3075; x_wconf 73' lang='grc' dir='ltr'>θελήματα</span> <span class='ocrx_word' id='word_1_350' title='bbox 1887 3007 1983 3058; x_wconf 72' lang='grc' dir='ltr'><strong>καὶ</strong></span> 
     </span>
    </p>
   </div>
   <div class='ocr_carea' id='block_1_45' title="bbox 405 3089 1986 3165">
    <p class='ocr_par' dir='ltr' id='par_1_45' title="bbox 405 3089 1986 3165">
     <span class='ocr_line' id='line_1_45' title="bbox 405 3089 1986 3165; baseline 0.004 -25"><span class='ocrx_word' id='word_1_351' title='bbox 405 3089 504 3152; x_wconf 77' lang='grc' dir='ltr'>τὰς</span> <span class='ocrx_word' id='word_1_352' title='bbox 553 3091 860 3159; x_wconf 76' lang='grc' dir='ltr'>ἐνεργείας.</span> <span class='ocrx_word' id='word_1_353' title='bbox 908 3093 1065 3160; x_wconf 71' lang='grc' dir='ltr'><strong>¹Λέγω</strong></span> <span class='ocrx_word' id='word_1_354' title='bbox 1110 3094 1166 3147; x_wconf 80' lang='grc' dir='ltr'><strong>δὲ</strong></span> <span class='ocrx_word' id='word_1_355' title='bbox 1201 3094 1372 3161; x_wconf 83' lang='grc' dir='ltr'>αὐτὴν</span> <span class='ocrx_word' id='word_1_356' title='bbox 1408 3094 1509 3164; x_wconf 84' lang='grc' dir='ltr'><strong>τὴν</strong></span> <span class='ocrx_word' id='word_1_357' title='bbox 1567 3094 1860 3165; x_wconf 83' lang='grc' dir='ltr'>θελητικὴν</span> <span class='ocrx_word' id='word_1_358' title='bbox 1894 3097 1986 3147; x_wconf 70' lang='grc' dir='ltr'><strong>καὶ</strong></span> 
     </span>
    </p>
   </div>
   <div class='ocr_carea' id='block_1_46' title="bbox 407 3182 1982 3256">
    <p class='ocr_par' dir='ltr' id='par_1_46' title="bbox 407 3182 1982 3256">
     <span class='ocr_line' id='line_1_46' title="bbox 407 3182 1982 3256; baseline 0.004 -24"><span class='ocrx_word' id='word_1_359' title='bbox 407 3182 769 3252; x_wconf 78' lang='grc' dir='ltr'>ὲνεργητικὴν</span> <span class='ocrx_word' id='word_1_360' title='bbox 791 3184 1044 3255; x_wconf 84' lang='grc' dir='ltr'>δύναμιν,</span> <span class='ocrx_word' id='word_1_361' title='bbox 1066 3185 1186 3237; x_wconf 84' lang='grc' dir='ltr'>καθ’</span> <span class='ocrx_word' id='word_1_362' title='bbox 1209 3187 1276 3253; x_wconf 84' lang='grc' dir='ltr'>ἦν</span> <span class='ocrx_word' id='word_1_363' title='bbox 1307 3185 1452 3239; x_wconf 81' lang='grc' dir='ltr'>θέλει</span> <span class='ocrx_word' id='word_1_364' title='bbox 1483 3187 1811 3256; x_wconf 70' lang='grc' dir='ltr'>καὶένεργεῖ</span> <span class='ocrx_word' id='word_1_365' title='bbox 1839 3189 1908 3240; x_wconf 88' lang='grc' dir='ltr'><strong>τά</strong></span> <span class='ocrx_word' id='word_1_366' title='bbox 1925 3205 1982 3239; x_wconf 86' lang='grc' dir='ltr'><strong>τε</strong></span> 
     </span>
    </p>
   </div>
   <div class='ocr_carea' id='block_1_47' title="bbox 2088 1913 3653 1980">
    <p class='ocr_par' dir='ltr' id='par_1_47' title="bbox 2088 1913 3653 1980">
     <span class='ocr_line' id='line_1_47' title="bbox 2088 1913 3653 1980; baseline -0.003 -10"><span class='ocrx_word' id='word_1_367' title='bbox 2088 1932 2152 1970; x_wconf 91' lang='lat' dir='ltr'><strong>ac</strong></span> <span class='ocrx_word' id='word_1_368' title='bbox 2178 1926 2497 1970; x_wconf 85' lang='lat' dir='ltr'><strong>naturarum</strong></span> <span class='ocrx_word' id='word_1_369' title='bbox 2531 1915 2824 1968; x_wconf 82' lang='lat' dir='ltr'><strong>discrimen</strong></span> <span class='ocrx_word' id='word_1_370' title='bbox 2859 1913 3199 1980; x_wconf 80' lang='lat' dir='ltr'><strong>exploratum</strong></span> <span class='ocrx_word' id='word_1_371' title='bbox 3247 1914 3528 1975; x_wconf 90' lang='lat' dir='ltr'><strong>habentes,</strong></span> <span class='ocrx_word' id='word_1_372' title='bbox 3565 1930 3653 1965; x_wconf 87' lang='lat' dir='ltr'><strong>vo-</strong></span> 
     </span>
    </p>
   </div>
   <div class='ocr_carea' id='block_1_48' title="bbox 2087 2003 3650 2060">
    <p class='ocr_par' dir='ltr' id='par_1_48' title="bbox 2087 2003 3650 2060">
     <span class='ocr_line' id='line_1_48' title="bbox 2087 2003 3650 2060; baseline -0.002 0"><span class='ocrx_word' id='word_1_373' title='bbox 2087 2007 2355 2060; x_wconf 87' lang='lat' dir='ltr'><strong>luntatum</strong></span> <span class='ocrx_word' id='word_1_374' title='bbox 2382 2007 2542 2059; x_wconf 88' lang='lat' dir='ltr'><strong>etiam</strong></span> <span class='ocrx_word' id='word_1_375' title='bbox 2585 2013 2636 2058; x_wconf 93' lang='lat' dir='ltr'><strong>et</strong></span> <span class='ocrx_word' id='word_1_376' title='bbox 2666 2005 2939 2056; x_wconf 89' lang='lat' dir='ltr'><strong>actionum</strong></span> <span class='ocrx_word' id='word_1_377' title='bbox 2986 2003 3281 2056; x_wconf 80' lang='lat' dir='ltr'><strong>discrimen</strong></span> <span class='ocrx_word' id='word_1_378' title='bbox 3304 2005 3650 2057; x_wconf 83' lang='lat' dir='ltr'><strong>conﬁtemur.</strong></span> 
     </span>
    </p>
   </div>
   <div class='ocr_carea' id='block_1_49' title="bbox 2087 2094 3652 2164">
    <p class='ocr_par' dir='ltr' id='par_1_49' title="bbox 2087 2094 3652 2164">
     <span class='ocr_line' id='line_1_49' title="bbox 2087 2094 3652 2164; baseline -0.002 -14"><span class='ocrx_word' id='word_1_379' title='bbox 2087 2097 2556 2164; x_wconf 80' lang='lat' dir='ltr'><strong>Quemadmodum</strong></span> <span class='ocrx_word' id='word_1_380' title='bbox 2583 2097 2728 2149; x_wconf 90' lang='lat' dir='ltr'><strong>enim</strong></span> <span class='ocrx_word' id='word_1_381' title='bbox 2763 2096 2927 2148; x_wconf 84' lang='lat' dir='ltr'><strong>unius</strong></span> <span class='ocrx_word' id='word_1_382' title='bbox 2976 2105 3027 2146; x_wconf 91' lang='lat' dir='ltr'><strong>et</strong></span> <span class='ocrx_word' id='word_1_383' title='bbox 3054 2094 3293 2160; x_wconf 82' lang='lat' dir='ltr'><strong>ejusdem</strong></span> <span class='ocrx_word' id='word_1_384' title='bbox 3325 2094 3525 2148; x_wconf 87' lang='lat' dir='ltr'><strong>Christi</strong></span> <span class='ocrx_word' id='word_1_385' title='bbox 3555 2112 3652 2149; x_wconf 87' lang='lat' dir='ltr'><strong>na-</strong></span> 
     </span>
    </p>
   </div>
   <div class='ocr_carea' id='block_1_50' title="bbox 2087 2185 3651 2254">
    <p class='ocr_par' dir='ltr' id='par_1_50' title="bbox 2087 2185 3651 2254">
     <span class='ocr_line' id='line_1_50' title="bbox 2087 2185 3651 2254; baseline -0.006 -11"><span class='ocrx_word' id='word_1_386' title='bbox 2087 2199 2333 2243; x_wconf 87' lang='lat' dir='ltr'><strong>turarum</strong></span> <span class='ocrx_word' id='word_1_387' title='bbox 2356 2203 2640 2249; x_wconf 82' lang='lat' dir='ltr'><strong>numerus,</strong></span> <span class='ocrx_word' id='word_1_388' title='bbox 2675 2188 2720 2240; x_wconf 88' lang='lat' dir='ltr'><strong>si</strong></span> <span class='ocrx_word' id='word_1_389' title='bbox 2757 2187 2842 2254; x_wconf 90' lang='lat' dir='ltr'><strong>pie</strong></span> <span class='ocrx_word' id='word_1_390' title='bbox 2882 2185 3215 2252; x_wconf 82' lang='lat' dir='ltr'><strong>intelligatur</strong></span> <span class='ocrx_word' id='word_1_391' title='bbox 3235 2196 3282 2238; x_wconf 91' lang='lat' dir='ltr'><strong>et</strong></span> <span class='ocrx_word' id='word_1_392' title='bbox 3310 2187 3651 2253; x_wconf 78' lang='lat' dir='ltr'><strong>pnedicetnr,</strong></span> 
     </span>
    </p>
   </div>
   <div class='ocr_carea' id='block_1_51' title="bbox 2089 2274 3657 2344">
    <p class='ocr_par' dir='ltr' id='par_1_51' title="bbox 2089 2274 3657 2344">
     <span class='ocr_line' id='line_1_51' title="bbox 2089 2274 3657 2344; baseline -0.001 -15"><span class='ocrx_word' id='word_1_393' title='bbox 2089 2293 2257 2330; x_wconf 90' lang='lat' dir='ltr'><strong>unum</strong></span> <span class='ocrx_word' id='word_1_394' title='bbox 2295 2277 2570 2331; x_wconf 82' lang='lat' dir='ltr'><strong>Christum</strong></span> <span class='ocrx_word' id='word_1_395' title='bbox 2609 2290 2950 2344; x_wconf 78' lang='lat' dir='ltr'><strong>nequaquam</strong></span> <span class='ocrx_word' id='word_1_396' title='bbox 2992 2274 3225 2340; x_wconf 89' lang='lat' dir='ltr'><strong>dividit;</strong></span> <span class='ocrx_word' id='word_1_397' title='bbox 3283 2291 3469 2328; x_wconf 91' lang='lat' dir='ltr'><strong>verum</strong></span> <span class='ocrx_word' id='word_1_398' title='bbox 3505 2276 3657 2329; x_wconf 74' lang='lat' dir='ltr'><strong>inro—</strong></span> 
     </span>
    </p>
   </div>
   <div class='ocr_carea' id='block_1_52' title="bbox 2093 2363 3660 2422">
    <p class='ocr_par' dir='ltr' id='par_1_52' title="bbox 2093 2363 3660 2422">
     <span class='ocr_line' id='line_1_52' title="bbox 2093 2363 3660 2422; baseline 0.004 -9"><span class='ocrx_word' id='word_1_399' title='bbox 2093 2365 2293 2416; x_wconf 83' lang='lat' dir='ltr'><strong>lumetn</strong></span> <span class='ocrx_word' id='word_1_400' title='bbox 2324 2365 2487 2417; x_wconf 88' lang='lat' dir='ltr'><strong>etiam</strong></span> <span class='ocrx_word' id='word_1_401' title='bbox 2518 2366 2570 2422; x_wconf 79' lang='lat' dir='ltr'><strong>in</strong></span> <span class='ocrx_word' id='word_1_402' title='bbox 2607 2367 2808 2417; x_wconf 80' lang='lat' dir='ltr'><strong>unione</strong></span> <span class='ocrx_word' id='word_1_403' title='bbox 2856 2364 3221 2418; x_wconf 77' lang='lat' dir='ltr'><strong>dilTerentiam</strong></span> <span class='ocrx_word' id='word_1_404' title='bbox 3255 2363 3493 2417; x_wconf 81' lang='lat' dir='ltr'><strong>ostendit</strong></span> <span class='ocrx_word' id='word_1_405' title='bbox 3523 2383 3535 2416; x_wconf 88' lang='lat'><strong><em>:</em></strong></span> <span class='ocrx_word' id='word_1_406' title='bbox 3588 2364 3660 2419; x_wconf 89' lang='lat' dir='ltr'><strong>ita</strong></span> 
     </span>
    </p>
   </div>
   <div class='ocr_carea' id='block_1_53' title="bbox 2091 2454 3658 2522">
    <p class='ocr_par' dir='ltr' id='par_1_53' title="bbox 2091 2454 3658 2522">
     <span class='ocr_line' id='line_1_53' title="bbox 2091 2454 3658 2522; baseline 0 -16"><span class='ocrx_word' id='word_1_407' title='bbox 2091 2467 2277 2506; x_wconf 82' lang='lat' dir='ltr'><strong>earum</strong></span> <span class='ocrx_word' id='word_1_408' title='bbox 2303 2455 2644 2507; x_wconf 83' lang='lat' dir='ltr'><strong>volunlatum</strong></span> <span class='ocrx_word' id='word_1_409' title='bbox 2671 2462 2724 2507; x_wconf 89' lang='lat' dir='ltr'><strong>el.</strong></span> <span class='ocrx_word' id='word_1_410' title='bbox 2752 2455 3030 2507; x_wconf 87' lang='lat' dir='ltr'><strong>actionum</strong></span> <span class='ocrx_word' id='word_1_411' title='bbox 3070 2469 3348 2515; x_wconf 83' lang='lat' dir='ltr'><strong>numerus,</strong></span> <span class='ocrx_word' id='word_1_412' title='bbox 3384 2469 3504 2522; x_wconf 60' lang='lat' dir='ltr'><strong>quin</strong></span> <span class='ocrx_word' id='word_1_413' title='bbox 3531 2454 3658 2506; x_wconf 89' lang='lat' dir='ltr'><strong>sub-</strong></span> 
     </span>
    </p>
   </div>
   <div class='ocr_carea' id='block_1_54' title="bbox 2089 2547 3664 2616">
    <p class='ocr_par' dir='ltr' id='par_1_54' title="bbox 2089 2547 3664 2616">
     <span class='ocr_line' id='line_1_54' title="bbox 2089 2547 3664 2616; baseline 0.001 -18"><span class='ocrx_word' id='word_1_414' title='bbox 2089 2547 2415 2600; x_wconf 82' lang='lat' dir='ltr'><strong>stantialiter</strong></span> <span class='ocrx_word' id='word_1_415' title='bbox 2444 2548 2574 2616; x_wconf 87' lang='lat' dir='ltr'><strong>ipsis</strong></span> <span class='ocrx_word' id='word_1_416' title='bbox 2627 2549 2839 2600; x_wconf 85' lang='lat' dir='ltr'><strong>naturis</strong></span> <span class='ocrx_word' id='word_1_417' title='bbox 2905 2548 3241 2600; x_wconf 87' lang='lat' dir='ltr'><strong>conveniunt</strong></span> <span class='ocrx_word' id='word_1_418' title='bbox 3302 2547 3525 2615; x_wconf 88' lang='lat' dir='ltr'><strong>(etenim</strong></span> <span class='ocrx_word' id='word_1_419' title='bbox 3577 2563 3664 2600; x_wconf 87' lang='lat' dir='ltr'><strong>se-</strong></span> 
     </span>
    </p>
   </div>
   <div class='ocr_carea' id='block_1_55' title="bbox 2090 2638 3658 2708">
    <p class='ocr_par' dir='ltr' id='par_1_55' title="bbox 2090 2638 3658 2708">
     <span class='ocr_line' id='line_1_55' title="bbox 2090 2638 3658 2708; baseline 0.001 -19"><span class='ocrx_word' id='word_1_420' title='bbox 2090 2638 2328 2692; x_wconf 89' lang='lat' dir='ltr'><strong>cundum</strong></span> <span class='ocrx_word' id='word_1_421' title='bbox 2394 2651 2681 2708; x_wconf 89' lang='lat' dir='ltr'><strong>utramque</strong></span> <span class='ocrx_word' id='word_1_422' title='bbox 2716 2650 2963 2693; x_wconf 86' lang='lat' dir='ltr'><strong>naturam</strong></span> <span class='ocrx_word' id='word_1_423' title='bbox 2997 2639 3068 2692; x_wconf 85' lang='lat' dir='ltr'><strong>ita</strong></span> <span class='ocrx_word' id='word_1_424' title='bbox 3135 2649 3487 2707; x_wconf 86' lang='lat' dir='ltr'><strong>eomparatus</strong></span> <span class='ocrx_word' id='word_1_425' title='bbox 3540 2649 3658 2691; x_wconf 82' lang='lat' dir='ltr'><strong>erat</strong></span> 
     </span>
    </p>
   </div>
   <div class='ocr_carea' id='block_1_56' title="bbox 2093 2731 3662 2798">
    <p class='ocr_par' dir='ltr' id='par_1_56' title="bbox 2093 2731 3662 2798">
     <span class='ocr_line' id='line_1_56' title="bbox 2093 2731 3662 2798; baseline 0 -16"><span class='ocrx_word' id='word_1_426' title='bbox 2093 2741 2151 2783; x_wconf 93' lang='lat' dir='ltr'><strong>ut</strong></span> <span class='ocrx_word' id='word_1_427' title='bbox 2191 2732 2353 2785; x_wconf 85' lang='lat' dir='ltr'><strong>vellet</strong></span> <span class='ocrx_word' id='word_1_428' title='bbox 2380 2743 2434 2786; x_wconf 91' lang='lat' dir='ltr'><strong>et</strong></span> <span class='ocrx_word' id='word_1_429' title='bbox 2463 2731 2829 2798; x_wconf 63' lang='lat' dir='ltr'><strong>operaretur),</strong></span> <span class='ocrx_word' id='word_1_430' title='bbox 2885 2731 3210 2785; x_wconf 72' lang='lat' dir='ltr'><strong>divisionem</strong></span> <span class='ocrx_word' id='word_1_431' title='bbox 3278 2747 3383 2784; x_wconf 93' lang='lat' dir='ltr'><strong>non</strong></span> <span class='ocrx_word' id='word_1_432' title='bbox 3452 2731 3662 2782; x_wconf 82' lang='lat' dir='ltr'><strong>inducit</strong></span> 
     </span>
    </p>
   </div>
   <div class='ocr_carea' id='block_1_57' title="bbox 2092 2822 3659 2891">
    <p class='ocr_par' dir='ltr' id='par_1_57' title="bbox 2092 2822 3659 2891">
     <span class='ocr_line' id='line_1_57' title="bbox 2092 2822 3659 2891; baseline 0 -17"><span class='ocrx_word' id='word_1_433' title='bbox 2092 2822 2343 2891; x_wconf 87' lang='lat' dir='ltr'><strong>(absit),</strong></span> <span class='ocrx_word' id='word_1_434' title='bbox 2395 2824 2487 2877; x_wconf 93' lang='lat' dir='ltr'><strong>sed</strong></span> <span class='ocrx_word' id='word_1_435' title='bbox 2538 2839 2726 2877; x_wconf 87' lang='lat' dir='ltr'><strong>earum</strong></span> <span class='ocrx_word' id='word_1_436' title='bbox 2780 2824 3046 2877; x_wconf 77' lang='lat' dir='ltr'><strong>duntaxat</strong></span> <span class='ocrx_word' id='word_1_437' title='bbox 3129 2822 3293 2876; x_wconf 86' lang='lat' dir='ltr'><strong>etiam</strong></span> <span class='ocrx_word' id='word_1_438' title='bbox 3344 2823 3398 2874; x_wconf 93' lang='lat' dir='ltr'><strong>in</strong></span> <span class='ocrx_word' id='word_1_439' title='bbox 3455 2822 3659 2874; x_wconf 83' lang='lat' dir='ltr'><strong>unione</strong></span> 
     </span>
    </p>
   </div>
   <div class='ocr_carea' id='block_1_58' title="bbox 2092 2911 3662 2986">
    <p class='ocr_par' dir='ltr' id='par_1_58' title="bbox 2092 2911 3662 2986">
     <span class='ocr_line' id='line_1_58' title="bbox 2092 2911 3662 2986; baseline 0.001 -21"><span class='ocrx_word' id='word_1_440' title='bbox 2092 2915 2566 2967; x_wconf 88' lang='lat' dir='ltr'><strong>conservationem</strong></span> <span class='ocrx_word' id='word_1_441' title='bbox 2589 2922 2643 2966; x_wconf 89' lang='lat' dir='ltr'><strong>et</strong></span> <span class='ocrx_word' id='word_1_442' title='bbox 2678 2913 3109 2967; x_wconf 85' lang='lat' dir='ltr'><strong>incolumitatem</strong></span> <span class='ocrx_word' id='word_1_443' title='bbox 3137 2911 3340 2986; x_wconf 84' lang='lat' dir='ltr'><strong>prodit.</strong></span> <span class='ocrx_word' id='word_1_444' title='bbox 3375 2912 3662 2969; x_wconf 81' lang='lat' dir='ltr'><strong>Naturales</strong></span> 
     </span>
    </p>
   </div>
   <div class='ocr_carea' id='block_1_59' title="bbox 2094 3003 3671 3079">
    <p class='ocr_par' dir='ltr' id='par_1_59' title="bbox 2094 3003 3671 3079">
     <span class='ocr_line' id='line_1_59' title="bbox 2094 3003 3671 3079; baseline 0.001 -23"><span class='ocrx_word' id='word_1_445' title='bbox 2094 3003 2366 3072; x_wconf 87' lang='lat' dir='ltr'><strong>siquidem</strong></span> <span class='ocrx_word' id='word_1_446' title='bbox 2402 3019 2543 3067; x_wconf 90' lang='lat' dir='ltr'><strong>esse,</strong></span> <span class='ocrx_word' id='word_1_447' title='bbox 2574 3019 2634 3058; x_wconf 89' lang='lat' dir='ltr'><strong>ac</strong></span> <span class='ocrx_word' id='word_1_448' title='bbox 2693 3018 2800 3058; x_wconf 90' lang='lat' dir='ltr'><strong>non</strong></span> <span class='ocrx_word' id='word_1_449' title='bbox 2856 3008 3188 3079; x_wconf 80' lang='lat' dir='ltr'><strong>personales,</strong></span> <span class='ocrx_word' id='word_1_450' title='bbox 3248 3007 3556 3060; x_wconf 84' lang='lat' dir='ltr'><strong>voluntates</strong></span> <span class='ocrx_word' id='word_1_451' title='bbox 3617 3015 3671 3058; x_wconf 87' lang='lat' dir='ltr'><strong>et</strong></span> 
     </span>
    </p>
   </div>
   <div class='ocr_carea' id='block_1_60' title="bbox 2093 3097 3662 3170">
    <p class='ocr_par' dir='ltr' id='par_1_60' title="bbox 2093 3097 3662 3170">
     <span class='ocr_line' id='line_1_60' title="bbox 2093 3097 3662 3170; baseline 0.001 -21"><span class='ocrx_word' id='word_1_452' title='bbox 2093 3097 2340 3151; x_wconf 87' lang='lat' dir='ltr'><strong>actiones</strong></span> <span class='ocrx_word' id='word_1_453' title='bbox 2371 3097 2644 3170; x_wconf 85' lang='lat' dir='ltr'><strong>dicimus;</strong></span> <span class='ocrx_word' id='word_1_454' title='bbox 2681 3102 2782 3156; x_wconf 88' lang='lat' dir='ltr'><strong>hoc</strong></span> <span class='ocrx_word' id='word_1_455' title='bbox 2821 3112 2905 3156; x_wconf 90' lang='lat' dir='ltr'><strong>est</strong></span> <span class='ocrx_word' id='word_1_456' title='bbox 2956 3103 3062 3154; x_wconf 87' lang='lat' dir='ltr'><strong>vim</strong></span> <span class='ocrx_word' id='word_1_457' title='bbox 3122 3102 3292 3170; x_wconf 85' lang='lat' dir='ltr'><strong>ipsam</strong></span> <span class='ocrx_word' id='word_1_458' title='bbox 3344 3100 3559 3153; x_wconf 88' lang='lat' dir='ltr'><strong>voleudi</strong></span> <span class='ocrx_word' id='word_1_459' title='bbox 3613 3109 3662 3151; x_wconf 85' lang='lat' dir='ltr'><strong>et</strong></span> 
     </span>
    </p>
   </div>
   <div class='ocr_carea' id='block_1_61' title="bbox 2090 3188 3664 3264">
    <p class='ocr_par' dir='ltr' id='par_1_61' title="bbox 2090 3188 3664 3264">
     <span class='ocr_line' id='line_1_61' title="bbox 2090 3188 3664 3264; baseline -0.004 -16"><span class='ocrx_word' id='word_1_460' title='bbox 2090 3188 2308 3256; x_wconf 80' lang='lat' dir='ltr'><strong>agendi.</strong></span> <span class='ocrx_word' id='word_1_461' title='bbox 2339 3204 2437 3257; x_wconf 81' lang='lat' dir='ltr'><strong>per</strong></span> <span class='ocrx_word' id='word_1_462' title='bbox 2459 3210 2622 3264; x_wconf 88' lang='lat' dir='ltr'><strong>quam</strong></span> <span class='ocrx_word' id='word_1_463' title='bbox 2655 3194 2845 3247; x_wconf 83' lang='lat' dir='ltr'><strong>volunt</strong></span> <span class='ocrx_word' id='word_1_464' title='bbox 2883 3202 2937 3247; x_wconf 90' lang='lat' dir='ltr'><strong>et</strong></span> <span class='ocrx_word' id='word_1_465' title='bbox 2967 3202 3151 3262; x_wconf 89' lang='lat' dir='ltr'><strong>agunt.</strong></span> <span class='ocrx_word' id='word_1_466' title='bbox 3179 3193 3233 3246; x_wconf 92' lang='lat' dir='ltr'><strong>Si</strong></span> <span class='ocrx_word' id='word_1_467' title='bbox 3269 3193 3413 3244; x_wconf 89' lang='lat' dir='ltr'><strong>enim</strong></span> <span class='ocrx_word' id='word_1_468' title='bbox 3479 3207 3664 3259; x_wconf 76' lang='lat' dir='ltr'><strong>perse-</strong></span> 
     </span>
    </p>
   </div>
   <div class='ocr_carea' id='block_1_62' title="bbox 409 3273 2154 3365">
    <p class='ocr_par' dir='ltr' id='par_1_62' title="bbox 409 3273 2154 3365">
     <span class='ocr_line' id='line_1_62' title="bbox 409 3273 2154 3365; baseline 0.005 -41"><span class='ocrx_word' id='word_1_469' title='bbox 409 3273 635 3326; x_wconf 82' lang='grc' dir='ltr'>θέλοντα</span> <span class='ocrx_word' id='word_1_470' title='bbox 662 3276 759 3327; x_wconf 80' lang='grc' dir='ltr'>καὶ</span> <span class='ocrx_word' id='word_1_471' title='bbox 792 3275 1147 3346; x_wconf 78' lang='grc' dir='ltr'>ἐνεργοῦντα.</span> <span class='ocrx_word' id='word_1_472' title='bbox 1194 3279 1390 3349; x_wconf 42' lang='grc' dir='ltr'>Εἱέγὰρ</span> <span class='ocrx_word' id='word_1_473' title='bbox 1431 3280 1771 3332; x_wconf 75' lang='grc' dir='ltr'>ὑποστατικά</span> <span class='ocrx_word' id='word_1_474' title='bbox 1804 3280 1986 3347; x_wconf 80' lang='grc' dir='ltr'>δῶμεν</span> <span class='ocrx_word' id='word_1_475' title='bbox 2014 3307 2061 3365; x_wconf 76' lang='lat' dir='ltr'><strong>C</strong></span> <span class='ocrx_word' id='word_1_476' title='bbox 2095 3295 2154 3333; x_wconf 89' lang='lat' dir='ltr'><strong>na</strong></span> 
     </span>
    </p>
   </div>
   <div class='ocr_carea' id='block_1_63' title="bbox 1922 3273 3667 3365">
    <p class='ocr_par' dir='ltr' id='par_1_63' title="bbox 1922 3280 3667 3365">
     <span class='ocr_line' id='line_1_63' title="bbox 1922 3280 3667 3365; baseline 0 -33"><span class='ocrx_word' id='word_1_477' title='bbox 1922 3297 2061 3365; x_wconf 52' lang='grc' dir='ltr'>ηενρ</span> <span class='ocrx_word' id='word_1_478' title='bbox 2095 3280 2244 3338; x_wconf 81' lang='lat' dir='ltr'><strong>nales</strong></span> <span class='ocrx_word' id='word_1_479' title='bbox 2273 3301 2394 3340; x_wconf 86' lang='lat' dir='ltr'><strong>esse</strong></span> <span class='ocrx_word' id='word_1_480' title='bbox 2443 3287 2900 3348; x_wconf 86' lang='lat' dir='ltr'><strong>concesserimus,</strong></span> <span class='ocrx_word' id='word_1_481' title='bbox 2961 3295 3073 3340; x_wconf 92' lang='lat' dir='ltr'><strong>tres</strong></span> <span class='ocrx_word' id='word_1_482' title='bbox 3127 3295 3328 3339; x_wconf 71' lang='lat' dir='ltr'><strong>sancta:</strong></span> <span class='ocrx_word' id='word_1_483' title='bbox 3384 3283 3667 3338; x_wconf 83' lang='lat' dir='ltr'><strong>Trinitatis</strong></span> 
     </span>
    </p>
   </div>
   <div class='ocr_carea' id='block_1_64' title="bbox 408 3368 1988 3441">
    <p class='ocr_par' dir='ltr' id='par_1_64' title="bbox 408 3368 1988 3441">
     <span class='ocr_line' id='line_1_64' title="bbox 408 3368 1988 3441; baseline 0.004 -23"><span class='ocrx_word' id='word_1_484' title='bbox 408 3368 569 3431; x_wconf 74' lang='grc' dir='ltr'>αὐτὰ,</span> <span class='ocrx_word' id='word_1_485' title='bbox 613 3369 952 3438; x_wconf 80' lang='grc' dir='ltr'>ἑτεροθελεῖς</span> <span class='ocrx_word' id='word_1_486' title='bbox 981 3372 1077 3422; x_wconf 75' lang='grc' dir='ltr'>καὶ</span> <span class='ocrx_word' id='word_1_487' title='bbox 1111 3371 1516 3439; x_wconf 79' lang='grc' dir='ltr'>ἑτεροενεργεῖς</span> <span class='ocrx_word' id='word_1_488' title='bbox 1546 3373 1644 3433; x_wconf 75' lang='grc' dir='ltr'><strong>τὰς</strong></span> <span class='ocrx_word' id='word_1_489' title='bbox 1682 3374 1829 3441; x_wconf 77' lang='grc' dir='ltr'>τρεῖς</span> <span class='ocrx_word' id='word_1_490' title='bbox 1855 3372 1988 3424; x_wconf 73' lang='grc' dir='ltr'>ὑπο-</span> 
     </span>
    </p>
   </div>
   <div class='ocr_carea' id='block_1_65' title="bbox 410 3459 1983 3534">
    <p class='ocr_par' dir='ltr' id='par_1_65' title="bbox 410 3459 1983 3534">
     <span class='ocr_line' id='line_1_65' title="bbox 410 3459 1983 3534; baseline 0.006 -26"><span class='ocrx_word' id='word_1_491' title='bbox 410 3459 628 3521; x_wconf 73' lang='grc' dir='ltr'>στάσεις</span> <span class='ocrx_word' id='word_1_492' title='bbox 654 3461 752 3529; x_wconf 85' lang='grc' dir='ltr'>τῆς</span> <span class='ocrx_word' id='word_1_493' title='bbox 787 3462 949 3528; x_wconf 81' lang='grc' dir='ltr'>ἁγίας</span> <span class='ocrx_word' id='word_1_494' title='bbox 964 3462 1202 3531; x_wconf 44' lang='grc' dir='ltr'>,Τριάδος</span> <span class='ocrx_word' id='word_1_495' title='bbox 1221 3464 1400 3516; x_wconf 74' lang='grc' dir='ltr'>εἰπεῖν</span> <span class='ocrx_word' id='word_1_496' title='bbox 1428 3463 1983 3534; x_wconf 67' lang='grc' dir='ltr'>ἀναγκασθησόμεθα.</span> 
     </span>
    </p>
   </div>
   <div class='ocr_carea' id='block_1_66' title="bbox 409 3551 1988 3626">
    <p class='ocr_par' dir='ltr' id='par_1_66' title="bbox 409 3551 1988 3626">
     <span class='ocr_line' id='line_1_66' title="bbox 409 3551 1988 3626; baseline 0.014 -31"><span class='ocrx_word' id='word_1_497' title='bbox 409 3551 556 3613; x_wconf 79' lang='grc' dir='ltr'><strong>Μιᾶς</strong></span> <span class='ocrx_word' id='word_1_498' title='bbox 589 3552 698 3621; x_wconf 80' lang='grc' dir='ltr'><strong>γὰρ</strong></span> <span class='ocrx_word' id='word_1_499' title='bbox 729 3553 1084 3618; x_wconf 81' lang='grc' dir='ltr'>ὑποστάσεως</span> <span class='ocrx_word' id='word_1_500' title='bbox 1117 3558 1623 3626; x_wconf 68' lang='grc' dir='ltr'>χαρακτηριστικὸν</span> <span class='ocrx_word' id='word_1_501' title='bbox 1653 3557 1712 3610; x_wconf 76' lang='grc' dir='ltr'><strong>τὸ</strong></span> <span class='ocrx_word' id='word_1_502' title='bbox 1747 3558 1988 3616; x_wconf 79' lang='grc' dir='ltr'>ὑποσταο</span> 
     </span>
    </p>
   </div>
   <div class='ocr_carea' id='block_1_67' title="bbox 406 3645 1101 3714">
    <p class='ocr_par' dir='ltr' id='par_1_67' title="bbox 406 3645 1101 3714">
     <span class='ocr_line' id='line_1_67' title="bbox 406 3645 1101 3714; baseline 0.007 -20"><span class='ocrx_word' id='word_1_503' title='bbox 406 3645 559 3695; x_wconf 88' lang='grc' dir='ltr'>τικόν</span> <span class='ocrx_word' id='word_1_504' title='bbox 589 3661 645 3696; x_wconf 83' lang='grc' dir='ltr'><strong>τε</strong></span> <span class='ocrx_word' id='word_1_505' title='bbox 672 3646 764 3698; x_wconf 73' lang='grc' dir='ltr'><strong>καὶ</strong></span> <span class='ocrx_word' id='word_1_506' title='bbox 799 3647 1101 3714; x_wconf 82' lang='grc' dir='ltr'>γνωμικόν.</span> 
     </span>
    </p>
   </div>
   <div class='ocr_carea' id='block_1_68' title="bbox 491 3733 1988 3809">
    <p class='ocr_par' dir='ltr' id='par_1_68' title="bbox 491 3733 1988 3809">
     <span class='ocr_line' id='line_1_68' title="bbox 491 3733 1988 3809; baseline 0.006 -22"><span class='ocrx_word' id='word_1_507' title='bbox 491 3733 694 3788; x_wconf 82' lang='grc' dir='ltr'>ἰστέον</span> <span class='ocrx_word' id='word_1_508' title='bbox 726 3735 836 3807; x_wconf 80' lang='grc' dir='ltr'><strong>γάρ</strong></span> <span class='ocrx_word' id='word_1_509' title='bbox 867 3737 941 3800; x_wconf 85' lang='grc' dir='ltr'>ὡς</span> <span class='ocrx_word' id='word_1_510' title='bbox 963 3738 1025 3790; x_wconf 85' lang='grc' dir='ltr'><strong>ού</strong></span> <span class='ocrx_word' id='word_1_511' title='bbox 1055 3736 1252 3789; x_wconf 72' lang='grc' dir='ltr'>ταύτόν</span> <span class='ocrx_word' id='word_1_512' title='bbox 1285 3739 1424 3809; x_wconf 78' lang='grc' dir='ltr'>ἐστι,</span> <span class='ocrx_word' id='word_1_513' title='bbox 1462 3742 1658 3809; x_wconf 76' lang='grc' dir='ltr'>θέλειν,</span> <span class='ocrx_word' id='word_1_514' title='bbox 1722 3745 1819 3798; x_wconf 78' lang='grc' dir='ltr'>καὶ</span> <span class='ocrx_word' id='word_1_515' title='bbox 1869 3745 1988 3809; x_wconf 83' lang='grc' dir='ltr'><strong>πῶς</strong></span> 
     </span>
    </p>
   </div>
   <div class='ocr_carea' id='block_1_69' title="bbox 409 3822 1992 3904">
    <p class='ocr_par' dir='ltr' id='par_1_69' title="bbox 409 3822 1992 3904">
     <span class='ocr_line' id='line_1_69' title="bbox 409 3822 1992 3904; baseline 0.009 -29"><span class='ocrx_word' id='word_1_516' title='bbox 409 3822 608 3878; x_wconf 79' lang='grc' dir='ltr'>θέλειν.</span> <span class='ocrx_word' id='word_1_517' title='bbox 633 3827 694 3878; x_wconf 77' lang='grc' dir='ltr'><strong>τὸ</strong></span> <span class='ocrx_word' id='word_1_518' title='bbox 729 3827 829 3895; x_wconf 80' lang='grc' dir='ltr'>μὲν</span> <span class='ocrx_word' id='word_1_519' title='bbox 865 3829 974 3898; x_wconf 80' lang='grc' dir='ltr'><strong>γὰρ</strong></span> <span class='ocrx_word' id='word_1_520' title='bbox 1010 3827 1207 3896; x_wconf 77' lang='grc' dir='ltr'>θέλειν,</span> <span class='ocrx_word' id='word_1_521' title='bbox 1242 3828 1483 3900; x_wconf 73' lang='grc' dir='ltr'>φύσεως,</span> <span class='ocrx_word' id='word_1_522' title='bbox 1534 3834 1726 3904; x_wconf 81' lang='grc' dir='ltr'>ὥσπερ</span> <span class='ocrx_word' id='word_1_523' title='bbox 1777 3837 1873 3888; x_wconf 80' lang='grc' dir='ltr'><strong>καὶ</strong></span> <span class='ocrx_word' id='word_1_524' title='bbox 1930 3838 1992 3890; x_wconf 87' lang='grc' dir='ltr'><strong>τὸ</strong></span> 
     </span>
    </p>
   </div>
   <div class='ocr_carea' id='block_1_70' title="bbox 409 3916 1994 3997">
    <p class='ocr_par' dir='ltr' id='par_1_70' title="bbox 409 3916 1994 3997">
     <span class='ocr_line' id='line_1_70' title="bbox 409 3916 1994 3997; baseline 0.009 -29"><span class='ocrx_word' id='word_1_525' title='bbox 409 3916 562 3986; x_wconf 80' lang='grc' dir='ltr'>όρᾷν·</span> <span class='ocrx_word' id='word_1_526' title='bbox 599 3918 734 3971; x_wconf 81' lang='grc' dir='ltr'>πᾶσι</span> <span class='ocrx_word' id='word_1_527' title='bbox 759 3920 868 3987; x_wconf 79' lang='grc' dir='ltr'><strong>γὰρ</strong></span> <span class='ocrx_word' id='word_1_528' title='bbox 904 3919 1211 3989; x_wconf 70' lang='grc' dir='ltr'>ἀνδρώιτοις</span> <span class='ocrx_word' id='word_1_529' title='bbox 1255 3928 1553 3997; x_wconf 79' lang='grc' dir='ltr'>πρόσεστιο</span> <span class='ocrx_word' id='word_1_530' title='bbox 1582 3928 1642 3980; x_wconf 84' lang='grc' dir='ltr'><strong>τὸ</strong></span> <span class='ocrx_word' id='word_1_531' title='bbox 1665 3928 1720 3979; x_wconf 86' lang='grc' dir='ltr'><strong>δὲ</strong></span> <span class='ocrx_word' id='word_1_532' title='bbox 1762 3928 1876 3990; x_wconf 79' lang='grc' dir='ltr'><strong>πῶς</strong></span> <span class='ocrx_word' id='word_1_533' title='bbox 1906 3929 1994 3982; x_wconf 80' lang='grc' dir='ltr'><strong>θέ-</strong></span> 
     </span>
    </p>
   </div>
   <div class='ocr_carea' id='block_1_71' title="bbox 410 4007 1994 4090">
    <p class='ocr_par' dir='ltr' id='par_1_71' title="bbox 410 4007 1994 4090">
     <span class='ocr_line' id='line_1_71' title="bbox 410 4007 1994 4090; baseline 0.006 -30"><span class='ocrx_word' id='word_1_534' title='bbox 410 4007 550 4073; x_wconf 90' lang='grc' dir='ltr'>λειν,</span> <span class='ocrx_word' id='word_1_535' title='bbox 579 4009 640 4062; x_wconf 89' lang='grc' dir='ltr'><strong>ού</strong></span> <span class='ocrx_word' id='word_1_536' title='bbox 668 4009 908 4076; x_wconf 84' lang='grc' dir='ltr'>φύσεως,</span> <span class='ocrx_word' id='word_1_537' title='bbox 939 4010 1078 4069; x_wconf 82' lang='grc' dir='ltr'><strong>ὰ).λά</strong></span> <span class='ocrx_word' id='word_1_538' title='bbox 1100 4017 1197 4087; x_wconf 82' lang='grc' dir='ltr'><strong>τῆς</strong></span> <span class='ocrx_word' id='word_1_539' title='bbox 1220 4019 1499 4087; x_wconf 77' lang='grc' dir='ltr'>ἡμετέρας</span> <span class='ocrx_word' id='word_1_540' title='bbox 1519 4017 1767 4087; x_wconf 78' lang='grc' dir='ltr'>γνώμης,</span> <span class='ocrx_word' id='word_1_541' title='bbox 1803 4019 1994 4090; x_wconf 82' lang='grc' dir='ltr'>ὥσπερ</span> 
     </span>
    </p>
   </div>
   <div class='ocr_carea' id='block_1_72' title="bbox 411 4099 1994 4180">
    <p class='ocr_par' dir='ltr' id='par_1_72' title="bbox 411 4099 1994 4180">
     <span class='ocr_line' id='line_1_72' title="bbox 411 4099 1994 4180; baseline 0.006 -27"><span class='ocrx_word' id='word_1_542' title='bbox 411 4099 505 4153; x_wconf 65' lang='grc' dir='ltr'>καὶ</span> <span class='ocrx_word' id='word_1_543' title='bbox 552 4100 613 4152; x_wconf 69' lang='grc' dir='ltr'>τὸ</span> <span class='ocrx_word' id='word_1_544' title='bbox 640 4100 756 4164; x_wconf 82' lang='grc' dir='ltr'><strong>πῶς</strong></span> <span class='ocrx_word' id='word_1_545' title='bbox 780 4105 935 4178; x_wconf 70' lang='grc' dir='ltr'>όρᾷν,</span> <span class='ocrx_word' id='word_1_546' title='bbox 961 4109 1146 4170; x_wconf 83' lang='grc' dir='ltr'>καλῶς</span> <span class='ocrx_word' id='word_1_547' title='bbox 1178 4109 1210 4180; x_wconf 80' lang='grc' dir='ltr'>ἢ</span> <span class='ocrx_word' id='word_1_548' title='bbox 1269 4109 1478 4170; x_wconf 79' lang='grc' dir='ltr'>κακῶς.</span> <span class='ocrx_word' id='word_1_549' title='bbox 1539 4111 1614 4162; x_wconf 82' lang='grc' dir='ltr'><strong>Οὐ</strong></span> <span class='ocrx_word' id='word_1_550' title='bbox 1648 4111 1757 4179; x_wconf 80' lang='grc' dir='ltr'><strong>γὰρ</strong></span> <span class='ocrx_word' id='word_1_551' title='bbox 1791 4111 1994 4172; x_wconf 85' lang='grc' dir='ltr'>πάντες</span> 
     </span>
    </p>
   </div>
   <div class='ocr_carea' id='block_1_73' title="bbox 407 4193 1993 4271">
    <p class='ocr_par' dir='ltr' id='par_1_73' title="bbox 407 4193 1993 4271">
     <span class='ocr_line' id='line_1_73' title="bbox 407 4193 1993 4271; baseline 0.004 -20"><span class='ocrx_word' id='word_1_552' title='bbox 407 4193 692 4263; x_wconf 72' lang='grc' dir='ltr'>ἄνθρωποι</span> <span class='ocrx_word' id='word_1_553' title='bbox 709 4202 912 4270; x_wconf 74' lang='grc' dir='ltr'>ὁμοίως</span> <span class='ocrx_word' id='word_1_554' title='bbox 936 4201 1203 4267; x_wconf 78' lang='grc' dir='ltr'>θέλουσιν,</span> <span class='ocrx_word' id='word_1_555' title='bbox 1233 4201 1343 4254; x_wconf 78' lang='grc' dir='ltr'><strong>οὐδ’</strong></span> <span class='ocrx_word' id='word_1_556' title='bbox 1362 4201 1564 4271; x_wconf 82' lang='grc' dir='ltr'>ὁμοίως</span> <span class='ocrx_word' id='word_1_557' title='bbox 1591 4204 1781 4271; x_wconf 84' lang='grc' dir='ltr'>ὁρῶσι.</span> <span class='ocrx_word' id='word_1_558' title='bbox 1820 4203 1993 4258; x_wconf 83' lang='grc' dir='ltr'>Τοῦτο</span> 
     </span>
    </p>
   </div>
   <div class='ocr_carea' id='block_1_74' title="bbox 408 4283 1997 4364">
    <p class='ocr_par' dir='ltr' id='par_1_74' title="bbox 408 4283 1997 4364">
     <span class='ocr_line' id='line_1_74' title="bbox 408 4283 1997 4364; baseline 0.003 -21"><span class='ocrx_word' id='word_1_559' title='bbox 408 4283 466 4338; x_wconf 64' lang='grc' dir='ltr'><strong>δὶ</strong></span> <span class='ocrx_word' id='word_1_560' title='bbox 503 4293 599 4344; x_wconf 68' lang='grc' dir='ltr'><strong>καὶ</strong></span> <span class='ocrx_word' id='word_1_561' title='bbox 615 4293 710 4344; x_wconf 81' lang='grc' dir='ltr'><strong>ἐπὶ</strong></span> <span class='ocrx_word' id='word_1_562' title='bbox 740 4291 849 4345; x_wconf 79' lang='grc' dir='ltr'>τῶν</span> <span class='ocrx_word' id='word_1_563' title='bbox 872 4293 1163 4362; x_wconf 72' lang='grc' dir='ltr'>ἐνεργειῶν</span> <span class='ocrx_word' id='word_1_564' title='bbox 1195 4292 1461 4362; x_wconf 85' lang='grc' dir='ltr'>δώσομεν.</span> <span class='ocrx_word' id='word_1_565' title='bbox 1497 4293 1570 4346; x_wconf 83' lang='grc' dir='ltr'><strong>Τὸ</strong></span> <span class='ocrx_word' id='word_1_566' title='bbox 1613 4295 1722 4364; x_wconf 83' lang='grc' dir='ltr'>γὰρ</span> <span class='ocrx_word' id='word_1_567' title='bbox 1757 4295 1872 4359; x_wconf 79' lang='grc' dir='ltr'><strong>πῶς</strong></span> <span class='ocrx_word' id='word_1_568' title='bbox 1904 4297 1997 4348; x_wconf 81' lang='grc' dir='ltr'><strong>θέ-</strong></span> 
     </span>
    </p>
   </div>
   <div class='ocr_carea' id='block_1_75' title="bbox 410 4384 1997 4458">
    <p class='ocr_par' dir='ltr' id='par_1_75' title="bbox 410 4384 1997 4458">
     <span class='ocr_line' id='line_1_75' title="bbox 410 4384 1997 4458; baseline 0.004 -23"><span class='ocrx_word' id='word_1_569' title='bbox 410 4384 548 4447; x_wconf 81' lang='grc' dir='ltr'>λειν,</span> <span class='ocrx_word' id='word_1_570' title='bbox 588 4385 703 4448; x_wconf 82' lang='grc' dir='ltr'>πῶς</span> <span class='ocrx_word' id='word_1_571' title='bbox 736 4387 890 4456; x_wconf 78' lang='grc' dir='ltr'>όρᾷν,</span> <span class='ocrx_word' id='word_1_572' title='bbox 953 4386 986 4455; x_wconf 76' lang='grc' dir='ltr'>ἦ</span> <span class='ocrx_word' id='word_1_573' title='bbox 1020 4386 1136 4447; x_wconf 82' lang='grc' dir='ltr'>πῶς</span> <span class='ocrx_word' id='word_1_574' title='bbox 1170 4387 1436 4455; x_wconf 74' lang='grc' dir='ltr'>ἐνεργεῖν,</span> <span class='ocrx_word' id='word_1_575' title='bbox 1493 4389 1695 4458; x_wconf 85' lang='grc' dir='ltr'>τρόπος</span> <span class='ocrx_word' id='word_1_576' title='bbox 1752 4390 1869 4441; x_wconf 73' lang='grc' dir='ltr'>ἐστὶ</span> <span class='ocrx_word' id='word_1_577' title='bbox 1898 4391 1997 4458; x_wconf 81' lang='grc' dir='ltr'>τῆς</span> 
     </span>
    </p>
   </div>
   <div class='ocr_carea' id='block_1_76' title="bbox 411 4473 1997 4549">
    <p class='ocr_par' dir='ltr' id='par_1_76' title="bbox 411 4473 1997 4549">
     <span class='ocr_line' id='line_1_76' title="bbox 411 4473 1997 4549; baseline 0.002 -22"><span class='ocrx_word' id='word_1_578' title='bbox 411 4473 508 4527; x_wconf 81' lang='grc' dir='ltr'>τοῦ</span> <span class='ocrx_word' id='word_1_579' title='bbox 541 4474 739 4540; x_wconf 81' lang='grc' dir='ltr'>θέλειν,</span> <span class='ocrx_word' id='word_1_580' title='bbox 767 4475 862 4526; x_wconf 73' lang='grc' dir='ltr'>καὶ</span> <span class='ocrx_word' id='word_1_581' title='bbox 888 4475 1042 4544; x_wconf 84' lang='grc' dir='ltr'>όρᾷν,</span> <span class='ocrx_word' id='word_1_582' title='bbox 1092 4477 1185 4528; x_wconf 80' lang='grc' dir='ltr'><strong>καὶ</strong></span> <span class='ocrx_word' id='word_1_583' title='bbox 1219 4477 1465 4545; x_wconf 83' lang='grc' dir='ltr'>ἐνεργεῖν</span> <span class='ocrx_word' id='word_1_584' title='bbox 1529 4479 1807 4546; x_wconf 82' lang='grc' dir='ltr'>χρήσεως,</span> <span class='ocrx_word' id='word_1_585' title='bbox 1850 4479 1997 4549; x_wconf 84' lang='grc' dir='ltr'><strong>μόνῳ</strong></span> 
     </span>
    </p>
   </div>
   <div class='ocr_carea' id='block_1_77' title="bbox 414 4566 1999 4638">
    <p class='ocr_par' dir='ltr' id='par_1_77' title="bbox 414 4566 1999 4638">
     <span class='ocr_line' id='line_1_77' title="bbox 414 4566 1999 4638; baseline 0.003 -19"><span class='ocrx_word' id='word_1_586' title='bbox 414 4566 490 4635; x_wconf 84' lang='grc' dir='ltr'>τῷ</span> <span class='ocrx_word' id='word_1_587' title='bbox 519 4568 848 4638; x_wconf 79' lang='grc' dir='ltr'>κεχρημένῳ</span> <span class='ocrx_word' id='word_1_588' title='bbox 899 4568 1145 4635; x_wconf 64' lang='grc' dir='ltr'>προῖὼν,</span> <span class='ocrx_word' id='word_1_589' title='bbox 1178 4570 1273 4621; x_wconf 75' lang='grc' dir='ltr'><strong>καὶ</strong></span> <span class='ocrx_word' id='word_1_590' title='bbox 1305 4569 1416 4620; x_wconf 85' lang='grc' dir='ltr'>τῶν</span> <span class='ocrx_word' id='word_1_591' title='bbox 1439 4568 1617 4623; x_wconf 80' lang='grc' dir='ltr'>ἄλλων</span> <span class='ocrx_word' id='word_1_592' title='bbox 1662 4571 1826 4624; x_wconf 77' lang='grc' dir='ltr'>αὐτὸν</span> <span class='ocrx_word' id='word_1_593' title='bbox 1860 4575 1999 4624; x_wconf 74' lang='grc' dir='ltr'>κατὰ</span> 
     </span>
    </p>
   </div>
   <div class='ocr_carea' id='block_1_78' title="bbox 412 4659 1676 4731">
    <p class='ocr_par' dir='ltr' id='par_1_78' title="bbox 412 4659 1676 4731">
     <span class='ocr_line' id='line_1_78' title="bbox 412 4659 1676 4731; baseline 0.001 -19"><span class='ocrx_word' id='word_1_594' title='bbox 412 4659 516 4729; x_wconf 77' lang='grc' dir='ltr'><strong>τὴν</strong></span> <span class='ocrx_word' id='word_1_595' title='bbox 548 4661 747 4722; x_wconf 82' lang='grc' dir='ltr'>κοινῶς</span> <span class='ocrx_word' id='word_1_596' title='bbox 777 4659 1080 4730; x_wconf 84' lang='grc' dir='ltr'>λεγομένην</span> <span class='ocrx_word' id='word_1_597' title='bbox 1105 4660 1368 4730; x_wconf 76' lang='grc' dir='ltr'>διαφορὰν</span> <span class='ocrx_word' id='word_1_598' title='bbox 1400 4663 1676 4731; x_wconf 79' lang='grc' dir='ltr'>χωρίζων.</span> 
     </span>
    </p>
   </div>
   <div class='ocr_carea' id='block_1_79' title="bbox 2094 3373 3670 3444">
    <p class='ocr_par' dir='ltr' id='par_1_79' title="bbox 2094 3373 3670 3444">
     <span class='ocr_line' id='line_1_79' title="bbox 2094 3373 3670 3444; baseline -0.003 -14"><span class='ocrx_word' id='word_1_599' title='bbox 2094 3392 2358 3444; x_wconf 88' lang='lat' dir='ltr'><strong>personas</strong></span> <span class='ocrx_word' id='word_1_600' title='bbox 2397 3378 2627 3432; x_wconf 83' lang='lat' dir='ltr'><strong>diversae</strong></span> <span class='ocrx_word' id='word_1_601' title='bbox 2655 3379 2809 3431; x_wconf 90' lang='lat' dir='ltr'><strong>inter</strong></span> <span class='ocrx_word' id='word_1_602' title='bbox 2835 3392 2891 3431; x_wconf 88' lang='lat' dir='ltr'><strong>se</strong></span> <span class='ocrx_word' id='word_1_603' title='bbox 2924 3378 3215 3431; x_wconf 84' lang='lat' dir='ltr'><strong>voluntatis</strong></span> <span class='ocrx_word' id='word_1_604' title='bbox 3247 3387 3408 3444; x_wconf 88' lang='lat' dir='ltr'><strong>atque</strong></span> <span class='ocrx_word' id='word_1_605' title='bbox 3437 3373 3670 3427; x_wconf 81' lang='lat' dir='ltr'><strong>actionis</strong></span> 
     </span>
    </p>
   </div>
   <div class='ocr_carea' id='block_1_80' title="bbox 2092 3467 3668 3537">
    <p class='ocr_par' dir='ltr' id='par_1_80' title="bbox 2092 3467 3668 3537">
     <span class='ocr_line' id='line_1_80' title="bbox 2092 3467 3668 3537; baseline -0.005 -13"><span class='ocrx_word' id='word_1_606' title='bbox 2092 3471 2402 3524; x_wconf 88' lang='lat' dir='ltr'><strong>necessario</strong></span> <span class='ocrx_word' id='word_1_607' title='bbox 2425 3471 2692 3525; x_wconf 81' lang='lat' dir='ltr'><strong>dicemus.</strong></span> <span class='ocrx_word' id='word_1_608' title='bbox 2730 3471 2904 3527; x_wconf 86' lang='lat' dir='ltr'><strong>Unius</strong></span> <span class='ocrx_word' id='word_1_609' title='bbox 2946 3471 3088 3524; x_wconf 71' lang='lat' dir='ltr'><strong>enim</strong></span> <span class='ocrx_word' id='word_1_610' title='bbox 3116 3482 3362 3537; x_wconf 70' lang='lat' dir='ltr'><strong>persona:</strong></span> <span class='ocrx_word' id='word_1_611' title='bbox 3400 3467 3668 3518; x_wconf 78' lang='lat' dir='ltr'><strong>rationein</strong></span> 
     </span>
    </p>
   </div>
   <div class='ocr_carea' id='block_1_81' title="bbox 2089 3563 3385 3633">
    <p class='ocr_par' dir='ltr' id='par_1_81' title="bbox 2089 3563 3385 3633">
     <span class='ocr_line' id='line_1_81' title="bbox 2089 3563 3385 3633; baseline -0.002 -17"><span class='ocrx_word' id='word_1_612' title='bbox 2089 3563 2339 3633; x_wconf 81' lang='lat' dir='ltr'><strong>designat</strong></span> <span class='ocrx_word' id='word_1_613' title='bbox 2367 3563 2512 3632; x_wconf 90' lang='lat' dir='ltr'><strong>quod</strong></span> <span class='ocrx_word' id='word_1_614' title='bbox 2544 3565 2828 3633; x_wconf 87' lang='lat' dir='ltr'><strong>personale</strong></span> <span class='ocrx_word' id='word_1_615' title='bbox 2860 3573 2914 3617; x_wconf 90' lang='lat' dir='ltr'><strong>et</strong></span> <span class='ocrx_word' id='word_1_616' title='bbox 2946 3563 3257 3632; x_wconf 88' lang='lat' dir='ltr'><strong>gnomieum</strong></span> <span class='ocrx_word' id='word_1_617' title='bbox 3283 3569 3385 3614; x_wconf 64' lang='lat' dir='ltr'><strong>Cal.</strong></span> 
     </span>
    </p>
   </div>
   <div class='ocr_carea' id='block_1_82' title="bbox 2168 3739 3671 3811">
    <p class='ocr_par' dir='ltr' id='par_1_82' title="bbox 2168 3739 3671 3811">
     <span class='ocr_line' id='line_1_82' title="bbox 2168 3739 3671 3811; baseline -0.003 -17"><span class='ocrx_word' id='word_1_618' title='bbox 2168 3739 2235 3794; x_wconf 76' lang='lat' dir='ltr'><strong>Ut</strong></span> <span class='ocrx_word' id='word_1_619' title='bbox 2270 3742 2512 3796; x_wconf 75' lang='lat' dir='ltr'><strong>voluntas</strong></span> <span class='ocrx_word' id='word_1_620' title='bbox 2548 3757 2594 3795; x_wconf 84' lang='lat' dir='ltr'><strong>et</strong></span> <span class='ocrx_word' id='word_1_621' title='bbox 2624 3746 2785 3808; x_wconf 84' lang='lat' dir='ltr'><strong>actio,</strong></span> <span class='ocrx_word' id='word_1_622' title='bbox 2830 3754 3075 3811; x_wconf 74' lang='lat' dir='ltr'><strong>nutum;</strong></span> <span class='ocrx_word' id='word_1_623' title='bbox 3116 3751 3192 3796; x_wconf 73' lang='lat' dir='ltr'><strong>sic</strong></span> <span class='ocrx_word' id='word_1_624' title='bbox 3248 3742 3370 3794; x_wconf 75' lang='lat' dir='ltr'><strong>talis</strong></span> <span class='ocrx_word' id='word_1_625' title='bbox 3430 3739 3671 3792; x_wconf 78' lang='lat' dir='ltr'><strong>voluntas</strong></span> 
     </span>
    </p>
   </div>
   <div class='ocr_carea' id='block_1_83' title="bbox 2094 3837 3672 3902">
    <p class='ocr_par' dir='ltr' id='par_1_83' title="bbox 2094 3837 3672 3902">
     <span class='ocr_line' id='line_1_83' title="bbox 2094 3837 3672 3902; baseline 0.001 -16"><span class='ocrx_word' id='word_1_626' title='bbox 2094 3842 2250 3902; x_wconf 79' lang='lat' dir='ltr'><strong>atque</strong></span> <span class='ocrx_word' id='word_1_627' title='bbox 2282 3837 2435 3899; x_wconf 77' lang='lat' dir='ltr'><strong>artio,</strong></span> <span class='ocrx_word' id='word_1_628' title='bbox 2461 3852 2715 3902; x_wconf 78' lang='lat' dir='ltr'><strong>personw.</strong></span> <span class='ocrx_word' id='word_1_629' title='bbox 2751 3867 2819 3877; x_wconf 90' lang='lat'><strong>—</strong></span> <span class='ocrx_word' id='word_1_630' title='bbox 2843 3838 3136 3891; x_wconf 80' lang='lat' dir='ltr'><strong>Sciendum</strong></span> <span class='ocrx_word' id='word_1_631' title='bbox 3199 3837 3343 3889; x_wconf 90' lang='lat' dir='ltr'><strong>enim</strong></span> <span class='ocrx_word' id='word_1_632' title='bbox 3399 3846 3501 3895; x_wconf 72' lang='grc' dir='ltr'>εει,</span> <span class='ocrx_word' id='word_1_633' title='bbox 3564 3846 3672 3885; x_wconf 85' lang='lat' dir='ltr'><strong>non</strong></span> 
     </span>
    </p>
   </div>
   <div class='ocr_carea' id='block_1_84' title="bbox 2097 3921 3674 3994">
    <p class='ocr_par' dir='ltr' id='par_1_84' title="bbox 2097 3921 3674 3994">
     <span class='ocr_line' id='line_1_84' title="bbox 2097 3921 3674 3994; baseline -0.001 -18"><span class='ocrx_word' id='word_1_634' title='bbox 2097 3923 2242 3978; x_wconf 88' lang='lat' dir='ltr'><strong>idem</strong></span> <span class='ocrx_word' id='word_1_635' title='bbox 2261 3940 2382 3978; x_wconf 88' lang='lat' dir='ltr'><strong>esse</strong></span> <span class='ocrx_word' id='word_1_636' title='bbox 2409 3927 2569 3990; x_wconf 80' lang='lat' dir='ltr'><strong>velle,</strong></span> <span class='ocrx_word' id='word_1_637' title='bbox 2595 3937 2758 3994; x_wconf 88' lang='lat' dir='ltr'><strong>atque</strong></span> <span class='ocrx_word' id='word_1_638' title='bbox 2789 3926 2894 3980; x_wconf 88' lang='lat' dir='ltr'><strong>hoc</strong></span> <span class='ocrx_word' id='word_1_639' title='bbox 2917 3927 2996 3978; x_wconf 86' lang='lat' dir='ltr'><strong>vel</strong></span> <span class='ocrx_word' id='word_1_640' title='bbox 3029 3926 3121 3979; x_wconf 85' lang='lat' dir='ltr'><strong>illo</strong></span> <span class='ocrx_word' id='word_1_641' title='bbox 3149 3925 3310 3978; x_wconf 86' lang='lat' dir='ltr'><strong>modo</strong></span> <span class='ocrx_word' id='word_1_642' title='bbox 3339 3924 3495 3976; x_wconf 85' lang='lat' dir='ltr'><strong>velle.</strong></span> <span class='ocrx_word' id='word_1_643' title='bbox 3524 3921 3674 3974; x_wconf 80' lang='lat' dir='ltr'><strong>Velle</strong></span> 
     </span>
    </p>
   </div>
   <div class='ocr_carea' id='block_1_85' title="bbox 2097 4014 3676 4084">
    <p class='ocr_par' dir='ltr' id='par_1_85' title="bbox 2097 4014 3676 4084">
     <span class='ocr_line' id='line_1_85' title="bbox 2097 4014 3676 4084; baseline -0.004 -14"><span class='ocrx_word' id='word_1_644' title='bbox 2097 4015 2370 4084; x_wconf 89' lang='lat' dir='ltr'><strong>siquidem</strong></span> <span class='ocrx_word' id='word_1_645' title='bbox 2407 4027 2617 4070; x_wconf 74' lang='lat' dir='ltr'><strong>natura:</strong></span> <span class='ocrx_word' id='word_1_646' title='bbox 2655 4027 2759 4082; x_wconf 88' lang='lat' dir='ltr'><strong>cst,</strong></span> <span class='ocrx_word' id='word_1_647' title='bbox 2791 4028 2849 4070; x_wconf 93' lang='lat' dir='ltr'><strong>ut</strong></span> <span class='ocrx_word' id='word_1_648' title='bbox 2877 4028 2931 4071; x_wconf 91' lang='lat' dir='ltr'><strong>et</strong></span> <span class='ocrx_word' id='word_1_649' title='bbox 2965 4017 3170 4070; x_wconf 84' lang='lat' dir='ltr'><strong>videre.</strong></span> <span class='ocrx_word' id='word_1_650' title='bbox 3205 4015 3475 4068; x_wconf 78' lang='lat' dir='ltr'><strong>Ouinihus</strong></span> <span class='ocrx_word' id='word_1_651' title='bbox 3529 4014 3676 4066; x_wconf 84' lang='lat' dir='ltr'><strong>enim</strong></span> 
     </span>
    </p>
   </div>
   <div class='ocr_carea' id='block_1_86' title="bbox 2098 4107 3666 4169">
    <p class='ocr_par' dir='ltr' id='par_1_86' title="bbox 2098 4107 3666 4169">
     <span class='ocr_line' id='line_1_86' title="bbox 2098 4107 3666 4169; baseline -0.002 -8"><span class='ocrx_word' id='word_1_652' title='bbox 2098 4107 2416 4164; x_wconf 87' lang='lat' dir='ltr'><strong>hominibus</strong></span> <span class='ocrx_word' id='word_1_653' title='bbox 2444 4110 2549 4163; x_wconf 92' lang='lat' dir='ltr'><strong>hoc</strong></span> <span class='ocrx_word' id='word_1_654' title='bbox 2575 4110 2853 4164; x_wconf 88' lang='lat' dir='ltr'><strong>convenit.</strong></span> <span class='ocrx_word' id='word_1_655' title='bbox 2884 4108 2952 4162; x_wconf 89' lang='lat' dir='ltr'><strong>At</strong></span> <span class='ocrx_word' id='word_1_656' title='bbox 2981 4119 3131 4163; x_wconf 72' lang='lat' dir='ltr'><strong>certo</strong></span> <span class='ocrx_word' id='word_1_657' title='bbox 3161 4109 3322 4161; x_wconf 90' lang='lat' dir='ltr'><strong>modo</strong></span> <span class='ocrx_word' id='word_1_658' title='bbox 3370 4107 3532 4169; x_wconf 85' lang='lat' dir='ltr'><strong>velle,</strong></span> <span class='ocrx_word' id='word_1_659' title='bbox 3561 4121 3666 4158; x_wconf 84' lang='lat' dir='ltr'><strong>non</strong></span> 
     </span>
    </p>
   </div>
   <div class='ocr_carea' id='block_1_87' title="bbox 2097 4202 3671 4269">
    <p class='ocr_par' dir='ltr' id='par_1_87' title="bbox 2097 4202 3671 4269">
     <span class='ocr_line' id='line_1_87' title="bbox 2097 4202 3671 4269; baseline -0.004 -12"><span class='ocrx_word' id='word_1_660' title='bbox 2097 4211 2313 4257; x_wconf 71' lang='lat' dir='ltr'><strong>natura:</strong></span> <span class='ocrx_word' id='word_1_661' title='bbox 2333 4212 2440 4263; x_wconf 78' lang='lat' dir='ltr'><strong>est.</strong></span> <span class='ocrx_word' id='word_1_662' title='bbox 2470 4205 2564 4258; x_wconf 88' lang='lat' dir='ltr'><strong>sed</strong></span> <span class='ocrx_word' id='word_1_663' title='bbox 2594 4202 2764 4257; x_wconf 89' lang='lat' dir='ltr'><strong>nostri</strong></span> <span class='ocrx_word' id='word_1_664' title='bbox 2790 4202 3001 4257; x_wconf 89' lang='lat' dir='ltr'><strong>consilii</strong></span> <span class='ocrx_word' id='word_1_665' title='bbox 3037 4213 3091 4256; x_wconf 88' lang='lat' dir='ltr'><strong>et</strong></span> <span class='ocrx_word' id='word_1_666' title='bbox 3112 4202 3397 4256; x_wconf 69' lang='lat' dir='ltr'><strong>sententia:</strong></span> <span class='ocrx_word' id='word_1_667' title='bbox 3429 4217 3444 4254; x_wconf 88' lang='lat'><strong>:</strong></span> <span class='ocrx_word' id='word_1_668' title='bbox 3473 4215 3671 4269; x_wconf 78' lang='lat' dir='ltr'><strong>quem-</strong></span> 
     </span>
    </p>
   </div>
   <div class='ocr_carea' id='block_1_88' title="bbox 2098 4293 3680 4360">
    <p class='ocr_par' dir='ltr' id='par_1_88' title="bbox 2098 4293 3680 4360">
     <span class='ocr_line' id='line_1_88' title="bbox 2098 4293 3680 4360; baseline 0 -13"><span class='ocrx_word' id='word_1_669' title='bbox 2098 4295 2393 4348; x_wconf 86' lang='lat' dir='ltr'><strong>admodum</strong></span> <span class='ocrx_word' id='word_1_670' title='bbox 2421 4305 2476 4349; x_wconf 84' lang='lat' dir='ltr'><strong>et</strong></span> <span class='ocrx_word' id='word_1_671' title='bbox 2516 4305 2667 4349; x_wconf 89' lang='lat' dir='ltr'><strong>certo</strong></span> <span class='ocrx_word' id='word_1_672' title='bbox 2695 4294 2857 4350; x_wconf 90' lang='lat' dir='ltr'><strong>modo</strong></span> <span class='ocrx_word' id='word_1_673' title='bbox 2889 4295 3099 4360; x_wconf 83' lang='lat' dir='ltr'><strong>videre.</strong></span> <span class='ocrx_word' id='word_1_674' title='bbox 3158 4296 3262 4348; x_wconf 90' lang='lat' dir='ltr'><strong>hoc</strong></span> <span class='ocrx_word' id='word_1_675' title='bbox 3285 4305 3367 4348; x_wconf 90' lang='lat' dir='ltr'><strong>est</strong></span> <span class='ocrx_word' id='word_1_676' title='bbox 3424 4295 3564 4348; x_wconf 87' lang='lat' dir='ltr'><strong>bene</strong></span> <span class='ocrx_word' id='word_1_677' title='bbox 3601 4293 3680 4347; x_wconf 89' lang='lat' dir='ltr'><strong>vel</strong></span> 
     </span>
    </p>
   </div>
   <div class='ocr_carea' id='block_1_89' title="bbox 2101 4388 3672 4444">
    <p class='ocr_par' dir='ltr' id='par_1_89' title="bbox 2101 4388 3672 4444">
     <span class='ocr_line' id='line_1_89' title="bbox 2101 4388 3672 4444; baseline -0.002 -2"><span class='ocrx_word' id='word_1_678' title='bbox 2101 4389 2262 4444; x_wconf 90' lang='lat' dir='ltr'><strong>male.</strong></span> <span class='ocrx_word' id='word_1_679' title='bbox 2289 4389 2406 4443; x_wconf 89' lang='lat' dir='ltr'><strong>Non</strong></span> <span class='ocrx_word' id='word_1_680' title='bbox 2437 4390 2582 4444; x_wconf 91' lang='lat' dir='ltr'><strong>enim</strong></span> <span class='ocrx_word' id='word_1_681' title='bbox 2613 4404 2802 4443; x_wconf 88' lang='lat' dir='ltr'><strong>omnes</strong></span> <span class='ocrx_word' id='word_1_682' title='bbox 2838 4388 3089 4443; x_wconf 86' lang='lat' dir='ltr'><strong>homines</strong></span> <span class='ocrx_word' id='word_1_683' title='bbox 3136 4388 3328 4442; x_wconf 81' lang='lat' dir='ltr'><strong>eodem</strong></span> <span class='ocrx_word' id='word_1_684' title='bbox 3388 4388 3552 4440; x_wconf 82' lang='lat' dir='ltr'><strong>modo</strong></span> <span class='ocrx_word' id='word_1_685' title='bbox 3584 4403 3672 4439; x_wconf 88' lang='lat' dir='ltr'><strong>vo-</strong></span> 
     </span>
    </p>
   </div>
   <div class='ocr_carea' id='block_1_90' title="bbox 2102 4480 3674 4552">
    <p class='ocr_par' dir='ltr' id='par_1_90' title="bbox 2102 4480 3674 4552">
     <span class='ocr_line' id='line_1_90' title="bbox 2102 4480 3674 4552; baseline -0.003 -16"><span class='ocrx_word' id='word_1_686' title='bbox 2102 4481 2241 4551; x_wconf 84' lang='lat' dir='ltr'><strong>Iunt,</strong></span> <span class='ocrx_word' id='word_1_687' title='bbox 2275 4498 2451 4552; x_wconf 91' lang='lat' dir='ltr'><strong>neque</strong></span> <span class='ocrx_word' id='word_1_688' title='bbox 2483 4483 2676 4538; x_wconf 86' lang='lat' dir='ltr'><strong>eodem</strong></span> <span class='ocrx_word' id='word_1_689' title='bbox 2717 4483 2884 4537; x_wconf 88' lang='lat' dir='ltr'><strong>modo</strong></span> <span class='ocrx_word' id='word_1_690' title='bbox 2906 4482 3115 4536; x_wconf 87' lang='lat' dir='ltr'><strong>vident.</strong></span> <span class='ocrx_word' id='word_1_691' title='bbox 3153 4480 3263 4534; x_wconf 79' lang='grc' dir='ltr'><strong>ΙΙορ</strong></span> <span class='ocrx_word' id='word_1_692' title='bbox 3292 4489 3473 4533; x_wconf 90' lang='lat' dir='ltr'><strong>autem</strong></span> <span class='ocrx_word' id='word_1_693' title='bbox 3510 4482 3674 4534; x_wconf 76' lang='lat' dir='ltr'><strong>etiam</strong></span> 
     </span>
    </p>
   </div>
   <div class='ocr_carea' id='block_1_91' title="bbox 2103 4573 3676 4635">
    <p class='ocr_par' dir='ltr' id='par_1_91' title="bbox 2103 4573 3676 4635">
     <span class='ocr_line' id='line_1_91' title="bbox 2103 4573 3676 4635; baseline -0.002 -5"><span class='ocrx_word' id='word_1_694' title='bbox 2103 4577 2158 4630; x_wconf 91' lang='lat' dir='ltr'><strong>in</strong></span> <span class='ocrx_word' id='word_1_695' title='bbox 2185 4577 2492 4630; x_wconf 77' lang='lat' dir='ltr'><strong>actionibus</strong></span> <span class='ocrx_word' id='word_1_696' title='bbox 2554 4575 2942 4630; x_wconf 84' lang='lat' dir='ltr'><strong>concedemus.</strong></span> <span class='ocrx_word' id='word_1_697' title='bbox 2978 4573 3113 4628; x_wconf 86' lang='lat' dir='ltr'><strong>Nam</strong></span> <span class='ocrx_word' id='word_1_698' title='bbox 3143 4584 3294 4628; x_wconf 75' lang='lat' dir='ltr'><strong>certo</strong></span> <span class='ocrx_word' id='word_1_699' title='bbox 3324 4574 3484 4628; x_wconf 92' lang='lat' dir='ltr'><strong>modo</strong></span> <span class='ocrx_word' id='word_1_700' title='bbox 3517 4575 3676 4635; x_wconf 85' lang='lat' dir='ltr'><strong>velle,</strong></span> 
     </span>
    </p>
   </div>
   <div class='ocr_carea' id='block_1_92' title="bbox 2025 4659 3680 4749">
    <p class='ocr_par' dir='ltr' id='par_1_92' title="bbox 2025 4659 3680 4749">
     <span class='ocr_line' id='line_1_92' title="bbox 2025 4659 3680 4749; baseline -0.003 -25"><span class='ocrx_word' id='word_1_701' title='bbox 2025 4659 2076 4718; x_wconf 83' lang='lat' dir='ltr'><strong>D</strong></span> <span class='ocrx_word' id='word_1_702' title='bbox 2103 4667 2444 4724; x_wconf 84' lang='lat' dir='ltr'><strong>certomodo</strong></span> <span class='ocrx_word' id='word_1_703' title='bbox 2469 4669 2683 4732; x_wconf 88' lang='lat' dir='ltr'><strong>videre,</strong></span> <span class='ocrx_word' id='word_1_704' title='bbox 2709 4677 2859 4749; x_wconf 79' lang='lat' dir='ltr'><strong>certo</strong></span> <span class='ocrx_word' id='word_1_705' title='bbox 2887 4668 3050 4721; x_wconf 87' lang='lat' dir='ltr'><strong>modo</strong></span> <span class='ocrx_word' id='word_1_706' title='bbox 3110 4682 3293 4737; x_wconf 84' lang='lat' dir='ltr'><strong>agere,</strong></span> <span class='ocrx_word' id='word_1_707' title='bbox 3347 4667 3545 4720; x_wconf 75' lang='lat' dir='ltr'><strong>modus</strong></span> <span class='ocrx_word' id='word_1_708' title='bbox 3596 4677 3680 4720; x_wconf 82' lang='lat' dir='ltr'><strong>est</strong></span> 
     </span>
    </p>
   </div>
   <div class='ocr_carea' id='block_1_93' title="bbox 414 4755 3680 4837">
    <p class='ocr_par' dir='ltr' id='par_1_93' title="bbox 414 4755 3680 4837">
     <span class='ocr_line' id='line_1_93' title="bbox 414 4755 3680 4837; baseline 0.003 -31"><span class='ocrx_word' id='word_1_709' title='bbox 414 4767 526 4822; x_wconf 90' lang='lat' dir='ltr'><strong>quo</strong></span> <span class='ocrx_word' id='word_1_710' title='bbox 559 4755 683 4823; x_wconf 90' lang='lat' dir='ltr'><strong>quis</strong></span> <span class='ocrx_word' id='word_1_711' title='bbox 713 4755 998 4810; x_wconf 83' lang='lat' dir='ltr'><strong>voluntate</strong></span> <span class='ocrx_word' id='word_1_712' title='bbox 1030 4757 1222 4820; x_wconf 86' lang='lat' dir='ltr'><strong>utitur,</strong></span> <span class='ocrx_word' id='word_1_713' title='bbox 1256 4773 1472 4811; x_wconf 89' lang='lat' dir='ltr'><strong>necnon</strong></span> <span class='ocrx_word' id='word_1_714' title='bbox 1506 4756 1730 4813; x_wconf 88' lang='lat' dir='ltr'><strong>videndi</strong></span> <span class='ocrx_word' id='word_1_715' title='bbox 1763 4769 1928 4829; x_wconf 87' lang='lat' dir='ltr'><strong>atque</strong></span> <span class='ocrx_word' id='word_1_716' title='bbox 1961 4765 2158 4832; x_wconf 80' lang='lat' dir='ltr'><strong>agendi</strong></span> <span class='ocrx_word' id='word_1_717' title='bbox 2193 4765 2484 4834; x_wconf 81' lang='lat' dir='ltr'><strong>facultate,</strong></span> <span class='ocrx_word' id='word_1_718' title='bbox 2526 4783 2649 4837; x_wconf 76' lang='lat' dir='ltr'><strong>qua:</strong></span> <span class='ocrx_word' id='word_1_719' title='bbox 2670 4765 2773 4820; x_wconf 91' lang='lat' dir='ltr'><strong>soli</strong></span> <span class='ocrx_word' id='word_1_720' title='bbox 2806 4764 2982 4820; x_wconf 87' lang='lat' dir='ltr'><strong>utenti</strong></span> <span class='ocrx_word' id='word_1_721' title='bbox 3011 4764 3184 4830; x_wconf 88' lang='lat' dir='ltr'><strong>adest,</strong></span> <span class='ocrx_word' id='word_1_722' title='bbox 3214 4779 3452 4835; x_wconf 87' lang='lat' dir='ltr'><strong>cumque</strong></span> <span class='ocrx_word' id='word_1_723' title='bbox 3481 4778 3680 4817; x_wconf 84' lang='lat' dir='ltr'><strong>secun—</strong></span> 
     </span>
    </p>
   </div>
   <div class='ocr_carea' id='block_1_94' title="bbox 416 4846 2354 4914">
    <p class='ocr_par' dir='ltr' id='par_1_94' title="bbox 416 4846 2354 4914">
     <span class='ocr_line' id='line_1_94' title="bbox 416 4846 2354 4914; baseline 0.007 -14"><span class='ocrx_word' id='word_1_724' title='bbox 416 4847 548 4901; x_wconf 89' lang='lat' dir='ltr'><strong>dum</strong></span> <span class='ocrx_word' id='word_1_725' title='bbox 584 4846 856 4902; x_wconf 88' lang='lat' dir='ltr'><strong>rationem</strong></span> <span class='ocrx_word' id='word_1_726' title='bbox 884 4848 1213 4903; x_wconf 74' lang='lat' dir='ltr'><strong>diﬂ‘erentia:</strong></span> <span class='ocrx_word' id='word_1_727' title='bbox 1237 4849 1618 4904; x_wconf 87' lang='lat' dir='ltr'><strong>communiter</strong></span> <span class='ocrx_word' id='word_1_728' title='bbox 1641 4852 1802 4907; x_wconf 73' lang='lat' dir='ltr'><strong>dictae</strong></span> <span class='ocrx_word' id='word_1_729' title='bbox 1827 4853 1909 4906; x_wconf 78' lang='lat' dir='ltr'><strong>ab</strong></span> <span class='ocrx_word' id='word_1_730' title='bbox 1931 4855 2058 4911; x_wconf 90' lang='lat' dir='ltr'><strong>aliis</strong></span> <span class='ocrx_word' id='word_1_731' title='bbox 2090 4858 2354 4914; x_wconf 88' lang='lat' dir='ltr'><strong>secernit.</strong></span> 
     </span>
    </p>
   </div>
   <div class='ocr_carea' id='block_1_95' title="bbox 866 5035 1565 5104">
    <p class='ocr_par' dir='ltr' id='par_1_95' title="bbox 866 5035 1565 5104">
     <span class='ocr_line' id='line_1_95' title="bbox 866 5035 1565 5104; baseline -0.006 -10"><span class='ocrx_word' id='word_1_732' title='bbox 866 5039 968 5094; x_wconf 80' lang='grc' dir='ltr'>Ἕκ</span> <span class='ocrx_word' id='word_1_733' title='bbox 995 5036 1102 5091; x_wconf 80' lang='grc' dir='ltr'>τοῦ</span> <span class='ocrx_word' id='word_1_734' title='bbox 1133 5035 1322 5090; x_wconf 84' lang='grc' dir='ltr'>αὑτοῦ</span> <span class='ocrx_word' id='word_1_735' title='bbox 1355 5036 1565 5104; x_wconf 76' lang='grc' dir='ltr'>λόγου.</span> 
     </span>
    </p>
   </div>
   <div class='ocr_carea' id='block_1_96' title="bbox 491 5125 1996 5200">
    <p class='ocr_par' dir='ltr' id='par_1_96' title="bbox 491 5125 1996 5200">
     <span class='ocr_line' id='line_1_96' title="bbox 491 5125 1996 5200; baseline -0.007 -11"><span class='ocrx_word' id='word_1_736' title='bbox 491 5135 556 5189; x_wconf 78' lang='grc' dir='ltr'><strong>Εἰ</strong></span> <span class='ocrx_word' id='word_1_737' title='bbox 589 5132 711 5187; x_wconf 79' lang='grc' dir='ltr'>κατ’</span> <span class='ocrx_word' id='word_1_738' title='bbox 743 5130 928 5186; x_wconf 76' lang='grc' dir='ltr'>εἰκόνα</span> <span class='ocrx_word' id='word_1_739' title='bbox 951 5132 1049 5199; x_wconf 84' lang='grc' dir='ltr'>τῆς</span> <span class='ocrx_word' id='word_1_740' title='bbox 1073 5129 1353 5200; x_wconf 72' lang='grc' dir='ltr'>μακαρίας</span> <span class='ocrx_word' id='word_1_741' title='bbox 1383 5130 1475 5181; x_wconf 68' lang='grc' dir='ltr'>καὶ</span> <span class='ocrx_word' id='word_1_742' title='bbox 1507 5126 1842 5197; x_wconf 82' lang='grc' dir='ltr'>ὐπερουσίου</span> <span class='ocrx_word' id='word_1_743' title='bbox 1878 5125 1996 5178; x_wconf 84' lang='grc' dir='ltr'>θεό-</span> 
     </span>
    </p>
   </div>
   <div class='ocr_carea' id='block_1_97' title="bbox 417 5216 2006 5298">
    <p class='ocr_par' dir='ltr' id='par_1_97' title="bbox 417 5216 2006 5298">
     <span class='ocr_line' id='line_1_97' title="bbox 417 5216 2006 5298; baseline -0.008 -17"><span class='ocrx_word' id='word_1_744' title='bbox 417 5243 582 5298; x_wconf 82' lang='grc' dir='ltr'>τητος</span> <span class='ocrx_word' id='word_1_745' title='bbox 641 5226 670 5277; x_wconf 85' lang='grc' dir='ltr'>ὁ</span> <span class='ocrx_word' id='word_1_746' title='bbox 703 5223 992 5294; x_wconf 81' lang='grc' dir='ltr'>ἄνθρωπος</span> <span class='ocrx_word' id='word_1_747' title='bbox 1044 5224 1364 5291; x_wconf 74' lang='grc' dir='ltr'>γεγένηταιο</span> <span class='ocrx_word' id='word_1_748' title='bbox 1422 5219 1773 5285; x_wconf 77' lang='grc' dir='ltr'>αύτεξούσιος</span> <span class='ocrx_word' id='word_1_749' title='bbox 1820 5216 1877 5269; x_wconf 72' lang='grc' dir='ltr'><strong>δὲ</strong></span> <span class='ocrx_word' id='word_1_750' title='bbox 1906 5217 2006 5286; x_wconf 82' lang='grc' dir='ltr'>φύ-</span> 
     </span>
    </p>
   </div>
   <div class='ocr_carea' id='block_1_98' title="bbox 421 5310 2010 5387">
    <p class='ocr_par' dir='ltr' id='par_1_98' title="bbox 421 5310 2010 5387">
     <span class='ocr_line' id='line_1_98' title="bbox 421 5310 2010 5387; baseline -0.009 -11"><span class='ocrx_word' id='word_1_751' title='bbox 421 5339 507 5376; x_wconf 83' lang='grc' dir='ltr'><strong>σει</strong></span> <span class='ocrx_word' id='word_1_752' title='bbox 549 5321 645 5374; x_wconf 67' lang='grc' dir='ltr'>καὶ</span> <span class='ocrx_word' id='word_1_753' title='bbox 698 5318 960 5387; x_wconf 78' lang='grc' dir='ltr'>θελητικὴ</span> <span class='ocrx_word' id='word_1_754' title='bbox 991 5319 1022 5385; x_wconf 83' lang='grc' dir='ltr'><strong>ἡ</strong></span> <span class='ocrx_word' id='word_1_755' title='bbox 1057 5316 1179 5369; x_wconf 84' lang='grc' dir='ltr'>θεία</span> <span class='ocrx_word' id='word_1_756' title='bbox 1240 5315 1427 5385; x_wconf 85' lang='grc' dir='ltr'>φύσις,</span> <span class='ocrx_word' id='word_1_757' title='bbox 1482 5315 1590 5384; x_wconf 83' lang='grc' dir='ltr'>ἄρα</span> <span class='ocrx_word' id='word_1_758' title='bbox 1619 5313 1759 5366; x_wconf 71' lang='grc' dir='ltr'><strong>καὶὸ</strong></span> <span class='ocrx_word' id='word_1_759' title='bbox 1796 5310 2010 5381; x_wconf 78' lang='grc' dir='ltr'>ἄνθρω-</span> 
     </span>
    </p>
   </div>
   <div class='ocr_carea' id='block_1_99' title="bbox 423 5402 2010 5479">
    <p class='ocr_par' dir='ltr' id='par_1_99' title="bbox 423 5402 2010 5479">
     <span class='ocr_line' id='line_1_99' title="bbox 423 5402 2010 5479; baseline -0.009 -11"><span class='ocrx_word' id='word_1_760' title='bbox 423 5431 548 5478; x_wconf 86' lang='grc' dir='ltr'>πος,</span> <span class='ocrx_word' id='word_1_761' title='bbox 603 5413 679 5474; x_wconf 86' lang='grc' dir='ltr'><strong>ὡς</strong></span> <span class='ocrx_word' id='word_1_762' title='bbox 729 5411 901 5479; x_wconf 79' lang='grc' dir='ltr'>αὐτῆς</span> <span class='ocrx_word' id='word_1_763' title='bbox 947 5408 1136 5474; x_wconf 81' lang='grc' dir='ltr'>εἰκὼν,</span> <span class='ocrx_word' id='word_1_764' title='bbox 1195 5407 1545 5473; x_wconf 74' lang='grc' dir='ltr'>αὐτεξούσιος</span> <span class='ocrx_word' id='word_1_765' title='bbox 1587 5406 1748 5476; x_wconf 84' lang='grc' dir='ltr'>φύσει</span> <span class='ocrx_word' id='word_1_766' title='bbox 1781 5405 1877 5457; x_wconf 80' lang='grc' dir='ltr'>καὶ</span> <span class='ocrx_word' id='word_1_767' title='bbox 1925 5402 2010 5454; x_wconf 84' lang='grc' dir='ltr'>θε-</span> 
     </span>
    </p>
   </div>
   <div class='ocr_carea' id='block_1_100' title="bbox 423 5498 2011 5579">
    <p class='ocr_par' dir='ltr' id='par_1_100' title="bbox 423 5498 2011 5579">
     <span class='ocr_line' id='line_1_100' title="bbox 423 5498 2011 5579; baseline -0.009 -17"><span class='ocrx_word' id='word_1_768' title='bbox 423 5509 666 5579; x_wconf 80' lang='grc' dir='ltr'>λητικός.</span> <span class='ocrx_word' id='word_1_769' title='bbox 721 5504 795 5560; x_wconf 84' lang='grc' dir='ltr'><strong>Τὸ</strong></span> <span class='ocrx_word' id='word_1_770' title='bbox 841 5507 951 5576; x_wconf 80' lang='grc' dir='ltr'><strong>γὰρ</strong></span> <span class='ocrx_word' id='word_1_771' title='bbox 1007 5502 1382 5567; x_wconf 77' lang='grc' dir='ltr'>αὐτεξούσιον,</span> <span class='ocrx_word' id='word_1_772' title='bbox 1441 5500 1664 5570; x_wconf 79' lang='grc' dir='ltr'>θέλησιν</span> <span class='ocrx_word' id='word_1_773' title='bbox 1715 5498 2011 5568; x_wconf 76' lang='grc' dir='ltr'>,ὡρίσαντο</span> 
     </span>
    </p>
   </div>
   <div class='ocr_carea' id='block_1_101' title="bbox 432 5603 798 5670">
    <p class='ocr_par' dir='ltr' id='par_1_101' title="bbox 432 5603 798 5670">
     <span class='ocr_line' id='line_1_101' title="bbox 432 5603 798 5670; baseline -0.003 -15"><span class='ocrx_word' id='word_1_774' title='bbox 432 5603 484 5655; x_wconf 76' lang='grc' dir='ltr'><strong>οἱ</strong></span> <span class='ocrx_word' id='word_1_775' title='bbox 536 5603 798 5670; x_wconf 78' lang='grc' dir='ltr'>Ιιατὲρες.</span> 
     </span>
    </p>
   </div>
   <div class='ocr_carea' id='block_1_102' title="bbox 502 5682 2011 5762">
    <p class='ocr_par' dir='ltr' id='par_1_102' title="bbox 502 5682 2011 5762">
     <span class='ocr_line' id='line_1_102' title="bbox 502 5682 2011 5762; baseline -0.01 -14"><span class='ocrx_word' id='word_1_776' title='bbox 502 5698 620 5750; x_wconf 78' lang='grc' dir='ltr'>Ἔτι</span> <span class='ocrx_word' id='word_1_777' title='bbox 648 5696 704 5749; x_wconf 77' lang='grc' dir='ltr'><strong>δὲ</strong></span> <span class='ocrx_word' id='word_1_778' title='bbox 737 5697 785 5748; x_wconf 76' lang='grc' dir='ltr'>εἰ</span> <span class='ocrx_word' id='word_1_779' title='bbox 820 5694 988 5748; x_wconf 79' lang='grc' dir='ltr'>πᾶσιν</span> <span class='ocrx_word' id='word_1_780' title='bbox 1013 5688 1328 5762; x_wconf 82' lang='grc' dir='ltr'>ἀνθρώποις</span> <span class='ocrx_word' id='word_1_781' title='bbox 1367 5686 1666 5756; x_wconf 78' lang='grc' dir='ltr'>ἐνυπάρχει</span> <span class='ocrx_word' id='word_1_782' title='bbox 1715 5683 1776 5737; x_wconf 77' lang='grc' dir='ltr'>τὸ</span> <span class='ocrx_word' id='word_1_783' title='bbox 1810 5682 2011 5746; x_wconf 84' lang='grc' dir='ltr'>θέλειν,</span> 
     </span>
    </p>
   </div>
   <div class='ocr_carea' id='block_1_103' title="bbox 432 5777 2008 5859">
    <p class='ocr_par' dir='ltr' id='par_1_103' title="bbox 432 5777 2008 5859">
     <span class='ocr_line' id='line_1_103' title="bbox 432 5777 2008 5859; baseline -0.01 -14"><span class='ocrx_word' id='word_1_784' title='bbox 432 5793 528 5846; x_wconf 68' lang='grc' dir='ltr'><strong>καὶ</strong></span> <span class='ocrx_word' id='word_1_785' title='bbox 555 5793 614 5844; x_wconf 82' lang='grc' dir='ltr'><strong>οὐ</strong></span> <span class='ocrx_word' id='word_1_786' title='bbox 647 5793 759 5853; x_wconf 82' lang='grc' dir='ltr'>τοῖς</span> <span class='ocrx_word' id='word_1_787' title='bbox 793 5790 892 5859; x_wconf 77' lang='grc' dir='ltr'><strong>μὲν</strong></span> <span class='ocrx_word' id='word_1_788' title='bbox 925 5787 1247 5855; x_wconf 71' lang='grc' dir='ltr'>ἐνυπάρχει,</span> <span class='ocrx_word' id='word_1_789' title='bbox 1289 5785 1404 5844; x_wconf 73' lang='grc' dir='ltr'>τοῖς</span> <span class='ocrx_word' id='word_1_790' title='bbox 1454 5783 1509 5834; x_wconf 82' lang='grc' dir='ltr'><strong>δὲ</strong></span> <span class='ocrx_word' id='word_1_791' title='bbox 1551 5783 1650 5833; x_wconf 74' lang='grc' dir='ltr'><strong>οὐκ</strong></span> <span class='ocrx_word' id='word_1_792' title='bbox 1685 5777 2008 5846; x_wconf 76' lang='grc' dir='ltr'>ἐνυπάρχει·</span> 
     </span>
    </p>
   </div>
   <div class='ocr_carea' id='block_1_104' title="bbox 433 5875 2017 5951">
    <p class='ocr_par' dir='ltr' id='par_1_104' title="bbox 433 5875 2017 5951">
     <span class='ocr_line' id='line_1_104' title="bbox 433 5875 2017 5951; baseline -0.013 -7"><span class='ocrx_word' id='word_1_793' title='bbox 433 5905 493 5944; x_wconf 83' lang='grc' dir='ltr'><strong>το</strong></span> <span class='ocrx_word' id='word_1_794' title='bbox 513 5887 570 5943; x_wconf 71' lang='grc' dir='ltr'><strong>δὲ</strong></span> <span class='ocrx_word' id='word_1_795' title='bbox 609 5884 804 5949; x_wconf 78' lang='grc' dir='ltr'>κοινῶς</span> <span class='ocrx_word' id='word_1_796' title='bbox 845 5885 1011 5938; x_wconf 78' lang='grc' dir='ltr'>πᾶσιν</span> <span class='ocrx_word' id='word_1_797' title='bbox 1042 5878 1503 5951; x_wconf 73' lang='grc' dir='ltr'>ὲνθεωρούμενον,</span> <span class='ocrx_word' id='word_1_798' title='bbox 1541 5875 1705 5949; x_wconf 71' lang='grc' dir='ltr'>φύσιν</span> <span class='ocrx_word' id='word_1_799' title='bbox 1737 5889 2017 5945; x_wconf 71' lang='grc' dir='ltr'>χαρακτη-</span> 
     </span>
    </p>
   </div>
   <div class='ocr_carea' id='block_1_105' title="bbox 2642 5033 3146 5103">
    <p class='ocr_par' dir='ltr' id='par_1_105' title="bbox 2642 5033 3146 5103">
     <span class='ocr_line' id='line_1_105' title="bbox 2642 5033 3146 5103; baseline -0.01 -14"><span class='ocrx_word' id='word_1_800' title='bbox 2642 5034 2722 5089; x_wconf 75' lang='lat' dir='ltr'><strong>Ex</strong></span> <span class='ocrx_word' id='word_1_801' title='bbox 2749 5033 2926 5088; x_wconf 88' lang='lat' dir='ltr'><strong>eodem</strong></span> <span class='ocrx_word' id='word_1_802' title='bbox 2956 5037 3146 5103; x_wconf 76' lang='lat' dir='ltr'><strong>capite.</strong></span> 
     </span>
    </p>
   </div>
   <div class='ocr_carea' id='block_1_106' title="bbox 2179 5119 3694 5196">
    <p class='ocr_par' dir='ltr' id='par_1_106' title="bbox 2179 5119 3694 5196">
     <span class='ocr_line' id='line_1_106' title="bbox 2179 5119 3694 5196; baseline -0.007 -14"><span class='ocrx_word' id='word_1_803' title='bbox 2179 5127 2234 5182; x_wconf 91' lang='lat' dir='ltr'><strong>Si</strong></span> <span class='ocrx_word' id='word_1_804' title='bbox 2268 5128 2333 5182; x_wconf 88' lang='lat' dir='ltr'><strong>ad</strong></span> <span class='ocrx_word' id='word_1_805' title='bbox 2363 5128 2534 5182; x_wconf 67' lang='lat' dir='ltr'><strong>beatae</strong></span> <span class='ocrx_word' id='word_1_806' title='bbox 2561 5135 2617 5184; x_wconf 88' lang='lat' dir='ltr'><strong>et</strong></span> <span class='ocrx_word' id='word_1_807' title='bbox 2661 5123 3137 5196; x_wconf 85' lang='lat' dir='ltr'><strong>superessentialis</strong></span> <span class='ocrx_word' id='word_1_808' title='bbox 3181 5119 3487 5175; x_wconf 89' lang='lat' dir='ltr'><strong>divinitatis</strong></span> <span class='ocrx_word' id='word_1_809' title='bbox 3556 5119 3694 5173; x_wconf 87' lang='lat' dir='ltr'><strong>ima-</strong></span> 
     </span>
    </p>
   </div>
   <div class='ocr_carea' id='block_1_107' title="bbox 2109 5215 3684 5292">
    <p class='ocr_par' dir='ltr' id='par_1_107' title="bbox 2109 5215 3684 5292">
     <span class='ocr_line' id='line_1_107' title="bbox 2109 5215 3684 5292; baseline -0.007 -18"><span class='ocrx_word' id='word_1_810' title='bbox 2109 5222 2292 5292; x_wconf 85' lang='lat' dir='ltr'><strong>ginem</strong></span> <span class='ocrx_word' id='word_1_811' title='bbox 2352 5222 2605 5276; x_wconf 85' lang='lat' dir='ltr'><strong>conditus</strong></span> <span class='ocrx_word' id='word_1_812' title='bbox 2660 5229 2745 5274; x_wconf 85' lang='lat' dir='ltr'><strong>est</strong></span> <span class='ocrx_word' id='word_1_813' title='bbox 2798 5219 2981 5283; x_wconf 91' lang='lat' dir='ltr'><strong>homo,</strong></span> <span class='ocrx_word' id='word_1_814' title='bbox 3045 5215 3290 5286; x_wconf 80' lang='lat' dir='ltr'><strong>profectu</strong></span> <span class='ocrx_word' id='word_1_815' title='bbox 3339 5227 3463 5268; x_wconf 89' lang='lat' dir='ltr'><strong>cum</strong></span> <span class='ocrx_word' id='word_1_816' title='bbox 3493 5221 3684 5265; x_wconf 87' lang='lat' dir='ltr'><strong>natura</strong></span> 
     </span>
    </p>
   </div>
   <div class='ocr_carea' id='block_1_108' title="bbox 2110 5308 3690 5375">
    <p class='ocr_par' dir='ltr' id='par_1_108' title="bbox 2110 5308 3690 5375">
     <span class='ocr_line' id='line_1_108' title="bbox 2110 5308 3690 5375; baseline -0.006 -7"><span class='ocrx_word' id='word_1_817' title='bbox 2110 5313 2296 5368; x_wconf 87' lang='lat' dir='ltr'><strong>divina</strong></span> <span class='ocrx_word' id='word_1_818' title='bbox 2331 5312 2500 5366; x_wconf 86' lang='lat' dir='ltr'><strong>libera</strong></span> <span class='ocrx_word' id='word_1_819' title='bbox 2534 5312 2624 5375; x_wconf 89' lang='lat' dir='ltr'><strong>sit,</strong></span> <span class='ocrx_word' id='word_1_820' title='bbox 2655 5319 2711 5365; x_wconf 88' lang='lat' dir='ltr'><strong>et</strong></span> <span class='ocrx_word' id='word_1_821' title='bbox 2742 5310 2941 5364; x_wconf 90' lang='lat' dir='ltr'><strong>virtute</strong></span> <span class='ocrx_word' id='word_1_822' title='bbox 2993 5308 3207 5362; x_wconf 85' lang='lat' dir='ltr'><strong>volendi</strong></span> <span class='ocrx_word' id='word_1_823' title='bbox 3238 5315 3430 5375; x_wconf 88' lang='lat' dir='ltr'><strong>suapte</strong></span> <span class='ocrx_word' id='word_1_824' title='bbox 3495 5315 3690 5358; x_wconf 90' lang='lat' dir='ltr'><strong>natura</strong></span> 
     </span>
    </p>
   </div>
   <div class='ocr_carea' id='block_1_109' title="bbox 2113 5397 3696 5474">
    <p class='ocr_par' dir='ltr' id='par_1_109' title="bbox 2113 5397 3696 5474">
     <span class='ocr_line' id='line_1_109' title="bbox 2113 5397 3696 5474; baseline -0.006 -16"><span class='ocrx_word' id='word_1_825' title='bbox 2113 5403 2334 5474; x_wconf 87' lang='lat' dir='ltr'><strong>polleat,</strong></span> <span class='ocrx_word' id='word_1_826' title='bbox 2361 5402 2526 5456; x_wconf 91' lang='lat' dir='ltr'><strong>homo</strong></span> <span class='ocrx_word' id='word_1_827' title='bbox 2552 5416 2771 5470; x_wconf 89' lang='lat' dir='ltr'><strong>quoque</strong></span> <span class='ocrx_word' id='word_1_828' title='bbox 2807 5400 2900 5470; x_wconf 87' lang='lat' dir='ltr'><strong>qui</strong></span> <span class='ocrx_word' id='word_1_829' title='bbox 2935 5399 3056 5467; x_wconf 86' lang='lat' dir='ltr'><strong>ejus</strong></span> <span class='ocrx_word' id='word_1_830' title='bbox 3110 5399 3288 5468; x_wconf 85' lang='lat' dir='ltr'><strong>imago</strong></span> <span class='ocrx_word' id='word_1_831' title='bbox 3339 5406 3443 5459; x_wconf 83' lang='lat' dir='ltr'><strong>est,</strong></span> <span class='ocrx_word' id='word_1_832' title='bbox 3500 5397 3696 5449; x_wconf 87' lang='lat' dir='ltr'><strong>iisdem</strong></span> 
     </span>
    </p>
   </div>
   <div class='ocr_carea' id='block_1_110' title="bbox 2115 5489 3704 5565">
    <p class='ocr_par' dir='ltr' id='par_1_110' title="bbox 2115 5489 3704 5565">
     <span class='ocr_line' id='line_1_110' title="bbox 2115 5489 3704 5565; baseline -0.007 -13"><span class='ocrx_word' id='word_1_833' title='bbox 2115 5513 2146 5553; x_wconf 85' lang='lat' dir='ltr'><strong>a</strong></span> <span class='ocrx_word' id='word_1_834' title='bbox 2175 5506 2367 5550; x_wconf 89' lang='lat' dir='ltr'><strong>natura</strong></span> <span class='ocrx_word' id='word_1_835' title='bbox 2395 5493 2659 5565; x_wconf 64' lang='lat' dir='ltr'><strong>praaditus</strong></span> <span class='ocrx_word' id='word_1_836' title='bbox 2702 5493 2830 5547; x_wconf 90' lang='lat' dir='ltr'><strong>erit.</strong></span> <span class='ocrx_word' id='word_1_837' title='bbox 2881 5491 3093 5546; x_wconf 86' lang='lat' dir='ltr'><strong>Etenim</strong></span> <span class='ocrx_word' id='word_1_838' title='bbox 3130 5490 3320 5546; x_wconf 88' lang='lat' dir='ltr'><strong>Patres</strong></span> <span class='ocrx_word' id='word_1_839' title='bbox 3346 5489 3584 5543; x_wconf 86' lang='lat' dir='ltr'><strong>liberum</strong></span> <span class='ocrx_word' id='word_1_840' title='bbox 3619 5504 3704 5541; x_wconf 90' lang='lat' dir='ltr'><strong>ar-</strong></span> 
     </span>
    </p>
   </div>
   <div class='ocr_carea' id='block_1_111' title="bbox 2124 5582 3260 5645">
    <p class='ocr_par' dir='ltr' id='par_1_111' title="bbox 2124 5582 3260 5645">
     <span class='ocr_line' id='line_1_111' title="bbox 2124 5582 3260 5645; baseline -0.009 -1"><span class='ocrx_word' id='word_1_841' title='bbox 2124 5591 2348 5645; x_wconf 87' lang='lat' dir='ltr'><strong>bitrium</strong></span> <span class='ocrx_word' id='word_1_842' title='bbox 2391 5586 2726 5640; x_wconf 83' lang='lat' dir='ltr'><strong>voluntatem</strong></span> <span class='ocrx_word' id='word_1_843' title='bbox 2757 5600 2878 5639; x_wconf 83' lang='lat' dir='ltr'><strong>esse</strong></span> <span class='ocrx_word' id='word_1_844' title='bbox 2903 5582 3260 5637; x_wconf 85' lang='lat' dir='ltr'><strong>deﬁnierunt.</strong></span> 
     </span>
    </p>
   </div>
   <div class='ocr_carea' id='block_1_112' title="bbox 2196 5672 3702 5747">
    <p class='ocr_par' dir='ltr' id='par_1_112' title="bbox 2196 5672 3702 5747">
     <span class='ocr_line' id='line_1_112' title="bbox 2196 5672 3702 5747; baseline -0.007 -11"><span class='ocrx_word' id='word_1_845' title='bbox 2196 5681 2276 5736; x_wconf 86' lang='lat' dir='ltr'><strong>Ad</strong></span> <span class='ocrx_word' id='word_1_846' title='bbox 2334 5680 2450 5734; x_wconf 70' lang='lat' dir='ltr'><strong>haec</strong></span> <span class='ocrx_word' id='word_1_847' title='bbox 2520 5679 2765 5747; x_wconf 85' lang='lat' dir='ltr'><strong>insuper,</strong></span> <span class='ocrx_word' id='word_1_848' title='bbox 2825 5677 2869 5730; x_wconf 92' lang='lat' dir='ltr'><strong>si</strong></span> <span class='ocrx_word' id='word_1_849' title='bbox 2925 5676 3140 5731; x_wconf 88' lang='lat' dir='ltr'><strong>cunctis</strong></span> <span class='ocrx_word' id='word_1_850' title='bbox 3195 5674 3516 5730; x_wconf 90' lang='lat' dir='ltr'><strong>hominibus</strong></span> <span class='ocrx_word' id='word_1_851' title='bbox 3566 5672 3702 5726; x_wconf 79' lang='lat' dir='ltr'><strong>velle</strong></span> 
     </span>
    </p>
   </div>
   <div class='ocr_carea' id='block_1_113' title="bbox 2129 5768 3702 5841">
    <p class='ocr_par' dir='ltr' id='par_1_113' title="bbox 2129 5768 3702 5841">
     <span class='ocr_line' id='line_1_113' title="bbox 2129 5768 3702 5841; baseline -0.007 -11"><span class='ocrx_word' id='word_1_852' title='bbox 2129 5776 2292 5839; x_wconf 84' lang='lat' dir='ltr'><strong>inest,</strong></span> <span class='ocrx_word' id='word_1_853' title='bbox 2321 5789 2385 5829; x_wconf 86' lang='lat' dir='ltr'><strong>ac</strong></span> <span class='ocrx_word' id='word_1_854' title='bbox 2419 5788 2526 5828; x_wconf 92' lang='lat' dir='ltr'><strong>non</strong></span> <span class='ocrx_word' id='word_1_855' title='bbox 2571 5781 2628 5825; x_wconf 93' lang='lat' dir='ltr'><strong>ut</strong></span> <span class='ocrx_word' id='word_1_856' title='bbox 2661 5769 2991 5841; x_wconf 91' lang='lat' dir='ltr'><strong>quibusdam</strong></span> <span class='ocrx_word' id='word_1_857' title='bbox 3027 5770 3176 5834; x_wconf 90' lang='lat' dir='ltr'><strong>insit,</strong></span> <span class='ocrx_word' id='word_1_858' title='bbox 3231 5768 3559 5839; x_wconf 85' lang='lat' dir='ltr'><strong>quibusdam</strong></span> <span class='ocrx_word' id='word_1_859' title='bbox 3595 5783 3702 5820; x_wconf 86' lang='lat' dir='ltr'><strong>non</strong></span> 
     </span>
    </p>
   </div>
   <div class='ocr_carea' id='block_1_114' title="bbox 2130 5860 3706 5941">
    <p class='ocr_par' dir='ltr' id='par_1_114' title="bbox 2130 5860 3706 5941">
     <span class='ocr_line' id='line_1_114' title="bbox 2130 5860 3706 5941; baseline -0.01 -13"><span class='ocrx_word' id='word_1_860' title='bbox 2130 5872 2288 5937; x_wconf 89' lang='lat' dir='ltr'><strong>insit;</strong></span> <span class='ocrx_word' id='word_1_861' title='bbox 2320 5867 2511 5941; x_wconf 80' lang='lat' dir='ltr'><strong>procul</strong></span> <span class='ocrx_word' id='word_1_862' title='bbox 2548 5865 2739 5935; x_wconf 77' lang='lat' dir='ltr'><strong>dubio,</strong></span> <span class='ocrx_word' id='word_1_863' title='bbox 2776 5879 2898 5920; x_wconf 89' lang='lat' dir='ltr'><strong>cum</strong></span> <span class='ocrx_word' id='word_1_864' title='bbox 2933 5865 2983 5919; x_wconf 89' lang='lat' dir='ltr'><strong>id</strong></span> <span class='ocrx_word' id='word_1_865' title='bbox 3024 5863 3168 5934; x_wconf 89' lang='lat' dir='ltr'><strong>quod</strong></span> <span class='ocrx_word' id='word_1_866' title='bbox 3220 5861 3588 5919; x_wconf 78' lang='lat' dir='ltr'><strong>cuunntntiler</strong></span> <span class='ocrx_word' id='word_1_867' title='bbox 3652 5860 3706 5913; x_wconf 92' lang='lat' dir='ltr'><strong>in</strong></span> 
     </span>
    </p>
   </div>
  </div>
