4420 6452
839 447 967 511 1151

2071 460 2443 522 ΕΗΤΙΙΥΜΙΙ
2497 467 2847 527 ΖΞΟΛΒΕΝΙ

3957 481 4088 542 ilbi

833 565 1092 617 omnibus
1119 566 1521 631 ennsiderautr,
1551 579 1759 624 natura:
1791 581 1972 625 notam
2048 572 2101 625 in
2157 572 2414 643 subjectis
2444 578 2485 628 Α
2519 578 2578 645 ρίη

2331 572 2414 626 :tis
2444 578 2485 628 Α
2519 578 2658 645 ρίζει
2697 579 2753 629 ἐν
2782 583 2891 643 ταῖς
2921 579 3013 633 ὑπ’
3039 581 3170 635 αὐτὸ
3201 583 3441 654 ἀτόμοις·
3486 585 3595 652 ἄρα
3636 587 3800 653 φύσει
3861 588 4076 657 θελητι⁴

833 668 886 709 et
921 657 1215 712 individuis
1243 663 1532 727 exprimat,
1592 661 1756 718 homo
1815 664 2032 718 volcudi
2087 664 2402 719 facultatem

835 749 1017 802 habet.

904 846 978 894 Ae
1011 859 1217 909 rursus,
1265 844 1308 898 si
1343 853 1533 898 natura
1571 861 1669 900 nec
1705 848 1895 916 magis,
1953 865 2055 903 nec
2101 851 2284 905 minus
2325 867 2407 904 re-

829 934 981 998 cipit.
1013 950 1142 987 sane
1176 952 1298 988 cum
1324 938 1578 989 omnibus
1599 954 1849 1006 pcncqne
1869 942 2003 992 velle
2032 943 2182 1004 insit,
2211 959 2271 996 ac
2295 958 2404 995 non

829 1026 950 1077 aliis
987 1026 1230 1089 uberius,
1254 1027 1375 1079 aliis
1399 1029 1726 1096 parcius,ex
1769 1045 1962 1085 natura
2025 1050 2120 1087 sua
2169 1035 2403 1101 proinde

829 1118 1044 1169 volendi
1118 1119 1370 1172 lacultale
1424 1123 1680 1186 prmditus
1738 1132 1821 1174 est
1873 1124 2038 1178 homo
2098 1146 2109 1177 :
2173 1142 2235 1180 ex
2293 1142 2402 1194 quo

826 1211 1171 1271 ellicitur,ut
1226 1226 1347 1263 cum
1409 1213 1571 1265 homo
1629 1215 1829 1267 virtute
1889 1217 2103 1269 volendi
2176 1220 2404 1286 polleat,

825 1316 886 1351 ea
920 1300 1105 1351 itidem
1164 1301 1488 1353 naturaliter
1514 1302 1713 1367 polleat
1746 1304 2028 1366 Dominus,
2079 1323 2186 1360 non
2241 1310 2400 1363 modo

824 1406 930 1457 qua
968 1390 1108 1443 Deus
1138 1399 1241 1456 est,
1273 1392 1365 1443 sed
1399 1395 1563 1444 etiam
1593 1410 1696 1461 qua
1731 1394 1905 1448 factus
1937 1397 2120 1450 homo.

1320 1480 1401 1532 Ex
1431 1482 1607 1532 eodem
1637 1485 1827 1547 rapite.

889 1565 1092 1618 Rerum
1123 1565 1370 1618 omnium
1398 1565 1541 1619 Deus
1575 1577 1625 1618 et
1652 1568 1812 1619 Pater
1847 1569 1978 1631 vult,
2006 1571 2089 1623 vel
2123 1583 2399 1639 quatenus

817 1656 998 1719 Pater,
1042 1656 1123 1708 vel
1154 1664 1426 1723 quatenus
1470 1655 1632 1709 Deus.
1668 1656 1724 1708 Si
1764 1667 2039 1726 quatenus
2080 1661 2253 1722 Pater,
2292 1665 2397 1716 alia

815 1747 921 1798 erit
960 1746 1080 1812 ejus
1118 1747 1393 1809 voluntas,
1436 1747 1539 1799 alia
1593 1748 1752 1808 Filii;
1791 1765 1972 1818 neque
2030 1754 2175 1804 enim
2238 1755 2398 1807 l’atet‘

815 1833 987 1888 Fiiius
1026 1842 1129 1888 est.
1163 1835 1259 1887 Sin
1285 1844 1466 1886 antem
1510 1845 1784 1904 quatenus
1843 1837 2010 1901 Dens,
2063 1851 2210 1894 certe
2239 1891 2242 1895 .
2269 1861 2392 1896 eum

815 1924 985 1978 Filius
1005 1941 1222 1993 quoque
1259 1923 1398 1979 Deus
1431 1926 1522 1985 sit,
1565 1929 1805 1998 itemque
1874 1929 2113 1998 Spiritus
2169 1947 2394 1990 sanctus

814 2016 978 2079 Deus,
1008 2018 1343 2070 voluntatem
1370 2027 1579 2071 natura:
1601 2035 1747 2083 esse,
1787 2022 2182 2088 naturalemve,
2218 2025 2395 2079 faten-

811 2108 941 2160 dum
965 2117 1071 2162 est.

881 2198 1128 2266 Insuper,
1210 2200 1254 2253 si
1298 2216 1537 2267 quorum
1597 2202 1854 2257 voluntas
1901 2221 2006 2258 una
2051 2216 2155 2268 est,
2199 2209 2391 2262 horum

809 2289 994 2352 etiam,
1032 2298 1089 2342 ut
1113 2289 1301 2344 Patres
1329 2301 1645 2358 senserunt,
1668 2310 1772 2346 una
1803 2304 1887 2349 est
1917 2300 2156 2353 essentia
2191 2317 2206 2352 :
2235 2316 2391 2364 sane,

809 2383 855 2437 si
889 2398 992 2435 una
1016 2381 1326 2438 divinitatis
1356 2385 1562 2439 Christi
1596 2395 1762 2453 atque
1798 2387 2161 2445 humanitatis
2187 2393 2386 2445 volun-

811 2485 894 2529 tas
936 2476 1028 2539 sit,
1087 2491 1194 2529 una
1253 2492 1472 2548 quoque
1525 2476 1794 2532 eteadem
1837 2494 2026 2534 earum
2084 2482 2391 2536 substantia

809 2564 930 2618 erit.

876 2657 954 2710 Ac
991 2672 1205 2720 rursus,
1235 2659 1278 2713 si
1306 2659 1372 2712 de
1409 2659 1633 2714 Patrum
1695 2664 1992 2729 sententia,
2032 2673 2240 2725 natura:
2280 2667 2394 2722 dis-

805 2747 1090 2800 crimenin
1125 2762 1232 2799 una
1269 2749 1553 2803 voluntate
1609 2766 1716 2804 non
1759 2753 1960 2817 elucet,
1998 2771 2225 2810 necesse
2284 2766 2390 2820 est,

806 2844 864 2887 ut
896 2836 975 2888 vel
1011 2851 1174 2889 unam
1207 2837 1444 2891 dicendo
1487 2839 1856 2906 voluntatem,
1903 2845 2155 2899 naturale
2192 2846 2391 2900 discri-

803 2943 927 2981 men
985 2944 1090 2980 non
1145 2929 1414 2995 dicamus,
1449 2930 1531 2985 vel
1595 2943 1915 2988 naturarum
1980 2937 2388 2994 distinctionem

803 3021 1193 3089 praedicantes,
1228 3022 1570 3076 voluntatem
1602 3039 1765 3077 unam
1805 3041 1910 3078 non
1947 3035 2278 3084 statuamus.

872 3111 950 3163 Ae
991 3125 1207 3174 rursus,
1294 3117 1339 3165 si
1370 3111 1506 3164 utin
1538 3112 1728 3167 divino
1784 3113 2083 3185 Evangelia
2123 3119 2379 3180 habetur.

801 3198 1084 3268 profectus
1137 3199 1405 3253 Dominus
1439 3202 1490 3253 in
1538 3210 1720 3270 partes
1758 3202 1888 3273 Tyri
1928 3214 1981 3257 et
2042 3204 2288 3272 Sidonis,
2339 3220 2388 3262 et

2520 667 2610 730 κὸς
2644 671 2671 720 ὸ
2701 668 3015 739 ἄνθρωπος.

2583 852 2694 903 Kat
2721 851 2899 913 αὖθις·
2941 852 2989 902 εί
3037 852 3096 902 τὸ
3129 851 3327 920 μᾶλλον
3373 854 3464 905 καὶ
3511 851 3736 925 ἧττονή
3779 859 3940 924 φύσις
3981 859 4082 910 οὐκ

2515 946 2842 1012 ἐπιδέκεται,
2863 945 3054 1012 ἐπίσης
3077 945 3134 996 δὲ
3157 947 3322 998 πᾶσιν
3343 949 3640 1016 ἐνυπάρχει
3671 951 3732 1001 τὸ
3764 950 3962 1016 θέλειν,
3991 925 4082 1003 καὶ

2513 1031 2573 1082 οὐ
2601 1033 2712 1092 τοῖς
2747 1031 2846 1094 μὲν
2872 1033 3053 1096 πλέον,
3091 1037 3207 1096 τοῖς
3233 1033 3295 1086 δὲ
3317 1035 3557 1088 ἔλαττον·
3592 1038 3700 1106 ἄρα
3732 1041 3892 1106 φύσει
3926 1041 4082 1108 θελη-

2508 1120 2658 1179 τικὸς
2699 1121 2750 1169 ιὸ
2790 1121 3098 1189 ἅνθρωπος·
3146 1122 3287 1175 ὥστε
3319 1127 3366 1175 εἰ
3400 1126 3560 1192 φύσει
3615 1128 3902 1194 θελητικὸς
3932 1133 3958 1181 ὁ
3985 1133 4080 1183 ἇν-

2513 1210 2751 1277 θρωπος,
2778 1214 2916 1263 καιὸ
2951 1213 3168 1282 Κύριος.
3199 1215 3259 1266 οὐ
3286 1217 3444 1283 μόνον
3474 1216 3612 1268 καθὸ
3637 1218 3792 1283 Θεὸς,
3829 1220 3962 1272 ἀλλὰ
3987 1221 4080 1272 καὶ

2508 1299 2643 1354 καθὸ
2673 1301 2960 1371 ἄνθρωπος
2993 1304 3206 1372 γέγονε,
3243 1306 3403 1373 φύσει
3436 1307 3718 1376 θελητικός
3746 1311 3914 1361 ἐστιν.

2868 1483 2962 1534 Ἐκ
3016 1484 3123 1535 τοῦ
3148 1483 3336 1536 αὐτοῦ
3369 1487 3728 1551 κεφαλαίου.

2583 1574 2642 1625 ’0
2676 1575 2784 1624 τῶν
2816 1574 2953 1626 ὅλων
2981 1574 3089 1641 γὰρ
3193 1573 3324 1634 Θεὸς
3359 1575 3451 1624 καὶ
3484 1574 3697 1642 Πατὴρ,
3725 1574 3757 1642 ἢ
3800 1575 3933 1628 καθὸ
3976 1577 4085 1629 Πα-

2498 1665 2601 1734 τὴρ
2637 1664 2800 1724 θέλει,
2853 1665 2884 1733 ἢ
2925 1665 3058 1715 καθὸ
3099 1664 3250 1725 Θεός.
3304 1664 3443 1716 Ἀλλ’
3479 1667 3526 1716 εἰ
3562 1666 3660 1733 μὲν
3705 1666 3839 1716 καθὸ
3871 1667 4077 1736 Πατὴρ,

2499 1757 2628 1811 ἄλλο
2665 1755 2830 1807 αὑτοῦ
2869 1757 3022 1806 ἔσται
3051 1757 3110 1806 τὸ
3135 1755 3348 1825 θέλημα
3382 1757 3530 1825 παρᾶ
3586 1755 3645 1806 τὸ
3679 1755 3772 1807 τοῦ
3804 1755 3953 1807 Υἰοῦ.
4005 1757 4080 1808 Οὐ

2499 1851 2608 1919 γὰρ
2644 1850 2831 1919 Πατὴρ
2853 1851 2879 1901 ὁ
2912 1849 3060 1910 Υἱός.
3090 1849 3149 1899 Εἰ
3177 1848 3233 1899 δὲ
3266 1847 3400 1898 καθὸ
3429 1847 3580 1908 Θεὸς,
3632 1847 3761 1908 Θεὸς
3790 1849 3846 1899 δὲ
3873 1851 3900 1898 ὁ
3931 1850 4077 1910 Υἱὸς,

2498 1942 2631 2004 Θεὸς
2663 1942 2759 1994 καὶ
2785 1944 2847 1993 τὸ
2882 1941 3107 2008 Πνεῦμα
3140 1939 3201 1991 τὸ
3257 1940 3444 2006 ᾰγιον·
3479 1939 3584 2008 ἄρα
3631 1939 3692 1991 τὸ
3731 1939 3941 2009 θέλημα
3977 1943 4079 2010 φυ-

2500 2053 2658 2100 σεως,
2691 2036 2860 2104 ἤγουν
2894 2033 3141 2101 φυσικόν.

2567 2214 2712 2275 Ἔτι,
2736 2212 2784 2262 εί
2814 2209 2954 2262 κατὰ
2985 2209 3111 2270 τοὺς
3137 2208 3412 2276 Πατέρας,
3436 2201 3509 2259 ὧν
3532 2207 3593 2260 τὸ
3617 2206 3827 2275 θέλημα
3854 2205 3934 2267 ἓν,
3957 2205 4076 2258 τού-

2493 2323 2600 2360 των
2622 2303 2714 2356 καὶ
2744 2303 2776 2372 ἡ
2806 2301 2962 2354 οὐσία
2995 2300 3112 2370 μία,
3143 2301 3199 2351 ἒν
3228 2300 3321 2351 καὶ
3349 2299 3559 2368 θέλημα
3591 2301 3689 2368 τῆς
3710 2298 3962 2368 θεότητος
3982 2299 4076 2353 τοῦ

2493 2395 2759 2468 Χριστοῦ,
2796 2395 3018 2463 καὶτῆς
3069 2392 3491 2461 ἁνθρωπότητος
3544 2389 3754 2443 αὑτοῦ·
3809 2388 3919 2461 ἄρα
3977 2389 4076 2459 μία

2494 2490 2589 2542 καὶ
2618 2489 2650 2559 ἡ
2679 2487 2815 2555 αὑτὴ
2855 2484 3060 2538 τούτων
3093 2483 3247 2535 ἔσται
3279 2483 3376 2535 καὶ
3404 2484 3436 2551 ἡ
3476 2482 3655 2535 οὐσία.

2564 2664 2673 2715 Kal.
2702 2661 2858 2714 πάλιν
2881 2675 2892 2687 ·
2931 2659 3002 2717 εἰ,
3034 2657 3176 2709 κατὰ
3205 2657 3330 2718 τοὺς
3357 2654 3630 2722 Πατέρας,
3680 2655 3712 2722 ἡ
3737 2653 3836 2721 τῆς
3861 2654 4076 2720 φύσεως

2493 2753 2729 2822 διαφορὰ
2764 2752 2842 2820 τῷ
2873 2751 2955 2802 ἐνὶ
2978 2749 3244 2817 θελήματι
3274 2747 3334 2797 οὑ
3376 2745 3737 2813 διαφαίνεται,
3766 2744 3999 2811 ἀνάγκη,
4041 2745 4073 2810 ἧ

2494 2850 2552 2902 ἓν
2586 2847 2799 2913 θέλημα
2828 2843 3087 2909 λέγοντας
3114 2838 3353 2906 φυσικὴν
3397 2839 3455 2889 ἐν
3497 2836 3722 2904 Χριστῷ
3770 2836 3843 2903 μὴ
3897 2836 4076 2900 λέγειν

2491 2933 2776 3002 διαφορὰν,
2805 2932 2838 3000 ἢ
2873 2928 3109 2999 φυσικὴν
3132 2925 3391 2991 λέγοντας
3439 2924 3726 2993 διαφορὰν,
3759 2922 3816 2973 ἓν
3865 2923 4076 2992 θέλημα

2497 3026 2571 3097 μὴ
2598 3026 2802 3091 λέγειν.

2567 3119 2674 3169 Καὶ
2701 3113 2892 3177 αὖθιςο
2929 3116 2978 3166 εί
3006 3110 3189 3173 καθώς
3229 3107 3368 3179 φησι
3415 3108 3477 3159 τὸ
3523 3107 3664 3158 θεῖον
3719 3105 4071 3173 Εὐαγγέλιον,

2492 3210 2661 3262 ἐλθὼν
2684 3211 2710 3260 ὁ
2743 3207 2946 3277 Κύριος
2975 3206 3052 3265 είς
3087 3205 3155 3255 τὰ
3189 3202 3329 3271 μέρη
3353 3200 3530 3269 Τύρου
3562 3199 3654 3250 καὶ
3693 3198 3940 3259 Σιδῶνος,
3975 3199 4075 3250 καὶ

799 3293 1066 3358 ingressus
1085 3294 1323 3354 domum,
1360 3295 1615 3346 neminem
1642 3295 1777 3348 scire
1828 3296 2012 3360 voluit,
2069 3316 2158 3352 nec
2210 3310 2380 3354 tamen
2415 3332 2455 3386 ρ
2491 3306 2542 3356 ei

2327 3319 2380 3354 en
2415 3332 2455 3386 ρ
2491 3301 2782 3356 5108.10807-
2813 3301 2898 3364 εἰς
2929 3294 3119 3359 οἷκον,
3151 3293 3371 3347 οὐδένα
3396 3293 3662 3359 ἠθέλησε
3687 3291 3924 3359 γνῶναι,
3975 3291 4072 3343 καὶ

799 3383 961 3435 latere
982 3385 1154 3449 potuit
1191 3382 1234 3446 ‘,
1269 3384 1517 3452 profecto
1553 3400 1677 3438 cum
1712 3385 1895 3439 divina
1923 3389 2096 3457 ipsius
2127 3392 2384 3448 volu-utas

798 3476 984 3527 omnia
1052 3475 1261 3542 possit,
1312 3477 1504 3530 volens
1545 3494 1674 3531 vero
1730 3480 1900 3533 latere
1954 3498 2061 3534 non
2124 3486 2383 3550 potuerit,

797 3561 1068 3629 sequitur,
1105 3569 1162 3613 ut
1217 3571 1497 3630 quatenus
1530 3565 1692 3618 homo
1741 3566 1791 3618 id
1841 3567 2099 3632 voluerit,
2137 3587 2236 3625 nec
2289 3588 2388 3641 pn-

798 3650 978 3713 tneril,
1014 3657 1177 3717 atque
1205 3651 1363 3715 adeo,
1396 3658 1451 3703 nt
1475 3663 1747 3721 quatenus
1776 3654 1938 3708 homo
1969 3658 2182 3711 volendi
2212 3660 2388 3715 facul-

796 3750 962 3794 tatem
996 3743 1273 3796 habuerit.

1052 3834 1127 3886 Ac
1153 3848 1346 3886 rursus
1379 3872 1392 3894 ,
1447 3833 1577 3887 Cum
1612 3847 1850 3903 venisset,
1879 3839 2157 3909 inquit,ad
2190 3843 2378 3908 locum,

794 3920 928 3974 dixit
947 3936 962 3972 .'
983 3921 1137 3977 Sitio.
1163 3923 1226 3976 Et
1248 3929 1500 3978 dederunt
1517 3927 1564 3977 ei
1588 3928 1760 3980 riuum
1779 3929 1901 3997 felle
1925 3933 2139 3983 mistum
2160 3945 2178 3983 :
2203 3943 2250 3985 et
2268 3951 2384 3986 cum

791 4025 1075 4086 gustasset,
1113 4018 1281 4070 noluit
1309 4017 1482 4071 bibeie
1534 4013 1577 4070 '.
1609 4017 1781 4074 Porro
1812 4024 1881 4088 si,
1907 4034 2183 4093 quatenus
2217 4023 2383 4090 Deus,

790 4120 882 4175 siti
916 4127 1202 4187 correptus
1237 4127 1343 4182 est,
1373 4126 1575 4172 etcum
1610 4125 1898 4185 gustasset,
1938 4117 2115 4172 noluit
2142 4117 2332 4172 bibere
2360 4131 2376 4179 ;

793 4227 926 4281 ergo
948 4211 1114 4265 etiam
1156 4221 1430 4280 quatenus
1495 4210 1639 4264 Deus
1689 4208 2034 4276 passinnibus
2097 4206 2381 4261 obnoxius

797 4315 918 4358 erat
945 4322 958 4357 :
990 4305 1314 4366 suntenim,
1346 4313 1457 4358 tuin
1488 4304 1630 4366 sitis,
1669 4314 1781 4358 tum
1839 4304 2102 4372 gustatio,
2159 4302 2378 4372 passio-

791 4412 912 4450 nes.
980 4397 1076 4451 Sin
1126 4408 1307 4450 autem
1365 4405 1637 4464 quatenus
1694 4398 1861 4448 homo
1920 4395 2117 4457 sitivit,
2175 4394 2369 4463 utique

789 4499 1064 4557 quatenus
1096 4489 1256 4541 homo
1293 4490 1574 4542 voluntate
1609 4487 1912 4541 instructus
1944 4494 2080 4541 erat.

856 4581 925 4634 At
962 4597 1093 4635 vero
1134 4580 1466 4634 sententiam
1522 4587 1578 4634 et
1631 4580 1960 4634 electionem
2013 4578 2067 4630 in
2129 4577 2365 4631 Domino

2488 3397 2596 3447 οὐκ
2617 3390 2895 3458 ,ἠδυνήθη
2917 3385 3154 3442 λαϐεῖν·
3183 3387 3230 3436 εί
3259 3385 3318 3437 τὸ
3342 3383 3485 3436 θεῖον
3511 3381 3676 3434 αὐτοῦ
3701 3381 3911 3449 θέλημα
3939 3399 4074 3430 παν-

2485 3485 2807 3551 τοδύναμον,
2839 3479 3069 3548 θελήσας
3097 3477 3153 3530 δὲ
3183 3476 3365 3527 λαθεῖν
3388 3475 3449 3527 οὺ
3476 3474 3778 3541 δεδύνηταιο
3804 3474 3912 3541 ἄρα
3940 3472 4074 3523 καθὸ

2485 3573 2774 3643 ἄνθρωπος
2835 3569 3069 3638 θελήσας
3126 3567 3225 3620 οὐκ
3273 3562 3539 3635 ἠδυνήθη,
3574 3563 3669 3615 καὶ
3698 3560 3983 3630 θελητικὸς
4007 3557 4076 3629 ἦν

2488 3667 2581 3720 καὶ
2614 3665 2749 3718 καθὸ
2780 3663 3087 3733 ἄνθρωπος.

2565 3839 2673 3891 Καὶ
2707 3837 2870 3888 πάλιν
2892 3850 2904 3863 ·
2947 3835 3190 3897 Ἐλθὼν,
3226 3832 3409 3901 φησὶν,
3431 3834 3512 3896 είς
3550 3835 3658 3882 τόν
3689 3832 3896 3889 τόπον,
3919 3821 4070 3878 εἴπεο

2494 3931 2674 3999 Διψῶ.
2715 3930 2823 3983 Καὶ
2856 3929 3089 3982 ἔδωκαν
3113 3928 3274 3991 αὐτῷ
3304 3922 3472 3979 οἶνον
3493 3926 3645 3992 μετὰ
3677 3921 3867 3991 χολῆς
3901 3936 4072 3987 μεμι-

2489 4023 2734 4092 γμένον,
2778 4021 2874 4072 καὶ
2905 4019 3273 4089 γευσάμενος
3308 4022 3418 4071 οὐκ
3446 4017 3627 4082 ἤθελε
3669 4014 3847 4066 πιεῖν.
3885 4013 3942 4064 ΕΞ
3973 4010 4075 4078 μὲν

2493 4111 2587 4167 οὖν
2619 4115 2754 4168 καθὸ
2790 4114 2922 4176 Θεὸς
2956 4112 3202 4182 ἐδίψησε,
3259 4112 3354 4163 καὶ
3386 4112 3729 4178 γευσάμενος
3781 4109 3883 4162 οὐκ
3915 4110 4079 4179 ἤθελε

2492 4209 2658 4268 πιεῖν,
2689 4205 2944 4273 ἐμπαθὴς
2975 4207 3080 4272 ἄρα
3117 4205 3213 4257 καὶ
3243 4203 3377 4256 καθὸ
3423 4203 3577 4265 Θεὸς’
3632 4205 3802 4266 πάθος
3850 4204 3984 4270 γὰρ,
4045 4204 4080 4273 ἥ

2491 4315 2548 4350 τε
2579 4298 2728 4365 δίψα,
2761 4299 2909 4366 καὶὴ
2949 4297 3146 4364 ίεῦσις.
3174 4295 3235 4349 Εἰ
3263 4297 3319 4348 δὲ
3345 4296 3405 4348 οὗ
3457 4296 3590 4348 καθὸ
3618 4296 3772 4357 Θεὸς,
3846 4295 4072 4357 πάντως

2497 4393 2631 4444 καθὸ
2661 4392 2756 4444 ἄνο
2771 4409 2950 4461 ρωπος
2982 4389 3226 4460 ἐδίψησε,
3271 4389 3365 4441 καὶ
3397 4387 3684 4459 θελητικὸς
3716 4383 3784 4457 ἦν
3815 4388 3909 4440 καὶ
3943 4387 4082 4439 καθὸ

2496 4485 2806 4555 ἄνθρωπος.

2562 4575 2796 4646 Γνώμην
2825 4575 2880 4629 δὲ
2903 4578 2997 4628 καὶ
3030 4575 3360 4644 προαίρεσιν
3394 4575 3486 4627 ἐπὶ
3517 4572 3612 4627 τοῦ
3640 4573 3852 4642 Κυρίου
3887 4571 4077 4638 λέγειν

786 4670 972 4725 dicere
1001 4688 1109 4725 non
1142 4687 1457 4741 possumus,
1497 4672 1539 4725 si
1573 4672 1796 4740 quidem
1832 4672 2052 4740 proprie
2073 4671 2221 4740 loqui
2261 4681 2375 4724 stu-
2413 4710 2458 4765 υ
2489 4673 2531 4725 ἀί

2339 4686 2375 4721 l-
2413 4710 2458 4765 υ
2489 4672 2774 4735 ἀδύνατον,
2823 4670 2980 4739 εἴπερ
3016 4669 3394 4738 κυριο).εκτδῖν
3432 4666 3782 4735 βουλοίμεθα.
3828 4665 3894 4717 Ἥ
3943 4663 4084 4728 γνώ-

785 4764 1039 4820 deamus.
1076 4766 1360 4820 Sententia
1385 4764 1531 4818 enim
1575 4772 1697 4832 post
1729 4764 1927 4832 ignotae
1957 4764 2032 4818 rei
2070 4761 2374 4830 investiga-

773 4859 990 4912 tionem
1019 4867 1075 4912 et
1107 4857 1585 4918 deliberationem,
1625 4857 1986 4910 eonsiliumve
2006 4865 2057 4909 et
2080 4855 2380 4926 judicium,

783 4948 1005 5003 aﬂectio
1035 4959 1086 5001 et
1121 4949 1408 5016 dispositio
1447 4956 1530 5000 est
1558 4946 1610 4999 in
1642 4946 1694 4999 id
1741 4948 1885 5014 quod
1929 4945 2212 4999 decretum
2257 4945 2378 4998 fuit.

783 5043 954 5106 Quam
989 5040 1214 5110 quidem
1251 5040 1601 5095 aﬂectionem
1667 5044 1920 5107 sequitur
1952 5039 2152 5094 electio
2177 5079 2192 5104 ,
2257 5054 2381 5107 qua:

782 5136 1021 5189 alterum
1060 5149 1171 5203 pra:
1199 5133 1375 5187 altero
1397 5131 1553 5203 eligit
1580 5144 1635 5188 et
1665 5131 2038 5201 amplectitur.
2078 5131 2243 5202 Atqui
2278 5133 2381 5186 Do-

781 5229 988 5291 minus,
1014 5242 1138 5281 cum
1178 5242 1347 5296 purus
1379 5225 1544 5280 homo
1571 5241 1678 5280 non
1727 5237 1894 5291 esset,
1963 5242 2155 5280 verum
2209 5227 2378 5280 etiam

784 5322 950 5387 Deus,
980 5321 1277 5388 omniaque
1303 5329 1588 5389 perspecta
1620 5319 1872 5385 haberet,
1917 5333 2019 5372 nec
2047 5319 2378 5373 considera-

782 5417 954 5479 tione,
995 5431 1098 5469 ncc
1137 5414 1516 5484 inquisitione,
1555 5431 1658 5470 nec
1697 5414 2100 5470 deliberatione
2158 5412 2377 5484 egebat,

780 5524 959 5576 neque
992 5508 1158 5563 etiam
1185 5507 1401 5578 judicio
1429 5524 1444 5574 ;
1473 5508 1836 5577 quamobrem
1875 5517 2071 5560 natura
2143 5522 2372 5576 compa-

780 5615 933 5657 ratus
964 5612 1103 5663 erat,
1134 5602 1641 5678 utneeessitudine
1691 5600 1929 5670 quadam
1991 5600 2138 5655 bono
2191 5602 2378 5656 adbm-

779 5706 948 5760 rerct,
989 5712 1053 5752 ac
1086 5712 1282 5751 rursus
1312 5712 1340 5750 a
1372 5697 1515 5749 malo
1565 5705 1931 5750 averteretur.
1967 5693 2058 5750 Sic
2115 5697 2265 5750 enim
2321 5704 2378 5752 et

775 5791 940 5847 lsaias
964 5793 1235 5863 propheta
1258 5791 1334 5846 ait
1374 5809 1387 5847 :
1426 5791 1727 5863 Antequam
1786 5792 1922 5846 sciat
1977 5806 2110 5860 puer
2163 5789 2379 5861 prazcli-

848 5990 864 6024 ¹
896 5991 1061 6050 Marc.
1094 6009 1193 6059 vn,
1222 5993 1311 6048 "Li.

1419 5992 1439 6023 ³
1480 5989 1628 6048 iuan.
1661 6005 1750 6045 xix
1779 5989 1882 6049 ‘28;
1913 5989 2102 6044 Matth.
2147 6002 2313 6042 xxvn.
2351 5985 2437 6040 δι.

2497 4781 2572 4834 μη
2598 4764 2709 4834 γὰρ
2749 4764 2887 4833 μετὰ
2910 4762 3007 4831 τὴν
3031 4764 3159 4832 περὶ
3186 4761 3279 4815 τοῦ
3322 4763 3690 4830 ἀγνοουμένου
3721 4759 3954 4828 ζήτησιν
3980 4757 4084 4811 καὶ

2494 4858 2804 4929 βούλευσιν,
2833 4857 2956 4926 ἢτοι
2993 4855 3188 4924 βουλὴν
3218 4855 3313 4907 καὶ
3344 4853 3557 4923 κρίσιν,
3604 4853 3741 4918 πρὸς
3796 4851 3857 4902 τὸ
3884 4849 4078 4918 κριθέν

2491 4953 2608 5004 ἐστι
2650 4949 2910 5010 διάθεσις.
2954 4947 3092 5003 Μεθ’
3141 4948 3206 5018 ἢν
3251 4945 3674 5017 ήπροαίρεσις,
3712 4943 4078 5011 ὲκλεγομένη,

2493 5043 2592 5098 καὶ
2633 5043 2938 5112 αἱρουμένη
2998 5041 3104 5110 πρὸ
3155 5038 3248 5092 τοῦ
3303 5041 3493 5107 ἑτέρου
3550 5038 3610 5089 τὸ
3650 5037 3862 5105 ἕτερον.
3926 5034 3990 5086 Ὀ
4021 5033 4080 5086 δὲ

2489 5135 2698 5207 Κύριος
2725 5137 2784 5188 οὐ
2826 5134 2980 5204 ψιλὸς
3016 5133 3092 5185 ὢν
3131 5132 3442 5201 ἄνθρωπος,
3499 5129 3634 5183 ἀλλὰ
3665 5130 3760 5181 καὶ
3789 5128 3944 5192 Θεὸς,
3979 5128 4082 5178 καὶ

2490 5229 2672 5283 πάντα
2696 5229 2879 5291 εἰδὼς,
2918 5225 3174 5294 ἀνενδεὴς
3213 5223 3485 5294 σκέψεως,
3514 5224 3613 5275 καὶ
3640 5222 3945 5292 ζητήσεως,
3985 5220 4083 5270 καὶ

2492 5321 2692 5392 βουλῆς
2722 5319 2961 5389 ὑπῆρχε,
3012 5318 3108 5370 καὶ
3160 5317 3422 5386 κρίσεως,
3483 5316 3578 5368 καὶ
3610 5313 3857 5376 φυσικῶς
3884 5313 3984 5381 τήν
4021 5327 4082 5362 τε

2491 5415 2630 5484 πρὸς
2660 5413 2721 5466 τὸ
2745 5413 2910 5468 καλὸν
2937 5405 3086 5482 εἶχεν
3117 5409 3422 5471 οἱκείωσιν,
3459 5409 3551 5459 καὶ
3583 5407 3685 5474 τὴν
3719 5405 3854 5474 πρὸς
3898 5405 3960 5455 τὸ
3983 5422 4087 5456 κα-

2499 5506 2594 5559 κὸν
2631 5503 3014 5574 ἀλλοτρίωσιν.
3057 5500 3217 5554 Οὕτω
3248 5501 3355 5570 γὰρ
3382 5499 3476 5550 καὶ
3515 5495 3751 5558 Ἠσαίας
3787 5497 4084 5564 προφήτης

2490 5598 2675 5668 φησὶν,
2719 5596 2810 5649 ὅτι
2866 5596 3016 5664 Πρὶν
3073 5594 3110 5661 ἢ
3151 5592 3378 5663 γνῶναι
3430 5591 3495 5644 τὸ
3532 5589 3780 5643 παιδίον
3832 5587 4086 5655 προελέο

2487 5697 2629 5748 σθαι
2663 5691 2916 5760 πονηρὰ,
2970 5690 3284 5753 ἐκλέξεται
3349 5687 3416 5740 τὸ
3453 5686 3701 5754 ἀγαθόν·
3759 5684 3907 5736 διότι
3942 5681 4086 5748 πρὶν

2485 5787 2704 5862 γνῶναι
2743 5785 2805 5840 τὸ
2848 5783 3091 5840 παιδίον
3114 5783 3344 5852 ἀγαθὸν
3377 5781 3413 5849 ἢ
3467 5780 3681 5847 κακὸν,
3712 5775 3949 5837 ἀπειθεῖ
3973 5788 4086 5828 πο·
