4420 6452
349 345 482 408 H53

339 544 487 611 δηλοὶ
518 544 597 593 ὅτι
627 542 687 592 οὑ
730 540 853 591 καθ’
885 539 1026 605 ἡμᾶς
1061 537 1301 601 ζητήσας
1334 532 1422 581 καὶ
1454 525 1909 596 βουλευσάμενος,

341 637 474 689 ἀλλὰ
529 636 660 694 Θεὸς
704 632 800 694 ὣν,
835 632 928 681 καὶ
978 625 1174 686 θεῐκῶς
1232 622 1373 674 κατά
1424 621 1602 684 σάρκα
1651 614 1912 674 ὑποστὰς,

351 727 600 780 τουτέστι
631 724 759 775 καθ’
789 721 1094 772 ὑπόστασιν
1127 714 1404 785 ἡνωμένος
1437 715 1502 779 τῇ
1554 708 1737 775 σαρκὶ,
1767 702 1914 769 αὑτῷ

350 819 424 887 τῷ
452 816 616 876 εἶναι,
668 815 765 868 καὶ
830 813 1012 865 πάντα
1049 810 1267 871 εἰδέναι,
1311 806 1370 858 τὸ
1404 806 1467 855 ἐκ
1525 802 1736 870 φύσεως
1773 793 1915 864 εἶχεν

345 909 564 977 ἀγαθόν.

597 1172 708 1227 Τοῦ
738 1168 922 1223 αὑτοῦ
977 1166 1041 1218 ἐκ
1071 1164 1177 1217 τοῦ
1234 1164 1318 1214 00'
1347 1160 1699 1228 κεφαλαίου.

423 1270 636 1336 Ὠσπερ
689 1263 783 1315 ἐπὶ
836 1263 932 1328 τῆς
982 1255 1489 1324 πεπυρακτωμένης
1545 1249 1816 1320 μαχαίρας
1861 1250 1919 1298 αι

349 1358 541 1431 φύσεις
571 1356 836 1416 σώζονται
899 1349 992 1402 τοῦ
1034 1349 1225 1417 πυρὸς,
1263 1348 1356 1397 καὶ
1405 1345 1499 1395 τοῦ
1536 1345 1781 1409 σιδήρου,
1824 1341 1919 1390 καὶ

349 1453 520 1506 αἱδύο
586 1450 882 1518 ἐνέργειαι,
931 1447 1024 1498 καὶ
1087 1447 1155 1496 τὰ
1207 1440 1410 1492 τούτων
1481 1435 1917 1498 ἀποτελέσματαο

351 1545 463 1612 εχει
503 1542 601 1609 μὲν
631 1543 740 1607 γὰρ
763 1540 789 1588 ὁ
817 1536 1033 1603 σίδηρος
1090 1532 1151 1583 τδ
1181 1527 1466 1598 τμητικὸν,
1517 1524 1579 1575 τὸ
1620 1523 1675 1574 δὲ
1704 1522 1816 1588 πῦρ
1862 1521 1921 1571 τὸ

353 1635 670 1688 καυστικόψ
705 1630 798 1681 καὶ
855 1630 886 1692 ἡ
916 1625 1057 1694 τομὴ
1107 1623 1202 1686 μὲν
1231 1622 1328 1687 τῆς
1370 1619 1462 1669 τοῦ
1517 1616 1738 1683 σιδήρου
1767 1613 1922 1680 ὲνέρ-

356 1743 510 1793 γειας
536 1724 684 1774 ἐστὶν
715 1721 1083 1784 ἀποτέλεσμα,
1109 1717 1142 1784 ἠ
1168 1715 1221 1765 δξ
1258 1713 1452 1771 καῦσις
1484 1709 1582 1775 τῆς
1612 1707 1704 1757 τόῦ
1731 1703 1921 1771 πυρὸς,

355 1819 447 1871 καὶ
474 1815 703 1877 σώζεται
737 1811 796 1863 τὸ
828 1810 1034 1861 τούτων
1077 1806 1334 1872 διάφορον
1389 1802 1445 1852 ὲν
1501 1802 1566 1866 τῇ
1610 1794 1924 1864 κεκαυμένῃ

353 1911 515 1977 τομῇ,
547 1908 640 1958 καὶ
671 1907 726 1956 ἐν
747 1905 813 1970 τῇ
838 1899 1152 1967 τετμημένῃ
1184 1895 1378 1947 καὺσει
1419 1891 1559 1942 οὕτω
1590 1889 1681 1940 καὶ
1718 1888 1810 1937 ἐπὶ
1836 1884 1928 1936 τοῦ

354 1976 617 2067 Χριστοῦ,
646 1992 745 2059 τῆς
790 1989 887 2057 μὲν
914 1987 1163 2054 θεότητος
1187 1979 1347 2033 αὑτοῦ
1378 1982 1410 2048 ἡ
1448 1978 1568 2030 θεία
1598 1976 1692 2027 καὶ
1733 1987 1930 2024 παντο-

356 2060 594 2154 δύναμος
645 2083 916 2150 ἐνέργεια,
970 2077 1067 2144 τῆς
1107 2075 1162 2125 δὲ
1211 2067 1631 2139 ἀνθρωπότητος
1677 2063 1842 2115 αὑτοῦ
1897 2060 1930 2128 ὴ

359 2177 483 2232 καθ’
513 2177 681 2245 ἡμᾶς.
724 2170 1102 2236 Ἀποτέλεσμα
1128 2166 1184 2217 δὲ
1231 2164 1330 2230 τῆς
1381 2161 1477 2230 μὲν
1505 2155 1850 2224 ἀνθρωπίνης
1875 2155 1934 2231 τὸ

360 2267 740 2340 κρατησθῆναι
762 2266 860 2332 τὴν
883 2264 1039 2332 χεῖρα
1071 2259 1164 2311 τοῦ
1195 2255 1405 2318 παιδὸς,
1443 2252 1535 2305 καὶ
1584 2249 1933 2316 ἑλκυσθῆναι,

362 2339 458 2431 τῆς
480 2361 532 2413 δὲ
564 2358 716 2419 θείας
739 2357 806 2424 εὴ
832 2354 1182 2419 ζωοποίησις.
1240 2347 1405 2400 Ἄλλο
1452 2345 1560 2412 γὰρ
1596 2339 1776 2400 τοῦτο,
1833 2339 1936 2389 κὰ-

364 2456 510 2505 κεῖνο
543 2452 752 2519 ἕτερον,
789 2447 838 2498 εί
876 2446 968 2496 καὶ
1003 2443 1161 2509 άλλη)
1175 2458 1250 2491 ων
1283 2439 1574 2506 ἀχώριστοι
1601 2433 1939 2502 ὑπάρχουσιν

365 2549 423 2599 ὲν
457 2547 523 2613 τῇ
575 2540 865 2609 θεανδρικῇ
921 2536 1197 2605 ἐνεργείᾳ.
1254 2533 1315 2585 ΕΞ
1352 2529 1480 2597 μίαν
1533 2527 1812 2594 ἐνέργειαν
1847 2520 1940 2613 ἐπί.

364 2637 460 2690 τοῦ
505 2633 710 2702 Κυρίου
765 2632 1037 2696 εἴποιμεν,
1075 2627 1108 2694 ἦ
1161 2624 1310 2677 θείαν
1364 2620 1588 2685 ταύτην⁹
1618 2617 1863 2680 λέξομεν,
1906 2611 1938 2682 ἢ

367 2727 740 2798 ἀνθρωπίνην,
774 2725 808 2793 ἦ
845 2724 903 2774 οὑ
931 2720 1182 2788 δετέραν,
1209 2715 1352 2768 ἈΠ’
1379 2714 1425 2764 εί
1453 2712 1549 2780 μὲν
1579 2709 1748 2770 θείαν,
1782 2704 1944 2798 αὑτὸν

370 2796 530 2891 μόνον
558 2817 766 2885 γυμνὸν
832 2815 932 2881 τῆς
967 2811 1091 2864 καθ’
1122 2809 1272 2877 ἡμᾶς
1316 2804 1739 2872 ἀνθρωπότητος
1795 2796 1945 2861 λέξο-

373 2927 492 2978 μεν·
536 2911 584 2959 εἰ
615 2907 671 2959 δὲ
700 2904 1082 2972 ἀνθρωπίνην,
1107 2897 1262 2966 ψιλὸν
1285 2895 1444 2948 αὑτὸν
1477 2891 1945 2961 βλασφημήσομεν

370 2999 678 3068 ἄνθρωπον⁸
714 2997 764 3047 εί
791 2995 846 3047 δὲ
878 2993 941 3046 οὑ
1007 2991 1180 3054 Θείαν,
1240 2987 1359 3039 οὑδὲ
1395 2983 1769 3052 ἀνθρωπίνην,
1827 2978 1948 3030 οὑδὲ

1268 328 1646 392 ιιλκοιιιιΑ
1691 317 2147 382 DOGMATICA.
2179 344 2246 354 —
2278 322 2422 382 TlT.
2470 324 2626 382 xm.

339 458 520 524 rmn'q,
551 455 651 506 τοῦ
702 453 1064 514 ἐκλέξασθε-ιι
1099 450 1163 499 τι)
1192 447 1450 511 ἀγαθόν’
1486 442 1558 492 Τὸ
1584 441 1716 506 γὰρ,
1751 437 1912 499 πρὶν,
1945 432 1987 483 Λ
2019 449 2076 498 ge

1010 468 1064 499 m
1099 450 1163 499 τι)
1192 447 1450 511 ἀγαθόν’
1486 442 1558 492 Τὸ
1584 441 1716 506 γὰρ,
1751 437 1912 499 πρὶν,
1945 432 1987 483 Δ
2019 448 2135 498 gere
2170 436 2334 498 utala,
2364 437 2515 504 eliget
2565 441 2753 489 bonum

3444 325 3582 386 1154

2811 455 2827 491 :
2876 441 3124 504 quoniam
3170 447 3449 504 antequam
3499 453 3584 487 co—

2015 536 2231 591 guosmt
2279 545 2410 593 puer
2460 531 2648 583 bonum
2678 541 2724 582 et
2775 533 2992 588 malum,
3030 531 3283 581 inutilium
3339 535 3587 592 reproba-

2017 619 2105 676 bit,
2155 619 2390 687 eligendo
2448 623 2655 673 bonum.
2757 620 2879 673 ".lC
2929 637 3049 681 vox,
3120 629 3422 686 antequam,
3485 619 3587 668 ltoe

2019 709 2239 772 indicat,
2277 712 2418 775 quod
2452 728 2555 763 non
2579 728 2726 764 more
2785 721 2974 764 nostro
3026 727 3090 762 ex
3163 710 3584 776 investigatione

2016 802 2483 854 etdeliheratiottc
2530 803 2892 870 prmvia.scd,
2950 812 3010 854 ttt
3077 803 3167 868 qni
3219 802 3361 854 Deus
3417 809 3584 862 esset,

2020 894 2313 964 divinoqttc
2344 897 2504 950 modo
2540 897 2944 951 subsistentiam
2981 898 3130 949 carni
3169 897 3454 953 tribueret,
3497 898 3584 946 eni

2020 987 2317 1041 secundum
2361 988 2836 1057 ltypostasimerat
2897 987 3103 1043 unitus.
3156 1001 3221 1038 eo
3270 986 3388 1053 ipso
3441 985 3587 1052 quod

2019 1089 2154 1142 erat,
2174 1080 2463 1144 omniaque
2486 1087 2662 1140 norat,
2681 1087 2869 1144 suapte
2895 1084 3088 1127 natura
3113 1077 3312 1128 bonum
3336 1074 3587 1128 habebat.

2427 1169 2677 1234 Ejusdem
2716 1185 2779 1220 ex
2809 1169 2974 1233 capite
3004 1167 3093 1221 '79.

2092 1263 2553 1328 Quemadmodum
2595 1263 2646 1314 in
2689 1262 2865 1330 gladio
2923 1262 3090 1329 ignito
3155 1261 3294 1326 ignis
3349 1267 3400 1312 et
3458 1257 3594 1313 ferri

2023 1367 2227 1408 naturae
2263 1365 2574 1416 servantur,
2613 1365 2663 1408 et
2697 1356 2937 1405 actiones
2970 1356 3107 1411 dum,
3134 1365 3435 1416 earumque
3466 1366 3593 1417 per-

2024 1444 2311 1508 fectiones,
2343 1461 2463 1498 nam
2498 1445 2698 1497 ferrum
2725 1445 2939 1512 quidem
2973 1443 3076 1494 vim
3121 1443 3281 1495 habet
3353 1440 3592 1501 secandi,

2027 1535 2162 1602 ignis
2194 1545 2370 1586 autem
2409 1535 2624 1595 urendi,
2662 1549 2721 1587 ac
2759 1535 2929 1588 sectio
2989 1533 3203 1600 quidem
3255 1531 3383 1583 ferri
3432 1530 3599 1581 aetio-

2028 1625 2108 1676 nis
2140 1623 2394 1689 perfectio
2418 1633 2518 1685 est,
2548 1625 2688 1676 ustio
2726 1634 2902 1676 autem
2940 1622 3100 1690 ignis,
3126 1635 3422 1687 earumque
3448 1618 3600 1670 diiTe-

2031 1717 2200 1768 rentia
2241 1719 2290 1768 in
2329 1726 2446 1768 usta
2479 1719 2724 1769 sectione
2755 1726 2808 1768 et
2842 1717 2893 1768 in
2928 1717 3140 1770 ustione
3159 1723 3304 1767 secta
3332 1721 3598 1771 servatur,

2033 1808 2111 1861 sic
2163 1817 2217 1860 et
2253 1808 2564 1870 ittCltristo,
2600 1808 2906 1860 divinitatis
2961 1808 3177 1874 quidem
3249 1806 3368 1872 ejus
3423 1802 3602 1854 divina

2033 1910 2193 1966 atque
2255 1903 2599 1968 omnipotens
2624 1902 2776 1954 actio
2839 1910 2944 1962 est,
3021 1898 3374 1951 humanitatis
3423 1906 3604 1947 autem

2035 1992 2292 2044 humana.
2328 1991 2603 2045 Perfectio
2635 2006 2768 2046 vero
2802 1991 3034 2046 aetionis
3067 1992 3317 2043 humanae
3363 1988 3606 2056 quidem,

2033 2084 2174 2152 quod
2208 2083 2376 2137 lenuit
2425 2083 2618 2146 puella:
2651 2099 2893 2149 manum,
2922 2091 2977 2136 et
3025 2081 3210 2141 traxit,
3263 2080 3457 2132 divinae
3515 2093 3610 2128 au-

2041 2183 2168 2239 tem,
2208 2178 2349 2242 quod
2403 2176 2545 2228 illam
2599 2179 2652 2228 in
2704 2175 2868 2227 vitam
2919 2174 3215 2228 revocavit.
3251 2171 3410 2224 Aliud
3462 2169 3606 2221 enim

2036 2266 2278 2330 esthoc,
2317 2277 2370 2319 et
2401 2267 2546 2321 aliud
2575 2267 2741 2328 aliud,
2805 2266 2928 2320 licet
2991 2266 3131 2318 inter
3199 2279 3257 2318 se
3320 2262 3609 2332 coojnneta

2039 2358 2150 2411 sint
2207 2373 2270 2412 ac
2298 2359 2520 2412 minime
2559 2368 2804 2426 separata
2859 2360 2910 2411 in
2950 2358 3166 2409 actione
3221 2356 3401 2409 divina
3449 2353 3611 2407 simul

2043 2460 2206 2520 atque
2229 2449 2488 2504 humana.
2524 2450 2579 2504 Si
2617 2465 2779 2503 unam
2817 2451 2869 2502 in
2898 2448 3120 2504 Christo
3152 2449 3419 2502 actionem
3457 2447 3612 2498 dixe-

2043 2542 2236 2604 rimus,
2277 2551 2367 2594 τιυὶ
2397 2543 2596 2603 divina,
2630 2553 2720 2593 aut
2795 2541 3054 2603 humana,
3107 2550 3200 2591 aut
3249 2550 3436 2591 neutra
3486 2536 3612 2588 erit.

2045 2625 2101 2679 Si
2135 2627 2336 2691 divina,
2382 2643 2502 2682 eum
2531 2630 2791 2681 duntaxat
2856 2627 3024 2680 Deum
3085 2637 3287 2680 nostrae
3337 2637 3614 2693 expertem

2049 2717 2408 2771 humanitatis
2439 2734 2768 2771 asseremus.
2802 2718 2855 2771 Si
2891 2718 3149 2782 humana,
3180 2717 3382 2769 nudum
3441 2715 3620 2768 homi-

2048 2825 2170 2862 nem
2204 2810 2368 2878 impie
2401 2809 2813 2864 amrtnabimus.
2839 2811 2893 2863 Si
2953 2824 3130 2878 neque
3169 2810 3376 2871 divina,
3447 2820 3622 2875 neque

2047 2901 2305 2963 humana,
2366 2916 2466 2954 nec
2517 2900 2684 2954 Deum
2741 2917 2838 2955 nec
2891 2903 3164 2956 hominem
3229 2900 3469 2969 ejusdem
3529 2905 3624 2951 aut

2050 3007 2170 3046 cum
2205 2993 2392 3059 Patre,
2430 3004 2523 3047 aut
2587 2995 2866 3048 nobiseum
2921 2997 3175 3050 essentia:
3233 2995 3494 3048 dicemus.
3547 2994 3624 3044 Ex

370 3090 526 3153 Θεὸν,
557 3087 679 3139 οὑδὲ
711 3086 1025 3154 ἄνθρωπον,
1051 3081 1172 3132 οὑδὲ
1196 3079 1273 3146 τῷ
1308 3077 1483 3144 [ιατρὶ⁷
1512 3074 1633 3126 οὑδὲ
1662 3074 1794 3140 ἡμῖν
1820 3070 1950 3138 ὁμο-
1977 3087 2022 3146 c
2056 3099 2114 3136 ρο

1878 3086 2022 3146 ω’(ζ
2056 3085 2434 3154 conjunctione
2462 3087 2604 3139 enim
2638 3102 2778 3140 unus
2852 3097 3012 3156 atque
3078 3087 3218 3140 idem
3277 3087 3329 3139 in
3390 3099 3623 3153 persmza

371 3181 571 3233 ούσιον.
596 3180 694 3230 Ἐκ
722 3177 830 3246 γὰρ
856 3177 949 3243 τῆς
980 3172 1224 3232 ὲνὼσεως
1255 3171 1288 3239 ἡ
1319 3167 1439 3220 καθ’
1477 3165 1775 3220 ὑπόστασιν
1823 3179 1946 3214 ταυ-

371 3274 535 3342 τότης
587 3270 835 3338 γέγονεν,
879 3268 939 3320 οὑ
977 3267 1072 3334 μὲν
1122 3265 1179 3316 δὲ
1236 3262 1534 3331 ἡδιαφορά
1571 3258 1678 3309 τῶν
1734 3255 1947 3322 φύσεων

371 3365 667 3434 ἀνῄρηταιο
704 3364 816 3429 τῆς
840 3360 896 3411 δὲ
923 3359 1191 3426 διαφορᾶς
1218 3354 1537 3422 σωζομένης
1571 3349 1678 3402 τῶν
1709 3347 1947 3416 φύσεων,

375 3457 720 3526 σωθήσονται
755 3451 956 3522 δηλαδὴ
995 3449 1091 3503 καὶ
1125 3449 1180 3502 att
1205 3446 1406 3499 τούτων
1431 3444 1724 3511 ἐνέργειαν
1758 3440 1820 3492 οὑ
1843 3437 1950 3507 γὰρ

374 3547 536 3616 φύσις
565 3544 949 3612 ἀνενέργητος.

607 3637 718 3690 Τοῦ
749 3633 937 3688 αὑτοῦ
968 3633 1034 3685 ἐκ
1069 3630 1176 3685 τοῦ
1200 3637 1294 3684 na’
1318 3629 1673 3696 κεφαλαίου.

459 3731 523 3785 Ἦ
561 3730 656 3782 τοῦ
693 3728 898 3796 Κυρίου
943 3724 1077 3792 σὰρξ
1124 3707 1398 3793 τῆς’θείας
1432 3721 1709 3790 ἐνεργείας
1757 3718 1950 3772 ἐπλού-

379 3841 510 3890 τησε
543 3823 628 3874 διά
654 3822 751 3889 τὴν
781 3821 914 3888 πρὸς
938 3819 1028 3870 τὸν
1054 3817 1211 3883 λόγον
1236 3815 1713 3883 ἀκραιφνέστάτην
1739 3813 1954 3873 ἕνωσιν,

379 3915 499 3981 ἢτοι
531 3911 626 3980 τὴν
660 3909 780 3961 καθ’
827 3909 1147 3970 ὑπόστασιν,
1182 3906 1431 3973 οὐδαμῶς
1464 3904 1572 3955 τῶν
1618 3903 1757 3955 κατὰ
1792 3904 1954 3970 φύσιν

387 4005 532 4055 ἰδίων
595 4002 883 4053 ὑποστᾶσα
921 4000 1215 4050 ἔκπτωσιν.
1269 3998 1344 4048 Οὐ
1403 3997 1510 4064 γὰρ
1564 3994 1685 4046 κατ’
1747 3992 1954 4044 οἰκείαν

384 4097 690 4165 ἐνέργειαν,
725 4093 861 4146 ἀλλά
898 4092 986 4142 διὰ
1029 4089 1119 4140 τὸν
1155 4088 1437 4157 ἡνωμένον
1491 4087 1630 4152 αὐτῇ
1687 4085 1860 4151 Λόγον
1892 4085 1960 4136 τὰ

385 4194 507 4245 θεῖα
540 4190 780 4258 ἐνήργει,
812 4185 906 4238 τοῦ
941 4185 1118 4250 Λόγου
1155 4183 1223 4235 δι’
1268 4182 1437 4249 αὑτῆς
1483 4180 1582 4249 τὴν
1610 4180 1818 4231 οἰκείαν
1869 4182 1957 4230 ἐν-

385 4285 734 4352 δεικνυμένου
790 4282 1092 4349 ἐνέργειαν.
1153 4279 1262 4330 Καὶ
1320 4277 1367 4328 εί
1419 4277 1518 4344 μὲν
1574 4275 1682 4343 γὰρ
1728 4275 1755 4325 ό
1791 4289 1964 4324 πεπυ-

390 4377 744 4449 ρακτωμένος
787 4375 1028 4441 σίδηρος,
1063 4376 1123 4425 οὑ
1170 4370 1387 4438 φυσικῷ
1415 4369 1473 4421 δὲ
1507 4369 1648 4436 λόγῳ
1693 4367 1792 4435 τὴν
1824 4384 1960 4419 καυ-

2057 3175 2232 3228 factus
2262 3186 2364 3235 est,
2393 3191 2497 3229 non
2545 3186 2724 3229 autem
2754 3177 2967 3229 sublata
2993 3187 3074 3230 est
3097 3175 3401 3229 diderentia
3463 3186 3624 3226 natu-

2055 3282 2261 3321 rarum.
2317 3268 2626 3321 Ditferentia
2674 3278 2853 3321 autem
2935 3279 3251 3320 naturarum
3298 3280 3532 3327 servata,
3576 3278 3632 3322 et

2055 3372 2241 3411 earum
2274 3362 2516 3412 actiones
2545 3362 3041 3414 conservabuntur.
3075 3359 3280 3413 Natura
3303 3361 3450 3414 enim
3513 3374 3628 3413 non

2056 3457 2134 3503 est
2169 3463 2365 3518 expers
2423 3454 2673 3506 actionis.

2493 3633 2747 3702 Ejusdem
2790 3653 2854 3690 ex
2882 3637 3053 3707 capite
3083 3638 3173 3692 8|.

2138 3729 2348 3782 Domini
2380 3745 2509 3782 caro
2558 3740 2782 3796 propter
2831 3731 3173 3783 verissimam
3212 3728 3368 3783 verbi
3407 3730 3640 3801 conjun—

2063 3824 2298 3875 ctionem
2352 3821 2405 3872 in
2462 3836 2698 3889 persona
2750 3821 2952 3874 divinae
3005 3823 3240 3876 actionis
3288 3823 3514 3877 divitias
3554 3832 3641 3877 est

2065 3925 2378 3976 consecuta,
2413 3916 2562 3967 nullo
2608 3913 2772 3966 modo
2830 3913 3089 3966 excidens
3139 3915 3206 3966 ah
3254 3914 3320 3966 iis
3376 3932 3499 3984 quae
3545 3932 3644 3968 na-

2070 4018 2205 4061 tura:
2237 4023 2348 4061 suze
2381 4017 2507 4059 sunt
2535 4007 2780 4075 propria.
2814 4005 2932 4058 Non
2974 4007 3118 4060 enim
3147 4009 3364 4060 actione
3390 4023 3508 4072 sua,
3545 4010 3640 4063 sed

2070 4107 2291 4167 promer
2348 4099 2703 4166 conjtmctum
2757 4096 3015 4159 Verbum,
3075 4113 3194 4166 qua:
3251 4100 3436 4152 divina
3490 4111 3641 4162 sunt,

2071 4189 2327 4252 faciebat,
2359 4202 2485 4240 cnm
2526 4186 2765 4240 Vt-rhum
2816 4204 2912 4255 per
2941 4190 3113 4258 ipsam
3160 4191 3438 4258 propriam
3476 4195 3647 4244 actio—

2071 4296 2193 4332 nem
2225 4279 2650 4332 demonstraret.
2689 4277 2810 4331 Urit
2839 4280 2984 4331 enim
3022 4279 3251 4349 ignitum
3282 4280 3509 4341 ferrum.
3539 4299 3645 4335 non

2075 4377 2255 4423 tamen
2286 4369 2497 4422 ratione
2522 4369 2777 4433 naturali,
2813 4370 2905 4422 sed
2941 4371 3080 4438 ignis
3112 4374 3502 4441 conjunctione
3538 4376 3644 4426 vim

391 4441 597 4536 ottxiqv—
621 4469 956 4534 κεκτημένος
992 4466 1297 4534 ἐνέργειαν,
1329 4460 1444 4513 ἀλλ’
1495 4463 1559 4512 ὲκ
1595 4463 1692 4528 τῆς
1739 4460 1873 4528 πρὸς
1905 4458 1965 4509 τὸ
1997 4441 2042 4495 D
2073 4462 2126 4513 ill

1905 4458 1965 4509 τὸ
1997 4441 2042 4495 D
2073 4462 2220 4513 illam
2272 4461 2512 4514 obtinuit
2563 4462 2944 4514 coinburcndi.
2991 4463 3175 4530 Itaque
3218 4479 3344 4516 cum
3401 4467 3647 4518 mortalis

391 4561 503 4632 πῦρ
527 4561 768 4622 ὲνώσεως
800 4559 957 4611 τοῦτο
992 4558 1357 4627 κτησάμενος.
1399 4555 1463 4606 Ἠ
1499 4553 1637 4622 αὑτὴ
1666 4551 1963 4620 τοιγαροῦν

391 4655 558 4724 θνητή
591 4672 649 4706 τε
684 4650 752 4723 ἦν
795 4653 862 4704 δι’
899 4652 1124 4719 ἑαυτὴν,
1151 4651 1245 4703 καὶ
1277 4650 1538 4712 ζωοποιδς
1566 4648 1653 4700 διὰ
1681 4647 1782 4715 τὴν
1832 4645 1968 4712 πρὸς

391 4745 482 4797 τὸν
510 4744 681 4811 Λόγον
713 4742 836 4795 καθ’
866 4742 1164 4794 ὑπόστασιν
1199 4740 1418 4793 ἕνωσιν.
1465 4739 1699 4806 Ὁμοίως
1745 4737 1843 4804 τὴν
1874 4733 1969 4786 τοῦ

394 4838 697 4906 θελήματος
753 4836 967 4895 θέωσιν,
1002 4835 1101 4903 οὑχ
1147 4833 1222 4894 ὼς
1280 4831 1713 4902 μεταδληθείσης
1746 4819 1840 4898 τῆς
1875 4846 1974 4895 φυ-

397 4922 555 4988 σικῆς
617 4920 884 4987 κινήσεως
942 4919 1197 4984 λέγομεν,
1256 4916 1371 4968 ἀλλ’
1423 4917 1498 4976 ὡς
1553 4917 1834 4984 ἡνωμένον
1897 4914 1973 4984 τῷ

398 5004 551 5070 θείῳ,
579 5006 670 5054 καὶ
703 5003 1098 5069 παντοδυνάμῳ
1145 5000 1310 5052 αὑτοῦ
1362 5000 1648 5066 θελήματι,
1688 5000 1783 5050 καὶ
1817 5015 1975 5065 γεγο-

397 5091 550 5148 νότος
587 5087 722 5136 Θεοῦ
776 5083 1300 5152 ἐνανθρωπήσαντος
1358 5083 1593 5152 θέλημα,
1633 5083 1754 5135 ὃθεν
1805 5082 1974 5134 θέλων

402 5173 497 5241 μὲν
533 5171 715 5223 λαθεῖν
745 5170 842 5220 οὑκ
876 5167 1142 5237 ἠδυνήθη,
1184 5167 1252 5218 δι’
1283 5169 1415 5220 αὑτὸ
1447 5159 1840 5236 εὑδοκήσαντος
1881 5168 1975 5217 τοῦ

399 5255 535 5308 Θεοῦ
568 5255 737 5320 Λόγου
785 5252 1063 5321 δειχθῆναι
1111 5254 1169 5302 ἐν
1202 5252 1350 5320 αύτῴ
1399 5252 1615 5321 ἀληθῶς
1649 5253 1890 5318 ὑπάρχον
1919 5251 1979 5302 τὸ

399 5338 625 5398 ἀσθενὲς
659 5335 753 5388 τοῦ
802 5335 1148 5402 ἀνθρωπίνου
1183 5334 1512 5405 θελημάτος.
1551 5336 1733 5387 Θέ).ων
1779 5335 1834 5387 δὲ
1884 5335 1981 5404 τὴν

402 5422 496 5475 τοῦ
548 5421 756 5489 λεπροῦ
808 5422 1084 5489 ἐνήργησε
1135 5421 1419 5490 κάθαρσιν,
1467 5421 1554 5473 διὰ
1586 5423 1685 5489 τὴν
1735 5420 1872 5489 πρὸς
1922 5421 1982 5470 τό

406 5508 548 5560 θεῖον
588 5507 800 5573 θέλημα
847 5505 1060 5557 ἕνωσιν.
1109 5506 1306 5558 Ἰστέον
1351 5507 1429 5568 δὲ,
1463 5505 1537 5566 ὡς
1589 5508 1620 5576 ὴ
1661 5504 1852 5566 θέωσις
1886 5504 1984 5572 τῆς

404 5608 462 5642 τε
515 5590 752 5658 φύσεως,
806 5591 896 5642 καὶ
948 5592 1042 5641 τοῦ
1097 5590 1427 5659 θελήματο·,
1478 5589 1979 5657 ὲμιραντικώτατον,

409 5678 503 5728 καὶ
526 5674 946 5727 δεικτικώτατόν
975 5677 1095 5726 ἐστι
1121 5676 1229 5726 τῶν
1263 5692 1321 5726 τε
1353 5675 1448 5729 δύο
1477 5675 1714 5742 φύσεων,
1746 5673 1841 5726 καὶ
1876 5673 1983 5725 τῶν

484 5769 499 5797 ¹
536 5767 638 5823 lsa.
674 5780 765 5822 vn.
805 5768 885 5823 2'3.
922 5783 1034 5823 see.
1067 5767 1227 5821 LXX.

2069 4563 2218 4607 esset
2242 4569 2338 4622 per
2365 4569 2445 4616 se,
2475 4565 2702 4622 propter
2737 4553 2905 4608 Verbi
2947 4555 2999 4607 in
3042 4571 3277 4623 persona
3305 4559 3650 4627 conjunctio-

2071 4661 2218 4708 nem,
2242 4647 2365 4699 vita:
2391 4648 2694 4699 tribuenda:
2721 4647 2955 4700 habebat
2989 4659 3340 4715 potestatem.
3383 4652 3652 4705 Similiter

2072 4747 2128 4791 et
2168 4738 2464 4791 voluntatis
2492 4738 2840 4792 divinitatem
2866 4739 3124 4804 dicimus,
3160 4757 3270 4793 non
3302 4743 3447 4810 quod
3488 4755 3645 4795 natu-

2075 4831 2205 4884 ralis
2235 4843 2416 4885 motus
2448 4842 2592 4886 esset
2642 4833 2980 4895 immutatus,
3021 4835 3117 4886 sed
3150 4835 3298 4903 quod
3339 4845 3486 4889 essvt
3527 4852 3650 4889 eum

2076 4916 2259 4968 divina
2315 4927 2478 4983 atque
2541 4917 2902 4984 omnipotenti
2959 4918 3131 4984 ipsius
3192 4920 3469 4973 voluntate
3520 4937 3654 4973 con-

2073 4999 2286 5068 juncta,
2336 4999 2640 5067 elTectaque
2677 5001 2926 5052 voluntas
2973 5001 3065 5053 Dei
3120 5003 3394 5055 hominem
3453 5006 3652 5060 ittdttti.

2078 5083 2443 5146 Quamobrem
2494 5099 2616 5134 cum
2650 5084 2832 5144 vellet,
2867 5085 3034 5138 latere
3083 5103 3189 5138 non
3224 5089 3402 5153 potuit
3436 5099 3657 5156 propter

2081 5168 2274 5235 ipSam,
2310 5182 2431 5220 eum
2467 5167 2573 5219 Deo
2603 5167 2780 5220 Verbo
2815 5169 3056 5236 placeret
3099 5172 3394 5225 ostendere
3427 5188 3553 5224 vere
3607 5175 3657 5225 in

2080 5267 2137 5304 se
2182 5267 2301 5304 esse
2351 5250 2597 5302 humanae
2646 5251 2946 5307 voluntatis
3005 5253 3405 5308 infirmitatem.
3462 5255 3663 5309 Voletts

2081 5349 2289 5397 autem,
2349 5337 2625 5403 leprosum
2681 5338 2891 5390 curavit
2943 5349 3165 5406 propter
3211 5340 3660 5408 conjunctionem

2083 5439 2207 5476 cum
2239 5422 2423 5474 divina
2474 5422 2774 5475 voluntate.
2810 5421 3105 5475 Sciendum
3136 5431 3221 5475 est
3248 5433 3429 5478 autem
3473 5439 3538 5477 ex
3572 5441 3662 5489 eo,

2085 5506 2226 5574 quod
2261 5515 2474 5567 natura,
2528 5506 2892 5574 voluntasque
2941 5506 3128 5559 divina
3179 5507 3392 5561 reddita
3423 5518 3526 5571 est,
3553 5509 3665 5562 cla-

2089 5589 2324 5649 rissime,
2352 5598 2405 5642 et
2460 5591 2802 5656 apertissime
2835 5605 2973 5646 ouas
3020 5601 3266 5656 naturas,
3301 5598 3356 5646 et
3398 5591 3534 5644 duas
3577 5607 3667 5643 vo-

2087 5674 2326 5728 luntates
2391 5674 2682 5730 declarari.
2745 5675 3222 5740 Quemadmodum
3268 5676 3413 5732 enim
3471 5676 3666 5746 ignitio
