4420 6452
842 379 977 441 1155

2051 382 2430 444 EUTHYMH
2473 386 2835 448 ZIGABENI

3968 392 4098 452 1256

837 500 946 538 non
989 494 1163 540 mutat
1200 485 1352 554 igniti
1377 497 1628 540 naturam
1664 489 1824 556 ignis,
1865 491 1957 544 sed
1987 495 2227 546 ostendit
2255 504 2306 548 et
2333 494 2406 560 id,
2447 504 2487 557 Α
2518 499 2577 550 δὺ

2353 494 2406 560 d,
2447 504 2487 557 Α
2518 499 2609 550 δύο
2645 499 2982 567 θελημάτων.
3012 502 3347 571 ’Ὢσττεργὰρ
3367 504 3396 563 ἠ
3427 505 3666 568 πύρωσις
3688 503 3748 553 οὐ
3776 518 3895 570 μετ;
3915 501 4097 553 σάλλει

837 577 981 641 quod
1012 576 1239 644 ignitum
1263 586 1367 638 est,
1397 586 1452 629 ct
1491 577 1540 628 id
1569 578 1712 644 quod
1746 579 1959 642 ianivit,
1992 593 2044 632 et
2075 598 2182 635 non
2217 600 2408 648 unum,

837 667 930 717 sed
968 667 1080 718 duo
1106 667 1469 728 demonstrat,
1492 668 1568 720 sic
1604 671 1768 721 etiam
1804 671 2080 725 deiticatio
2110 690 2214 727 non
2248 684 2409 728 unam

834 757 1001 809 emcit
1052 767 1302 810 naturam
1337 761 1697 827 compositam
1723 801 1735 820 ,
1775 763 1865 814 Sed
1893 763 2030 816 duas
2077 766 2299 825 indicat.
2357 777 2411 820 ct

833 849 1279 916 conjunctionem
1318 850 1370 900 in
1407 866 1656 916 persona.
1695 852 1962 916 Quorum,
1996 855 2171 922 inquit
2204 856 2411 925 Grego-

834 940 948 990 rius
999 939 1088 989 ille
1142 938 1477 1007 Theologus,
1521 957 1688 992 imum
1723 943 1906 994 educit
1955 944 2222 1007 divinum,
2276 949 2409 1000 alte-

833 1041 953 1077 rum
989 1027 1532 1090 divinnin,eﬂ'ectum
1556 1040 1658 1084 est.
1688 1032 1761 1084 Ex
1788 1033 1897 1086 illis
1925 1036 2126 1088 verbis.
2149 1037 2406 1102 Quorum,

832 1125 880 1168 et
910 1133 1067 1169 unum
1092 1158 1105 1176 .
1131 1129 1180 1170 et
1213 1120 1440 1172 alterum
1465 1161 1478 1180 ,
1514 1122 1622 1173 duo
1655 1137 1775 1176 esse
1813 1123 2229 1182 demonstravit.

1283 1209 1534 1278 Ejusdem
1571 1227 1635 1264 ex
1659 1215 1831 1282 capite
1854 1215 1942 1268 82.

915 1307 1171 1359 Voluntas
1195 1308 1428 1359 humana
1465 1306 1669 1361 Christi
1716 1309 1908 1361 divina:
1939 1311 2171 1364 subdita.
2210 1343 2277 1353 ——
2315 1314 2410 1370 At-

831 1401 922 1469 qui
950 1400 1038 1452 ille
1067 1397 1288 1467 quidem
1319 1399 1668 1459 naturaliter,
1693 1408 1748 1452 et
1775 1407 1832 1452 ut
1859 1400 2024 1462 Deus,
2047 1411 2099 1455 et
2135 1413 2192 1454 ut
2223 1405 2406 1471 homo,

832 1493 1074 1545 habebat
1107 1498 1165 1542 ut
1201 1491 1401 1543 vellet:
1431 1499 1687 1544 caaterum
1724 1491 1966 1544 divinum
2004 1494 2180 1561 ipsius
2215 1497 2408 1549 volun-

833 1592 999 1635 tatem
1041 1583 1278 1634 bumana
1316 1581 1672 1650 sequebatur,
1707 1583 1870 1650 eique
1899 1584 2117 1636 subdita
2159 1595 2298 1658 erat,
2349 1594 2408 1640 ut

831 1692 951 1740 quae
987 1674 1206 1743 propria
1235 1673 1509 1728 sententia
1557 1689 1662 1727 non
1705 1684 2037 1737 moveretur,
2092 1691 2280 1728 verum
2342 1691 2405 1732 ea

829 1765 1051 1818 demum
1105 1765 1288 1822 vellet.
1327 1780 1451 1832 qua
1506 1765 1694 1818 divina
1747 1765 1867 1832 ejus
1914 1765 2170 1819 voluntas
2229 1767 2403 1835 ipsam

828 1855 1044 1909 volebat
1069 1856 1223 1909 velle.
1250 1854 1604 1909 Permittente
1663 1855 1936 1924 siquidem
1989 1855 2171 1908 divina
2206 1857 2404 1910 volun-

827 1958 938 2001 tate
976 1990 990 2012 ,
1025 1947 1353 2001 naturaliter
1384 1962 1446 2000 ea
1474 1961 1595 2015 quae
1624 1946 1728 2000 sibi
1775 1947 1994 2015 propria
2052 1956 2210 2000 erant
2237 1948 2406 2015 patie-

828 2042 1012 2094 batur.
1129 2039 1341 2092 Etenim
1401 2053 1526 2091 cum
1588 2046 1819 2091 mortem
1878 2039 2234 2101 detrectaret,
2265 2039 2404 2093 hanc

827 2133 1016 2183 divina
1055 2131 1229 2199 ipsius
1255 2130 1540 2182 voluntate
1578 2128 1650 2182 ita
1690 2127 1897 2182 ferente
1925 2137 1978 2181 et
2038 2129 2400 2194 concedente;

827 2222 1154 2274 naturaliter
1207 2219 1570 2280 detrectabat,
1638 2229 1802 2285 atque
1867 2221 1918 2272 in
1969 2221 2163 2274 mortis
2207 2220 2402 2290 agonia

825 2322 963 2366 erat.
1012 2314 1226 2367 Rursus
1260 2314 1446 2366 divina
1486 2308 1658 2379 ipsius
1727 2313 2021 2366 voluntate
2052 2314 2286 2377 volente,
2342 2320 2403 2368 ut

829 2407 1066 2458 bumana
1104 2406 1363 2459 voluntas
1397 2414 1628 2458 mortem
1669 2404 2114 2472 ampleCIcretur,
2149 2407 2402 2459 volunta-

819 2499 899 2548 ria
937 2499 1043 2566 ipsi
1079 2497 1263 2565 passio
1301 2497 1423 2551 fuit.
1469 2497 1584 2550 Non
1617 2499 1763 2549 enim
1801 2512 1908 2565 qua
1940 2495 2084 2550 Deus
2135 2498 2400 2552 duntaxat

822 2590 981 2640 morti
1018 2603 1076 2641 se
1103 2597 1298 2656 sponte
1323 2587 1574 2652 tradidit,
1605 2588 1698 2642 sed
1725 2589 1888 2640 etiam
1921 2596 2194 2655 quatenus
2217 2589 2397 2642 homo.

829 2679 985 2735 Unde
1017 2681 1180 2735 nobis
1201 2683 1368 2735 etiam
1410 2680 1578 2735 animi
1626 2680 1913 2734 audaciam
1956 2680 2221 2734 adversus
2253 2696 2400 2732 mor-

823 2779 934 2822 tem
970 2760 1444 2837 comparavitflta
1474 2771 1677 2836 quippe
1713 2778 1842 2821 ante
1894 2769 2239 2821 salutiferam
2288 2782 2413 2836 pas-

823 2868 1040 2923 sionem
1078 2877 1233 2917 suam
1269 2861 1552 2930 loquitur:
1581 2859 1763 2924 Pater,
1786 2861 1833 2913 si
1855 2861 1974 2927 ﬁeri
2006 2869 2196 2927 potest,
2233 2870 2411 2913 trans-

823 2970 908 3012 eat
948 2974 980 3009 a
1015 2972 1096 3008 me
1125 2953 1270 3007 calix
1299 2955 1397 3006 iste
1441 2952 1478 3006 '.
1509 2951 1646 3006 Illud
1673 2967 1840 3020 porro
1871 2958 2110 3013 constat,
2143 2951 2287 3020 quod
2353 2959 2411 3004 ut

827 3052 992 3103 homo
1032 3047 1260 3101 calicem
1289 3044 1568 3099 bibiturus
1602 3053 1754 3097 erat:
1789 3059 1897 3096 non
1936 3044 2084 3097 enim
2125 3052 2183 3096 ut
2242 3044 2407 3096 Deus.

823 3141 1006 3205 Quare
1033 3147 1298 3206 tanquam
1342 3137 1504 3189 homo
1542 3135 1770 3189 calicem
1806 3135 2041 3189 transire
2081 3137 2214 3189 vult.
2281 3135 2409 3190 Haec
2443 3141 2484 3197 c
2516 3152 2566 3185 σι

2155 3137 2214 3188 lt.
2281 3135 2409 3190 Haec
2443 3141 2484 3197 (ς,
2516 3135 2628 3196 σιός
2659 3137 2796 3204 εἰμι,
2834 3136 2969 3189 ἀλλὰ
2994 3140 3054 3189 rb
3082 3137 3192 3202 σὸν,
3228 3139 3348 3207 ῆτοι
3380 3138 3440 3189 τὸ
3484 3138 3616 3207 ἐμὸν
3648 3138 3743 3190 καὶ
3766 3138 3855 3190 σὸν
3880 3173 3893 3197 ι

825 3242 1009 3284 autem
1041 3229 1206 3284 verba
1243 3243 1272 3280 a
1301 3227 1538 3280 naturali
1577 3235 1752 3292 metu,
1783 3235 1836 3280 et
1866 3226 2245 3281 imbecillitate
2283 3242 2409 3295 pro-

826 3321 965 3375 facta
1007 3327 1156 3373 sunt.
1203 3317 1598 3381 Verumtamen,
1635 3317 1837 3384 inquit,
1893 3335 1997 3370 non
2015 3334 2129 3371 mea
2161 3318 2407 3372 voluntas

821 3411 920 3480 fiat
948 3415 1002 3476 ⁸,
1040 3417 1143 3465 boc
1184 3420 1291 3474 est,
1330 3425 1438 3478 qua
1476 3410 1692 3463 ratione
1717 3409 1950 3463 diversa:
1983 3425 2010 3461 a
2039 3417 2092 3462 te
2110 3417 2244 3463 'sum
2278 3410 2407 3463 sub-

820 3505 1082 3568 stantia;
1135 3503 1226 3556 sed
1280 3513 1395 3565 tua,
1426 3504 1529 3556 hoc
1580 3509 1664 3556 est
1713 3515 1854 3563 mea,
1891 3509 2164 3569 quatenus
2214 3501 2405 3556 eadem

819 3597 950 3650 mihi
989 3612 1052 3650 ac
1087 3597 1185 3649 tibi
1211 3596 1521 3650 substantia
1540 3604 1645 3649 cst.
1670 3593 1802 3659 Qure
1824 3595 2043 3663 quidem
2070 3595 2264 3647 iterum
2289 3595 2406 3648 lor-

819 3692 888 3744 tis
918 3690 1086 3742 animi
1128 3690 1289 3744 verba
1341 3699 1491 3744 sunt.
1695 3687 1910 3740 Etenim
1942 3687 2126 3739 anima
2162 3687 2404 3753 Domini,

816 3776 910 3844 qui
947 3773 1180 3843 benigna
1213 3788 1312 3826 sua
1357 3772 1643 3824 voluntate
1681 3771 1847 3823 homo
1882 3785 2010 3824 vere
2046 3771 2223 3824 factus
2257 3778 2405 3834 erat,

815 3883 940 3921 cum
995 3867 1300 3919 naturalem
1349 3863 1727 3918 inﬁrmitatem
1771 3871 1899 3916 ante
1950 3871 2176 3932 experta
2234 3873 2406 3929 esset,

814 3966 1080 4030 percepto
1112 3958 1328 4011 doloris
1400 3971 1566 4010 sensu
1602 3971 1666 4009 ex
1705 3955 1954 4024 corporis
2003 3955 2403 4023 disiunctione,

813 4052 1000 4108 divina
1060 4067 1285 4104 rursum
1333 4049 1622 4104 voluntate
1677 4047 2074 4109 corroborata,
2141 4047 2406 4101 adversus

812 4152 1047 4198 mortem
1078 4143 1370 4196 audaciam
1405 4140 1672 4209 concipit.
1744 4137 1880 4190 Nam
1936 4138 2066 4207 quia
2131 4146 2186 4190 et
2252 4145 2402 4192 totus

814 4234 963 4290 Deus
1000 4242 1119 4287 erat
1149 4247 1274 4286 cum
1301 4246 1399 4285 sua
1431 4230 1801 4291 humanitate,
1834 4235 1887 4282 et
1909 4234 2057 4281 totus
2088 4227 2252 4281 homo
2276 4243 2400 4281 cum

817 4340 917 4384 sua
954 4326 1268 4388 divinitate,
1306 4325 1422 4392 ipse
1452 4331 1714 4390 tanquam
1749 4319 1915 4372 homo
1951 4319 2004 4372 in
2036 4335 2096 4374 se
2126 4329 2181 4371 et
2216 4335 2314 4388 per
2341 4336 2400 4374 se

2523 588 2621 653 τὴν
2654 586 2748 638 τοῦ
2780 590 3123 655 πυρωθέντος
3156 595 3317 659 φύσιν
3349 595 3429 653 είς
3457 592 3558 659 τὴν
3597 591 3690 643 τοῦ
3739 593 3929 658 πυρὸς,
3959 593 4097 643 ἀλλὰ

2519 676 2671 742 δηλοί
2713 679 2774 730 τό
2801 697 2858 731 τε
2891 682 3144 749 πυρωθὲν
3177 685 3270 734 καὶ
3299 683 3360 733 τὸ
3391 683 3673 750 πυρῶσαν,
3706 683 3799 733 καὶ
3828 682 3926 749 οὐχ
3955 683 4093 744 ἑνὸς,

2519 767 2654 820 ἀλλὰ
2669 769 2945 822 δυοῐνέστι
2978 771 3448 840 δηλωτικὸν,οὑτω
3477 773 3570 825 καὶ
3604 775 3636 840 ἡ
3655 772 3848 832 θέωσις
3875 774 3936 823 οὐ
3965 773 4094 840 μίαν

2521 861 2684 926 φύσιν
2745 862 3000 914 ἀποτελεῖ
3032 863 3321 930 σύνθετον,
3359 863 3494 917 ἀλλά
3521 866 3618 926 τὰς
3647 864 3740 918 δύο
3783 863 3954 931 δηλοῖ,
4003 865 4094 915 καὶ

2518 953 2616 1019 τὴν
2674 952 2796 1004 καθ’
2850 954 3148 1006 ὑπόστασιν
3196 957 3408 1009 ἕνωσιν.
3457 957 3594 1025 Φησὶ
3621 957 3750 1022 γοῦν
3782 959 3811 1008 ό
3844 956 4094 1021 θεολόγος

2518 1045 2836 1112 Γρηγόριος,
2867 1039 2940 1097 ὧν
2976 1048 3034 1097 τὸ
3061 1051 3159 1114 μὲν
3185 1048 3406 1110 ὲθέωσε,
3439 1049 3498 1100 τὸ
3520 1049 3574 1100 δὲ
3608 1048 3836 1116 ἑθεώθη.
3860 1043 3960 1099 Ὃν
3984 1049 4096 1118 γὰρ

2517 1136 2685 1187 εἰπὼν
2727 1136 2818 1188 καὶ
2868 1137 2929 1187 τὸ
2963 1138 3081 1204 μὲν,
3113 1139 3204 1189 καὶ
3241 1139 3300 1188 τὸ
3329 1138 3408 1198 δὲ,
3448 1139 3540 1190 δύο
3571 1139 3790 1203 ἔδειξεν.

2752 1224 2861 1278 Τοῦ
2894 1227 3080 1280 αὑτοῦ
3115 1228 3182 1280 ἐκ
3212 1227 3321 1280 τοῦ
3358 1228 3458 1290 πβ¹
3492 1231 3854 1296 Ιιέφαλαίου.

2578 1310 2704 1382 Εἶχε
2732 1315 2830 1382 μὲν
2862 1312 2955 1367 οὖν
2992 1317 3255 1382 φυσικῶς,
3288 1321 3379 1370 καὶ
3403 1319 3474 1380 ὡς
3493 1321 3646 1380 Θεὸς,
3674 1321 3766 1372 καὶ
3790 1321 3863 1379 ῶς
3888 1318 4087 1386 ἄνθρω-

2509 1419 2630 1464 πος,
2670 1405 2731 1455 τὸ
2777 1405 2988 1458 θέλειν·
3022 1409 3206 1459 εἵπετο
3231 1410 3285 1460 δὲ
3323 1411 3412 1461 καὶ
3447 1411 3787 1461 ὑπετάσσετο
3819 1409 3891 1477 τῷ
3923 1406 4086 1458 αὐτοῦ

2510 1492 2777 1561 θελήματι
2804 1495 2864 1546 τὸ
2889 1497 3250 1566 ἀνθρώπινον,
3281 1501 3356 1568 μὴ
3386 1501 3706 1567 κινούμενον
3737 1498 3928 1566 γνώμῃ
3961 1497 4087 1565 ἰδία,

2509 1583 2643 1635 ἀλλὰ
2673 1585 2845 1638 ταῦτα
2875 1585 3065 1651 θέλων,
3100 1589 3136 1642 ἃ
3181 1591 3241 1642 τὸ
3289 1591 3429 1642 θεῖον
3459 1590 3627 1643 αὑτοῦ
3661 1589 3819 1659 ἤθελε
3851 1589 4084 1656 θέλημα.

2511 1675 2955 1748 Παρακωρούσης
2983 1680 3090 1746 γὰρ
3123 1682 3222 1748 τῆς
3259 1683 3410 1744 θείας
3454 1683 3749 1751 θελήσεως,
3786 1681 3991 1746 ἔπασχε
4021 1677 4088 1729 τὰ

2512 1765 2616 1818 ῐδια
2659 1769 2926 1834 φυσικῶς.
2963 1771 3092 1823 "Ore
3121 1776 3217 1840 μὲν
3250 1773 3354 1844 γὰρ
3386 1777 3682 1844 παρῃτεῖτο
3704 1773 3790 1824 τὸν
3832 1772 4082 1824 θάνατον.

2510 1859 2754 1926 φυσικῶς
2778 1863 2877 1929 τῆς
2909 1863 3058 1925 θείας
3097 1863 3263 1915 αὐτοῦ
3315 1865 3623 1934 θελησὰσης
3676 1864 3948 1932 θελήσεως
3996 1862 4087 1913 καὶ

2508 1952 3012 2021 παραχωρησάσης,
3039 1956 3396 2024 παρῃτήσατο
3415 1956 3503 2006 τὸν
3529 1954 3776 2019 θάνατον,
3813 1952 4084 2021 ἠγωνίασέ

2505 2053 2566 2089 τε
2596 2039 2687 2090 καὶ
2720 2040 2981 2093 ὲδει).ίασε
3005 2060 3016 2070 ·
3052 2046 3144 2094 καὶ
3177 2046 3264 2096 ὅτε
3296 2046 3484 2112 ἧθελεν
3523 2047 3552 2110 ἡ
3591 2045 3709 2096 θεία
3735 2043 3900 2096 αὐτοῦ
3931 2042 4092 2109 θέλη-

2511 2141 2594 2189 σις
2619 2127 2894 2197 αἱρεῖσθαι
2925 2130 3020 2199 τὴν
3051 2131 3402 2201 ἀνθρωπίνην
3427 2132 3593 2184 αὐτοῦ
3624 2131 3843 2201 θέλησιν
3876 2131 3967 2183 τὸν
3996 2129 4090 2182 θά-

2509 2238 2687 2284 νατον,
2722 2222 2967 2274 ἑκούσιον
3005 2223 3142 2293 αὐτῇ
3311 2224 3371 2275 τὸ
3401 2223 3571 2284 πάθος
3604 2224 3846 2288 ἐγένετο·
3885 2223 3944 2273 οὐ
3980 2221 4091 2288 γὰρ

2510 2312 2646 2364 καθὸ
2683 2312 2814 2376 Θεὸς
2847 2314 3004 2382 μόνον
3030 2316 3294 2377 ἑκουσίως
3318 2316 3510 2367 ἑαυτὸν
3545 2315 3857 2382 παρέδωκεν
3889 2314 3967 2373 είς
3998 2312 4091 2363 θά-

2510 2423 2688 2464 νατον,
2730 2407 2864 2458 ἀλλὰ
2891 2409 2982 2459 καὶ
3013 2408 3149 2459 καθὸ
3166 2409 3471 2478 ἄνθρωπος.
3505 2408 3669 2460 Ὅθεν
3695 2409 3833 2458 κατὰ
3862 2406 4093 2458 θανάτου

2510 2499 2714 2565 τόλμαν
2743 2499 2835 2549 καὶ
2862 2479 3010 2567 ἡμῖν
3031 2501 3348 2570 ἐχαρίσατο,
3379 2499 3521 2553 οὕτω
3560 2498 3692 2566 γοῦν
3732 2498 3838 2566 πρὸ
3867 2497 3958 2550 τοῦ
3987 2517 4092 2548 σω-

2511 2588 2701 2654 τηρίου
2733 2590 2939 2650 πάθους
2972 2591 3134 2658 φησί·
3170 2591 3380 2658 Πάτερ,
3417 2595 3468 2644 ει
3501 2590 3766 2644 δυνατόν
3811 2589 4099 2656 παρελθέ-

2512 2694 2591 2729 τω
2616 2678 2714 2731 ἀπ’
2738 2679 2882 2748 ἐμοῦ
2907 2681 2973 2734 τὸ
2994 2680 3285 2750 ποτήριον
3308 2682 3485 2736 τοῦτο
3507 2699 3516 2709 ·
3546 2681 3784 2750 δηλονότι
3808 2680 3881 2740 ῶς
3902 2680 4104 2745 ἄνθρω-

2516 2785 2616 2832 πος
2646 2769 2705 2822 τὸ
2733 2771 2996 2842 ποτήριον
3055 2774 3232 2827 πίνειν
3262 2774 3518 2845 ἔμελλεν·
3554 2776 3614 2828 οὐ
3661 2776 3770 2844 γὰρ
3824 2775 3900 2838 ὡς
3945 2777 4102 2840 Θεὸς.

2527 2859 2611 2920 Ὠς
2644 2859 2933 2931 ἄνθρωπος
2975 2864 3158 2916 τοίνυν
3198 2865 3340 2917 θέλει
3373 2867 3435 2918 τὸ
3471 2869 3728 2936 ποτήριον
3766 2867 4060 2936 παρελθεῖν
4087 2881 4104 2898 ⁸

2513 2950 2686 3002 ταῦτα
2719 2952 2813 3020 τῆς
2869 2955 3107 3024 φυσικῆς
3152 2955 3370 3018 δειλίας,
3398 2957 3466 3008 τὰ
3523 2959 3774 3026 ρήματα”
3819 2959 3992 3024 Πλὴν
4013 2959 4102 3026 μὴ

2511 3043 2578 3093 τὸ
2613 3042 2760 3111 ἐμὸν
2789 3044 3052 3112 γενέσθω
3091 3045 3341 3115 θέλημα,
3365 3048 3481 3116 ἦτοι
3531 3048 3650 3099 καθ’
3675 3049 3703 3099 ὃ
3737 3047 3828 3100 σοῦ
3853 3049 4103 3119 ὲτεροού-

3979 3139 4083 3190 καθ
4094 3126 4106 3141 ’

2510 3227 2539 3279 ὃ
2580 3229 2662 3280 σοὶ
2692 3228 2913 3298 πέφυκα
2949 3229 3238 3300 όμοοὺσιος
3257 3247 3269 3260 ·
3303 3229 3480 3283 ταῦτα
3508 3231 3609 3298 τῆς
3631 3231 3919 3300 εὐτολμίας
3939 3229 4105 3283 πάλιν

2514 3319 2738 3388 ῥήματα
2763 3335 2774 3346 ·
2813 3320 3077 3390 πρότερον
3108 3321 3218 3389 γὰρ
3252 3320 3352 3388 τῆς
3403 3321 3640 3389 φυσικῆς
3668 3320 3952 3380 ἀσθενείας
3979 3337 4104 3370 πει-

2516 3409 2763 3477 ραθεῖσα,
2799 3412 2920 3462 κατ’
2955 3410 3209 3480 αἴσθησιν
3232 3410 3333 3478 τὴν
3367 3412 3461 3462 ἐπὶ
3489 3411 3566 3479 τῷ
3597 3409 3864 3480 χωρισμῷ
3896 3412 3988 3461 καῖ¹
4008 3410 4103 3460 τοῦ

2512 3488 2767 3567 σώματος
2818 3500 2909 3552 καὶ
2957 3501 3193 3570 φυσικὴν
3247 3500 3593 3570 συμπάθειαν
3640 3501 3889 3552 παθοῦσα
3943 3502 3976 3570 ἡ
4008 3501 4106 3553 τοῦ

2511 3591 2725 3660 Κυρίου
2758 3591 2927 3661 ψυχὴ,
2967 3590 3044 3654 ὡς
3074 3591 3293 3661 ἀληθῶς
3332 3591 3625 3664 ἀνθρώπου
3654 3593 3948 3661 γενομένου
3981 3593 4109 3644 κατ’

2511 3685 2765 3737 εὐδοκίαν
2792 3683 2960 3736 αὐτοῦ
2983 3700 2995 3712 ·
3021 3681 3180 3747 αὖθις
3197 3685 3278 3754 τῷ
3302 3685 3433 3755 θείῳ
3460 3687 3790 3757 νευρωθεῖσα
3811 3685 4105 3754 θελήματι,

2510 3778 2604 3830 τοῦ
2638 3777 2872 3831 θανάτου
2920 3779 3422 3850 καταθαρρὑεται.
3469 3778 3687 3847 Ἐπειδὴ
3725 3778 3833 3848 γὰρ
3875 3781 3902 3831 ό
3940 3778 4107 3840 αὐτὸς

2509 3873 2628 3934 ὅλος
2658 3867 2725 3942 ἦν
2757 3871 2888 3932 Θεὸς
2910 3871 3048 3940 μετὰ
3065 3872 3163 3940 τῆς
3185 3870 3612 3940 ἀνθρωπότητος
3642 3869 3830 3935 αὑτοῦ,
3862 3871 3957 3921 καὶ
3983 3868 4106 3930 ὅλος

2509 3963 2800 4032 ἄνθρωπος
2834 3963 2973 4031 μετὰ
3004 3963 3104 4031 τῆς
3153 3959 3320 4014 αὑτοῦ
3372 3961 3656 4028 θεότητος,
3705 3959 3868 4020 αὐτὸς
3899 3958 3974 4019 ὠς
4006 3957 4106 4010 ἇν-

2511 4054 2730 4124 θρωπος
2763 4056 2820 4106 ἐν
2856 4053 3036 4122 ἑαυτῷ
3071 4053 3165 4104 καὶ
3193 4053 3259 4104 δι’
3293 4051 3489 4105 ἑαυτοῦ
3525 4051 3757 4114 ὑπέταξε
3793 4051 3852 4101 rb
3890 4048 4106 4119 ἀνθρώ-

2509 4163 2667 4198 πινον
2689 4148 2767 4215 τῷ
2791 4145 2910 4214 Θεῷ
2941 4147 3030 4198 καὶ
3069 4145 3270 4214 “arpi,
3293 4143 3466 4195 τύπον
3500 4145 3632 4212 ἡμῖν
3664 4143 3857 4194 ἑαυτὸν
3881 4143 4105 4210 ἄριστον

2511 4238 2602 4288 καὶ
2639 4238 3008 4308 ὑπόγραμμον
3034 4236 3230 4301 διδοὺς,
3270 4236 3365 4288 καὶ
3404 4235 3644 4305 ὑπήκοος
3681 4235 3758 4304 τῷ
3794 4235 3970 4304 Πατρὶ
4006 4232 4104 4300 γέε-

2507 4345 2685 4394 γονεν.

817 4419 866 4473 id
897 4415 1046 4486 quod
1082 4418 1386 4470 humanum
1417 4421 1558 4478 erat,
1596 4411 1708 4466 Deo
1740 4419 1793 4466 et
1829 4410 1977 4464 Patri
2036 4411 2298 4481 subjecit,
2335 4423 2390 4467 et
2430 4415 2580 4472 Patri
2614 4419 2796 4474 factus
2856 4421 3145 4486 obediens,
3188 4417 3705 4489 prmstantissimam
3759 4431 3882 4471 sese
3949 4417 4105 4470 nobis

811 4509 1041 4564 formam
1074 4517 1127 4562 et
1155 4510 1466 4576 exemplum
1505 4504 1756 4575 praebuit.

883 4599 1116 4654 Frustra
1170 4603 1310 4653 ratio
1341 4603 1392 4652 in
1426 4600 1658 4659 homine,
1688 4598 1733 4650 si
1763 4595 1899 4649 desit
1936 4595 2018 4648 illi
2065 4595 2306 4650 libertas.
2332 4628 2405 4637 —
2437 4623 2481 4678 υ
2581 4600 2624 4650 Α

2359 4628 2405 4637 -
2437 4623 2481 4678 D
2581 4598 2964 4662 Αὑτεξουσίως
3021 4599 3077 4650 δὲ
3123 4598 3282 4668 ῆθελε
3327 4597 3406 4665 τῷ
3464 4596 3596 4664 θείῳ
3642 4596 3736 4647 καὶ
3776 4597 4104 4669 ἀνθρωπίνῳ

811 4695 1013 4751 Libere
1049 4709 1213 4763 porro
1274 4692 1495 4746 volebat
1539 4697 1655 4743 lum
1691 4689 1914 4751 divinae,
1973 4698 2086 4740 tum
2149 4687 2404 4742 humana:

811 4789 1118 4842 voluntatis
1149 4785 1385 4839 ratione.
1420 4783 1584 4838 Omni
1633 4781 1839 4850 quippe
1889 4788 2102 4833 natura:
2148 4781 2402 4835 rationali

811 4881 981 4936 libera
1014 4880 1271 4933 voluntas
1307 4893 1335 4930 a
1370 4887 1565 4929 natura
1600 4874 1765 4927 insita
1793 4881 1901 4926 est.
1940 4872 2217 4938 Quorsum
2253 4874 2397 4928 enim

808 4973 1014 5042 alioqui
1045 4979 1254 5042 partem
1295 4969 1627 5022 rationalem
1672 4965 1920 5026 habebit,
1973 4966 2020 5019 si
2081 4981 2189 5019 non
2231 4965 2404 5020 libere

807 5063 1223 5120 ratiocinatur?
1272 5060 1408 5114 Nam
1456 5058 1765 5112 naturalem
1794 5058 2029 5127 quidem
2086 5059 2396 5127 appetitum

806 5173 1061 5212 summus
1094 5155 1298 5226 Opifex
1346 5153 1526 5207 brutis
1560 5151 1730 5204 etiam
1769 5148 1987 5212 indidit,
2023 5163 2136 5217 quo
2187 5149 2252 5202 ad
2289 5165 2404 5205 sua)

812 5260 1030 5306 natura:
1061 5247 1548 5302 conservationem
1581 5246 1909 5298 necessitate
1935 5243 2236 5297 ducuntur.
2259 5243 2396 5298 Cum

803 5343 954 5400 enim
991 5341 1206 5396 ratione
1233 5345 1480 5398 careant.
1524 5337 1730 5391 ducere
1770 5352 1876 5389 non
1921 5343 2172 5404 possunt,
2207 5352 2396 5389 verum

803 5435 1048 5491 naturali
1077 5433 1362 5486 ducuntur
1391 5431 1657 5500 appetitu.
1720 5427 1795 5480 Ex
1858 5444 1967 5498 quo
2005 5429 2082 5491 tit,
2142 5438 2198 5481 ut
2234 5427 2398 5482 simul

802 5533 975 5596 atque
1015 5523 1291 5594 appetitus
1325 5521 1526 5584 oritur,
1561 5521 1748 5575 statim
1783 5519 1850 5572 ad
1897 5519 2165 5588 agendum
2212 5519 2394 5589 prosi-

801 5620 964 5675 liant.
997 5617 1188 5688 Neque
1213 5616 1362 5671 enim
1392 5615 1609 5668 ratione
1637 5622 1733 5668 aut
1766 5613 2023 5675 consilio,
2053 5620 2148 5664 aut
2210 5611 2400 5665 consi-

801 5712 1112 5774 deratione,
1165 5720 1260 5766 aut
1307 5709 1522 5775 judicio
1582 5715 1832 5762 utuntur.
1894 5707 1972 5761 Ac
2020 5704 2253 5776 proinde
2297 5720 2400 5761 nec

888 5817 902 5846 ¹
936 5813 1126 5872 Μυιιιι.
1159 5828 1304 5883 xxvi,
1334 5810 1403 5866 59
1436 5830 1450 5873 ς
1483 5810 1618 5865 Luc.
1651 5827 1783 5875 un,
1814 5810 1902 5863 42.

2507 4688 2795 4758 θελήματι.
2829 4689 2986 4760 [Idan
3011 4689 3118 4759 γὰρ
3156 4689 3349 4758 λογικῇ
3383 4687 3543 4756 φύσει
3572 4687 3789 4750 πάντως
3812 4690 4103 4758 ἐμπέφυκε

2503 4781 2566 4832 rb
2598 4779 2951 4846 αὐτεξούσιον
3001 4783 3234 4855 θέλημα.
3270 4786 3364 4849 Et;
3398 4787 3452 4838 τί
3477 4786 3586 4858 γὰρ
3625 4786 3734 4852 ἕξει
3764 4789 3826 4841 τὸ
3860 4789 4103 4856 λογικὸν,

2509 4872 2583 4942 μὴ
2621 4872 2992 4938 αὐτεξουσίως
3043 4873 3402 4947 λογιζομένης
3459 4878 3559 4947 τὴν
3589 4879 3688 4949 μὲν
3723 4878 3832 4949 γὰρ
3866 4881 4104 4952 φυσικὴν

2501 4961 2682 5034 ὄρεξιν
2703 4965 2797 5017 καὶ⁵
2824 4967 2937 5029 τοῖς
2964 4966 3184 5035 ἀλόγοις
3214 4968 3374 5033 ζώοις
3392 4971 3420 5023 ό
3441 4971 3783 5041 Δημιουργὸς
3817 4972 4104 5045 ὲνέσπειρε

2503 5055 2641 5124 πρὸς
2695 5055 2958 5109 σύστασιν
3004 5058 3107 5128 τῆς
3163 5058 3371 5122 οἰκείας
3408 5059 3626 5128 φύσεως
3668 5061 4106 5129 ἠναγκασμέναις

2499 5150 2637 5203 αὐτὰ
2667 5149 2930 5218 ἄγουσαν.
2969 5150 3147 5218 Λόγου
3189 5152 3299 5223 γὰρ
3333 5152 3675 5223 ἀμοιροῦντα
3710 5162 3731 5190 ε
3774 5153 3835 5204 οὑ
3877 5152 4105 5204 δύναται

2504 5243 2679 5311 ἄγειν,
2731 5243 2848 5295 ἀλλ’
2878 5242 3074 5310 ἄγεται
3107 5243 3212 5295 ὑπὸ
3242 5244 3338 5314 τῆς
3375 5246 3612 5314 φυσικῆς
3635 5243 3892 5314 ὀρέξεως.
3938 5245 4106 5299 Ὀθεν

2507 5335 2622 5404 ἅμα
2662 5338 2694 5405 ἡ
2732 5335 2913 5404 ὄρεξις
2944 5336 3193 5406 γένηται,
3226 5337 3429 5400 εὐθέως
3461 5339 3556 5390 καὶ
3599 5340 3632 5407 ἠ
3665 5339 3802 5408 πρὸς
3832 5338 3931 5407 τὴν
3965 5342 4105 5408 πρᾶο

2509 5427 2587 5491 ξιν
2611 5429 2756 5498 όρμή
2781 5444 2793 5458 ·
2826 5429 2888 5480 οὐ
2925 5429 3033 5499 γὰρ
3064 5427 3228 5498 λόγῳ,
3260 5428 3292 5497 ἢ
3323 5427 3508 5499 βουλῇ,
3542 5429 3574 5498 ἢ
3614 5428 3824 5496 σκέψει,
3859 5429 3890 5498 ἦ
3924 5429 4104 5499 κρίσει

2508 5520 2795 5590 κέχρηται.
2831 5520 2994 5572 Ὅθεν
3015 5520 3138 5572 οὔτε
3171 5521 3246 5584 ὡς
3269 5519 3468 5590 ἀρετὴν
3493 5521 3746 5589 μετιόντα
3776 5522 4103 5582 ἐπαινεῖται,

2501 5614 2595 5665 καὶ
2631 5612 3024 5682 μακαρίζεται,
3080 5612 3206 5664 οὐτε
3251 5612 3326 5674 ὡς
3360 5612 3556 5664 κακίαν
3590 5613 3902 5682 πράττοντα
3939 5614 4103 5664 κολά-

2500 5703 2673 5769 ζεται.
2711 5703 2771 5757 ἸΙ
2805 5705 2860 5756 δὲ
2892 5705 3085 5772 λογικὴ
3121 5705 3284 5770 φύσις
3313 5706 3428 5774 ἔχει
3464 5705 3560 5772 μὲν
3598 5706 3694 5775 τὴν
3726 5707 3963 5776 φυσικὴν
3988 5706 4105 5776 ὄρεα
