  <div class='ocr_page' id='page_1' title='image "/cluster/home/n/w/nwhite01/storage/ocr_20150623/130/nnc1.0046979603/598.png"; bbox 0 0 4420 6452; ppageno 0'>
   <div class='ocr_carea' id='block_1_1' title="bbox 350 396 477 457">
    <p class='ocr_par' dir='ltr' id='par_1_1' title="bbox 350 396 477 457">
     <span class='ocr_line' id='line_1_1' title="bbox 350 396 477 457; baseline -0.024 0"><span class='ocrx_word' id='word_1_1' title='bbox 350 396 477 457; x_wconf 78' lang='grc' dir='ltr'><strong>115Ἱ</strong></span> 
     </span>
    </p>
   </div>
   <div class='ocr_carea' id='block_1_2' title="bbox 1337 357 2662 450">
    <p class='ocr_par' dir='ltr' id='par_1_2' title="bbox 1337 357 2662 450">
     <span class='ocr_line' id='line_1_2' title="bbox 1337 357 2662 450; baseline -0.002 -2"><span class='ocrx_word' id='word_1_2' title='bbox 1337 389 1706 450; x_wconf 60' lang='lat' dir='ltr'><strong>mxorua</strong></span> <span class='ocrx_word' id='word_1_3' title='bbox 1748 389 2183 447; x_wconf 62' lang='lat' dir='ltr'><strong>DOGMATICA</strong></span> <span class='ocrx_word' id='word_1_4' title='bbox 2223 413 2281 424; x_wconf 89' lang='lat'><strong>—-</strong></span> <span class='ocrx_word' id='word_1_5' title='bbox 2321 389 2469 448; x_wconf 88' lang='lat' dir='ltr'><strong>TIT.</strong></span> <span class='ocrx_word' id='word_1_6' title='bbox 2507 357 2662 447; x_wconf 69' lang='lat' dir='ltr'><strong>XXI.</strong></span> 
     </span>
    </p>
   </div>
   <div class='ocr_carea' id='block_1_3' title="bbox 3490 391 3622 454">
    <p class='ocr_par' dir='ltr' id='par_1_3' title="bbox 3490 391 3622 454">
     <span class='ocr_line' id='line_1_3' title="bbox 3490 391 3622 454; baseline 0.008 -1"><span class='ocrx_word' id='word_1_7' title='bbox 3490 391 3622 454; x_wconf 46' lang='lat' dir='ltr'><strong>llr-3</strong></span> 
     </span>
    </p>
   </div>
   <div class='ocr_carea' id='block_1_4' title="bbox 346 502 2091 577">
    <p class='ocr_par' dir='ltr' id='par_1_4' title="bbox 346 504 2091 577">
     <span class='ocr_line' id='line_1_4' title="bbox 346 504 2091 577; baseline -0.005 -16"><span class='ocrx_word' id='word_1_8' title='bbox 346 514 428 576; x_wconf 77' lang='grc' dir='ltr'><strong>ειν</strong></span> <span class='ocrx_word' id='word_1_9' title='bbox 461 509 815 577; x_wconf 71' lang='grc' dir='ltr'><strong>κινουμένην,</strong></span> <span class='ocrx_word' id='word_1_10' title='bbox 862 507 968 559; x_wconf 81' lang='grc' dir='ltr'><strong>ὑπὸ</strong></span> <span class='ocrx_word' id='word_1_11' title='bbox 993 505 1050 558; x_wconf 83' lang='grc' dir='ltr'><strong>δὲ</strong></span> <span class='ocrx_word' id='word_1_12' title='bbox 1088 504 1182 558; x_wconf 85' lang='grc' dir='ltr'><strong>τοῦ</strong></span> <span class='ocrx_word' id='word_1_13' title='bbox 1215 505 1389 570; x_wconf 74' lang='grc' dir='ltr'>Λόγου</span> <span class='ocrx_word' id='word_1_14' title='bbox 1430 504 1711 571; x_wconf 74' lang='grc' dir='ltr'><strong>ἀγομένην</strong></span> <span class='ocrx_word' id='word_1_15' title='bbox 1750 519 1806 553; x_wconf 86' lang='grc' dir='ltr'><strong>τε</strong></span> <span class='ocrx_word' id='word_1_16' title='bbox 1841 505 1933 553; x_wconf 75' lang='grc' dir='ltr'><strong>καὶ</strong></span> <span class='ocrx_word' id='word_1_17' title='bbox 1971 509 2008 560; x_wconf 72' lang='grc' dir='ltr'><strong>Α</strong></span> <span class='ocrx_word' id='word_1_18' title='bbox 2045 517 2091 553; x_wconf 74' lang='grc' dir='ltr'><strong>ι’(</strong></span> 
     </span>
    </p>
   </div>
   <div class='ocr_carea' id='block_1_5' title="bbox 1866 502 3611 577">
    <p class='ocr_par' dir='ltr' id='par_1_5' title="bbox 1866 502 3611 567">
     <span class='ocr_line' id='line_1_5' title="bbox 1866 502 3611 567; baseline 0.003 -15"><span class='ocrx_word' id='word_1_19' title='bbox 1866 505 1933 553; x_wconf 80' lang='lat' dir='ltr'><strong>:a‘t</strong></span> <span class='ocrx_word' id='word_1_20' title='bbox 1971 509 2008 560; x_wconf 72' lang='grc' dir='ltr'><strong>Α</strong></span> <span class='ocrx_word' id='word_1_21' title='bbox 2045 502 2192 554; x_wconf 77' lang='lat' dir='ltr'><strong>velut</strong></span> <span class='ocrx_word' id='word_1_22' title='bbox 2217 503 2402 555; x_wconf 85' lang='lat' dir='ltr'><strong>virtuti</strong></span> <span class='ocrx_word' id='word_1_23' title='bbox 2439 503 2714 556; x_wconf 87' lang='lat' dir='ltr'><strong>studentia</strong></span> <span class='ocrx_word' id='word_1_24' title='bbox 2752 503 3065 567; x_wconf 78' lang='lat' dir='ltr'><strong>laudantur,</strong></span> <span class='ocrx_word' id='word_1_25' title='bbox 3099 520 3161 558; x_wconf 88' lang='lat' dir='ltr'><strong>ae</strong></span> <span class='ocrx_word' id='word_1_26' title='bbox 3200 503 3355 558; x_wconf 87' lang='lat' dir='ltr'><strong>beata</strong></span> <span class='ocrx_word' id='word_1_27' title='bbox 3389 521 3611 558; x_wconf 78' lang='lat' dir='ltr'><strong>censen-</strong></span> 
     </span>
    </p>
   </div>
   <div class='ocr_carea' id='block_1_6' title="bbox 349 592 1933 672">
    <p class='ocr_par' dir='ltr' id='par_1_6' title="bbox 349 592 1933 672">
     <span class='ocr_line' id='line_1_6' title="bbox 349 592 1933 672; baseline -0.008 -18"><span class='ocrx_word' id='word_1_28' title='bbox 349 603 754 672; x_wconf 76' lang='grc' dir='ltr'><strong>ῥυθμιζομένην</strong></span> <span class='ocrx_word' id='word_1_29' title='bbox 784 599 878 650; x_wconf 73' lang='grc' dir='ltr'><strong>ἐπὶ</strong></span> <span class='ocrx_word' id='word_1_30' title='bbox 920 598 1028 649; x_wconf 80' lang='grc' dir='ltr'><strong>τῶν</strong></span> <span class='ocrx_word' id='word_1_31' title='bbox 1060 597 1447 664; x_wconf 72' lang='grc' dir='ltr'><strong>φυλασσόντων</strong></span> <span class='ocrx_word' id='word_1_32' title='bbox 1482 594 1539 644; x_wconf 71' lang='grc' dir='ltr'><strong>το</strong></span> <span class='ocrx_word' id='word_1_33' title='bbox 1572 592 1713 644; x_wconf 76' lang='grc' dir='ltr'><strong>κατὰ</strong></span> <span class='ocrx_word' id='word_1_34' title='bbox 1736 593 1896 658; x_wconf 86' lang='grc' dir='ltr'><strong>φύσιν</strong></span> <span class='ocrx_word' id='word_1_35' title='bbox 1919 607 1933 622; x_wconf 88' lang='grc'><strong>·</strong></span> 
     </span>
    </p>
   </div>
   <div class='ocr_carea' id='block_1_7' title="bbox 352 685 1924 762">
    <p class='ocr_par' dir='ltr' id='par_1_7' title="bbox 352 685 1924 762">
     <span class='ocr_line' id='line_1_7' title="bbox 352 685 1924 762; baseline -0.005 -16"><span class='ocrx_word' id='word_1_36' title='bbox 352 695 445 746; x_wconf 86' lang='grc' dir='ltr'><strong>τοῦ</strong></span> <span class='ocrx_word' id='word_1_37' title='bbox 484 696 592 762; x_wconf 77' lang='grc' dir='ltr'><strong>γὰρ</strong></span> <span class='ocrx_word' id='word_1_38' title='bbox 626 693 800 759; x_wconf 84' lang='grc' dir='ltr'><strong>Λόγου</strong></span> <span class='ocrx_word' id='word_1_39' title='bbox 845 691 1172 760; x_wconf 79' lang='grc' dir='ltr'><strong>προτέρημα</strong></span> <span class='ocrx_word' id='word_1_40' title='bbox 1205 687 1361 741; x_wconf 89' lang='grc' dir='ltr'><strong>τοῦτό</strong></span> <span class='ocrx_word' id='word_1_41' title='bbox 1390 690 1559 750; x_wconf 83' lang='grc' dir='ltr'><strong>ἐστιν,</strong></span> <span class='ocrx_word' id='word_1_42' title='bbox 1597 688 1628 754; x_wconf 82' lang='grc' dir='ltr'>ἡ</span> <span class='ocrx_word' id='word_1_43' title='bbox 1663 685 1924 748; x_wconf 81' lang='grc' dir='ltr'><strong>αὐτεξού-</strong></span> 
     </span>
    </p>
   </div>
   <div class='ocr_carea' id='block_1_8' title="bbox 352 779 1936 854">
    <p class='ocr_par' dir='ltr' id='par_1_8' title="bbox 352 779 1936 854">
     <span class='ocr_line' id='line_1_8' title="bbox 352 779 1936 854; baseline -0.006 -16"><span class='ocrx_word' id='word_1_44' title='bbox 352 804 465 847; x_wconf 79' lang='grc' dir='ltr'><strong>σιος</strong></span> <span class='ocrx_word' id='word_1_45' title='bbox 499 787 739 853; x_wconf 77' lang='grc' dir='ltr'><strong>θέλησις,</strong></span> <span class='ocrx_word' id='word_1_46' title='bbox 767 787 963 854; x_wconf 71' lang='grc' dir='ltr'><strong>ἥντινα</strong></span> <span class='ocrx_word' id='word_1_47' title='bbox 1003 782 1242 851; x_wconf 78' lang='grc' dir='ltr'><strong>φυσικὴν</strong></span> <span class='ocrx_word' id='word_1_48' title='bbox 1299 784 1353 833; x_wconf 80' lang='grc' dir='ltr'><strong>ἐν</strong></span> <span class='ocrx_word' id='word_1_49' title='bbox 1385 780 1463 848; x_wconf 86' lang='grc' dir='ltr'><strong>τῷ</strong></span> <span class='ocrx_word' id='word_1_50' title='bbox 1495 779 1705 847; x_wconf 80' lang='grc' dir='ltr'><strong>λογικῷ</strong></span> <span class='ocrx_word' id='word_1_51' title='bbox 1751 796 1936 848; x_wconf 87' lang='grc' dir='ltr'><strong>φαμεν</strong></span> 
     </span>
    </p>
   </div>
   <div class='ocr_carea' id='block_1_9' title="bbox 353 872 1939 945">
    <p class='ocr_par' dir='ltr' id='par_1_9' title="bbox 353 872 1939 945">
     <span class='ocr_line' id='line_1_9' title="bbox 353 872 1939 945; baseline -0.003 -18"><span class='ocrx_word' id='word_1_52' title='bbox 353 879 590 944; x_wconf 77' lang='grc' dir='ltr'><strong>κίνησιν⁸</strong></span> <span class='ocrx_word' id='word_1_53' title='bbox 627 877 710 930; x_wconf 85' lang='grc' dir='ltr'><strong>διὸ</strong></span> <span class='ocrx_word' id='word_1_54' title='bbox 744 877 834 927; x_wconf 75' lang='grc' dir='ltr'><strong>καὶ</strong></span> <span class='ocrx_word' id='word_1_55' title='bbox 861 875 934 937; x_wconf 82' lang='grc' dir='ltr'><strong>ὡς</strong></span> <span class='ocrx_word' id='word_1_56' title='bbox 963 874 1167 945; x_wconf 81' lang='grc' dir='ltr'><strong>ἀρετὴν</strong></span> <span class='ocrx_word' id='word_1_57' title='bbox 1197 890 1459 943; x_wconf 87' lang='grc' dir='ltr'><strong>μετιουσα</strong></span> <span class='ocrx_word' id='word_1_58' title='bbox 1504 874 1816 924; x_wconf 83' lang='grc' dir='ltr'><strong>ἐπαινεῖται</strong></span> <span class='ocrx_word' id='word_1_59' title='bbox 1849 872 1939 923; x_wconf 74' lang='grc' dir='ltr'><strong>καὶ</strong></span> 
     </span>
    </p>
   </div>
   <div class='ocr_carea' id='block_1_10' title="bbox 360 963 1866 1036">
    <p class='ocr_par' dir='ltr' id='par_1_10' title="bbox 360 963 1866 1036">
     <span class='ocr_line' id='line_1_10' title="bbox 360 963 1866 1036; baseline -0.003 -16"><span class='ocrx_word' id='word_1_60' title='bbox 360 967 753 1036; x_wconf 71' lang='grc' dir='ltr'><strong>μακαρίζεται,</strong></span> <span class='ocrx_word' id='word_1_61' title='bbox 794 968 885 1020; x_wconf 72' lang='grc' dir='ltr'><strong>καὶ</strong></span> <span class='ocrx_word' id='word_1_62' title='bbox 920 966 995 1029; x_wconf 86' lang='grc' dir='ltr'><strong>ὼς</strong></span> <span class='ocrx_word' id='word_1_63' title='bbox 1021 967 1219 1017; x_wconf 81' lang='grc' dir='ltr'><strong>κακίαν</strong></span> <span class='ocrx_word' id='word_1_64' title='bbox 1252 982 1374 1034; x_wconf 89' lang='grc' dir='ltr'><strong>μετι</strong></span> <span class='ocrx_word' id='word_1_65' title='bbox 1413 963 1516 1015; x_wconf 82' lang='grc' dir='ltr'><strong>ῦσα</strong></span> <span class='ocrx_word' id='word_1_66' title='bbox 1559 963 1866 1026; x_wconf 72' lang='grc' dir='ltr'><strong>κολάζεται.</strong></span> 
     </span>
    </p>
   </div>
   <div class='ocr_carea' id='block_1_11' title="bbox 2043 596 3580 666">
    <p class='ocr_par' dir='ltr' id='par_1_11' title="bbox 2043 596 3580 666">
     <span class='ocr_line' id='line_1_11' title="bbox 2043 596 3580 666; baseline 0.003 -21"><span class='ocrx_word' id='word_1_67' title='bbox 2043 602 2170 660; x_wconf 91' lang='lat' dir='ltr'><strong>tur;</strong></span> <span class='ocrx_word' id='word_1_68' title='bbox 2199 610 2299 648; x_wconf 87' lang='lat' dir='ltr'><strong>nec</strong></span> <span class='ocrx_word' id='word_1_69' title='bbox 2330 609 2588 663; x_wconf 90' lang='lat' dir='ltr'><strong>tanquam</strong></span> <span class='ocrx_word' id='word_1_70' title='bbox 2625 596 2827 649; x_wconf 89' lang='lat' dir='ltr'><strong>malum</strong></span> <span class='ocrx_word' id='word_1_71' title='bbox 2854 599 3068 665; x_wconf 76' lang='lat' dir='ltr'><strong>agentia</strong></span> <span class='ocrx_word' id='word_1_72' title='bbox 3134 600 3469 666; x_wconf 76' lang='lat' dir='ltr'><strong>plectuntur.</strong></span> <span class='ocrx_word' id='word_1_73' title='bbox 3504 599 3580 650; x_wconf 79' lang='lat' dir='ltr'><strong>Na</strong></span> 
     </span>
    </p>
   </div>
   <div class='ocr_carea' id='block_1_12' title="bbox 2043 688 3588 756">
    <p class='ocr_par' dir='ltr' id='par_1_12' title="bbox 2043 688 3588 756">
     <span class='ocr_line' id='line_1_12' title="bbox 2043 688 3588 756; baseline 0.001 -17"><span class='ocrx_word' id='word_1_74' title='bbox 2043 695 2163 740; x_wconf 89' lang='lat' dir='ltr'><strong>tura</strong></span> <span class='ocrx_word' id='word_1_75' title='bbox 2205 704 2334 742; x_wconf 90' lang='lat' dir='ltr'><strong>vero</strong></span> <span class='ocrx_word' id='word_1_76' title='bbox 2371 689 2657 743; x_wconf 90' lang='lat' dir='ltr'><strong>rationalis</strong></span> <span class='ocrx_word' id='word_1_77' title='bbox 2690 688 2860 741; x_wconf 92' lang='lat' dir='ltr'><strong>habet</strong></span> <span class='ocrx_word' id='word_1_78' title='bbox 2887 688 3108 756; x_wconf 81' lang='lat' dir='ltr'><strong>quidem</strong></span> <span class='ocrx_word' id='word_1_79' title='bbox 3144 689 3450 741; x_wconf 75' lang='lat' dir='ltr'><strong>naturalem</strong></span> <span class='ocrx_word' id='word_1_80' title='bbox 3519 705 3588 756; x_wconf 84' lang='lat' dir='ltr'><strong>ap</strong></span> 
     </span>
    </p>
   </div>
   <div class='ocr_carea' id='block_1_13' title="bbox 2047 780 3628 852">
    <p class='ocr_par' dir='ltr' id='par_1_13' title="bbox 2047 780 3628 852">
     <span class='ocr_line' id='line_1_13' title="bbox 2047 780 3628 852; baseline 0 -18"><span class='ocrx_word' id='word_1_81' title='bbox 2047 783 2300 852; x_wconf 90' lang='lat' dir='ltr'><strong>petitum,</strong></span> <span class='ocrx_word' id='word_1_82' title='bbox 2337 783 2429 851; x_wconf 87' lang='lat' dir='ltr'><strong>qui</strong></span> <span class='ocrx_word' id='word_1_83' title='bbox 2465 791 2784 836; x_wconf 70' lang='lat' dir='ltr'><strong>moveaturr</strong></span> <span class='ocrx_word' id='word_1_84' title='bbox 2825 780 3094 851; x_wconf 80' lang='lat' dir='ltr'><strong>ejusmodi</strong></span> <span class='ocrx_word' id='word_1_85' title='bbox 3134 791 3335 844; x_wconf 85' lang='lat' dir='ltr'><strong>tamen,</strong></span> <span class='ocrx_word' id='word_1_86' title='bbox 3379 793 3438 834; x_wconf 90' lang='lat' dir='ltr'><strong>ut</strong></span> <span class='ocrx_word' id='word_1_87' title='bbox 3468 782 3522 834; x_wconf 92' lang='lat' dir='ltr'><strong>in</strong></span> <span class='ocrx_word' id='word_1_88' title='bbox 3561 783 3628 834; x_wconf 87' lang='lat' dir='ltr'><strong>iis</strong></span> 
     </span>
    </p>
   </div>
   <div class='ocr_carea' id='block_1_14' title="bbox 2041 872 3624 942">
    <p class='ocr_par' dir='ltr' id='par_1_14' title="bbox 2041 872 3624 942">
     <span class='ocr_line' id='line_1_14' title="bbox 2041 872 3624 942; baseline -0.001 -15"><span class='ocrx_word' id='word_1_89' title='bbox 2041 889 2162 942; x_wconf 79' lang='lat' dir='ltr'><strong>qua:</strong></span> <span class='ocrx_word' id='word_1_90' title='bbox 2194 884 2403 927; x_wconf 54' lang='lat' dir='ltr'><strong>naturai</strong></span> <span class='ocrx_word' id='word_1_91' title='bbox 2453 884 2878 927; x_wconf 90' lang='lat' dir='ltr'><strong>consentaneam</strong></span> <span class='ocrx_word' id='word_1_92' title='bbox 2936 872 3323 926; x_wconf 90' lang='lat' dir='ltr'><strong>rectitudinem</strong></span> <span class='ocrx_word' id='word_1_93' title='bbox 3384 885 3624 934; x_wconf 84' lang='lat' dir='ltr'><strong>servant.</strong></span> 
     </span>
    </p>
   </div>
   <div class='ocr_carea' id='block_1_15' title="bbox 2048 965 3626 1034">
    <p class='ocr_par' dir='ltr' id='par_1_15' title="bbox 2048 965 3626 1034">
     <span class='ocr_line' id='line_1_15' title="bbox 2048 965 3626 1034; baseline 0.001 -16"><span class='ocrx_word' id='word_1_94' title='bbox 2048 981 2075 1018; x_wconf 91' lang='lat' dir='ltr'><strong>a</strong></span> <span class='ocrx_word' id='word_1_95' title='bbox 2107 967 2317 1018; x_wconf 91' lang='lat' dir='ltr'><strong>ratione</strong></span> <span class='ocrx_word' id='word_1_96' title='bbox 2338 967 2676 1034; x_wconf 76' lang='lat' dir='ltr'><strong>gubernetur</strong></span> <span class='ocrx_word' id='word_1_97' title='bbox 2703 979 2765 1017; x_wconf 91' lang='lat' dir='ltr'><strong>ac</strong></span> <span class='ocrx_word' id='word_1_98' title='bbox 2786 975 3167 1032; x_wconf 84' lang='lat' dir='ltr'><strong>componatur.</strong></span> <span class='ocrx_word' id='word_1_99' title='bbox 3203 965 3449 1018; x_wconf 81' lang='lat' dir='ltr'><strong>Rationis</strong></span> <span class='ocrx_word' id='word_1_100' title='bbox 3476 966 3626 1019; x_wconf 89' lang='lat' dir='ltr'><strong>enim</strong></span> 
     </span>
    </p>
   </div>
   <div class='ocr_carea' id='block_1_16' title="bbox 360 1055 3628 1125">
    <p class='ocr_par' dir='ltr' id='par_1_16' title="bbox 360 1055 3628 1125">
     <span class='ocr_line' id='line_1_16' title="bbox 360 1055 3628 1125; baseline 0 -17"><span class='ocrx_word' id='word_1_101' title='bbox 360 1059 726 1125; x_wconf 62' lang='lat' dir='ltr'><strong>pra‘cellentta</strong></span> <span class='ocrx_word' id='word_1_102' title='bbox 767 1057 880 1110; x_wconf 73' lang='lat' dir='ltr'><strong>lucc</strong></span> <span class='ocrx_word' id='word_1_103' title='bbox 917 1067 1020 1119; x_wconf 87' lang='lat' dir='ltr'><strong>est,</strong></span> <span class='ocrx_word' id='word_1_104' title='bbox 1057 1055 1242 1110; x_wconf 70' lang='lat' dir='ltr'><strong>libera:</strong></span> <span class='ocrx_word' id='word_1_105' title='bbox 1270 1055 1562 1124; x_wconf 81' lang='lat' dir='ltr'><strong>potestatis</strong></span> <span class='ocrx_word' id='word_1_106' title='bbox 1610 1055 1868 1108; x_wconf 79' lang='lat' dir='ltr'><strong>voluntas</strong></span> <span class='ocrx_word' id='word_1_107' title='bbox 1906 1098 1916 1107; x_wconf 92' lang='lat'><strong>.</strong></span> <span class='ocrx_word' id='word_1_108' title='bbox 1960 1071 2119 1124; x_wconf 90' lang='lat' dir='ltr'><strong>quam</strong></span> <span class='ocrx_word' id='word_1_109' title='bbox 2156 1055 2374 1123; x_wconf 82' lang='lat' dir='ltr'><strong>quidem</strong></span> <span class='ocrx_word' id='word_1_110' title='bbox 2407 1055 2707 1108; x_wconf 88' lang='lat' dir='ltr'><strong>naturalem</strong></span> <span class='ocrx_word' id='word_1_111' title='bbox 2763 1064 2981 1108; x_wconf 82' lang='lat' dir='ltr'><strong>niotutn’</strong></span> <span class='ocrx_word' id='word_1_112' title='bbox 3001 1061 3054 1110; x_wconf 84' lang='lat' dir='ltr'><strong>in</strong></span> <span class='ocrx_word' id='word_1_113' title='bbox 3116 1057 3422 1110; x_wconf 85' lang='lat' dir='ltr'><strong>substantia</strong></span> <span class='ocrx_word' id='word_1_114' title='bbox 3455 1058 3628 1109; x_wconf 87' lang='lat' dir='ltr'><strong>ratio-</strong></span> 
     </span>
    </p>
   </div>
   <div class='ocr_carea' id='block_1_17' title="bbox 364 1150 3633 1219">
    <p class='ocr_par' dir='ltr' id='par_1_17' title="bbox 364 1150 3633 1219">
     <span class='ocr_line' id='line_1_17' title="bbox 364 1150 3633 1219; baseline 0.001 -16"><span class='ocrx_word' id='word_1_115' title='bbox 364 1153 474 1204; x_wconf 86' lang='lat' dir='ltr'><strong>nali</strong></span> <span class='ocrx_word' id='word_1_116' title='bbox 509 1152 765 1204; x_wconf 84' lang='lat' dir='ltr'><strong>dicimus.</strong></span> <span class='ocrx_word' id='word_1_117' title='bbox 801 1151 986 1218; x_wconf 80' lang='lat' dir='ltr'><strong>anue</strong></span> <span class='ocrx_word' id='word_1_118' title='bbox 1027 1151 1093 1204; x_wconf 90' lang='lat' dir='ltr'><strong>de</strong></span> <span class='ocrx_word' id='word_1_119' title='bbox 1120 1167 1282 1205; x_wconf 90' lang='lat' dir='ltr'><strong>causa</strong></span> <span class='ocrx_word' id='word_1_120' title='bbox 1320 1162 1376 1206; x_wconf 90' lang='lat' dir='ltr'><strong>et</strong></span> <span class='ocrx_word' id='word_1_121' title='bbox 1411 1166 1536 1205; x_wconf 89' lang='lat' dir='ltr'><strong>cum</strong></span> <span class='ocrx_word' id='word_1_122' title='bbox 1573 1159 1839 1204; x_wconf 70' lang='lat' dir='ltr'><strong>vn&#39;tutem</strong></span> <span class='ocrx_word' id='word_1_123' title='bbox 1867 1150 2016 1212; x_wconf 85' lang='lat' dir='ltr'><strong>colit,</strong></span> <span class='ocrx_word' id='word_1_124' title='bbox 2043 1150 2256 1204; x_wconf 79' lang='lat' dir='ltr'><strong>laudent</strong></span> <span class='ocrx_word' id='word_1_125' title='bbox 2293 1150 2524 1214; x_wconf 88' lang='lat' dir='ltr'><strong>obtinet,</strong></span> <span class='ocrx_word' id='word_1_126' title='bbox 2566 1165 2629 1205; x_wconf 92' lang='lat' dir='ltr'><strong>ac</strong></span> <span class='ocrx_word' id='word_1_127' title='bbox 2683 1150 2840 1204; x_wconf 87' lang='lat' dir='ltr'><strong>beata</strong></span> <span class='ocrx_word' id='word_1_128' title='bbox 2871 1151 3202 1219; x_wconf 59' lang='lat' dir='ltr'><strong>praedicatur</strong></span> <span class='ocrx_word' id='word_1_129' title='bbox 3227 1168 3241 1216; x_wconf 91' lang='lat'><strong>;</strong></span> <span class='ocrx_word' id='word_1_130' title='bbox 3271 1161 3326 1204; x_wconf 91' lang='lat' dir='ltr'><strong>et</strong></span> <span class='ocrx_word' id='word_1_131' title='bbox 3388 1166 3514 1205; x_wconf 85' lang='lat' dir='ltr'><strong>cum</strong></span> <span class='ocrx_word' id='word_1_132' title='bbox 3572 1165 3633 1205; x_wconf 79' lang='lat' dir='ltr'><strong>tte</strong></span> 
     </span>
    </p>
   </div>
   <div class='ocr_carea' id='block_1_18' title="bbox 361 1243 992 1311">
    <p class='ocr_par' dir='ltr' id='par_1_18' title="bbox 361 1243 992 1311">
     <span class='ocr_line' id='line_1_18' title="bbox 361 1243 992 1311; baseline -0.003 -17"><span class='ocrx_word' id='word_1_133' title='bbox 361 1245 497 1296; x_wconf 39' lang='lat' dir='ltr'><strong>\‘itio</strong></span> <span class='ocrx_word' id='word_1_134' title='bbox 533 1243 705 1306; x_wconf 82' lang='lat' dir='ltr'><strong>dedit,</strong></span> <span class='ocrx_word' id='word_1_135' title='bbox 743 1244 992 1311; x_wconf 90' lang='lat' dir='ltr'><strong>punitur.</strong></span> 
     </span>
    </p>
   </div>
   <div class='ocr_carea' id='block_1_19' title="bbox 433 1332 1944 1404">
    <p class='ocr_par' dir='ltr' id='par_1_19' title="bbox 433 1332 1944 1404">
     <span class='ocr_line' id='line_1_19' title="bbox 433 1332 1944 1404; baseline -0.005 -15"><span class='ocrx_word' id='word_1_136' title='bbox 433 1338 594 1389; x_wconf 76' lang='grc' dir='ltr'><strong>Ὥστε</strong></span> <span class='ocrx_word' id='word_1_137' title='bbox 620 1336 778 1404; x_wconf 63' lang='grc' dir='ltr'><strong>ήθεὶε</strong></span> <span class='ocrx_word' id='word_1_138' title='bbox 809 1337 907 1403; x_wconf 84' lang='grc' dir='ltr'><strong>μὲν</strong></span> <span class='ocrx_word' id='word_1_139' title='bbox 924 1333 1292 1398; x_wconf 72' lang='grc' dir='ltr'><strong>αὐτεξουσίως</strong></span> <span class='ocrx_word' id='word_1_140' title='bbox 1321 1334 1618 1403; x_wconf 84' lang='grc' dir='ltr'><strong>κινουμένη</strong></span> <span class='ocrx_word' id='word_1_141' title='bbox 1657 1336 1690 1402; x_wconf 80' lang='grc' dir='ltr'>ἠ</span> <span class='ocrx_word' id='word_1_142' title='bbox 1723 1333 1813 1385; x_wconf 88' lang='grc' dir='ltr'><strong>τοῦ</strong></span> <span class='ocrx_word' id='word_1_143' title='bbox 1838 1332 1944 1383; x_wconf 69' lang='grc' dir='ltr'><strong>Κυυ</strong></span> 
     </span>
    </p>
   </div>
   <div class='ocr_carea' id='block_1_20' title="bbox 367 1424 1950 1497">
    <p class='ocr_par' dir='ltr' id='par_1_20' title="bbox 367 1424 1950 1497">
     <span class='ocr_line' id='line_1_20' title="bbox 367 1424 1950 1497; baseline 0 -19"><span class='ocrx_word' id='word_1_144' title='bbox 367 1429 482 1497; x_wconf 86' lang='grc' dir='ltr'><strong>ρίου</strong></span> <span class='ocrx_word' id='word_1_145' title='bbox 515 1427 681 1495; x_wconf 79' lang='grc' dir='ltr'><strong>ψυχὴ,</strong></span> <span class='ocrx_word' id='word_1_146' title='bbox 702 1427 817 1478; x_wconf 71' lang='grc' dir='ltr'><strong>ἀλλ’</strong></span> <span class='ocrx_word' id='word_1_147' title='bbox 847 1427 1027 1478; x_wconf 68' lang='grc' dir='ltr'><strong>ἐκεῖνα</strong></span> <span class='ocrx_word' id='word_1_148' title='bbox 1048 1427 1412 1490; x_wconf 79' lang='grc' dir='ltr'><strong>αὐτεξουσίως</strong></span> <span class='ocrx_word' id='word_1_149' title='bbox 1439 1425 1653 1495; x_wconf 72' lang='grc' dir='ltr'><strong>ἢθελεν,</strong></span> <span class='ocrx_word' id='word_1_150' title='bbox 1688 1425 1724 1478; x_wconf 75' lang='grc' dir='ltr'>ἃ.</span> <span class='ocrx_word' id='word_1_151' title='bbox 1767 1428 1796 1491; x_wconf 80' lang='grc' dir='ltr'>ἡ</span> <span class='ocrx_word' id='word_1_152' title='bbox 1830 1424 1950 1478; x_wconf 85' lang='grc' dir='ltr'><strong>θεία</strong></span> 
     </span>
    </p>
   </div>
   <div class='ocr_carea' id='block_1_21' title="bbox 365 1517 1950 1587">
    <p class='ocr_par' dir='ltr' id='par_1_21' title="bbox 365 1517 1950 1587">
     <span class='ocr_line' id='line_1_21' title="bbox 365 1517 1950 1587; baseline -0.003 -16"><span class='ocrx_word' id='word_1_153' title='bbox 365 1519 532 1572; x_wconf 84' lang='grc' dir='ltr'><strong>αὐτοῦ</strong></span> <span class='ocrx_word' id='word_1_154' title='bbox 560 1520 778 1587; x_wconf 74' lang='grc' dir='ltr'><strong>θέλησις</strong></span> <span class='ocrx_word' id='word_1_155' title='bbox 804 1518 960 1587; x_wconf 66' lang='grc' dir='ltr'><strong>ἧθελε</strong></span> <span class='ocrx_word' id='word_1_156' title='bbox 1005 1518 1178 1568; x_wconf 78' lang='grc' dir='ltr'><strong>θέλειν</strong></span> <span class='ocrx_word' id='word_1_157' title='bbox 1225 1517 1419 1585; x_wconf 81' lang='grc' dir='ltr'><strong>αὑτήν.</strong></span> <span class='ocrx_word' id='word_1_158' title='bbox 1457 1517 1532 1568; x_wconf 82' lang='grc' dir='ltr'><strong>Οὐ</strong></span> <span class='ocrx_word' id='word_1_159' title='bbox 1567 1517 1678 1586; x_wconf 84' lang='grc' dir='ltr'><strong>γὰρ</strong></span> <span class='ocrx_word' id='word_1_160' title='bbox 1721 1517 1950 1585; x_wconf 83' lang='grc' dir='ltr'><strong>νεύματι</strong></span> 
     </span>
    </p>
   </div>
   <div class='ocr_carea' id='block_1_22' title="bbox 368 1608 1951 1677">
    <p class='ocr_par' dir='ltr' id='par_1_22' title="bbox 368 1608 1951 1677">
     <span class='ocr_line' id='line_1_22' title="bbox 368 1608 1951 1677; baseline -0.001 -15"><span class='ocrx_word' id='word_1_161' title='bbox 368 1612 461 1662; x_wconf 81' lang='grc' dir='ltr'><strong>τοῦ</strong></span> <span class='ocrx_word' id='word_1_162' title='bbox 508 1611 684 1676; x_wconf 85' lang='grc' dir='ltr'>Λόγου</span> <span class='ocrx_word' id='word_1_163' title='bbox 744 1612 776 1677; x_wconf 82' lang='grc' dir='ltr'>ὴ</span> <span class='ocrx_word' id='word_1_164' title='bbox 811 1609 950 1675; x_wconf 79' lang='grc' dir='ltr'><strong>σὰρξ</strong></span> <span class='ocrx_word' id='word_1_165' title='bbox 981 1609 1233 1660; x_wconf 80' lang='grc' dir='ltr'><strong>ὲκινεῖτο⁸</strong></span> <span class='ocrx_word' id='word_1_166' title='bbox 1289 1611 1385 1659; x_wconf 76' lang='grc' dir='ltr'><strong>καὶ</strong></span> <span class='ocrx_word' id='word_1_167' title='bbox 1447 1608 1684 1676; x_wconf 78' lang='grc' dir='ltr'><strong>Μωῦσης</strong></span> <span class='ocrx_word' id='word_1_168' title='bbox 1720 1610 1826 1677; x_wconf 84' lang='grc' dir='ltr'><strong>γὰρ</strong></span> <span class='ocrx_word' id='word_1_169' title='bbox 1856 1609 1951 1660; x_wconf 79' lang='grc' dir='ltr'><strong>καὶ</strong></span> 
     </span>
    </p>
   </div>
   <div class='ocr_carea' id='block_1_23' title="bbox 369 1699 1951 1769">
    <p class='ocr_par' dir='ltr' id='par_1_23' title="bbox 369 1699 1951 1769">
     <span class='ocr_line' id='line_1_23' title="bbox 369 1699 1951 1769; baseline -0.001 -17"><span class='ocrx_word' id='word_1_170' title='bbox 369 1704 568 1764; x_wconf 76' lang='grc' dir='ltr'><strong>πάντες</strong></span> <span class='ocrx_word' id='word_1_171' title='bbox 599 1703 647 1753; x_wconf 76' lang='lat' dir='ltr'><strong>oi</strong></span> <span class='ocrx_word' id='word_1_172' title='bbox 680 1703 822 1768; x_wconf 72' lang='grc' dir='ltr'><strong>ἆγιοι</strong></span> <span class='ocrx_word' id='word_1_173' title='bbox 845 1701 1073 1769; x_wconf 76' lang='grc' dir='ltr'><strong>νεύματι</strong></span> <span class='ocrx_word' id='word_1_174' title='bbox 1101 1700 1232 1766; x_wconf 80' lang='grc' dir='ltr'><strong>θείῳ</strong></span> <span class='ocrx_word' id='word_1_175' title='bbox 1266 1700 1566 1752; x_wconf 81' lang='grc' dir='ltr'><strong>ἐκινοῦντο’</strong></span> <span class='ocrx_word' id='word_1_176' title='bbox 1600 1700 1714 1752; x_wconf 71' lang='grc' dir='ltr'><strong>ἀλλ’</strong></span> <span class='ocrx_word' id='word_1_177' title='bbox 1737 1703 1764 1752; x_wconf 86' lang='grc' dir='ltr'><strong>ό</strong></span> <span class='ocrx_word' id='word_1_178' title='bbox 1790 1699 1951 1761; x_wconf 81' lang='grc' dir='ltr'><strong>αὐτὸς</strong></span> 
     </span>
    </p>
   </div>
   <div class='ocr_carea' id='block_1_24' title="bbox 2135 1331 3638 1390">
    <p class='ocr_par' dir='ltr' id='par_1_24' title="bbox 2135 1331 3638 1390">
     <span class='ocr_line' id='line_1_24' title="bbox 2135 1331 3638 1390; baseline 0.005 -7"><span class='ocrx_word' id='word_1_179' title='bbox 2135 1331 2333 1385; x_wconf 74' lang='lat' dir='ltr'><strong>Dirian</strong></span> <span class='ocrx_word' id='word_1_180' title='bbox 2390 1342 2437 1384; x_wconf 84' lang='lat' dir='ltr'><strong>et</strong></span> <span class='ocrx_word' id='word_1_181' title='bbox 2461 1333 2708 1385; x_wconf 69' lang='lat' dir='ltr'><strong>humanm</strong></span> <span class='ocrx_word' id='word_1_182' title='bbox 2756 1334 3045 1386; x_wconf 75' lang='lat' dir='ltr'><strong>voluntatis</strong></span> <span class='ocrx_word' id='word_1_183' title='bbox 3075 1335 3358 1388; x_wconf 65' lang='lat' dir='ltr'><strong>discrimen</strong></span> <span class='ocrx_word' id='word_1_184' title='bbox 3397 1335 3452 1387; x_wconf 86' lang='lat' dir='ltr'><strong>in</strong></span> <span class='ocrx_word' id='word_1_185' title='bbox 3482 1335 3638 1390; x_wconf 80' lang='lat' dir='ltr'><strong>Chri-</strong></span> 
     </span>
    </p>
   </div>
   <div class='ocr_carea' id='block_1_25' title="bbox 2057 1425 3634 1493">
    <p class='ocr_par' dir='ltr' id='par_1_25' title="bbox 2057 1425 3634 1493">
     <span class='ocr_line' id='line_1_25' title="bbox 2057 1425 3634 1493; baseline 0.005 -17"><span class='ocrx_word' id='word_1_186' title='bbox 2057 1433 2156 1476; x_wconf 81' lang='lat' dir='ltr'><strong>sto.</strong></span> <span class='ocrx_word' id='word_1_187' title='bbox 2192 1455 2251 1463; x_wconf 98' lang='lat'><strong>—</strong></span> <span class='ocrx_word' id='word_1_188' title='bbox 2283 1425 2418 1492; x_wconf 79' lang='lat' dir='ltr'><strong>Ergo</strong></span> <span class='ocrx_word' id='word_1_189' title='bbox 2454 1426 2670 1478; x_wconf 82' lang='lat' dir='ltr'><strong>\olebat</strong></span> <span class='ocrx_word' id='word_1_190' title='bbox 2701 1425 2926 1493; x_wconf 91' lang='lat' dir='ltr'><strong>quidem</strong></span> <span class='ocrx_word' id='word_1_191' title='bbox 2961 1426 3176 1480; x_wconf 87' lang='lat' dir='ltr'><strong>Domini</strong></span> <span class='ocrx_word' id='word_1_192' title='bbox 3220 1429 3401 1482; x_wconf 88' lang='lat' dir='ltr'><strong>anima</strong></span> <span class='ocrx_word' id='word_1_193' title='bbox 3457 1429 3634 1484; x_wconf 85' lang='lat' dir='ltr'><strong>libere</strong></span> 
     </span>
    </p>
   </div>
   <div class='ocr_carea' id='block_1_26' title="bbox 2058 1517 3634 1587">
    <p class='ocr_par' dir='ltr' id='par_1_26' title="bbox 2058 1517 3634 1587">
     <span class='ocr_line' id='line_1_26' title="bbox 2058 1517 3634 1587; baseline 0.003 -17"><span class='ocrx_word' id='word_1_194' title='bbox 2058 1517 2313 1579; x_wconf 81' lang='lat' dir='ltr'><strong>excitata,</strong></span> <span class='ocrx_word' id='word_1_195' title='bbox 2344 1518 2438 1570; x_wconf 89' lang='lat' dir='ltr'><strong>sed</strong></span> <span class='ocrx_word' id='word_1_196' title='bbox 2472 1532 2535 1570; x_wconf 89' lang='lat' dir='ltr'><strong>ca</strong></span> <span class='ocrx_word' id='word_1_197' title='bbox 2565 1517 2737 1569; x_wconf 82' lang='lat' dir='ltr'><strong>libere</strong></span> <span class='ocrx_word' id='word_1_198' title='bbox 2760 1517 2982 1569; x_wconf 90' lang='lat' dir='ltr'><strong>demum</strong></span> <span class='ocrx_word' id='word_1_199' title='bbox 3026 1518 3263 1583; x_wconf 88' lang='lat' dir='ltr'><strong>volebat,</strong></span> <span class='ocrx_word' id='word_1_200' title='bbox 3301 1535 3423 1587; x_wconf 68' lang='lat' dir='ltr'><strong>qua:</strong></span> <span class='ocrx_word' id='word_1_201' title='bbox 3448 1520 3634 1575; x_wconf 90' lang='lat' dir='ltr'><strong>divina</strong></span> 
     </span>
    </p>
   </div>
   <div class='ocr_carea' id='block_1_27' title="bbox 2060 1608 3639 1677">
    <p class='ocr_par' dir='ltr' id='par_1_27' title="bbox 2060 1608 3639 1677">
     <span class='ocr_line' id='line_1_27' title="bbox 2060 1608 3639 1677; baseline 0.001 -14"><span class='ocrx_word' id='word_1_202' title='bbox 2060 1609 2230 1677; x_wconf 88' lang='lat' dir='ltr'><strong>ipsius</strong></span> <span class='ocrx_word' id='word_1_203' title='bbox 2261 1608 2512 1661; x_wconf 84' lang='lat' dir='ltr'><strong>voluntas</strong></span> <span class='ocrx_word' id='word_1_204' title='bbox 2553 1609 2688 1661; x_wconf 89' lang='lat' dir='ltr'><strong>velle</strong></span> <span class='ocrx_word' id='word_1_205' title='bbox 2725 1624 2842 1661; x_wconf 89' lang='lat' dir='ltr'><strong>eam</strong></span> <span class='ocrx_word' id='word_1_206' title='bbox 2864 1609 3100 1662; x_wconf 83' lang='lat' dir='ltr'><strong>volebat.</strong></span> <span class='ocrx_word' id='word_1_207' title='bbox 3138 1610 3255 1663; x_wconf 86' lang='lat' dir='ltr'><strong>Non</strong></span> <span class='ocrx_word' id='word_1_208' title='bbox 3289 1610 3436 1664; x_wconf 87' lang='lat' dir='ltr'><strong>enim</strong></span> <span class='ocrx_word' id='word_1_209' title='bbox 3472 1609 3639 1664; x_wconf 80' lang='lat' dir='ltr'><strong>Verbi</strong></span> 
     </span>
    </p>
   </div>
   <div class='ocr_carea' id='block_1_28' title="bbox 2060 1698 3634 1768">
    <p class='ocr_par' dir='ltr' id='par_1_28' title="bbox 2060 1698 3634 1768">
     <span class='ocr_line' id='line_1_28' title="bbox 2060 1698 3634 1768; baseline 0.006 -22"><span class='ocrx_word' id='word_1_210' title='bbox 2060 1707 2196 1748; x_wconf 89' lang='lat' dir='ltr'><strong>nutu</strong></span> <span class='ocrx_word' id='word_1_211' title='bbox 2233 1711 2363 1748; x_wconf 91' lang='lat' dir='ltr'><strong>caro</strong></span> <span class='ocrx_word' id='word_1_212' title='bbox 2396 1698 2906 1768; x_wconf 84' lang='lat' dir='ltr'><strong>movebatur,juxta</strong></span> <span class='ocrx_word' id='word_1_213' title='bbox 2958 1715 3021 1752; x_wconf 87' lang='lat' dir='ltr'><strong>ac</strong></span> <span class='ocrx_word' id='word_1_214' title='bbox 3090 1699 3269 1754; x_wconf 83' lang='lat' dir='ltr'><strong>Moses</strong></span> <span class='ocrx_word' id='word_1_215' title='bbox 3341 1710 3395 1754; x_wconf 90' lang='lat' dir='ltr'><strong>et</strong></span> <span class='ocrx_word' id='word_1_216' title='bbox 3452 1702 3634 1755; x_wconf 87' lang='lat' dir='ltr'><strong>sancti</strong></span> 
     </span>
    </p>
   </div>
   <div class='ocr_carea' id='block_1_29' title="bbox 367 1774 2112 1861">
    <p class='ocr_par' dir='ltr' id='par_1_29' title="bbox 367 1774 2112 1860">
     <span class='ocr_line' id='line_1_29' title="bbox 367 1774 2112 1860; baseline -0.004 -15"><span class='ocrx_word' id='word_1_217' title='bbox 367 1789 444 1854; x_wconf 74' lang='grc' dir='ltr'><strong>εἷς</strong></span> <span class='ocrx_word' id='word_1_218' title='bbox 468 1794 540 1845; x_wconf 81' lang='grc' dir='ltr'><strong>ὢν</strong></span> <span class='ocrx_word' id='word_1_219' title='bbox 565 1792 697 1853; x_wconf 81' lang='grc' dir='ltr'><strong>Θεός</strong></span> <span class='ocrx_word' id='word_1_220' title='bbox 729 1809 786 1844; x_wconf 89' lang='grc' dir='ltr'><strong>τε</strong></span> <span class='ocrx_word' id='word_1_221' title='bbox 818 1795 911 1844; x_wconf 72' lang='grc' dir='ltr'><strong>καὶ</strong></span> <span class='ocrx_word' id='word_1_222' title='bbox 952 1789 1262 1860; x_wconf 62' lang='grc' dir='ltr'><strong>ἄνθρωπος,</strong></span> <span class='ocrx_word' id='word_1_223' title='bbox 1290 1789 1432 1842; x_wconf 85' lang='grc' dir='ltr'><strong>κατά</strong></span> <span class='ocrx_word' id='word_1_224' title='bbox 1462 1805 1520 1840; x_wconf 90' lang='grc' dir='ltr'><strong>τε</strong></span> <span class='ocrx_word' id='word_1_225' title='bbox 1551 1789 1650 1856; x_wconf 74' lang='grc' dir='ltr'><strong>τὴν</strong></span> <span class='ocrx_word' id='word_1_226' title='bbox 1681 1789 1832 1840; x_wconf 82' lang='grc' dir='ltr'><strong>θείαν</strong></span> <span class='ocrx_word' id='word_1_227' title='bbox 1858 1788 1950 1839; x_wconf 74' lang='grc' dir='ltr'><strong>καὶ</strong></span> <span class='ocrx_word' id='word_1_228' title='bbox 1980 1774 2025 1832; x_wconf 79' lang='grc' dir='ltr'><strong>Β</strong></span> <span class='ocrx_word' id='word_1_229' title='bbox 2056 1802 2112 1839; x_wconf 85' lang='grc' dir='ltr'><strong>Οῐ</strong></span> 
     </span>
    </p>
   </div>
   <div class='ocr_carea' id='block_1_30' title="bbox 1893 1774 3638 1861">
    <p class='ocr_par' dir='ltr' id='par_1_30' title="bbox 1895 1774 3638 1861">
     <span class='ocr_line' id='line_1_30' title="bbox 1895 1774 3638 1861; baseline 0.005 -22"><span class='ocrx_word' id='word_1_230' title='bbox 1895 1788 1950 1839; x_wconf 73' lang='grc' dir='ltr'><strong>αἱ</strong></span> <span class='ocrx_word' id='word_1_231' title='bbox 1980 1774 2025 1832; x_wconf 81' lang='grc' dir='ltr'><strong>Β</strong></span> <span class='ocrx_word' id='word_1_232' title='bbox 2056 1801 2247 1840; x_wconf 91' lang='lat' dir='ltr'><strong>omnes</strong></span> <span class='ocrx_word' id='word_1_233' title='bbox 2279 1787 2464 1839; x_wconf 75' lang='lat' dir='ltr'><strong>divino</strong></span> <span class='ocrx_word' id='word_1_234' title='bbox 2494 1799 2632 1839; x_wconf 91' lang='lat' dir='ltr'><strong>nutu</strong></span> <span class='ocrx_word' id='word_1_235' title='bbox 2665 1789 3025 1841; x_wconf 83' lang='lat' dir='ltr'><strong>movebantur</strong></span> <span class='ocrx_word' id='word_1_236' title='bbox 3060 1807 3074 1841; x_wconf 89' lang='lat'>:</span> <span class='ocrx_word' id='word_1_237' title='bbox 3109 1805 3300 1843; x_wconf 87' lang='lat' dir='ltr'><strong>verum</strong></span> <span class='ocrx_word' id='word_1_238' title='bbox 3335 1790 3478 1844; x_wconf 88' lang='lat' dir='ltr'><strong>idem</strong></span> <span class='ocrx_word' id='word_1_239' title='bbox 3519 1792 3638 1861; x_wconf 85' lang='lat' dir='ltr'><strong>ipse</strong></span> 
     </span>
    </p>
   </div>
   <div class='ocr_carea' id='block_1_31' title="bbox 371 1881 1950 1954">
    <p class='ocr_par' dir='ltr' id='par_1_31' title="bbox 371 1881 1950 1954">
     <span class='ocr_line' id='line_1_31' title="bbox 371 1881 1950 1954; baseline -0.004 -16"><span class='ocrx_word' id='word_1_240' title='bbox 371 1887 468 1954; x_wconf 82' lang='grc' dir='ltr'><strong>τὴν</strong></span> <span class='ocrx_word' id='word_1_241' title='bbox 494 1883 851 1953; x_wconf 78' lang='grc' dir='ltr'><strong>ἀνθρωπίνην</strong></span> <span class='ocrx_word' id='word_1_242' title='bbox 875 1883 1031 1952; x_wconf 65' lang='grc' dir='ltr'><strong>ἤθελε</strong></span> <span class='ocrx_word' id='word_1_243' title='bbox 1055 1882 1296 1934; x_wconf 70' lang='grc' dir='ltr'><strong>θέλησιν·</strong></span> <span class='ocrx_word' id='word_1_244' title='bbox 1328 1882 1406 1933; x_wconf 69' lang='grc' dir='ltr'><strong>διὸ</strong></span> <span class='ocrx_word' id='word_1_245' title='bbox 1444 1883 1505 1934; x_wconf 88' lang='grc' dir='ltr'><strong>ού</strong></span> <span class='ocrx_word' id='word_1_246' title='bbox 1537 1881 1752 1950; x_wconf 80' lang='grc' dir='ltr'><strong>γνώμῃ,</strong></span> <span class='ocrx_word' id='word_1_247' title='bbox 1789 1897 1950 1948; x_wconf 85' lang='grc' dir='ltr'><strong>φυσι-</strong></span> 
     </span>
    </p>
   </div>
   <div class='ocr_carea' id='block_1_32' title="bbox 374 1971 1949 2048">
    <p class='ocr_par' dir='ltr' id='par_1_32' title="bbox 374 1971 1949 2048">
     <span class='ocr_line' id='line_1_32' title="bbox 374 1971 1949 2048; baseline -0.004 -18"><span class='ocrx_word' id='word_1_248' title='bbox 374 1982 442 2048; x_wconf 78' lang='grc' dir='ltr'><strong>κῇ</strong></span> <span class='ocrx_word' id='word_1_249' title='bbox 476 1979 531 2030; x_wconf 84' lang='grc' dir='ltr'><strong>δὲ</strong></span> <span class='ocrx_word' id='word_1_250' title='bbox 567 1978 768 2047; x_wconf 82' lang='grc' dir='ltr'><strong>μᾶλλον</strong></span> <span class='ocrx_word' id='word_1_251' title='bbox 797 1975 1054 2042; x_wconf 72' lang='grc' dir='ltr'><strong>δυνάμει,</strong></span> <span class='ocrx_word' id='word_1_252' title='bbox 1115 1976 1168 2028; x_wconf 82' lang='lat' dir='ltr'><strong>at</strong></span> <span class='ocrx_word' id='word_1_253' title='bbox 1210 1973 1302 2025; x_wconf 87' lang='grc' dir='ltr'><strong>δύο</strong></span> <span class='ocrx_word' id='word_1_254' title='bbox 1331 1974 1426 2025; x_wconf 82' lang='grc' dir='ltr'><strong>τοῦ</strong></span> <span class='ocrx_word' id='word_1_255' title='bbox 1463 1973 1669 2041; x_wconf 79' lang='grc' dir='ltr'>Κυρίου</span> <span class='ocrx_word' id='word_1_256' title='bbox 1699 1971 1949 2041; x_wconf 83' lang='grc' dir='ltr'><strong>θελήσεις</strong></span> 
     </span>
    </p>
   </div>
   <div class='ocr_carea' id='block_1_33' title="bbox 376 2064 1951 2137">
    <p class='ocr_par' dir='ltr' id='par_1_33' title="bbox 376 2064 1951 2137">
     <span class='ocr_line' id='line_1_33' title="bbox 376 2064 1951 2137; baseline -0.004 -15"><span class='ocrx_word' id='word_1_257' title='bbox 376 2072 624 2137; x_wconf 80' lang='grc' dir='ltr'><strong>διέφερον</strong></span> <span class='ocrx_word' id='word_1_258' title='bbox 646 2068 917 2137; x_wconf 67' lang='grc' dir='ltr'><strong>ἀλλήλων.</strong></span> <span class='ocrx_word' id='word_1_259' title='bbox 958 2067 1021 2118; x_wconf 81' lang='grc' dir='ltr'><strong>Ἠ</strong></span> <span class='ocrx_word' id='word_1_260' title='bbox 1071 2067 1168 2134; x_wconf 82' lang='grc' dir='ltr'><strong>μὲν</strong></span> <span class='ocrx_word' id='word_1_261' title='bbox 1204 2066 1312 2135; x_wconf 86' lang='grc' dir='ltr'><strong>γὰρ</strong></span> <span class='ocrx_word' id='word_1_262' title='bbox 1356 2065 1481 2117; x_wconf 91' lang='grc' dir='ltr'><strong>θεία</strong></span> <span class='ocrx_word' id='word_1_263' title='bbox 1531 2064 1701 2118; x_wconf 84' lang='grc' dir='ltr'><strong>αὑτοῦ</strong></span> <span class='ocrx_word' id='word_1_264' title='bbox 1734 2065 1951 2136; x_wconf 81' lang='grc' dir='ltr'><strong>θέλησις</strong></span> 
     </span>
    </p>
   </div>
   <div class='ocr_carea' id='block_1_34' title="bbox 377 2154 1953 2233">
    <p class='ocr_par' dir='ltr' id='par_1_34' title="bbox 377 2154 1953 2233">
     <span class='ocr_line' id='line_1_34' title="bbox 377 2154 1953 2233; baseline -0.006 -14"><span class='ocrx_word' id='word_1_265' title='bbox 377 2169 477 2219; x_wconf 82' lang='grc' dir='ltr'><strong>ἀνα</strong></span> <span class='ocrx_word' id='word_1_266' title='bbox 490 2163 612 2233; x_wconf 78' lang='grc' dir='ltr'><strong>ρχὸς</strong></span> <span class='ocrx_word' id='word_1_267' title='bbox 642 2179 699 2214; x_wconf 92' lang='grc' dir='ltr'><strong>τε</strong></span> <span class='ocrx_word' id='word_1_268' title='bbox 737 2161 832 2213; x_wconf 70' lang='grc' dir='ltr'><strong>καὶ</strong></span> <span class='ocrx_word' id='word_1_269' title='bbox 857 2160 1194 2228; x_wconf 66' lang='grc' dir='ltr'><strong>παντουργος</strong></span> <span class='ocrx_word' id='word_1_270' title='bbox 1210 2154 1300 2227; x_wconf 81' lang='grc' dir='ltr'><strong>ἦν,</strong></span> <span class='ocrx_word' id='word_1_271' title='bbox 1327 2157 1603 2227; x_wconf 53' lang='grc' dir='ltr'><strong>ὲθομένην</strong></span> <span class='ocrx_word' id='word_1_272' title='bbox 1631 2157 1831 2228; x_wconf 74' lang='grc' dir='ltr'><strong>ἔχουσα</strong></span> <span class='ocrx_word' id='word_1_273' title='bbox 1854 2159 1953 2228; x_wconf 83' lang='grc' dir='ltr'><strong>τὴν</strong></span> 
     </span>
    </p>
   </div>
   <div class='ocr_carea' id='block_1_35' title="bbox 377 2250 1941 2324">
    <p class='ocr_par' dir='ltr' id='par_1_35' title="bbox 377 2250 1941 2324">
     <span class='ocr_line' id='line_1_35' title="bbox 377 2250 1941 2324; baseline -0.004 -16"><span class='ocrx_word' id='word_1_274' title='bbox 377 2258 635 2324; x_wconf 85' lang='grc' dir='ltr'><strong>δύναμιν,</strong></span> <span class='ocrx_word' id='word_1_275' title='bbox 665 2258 761 2306; x_wconf 80' lang='grc' dir='ltr'><strong>καὶ</strong></span> <span class='ocrx_word' id='word_1_276' title='bbox 799 2252 1041 2320; x_wconf 59' lang='grc' dir='ltr'><strong>ἀπαθής</strong></span> <span class='ocrx_word' id='word_1_277' title='bbox 1065 2253 1098 2320; x_wconf 77' lang='grc' dir='ltr'>ἡ</span> <span class='ocrx_word' id='word_1_278' title='bbox 1121 2250 1508 2320; x_wconf 81' lang='grc' dir='ltr'><strong>δὲάνθρωπινη</strong></span> <span class='ocrx_word' id='word_1_279' title='bbox 1532 2268 1698 2303; x_wconf 87' lang='grc' dir='ltr'><strong>αυτου</strong></span> <span class='ocrx_word' id='word_1_280' title='bbox 1723 2251 1941 2319; x_wconf 75' lang='grc' dir='ltr'><strong>θέλησις</strong></span> 
     </span>
    </p>
   </div>
   <div class='ocr_carea' id='block_1_36' title="bbox 381 2342 1954 2414">
    <p class='ocr_par' dir='ltr' id='par_1_36' title="bbox 381 2342 1954 2414">
     <span class='ocr_line' id='line_1_36' title="bbox 381 2342 1954 2414; baseline -0.001 -14"><span class='ocrx_word' id='word_1_281' title='bbox 381 2349 489 2400; x_wconf 86' lang='grc' dir='ltr'><strong>ἀπὸ</strong></span> <span class='ocrx_word' id='word_1_282' title='bbox 517 2346 710 2414; x_wconf 83' lang='grc' dir='ltr'><strong>χρόνου</strong></span> <span class='ocrx_word' id='word_1_283' title='bbox 749 2343 976 2412; x_wconf 63' lang='grc' dir='ltr'><strong>ἤρξατο,</strong></span> <span class='ocrx_word' id='word_1_284' title='bbox 1005 2344 1101 2395; x_wconf 79' lang='grc' dir='ltr'><strong>καὶ</strong></span> <span class='ocrx_word' id='word_1_285' title='bbox 1140 2342 1280 2412; x_wconf 81' lang='grc' dir='ltr'><strong>αὑτὴ</strong></span> <span class='ocrx_word' id='word_1_286' title='bbox 1305 2343 1372 2396; x_wconf 75' lang='grc' dir='ltr'><strong>τὰ</strong></span> <span class='ocrx_word' id='word_1_287' title='bbox 1404 2344 1613 2410; x_wconf 73' lang='grc' dir='ltr'><strong>φυσικὰ</strong></span> <span class='ocrx_word' id='word_1_288' title='bbox 1670 2347 1764 2398; x_wconf 75' lang='grc' dir='ltr'><strong>καὶ</strong></span> <span class='ocrx_word' id='word_1_289' title='bbox 1805 2346 1954 2398; x_wconf 81' lang='grc' dir='ltr'><strong>ἀδιά-</strong></span> 
     </span>
    </p>
   </div>
   <div class='ocr_carea' id='block_1_37' title="bbox 384 2435 1939 2506">
    <p class='ocr_par' dir='ltr' id='par_1_37' title="bbox 384 2435 1939 2506">
     <span class='ocr_line' id='line_1_37' title="bbox 384 2435 1939 2506; baseline -0.001 -17"><span class='ocrx_word' id='word_1_290' title='bbox 384 2439 557 2505; x_wconf 75' lang='grc' dir='ltr'><strong>ϐλητα</strong></span> <span class='ocrx_word' id='word_1_291' title='bbox 583 2436 728 2506; x_wconf 81' lang='grc' dir='ltr'><strong>πάθη</strong></span> <span class='ocrx_word' id='word_1_292' title='bbox 768 2437 1054 2504; x_wconf 82' lang='grc' dir='ltr'><strong>ὑπέμεινε,</strong></span> <span class='ocrx_word' id='word_1_293' title='bbox 1090 2436 1183 2486; x_wconf 75' lang='grc' dir='ltr'><strong>καὶ</strong></span> <span class='ocrx_word' id='word_1_294' title='bbox 1211 2435 1455 2502; x_wconf 75' lang='grc' dir='ltr'><strong>φυσ.λῶς</strong></span> <span class='ocrx_word' id='word_1_295' title='bbox 1487 2437 1586 2504; x_wconf 82' lang='grc' dir='ltr'><strong>μὲν</strong></span> <span class='ocrx_word' id='word_1_296' title='bbox 1605 2454 1663 2487; x_wconf 63' lang='grc' dir='ltr'><strong>οδ</strong></span> <span class='ocrx_word' id='word_1_297' title='bbox 1694 2437 1939 2488; x_wconf 86' lang='grc' dir='ltr'><strong>παντοδυ-</strong></span> 
     </span>
    </p>
   </div>
   <div class='ocr_carea' id='block_1_38' title="bbox 384 2527 1956 2600">
    <p class='ocr_par' dir='ltr' id='par_1_38' title="bbox 384 2527 1956 2600">
     <span class='ocr_line' id='line_1_38' title="bbox 384 2527 1956 2600; baseline -0.001 -16"><span class='ocrx_word' id='word_1_298' title='bbox 384 2549 554 2599; x_wconf 85' lang='grc' dir='ltr'><strong>ναμος</strong></span> <span class='ocrx_word' id='word_1_299' title='bbox 587 2527 675 2600; x_wconf 77' lang='grc' dir='ltr'><strong>ἦν,</strong></span> <span class='ocrx_word' id='word_1_300' title='bbox 705 2529 782 2592; x_wconf 86' lang='grc' dir='ltr'><strong>ὼς</strong></span> <span class='ocrx_word' id='word_1_301' title='bbox 813 2530 869 2581; x_wconf 78' lang='grc' dir='ltr'><strong>δὲ</strong></span> <span class='ocrx_word' id='word_1_302' title='bbox 910 2528 1003 2580; x_wconf 86' lang='grc' dir='ltr'><strong>τοῦ</strong></span> <span class='ocrx_word' id='word_1_303' title='bbox 1037 2527 1172 2579; x_wconf 88' lang='grc' dir='ltr'><strong>Θεοῦ</strong></span> <span class='ocrx_word' id='word_1_304' title='bbox 1228 2529 1405 2594; x_wconf 80' lang='grc' dir='ltr'><strong>Λόγου</strong></span> <span class='ocrx_word' id='word_1_305' title='bbox 1440 2528 1658 2597; x_wconf 79' lang='grc' dir='ltr'><strong>ἀληθῶς</strong></span> <span class='ocrx_word' id='word_1_306' title='bbox 1693 2531 1784 2583; x_wconf 73' lang='grc' dir='ltr'><strong>καὶ</strong></span> <span class='ocrx_word' id='word_1_307' title='bbox 1814 2531 1956 2582; x_wconf 79' lang='grc' dir='ltr'><strong>κατὰ.</strong></span> 
     </span>
    </p>
   </div>
   <div class='ocr_carea' id='block_1_39' title="bbox 386 2619 1449 2692">
    <p class='ocr_par' dir='ltr' id='par_1_39' title="bbox 386 2619 1449 2692">
     <span class='ocr_line' id='line_1_39' title="bbox 386 2619 1449 2692; baseline -0.002 -16"><span class='ocrx_word' id='word_1_308' title='bbox 386 2630 546 2692; x_wconf 74' lang='grc' dir='ltr'><strong>φύσιν</strong></span> <span class='ocrx_word' id='word_1_309' title='bbox 577 2622 868 2692; x_wconf 83' lang='grc' dir='ltr'><strong>γενομένη,</strong></span> <span class='ocrx_word' id='word_1_310' title='bbox 898 2621 992 2675; x_wconf 74' lang='grc' dir='ltr'><strong>καὶ</strong></span> <span class='ocrx_word' id='word_1_311' title='bbox 1023 2619 1449 2688; x_wconf 78' lang='grc' dir='ltr'><strong>παντοδύναρος.</strong></span> 
     </span>
    </p>
   </div>
   <div class='ocr_carea' id='block_1_40' title="bbox 2058 1879 3636 1946">
    <p class='ocr_par' dir='ltr' id='par_1_40' title="bbox 2058 1879 3636 1946">
     <span class='ocr_line' id='line_1_40' title="bbox 2058 1879 3636 1946; baseline 0.004 -15"><span class='ocrx_word' id='word_1_312' title='bbox 2058 1893 2183 1932; x_wconf 92' lang='lat' dir='ltr'><strong>cum</strong></span> <span class='ocrx_word' id='word_1_313' title='bbox 2215 1889 2269 1933; x_wconf 91' lang='lat' dir='ltr'><strong>et</strong></span> <span class='ocrx_word' id='word_1_314' title='bbox 2297 1879 2440 1933; x_wconf 87' lang='lat' dir='ltr'><strong>Deus</strong></span> <span class='ocrx_word' id='word_1_315' title='bbox 2468 1889 2523 1932; x_wconf 89' lang='lat' dir='ltr'><strong>et</strong></span> <span class='ocrx_word' id='word_1_316' title='bbox 2554 1880 2715 1932; x_wconf 91' lang='lat' dir='ltr'><strong>homo</strong></span> <span class='ocrx_word' id='word_1_317' title='bbox 2743 1891 2906 1946; x_wconf 86' lang='lat' dir='ltr'><strong>esset,</strong></span> <span class='ocrx_word' id='word_1_318' title='bbox 2937 1889 3049 1933; x_wconf 89' lang='lat' dir='ltr'><strong>tum</strong></span> <span class='ocrx_word' id='word_1_319' title='bbox 3093 1881 3299 1946; x_wconf 90' lang='lat' dir='ltr'><strong>divina,</strong></span> <span class='ocrx_word' id='word_1_320' title='bbox 3359 1891 3473 1936; x_wconf 90' lang='lat' dir='ltr'><strong>tum</strong></span> <span class='ocrx_word' id='word_1_321' title='bbox 3530 1884 3636 1937; x_wconf 90' lang='lat' dir='ltr'><strong>hu-</strong></span> 
     </span>
    </p>
   </div>
   <div class='ocr_carea' id='block_1_41' title="bbox 2060 1972 3646 2030">
    <p class='ocr_par' dir='ltr' id='par_1_41' title="bbox 2060 1972 3646 2030">
     <span class='ocr_line' id='line_1_41' title="bbox 2060 1972 3646 2030; baseline 0.003 -5"><span class='ocrx_word' id='word_1_322' title='bbox 2060 1988 2217 2026; x_wconf 91' lang='lat' dir='ltr'><strong>mana</strong></span> <span class='ocrx_word' id='word_1_323' title='bbox 2254 1975 2536 2026; x_wconf 88' lang='lat' dir='ltr'><strong>voluntate</strong></span> <span class='ocrx_word' id='word_1_324' title='bbox 2568 1972 2803 2027; x_wconf 88' lang='lat' dir='ltr'><strong>volebat.</strong></span> <span class='ocrx_word' id='word_1_325' title='bbox 2837 1972 2919 2027; x_wconf 94' lang='lat' dir='ltr'><strong>0b</strong></span> <span class='ocrx_word' id='word_1_326' title='bbox 2946 1988 3066 2026; x_wconf 91' lang='lat' dir='ltr'><strong>eam</strong></span> <span class='ocrx_word' id='word_1_327' title='bbox 3098 1989 3322 2028; x_wconf 88' lang='lat' dir='ltr'><strong>causam</strong></span> <span class='ocrx_word' id='word_1_328' title='bbox 3373 1990 3482 2028; x_wconf 91' lang='lat' dir='ltr'><strong>non</strong></span> <span class='ocrx_word' id='word_1_329' title='bbox 3511 1991 3646 2030; x_wconf 82' lang='lat' dir='ltr'><strong>con-</strong></span> 
     </span>
    </p>
   </div>
   <div class='ocr_carea' id='block_1_42' title="bbox 2059 2066 3644 2134">
    <p class='ocr_par' dir='ltr' id='par_1_42' title="bbox 2059 2066 3644 2134">
     <span class='ocr_line' id='line_1_42' title="bbox 2059 2066 3644 2134; baseline 0 -14"><span class='ocrx_word' id='word_1_330' title='bbox 2059 2066 2183 2120; x_wconf 91' lang='lat' dir='ltr'><strong>silio</strong></span> <span class='ocrx_word' id='word_1_331' title='bbox 2213 2081 2276 2119; x_wconf 93' lang='lat' dir='ltr'><strong>ac</strong></span> <span class='ocrx_word' id='word_1_332' title='bbox 2305 2066 2599 2128; x_wconf 88' lang='lat' dir='ltr'><strong>sententia,</strong></span> <span class='ocrx_word' id='word_1_333' title='bbox 2633 2067 2726 2119; x_wconf 90' lang='lat' dir='ltr'><strong>sed</strong></span> <span class='ocrx_word' id='word_1_334' title='bbox 2791 2066 3063 2119; x_wconf 79' lang='lat' dir='ltr'><strong>naturalis</strong></span> <span class='ocrx_word' id='word_1_335' title='bbox 3130 2067 3314 2134; x_wconf 88' lang='lat' dir='ltr'><strong>potius</strong></span> <span class='ocrx_word' id='word_1_336' title='bbox 3364 2066 3644 2121; x_wconf 79' lang='lat' dir='ltr'><strong>facultatis</strong></span> 
     </span>
    </p>
   </div>
   <div class='ocr_carea' id='block_1_43' title="bbox 2061 2147 3646 2221">
    <p class='ocr_par' dir='ltr' id='par_1_43' title="bbox 2061 2147 3646 2221">
     <span class='ocr_line' id='line_1_43' title="bbox 2061 2147 3646 2221; baseline 0.001 -10"><span class='ocrx_word' id='word_1_337' title='bbox 2061 2160 2294 2221; x_wconf 84' lang='lat' dir='ltr'><strong>ratione,</strong></span> <span class='ocrx_word' id='word_1_338' title='bbox 2327 2156 2447 2210; x_wconf 74' lang='lat' dir='ltr'><strong>due</strong></span> <span class='ocrx_word' id='word_1_339' title='bbox 2505 2155 2720 2211; x_wconf 89' lang='lat' dir='ltr'><strong>Domini</strong></span> <span class='ocrx_word' id='word_1_340' title='bbox 2747 2155 3058 2210; x_wconf 89' lang='lat' dir='ltr'><strong>voluntates</strong></span> <span class='ocrx_word' id='word_1_341' title='bbox 3113 2147 3257 2211; x_wconf 82' lang='lat' dir='ltr'><strong>inter</strong></span> <span class='ocrx_word' id='word_1_342' title='bbox 3291 2171 3349 2211; x_wconf 89' lang='lat' dir='ltr'><strong>se</strong></span> <span class='ocrx_word' id='word_1_343' title='bbox 3410 2157 3646 2212; x_wconf 82' lang='lat' dir='ltr'><strong>disside-</strong></span> 
     </span>
    </p>
   </div>
   <div class='ocr_carea' id='block_1_44' title="bbox 2061 2247 3646 2315">
    <p class='ocr_par' dir='ltr' id='par_1_44' title="bbox 2061 2247 3646 2315">
     <span class='ocr_line' id='line_1_44' title="bbox 2061 2247 3646 2315; baseline -0.001 -13"><span class='ocrx_word' id='word_1_344' title='bbox 2061 2248 2216 2302; x_wconf 90' lang='lat' dir='ltr'><strong>bant.</strong></span> <span class='ocrx_word' id='word_1_345' title='bbox 2258 2247 2472 2300; x_wconf 88' lang='lat' dir='ltr'><strong>Etenim</strong></span> <span class='ocrx_word' id='word_1_346' title='bbox 2520 2247 2706 2299; x_wconf 83' lang='lat' dir='ltr'><strong>divina</strong></span> <span class='ocrx_word' id='word_1_347' title='bbox 2761 2247 2880 2315; x_wconf 87' lang='lat' dir='ltr'><strong>ejus</strong></span> <span class='ocrx_word' id='word_1_348' title='bbox 2933 2248 3187 2301; x_wconf 84' lang='lat' dir='ltr'><strong>voluntas</strong></span> <span class='ocrx_word' id='word_1_349' title='bbox 3247 2247 3501 2315; x_wconf 83' lang='lat' dir='ltr'><strong>principii</strong></span> <span class='ocrx_word' id='word_1_350' title='bbox 3542 2262 3646 2302; x_wconf 80' lang='lat' dir='ltr'><strong>ex-</strong></span> 
     </span>
    </p>
   </div>
   <div class='ocr_carea' id='block_1_45' title="bbox 2062 2339 3647 2411">
    <p class='ocr_par' dir='ltr' id='par_1_45' title="bbox 2062 2339 3647 2411">
     <span class='ocr_line' id='line_1_45' title="bbox 2062 2339 3647 2411; baseline 0.002 -17"><span class='ocrx_word' id='word_1_351' title='bbox 2062 2356 2190 2410; x_wconf 91' lang='lat' dir='ltr'><strong>pers</strong></span> <span class='ocrx_word' id='word_1_352' title='bbox 2213 2356 2497 2409; x_wconf 86' lang='lat' dir='ltr'><strong>omnisque</strong></span> <span class='ocrx_word' id='word_1_353' title='bbox 2524 2341 2600 2396; x_wconf 89' lang='lat' dir='ltr'><strong>rei</strong></span> <span class='ocrx_word' id='word_1_354' title='bbox 2631 2339 2876 2395; x_wconf 82' lang='lat' dir='ltr'><strong>eﬂ&#39;ectrix</strong></span> <span class='ocrx_word' id='word_1_355' title='bbox 2914 2351 3032 2395; x_wconf 88' lang='lat' dir='ltr'><strong>erat</strong></span> <span class='ocrx_word' id='word_1_356' title='bbox 3056 2353 3140 2407; x_wconf 90' lang='lat' dir='ltr'><strong>,ut</strong></span> <span class='ocrx_word' id='word_1_357' title='bbox 3204 2351 3333 2411; x_wconf 91' lang='lat' dir='ltr'><strong>pote</strong></span> <span class='ocrx_word' id='word_1_358' title='bbox 3388 2343 3647 2397; x_wconf 90' lang='lat' dir='ltr'><strong>comitem</strong></span> 
     </span>
    </p>
   </div>
   <div class='ocr_carea' id='block_1_46' title="bbox 2065 2433 3650 2503">
    <p class='ocr_par' dir='ltr' id='par_1_46' title="bbox 2065 2433 3650 2503">
     <span class='ocr_line' id='line_1_46' title="bbox 2065 2433 3650 2503; baseline 0.003 -17"><span class='ocrx_word' id='word_1_359' title='bbox 2065 2445 2360 2503; x_wconf 69' lang='lat' dir='ltr'><strong>potenuam</strong></span> <span class='ocrx_word' id='word_1_360' title='bbox 2399 2434 2628 2497; x_wconf 87' lang='lat' dir='ltr'><strong>habens,</strong></span> <span class='ocrx_word' id='word_1_361' title='bbox 2661 2443 2716 2488; x_wconf 91' lang='lat' dir='ltr'><strong>et</strong></span> <span class='ocrx_word' id='word_1_362' title='bbox 2743 2433 2851 2503; x_wconf 87' lang='lat' dir='ltr'><strong>pati</strong></span> <span class='ocrx_word' id='word_1_363' title='bbox 2883 2434 3086 2488; x_wconf 89' lang='lat' dir='ltr'><strong>nescia.</strong></span> <span class='ocrx_word' id='word_1_364' title='bbox 3117 2434 3183 2487; x_wconf 79' lang='lat' dir='ltr'><strong>At</strong></span> <span class='ocrx_word' id='word_1_365' title='bbox 3216 2434 3455 2487; x_wconf 87' lang='lat' dir='ltr'><strong>humana</strong></span> <span class='ocrx_word' id='word_1_366' title='bbox 3476 2434 3650 2501; x_wconf 85' lang='lat' dir='ltr'><strong>ipsius</strong></span> 
     </span>
    </p>
   </div>
   <div class='ocr_carea' id='block_1_47' title="bbox 2065 2527 3644 2596">
    <p class='ocr_par' dir='ltr' id='par_1_47' title="bbox 2065 2527 3644 2596">
     <span class='ocr_line' id='line_1_47' title="bbox 2065 2527 3644 2596; baseline 0.003 -19"><span class='ocrx_word' id='word_1_367' title='bbox 2065 2528 2340 2591; x_wconf 87' lang='lat' dir='ltr'><strong>voluntas,</strong></span> <span class='ocrx_word' id='word_1_368' title='bbox 2377 2537 2489 2580; x_wconf 90' lang='lat' dir='ltr'><strong>tum</strong></span> <span class='ocrx_word' id='word_1_369' title='bbox 2520 2529 2633 2596; x_wconf 92' lang='lat' dir='ltr'><strong>ipsa</strong></span> <span class='ocrx_word' id='word_1_370' title='bbox 2665 2528 2720 2581; x_wconf 90' lang='lat' dir='ltr'><strong>in</strong></span> <span class='ocrx_word' id='word_1_371' title='bbox 2761 2539 3008 2596; x_wconf 88' lang='lat' dir='ltr'><strong>tempore</strong></span> <span class='ocrx_word' id='word_1_372' title='bbox 3041 2527 3258 2581; x_wconf 85' lang='lat' dir='ltr'><strong>initium</strong></span> <span class='ocrx_word' id='word_1_373' title='bbox 3290 2527 3499 2592; x_wconf 87' lang='lat' dir='ltr'><strong>habuit,</strong></span> <span class='ocrx_word' id='word_1_374' title='bbox 3529 2537 3644 2582; x_wconf 90' lang='lat' dir='ltr'><strong>tum</strong></span> 
     </span>
    </p>
   </div>
   <div class='ocr_carea' id='block_1_48' title="bbox 2063 2620 3652 2690">
    <p class='ocr_par' dir='ltr' id='par_1_48' title="bbox 2063 2620 3652 2690">
     <span class='ocr_line' id='line_1_48' title="bbox 2063 2620 3652 2690; baseline 0.003 -17"><span class='ocrx_word' id='word_1_375' title='bbox 2063 2635 2156 2673; x_wconf 89' lang='lat' dir='ltr'><strong>eas</strong></span> <span class='ocrx_word' id='word_1_376' title='bbox 2183 2620 2466 2689; x_wconf 86' lang='lat' dir='ltr'><strong>passiones</strong></span> <span class='ocrx_word' id='word_1_377' title='bbox 2499 2622 2776 2682; x_wconf 87' lang='lat' dir='ltr'><strong>sustinuit,</strong></span> <span class='ocrx_word' id='word_1_378' title='bbox 2806 2636 2925 2690; x_wconf 55' lang='lat' dir='ltr'><strong>quae</strong></span> <span class='ocrx_word' id='word_1_379' title='bbox 2964 2623 3242 2676; x_wconf 88' lang='lat' dir='ltr'><strong>naturales</strong></span> <span class='ocrx_word' id='word_1_380' title='bbox 3283 2631 3336 2675; x_wconf 89' lang='lat' dir='ltr'><strong>et</strong></span> <span class='ocrx_word' id='word_1_381' title='bbox 3400 2620 3652 2677; x_wconf 72' lang='lat' dir='ltr'><strong>innocuae</strong></span> 
     </span>
    </p>
   </div>
   <div class='ocr_carea' id='block_1_49' title="bbox 383 2714 3649 2784">
    <p class='ocr_par' dir='ltr' id='par_1_49' title="bbox 383 2714 3649 2784">
     <span class='ocr_line' id='line_1_49' title="bbox 383 2714 3649 2784; baseline -0.001 -10"><span class='ocrx_word' id='word_1_382' title='bbox 383 2726 561 2774; x_wconf 82' lang='lat' dir='ltr'><strong>erant.</strong></span> <span class='ocrx_word' id='word_1_383' title='bbox 591 2716 667 2769; x_wconf 76' lang='lat' dir='ltr'><strong>Ac</strong></span> <span class='ocrx_word' id='word_1_384' title='bbox 695 2726 886 2770; x_wconf 85' lang='lat' dir='ltr'><strong>natura</strong></span> <span class='ocrx_word' id='word_1_385' title='bbox 919 2717 1140 2784; x_wconf 84' lang='lat' dir='ltr'><strong>quidem</strong></span> <span class='ocrx_word' id='word_1_386' title='bbox 1162 2716 1512 2784; x_wconf 88' lang='lat' dir='ltr'><strong>omnipotens</strong></span> <span class='ocrx_word' id='word_1_387' title='bbox 1538 2730 1644 2768; x_wconf 91' lang='lat' dir='ltr'><strong>non</strong></span> <span class='ocrx_word' id='word_1_388' title='bbox 1682 2727 1832 2780; x_wconf 85' lang='lat' dir='ltr'><strong>erat;</strong></span> <span class='ocrx_word' id='word_1_389' title='bbox 1869 2722 1929 2768; x_wconf 88' lang='lat' dir='ltr'><strong>ut</strong></span> <span class='ocrx_word' id='word_1_390' title='bbox 1963 2726 2146 2769; x_wconf 77' lang='lat' dir='ltr'><strong>autem</strong></span> <span class='ocrx_word' id='word_1_391' title='bbox 2183 2715 2275 2769; x_wconf 90' lang='lat' dir='ltr'><strong>Dei</strong></span> <span class='ocrx_word' id='word_1_392' title='bbox 2319 2714 2478 2769; x_wconf 83' lang='lat' dir='ltr'><strong>Verbi</strong></span> <span class='ocrx_word' id='word_1_393' title='bbox 2533 2729 2658 2769; x_wconf 88' lang='lat' dir='ltr'><strong>vere</strong></span> <span class='ocrx_word' id='word_1_394' title='bbox 2711 2729 2776 2768; x_wconf 91' lang='lat' dir='ltr'><strong>ac</strong></span> <span class='ocrx_word' id='word_1_395' title='bbox 2833 2716 3100 2771; x_wconf 85' lang='lat' dir='ltr'><strong>naturalis</strong></span> <span class='ocrx_word' id='word_1_396' title='bbox 3145 2715 3287 2770; x_wconf 82' lang='lat' dir='ltr'><strong>facta</strong></span> <span class='ocrx_word' id='word_1_397' title='bbox 3342 2726 3478 2781; x_wconf 81' lang='lat' dir='ltr'><strong>erat,</strong></span> <span class='ocrx_word' id='word_1_398' title='bbox 3509 2715 3649 2770; x_wconf 82' lang='lat' dir='ltr'><strong>nihil</strong></span> 
     </span>
    </p>
   </div>
   <div class='ocr_carea' id='block_1_50' title="bbox 388 2805 1159 2877">
    <p class='ocr_par' dir='ltr' id='par_1_50' title="bbox 388 2805 1159 2877">
     <span class='ocr_line' id='line_1_50' title="bbox 388 2805 1159 2877; baseline 0.001 -17"><span class='ocrx_word' id='word_1_399' title='bbox 388 2822 606 2877; x_wconf 92' lang='lat' dir='ltr'><strong>quoque</strong></span> <span class='ocrx_word' id='word_1_400' title='bbox 642 2805 756 2876; x_wconf 78' lang='lat' dir='ltr'><strong>ipsa</strong></span> <span class='ocrx_word' id='word_1_401' title='bbox 793 2821 898 2860; x_wconf 90' lang='lat' dir='ltr'><strong>non</strong></span> <span class='ocrx_word' id='word_1_402' title='bbox 925 2815 1159 2875; x_wconf 80' lang='lat' dir='ltr'><strong>poterat.</strong></span> 
     </span>
    </p>
   </div>
   <div class='ocr_carea' id='block_1_51' title="bbox 723 3028 1592 3099">
    <p class='ocr_par' dir='ltr' id='par_1_51' title="bbox 723 3028 1592 3099">
     <span class='ocr_line' id='line_1_51' title="bbox 723 3028 1592 3099; baseline 0 -17"><span class='ocrx_word' id='word_1_403' title='bbox 723 3031 856 3083; x_wconf 79' lang='grc' dir='ltr'><strong>’Τοῦ</strong></span> <span class='ocrx_word' id='word_1_404' title='bbox 885 3028 1074 3083; x_wconf 81' lang='grc' dir='ltr'><strong>αὐτοῦ</strong></span> <span class='ocrx_word' id='word_1_405' title='bbox 1106 3031 1448 3098; x_wconf 68' lang='grc' dir='ltr'><strong>Κεφαλαίον</strong></span> <span class='ocrx_word' id='word_1_406' title='bbox 1476 3030 1592 3099; x_wconf 55' lang='grc' dir='ltr'><strong>πῖν’.</strong></span> 
     </span>
    </p>
   </div>
   <div class='ocr_carea' id='block_1_52' title="bbox 2598 3035 3151 3104">
    <p class='ocr_par' dir='ltr' id='par_1_52' title="bbox 2598 3035 3151 3104">
     <span class='ocr_line' id='line_1_52' title="bbox 2598 3035 3151 3104; baseline 0.004 -16"><span class='ocrx_word' id='word_1_407' title='bbox 2598 3035 2844 3104; x_wconf 80' lang='lat' dir='ltr'><strong>Ejusdem</strong></span> <span class='ocrx_word' id='word_1_408' title='bbox 2873 3047 3028 3104; x_wconf 84' lang='lat' dir='ltr'><strong>caput</strong></span> <span class='ocrx_word' id='word_1_409' title='bbox 3065 3038 3151 3092; x_wconf 77' lang='lat'><strong>83.</strong></span> 
     </span>
    </p>
   </div>
   <div class='ocr_carea' id='block_1_53' title="bbox 479 3115 2224 3202">
    <p class='ocr_par' dir='ltr' id='par_1_53' title="bbox 479 3115 2224 3192">
     <span class='ocr_line' id='line_1_53' title="bbox 479 3115 2224 3192; baseline 0.001 -17"><span class='ocrx_word' id='word_1_410' title='bbox 479 3123 538 3175; x_wconf 87' lang='lat'><strong>&#39;0</strong></span> <span class='ocrx_word' id='word_1_411' title='bbox 576 3123 846 3190; x_wconf 61' lang='lat' dir='ltr'><strong>paxépmf</strong></span> <span class='ocrx_word' id='word_1_412' title='bbox 906 3121 1183 3184; x_wconf 80' lang='grc' dir='ltr'><strong>Διονύσιος</strong></span> <span class='ocrx_word' id='word_1_413' title='bbox 1239 3125 1437 3184; x_wconf 84' lang='grc' dir='ltr'><strong>καινήν</strong></span> <span class='ocrx_word' id='word_1_414' title='bbox 1470 3140 1589 3175; x_wconf 71' lang='grc' dir='ltr'><strong>τινα</strong></span> <span class='ocrx_word' id='word_1_415' title='bbox 1634 3122 1963 3192; x_wconf 78' lang='grc' dir='ltr'><strong>θεανδρικὴν</strong></span> <span class='ocrx_word' id='word_1_416' title='bbox 2003 3115 2046 3169; x_wconf 87' lang='lat' dir='ltr'><strong>C</strong></span> <span class='ocrx_word' id='word_1_417' title='bbox 2150 3123 2224 3177; x_wconf 88' lang='lat' dir='ltr'><strong>Cu</strong></span> 
     </span>
    </p>
   </div>
   <div class='ocr_carea' id='block_1_54' title="bbox 1908 3115 3653 3202">
    <p class='ocr_par' dir='ltr' id='par_1_54' title="bbox 1908 3115 3653 3202">
     <span class='ocr_line' id='line_1_54' title="bbox 1908 3115 3653 3202; baseline 0.009 -29"><span class='ocrx_word' id='word_1_418' title='bbox 1908 3122 1963 3191; x_wconf 72' lang='grc' dir='ltr'><strong>ὴν</strong></span> <span class='ocrx_word' id='word_1_419' title='bbox 2003 3115 2046 3169; x_wconf 89' lang='lat' dir='ltr'><strong>C</strong></span> <span class='ocrx_word' id='word_1_420' title='bbox 2150 3123 2284 3177; x_wconf 88' lang='lat' dir='ltr'><strong>Cum</strong></span> <span class='ocrx_word' id='word_1_421' title='bbox 2315 3124 2506 3179; x_wconf 87' lang='lat' dir='ltr'><strong>beatus</strong></span> <span class='ocrx_word' id='word_1_422' title='bbox 2533 3125 2823 3196; x_wconf 87' lang='lat' dir='ltr'><strong>Dionysius</strong></span> <span class='ocrx_word' id='word_1_423' title='bbox 2846 3129 3123 3182; x_wconf 76' lang='lat' dir='ltr'><strong>Christum</strong></span> <span class='ocrx_word' id='word_1_424' title='bbox 3149 3145 3342 3185; x_wconf 85' lang='lat' dir='ltr'><strong>novam</strong></span> <span class='ocrx_word' id='word_1_425' title='bbox 3363 3134 3653 3202; x_wconf 86' lang='lat' dir='ltr'><strong>quamdam</strong></span> 
     </span>
    </p>
   </div>
   <div class='ocr_carea' id='block_1_55' title="bbox 399 3215 1966 3285">
    <p class='ocr_par' dir='ltr' id='par_1_55' title="bbox 399 3215 1966 3285">
     <span class='ocr_line' id='line_1_55' title="bbox 399 3215 1966 3285; baseline -0.002 -18"><span class='ocrx_word' id='word_1_426' title='bbox 399 3219 683 3285; x_wconf 79' lang='grc' dir='ltr'><strong>ἐνέργειαν</strong></span> <span class='ocrx_word' id='word_1_427' title='bbox 721 3217 902 3283; x_wconf 82' lang='grc' dir='ltr'><strong>φήσας</strong></span> <span class='ocrx_word' id='word_1_428' title='bbox 931 3216 1022 3265; x_wconf 65' lang='grc' dir='ltr'><strong>τὸν</strong></span> <span class='ocrx_word' id='word_1_429' title='bbox 1054 3215 1290 3284; x_wconf 68' lang='grc' dir='ltr'><strong>Χριστὸν</strong></span> <span class='ocrx_word' id='word_1_430' title='bbox 1316 3216 1446 3280; x_wconf 78' lang='grc' dir='ltr'><strong>ἡμῖν</strong></span> <span class='ocrx_word' id='word_1_431' title='bbox 1481 3215 1966 3282; x_wconf 74' lang='grc' dir='ltr'><strong>πεπολιτευμένον,</strong></span> 
     </span>
    </p>
   </div>
   <div class='ocr_carea' id='block_1_56' title="bbox 399 3306 1963 3375">
    <p class='ocr_par' dir='ltr' id='par_1_56' title="bbox 399 3306 1963 3375">
     <span class='ocr_line' id='line_1_56' title="bbox 399 3306 1963 3375; baseline -0.001 -17"><span class='ocrx_word' id='word_1_432' title='bbox 399 3309 496 3358; x_wconf 73' lang='grc' dir='ltr'>οὐκ</span> <span class='ocrx_word' id='word_1_433' title='bbox 523 3307 764 3375; x_wconf 78' lang='grc' dir='ltr'><strong>ἀναιρῶν</strong></span> <span class='ocrx_word' id='word_1_434' title='bbox 791 3307 890 3366; x_wconf 72' lang='grc' dir='ltr'><strong>τὰς</strong></span> <span class='ocrx_word' id='word_1_435' title='bbox 925 3307 1158 3371; x_wconf 79' lang='grc' dir='ltr'><strong>φυσικὰς</strong></span> <span class='ocrx_word' id='word_1_436' title='bbox 1181 3306 1485 3374; x_wconf 76' lang='grc' dir='ltr'><strong>ἐνεργείας,</strong></span> <span class='ocrx_word' id='word_1_437' title='bbox 1518 3309 1646 3372; x_wconf 81' lang='grc' dir='ltr'><strong>μίαν</strong></span> <span class='ocrx_word' id='word_1_438' title='bbox 1680 3306 1963 3374; x_wconf 65' lang='grc' dir='ltr'><strong>ἐνέργειαν</strong></span> 
     </span>
    </p>
   </div>
   <div class='ocr_carea' id='block_1_57' title="bbox 398 3396 1972 3466">
    <p class='ocr_par' dir='ltr' id='par_1_57' title="bbox 398 3396 1972 3466">
     <span class='ocr_line' id='line_1_57' title="bbox 398 3396 1972 3466; baseline -0.001 -18"><span class='ocrx_word' id='word_1_439' title='bbox 398 3401 458 3449; x_wconf 74' lang='grc' dir='ltr'><strong>ἐκ</strong></span> <span class='ocrx_word' id='word_1_440' title='bbox 488 3415 546 3448; x_wconf 90' lang='grc' dir='ltr'><strong>τε</strong></span> <span class='ocrx_word' id='word_1_441' title='bbox 574 3399 667 3464; x_wconf 80' lang='grc' dir='ltr'><strong>τῆ,</strong></span> <span class='ocrx_word' id='word_1_442' title='bbox 693 3396 1044 3465; x_wconf 76' lang='grc' dir='ltr'><strong>ἀνθρωπίνης</strong></span> <span class='ocrx_word' id='word_1_443' title='bbox 1070 3397 1165 3448; x_wconf 85' lang='grc' dir='ltr'><strong>καὶ</strong></span> <span class='ocrx_word' id='word_1_444' title='bbox 1195 3396 1342 3458; x_wconf 83' lang='grc' dir='ltr'><strong>θείας</strong></span> <span class='ocrx_word' id='word_1_445' title='bbox 1369 3399 1744 3466; x_wconf 66' lang='grc' dir='ltr'><strong>γεγενημένην</strong></span> <span class='ocrx_word' id='word_1_446' title='bbox 1771 3397 1934 3465; x_wconf 86' lang='grc' dir='ltr'><strong>φησίν</strong></span> <span class='ocrx_word' id='word_1_447' title='bbox 1958 3411 1972 3426; x_wconf 82' lang='lat'><strong><em>°</em></strong></span> 
     </span>
    </p>
   </div>
   <div class='ocr_carea' id='block_1_58' title="bbox 397 3486 1977 3554">
    <p class='ocr_par' dir='ltr' id='par_1_58' title="bbox 397 3486 1977 3554">
     <span class='ocr_line' id='line_1_58' title="bbox 397 3486 1977 3554; baseline -0.001 -16"><span class='ocrx_word' id='word_1_448' title='bbox 397 3488 540 3540; x_wconf 81' lang='grc' dir='ltr'><strong>οὓτω</strong></span> <span class='ocrx_word' id='word_1_449' title='bbox 579 3490 687 3554; x_wconf 71' lang='grc' dir='ltr'><strong>γὰρ</strong></span> <span class='ocrx_word' id='word_1_450' title='bbox 721 3487 789 3540; x_wconf 77' lang='grc' dir='ltr'><strong>ἂν</strong></span> <span class='ocrx_word' id='word_1_451' title='bbox 826 3487 918 3539; x_wconf 83' lang='grc' dir='ltr'><strong>καὶ</strong></span> <span class='ocrx_word' id='word_1_452' title='bbox 959 3489 1089 3551; x_wconf 79' lang='grc' dir='ltr'><strong>μίαν</strong></span> <span class='ocrx_word' id='word_1_453' title='bbox 1136 3486 1300 3554; x_wconf 83' lang='grc' dir='ltr'><strong>φύσιν</strong></span> <span class='ocrx_word' id='word_1_454' title='bbox 1348 3488 1600 3554; x_wconf 82' lang='grc' dir='ltr'><strong>εἴποιμεν</strong></span> <span class='ocrx_word' id='word_1_455' title='bbox 1659 3488 1878 3554; x_wconf 80' lang='grc' dir='ltr'><strong>καινὴν,</strong></span> <span class='ocrx_word' id='word_1_456' title='bbox 1913 3488 1977 3538; x_wconf 81' lang='grc' dir='ltr'><strong>ἐκ</strong></span> 
     </span>
    </p>
   </div>
   <div class='ocr_carea' id='block_1_59' title="bbox 400 3573 1978 3648">
    <p class='ocr_par' dir='ltr' id='par_1_59' title="bbox 400 3573 1978 3648">
     <span class='ocr_line' id='line_1_59' title="bbox 400 3573 1978 3648; baseline -0.003 -15"><span class='ocrx_word' id='word_1_457' title='bbox 400 3583 550 3643; x_wconf 84' lang='grc' dir='ltr'><strong>θείας</strong></span> <span class='ocrx_word' id='word_1_458' title='bbox 597 3600 656 3633; x_wconf 83' lang='grc' dir='ltr'><strong>τε</strong></span> <span class='ocrx_word' id='word_1_459' title='bbox 703 3581 800 3632; x_wconf 75' lang='grc' dir='ltr'><strong>καὶ</strong></span> <span class='ocrx_word' id='word_1_460' title='bbox 849 3578 1197 3647; x_wconf 77' lang='grc' dir='ltr'><strong>ἀνθρωπίνης</strong></span> <span class='ocrx_word' id='word_1_461' title='bbox 1256 3580 1673 3646; x_wconf 74' lang='grc' dir='ltr'><strong>γςγ.νημένην⁶</strong></span> <span class='ocrx_word' id='word_1_462' title='bbox 1735 3573 1812 3630; x_wconf 79' lang='grc' dir='ltr'><strong>ὧν</strong></span> <span class='ocrx_word' id='word_1_463' title='bbox 1871 3580 1978 3648; x_wconf 79' lang='grc' dir='ltr'><strong>γὰρ</strong></span> 
     </span>
    </p>
   </div>
   <div class='ocr_carea' id='block_1_60' title="bbox 401 3669 1980 3743">
    <p class='ocr_par' dir='ltr' id='par_1_60' title="bbox 401 3669 1980 3743">
     <span class='ocr_line' id='line_1_60' title="bbox 401 3669 1980 3743; baseline -0.002 -18"><span class='ocrx_word' id='word_1_464' title='bbox 401 3675 650 3743; x_wconf 79' lang='grc' dir='ltr'><strong>ἐνέργεια</strong></span> <span class='ocrx_word' id='word_1_465' title='bbox 691 3673 810 3741; x_wconf 72' lang='grc' dir='ltr'><strong>μία,</strong></span> <span class='ocrx_word' id='word_1_466' title='bbox 841 3670 1046 3722; x_wconf 82' lang='grc' dir='ltr'><strong>τούτων</strong></span> <span class='ocrx_word' id='word_1_467' title='bbox 1103 3670 1198 3721; x_wconf 74' lang='grc' dir='ltr'><strong>καὶ</strong></span> <span class='ocrx_word' id='word_1_468' title='bbox 1239 3673 1271 3738; x_wconf 79' lang='grc' dir='ltr'><strong>ὴ</strong></span> <span class='ocrx_word' id='word_1_469' title='bbox 1304 3669 1458 3722; x_wconf 80' lang='grc' dir='ltr'><strong>οὐσία</strong></span> <span class='ocrx_word' id='word_1_470' title='bbox 1494 3669 1613 3736; x_wconf 80' lang='grc' dir='ltr'><strong>μία,</strong></span> <span class='ocrx_word' id='word_1_471' title='bbox 1651 3672 1796 3722; x_wconf 84' lang='grc' dir='ltr'><strong>κατά</strong></span> <span class='ocrx_word' id='word_1_472' title='bbox 1855 3673 1980 3732; x_wconf 77' lang='grc' dir='ltr'><strong>τοὺς</strong></span> 
     </span>
    </p>
   </div>
   <div class='ocr_carea' id='block_1_61' title="bbox 403 3764 1982 3836">
    <p class='ocr_par' dir='ltr' id='par_1_61' title="bbox 403 3764 1982 3836">
     <span class='ocr_line' id='line_1_61' title="bbox 403 3764 1982 3836; baseline -0.003 -15"><span class='ocrx_word' id='word_1_473' title='bbox 403 3770 591 3836; x_wconf 83' lang='grc' dir='ltr'><strong>ἁγίους</strong></span> <span class='ocrx_word' id='word_1_474' title='bbox 613 3778 635 3800; x_wconf 85' lang='grc'><strong><em>⁸</em></strong></span> <span class='ocrx_word' id='word_1_475' title='bbox 659 3769 911 3835; x_wconf 84' lang='grc' dir='ltr'><strong>Πατέρας</strong></span> <span class='ocrx_word' id='word_1_476' title='bbox 933 3780 947 3794; x_wconf 79' lang='grc'>⁸</span> <span class='ocrx_word' id='word_1_477' title='bbox 978 3765 1114 3817; x_wconf 81' lang='grc' dir='ltr'><strong>ἀλλά</strong></span> <span class='ocrx_word' id='word_1_478' title='bbox 1148 3764 1317 3816; x_wconf 77' lang='grc' dir='ltr'><strong>θέλων</strong></span> <span class='ocrx_word' id='word_1_479' title='bbox 1347 3764 1516 3827; x_wconf 78' lang='grc' dir='ltr'><strong>δεῖξαι</strong></span> <span class='ocrx_word' id='word_1_480' title='bbox 1548 3765 1639 3816; x_wconf 76' lang='grc' dir='ltr'><strong>τὸν</strong></span> <span class='ocrx_word' id='word_1_481' title='bbox 1668 3765 1853 3818; x_wconf 81' lang='grc' dir='ltr'><strong>καινὸν</strong></span> <span class='ocrx_word' id='word_1_482' title='bbox 1886 3765 1982 3817; x_wconf 71' lang='grc' dir='ltr'><strong>καὶ</strong></span> 
     </span>
    </p>
   </div>
   <div class='ocr_carea' id='block_1_62' title="bbox 403 3855 1979 3930">
    <p class='ocr_par' dir='ltr' id='par_1_62' title="bbox 403 3855 1979 3930">
     <span class='ocr_line' id='line_1_62' title="bbox 403 3855 1979 3930; baseline -0.005 -15"><span class='ocrx_word' id='word_1_483' title='bbox 403 3863 717 3930; x_wconf 60' lang='grc' dir='ltr'><strong>ἀπόρρητον</strong></span> <span class='ocrx_word' id='word_1_484' title='bbox 752 3861 956 3928; x_wconf 81' lang='grc' dir='ltr'><strong>τρόπον</strong></span> <span class='ocrx_word' id='word_1_485' title='bbox 1017 3862 1114 3925; x_wconf 77' lang='grc' dir='ltr'><strong>τῆς</strong></span> <span class='ocrx_word' id='word_1_486' title='bbox 1160 3857 1268 3908; x_wconf 82' lang='grc' dir='ltr'><strong>τῶν</strong></span> <span class='ocrx_word' id='word_1_487' title='bbox 1319 3857 1568 3923; x_wconf 81' lang='grc' dir='ltr'><strong>φυσικῶν</strong></span> <span class='ocrx_word' id='word_1_488' title='bbox 1603 3857 1697 3908; x_wconf 89' lang='grc' dir='ltr'><strong>τοῦ</strong></span> <span class='ocrx_word' id='word_1_489' title='bbox 1737 3855 1979 3924; x_wconf 80' lang='grc' dir='ltr'><strong>Χριστοῦ</strong></span> 
     </span>
    </p>
   </div>
   <div class='ocr_carea' id='block_1_63' title="bbox 405 3949 1983 4022">
    <p class='ocr_par' dir='ltr' id='par_1_63' title="bbox 405 3949 1983 4022">
     <span class='ocr_line' id='line_1_63' title="bbox 405 3949 1983 4022; baseline -0.004 -16"><span class='ocrx_word' id='word_1_490' title='bbox 405 3954 698 4022; x_wconf 74' lang='grc' dir='ltr'><strong>ἐνεργειῶν</strong></span> <span class='ocrx_word' id='word_1_491' title='bbox 727 3953 1065 4019; x_wconf 78' lang='grc' dir='ltr'><strong>ἐκφάνσεω,,</strong></span> <span class='ocrx_word' id='word_1_492' title='bbox 1097 3949 1174 4018; x_wconf 82' lang='grc' dir='ltr'><strong>τῷ</strong></span> <span class='ocrx_word' id='word_1_493' title='bbox 1201 3951 1497 4020; x_wconf 67' lang='grc' dir='ltr'><strong>ἀπορρήτῳ</strong></span> <span class='ocrx_word' id='word_1_494' title='bbox 1534 3953 1722 4016; x_wconf 88' lang='grc' dir='ltr'><strong>τρόπῳ</strong></span> <span class='ocrx_word' id='word_1_495' title='bbox 1766 3949 1867 4017; x_wconf 78' lang='grc' dir='ltr'><strong>τῆς</strong></span> <span class='ocrx_word' id='word_1_496' title='bbox 1901 3953 1983 4010; x_wconf 86' lang='grc' dir='ltr'><strong>εἰς</strong></span> 
     </span>
    </p>
   </div>
   <div class='ocr_carea' id='block_1_64' title="bbox 405 4042 1987 4113">
    <p class='ocr_par' dir='ltr' id='par_1_64' title="bbox 405 4042 1987 4113">
     <span class='ocr_line' id='line_1_64' title="bbox 405 4042 1987 4113; baseline -0.006 -13"><span class='ocrx_word' id='word_1_497' title='bbox 405 4046 609 4113; x_wconf 74' lang='grc' dir='ltr'><strong>ἄλληλα</strong></span> <span class='ocrx_word' id='word_1_498' title='bbox 625 4045 730 4095; x_wconf 80' lang='grc' dir='ltr'><strong>τῶν</strong></span> <span class='ocrx_word' id='word_1_499' title='bbox 751 4043 846 4095; x_wconf 93' lang='grc' dir='ltr'><strong>τοῦ</strong></span> <span class='ocrx_word' id='word_1_500' title='bbox 868 4044 1106 4112; x_wconf 75' lang='grc' dir='ltr'><strong>Χριστοῦ</strong></span> <span class='ocrx_word' id='word_1_501' title='bbox 1128 4043 1344 4110; x_wconf 80' lang='grc' dir='ltr'><strong>φύσεων</strong></span> <span class='ocrx_word' id='word_1_502' title='bbox 1367 4042 1794 4108; x_wconf 77' lang='grc' dir='ltr'><strong>περιχωρήσεως</strong></span> <span class='ocrx_word' id='word_1_503' title='bbox 1819 4057 1987 4108; x_wconf 72' lang='grc' dir='ltr'><strong>προσο</strong></span> 
     </span>
    </p>
   </div>
   <div class='ocr_carea' id='block_1_65' title="bbox 407 4131 1984 4206">
    <p class='ocr_par' dir='ltr' id='par_1_65' title="bbox 407 4131 1984 4206">
     <span class='ocr_line' id='line_1_65' title="bbox 407 4131 1984 4206; baseline -0.006 -17"><span class='ocrx_word' id='word_1_504' title='bbox 407 4138 726 4206; x_wconf 72' lang='grc' dir='ltr'><strong>φόρως,καὶ</strong></span> <span class='ocrx_word' id='word_1_505' title='bbox 784 4135 884 4204; x_wconf 78' lang='grc' dir='ltr'><strong>τὴν</strong></span> <span class='ocrx_word' id='word_1_506' title='bbox 939 4134 1080 4186; x_wconf 73' lang='grc' dir='ltr'><strong>κατὰ</strong></span> <span class='ocrx_word' id='word_1_507' title='bbox 1138 4133 1429 4199; x_wconf 79' lang='grc' dir='ltr'><strong>ἄνθρωπον</strong></span> <span class='ocrx_word' id='word_1_508' title='bbox 1479 4131 1645 4183; x_wconf 82' lang='grc' dir='ltr'><strong>αὑτοῦ</strong></span> <span class='ocrx_word' id='word_1_509' title='bbox 1704 4131 1984 4182; x_wconf 86' lang='grc' dir='ltr'><strong>πολιτείαν</strong></span> 
     </span>
    </p>
   </div>
   <div class='ocr_carea' id='block_1_66' title="bbox 411 4223 1984 4298">
    <p class='ocr_par' dir='ltr' id='par_1_66' title="bbox 411 4223 1984 4298">
     <span class='ocr_line' id='line_1_66' title="bbox 411 4223 1984 4298; baseline -0.004 -16"><span class='ocrx_word' id='word_1_510' title='bbox 411 4230 568 4298; x_wconf 80' lang='grc' dir='ltr'><strong>ξένην</strong></span> <span class='ocrx_word' id='word_1_511' title='bbox 625 4230 719 4281; x_wconf 80' lang='grc' dir='ltr'><strong>καὶ</strong></span> <span class='ocrx_word' id='word_1_512' title='bbox 779 4227 1101 4297; x_wconf 78' lang='grc' dir='ltr'><strong>παράδοξον,</strong></span> <span class='ocrx_word' id='word_1_513' title='bbox 1166 4227 1264 4278; x_wconf 77' lang='grc' dir='ltr'><strong>καὶ</strong></span> <span class='ocrx_word' id='word_1_514' title='bbox 1320 4227 1385 4293; x_wconf 79' lang='grc' dir='ltr'><strong>τῇ</strong></span> <span class='ocrx_word' id='word_1_515' title='bbox 1455 4223 1750 4291; x_wconf 77' lang='grc' dir='ltr'><strong>φύσειτῶν</strong></span> <span class='ocrx_word' id='word_1_516' title='bbox 1813 4224 1984 4276; x_wconf 78' lang='grc' dir='ltr'><strong>ὄντων</strong></span> 
     </span>
    </p>
   </div>
   <div class='ocr_carea' id='block_1_67' title="bbox 406 4316 1984 4392">
    <p class='ocr_par' dir='ltr' id='par_1_67' title="bbox 406 4316 1984 4392">
     <span class='ocr_line' id='line_1_67' title="bbox 406 4316 1984 4392; baseline -0.007 -14"><span class='ocrx_word' id='word_1_517' title='bbox 406 4325 706 4392; x_wconf 81' lang='grc' dir='ltr'><strong>ἄγνωστον,</strong></span> <span class='ocrx_word' id='word_1_518' title='bbox 736 4325 827 4375; x_wconf 81' lang='grc' dir='ltr'><strong>τὸν</strong></span> <span class='ocrx_word' id='word_1_519' title='bbox 857 4339 913 4373; x_wconf 81' lang='grc' dir='ltr'><strong>τε</strong></span> <span class='ocrx_word' id='word_1_520' title='bbox 956 4321 1157 4389; x_wconf 81' lang='grc' dir='ltr'><strong>τρόπον</strong></span> <span class='ocrx_word' id='word_1_521' title='bbox 1207 4319 1306 4386; x_wconf 81' lang='grc' dir='ltr'><strong>τῆς</strong></span> <span class='ocrx_word' id='word_1_522' title='bbox 1358 4317 1500 4368; x_wconf 84' lang='grc' dir='ltr'><strong>κατὰ</strong></span> <span class='ocrx_word' id='word_1_523' title='bbox 1528 4316 1626 4384; x_wconf 76' lang='grc' dir='ltr'><strong>τὴν</strong></span> <span class='ocrx_word' id='word_1_524' title='bbox 1661 4316 1984 4387; x_wconf 71' lang='grc' dir='ltr'><strong>ἀπόρρητον</strong></span> 
     </span>
    </p>
   </div>
   <div class='ocr_carea' id='block_1_68' title="bbox 2084 3215 3657 3286">
    <p class='ocr_par' dir='ltr' id='par_1_68' title="bbox 2084 3215 3657 3286">
     <span class='ocr_line' id='line_1_68' title="bbox 2084 3215 3657 3286; baseline 0.006 -18"><span class='ocrx_word' id='word_1_525' title='bbox 2084 3215 2482 3277; x_wconf 88' lang='lat' dir='ltr'><strong>theandricam,</strong></span> <span class='ocrx_word' id='word_1_526' title='bbox 2515 3232 2609 3270; x_wconf 89' lang='lat' dir='ltr'><strong>seu</strong></span> <span class='ocrx_word' id='word_1_527' title='bbox 2645 3219 2735 3272; x_wconf 92' lang='lat' dir='ltr'><strong>Dei</strong></span> <span class='ocrx_word' id='word_1_528' title='bbox 2763 3220 3001 3272; x_wconf 89' lang='lat' dir='ltr'><strong>simulet</strong></span> <span class='ocrx_word' id='word_1_529' title='bbox 3058 3221 3181 3286; x_wconf 82' lang='lat' dir='ltr'><strong>viri,</strong></span> <span class='ocrx_word' id='word_1_530' title='bbox 3240 3223 3513 3277; x_wconf 87' lang='lat' dir='ltr'><strong>actionem</strong></span> <span class='ocrx_word' id='word_1_531' title='bbox 3557 3240 3657 3278; x_wconf 91' lang='lat' dir='ltr'><strong>no-</strong></span> 
     </span>
    </p>
   </div>
   <div class='ocr_carea' id='block_1_69' title="bbox 2084 3306 3657 3371">
    <p class='ocr_par' dir='ltr' id='par_1_69' title="bbox 2084 3306 3657 3371">
     <span class='ocr_line' id='line_1_69' title="bbox 2084 3306 3657 3371; baseline 0.007 -13"><span class='ocrx_word' id='word_1_532' title='bbox 2084 3306 2293 3360; x_wconf 88' lang='lat' dir='ltr'><strong>biscum</strong></span> <span class='ocrx_word' id='word_1_533' title='bbox 2327 3308 2528 3361; x_wconf 88' lang='lat' dir='ltr'><strong>obiissc</strong></span> <span class='ocrx_word' id='word_1_534' title='bbox 2561 3309 2716 3370; x_wconf 88' lang='lat' dir='ltr'><strong>dicit,</strong></span> <span class='ocrx_word' id='word_1_535' title='bbox 2783 3325 2887 3363; x_wconf 91' lang='lat' dir='ltr'><strong>non</strong></span> <span class='ocrx_word' id='word_1_536' title='bbox 2958 3321 3016 3363; x_wconf 91' lang='lat' dir='ltr'><strong>ut</strong></span> <span class='ocrx_word' id='word_1_537' title='bbox 3073 3314 3354 3368; x_wconf 88' lang='lat' dir='ltr'><strong>naturales</strong></span> <span class='ocrx_word' id='word_1_538' title='bbox 3411 3317 3657 3371; x_wconf 85' lang='lat' dir='ltr'><strong>actiones</strong></span> 
     </span>
    </p>
   </div>
   <div class='ocr_carea' id='block_1_70' title="bbox 2087 3397 3654 3459">
    <p class='ocr_par' dir='ltr' id='par_1_70' title="bbox 2087 3397 3654 3459">
     <span class='ocr_line' id='line_1_70' title="bbox 2087 3397 3654 3459; baseline 0.006 -11"><span class='ocrx_word' id='word_1_539' title='bbox 2087 3397 2259 3459; x_wconf 89' lang='lat' dir='ltr'><strong>tollat,</strong></span> <span class='ocrx_word' id='word_1_540' title='bbox 2321 3413 2480 3450; x_wconf 88' lang='lat' dir='ltr'><strong>unam</strong></span> <span class='ocrx_word' id='word_1_541' title='bbox 2542 3413 2608 3453; x_wconf 78' lang='lat' dir='ltr'><strong>ex</strong></span> <span class='ocrx_word' id='word_1_542' title='bbox 2661 3401 2897 3454; x_wconf 91' lang='lat' dir='ltr'><strong>humana</strong></span> <span class='ocrx_word' id='word_1_543' title='bbox 2981 3411 3035 3456; x_wconf 90' lang='lat' dir='ltr'><strong>et</strong></span> <span class='ocrx_word' id='word_1_544' title='bbox 3102 3403 3288 3457; x_wconf 88' lang='lat' dir='ltr'><strong>divina</strong></span> <span class='ocrx_word' id='word_1_545' title='bbox 3383 3406 3654 3459; x_wconf 81' lang='lat' dir='ltr'><strong>actionem</strong></span> 
     </span>
    </p>
   </div>
   <div class='ocr_carea' id='block_1_71' title="bbox 2085 3488 3664 3567">
    <p class='ocr_par' dir='ltr' id='par_1_71' title="bbox 2085 3488 3664 3567">
     <span class='ocr_line' id='line_1_71' title="bbox 2085 3488 3664 3567; baseline 0.006 -25"><span class='ocrx_word' id='word_1_546' title='bbox 2085 3488 2372 3542; x_wconf 83' lang='lat' dir='ltr'><strong>conﬂatam</strong></span> <span class='ocrx_word' id='word_1_547' title='bbox 2403 3490 2559 3545; x_wconf 89' lang='lat' dir='ltr'><strong>docet</strong></span> <span class='ocrx_word' id='word_1_548' title='bbox 2593 3493 2677 3560; x_wconf 86' lang='lat' dir='ltr'><strong>(ad</strong></span> <span class='ocrx_word' id='word_1_549' title='bbox 2720 3495 2863 3548; x_wconf 91' lang='lat' dir='ltr'><strong>hunc</strong></span> <span class='ocrx_word' id='word_1_550' title='bbox 2891 3509 3038 3549; x_wconf 85' lang='lat' dir='ltr'><strong>enim</strong></span> <span class='ocrx_word' id='word_1_551' title='bbox 3071 3497 3292 3549; x_wconf 88' lang='lat' dir='ltr'><strong>modum</strong></span> <span class='ocrx_word' id='word_1_552' title='bbox 3321 3513 3485 3551; x_wconf 89' lang='lat' dir='ltr'><strong>unam</strong></span> <span class='ocrx_word' id='word_1_553' title='bbox 3523 3513 3664 3567; x_wconf 92' lang='lat' dir='ltr'><strong>quo-</strong></span> 
     </span>
    </p>
   </div>
   <div class='ocr_carea' id='block_1_72' title="bbox 2091 3586 3664 3648">
    <p class='ocr_par' dir='ltr' id='par_1_72' title="bbox 2091 3586 3664 3648">
     <span class='ocr_line' id='line_1_72' title="bbox 2091 3586 3664 3648; baseline 0.006 -15"><span class='ocrx_word' id='word_1_554' title='bbox 2091 3597 2194 3648; x_wconf 87' lang='lat' dir='ltr'><strong>que</strong></span> <span class='ocrx_word' id='word_1_555' title='bbox 2226 3598 2422 3635; x_wconf 88' lang='lat' dir='ltr'><strong>novam</strong></span> <span class='ocrx_word' id='word_1_556' title='bbox 2460 3596 2710 3638; x_wconf 87' lang='lat' dir='ltr'><strong>naturam</strong></span> <span class='ocrx_word' id='word_1_557' title='bbox 2734 3601 2797 3638; x_wconf 75' lang='lat' dir='ltr'><strong>ex</strong></span> <span class='ocrx_word' id='word_1_558' title='bbox 2825 3586 3008 3640; x_wconf 91' lang='lat' dir='ltr'><strong>divina</strong></span> <span class='ocrx_word' id='word_1_559' title='bbox 3040 3598 3094 3642; x_wconf 92' lang='lat' dir='ltr'><strong>ct</strong></span> <span class='ocrx_word' id='word_1_560' title='bbox 3129 3588 3368 3643; x_wconf 90' lang='lat' dir='ltr'><strong>humana</strong></span> <span class='ocrx_word' id='word_1_561' title='bbox 3411 3590 3664 3644; x_wconf 83' lang='lat' dir='ltr'><strong>etl&#39;ectam</strong></span> 
     </span>
    </p>
   </div>
   <div class='ocr_carea' id='block_1_73' title="bbox 2087 3674 3663 3744">
    <p class='ocr_par' dir='ltr' id='par_1_73' title="bbox 2087 3674 3663 3744">
     <span class='ocr_line' id='line_1_73' title="bbox 2087 3674 3663 3744; baseline 0.006 -20"><span class='ocrx_word' id='word_1_562' title='bbox 2087 3674 2430 3741; x_wconf 82' lang='lat' dir='ltr'><strong>diceremus;</strong></span> <span class='ocrx_word' id='word_1_563' title='bbox 2489 3677 2613 3743; x_wconf 85' lang='lat' dir='ltr'><strong>quia</strong></span> <span class='ocrx_word' id='word_1_564' title='bbox 2673 3692 2906 3744; x_wconf 92' lang='lat' dir='ltr'><strong>quorum</strong></span> <span class='ocrx_word' id='word_1_565' title='bbox 2953 3680 3095 3732; x_wconf 89' lang='lat' dir='ltr'><strong>actio</strong></span> <span class='ocrx_word' id='word_1_566' title='bbox 3145 3695 3250 3732; x_wconf 89' lang='lat' dir='ltr'><strong>una</strong></span> <span class='ocrx_word' id='word_1_567' title='bbox 3303 3690 3408 3744; x_wconf 91' lang='lat' dir='ltr'><strong>est,</strong></span> <span class='ocrx_word' id='word_1_568' title='bbox 3466 3680 3663 3734; x_wconf 81' lang='lat' dir='ltr'><strong>homin</strong></span> 
     </span>
    </p>
   </div>
   <div class='ocr_carea' id='block_1_74' title="bbox 2089 3764 3666 3838">
    <p class='ocr_par' dir='ltr' id='par_1_74' title="bbox 2089 3764 3666 3838">
     <span class='ocr_line' id='line_1_74' title="bbox 2089 3764 3666 3838; baseline 0.006 -24"><span class='ocrx_word' id='word_1_569' title='bbox 2089 3764 2278 3826; x_wconf 79' lang='lat' dir='ltr'><strong>etiam,</strong></span> <span class='ocrx_word' id='word_1_570' title='bbox 2313 3774 2370 3817; x_wconf 94' lang='lat' dir='ltr'><strong>ut</strong></span> <span class='ocrx_word' id='word_1_571' title='bbox 2399 3765 2646 3818; x_wconf 88' lang='lat' dir='ltr'><strong>sentiunt</strong></span> <span class='ocrx_word' id='word_1_572' title='bbox 2675 3767 2886 3831; x_wconf 82' lang='lat' dir='ltr'><strong>Patres,</strong></span> <span class='ocrx_word' id='word_1_573' title='bbox 2926 3784 3030 3821; x_wconf 88' lang='lat' dir='ltr'><strong>una</strong></span> <span class='ocrx_word' id='word_1_574' title='bbox 3082 3779 3168 3823; x_wconf 86' lang='lat' dir='ltr'><strong>est</strong></span> <span class='ocrx_word' id='word_1_575' title='bbox 3226 3771 3512 3838; x_wconf 89' lang='lat' dir='ltr'><strong>essentia),</strong></span> <span class='ocrx_word' id='word_1_576' title='bbox 3572 3787 3666 3825; x_wconf 84' lang='lat' dir='ltr'><strong>ve-</strong></span> 
     </span>
    </p>
   </div>
   <div class='ocr_carea' id='block_1_75' title="bbox 2091 3857 3671 3926">
    <p class='ocr_par' dir='ltr' id='par_1_75' title="bbox 2091 3857 3671 3926">
     <span class='ocr_line' id='line_1_75' title="bbox 2091 3857 3671 3926; baseline 0.006 -20"><span class='ocrx_word' id='word_1_577' title='bbox 2091 3871 2212 3906; x_wconf 88' lang='lat' dir='ltr'><strong>rum</strong></span> <span class='ocrx_word' id='word_1_578' title='bbox 2248 3857 2318 3907; x_wconf 90' lang='lat' dir='ltr'><strong>ita</strong></span> <span class='ocrx_word' id='word_1_579' title='bbox 2363 3858 2628 3926; x_wconf 84' lang='lat' dir='ltr'><strong>loquitur,</strong></span> <span class='ocrx_word' id='word_1_580' title='bbox 2665 3869 2720 3911; x_wconf 93' lang='lat' dir='ltr'><strong>ut</strong></span> <span class='ocrx_word' id='word_1_581' title='bbox 2751 3873 2950 3911; x_wconf 88' lang='lat' dir='ltr'><strong>novum</strong></span> <span class='ocrx_word' id='word_1_582' title='bbox 2986 3860 3117 3913; x_wconf 93' lang='lat' dir='ltr'><strong>illud</strong></span> <span class='ocrx_word' id='word_1_583' title='bbox 3151 3871 3207 3914; x_wconf 92' lang='lat' dir='ltr'><strong>et</strong></span> <span class='ocrx_word' id='word_1_584' title='bbox 3238 3876 3500 3916; x_wconf 86' lang='lat' dir='ltr'><strong>arcanum</strong></span> <span class='ocrx_word' id='word_1_585' title='bbox 3552 3878 3671 3915; x_wconf 85' lang='lat' dir='ltr'><strong>mo-</strong></span> 
     </span>
    </p>
   </div>
   <div class='ocr_carea' id='block_1_76' title="bbox 2091 3947 3668 4021">
    <p class='ocr_par' dir='ltr' id='par_1_76' title="bbox 2091 3947 3668 4021">
     <span class='ocr_line' id='line_1_76' title="bbox 2091 3947 3668 4021; baseline 0.006 -23"><span class='ocrx_word' id='word_1_586' title='bbox 2091 3947 2243 4010; x_wconf 88' lang='lat' dir='ltr'><strong>dum,</strong></span> <span class='ocrx_word' id='word_1_587' title='bbox 2272 3963 2380 4014; x_wconf 87' lang='lat' dir='ltr'><strong>quo</strong></span> <span class='ocrx_word' id='word_1_588' title='bbox 2407 3949 2680 4003; x_wconf 87' lang='lat' dir='ltr'><strong>naturales</strong></span> <span class='ocrx_word' id='word_1_589' title='bbox 2712 3950 2918 4004; x_wconf 88' lang='lat' dir='ltr'><strong>Christi</strong></span> <span class='ocrx_word' id='word_1_590' title='bbox 2945 3953 3192 4006; x_wconf 89' lang='lat' dir='ltr'><strong>actiones</strong></span> <span class='ocrx_word' id='word_1_591' title='bbox 3253 3966 3310 4006; x_wconf 84' lang='lat' dir='ltr'><strong>se</strong></span> <span class='ocrx_word' id='word_1_592' title='bbox 3366 3954 3668 4021; x_wconf 78' lang='lat' dir='ltr'><strong>explicant,</strong></span> 
     </span>
    </p>
   </div>
   <div class='ocr_carea' id='block_1_77' title="bbox 2092 4042 3671 4115">
    <p class='ocr_par' dir='ltr' id='par_1_77' title="bbox 2092 4042 3671 4115">
     <span class='ocr_line' id='line_1_77' title="bbox 2092 4042 3671 4115; baseline 0.006 -23"><span class='ocrx_word' id='word_1_593' title='bbox 2092 4055 2296 4093; x_wconf 89' lang='lat' dir='ltr'><strong>arcano</strong></span> <span class='ocrx_word' id='word_1_594' title='bbox 2321 4042 2396 4094; x_wconf 92' lang='lat' dir='ltr'><strong>illi</strong></span> <span class='ocrx_word' id='word_1_595' title='bbox 2428 4053 2630 4095; x_wconf 75' lang='lat' dir='ltr'><strong>mutua:</strong></span> <span class='ocrx_word' id='word_1_596' title='bbox 2689 4055 3014 4097; x_wconf 91' lang='lat' dir='ltr'><strong>naturarum</strong></span> <span class='ocrx_word' id='word_1_597' title='bbox 3077 4047 3248 4115; x_wconf 83' lang='lat' dir='ltr'><strong>ipsius</strong></span> <span class='ocrx_word' id='word_1_598' title='bbox 3299 4047 3671 4103; x_wconf 81' lang='lat' dir='ltr'><strong>immeationis</strong></span> 
     </span>
    </p>
   </div>
   <div class='ocr_carea' id='block_1_78' title="bbox 2096 4131 3672 4212">
    <p class='ocr_par' dir='ltr' id='par_1_78' title="bbox 2096 4131 3672 4212">
     <span class='ocr_line' id='line_1_78' title="bbox 2096 4131 3672 4212; baseline 0.008 -26"><span class='ocrx_word' id='word_1_599' title='bbox 2096 4135 2258 4187; x_wconf 84' lang='lat' dir='ltr'><strong>modo</strong></span> <span class='ocrx_word' id='word_1_600' title='bbox 2297 4145 2711 4203; x_wconf 83' lang='lat' dir='ltr'><strong>congruentem,</strong></span> <span class='ocrx_word' id='word_1_601' title='bbox 2765 4139 3065 4192; x_wconf 90' lang='lat' dir='ltr'><strong>humanum</strong></span> <span class='ocrx_word' id='word_1_602' title='bbox 3128 4131 3430 4194; x_wconf 52' lang='lat' dir='ltr'><strong>item&#39;vitze</strong></span> <span class='ocrx_word' id='word_1_603' title='bbox 3499 4157 3672 4212; x_wconf 79' lang='lat' dir='ltr'><strong>genus</strong></span> 
     </span>
    </p>
   </div>
   <div class='ocr_carea' id='block_1_79' title="bbox 2096 4229 3676 4302">
    <p class='ocr_par' dir='ltr' id='par_1_79' title="bbox 2096 4229 3676 4302">
     <span class='ocr_line' id='line_1_79' title="bbox 2096 4229 3676 4302; baseline 0.009 -23"><span class='ocrx_word' id='word_1_604' title='bbox 2096 4241 2296 4279; x_wconf 90' lang='lat' dir='ltr'><strong>novum</strong></span> <span class='ocrx_word' id='word_1_605' title='bbox 2327 4238 2380 4280; x_wconf 91' lang='lat' dir='ltr'><strong>et</strong></span> <span class='ocrx_word' id='word_1_606' title='bbox 2421 4229 2765 4293; x_wconf 85' lang='lat' dir='ltr'><strong>admirabile,</strong></span> <span class='ocrx_word' id='word_1_607' title='bbox 2821 4234 2986 4302; x_wconf 91' lang='lat' dir='ltr'><strong>inque</strong></span> <span class='ocrx_word' id='word_1_608' title='bbox 3040 4249 3225 4289; x_wconf 87' lang='lat' dir='ltr'><strong>rerum</strong></span> <span class='ocrx_word' id='word_1_609' title='bbox 3279 4246 3474 4291; x_wconf 85' lang='lat' dir='ltr'><strong>natura</strong></span> <span class='ocrx_word' id='word_1_610' title='bbox 3525 4239 3676 4292; x_wconf 85' lang='lat' dir='ltr'><strong>inco-</strong></span> 
     </span>
    </p>
   </div>
   <div class='ocr_carea' id='block_1_80' title="bbox 2095 4321 3677 4389">
    <p class='ocr_par' dir='ltr' id='par_1_80' title="bbox 2095 4321 3677 4389">
     <span class='ocr_line' id='line_1_80' title="bbox 2095 4321 3677 4389; baseline 0.007 -19"><span class='ocrx_word' id='word_1_611' title='bbox 2095 4321 2354 4389; x_wconf 76' lang='lat' dir='ltr'><strong>gnitum;</strong></span> <span class='ocrx_word' id='word_1_612' title='bbox 2420 4338 2479 4374; x_wconf 90' lang='lat' dir='ltr'><strong>ac</strong></span> <span class='ocrx_word' id='word_1_613' title='bbox 2511 4321 2746 4389; x_wconf 82' lang='lat' dir='ltr'><strong>denique</strong></span> <span class='ocrx_word' id='word_1_614' title='bbox 2799 4325 3022 4377; x_wconf 68' lang='lat' dir='ltr'><strong>alternae</strong></span> <span class='ocrx_word' id='word_1_615' title='bbox 3089 4327 3236 4380; x_wconf 84' lang='lat' dir='ltr'><strong>illius</strong></span> <span class='ocrx_word' id='word_1_616' title='bbox 3297 4343 3677 4383; x_wconf 83' lang='lat' dir='ltr'><strong>communica-</strong></span> 
     </span>
    </p>
   </div>
   <div class='ocr_carea' id='block_1_81' title="bbox 396 4395 2141 4488">
    <p class='ocr_par' dir='ltr' id='par_1_81' title="bbox 396 4395 2133 4488">
     <span class='ocr_line' id='line_1_81' title="bbox 396 4395 2133 4488; baseline -0.004 -16"><span class='ocrx_word' id='word_1_617' title='bbox 396 4420 594 4472; x_wconf 80' lang='grc' dir='ltr'><strong>ἕνωσιν</strong></span> <span class='ocrx_word' id='word_1_618' title='bbox 623 4420 943 4480; x_wconf 78' lang='grc' dir='ltr'><strong>ἀντιδόσεως</strong></span> <span class='ocrx_word' id='word_1_619' title='bbox 966 4438 981 4451; x_wconf 75' lang='grc' dir='ltr'><strong>ο</strong></span> <span class='ocrx_word' id='word_1_620' title='bbox 1031 4421 1092 4472; x_wconf 83' lang='grc' dir='ltr'><strong>ού</strong></span> <span class='ocrx_word' id='word_1_621' title='bbox 1135 4419 1243 4488; x_wconf 87' lang='grc' dir='ltr'><strong>γάρ</strong></span> <span class='ocrx_word' id='word_1_622' title='bbox 1291 4417 1632 4488; x_wconf 84' lang='grc' dir='ltr'><strong>διῃρημένας</strong></span> <span class='ocrx_word' id='word_1_623' title='bbox 1667 4416 1849 4486; x_wconf 75' lang='grc' dir='ltr'><strong>φαμὲν</strong></span> <span class='ocrx_word' id='word_1_624' title='bbox 1886 4416 1985 4482; x_wconf 81' lang='grc' dir='ltr'><strong>τὰς</strong></span> <span class='ocrx_word' id='word_1_625' title='bbox 2023 4395 2062 4449; x_wconf 81' lang='lat' dir='ltr'><strong>D</strong></span> <span class='ocrx_word' id='word_1_626' title='bbox 2094 4413 2133 4466; x_wconf 85' lang='lat' dir='ltr'><strong>ti</strong></span> 
     </span>
    </p>
   </div>
   <div class='ocr_carea' id='block_1_82' title="bbox 1939 4395 3684 4488">
    <p class='ocr_par' dir='ltr' id='par_1_82' title="bbox 1939 4395 3684 4484">
     <span class='ocr_line' id='line_1_82' title="bbox 1939 4395 3684 4484; baseline -0.002 -14"><span class='ocrx_word' id='word_1_627' title='bbox 1939 4418 1985 4482; x_wconf 67' lang='grc' dir='ltr'><strong>ις</strong></span> <span class='ocrx_word' id='word_1_628' title='bbox 2023 4395 2062 4449; x_wconf 76' lang='grc' dir='ltr'><strong>ί)</strong></span> <span class='ocrx_word' id='word_1_629' title='bbox 2094 4413 2266 4468; x_wconf 82' lang='lat' dir='ltr'><strong>tionis</strong></span> <span class='ocrx_word' id='word_1_630' title='bbox 2291 4452 2306 4477; x_wconf 88' lang='lat'><strong>,</strong></span> <span class='ocrx_word' id='word_1_631' title='bbox 2335 4429 2459 4484; x_wconf 84' lang='lat' dir='ltr'><strong>quae</strong></span> <span class='ocrx_word' id='word_1_632' title='bbox 2494 4430 2558 4468; x_wconf 79' lang='lat' dir='ltr'><strong>ex</strong></span> <span class='ocrx_word' id='word_1_633' title='bbox 2592 4415 2860 4469; x_wconf 70' lang='lat' dir='ltr'><strong>inen‘abili</strong></span> <span class='ocrx_word' id='word_1_634' title='bbox 2900 4416 3150 4469; x_wconf 91' lang='lat' dir='ltr'><strong>unitione</strong></span> <span class='ocrx_word' id='word_1_635' title='bbox 3175 4416 3378 4477; x_wconf 90' lang='lat' dir='ltr'><strong>oritur,</strong></span> <span class='ocrx_word' id='word_1_636' title='bbox 3415 4414 3684 4468; x_wconf 84' lang='lat' dir='ltr'><strong>rationem</strong></span> 
     </span>
    </p>
   </div>
   <div class='ocr_carea' id='block_1_83' title="bbox 396 4506 1982 4580">
    <p class='ocr_par' dir='ltr' id='par_1_83' title="bbox 396 4506 1982 4580">
     <span class='ocr_line' id='line_1_83' title="bbox 396 4506 1982 4580; baseline -0.001 -20"><span class='ocrx_word' id='word_1_637' title='bbox 396 4511 700 4578; x_wconf 76' lang='grc' dir='ltr'><strong>ἐνεργείας,</strong></span> <span class='ocrx_word' id='word_1_638' title='bbox 739 4509 862 4560; x_wconf 77' lang='grc' dir='ltr'><strong>οὑὃέ</strong></span> <span class='ocrx_word' id='word_1_639' title='bbox 889 4510 1233 4580; x_wconf 74' lang='grc' dir='ltr'><strong>διῃρημένως</strong></span> <span class='ocrx_word' id='word_1_640' title='bbox 1273 4508 1605 4576; x_wconf 87' lang='grc' dir='ltr'><strong>ἐνεργούσας</strong></span> <span class='ocrx_word' id='word_1_641' title='bbox 1633 4507 1728 4570; x_wconf 82' lang='grc' dir='ltr'><strong>τὰς</strong></span> <span class='ocrx_word' id='word_1_642' title='bbox 1770 4506 1982 4576; x_wconf 82' lang='grc' dir='ltr'><strong>φύσεις,</strong></span> 
     </span>
    </p>
   </div>
   <div class='ocr_carea' id='block_1_84' title="bbox 396 4599 1986 4670">
    <p class='ocr_par' dir='ltr' id='par_1_84' title="bbox 396 4599 1986 4670">
     <span class='ocr_line' id='line_1_84' title="bbox 396 4599 1986 4670; baseline 0 -19"><span class='ocrx_word' id='word_1_643' title='bbox 396 4601 823 4670; x_wconf 75' lang='grc' dir='ltr'><strong>ἀλλ’ήνωμένως</strong></span> <span class='ocrx_word' id='word_1_644' title='bbox 865 4602 1104 4669; x_wconf 78' lang='grc' dir='ltr'><strong>ἑκάστην</strong></span> <span class='ocrx_word' id='word_1_645' title='bbox 1140 4601 1278 4670; x_wconf 85' lang='grc' dir='ltr'><strong>μετά</strong></span> <span class='ocrx_word' id='word_1_646' title='bbox 1304 4601 1402 4668; x_wconf 82' lang='grc' dir='ltr'><strong>τῆς</strong></span> <span class='ocrx_word' id='word_1_647' title='bbox 1439 4599 1669 4668; x_wconf 86' lang='grc' dir='ltr'><strong>θατέρου</strong></span> <span class='ocrx_word' id='word_1_648' title='bbox 1701 4601 1986 4660; x_wconf 79' lang='grc' dir='ltr'><strong>κοινωνίας</strong></span> 
     </span>
    </p>
   </div>
   <div class='ocr_carea' id='block_1_85' title="bbox 397 4689 1988 4761">
    <p class='ocr_par' dir='ltr' id='par_1_85' title="bbox 397 4689 1988 4761">
     <span class='ocr_line' id='line_1_85' title="bbox 397 4689 1988 4761; baseline -0.002 -18"><span class='ocrx_word' id='word_1_649' title='bbox 397 4691 730 4760; x_wconf 86' lang='grc' dir='ltr'><strong>ἐνεργοῦσαν</strong></span> <span class='ocrx_word' id='word_1_650' title='bbox 757 4691 904 4742; x_wconf 77' lang='grc' dir='ltr'><strong>τοῦθ’</strong></span> <span class='ocrx_word' id='word_1_651' title='bbox 929 4692 1065 4761; x_wconf 81' lang='grc' dir='ltr'><strong>ὅπερ</strong></span> <span class='ocrx_word' id='word_1_652' title='bbox 1117 4692 1249 4742; x_wconf 85' lang='grc' dir='ltr'><strong>ῐδιον</strong></span> <span class='ocrx_word' id='word_1_653' title='bbox 1297 4691 1552 4758; x_wconf 74' lang='grc' dir='ltr'><strong>ἔσχηκεν.</strong></span> <span class='ocrx_word' id='word_1_654' title='bbox 1603 4689 1744 4740; x_wconf 77' lang='grc' dir='ltr'><strong>Οὖτε</strong></span> <span class='ocrx_word' id='word_1_655' title='bbox 1785 4689 1894 4760; x_wconf 87' lang='grc' dir='ltr'><strong>γὰρ</strong></span> <span class='ocrx_word' id='word_1_656' title='bbox 1919 4690 1988 4740; x_wconf 89' lang='grc' dir='ltr'><strong>τά</strong></span> 
     </span>
    </p>
   </div>
   <div class='ocr_carea' id='block_1_86' title="bbox 399 4780 1988 4852">
    <p class='ocr_par' dir='ltr' id='par_1_86' title="bbox 399 4780 1988 4852">
     <span class='ocr_line' id='line_1_86' title="bbox 399 4780 1988 4852; baseline -0.003 -17"><span class='ocrx_word' id='word_1_657' title='bbox 399 4783 726 4852; x_wconf 73' lang='grc' dir='ltr'><strong>ἀνθρώπινα</strong></span> <span class='ocrx_word' id='word_1_658' title='bbox 807 4781 1164 4852; x_wconf 79' lang='grc' dir='ltr'><strong>ἀνθρωπίνως</strong></span> <span class='ocrx_word' id='word_1_659' title='bbox 1223 4782 1526 4851; x_wconf 81' lang='grc' dir='ltr'><strong>ἐνήργησεν</strong></span> <span class='ocrx_word' id='word_1_660' title='bbox 1551 4793 1567 4808; x_wconf 83' lang='grc'><strong>⁸</strong></span> <span class='ocrx_word' id='word_1_661' title='bbox 1608 4780 1667 4832; x_wconf 82' lang='grc' dir='ltr'><strong>ού</strong></span> <span class='ocrx_word' id='word_1_662' title='bbox 1695 4781 1805 4849; x_wconf 75' lang='grc' dir='ltr'><strong>γὰρ</strong></span> <span class='ocrx_word' id='word_1_663' title='bbox 1835 4780 1988 4848; x_wconf 73' lang='grc' dir='ltr'><strong>ψιλὸς</strong></span> 
     </span>
    </p>
   </div>
   <div class='ocr_carea' id='block_1_87' title="bbox 401 4871 1990 4947">
    <p class='ocr_par' dir='ltr' id='par_1_87' title="bbox 401 4871 1990 4947">
     <span class='ocr_line' id='line_1_87' title="bbox 401 4871 1990 4947; baseline -0.003 -21"><span class='ocrx_word' id='word_1_664' title='bbox 401 4873 469 4947; x_wconf 79' lang='grc' dir='ltr'><strong>ἦν</strong></span> <span class='ocrx_word' id='word_1_665' title='bbox 507 4877 830 4946; x_wconf 81' lang='grc' dir='ltr'><strong>ἀνθρωπος-</strong></span> <span class='ocrx_word' id='word_1_666' title='bbox 877 4874 1000 4926; x_wconf 76' lang='grc' dir='ltr'><strong>οὔτε</strong></span> <span class='ocrx_word' id='word_1_667' title='bbox 1040 4873 1112 4925; x_wconf 84' lang='grc' dir='ltr'><strong>τὰ</strong></span> <span class='ocrx_word' id='word_1_668' title='bbox 1159 4874 1282 4927; x_wconf 81' lang='grc' dir='ltr'><strong>θεῖα</strong></span> <span class='ocrx_word' id='word_1_669' title='bbox 1321 4873 1464 4926; x_wconf 81' lang='grc' dir='ltr'><strong>κατὰ</strong></span> <span class='ocrx_word' id='word_1_670' title='bbox 1505 4872 1640 4924; x_wconf 79' lang='grc' dir='ltr'><strong>Θεὸν</strong></span> <span class='ocrx_word' id='word_1_671' title='bbox 1685 4873 1846 4941; x_wconf 86' lang='grc' dir='ltr'><strong>μόνον</strong></span> <span class='ocrx_word' id='word_1_672' title='bbox 1872 4888 1884 4900; x_wconf 89' lang='grc'><strong>·</strong></span> <span class='ocrx_word' id='word_1_673' title='bbox 1928 4871 1990 4923; x_wconf 87' lang='grc' dir='ltr'><strong>οὑ</strong></span> 
     </span>
    </p>
   </div>
   <div class='ocr_carea' id='block_1_88' title="bbox 401 4960 1998 5037">
    <p class='ocr_par' dir='ltr' id='par_1_88' title="bbox 401 4960 1998 5037">
     <span class='ocr_line' id='line_1_88' title="bbox 401 4960 1998 5037; baseline -0.002 -17"><span class='ocrx_word' id='word_1_674' title='bbox 401 4969 510 5037; x_wconf 77' lang='grc' dir='ltr'><strong>γὰρ</strong></span> <span class='ocrx_word' id='word_1_675' title='bbox 550 4963 618 5037; x_wconf 83' lang='grc' dir='ltr'><strong>ἦν</strong></span> <span class='ocrx_word' id='word_1_676' title='bbox 652 4965 858 5034; x_wconf 80' lang='grc' dir='ltr'><strong>γυμνὸς</strong></span> <span class='ocrx_word' id='word_1_677' title='bbox 920 4966 1075 5028; x_wconf 77' lang='grc' dir='ltr'><strong>Θεὸς,</strong></span> <span class='ocrx_word' id='word_1_678' title='bbox 1116 4964 1252 5017; x_wconf 84' lang='grc' dir='ltr'><strong>ἀλλά</strong></span> <span class='ocrx_word' id='word_1_679' title='bbox 1304 4964 1437 5027; x_wconf 82' lang='grc' dir='ltr'><strong>Θεὸς</strong></span> <span class='ocrx_word' id='word_1_680' title='bbox 1474 4963 1613 5032; x_wconf 83' lang='grc' dir='ltr'><strong>ὁμοῦ</strong></span> <span class='ocrx_word' id='word_1_681' title='bbox 1737 4960 1998 5029; x_wconf 82' lang='grc' dir='ltr'><strong>ὑπάρχων</strong></span> 
     </span>
    </p>
   </div>
   <div class='ocr_carea' id='block_1_89' title="bbox 402 5051 1996 5128">
    <p class='ocr_par' dir='ltr' id='par_1_89' title="bbox 402 5051 1996 5128">
     <span class='ocr_line' id='line_1_89' title="bbox 402 5051 1996 5128; baseline -0.006 -16"><span class='ocrx_word' id='word_1_682' title='bbox 402 5059 498 5112; x_wconf 78' lang='grc' dir='ltr'><strong>καὶ</strong></span> <span class='ocrx_word' id='word_1_683' title='bbox 535 5060 842 5128; x_wconf 87' lang='grc' dir='ltr'><strong>ἄνθρωπος.</strong></span> <span class='ocrx_word' id='word_1_684' title='bbox 878 5058 1089 5127; x_wconf 83' lang='grc' dir='ltr'><strong>Ὠσπερ</strong></span> <span class='ocrx_word' id='word_1_685' title='bbox 1147 5057 1256 5126; x_wconf 86' lang='grc' dir='ltr'><strong>γὰρ</strong></span> <span class='ocrx_word' id='word_1_686' title='bbox 1293 5055 1403 5106; x_wconf 83' lang='grc' dir='ltr'><strong>τῶν</strong></span> <span class='ocrx_word' id='word_1_687' title='bbox 1467 5055 1707 5123; x_wconf 80' lang='grc' dir='ltr'><strong>φύσεων,</strong></span> <span class='ocrx_word' id='word_1_688' title='bbox 1756 5053 1852 5105; x_wconf 70' lang='grc' dir='ltr'><strong>καὶ</strong></span> <span class='ocrx_word' id='word_1_689' title='bbox 1896 5051 1996 5121; x_wconf 80' lang='grc' dir='ltr'><strong>τὴν</strong></span> 
     </span>
    </p>
   </div>
   <div class='ocr_carea' id='block_1_90' title="bbox 403 5144 1995 5220">
    <p class='ocr_par' dir='ltr' id='par_1_90' title="bbox 403 5144 1995 5220">
     <span class='ocr_line' id='line_1_90' title="bbox 403 5144 1995 5220; baseline -0.007 -14"><span class='ocrx_word' id='word_1_690' title='bbox 403 5155 620 5218; x_wconf 77' lang='grc' dir='ltr'><strong>ἕνωσιν,</strong></span> <span class='ocrx_word' id='word_1_691' title='bbox 681 5153 773 5203; x_wconf 72' lang='grc' dir='ltr'><strong>καὶ</strong></span> <span class='ocrx_word' id='word_1_692' title='bbox 832 5151 929 5220; x_wconf 77' lang='grc' dir='ltr'><strong>τὴν</strong></span> <span class='ocrx_word' id='word_1_693' title='bbox 992 5150 1230 5219; x_wconf 82' lang='grc' dir='ltr'><strong>φυσικὴν</strong></span> <span class='ocrx_word' id='word_1_694' title='bbox 1295 5149 1561 5219; x_wconf 75' lang='grc' dir='ltr'><strong>διαφορὰν</strong></span> <span class='ocrx_word' id='word_1_695' title='bbox 1629 5144 1995 5215; x_wconf 82' lang='grc' dir='ltr'><strong>ἐπιστάμεθα,</strong></span> 
     </span>
    </p>
   </div>
   <div class='ocr_carea' id='block_1_91' title="bbox 403 5239 1995 5312">
    <p class='ocr_par' dir='ltr' id='par_1_91' title="bbox 403 5239 1995 5312">
     <span class='ocr_line' id='line_1_91' title="bbox 403 5239 1995 5312; baseline -0.006 -14"><span class='ocrx_word' id='word_1_696' title='bbox 403 5245 668 5299; x_wconf 74' lang='grc' dir='ltr'><strong>οὕτωκαὶ</strong></span> <span class='ocrx_word' id='word_1_697' title='bbox 738 5243 850 5296; x_wconf 81' lang='grc' dir='ltr'><strong>τῶν</strong></span> <span class='ocrx_word' id='word_1_698' title='bbox 908 5243 1157 5310; x_wconf 84' lang='grc' dir='ltr'><strong>φυσικῶν</strong></span> <span class='ocrx_word' id='word_1_699' title='bbox 1209 5241 1534 5312; x_wconf 79' lang='grc' dir='ltr'><strong>θελημὰτων</strong></span> <span class='ocrx_word' id='word_1_700' title='bbox 1584 5257 1643 5292; x_wconf 87' lang='grc' dir='ltr'><strong>τε</strong></span> <span class='ocrx_word' id='word_1_701' title='bbox 1701 5241 1795 5291; x_wconf 75' lang='grc' dir='ltr'><strong>καὶ</strong></span> <span class='ocrx_word' id='word_1_702' title='bbox 1839 5239 1995 5309; x_wconf 85' lang='grc' dir='ltr'><strong>ἐνερ-</strong></span> 
     </span>
    </p>
   </div>
   <div class='ocr_carea' id='block_1_92' title="bbox 405 5339 594 5408">
    <p class='ocr_par' dir='ltr' id='par_1_92' title="bbox 405 5339 594 5408">
     <span class='ocr_line' id='line_1_92' title="bbox 405 5339 594 5408; baseline 0 -17"><span class='ocrx_word' id='word_1_703' title='bbox 405 5339 594 5408; x_wconf 85' lang='grc' dir='ltr'><strong>γειῶν.</strong></span> 
     </span>
    </p>
   </div>
   <div class='ocr_carea' id='block_1_93' title="bbox 492 5422 1999 5500">
    <p class='ocr_par' dir='ltr' id='par_1_93' title="bbox 492 5422 1999 5500">
     <span class='ocr_line' id='line_1_93' title="bbox 492 5422 1999 5500; baseline -0.007 -14"><span class='ocrx_word' id='word_1_704' title='bbox 492 5433 692 5486; x_wconf 79' lang='grc' dir='ltr'><strong>’ἰστέον</strong></span> <span class='ocrx_word' id='word_1_705' title='bbox 727 5429 1043 5500; x_wconf 87' lang='grc' dir='ltr'><strong>τοιγαροῦν,</strong></span> <span class='ocrx_word' id='word_1_706' title='bbox 1077 5430 1151 5494; x_wconf 83' lang='grc' dir='ltr'><strong>ὡς</strong></span> <span class='ocrx_word' id='word_1_707' title='bbox 1194 5429 1288 5481; x_wconf 65' lang='grc' dir='ltr'><strong>ἐπὶ</strong></span> <span class='ocrx_word' id='word_1_708' title='bbox 1327 5425 1424 5479; x_wconf 86' lang='grc' dir='ltr'><strong>τοῦ</strong></span> <span class='ocrx_word' id='word_1_709' title='bbox 1454 5425 1661 5495; x_wconf 80' lang='grc' dir='ltr'><strong>Κυρίου</strong></span> <span class='ocrx_word' id='word_1_710' title='bbox 1686 5422 1849 5494; x_wconf 75' lang='grc' dir='ltr'><strong>’ἡμῶν</strong></span> <span class='ocrx_word' id='word_1_711' title='bbox 1899 5423 1999 5492; x_wconf 82' lang='grc' dir='ltr'><strong>’1η-</strong></span> 
     </span>
    </p>
   </div>
   <div class='ocr_carea' id='block_1_94' title="bbox 412 5517 2004 5596">
    <p class='ocr_par' dir='ltr' id='par_1_94' title="bbox 412 5517 2004 5596">
     <span class='ocr_line' id='line_1_94' title="bbox 412 5517 2004 5596; baseline -0.009 -15"><span class='ocrx_word' id='word_1_712' title='bbox 412 5527 504 5582; x_wconf 91' lang='grc' dir='ltr'><strong>σοῦ</strong></span> <span class='ocrx_word' id='word_1_713' title='bbox 564 5525 826 5596; x_wconf 82' lang='grc' dir='ltr'><strong>Χριστοῦ,</strong></span> <span class='ocrx_word' id='word_1_714' title='bbox 871 5523 1002 5576; x_wconf 83' lang='grc' dir='ltr'><strong>ποτὲ</strong></span> <span class='ocrx_word' id='word_1_715' title='bbox 1055 5523 1154 5593; x_wconf 76' lang='grc' dir='ltr'><strong>μὲν</strong></span> <span class='ocrx_word' id='word_1_716' title='bbox 1204 5523 1278 5584; x_wconf 85' lang='grc' dir='ltr'><strong>ὡς</strong></span> <span class='ocrx_word' id='word_1_717' title='bbox 1315 5520 1410 5574; x_wconf 76' lang='grc' dir='ltr'><strong>ἐπὶ</strong></span> <span class='ocrx_word' id='word_1_718' title='bbox 1463 5519 1558 5572; x_wconf 91' lang='grc' dir='ltr'><strong>δύο</strong></span> <span class='ocrx_word' id='word_1_719' title='bbox 1661 5517 1875 5586; x_wconf 81' lang='grc' dir='ltr'><strong>φύσεων</strong></span> <span class='ocrx_word' id='word_1_720' title='bbox 1912 5517 2004 5569; x_wconf 80' lang='grc' dir='ltr'><strong>τὸν</strong></span> 
     </span>
    </p>
   </div>
   <div class='ocr_carea' id='block_1_95' title="bbox 409 5610 2002 5690">
    <p class='ocr_par' dir='ltr' id='par_1_95' title="bbox 409 5610 2002 5690">
     <span class='ocr_line' id='line_1_95' title="bbox 409 5610 2002 5690; baseline -0.008 -17"><span class='ocrx_word' id='word_1_721' title='bbox 409 5622 568 5690; x_wconf 80' lang='grc' dir='ltr'><strong>λόγον</strong></span> <span class='ocrx_word' id='word_1_722' title='bbox 597 5618 928 5687; x_wconf 85' lang='grc' dir='ltr'><strong>ποιούμεθα,</strong></span> <span class='ocrx_word' id='word_1_723' title='bbox 972 5616 1102 5670; x_wconf 77' lang='grc' dir='ltr'><strong>ποτε</strong></span> <span class='ocrx_word' id='word_1_724' title='bbox 1161 5615 1216 5668; x_wconf 85' lang='grc' dir='ltr'>δὲ</span> <span class='ocrx_word' id='word_1_725' title='bbox 1246 5614 1321 5676; x_wconf 81' lang='grc' dir='ltr'><strong>ὡς</strong></span> <span class='ocrx_word' id='word_1_726' title='bbox 1370 5615 1456 5682; x_wconf 78' lang='grc' dir='ltr'><strong>ἐφ’</strong></span> <span class='ocrx_word' id='word_1_727' title='bbox 1505 5612 1624 5675; x_wconf 78' lang='grc' dir='ltr'><strong>ἐνὸς</strong></span> <span class='ocrx_word' id='word_1_728' title='bbox 1679 5610 2002 5680; x_wconf 84' lang='grc' dir='ltr'><strong>προσώπου,</strong></span> 
     </span>
    </p>
   </div>
   <div class='ocr_carea' id='block_1_96' title="bbox 412 5701 2007 5775">
    <p class='ocr_par' dir='ltr' id='par_1_96' title="bbox 412 5701 2007 5775">
     <span class='ocr_line' id='line_1_96' title="bbox 412 5701 2007 5775; baseline -0.009 -8"><span class='ocrx_word' id='word_1_729' title='bbox 412 5717 507 5767; x_wconf 74' lang='grc' dir='ltr'><strong>καὶ</strong></span> <span class='ocrx_word' id='word_1_730' title='bbox 535 5711 694 5765; x_wconf 89' lang='grc' dir='ltr'><strong>τοῦτο</strong></span> <span class='ocrx_word' id='word_1_731' title='bbox 719 5710 774 5763; x_wconf 76' lang='grc' dir='ltr'><strong>δὲ</strong></span> <span class='ocrx_word' id='word_1_732' title='bbox 810 5710 1032 5762; x_wconf 84' lang='grc' dir='ltr'><strong>κάκεῖνο</strong></span> <span class='ocrx_word' id='word_1_733' title='bbox 1055 5709 1134 5770; x_wconf 83' lang='grc' dir='ltr'><strong>είς</strong></span> <span class='ocrx_word' id='word_1_734' title='bbox 1163 5706 1292 5775; x_wconf 89' lang='grc' dir='ltr'><strong>μίαν</strong></span> <span class='ocrx_word' id='word_1_735' title='bbox 1316 5704 1652 5774; x_wconf 83' lang='grc' dir='ltr'><strong>ἀναφέρεται</strong></span> <span class='ocrx_word' id='word_1_736' title='bbox 1684 5702 1918 5754; x_wconf 60' lang='grc' dir='ltr'><strong>ἔννοιαν</strong></span> <span class='ocrx_word' id='word_1_737' title='bbox 1950 5701 2007 5753; x_wconf 87' lang='grc' dir='ltr'><strong>αί.</strong></span> 
     </span>
    </p>
   </div>
   <div class='ocr_carea' id='block_1_97' title="bbox 413 5791 2007 5874">
    <p class='ocr_par' dir='ltr' id='par_1_97' title="bbox 413 5791 2007 5874">
     <span class='ocr_line' id='line_1_97' title="bbox 413 5791 2007 5874; baseline -0.008 -15"><span class='ocrx_word' id='word_1_738' title='bbox 413 5807 523 5874; x_wconf 72' lang='grc' dir='ltr'><strong>γὰρ</strong></span> <span class='ocrx_word' id='word_1_739' title='bbox 548 5806 642 5859; x_wconf 83' lang='grc' dir='ltr'><strong>δύο</strong></span> <span class='ocrx_word' id='word_1_740' title='bbox 675 5804 864 5873; x_wconf 82' lang='grc' dir='ltr'><strong>φύσεις</strong></span> <span class='ocrx_word' id='word_1_741' title='bbox 895 5797 975 5865; x_wconf 75' lang='grc' dir='ltr'><strong>εἷς</strong></span> <span class='ocrx_word' id='word_1_742' title='bbox 1020 5803 1135 5854; x_wconf 84' lang='grc' dir='ltr'><strong>ἐστι</strong></span> <span class='ocrx_word' id='word_1_743' title='bbox 1174 5799 1430 5866; x_wconf 78' lang='grc' dir='ltr'><strong>Χριστὸς,</strong></span> <span class='ocrx_word' id='word_1_744' title='bbox 1465 5797 1560 5851; x_wconf 75' lang='grc' dir='ltr'><strong>καὶ</strong></span> <span class='ocrx_word' id='word_1_745' title='bbox 1601 5799 1630 5850; x_wconf 89' lang='grc' dir='ltr'><strong>ό</strong></span> <span class='ocrx_word' id='word_1_746' title='bbox 1664 5791 1742 5857; x_wconf 77' lang='grc' dir='ltr'><strong>είς</strong></span> <span class='ocrx_word' id='word_1_747' title='bbox 1772 5793 2007 5865; x_wconf 83' lang='grc' dir='ltr'><strong>Χριστὸς</strong></span> 
     </span>
    </p>
   </div>
   <div class='ocr_carea' id='block_1_98' title="bbox 2096 4503 3685 4573">
    <p class='ocr_par' dir='ltr' id='par_1_98' title="bbox 2096 4503 3685 4573">
     <span class='ocr_line' id='line_1_98' title="bbox 2096 4503 3685 4573; baseline -0.001 -18"><span class='ocrx_word' id='word_1_748' title='bbox 2096 4503 2388 4557; x_wconf 88' lang='lat' dir='ltr'><strong>indicaret.</strong></span> <span class='ocrx_word' id='word_1_749' title='bbox 2450 4503 2566 4558; x_wconf 75' lang='lat' dir='ltr'><strong>Non</strong></span> <span class='ocrx_word' id='word_1_750' title='bbox 2610 4507 2756 4559; x_wconf 88' lang='lat' dir='ltr'><strong>enim</strong></span> <span class='ocrx_word' id='word_1_751' title='bbox 2801 4516 2896 4558; x_wconf 91' lang='lat' dir='ltr'><strong>aut</strong></span> <span class='ocrx_word' id='word_1_752' title='bbox 2930 4506 3213 4573; x_wconf 80' lang='lat' dir='ltr'><strong>sejunctas</strong></span> <span class='ocrx_word' id='word_1_753' title='bbox 3249 4505 3536 4565; x_wconf 86' lang='lat' dir='ltr'><strong>actiones,</strong></span> <span class='ocrx_word' id='word_1_754' title='bbox 3593 4512 3685 4555; x_wconf 88' lang='lat' dir='ltr'><strong>aut</strong></span> 
     </span>
    </p>
   </div>
   <div class='ocr_carea' id='block_1_99' title="bbox 2099 4594 3687 4663">
    <p class='ocr_par' dir='ltr' id='par_1_99' title="bbox 2099 4594 3687 4663">
     <span class='ocr_line' id='line_1_99' title="bbox 2099 4594 3687 4663; baseline 0 -17"><span class='ocrx_word' id='word_1_755' title='bbox 2099 4604 2329 4649; x_wconf 89' lang='lat' dir='ltr'><strong>naturas</strong></span> <span class='ocrx_word' id='word_1_756' title='bbox 2362 4596 2582 4650; x_wconf 89' lang='lat' dir='ltr'><strong>divisim</strong></span> <span class='ocrx_word' id='word_1_757' title='bbox 2627 4596 2844 4663; x_wconf 85' lang='lat' dir='ltr'><strong>Operari</strong></span> <span class='ocrx_word' id='word_1_758' title='bbox 2889 4597 3134 4649; x_wconf 85' lang='lat' dir='ltr'><strong>dicimus</strong></span> <span class='ocrx_word' id='word_1_759' title='bbox 3160 4635 3175 4658; x_wconf 94' lang='lat'><strong>,</strong></span> <span class='ocrx_word' id='word_1_760' title='bbox 3213 4595 3315 4648; x_wconf 80' lang='lat' dir='ltr'><strong>sed</strong></span> <span class='ocrx_word' id='word_1_761' title='bbox 3346 4594 3687 4662; x_wconf 83' lang='lat' dir='ltr'><strong>conjunctitn</strong></span> 
     </span>
    </p>
   </div>
   <div class='ocr_carea' id='block_1_100' title="bbox 2099 4682 3688 4753">
    <p class='ocr_par' dir='ltr' id='par_1_100' title="bbox 2099 4682 3688 4753">
     <span class='ocr_line' id='line_1_100' title="bbox 2099 4682 3688 4753; baseline -0.001 -17"><span class='ocrx_word' id='word_1_762' title='bbox 2099 4692 2394 4753; x_wconf 89' lang='lat' dir='ltr'><strong>utramque</strong></span> <span class='ocrx_word' id='word_1_763' title='bbox 2441 4701 2566 4738; x_wconf 86' lang='lat' dir='ltr'><strong>cum</strong></span> <span class='ocrx_word' id='word_1_764' title='bbox 2625 4687 2854 4738; x_wconf 86' lang='lat' dir='ltr'><strong>alterius</strong></span> <span class='ocrx_word' id='word_1_765' title='bbox 2905 4689 3297 4739; x_wconf 87' lang='lat' dir='ltr'><strong>communione</strong></span> <span class='ocrx_word' id='word_1_766' title='bbox 3351 4683 3485 4737; x_wconf 91' lang='lat' dir='ltr'><strong>illud</strong></span> <span class='ocrx_word' id='word_1_767' title='bbox 3542 4682 3688 4753; x_wconf 86' lang='lat' dir='ltr'><strong>quod</strong></span> 
     </span>
    </p>
   </div>
   <div class='ocr_carea' id='block_1_101' title="bbox 2102 4775 3688 4847">
    <p class='ocr_par' dir='ltr' id='par_1_101' title="bbox 2102 4775 3688 4847">
     <span class='ocr_line' id='line_1_101' title="bbox 2102 4775 3688 4847; baseline 0 -19"><span class='ocrx_word' id='word_1_768' title='bbox 2102 4791 2337 4845; x_wconf 65' lang='lat' dir='ltr'><strong>quaeque</strong></span> <span class='ocrx_word' id='word_1_769' title='bbox 2369 4778 2656 4845; x_wconf 89' lang='lat' dir='ltr'><strong>proprium</strong></span> <span class='ocrx_word' id='word_1_770' title='bbox 2695 4777 2860 4831; x_wconf 89' lang='lat' dir='ltr'><strong>habet</strong></span> <span class='ocrx_word' id='word_1_771' title='bbox 2891 4792 3081 4847; x_wconf 74' lang='lat' dir='ltr'><strong>agere.</strong></span> <span class='ocrx_word' id='word_1_772' title='bbox 3192 4776 3383 4846; x_wconf 87' lang='lat' dir='ltr'><strong>Neque</strong></span> <span class='ocrx_word' id='word_1_773' title='bbox 3411 4777 3558 4829; x_wconf 90' lang='lat' dir='ltr'><strong>enim</strong></span> <span class='ocrx_word' id='word_1_774' title='bbox 3590 4775 3688 4828; x_wconf 86' lang='lat' dir='ltr'><strong>hu-</strong></span> 
     </span>
    </p>
   </div>
   <div class='ocr_carea' id='block_1_102' title="bbox 2105 4868 3690 4938">
    <p class='ocr_par' dir='ltr' id='par_1_102' title="bbox 2105 4868 3690 4938">
     <span class='ocr_line' id='line_1_102' title="bbox 2105 4868 3690 4938; baseline -0.001 -16"><span class='ocrx_word' id='word_1_775' title='bbox 2105 4883 2268 4922; x_wconf 89' lang='lat' dir='ltr'><strong>mana</strong></span> <span class='ocrx_word' id='word_1_776' title='bbox 2303 4870 2628 4924; x_wconf 89' lang='lat' dir='ltr'><strong>humanitus</strong></span> <span class='ocrx_word' id='word_1_777' title='bbox 2660 4868 2932 4923; x_wconf 71' lang='lat' dir='ltr'><strong>efﬁciebat</strong></span> <span class='ocrx_word' id='word_1_778' title='bbox 2956 4909 2970 4932; x_wconf 91' lang='lat'><strong>,</strong></span> <span class='ocrx_word' id='word_1_779' title='bbox 3007 4885 3132 4922; x_wconf 85' lang='lat' dir='ltr'><strong>cum</strong></span> <span class='ocrx_word' id='word_1_780' title='bbox 3168 4885 3345 4938; x_wconf 87' lang='lat' dir='ltr'><strong>purus</strong></span> <span class='ocrx_word' id='word_1_781' title='bbox 3381 4869 3546 4922; x_wconf 90' lang='lat' dir='ltr'><strong>homo</strong></span> <span class='ocrx_word' id='word_1_782' title='bbox 3583 4883 3690 4922; x_wconf 90' lang='lat' dir='ltr'><strong>non</strong></span> 
     </span>
    </p>
   </div>
   <div class='ocr_carea' id='block_1_103' title="bbox 2104 4960 3691 5023">
    <p class='ocr_par' dir='ltr' id='par_1_103' title="bbox 2104 4960 3691 5023">
     <span class='ocr_line' id='line_1_103' title="bbox 2104 4960 3691 5023; baseline 0.001 -11"><span class='ocrx_word' id='word_1_783' title='bbox 2104 4968 2294 5022; x_wconf 84' lang='lat' dir='ltr'><strong>esset;</strong></span> <span class='ocrx_word' id='word_1_784' title='bbox 2351 4975 2451 5014; x_wconf 88' lang='lat' dir='ltr'><strong>nec</strong></span> <span class='ocrx_word' id='word_1_785' title='bbox 2487 4975 2680 5014; x_wconf 86' lang='lat' dir='ltr'><strong>rursus</strong></span> <span class='ocrx_word' id='word_1_786' title='bbox 2715 4962 2901 5014; x_wconf 90' lang='lat' dir='ltr'><strong>divina</strong></span> <span class='ocrx_word' id='word_1_787' title='bbox 2935 4961 3124 5014; x_wconf 90' lang='lat' dir='ltr'><strong>divino</strong></span> <span class='ocrx_word' id='word_1_788' title='bbox 3170 4961 3444 5014; x_wconf 78' lang='lat' dir='ltr'><strong>duntaxat</strong></span> <span class='ocrx_word' id='word_1_789' title='bbox 3493 4960 3691 5023; x_wconf 89' lang='lat' dir='ltr'><strong>modo,</strong></span> 
     </span>
    </p>
   </div>
   <div class='ocr_carea' id='block_1_104' title="bbox 2106 5050 3691 5121">
    <p class='ocr_par' dir='ltr' id='par_1_104' title="bbox 2106 5050 3691 5121">
     <span class='ocr_line' id='line_1_104' title="bbox 2106 5050 3691 5121; baseline -0.001 -16"><span class='ocrx_word' id='word_1_790' title='bbox 2106 5051 2558 5121; x_wconf 88' lang='lat' dir='ltr'><strong>quandoquidem</strong></span> <span class='ocrx_word' id='word_1_791' title='bbox 2593 5070 2699 5106; x_wconf 90' lang='lat' dir='ltr'><strong>non</strong></span> <span class='ocrx_word' id='word_1_792' title='bbox 2735 5057 2915 5108; x_wconf 90' lang='lat' dir='ltr'><strong>solum</strong></span> <span class='ocrx_word' id='word_1_793' title='bbox 2948 5052 3094 5106; x_wconf 89' lang='lat' dir='ltr'><strong>Deus</strong></span> <span class='ocrx_word' id='word_1_794' title='bbox 3126 5061 3244 5105; x_wconf 88' lang='lat' dir='ltr'><strong>erat</strong></span> <span class='ocrx_word' id='word_1_795' title='bbox 3266 5091 3280 5112; x_wconf 94' lang='lat'><strong>,</strong></span> <span class='ocrx_word' id='word_1_796' title='bbox 3315 5053 3409 5105; x_wconf 92' lang='lat' dir='ltr'><strong>sed</strong></span> <span class='ocrx_word' id='word_1_797' title='bbox 3441 5050 3587 5106; x_wconf 90' lang='lat' dir='ltr'><strong>Deus</strong></span> <span class='ocrx_word' id='word_1_798' title='bbox 3620 5056 3691 5106; x_wconf 54' lang='lat' dir='ltr'><strong>sic</strong></span> 
     </span>
    </p>
   </div>
   <div class='ocr_carea' id='block_1_105' title="bbox 2109 5143 3693 5208">
    <p class='ocr_par' dir='ltr' id='par_1_105' title="bbox 2109 5143 3693 5208">
     <span class='ocr_line' id='line_1_105' title="bbox 2109 5143 3693 5208; baseline 0 -12"><span class='ocrx_word' id='word_1_799' title='bbox 2109 5144 2220 5197; x_wconf 90' lang='lat' dir='ltr'><strong>mul</strong></span> <span class='ocrx_word' id='word_1_800' title='bbox 2253 5151 2306 5197; x_wconf 91' lang='lat' dir='ltr'><strong>et</strong></span> <span class='ocrx_word' id='word_1_801' title='bbox 2357 5143 2539 5198; x_wconf 92' lang='lat' dir='ltr'><strong>homo.</strong></span> <span class='ocrx_word' id='word_1_802' title='bbox 2573 5143 2708 5198; x_wconf 84' lang='lat' dir='ltr'><strong>Nam</strong></span> <span class='ocrx_word' id='word_1_803' title='bbox 2756 5147 2833 5198; x_wconf 88' lang='lat' dir='ltr'><strong>uti</strong></span> <span class='ocrx_word' id='word_1_804' title='bbox 2872 5152 3196 5198; x_wconf 85' lang='lat' dir='ltr'><strong>naturarum</strong></span> <span class='ocrx_word' id='word_1_805' title='bbox 3239 5153 3355 5196; x_wconf 92' lang='lat' dir='ltr'><strong>tum</strong></span> <span class='ocrx_word' id='word_1_806' title='bbox 3397 5145 3693 5208; x_wconf 89' lang='lat' dir='ltr'><strong>unionem,</strong></span> 
     </span>
    </p>
   </div>
   <div class='ocr_carea' id='block_1_106' title="bbox 2111 5236 3694 5302">
    <p class='ocr_par' dir='ltr' id='par_1_106' title="bbox 2111 5236 3694 5302">
     <span class='ocr_line' id='line_1_106' title="bbox 2111 5236 3694 5302; baseline -0.001 -13"><span class='ocrx_word' id='word_1_807' title='bbox 2111 5244 2223 5289; x_wconf 88' lang='lat' dir='ltr'><strong>tum</strong></span> <span class='ocrx_word' id='word_1_808' title='bbox 2265 5237 2569 5289; x_wconf 85' lang='lat' dir='ltr'><strong>naturalem</strong></span> <span class='ocrx_word' id='word_1_809' title='bbox 2609 5237 3023 5291; x_wconf 88' lang='lat' dir='ltr'><strong>distinctionem</strong></span> <span class='ocrx_word' id='word_1_810' title='bbox 3062 5236 3368 5302; x_wconf 87' lang='lat' dir='ltr'><strong>habemus,</strong></span> <span class='ocrx_word' id='word_1_811' title='bbox 3417 5238 3488 5290; x_wconf 88' lang='lat' dir='ltr'><strong>ita</strong></span> <span class='ocrx_word' id='word_1_812' title='bbox 3528 5237 3694 5291; x_wconf 87' lang='lat' dir='ltr'><strong>etiam</strong></span> 
     </span>
    </p>
   </div>
   <div class='ocr_carea' id='block_1_107' title="bbox 2111 5329 3352 5399">
    <p class='ocr_par' dir='ltr' id='par_1_107' title="bbox 2111 5329 3352 5399">
     <span class='ocr_line' id='line_1_107' title="bbox 2111 5329 3352 5399; baseline 0.001 -18"><span class='ocrx_word' id='word_1_813' title='bbox 2111 5329 2446 5382; x_wconf 89' lang='lat' dir='ltr'><strong>naturalium</strong></span> <span class='ocrx_word' id='word_1_814' title='bbox 2478 5331 2828 5383; x_wconf 80' lang='lat' dir='ltr'><strong>voluntatum</strong></span> <span class='ocrx_word' id='word_1_815' title='bbox 2862 5340 2916 5383; x_wconf 87' lang='lat' dir='ltr'><strong>et</strong></span> <span class='ocrx_word' id='word_1_816' title='bbox 2949 5331 3352 5399; x_wconf 72' lang='lat' dir='ltr'><strong>Operationum.</strong></span> 
     </span>
    </p>
   </div>
   <div class='ocr_carea' id='block_1_108' title="bbox 2185 5420 3698 5492">
    <p class='ocr_par' dir='ltr' id='par_1_108' title="bbox 2185 5420 3698 5492">
     <span class='ocr_line' id='line_1_108' title="bbox 2185 5420 3698 5492; baseline 0.003 -18"><span class='ocrx_word' id='word_1_817' title='bbox 2185 5422 2464 5474; x_wconf 65' lang='lat' dir='ltr'><strong>Aelianum</strong></span> <span class='ocrx_word' id='word_1_818' title='bbox 2493 5420 2694 5476; x_wconf 79' lang='lat' dir='ltr'><strong>Christi</strong></span> <span class='ocrx_word' id='word_1_819' title='bbox 2722 5423 2930 5475; x_wconf 83' lang='lat' dir='ltr'><strong>alterna</strong></span> <span class='ocrx_word' id='word_1_820' title='bbox 2960 5422 3391 5477; x_wconf 81' lang='lat' dir='ltr'><strong>communicatio.</strong></span> <span class='ocrx_word' id='word_1_821' title='bbox 3422 5451 3489 5465; x_wconf 91' lang='lat'>—</span> <span class='ocrx_word' id='word_1_822' title='bbox 3510 5421 3698 5492; x_wconf 85' lang='lat' dir='ltr'><strong>Itaque</strong></span> 
     </span>
    </p>
   </div>
   <div class='ocr_carea' id='block_1_109' title="bbox 2113 5498 3700 5577">
    <p class='ocr_par' dir='ltr' id='par_1_109' title="bbox 2113 5498 3700 5577">
     <span class='ocr_line' id='line_1_109' title="bbox 2113 5498 3700 5577; baseline 0.001 -8"><span class='ocrx_word' id='word_1_823' title='bbox 2113 5516 2401 5570; x_wconf 86' lang='lat' dir='ltr'><strong>sciendum</strong></span> <span class='ocrx_word' id='word_1_824' title='bbox 2433 5525 2553 5577; x_wconf 90' lang='lat' dir='ltr'><strong>est,</strong></span> <span class='ocrx_word' id='word_1_825' title='bbox 2590 5517 2644 5568; x_wconf 89' lang='lat' dir='ltr'><strong>in</strong></span> <span class='ocrx_word' id='word_1_826' title='bbox 2679 5498 3144 5571; x_wconf 83' lang='lat' dir='ltr'><strong>Dominonostro</strong></span> <span class='ocrx_word' id='word_1_827' title='bbox 3177 5514 3305 5570; x_wconf 87' lang='lat' dir='ltr'><strong>Jesu</strong></span> <span class='ocrx_word' id='word_1_828' title='bbox 3342 5514 3570 5570; x_wconf 82' lang='lat' dir='ltr'><strong>Christo</strong></span> <span class='ocrx_word' id='word_1_829' title='bbox 3601 5532 3700 5571; x_wconf 89' lang='lat' dir='ltr'><strong>nos</strong></span> 
     </span>
    </p>
   </div>
   <div class='ocr_carea' id='block_1_110' title="bbox 2114 5607 3702 5678">
    <p class='ocr_par' dir='ltr' id='par_1_110' title="bbox 2114 5607 3702 5678">
     <span class='ocr_line' id='line_1_110' title="bbox 2114 5607 3702 5678; baseline 0.001 -18"><span class='ocrx_word' id='word_1_830' title='bbox 2114 5607 2390 5661; x_wconf 90' lang='lat' dir='ltr'><strong>interdum</strong></span> <span class='ocrx_word' id='word_1_831' title='bbox 2418 5647 2431 5670; x_wconf 94' lang='lat'><strong>,</strong></span> <span class='ocrx_word' id='word_1_832' title='bbox 2478 5615 2741 5678; x_wconf 84' lang='lat' dir='ltr'><strong>tanquam</strong></span> <span class='ocrx_word' id='word_1_833' title='bbox 2785 5607 2852 5662; x_wconf 89' lang='lat' dir='ltr'><strong>de</strong></span> <span class='ocrx_word' id='word_1_834' title='bbox 2882 5607 3099 5662; x_wconf 88' lang='lat' dir='ltr'><strong>duabus</strong></span> <span class='ocrx_word' id='word_1_835' title='bbox 3138 5611 3357 5664; x_wconf 87' lang='lat' dir='ltr'><strong>naturis</strong></span> <span class='ocrx_word' id='word_1_836' title='bbox 3388 5623 3702 5664; x_wconf 83' lang='lat' dir='ltr'><strong>sermonem</strong></span> 
     </span>
    </p>
   </div>
   <div class='ocr_carea' id='block_1_111' title="bbox 2113 5699 3700 5770">
    <p class='ocr_par' dir='ltr' id='par_1_111' title="bbox 2113 5699 3700 5770">
     <span class='ocr_line' id='line_1_111' title="bbox 2113 5699 3700 5770; baseline 0.001 -19"><span class='ocrx_word' id='word_1_837' title='bbox 2113 5699 2355 5761; x_wconf 89' lang='lat' dir='ltr'><strong>habere,</strong></span> <span class='ocrx_word' id='word_1_838' title='bbox 2397 5699 2679 5754; x_wconf 89' lang='lat' dir='ltr'><strong>interdum</strong></span> <span class='ocrx_word' id='word_1_839' title='bbox 2715 5710 2979 5768; x_wconf 91' lang='lat' dir='ltr'><strong>tanquam</strong></span> <span class='ocrx_word' id='word_1_840' title='bbox 3015 5699 3085 5754; x_wconf 94' lang='lat' dir='ltr'><strong>de</strong></span> <span class='ocrx_word' id='word_1_841' title='bbox 3133 5717 3240 5752; x_wconf 89' lang='lat' dir='ltr'><strong>una</strong></span> <span class='ocrx_word' id='word_1_842' title='bbox 3293 5717 3571 5770; x_wconf 88' lang='lat' dir='ltr'><strong>persona:</strong></span> <span class='ocrx_word' id='word_1_843' title='bbox 3623 5709 3700 5753; x_wconf 88' lang='lat' dir='ltr'><strong>at-</strong></span> 
     </span>
    </p>
   </div>
   <div class='ocr_carea' id='block_1_112' title="bbox 2115 5789 3703 5862">
    <p class='ocr_par' dir='ltr' id='par_1_112' title="bbox 2115 5789 3703 5862">
     <span class='ocr_line' id='line_1_112' title="bbox 2115 5789 3703 5862; baseline 0.001 -19"><span class='ocrx_word' id='word_1_844' title='bbox 2115 5807 2222 5862; x_wconf 83' lang='lat' dir='ltr'><strong>que</strong></span> <span class='ocrx_word' id='word_1_845' title='bbox 2253 5791 2358 5846; x_wconf 89' lang='lat' dir='ltr'><strong>hoc</strong></span> <span class='ocrx_word' id='word_1_846' title='bbox 2384 5798 2439 5845; x_wconf 91' lang='lat' dir='ltr'><strong>et</strong></span> <span class='ocrx_word' id='word_1_847' title='bbox 2468 5790 2604 5846; x_wconf 88' lang='lat' dir='ltr'><strong>illud</strong></span> <span class='ocrx_word' id='word_1_848' title='bbox 2636 5790 2702 5845; x_wconf 88' lang='lat' dir='ltr'><strong>ad</strong></span> <span class='ocrx_word' id='word_1_849' title='bbox 2731 5790 2988 5846; x_wconf 88' lang='lat' dir='ltr'><strong>eumdem</strong></span> <span class='ocrx_word' id='word_1_850' title='bbox 3024 5806 3248 5846; x_wconf 81' lang='lat' dir='ltr'><strong>sensum</strong></span> <span class='ocrx_word' id='word_1_851' title='bbox 3281 5792 3538 5847; x_wconf 79' lang='lat' dir='ltr'><strong>refertur.</strong></span> <span class='ocrx_word' id='word_1_852' title='bbox 3569 5789 3703 5844; x_wconf 79' lang='lat' dir='ltr'><strong>Nam</strong></span> 
     </span>
    </p>
   </div>
  </div>
