4420 6452
394 409 528 469 1161

1357 405 1446 463 ΡΛ
1461 406 1739 465 NOPLIA
1782 404 2319 467 DOGMATICA.-
2357 408 2501 468 TIT.
2520 460 2525 464 .
2542 409 2702 470 XXI.

3534 411 3664 472 1162

400 520 494 572 τοῦ
526 535 582 570 τε
617 518 920 586 θελήματος
940 519 1034 568 καὶ
1065 516 1163 581 τῆς
1195 515 1475 584 ἐνεργείας
1497 519 1558 566 ἐκ
1584 516 1680 584 τῆς
1711 516 1974 585 διαφορᾶς
2012 525 2047 577 Α
2085 533 2145 570 vo

1914 517 1974 578 ἇς
2012 525 2047 577 Α
2085 519 2382 573 voluntatis
2453 529 2507 573 et
2569 519 2800 573 actionis
2868 518 3230 573 tliﬂ‘erentiam
3269 537 3332 575 cx
3409 523 3659 576 ditiorem

394 613 503 662 τῶν
538 611 754 677 φύσεων
789 610 1149 677 γνωρίζομεν·
1177 601 1252 659 ὧν
1281 610 1389 675 γὰρ
1419 610 1451 675 ή
1479 607 1615 676 αὑτὴ
1640 609 1826 676 φύσις,
1857 610 1972 660 1:00-

395 719 502 754 των
535 702 628 754 καὶ
658 703 690 770 ή
729 701 865 766 αὑτὴ
904 700 1143 768 θέλησις,
1180 699 1273 750 καὶ
1305 699 1576 768 ἐνέργεια.
1638 694 1740 749 Ὧν
1775 699 1832 751 δὲ
1862 700 1973 751 διά-

395 807 560 861 φορος
593 794 627 860 ἡ
663 789 844 858 φύσις,
876 789 1084 841 τούτων
1123 789 1383 858 διάφορος
1435 793 1529 841 καὶ
1587 790 1835 858 Θέλησις,
1875 793 1971 842 καὶ

400 883 898 949 ὲνέργεια.Φυσικὰ
927 882 1006 943 δὲ,
1035 881 1129 933 καὶ
1149 882 1246 950 οὑχ
1281 882 1643 945 ὑποστατικὰ,
1670 883 1788 934 οὑδὲ
1810 899 1973 950 προσ-

398 974 582 1024 ωπικὶ
610 973 730 1025 οὑδὲ
761 973 1015 1042 γκιωμικά
1050 990 1234 1040 φαμεν
1255 975 1412 1024 ταυτὶ
1437 973 1503 1023 τὰ
1540 973 1820 1041 θελήματα
1880 977 1973 1026 καὶ

395 1066 492 1126 τὰς
522 1064 823 1132 ἐνεργείας.
857 1064 1014 1129 Λέγω
1037 1064 1091 1113 δὲ
1119 1064 1249 1131 μίαν
1291 1064 1387 1130 τὴν
1421 1062 1714 1130 θελητικήν
1766 1081 1823 1113 τε
1879 1066 1974 1116 καὶ

394 1159 757 1224 ὲνεργητικὴν
778 1155 1031 1223 δύναμιν,
1060 1155 1150 1205 ἐπὶ
1179 1154 1275 1220 μὲν
1301 1155 1396 1220 τῆς
1421 1155 1580 1219 ἁγίας
1612 1153 1862 1222 Τριὰδος,
1889 1155 1973 1207 ἵνα

399 1249 474 1316 μὴ
523 1248 856 1317 ἑτεροθελεῖς
887 1249 973 1297 καὶ
1010 1247 1407 1313 ἑτεροενεργείς
1435 1247 1531 1306 τὰς
1562 1249 1711 1314 τρεῖς
1737 1247 1974 1300 ὑποσῖά-

397 1343 508 1396 σςις
571 1339 746 1388 εἰπεῖν
777 1336 1235 1403 ἀναγκασθῶμεν,
1287 1337 1380 1387 ἐπὶ
1413 1336 1469 1387 δὲ
1502 1337 1596 1405 τῆς
1635 1336 1786 1398 θείας
1818 1339 1974 1390 ὲναν-

395 1428 734 1496 θρωπήσεως
764 1425 981 1493 διπλῆν,
1015 1426 1101 1476 ἵνα
1129 1426 1203 1493 μὴ
1234 1425 1701 1492 ,ἔτερ-,ὑπόστατον
1725 1427 1782 1478 τὸ
1803 1428 1975 1493 πρόσ-

406 1519 602 1585 λημμα
659 1517 843 1583 λέγειν
873 1517 1135 1583 δόξωμεν,
1172 1519 1264 1566 καὶ
1302 1517 1396 1567 δύο
1443 1518 1974 1585 συνομολογήσωμεν

394 1611 722 1669 ὑποστάσεις
753 1609 808 1659 ὲν
836 1608 913 1676 τῷ
946 1609 1023 1657 ἐνὶ
1053 1608 1294 1676 Χριστῷ.
1333 1609 1406 1659 Τὸ
1436 1609 1542 1677 γὰρ
1575 1610 1938 1663 ὑποστατικὺν
1959 1653 1973 1676 ,

393 1702 424 1769 ἢ
451 1699 865 1769 προσωπικὸν.ἢ
894 1698 1162 1767 γνωμικὸν
1179 1699 1391 1768 θέλημα
1409 1700 1810 1752 ίδιοῦποστάτου
1832 1703 1976 1752 ὲστ“.ν

397 1793 622 1858 ἀτόμου.
656 1791 712 1841 ’0
733 1791 788 1841 δὲ
805 1792 973 1855 Λόγος
1007 1791 1101 1841 καὶ
1131 1791 1263 1851 Θεὸς
1298 1791 1460 1857 φύσιν
1496 1792 1595 1859 μὲν
1632 1793 1845 1844 τελείαν
1879 1795 1971 1845 ἁν-

2085 612 2156 664 tia
2189 612 2496 681 colligimus
2527 623 2864 666 naturarum.
2899 611 3143 676 Quorum
3187 615 3329 666 enim
3403 631 3508 666 una
3570 625 3656 668 est

2085 713 2299 766 natura,
2347 717 2533 755 eorum
2574 718 2676 755 una
2715 713 2800 757 est
2854 712 2908 756 et
2970 703 3220 756 voluntas
3277 713 3328 757 ct
3386 703 3529 758 aatio
3564 717 3656 768 ;et

2083 807 2311 857 quorum
2350 803 2434 847 est
2471 801 2663 847 natura
2693 794 2932 858 diverSa,
2963 806 3150 847 eorum
3190 805 3243 846 et
3295 794 3549 846 voluntas
3602 807 3658 846 et

2082 884 2224 935 actio
2255 883 2467 936 diversa
2506 894 2611 936 est.
2669 881 2992 936 Voluntates
3043 896 3220 935 autem
3289 893 3343 936 ct
3411 885 3655 937 actiones

2088 991 2191 1029 non
2221 977 2286 1027 ad
2325 977 2690 1045 bypostasim,
2725 987 2820 1028 aut
2851 991 3160 1042 [ICI'SOIlattl,
3225 992 3515 1031 sensumve
3575 994 3655 1032 το-

2086 1066 2331 1121 ferimus.
2361 1067 2533 1121 Unatn
2567 1084 2692 1122 vero
2720 1069 2770 1122 in
2804 1080 2992 1124 saneta
3027 1069 3295 1123 Trinitate
3319 1071 3658 1123 voluntatem

2081 1162 2133 1205 et
2171 1152 2440 1205 actionem
2480 1153 2622 1216 dico,
2672 1169 2737 1207 ne
2770 1169 3029 1218 cogamur
3070 1155 3248 1207 dicere
3275 1164 3382 1208 tres
3409 1169 3666 1222 DCI‘SUI'I‘IS

2083 1243 2299 1296 diversa
2338 1243 2472 1297 velle
2524 1253 2684 1311 atque
2710 1259 2898 1314 agere;
2935 1245 3203 1312 duplicem
3237 1257 3414 1299 autem
3445 1247 3496 1300 in
3533 1248 3669 1297 divi-

2085 1348 2150 1384 na
2185 1334 2536 1386 humanitatis
2590 1336 2983 1403 assumptione,
3046 1351 3113 1390 ne
3172 1340 3415 1392 diversas
3451 1339 3504 1391 in
3559 1354 3666 1391 uno
3717 1402 3722 1405 ἦ

2083 1422 2304 1477 Christo
2329 1426 2646 1492 hypostases
2689 1434 2741 1478 et
2784 1440 3048 1490 personas
3089 1431 3224 1481 duas
3282 1431 3662 1482 eouliteatnur.

2091 1511 2348 1565 Voluntas
2373 1515 2540 1574 enim,
2571 1530 2690 1581 qua:
2735 1517 2801 1568 ad
2854 1517 3213 1584 bypostasiin,
3272 1528 3324 1571 et
3374 1535 3662 1587 personati-

2086 1617 2414 1671 sensumque
2441 1606 2694 1668 refertur,
2727 1610 2945 1675 propria
2991 1619 3074 1662 est
3128 1611 3355 1677 subjecti
3381 1615 3661 1668 individui.

2094 1693 2330 1746 Verbum
2369 1707 2548 1748 autent
2580 1707 2634 1749 et
2691 1699 2837 1751 Deus
2877 1709 3122 1752 naturam
3155 1703 3375 1769 quidem
3432 1707 3666 1761 hominis

2088 1785 2383 1852 periei-tam
2415 1789 2745 1856 assumpsit,
2807 1790 2905 1844 sed
2935 1792 2982 1844 ei
3019 1794 3132 1858 ipse
3173 1809 3400 1862 persona
3443 1797 3562 1851 fuit.
3597 1803 3664 1854 At

395 1884 616 1950 θρώπου
657 1882 1048 1950 προσελάϐετο,
1090 1882 1390 1943 ὑπόστασις
1449 1884 1508 1933 δὲ
1552 1883 1714 1945 αὑτλς
1753 1884 1972 1951 ἐγένετο
2008 1867 2051 1920 Β
2084 1894 2134 1945 (ιι

1913 1903 1972 1936 το
2008 1867 2051 1920 Β
2084 1881 2539 1945 quemadmodum
2566 1891 2850 1943 assumpta
2886 1883 3198 1940 humanitas
3231 1888 3308 1940 sic
3361 1893 3532 1944 evasit
3563 1894 3656 1945 di-

390 1975 467 2042 τῷ
517 1973 934 2041 προσλῄμματι.
1000 1973 1266 2042 Καθάπερ
1310 1974 1366 2026 δὲ
1418 1974 1477 2025 τὸ
1528 1975 1823 2044 πρόϐλημα
1879 1976 1972 2028 καὶ

392 2069 677 2128 τεθέωται,
717 2068 811 2118 καὶ
869 2065 1170 2134 μεταϐολὴν
1199 2068 1260 2116 οὑ
1297 2066 1530 2117 πέπονθε
1566 2068 1664 2135 τῆς
1703 2067 1836 2129 ἰδίας
1867 2069 1970 2134 φύ-

391 2176 552 2220 σεως·
612 2158 758 2209 οὑτω
807 2156 991 2208 καὶτὸ
1025 2155 1238 2224 θέλημα
1295 2160 1385 2208 καὶ
1427 2159 1458 2226 ή
1490 2158 1746 2227 ἐνέργεια
1779 2159 1970 2210 τούτου

391 2250 486 2302 καὶ
526 2249 836 2313 τεθέωνται,
869 2247 962 2300 καὶ
995 2249 1102 2299 τῶν
1144 2248 1287 2300 ἰδίων
1329 2249 1427 2300 οὑκ
1457 2251 1757 2319 ἐξέστησαν
1802 2253 1966 2320 ὅρων.

470 2389 635 2440 ’Λλλο
680 2386 904 2455 θέλησις
952 2385 1182 2454 κυρίως,
1241 2388 1334 2437 καὶ
1394 2385 1522 2438 ἄλλο
1571 2385 1848 2455 βούλησις,
1879 2391 1971 2439 καὶ

388 2483 516 2535 ἄλλο
551 2481 795 2550 θελητὸν,
831 2481 924 2532 καὶ
949 2479 1076 2533 ἄλλο
1110 2479 1422 2548 θελητικδν,
1471 2479 1564 2530 καὶ
1608 2479 1798 2547 ἕτερον
1825 2481 1851 2530 ὀ
1881 2480 1968 2530 θέ-

389 2575 518 2626 λων.
552 2574 784 2642 Θέλησις
816 2573 915 2640 μὲν
939 2572 1046 2639 γὰρ
1081 2570 1233 2639 ήτοῦ
1286 2570 1470 2632 ἁπλῶς
1507 2571 1681 2622 θέλειν
1716 2572 1969 2637 δύναμις,

389 2669 530 2736 ὅπερ
571 2665 688 2717 ἐστὶ
734 2664 952 2732 φύσεως
1006 2663 1100 2713 καὶ
1164 2661 1473 2713 καθολικὸν.
1518 2661 1757 2730 Θελητὸν
1799 2662 1857 2714 δὲ
1908 2665 1971 2715 τὸ

391 2762 460 2828 τῇ
495 2757 714 2826 θελήσει
766 2754 1081 2807 ὑποπίπτον
1138 2754 1393 2822 πρᾶγμα.
1453 2755 1748 2821 Θελητικδν
1799 2755 1857 2806 δὲ
1915 2757 1973 2806 τδ

389 2851 512 2918 ἕχον
558 2849 656 2916 τὴν
705 2846 998 2917 θελητικὴν
1025 2843 1278 2912 δύναμιν,
1343 2841 1455 2897 οἷον
1487 2846 1512 2896 ὁ
1543 2847 1730 2907 ἁπλῶς
1757 2846 1970 2916 ἄνθρω-

390 2956 512 2997 πος.
544 2937 731 2989 Θέλων
784 2937 842 2988 δὲ
874 2937 902 2987 ὁ
929 2934 1134 2987 τοιόσδε
1167 2934 1477 3003 ἅνθρωπος,
1514 2937 1539 2984 ὁ
1574 2939 1856 3004 χρώμενος
1905 2939 1969 3004 τῇ

386 3030 567 3098 τοιᾷδε
607 3028 847 3098 θελήσει.

469 3319 535 3369 ἸΙ
561 3318 802 3386 θέλησις,
823 3319 993 3387 ἤγουν
1017 3319 1076 3370 τὸ
1097 3318 1334 3387 θέλημα,
1354 3319 1481 3369 ποτὲ
1517 3322 1613 3384 μὲν
1645 3319 1740 3387 τήν
1757 3320 1972 3389 θελητι-

392 3411 492 3479 κὴν
525 3409 756 3477 δύναμιν
782 3409 958 3478 δηλοῖ,
1025 3413 1121 3463 καὶ
1173 3411 1391 3477 λέγεται
1448 3411 1662 3477 θέλημα
1743 3413 1976 3477 φυσικὸν

392 3505 482 3553 καὶ
518 3503 825 3555 καθολικόν·
881 3505 1012 3555 ποτὲ
1061 3504 1117 3554 δὲ
1166 3504 1225 3554 τὸ
1278 3502 1527 3571 θελητον,
1581 3506 1673 3555 καὶ
1728 3504 1971 3557 καλεῖται

385 3595 594 3665 θέλημα
624 3596 904 3664 γνωμικόν
928 3613 986 3647 τε
1027 3597 1119 3648 καὶ
1151 3596 1339 3649 ίδικόν.

474 3733 599 3785 Ἐπὶ
633 3735 731 3801 μὲν
755 3733 863 3786 τῶν
893 3735 1197 3804 ἀνθρώπων
1233 3734 1329 3803 μία
1371 3735 1470 3803 μὲν
1510 3738 1541 3804 ή
1573 3735 1778 3805 φυσικὴ
1819 3735 1970 3806 θέλη-

390 3843 497 3888 σις,
531 3827 667 3878 διότι
730 3829 826 3879 καὶ
855 3827 956 3896 μία
995 3828 1201 3878 τούτων
1248 3833 1279 3895 ή
1315 3828 1496 3896 φύσις·
1548 3829 1740 3879 πολλαὶ
1787 3829 1842 3879 δὲ
1880 3831 1974 3880 καὶ

386 3920 630 3987 διάφοροι
660 3921 712 3972 αι
739 3922 1038 3988 γνωμικαὶ,
1071 3921 1252 3973 εἶτουν
1289 3921 1670 3972 ὑποστατικαί·
1709 3923 1842 3974 διότι
1877 3924 1973 3974 καὶ

388 4011 584 4065 πολλαὶ
643 4014 734 4064 καὶ
785 4013 1034 4082 διάφοροι
1067 4014 1272 4065 τούτων
1303 4016 1357 4065 αἰ
1415 4015 1740 4076 ὑποστάσεις
1790 4017 1881 4068 καὶ
1911 4019 1967 4069 αἱ

390 4105 628 4174 γνῶμαι·
667 4106 759 4156 ἐπὶ
783 4105 840 4157 δὲ
871 4106 966 4157 τοῦ
998 4106 1256 4175 Χριστοῦ,
1279 4108 1466 4176 ἐπειδὴ
1508 4109 1609 4175 μὲν
1635 4108 1881 4176 διάφοροι
1912 4111 1968 4162 αἱ

389 4202 582 4269 φύσεις
636 4203 734 4268 τῆς
772 4219 829 4253 τε
868 4201 1123 4269 θεότητος
1170 4202 1334 4254 αὑτοῦ
1379 4206 1471 4255 καὶ
1526 4205 1968 4274 ἀνθρωπότητοε,

388 4291 637 4360 διάφοροι
672 4293 765 4343 κα)⁸
795 4294 849 4344 αἱ
900 4292 1129 4360 φυσικαὶ
1153 4291 1406 4361 θελήσειε
1447 4294 1650 4345 αὑτων·
1691 4295 1880 4363 ἐπειδὴ
1915 4295 1970 4346 δὲ

396 4385 494 4451 μία
530 4384 736 4436 τούτων
770 4385 802 4453 ή
838 4385 1160 4447 ὑπόστασις·
1198 4386 1292 4437 καὶ
1317 4378 1396 4446 εἷς
1423 4387 1449 4436 ὁ
1483 4385 1674 4448 θέλων,
1702 4386 1758 4437 ἓν
1785 4389 1879 4438 καὶ
1913 4386 1972 4438 τὸ

387 4477 600 4545 θέλημα
629 4477 856 4540 τούτων,
920 4477 1014 4532 ἅτε
1051 4477 1142 4530 τοῦ
1189 4477 1498 4546 κρείττονος
1556 4481 1967 4548 ἐκνικήσαντος,

2088 1971 2234 2031 v‘na,
2269 1979 2324 2019 ut
2351 1972 2581 2038 proin-im
2603 1983 2808 2025 natura:
2838 1991 2943 2027 non
2972 1980 3208 2031 senserit
3265 1983 3615 2037 mutationem
3643 2005 3656 2037 :

2083 2064 2160 2115 sic
2204 2064 2320 2132 ejus
2350 2075 2403 2116 et
2436 2065 2684 2120 voluntas
2711 2077 2766 2121 et
2791 2071 2934 2124 actio
2960 2073 3029 2123 ita
3090 2086 3387 2130 evaserunt
3437 2078 3658 2144 divitta‘,

2085 2164 2193 2207 uta
2236 2157 2470 2224 propriis
2525 2160 2773 2214 terminis
2815 2178 2919 2216 non
2956 2167 3303 2224 recesset-int.

2151 2382 2310 2437 Aliud
2344 2391 2427 2437 est
2452 2383 2802 2448 voluntas,et
2857 2387 3007 2442 aliud
3062 2399 3147 2444 est
3211 2392 3555 2461 deliberatio,
3608 2410 3662 2453 et

2083 2474 2226 2527 aliud
2255 2484 2338 2529 est
2374 2491 2482 2540 res,
2525 2491 2696 2543 quam
2732 2478 2937 2548 aliquid
2983 2483 3112 2547 vult,
3138 2494 3192 2536 et
3225 2485 3297 2550 id,
3327 2491 3471 2553 quod
3525 2495 3659 2554 vult,

2082 2568 2212 2619 etis
2241 2567 2492 2633 quivult.
2557 2569 2818 2624 Voluntas
2858 2574 3000 2625 enim
3046 2575 3364 2642 simpliciter
3419 2594 3498 2634 est
3567 2600 3660 2636 vo-

2083 2658 2222 2712 letuli
2266 2661 2366 2725 vis,
2404 2676 2521 2729 qua:
2547 2673 2755 2716 natura:
2776 2675 2858 2717 est
2906 2677 2955 2719 et
2981 2671 3304 2722 communis.
3333 2672 3660 2726 Deliberatio

2083 2761 2263 2803 autem
2299 2765 2383 2805 est
2421 2755 2538 2807 talis
2595 2763 2650 2806 et
2683 2756 2807 2808 talis
2837 2758 3109 2824 voluntas,
3143 2770 3198 2813 et
3244 2763 3309 2814 ad
3374 2781 3658 2832 personam

2086 2845 2342 2910 refertur,
2398 2857 2451 2899 et
2489 2848 2784 2915 singuiaris
2838 2861 2938 2904 est.
2976 2851 3082 2906 Res
3119 2866 3296 2908 autem
3347 2872 3509 2926 quam
3562 2861 3662 2914 ali-

2082 2936 2211 3001 quid
2239 2940 2376 3000 vult,
2412 2946 2496 2991 est
2533 2939 2798 2993 voluntati
2829 2943 3092 3007 subjecta;
3130 2945 3182 2998 id
3221 2953 3501 3016 vereqnod
3528 2956 3662 3014 vult,

2081 3039 2162 3081 est
2194 3027 2335 3095 quod
2364 3029 2526 3083 habet
2559 3030 2768 3085 voleudi
2804 3033 3141 3100 facultatem,
3209 3041 3441 3110 exempli
3489 3046 3663 3112 gratia

2085 3122 2271 3173 homo.
2301 3127 2347 3175 is
2379 3135 2565 3188 Porro,
2599 3126 2690 3192 qui
2737 3126 2850 3178 vult
2892 3138 2973 3181 est
3010 3129 3206 3199 aliquis
3268 3131 3428 3187 homo
3476 3139 3632 3204 singu
3657 3172 3670 3200 χ

2001 3216 2047 3276 c
2084 3208 2232 3275 laris,
2276 3211 2369 3280 qui
2403 3212 2583 3282 aliqua
2616 3217 2878 3284 singulari
2909 3219 3078 3271 utitur
3150 3223 3446 3278 voluntate.

2155 3343 2416 3400 Voiunlas
2452 3349 2742 3417 aliquando
2781 3351 3050 3419 signilieat
3083 3357 3292 3409 voleudi
3326 3358 3662 3428 facultatem,

2081 3446 2135 3488 et
2188 3436 2388 3489 dicitur
2436 3438 2684 3493 voluntas
2739 3443 3003 3497 naturalis.
3077 3454 3130 3499 et
3164 3449 3665 3520 universalis;ali-

2080 3530 2300 3595 quando
2352 3541 2532 3582 autem
2568 3531 2642 3594 id,
2681 3533 2824 3599 quod
2861 3536 3131 3602 volumus,
3181 3542 3508 3600 etvoluntas
3532 3564 3663 3602 sen-

2080 3621 2264 3673 tentia:
2298 3632 2459 3690 atque
2519 3622 2814 3692 singularis
2846 3629 3169 3696 appellatur.

2152 3755 2269 3810 Una
2318 3757 2370 3810 in
2419 3758 2735 3815 hominibus
2789 3765 3039 3819 voluntas
3084 3778 3160 3821 esi
3216 3775 3496 3839 naturalis,
3532 3793 3667 3846 quo-

2083 3852 2229 3901 niam
2263 3853 2457 3904 horunt
2487 3868 2589 3905 uua
2635 3854 2764 3907 item
2800 3867 2884 3910 est
2916 3869 3133 3914 natura.
3177 3864 3353 3921 Multa:
3386 3881 3567 3926 autem
3604 3888 3662 3928 et

2080 3941 2310 3996 diversa:
2349 3946 2652 4007 sententiae,
2686 3949 2942 4016 quoniam
2988 3953 3171 4008 multa:
3213 3973 3338 4013 sunt
3372 3964 3535 4019 etiam
3574 3983 3666 4020 va-

2078 4034 2279 4102 riteque
2315 4050 2578 4102 personae.
2607 4038 2677 4091 At
2740 4039 2792 4093 in
2849 4040 3068 4099 Christo
3103 4049 3225 4115 quia
3282 4056 3513 4109 diversa:
3571 4074 3667 4112 tta--

2081 4137 2212 4178 tura:
2249 4135 2376 4180 sunt.
2403 4127 2702 4184 divinitatis
2729 4141 2782 4186 et
2819 4133 3172 4194 humanitatis
3214 4142 3405 4210 ipsius,
3434 4148 3664 4206 diversa:

2077 4227 2203 4269 sunt
2263 4218 2429 4271 etiam
2492 4222 2767 4277 naturales
2818 4238 3004 4279 earum
3064 4231 3393 4290 voluntates.
3468 4238 3661 4296 Verum

2075 4306 2201 4373 quia
2234 4322 2335 4358 una
2385 4318 2466 4360 est
2496 4308 2710 4362 illarum
2760 4327 3012 4381 persona,
3058 4327 3113 4372 et
3179 4336 3318 4376 unus
3383 4328 3473 4395 qui
3532 4330 3664 4390 \ull.

2078 4414 2180 4451 una
2243 4399 2403 4452 etiam
2430 4399 2676 4456 voluntas
2706 4411 2869 4473 atque
2899 4412 3165 4465 sententia
3225 4426 3327 4478 est,
3378 4433 3500 4472 cum
3572 4424 3659 4477 illa

2077 4504 2196 4556 quae
2226 4490 2573 4555 prmstantior
2603 4503 2686 4544 est
2736 4495 2920 4548 vincat
2963 4510 3018 4552 et
3047 4502 3382 4571 dominetur,
3427 4512 3662 4565 humana

387 4571 557 4639 ἤγουν
611 4571 894 4640 ἄρχοντος,
954 4572 1049 4622 καὶ
1104 4570 1197 4621 τοῦ
1259 4569 1601 4639 ἀνθρωπίνου
1666 4571 1969 4642 θελήματος
2004 4565 2132 4635 ῡεη

1918 4565 2257 4636 0;Dautcm
2302 4585 2556 4640 voluntas
2613 4588 2852 4642 divinam
2922 4605 3204 4661 sequatur,
3275 4609 3327 4652 et
3394 4619 3458 4656 ca
3537 4607 3663 4661 γεω

385 4663 654 4732 ἑπομένου
688 4664 765 4732 τῷ
798 4663 946 4732 θείῳ,
1008 4665 1102 4716 καὶ
1155 4663 1333 4716 ταῦτα
1383 4662 1657 4727 θέλοντος,
1693 4664 1728 4717 ἃ
1794 4669 1968 4718 έκεῖνο

387 4754 552 4807 θέλει.

469 4869 593 4918 Ἐπὶ
622 4869 757 4921 Θεοῦ
793 4871 1012 4940 θέλησιν
1039 4873 1138 4941 μὲν
1170 4874 1424 4945 λέγομεν,
1480 4876 1574 4928 καὶ
1603 4876 1821 4944 βουλήν,
1851 4880 1968 4946 ἦτοι

387 4960 668 5029 βούλησιν,
723 4962 952 5032 γνώμην
1003 4965 1061 5016 δὲ
1141 4968 1173 5035 ἢ
1221 4972 1544 5038 προαίρεσιν
1601 4970 1661 5022 οὑ
1711 4970 1965 5038 λέγομεν.

384 5053 582 5121 Γνώμη
610 5053 709 5121 μὲν
738 5055 845 5124 γὰρ
896 5057 1091 5125 ἡμετὰ
1128 5059 1228 5129 τήν
1265 5062 1394 5131 περὶ
1442 5061 1535 5114 τοῦ
1597 5063 1966 5130 ἀγνοουμένου

380 5143 608 5214 ζήτησιν
653 5147 748 5196 καὶ
778 5146 960 5213 κρίσιν
986 5150 1123 5219 πρὸς
1153 5150 1212 5202 τὸ
1243 5151 1432 5220 κριθὲν
1466 5152 1731 5218 διάθεσις,
1757 5153 1879 5221 μεθ’
1899 5154 1965 5224 ἣν

378 5239 411 5304 η
439 5235 762 5304 προαίρεσις
822 5236 1164 5309 ὲκλεγομένη
1215 5243 1309 5294 καὶ
1345 5242 1647 5312 αἱρουμένη
1707 5243 1813 5308 πρὸ
1846 5244 1964 5294 ὲςέ-

381 5345 478 5398 ρου
510 5327 571 5379 τὸ
602 5328 814 5397 ἕτερον.
874 5327 931 5379 '0
955 5328 1012 5381 δὲ
1046 5331 1178 5393 Θεὸς
1231 5333 1485 5405 ἀνενδεὴς
1540 5336 1638 5387 καὶ
1692 5335 1962 5403 σκέψεως,

376 5422 472 5471 καὶ
534 5420 874 5490 ζητήσεως,
955 5423 1046 5474 καὶ
1118 5424 1400 5495 ἐκλογῆς,
1473 5429 1646 5481 πάντα
1720 5428 1964 5497 φυσικῶς

375 5534 397 5566 ε
411 5516 554 5578 ἱδώς.

445 5633 535 5683 Διὸ
564 5631 684 5685 οὐδὲ
712 5632 928 5705 βουλήν,
971 5635 1092 5705 ἢτοι
1119 5636 1427 5705 βούλευσιν,
1465 5637 1556 5690 ἐπὶ
1586 5638 1721 5693 Θεοῦ
1760 5659 1962 5713 φαμεν,

369 5727 417 5776 εξ
467 5727 563 5778 καὶ
619 5724 1122 5798 ἁνθρωποπρεπῶς
1179 5728 1575 5800 βουλευόμενον
1633 5735 1964 5808 πολλάκιςή

369 5819 492 5872 θεία
531 5819 724 5889 Γραφὴ
775 5820 966 5874 τοῦτον
1017 5823 1352 5892 ὑπογράφει“
1420 5825 1772 5899 Ποιήσιιιμεν
1830 5832 1961 5902 γὰρ,

652 5920 924 5980 Ρηνοι.
964 5920 1086 5985 Gtt.
1126 5921 1371 5986 CXXX.

2075 4691 2197 4744 qum
2233 4677 2431 4732 divina:
2475 4679 2688 4746 placent
2740 4682 3025 4737 voluntati.

2147 4885 2491 4940 Voluntatem
2537 4886 2589 4940 in
2636 4888 2743 4943 Deo
2777 4890 3029 4954 dicimus.
3074 4900 3400 4952 sententiam
3477 4914 3658 4959 autem

2072 4987 2164 5029 aut
2229 4978 2547 5033 electionem
2583 4995 2684 5033 non
2732 4982 2983 5039 dicimus.
3028 4987 3311 5044 Sententia
3380 4996 3524 5049 enim
3572 5010 3668 5053 ‘est

2073 5077 2194 5137 post
2255 5071 2328 5123 rei
2387 5071 2649 5138 ignoratae
2714 5078 3072 5142 quastionetn
3155 5091 3318 5150 atque
3370 5086 3662 5157 judicium,

2073 5161 2285 5216 affectio
2317 5178 2444 5233 erga
2480 5164 2607 5217 illud
2633 5168 2777 5235 quod
2809 5167 3115 5234 julicatum
3178 5186 3284 5240 est,
3335 5192 3498 5245 quam
3573 5197 3665 5236 se-

2072 5253 2260 5320 quitur
2294 5254 2514 5316 elt-etio,
2537 5271 2659 5322 qu:e
2692 5259 2935 5312 secet-nit
2997 5270 3045 5313 ct
3081 5277 3251 5317 unum
3295 5266 3449 5321 alteri
3509 5279 3666 5325 ante-

2072 5349 2239 5414 ponit.
2283 5347 2390 5399 Deo
2424 5359 2602 5400 autem
2637 5366 2740 5403 non
2774 5362 2858 5405 est
2917 5368 3057 5421 opus
3088 5365 3148 5408 ut
3202 5361 3534 5424 censideret,
3569 5376 3666 5417 aut

2070 5437 2332 5507 inquirat,
2364 5448 2455 5493 aut
2487 5441 2671 5509 eligat,
2700 5457 2824 5495 eum
2885 5445 3066 5498 omnia
3124 5447 3262 5502 sciat
3319 5453 3659 5508 naturaliter.

2143 5644 2507 5709 Quamooretu
2542 5660 2639 5699 nec
2695 5647 3156 5706 consultationem
3235 5654 3288 5708 in
3354 5655 3460 5711 Deo
3509 5662 3666 5728 poni-

2071 5751 2211 5799 mus,
2256 5738 2382 5793 licet
2413 5752 2535 5792 eum
2563 5755 2703 5809 Sﬂ‘pt:
2729 5741 3025 5812 Scriptura:
3062 5746 3302 5802 humano
3338 5765 3491 5804 more
3531 5767 3665 5807 con--

2071 5834 2336 5890 eulenlcm
2397 5833 2707 5892 describant
2746 5855 2759 5890 :
2797 5837 3085 5896 Faciamus
3113 5843 3279 5908 enim,
3320 5847 3516 5917 inquit,
3575 5850 3667 5903 Ito-

3176 5940 3251 5997 37
