4420 6452
774 383 908 452 1163

2004 395 2387 457 EUTIIYMII
2426 398 2787 462 ZIGABENI

3894 410 4030 474 1164

768 503 957 551 minem
994 497 1033 560 ί,
1065 506 1113 551 ct
1142 498 1186 551 si
1215 497 1346 567 quid
1384 498 1531 553 aliud
1585 515 1650 554 co
1703 501 1935 556 consilio
1982 505 2183 558 dictum
2236 515 2341 566 est,
2372 506 2423 565 Α
2449 527 2513 578 φη

2285 515 2341 566 ιι.
2372 506 2633 578 Αφησὶν,
2684 513 3043 580 ἄνθρωπον,
3097 516 3192 566 καὶ
3243 518 3297 567 ετ
3354 533 3407 567 τι
3460 517 3703 571 τοιοῦτον
3749 522 4030 588 οἰκονομι-

767 606 876 659 quo
900 590 1306 659 signiﬁcantius
1358 598 1470 645 tres
1521 592 1683 645 unius
1745 593 2051 649 Divinitatis
2100 610 2345 664 persona:

764 682 1130 737 declarentur.
1166 683 1235 734 At
1286 682 1336 734 in
1405 690 1682 748 assumpta
1753 684 2096 739 humanitate
2149 695 2339 737 natura

764 772 982 839 quidem
1027 769 1275 824 concedit
1332 778 1391 821 ιιι
1421 770 1875 825 consultationem
1910 781 1964 826 et
2016 774 2341 827 sententiam

766 864 1013 917 dicamus
1066 873 1121 917 ct
1153 862 1496 925 electionem,
1548 866 1640 916 sed
1673 873 1851 917 tamen
1920 865 2035 917 hac
2094 864 2221 917 item
2280 865 2345 916 de

765 957 881 1024 ipsa
914 956 1056 1009 haud
1104 954 1323 1026 prOprie
1347 953 1620 1009 dicuntur.
1666 953 1800 1007 Nam
1833 969 1955 1010 cum
1995 955 2047 1008 in
2111 968 2343 1023 persona

764 1066 885 1105 cum
942 1049 1050 1102 Deo
1080 1047 1369 1115 conjuncta
1398 1046 1489 1108 sit,
1524 1060 1706 1100 rerum
1742 1047 1854 1115 ipsa
1887 1061 2101 1116 quoque
2152 1048 2344 1113 cogni—

765 1145 968 1197 tionem
1009 1141 1250 1194 omnium
1275 1149 1357 1193 est
1390 1149 1661 1193 assecuta.
1698 1139 1804 1193 Sed
1863 1141 2168 1194 naturalem
2224 1139 2345 1209 ejus

764 1235 1099 1288 voluntatem
1153 1231 1410 1285 dicimus.
1462 1230 1616 1294 Quod
1672 1231 1715 1284 si
1770 1230 2024 1284 Christus
2050 1231 2346 1297 aliquando

766 1328 980 1378 videtur
1002 1323 1288 1376 sentcntiae
1338 1322 1673 1390 propOsitunt
1734 1323 2039 1382 admittere,
2085 1328 2344 1389 tlttnltlum

770 1410 1003 1477 pertinet
1033 1408 1097 1459 atl
1128 1406 1542 1465 humanitatem,
1577 1414 1635 1457 ut
1657 1419 1724 1457 eo
1755 1405 1901 1457 loco:
1940 1403 2090 1469 Volo,
2111 1405 2340 1455 munda-

766 1510 846 1553 lor
872 1501 917 1563 ',
959 1510 1012 1553 et
1044 1514 1162 1567 qua!
1192 1509 1320 1551 sntit
1354 1498 1478 1549 huic
1504 1495 1852 1565 sitnilia,§n0u
1878 1508 2053 1548 tamen
2081 1510 2345 1563 ρει-δοται,

762 1602 856 1644 aut
888 1590 1173 1645 sententiae
1200 1589 1253 1640 in
1289 1588 1380 1640 illo
1416 1587 1751 1639 voluntatem
1789 1586 2040 1645 dicimus,
2091 1587 2182 1637 sed
2234 1584 2343 1636 dis-

762 1682 1097 1753 pensationis
1132 1680 1308 1750 gratia
1337 1678 1453 1733 lucc
1498 1691 1624 1732 esse
1663 1677 1806 1730 dicta
1862 1674 2232 1742 intelligimus,
2277 1674 2347 1726 ob

759 1789 879 1829 eam
909 1782 1154 1836 causam,
1208 1783 1370 1838 quam
1414 1777 1539 1821 ante
1596 1768 2162 1821 commemoravimus.

828 1908 884 1961 lu
918 1904 1264 1966 animalibus,
1296 1915 1418 1971 qua:
1446 1899 1695 1963 rationis
1722 1900 1966 1965 expertia
2006 1908 2150 1963 sunt,
2177 1913 2337 1967 appe-

757 2008 913 2061 titum
976 2001 1230 2063 dicimus,
1262 2011 1367 2050 non
1401 2004 1586 2049 autem
1619 1993 1969 2054 voluntatem,
2023 2001 2118 2045 aut
2161 1990 2341 2044 consi-

755 2103 913 2154 lium.
957 2094 1240 2149 lltet'enim
1270 2090 1457 2146 statim
1488 2089 1556 2141 ab
1590 2089 1712 2158 ipso
1764 2087 2007 2155 appetitu
2049 2086 2115 2138 ad
2168 2100 2335 2153 agen—

754 2193 881 2245 dum
914 2185 1269 2255 impelluntur
1333 2182 1452 2235 sine
1477 2180 1708 2232 ratione.
1745 2176 2005 2231 Volumus
2046 2186 2225 2228 autem
2283 2186 2337 2227 ct

753 2275 1040 2331 consilium
1082 2273 1289 2325 ratione
1321 2268 1563 2338 praeditis
1627 2266 2001 2320 tantummodo
2058 2266 2333 2324 convenit,

752 2370 955 2437 quippe
984 2380 1104 2435 qua:
1172 2360 1435 2433 appetitui
1493 2359 1671 2430 ponus
1738 2360 2003 2427 imperant
2060 2366 2113 2411 et
2163 2356 2335 2409 duini-

752 2472 966 2517 nantnr.

823 2598 879 2651 Si
916 2609 1107 2650 natura
1148 2594 1360 2647 ratione
1390 2590 1647 2660 prmditus
1677 2597 1755 2642 est
1794 2588 1979 2649 homo,
2037 2587 2179 2654 quod
2232 2601 2330 2637 au-

746 2702 853 2745 tem
888 2698 1081 2744 natura
1111 2688 1322 2739 ratione
1357 2682 1646 2752 praeditum
1674 2690 1781 2744 cst,
1843 2690 2037 2729 natura
2096 2678 2323 2728 liberum

748 2776 914 2831 habet
984 2774 1295 2835 arbittium,
1342 2771 1486 2838 quod
1558 2768 1803 2837 quidem,
1854 2776 1909 2819 ιιι
1967 2766 2155 2820 Patres
2206 2781 2331 2816 sm-

747 2872 909 2931 tiunt,
940 2869 1076 2922 nihil
1110 2865 1253 2917 aliud
1287 2872 1371 2918 est
1424 2862 1527 2915 nisi
1582 2859 1828 2914 voluntas
1859 2874 1873 2911 :
1910 2857 2075 2912 homo
2135 2866 2326 2910 natura

742 2966 1078 3021 voluntatem
1109 2960 1294 3013 habet.

813 3098 870 3154 Si
938 3096 1083 3151 Deus
1138 3093 1372 3148 Verbum
1406 3109 1491 3146 me
1547 3090 1706 3145 simul
1756 3104 1878 3143 eum
1940 3088 2007 3143 iis
2030 3103 2147 3156 qua:
2210 3100 2327 3140 mea

2451 604 2585 667 κῶς,
2610 606 2701 655 καὶ
2730 604 2866 674 πρὸς
2898 604 3139 674 ἔμφασιν
3182 607 3290 657 τῶν
3319 607 3489 675 τριῶν
3545 609 3901 665 ὑποστάσεων
3930 614 4032 681 τῆς

2454 693 2583 761 μίας
2628 694 2916 763 Θεότητος.
2977 696 3099 747 Ἐπὶ
3153 695 3210 747 δέ
3237 696 3331 748 τοῦ
3378 698 3812 767 προσλήμματος
3842 702 4031 754 δίδωσι

2453 786 2553 854 μὲν
2582 787 2613 854 ἡ
2652 785 2811 852 φύσις
2843 786 3023 853 λέγειν
3051 787 3144 838 καὶ
3175 786 3481 854 βούλευσιν,
3533 789 3626 839 καὶ
3658 790 3907 858 γνώμην,
3937 796 4034 844 καὶ

2460 878 2808 944 προαίρεσιν
2831 877 2890 928 οὐ
2928 876 3131 945 κυρίως
3156 876 3212 928 δὲ
3244 877 3447 943 λέγοιτ’
3483 876 3548 930 ἂν
3578 880 3699 930 οὐδὲ
3729 881 3814 930 ἐπ’
3843 882 4028 934 αὑτοῦ.

2449 965 2595 1016 Διότι
2650 964 3101 1016 καθ’ὑπόστασιν
3148 964 3346 1018 ἐνωοὲν
3376 966 3451 1033 τῷ
3490 965 3610 1035 Θεῷ
3676 971 4029 1036 συμμετέσλε

2451 1054 2663 1109 καὶτοῦ
2697 1055 2875 1108 πάντα
2904 1056 3124 1108 εἰδέναι.
3162 1056 3398 1125 Θέλησιν
3418 1058 3474 1109 δὲ
3517 1059 3774 1126 φυσικὴν,
3800 1059 3917 1127 ἦτοι
3949 1060 4030 1109 ὑέ-

2448 1150 2620 1217 λημα,
2651 1147 2843 1201 τούτου
2873 1148 3122 1215 λέγομεν.
3146 1148 3209 1200 El
3231 1149 3371 1216 τάχα
3392 1148 3448 1199 δὲ
3469 1149 3495 1199 ὁ
3521 1150 3751 1217 Χριστὸς
3777 1151 4031 1214 εὑρίσκεσ

2448 1257 2541 1293 ται
2574 1241 2670 1293 καὶ
2719 1240 2971 1308 μερικὸν,
3010 1240 3181 1309 ἤγουν
3237 1241 3515 1305 γνωμικὸν
3555 1242 3793 1307 εἰσάγων
3820 1241 4032 1308 θέλημα

2451 1331 2592 1382 κατά
2617 1330 2675 1382 τὸ
2698 1329 3038 1400 ἀνθρώπινον
3063 1328 3251 1392 αὑτοῦ,
3302 1328 3377 1390 ὡς
3403 1330 3484 1392 τὸ.
3536 1330 3700 1383 Θέλω
3730 1371 3745 1395 ,
3789 1333 4031 1396 καθαρι-

2452 1425 2653 1487 σθητι,
2696 1421 2789 1473 καὶ
2845 1420 2981 1473 ἄλλα
3006 1420 3254 1484 τοιαῦτα,
3286 1420 3515 1473 ἀλλὀὒν
3559 1422 3621 1473 οὐ
3653 1422 3879 1490 λέγομεν
3903 1424 4029 1475 ὑπο⁶

2452 1514 2707 1563 στατικὸν
2738 1511 2830 1562 ἐπὶ
2861 1510 3079 1573 τούτου,
3110 1509 3142 1578 ἢ
3170 1509 3450 1575 γνωμικὸν
3511 1510 3726 1578 θέλημα
3748 1512 4029 1579 οίκονομιο

2451 1603 2561 1665 κῶς
2582 1602 2668 1656 διὰ
2715 1602 2813 1671 τὴν
2842 1599 3312 1669 προαποδοθεῖσαν
3345 1599 3546 1652 αἰτίαν.

2528 1912 2653 1964 Ἐπὶ
2687 1910 2795 1963 τῶν
2819 1910 3030 1977 ἀλόγων
3054 1910 3235 1980 ὄρεξιν
3268 1910 3367 1979 μὲν
3389 1910 3647 1979 λέγομεν,
3693 1911 3915 1983 Θέλησιν
3967 1916 4027 1969 δὲ

2448 2004 2479 2076 ῆ
2511 2003 2769 2074 βούλησιν
2794 2004 2855 2055 οὐ
2890 2003 3145 2071 λέγομεν.
3177 2002 3323 2054 Διότι
3352 2002 3487 2069 μετὰ
3521 2002 3621 2071 τὴν
3646 2004 3827 2073 ὄρεξιν
3858 2007 4027 2068 εὖοὺς

2442 2096 2591 2164 ὁρμᾷ
2623 2095 2793 2146 ταῦτα
2815 2093 2951 2164 πρὸς
2978 2094 3078 2162 τὴν
3113 2094 3313 2164 πρᾶξιν
3346 2092 3643 2159 ἀλογίστως
3669 2095 3773 2146 ὑπὸ
3792 2096 3889 2162 τῆς
3915 2115 4023 2163 φυ-

2442 2186 2599 2255 σικῆς
2623 2184 2852 2254 ὀρέξεως
2886 2184 3151 2252 ἀγόμενα.
3184 2184 3249 2234 'll
3276 2184 3329 2235 δὲ
3367 2184 3586 2253 Θέλησις
3633 2187 3729 2235 καὶ
3762 2186 3793 2254 ἡ
3820 2186 4020 2255 βούλη-

2440 2295 2524 2339 σις
2557 2278 2669 2328 τῶν
2702 2276 2939 2342 λογικῶν
2967 2277 3115 2340 ἐστι,
3143 2276 3255 2327 τῶν
3280 2275 3520 2343 ἀγόντων
3540 2276 3742 2345 μᾶλλον
3772 2280 3872 2346 τὴν
3898 2279 4024 2349 δρε-

2444 2372 2545 2436 ξιν,
2588 2370 2681 2423 καὶ
2708 2368 3076 2438 κυριευόντων
3105 2370 3298 2440 αὐτῆς.

2514 2595 2575 2648 El
2607 2595 2771 2663 φύσει
2802 2594 3023 2662 λογικὸς
3051 2595 3080 2646 ὁ
3119 2593 3434 2664 ἄνθρωπος,
3486 2597 3548 2647 τὸ
3576 2595 3635 2649 δὲ
3667 2596 3833 2664 φύσει
3872 2596 4024 2662 λογι-

2438 2688 2532 2739 κὸν
2567 2686 3114 2755 φύσειαύτεξούσιον.
3160 2687 3220 2740 τὸ
3241 2687 3297 2739 δὲ
3321 2686 3673 2750 αὐτεξούσιον
3719 2688 3862 2739 κατά
3890 2688 4020 2748 τοὺς

2443 2778 2691 2849 Πατέρας
2712 2779 2772 2831 τὸ
2824 2778 3037 2848 θέλημά
3063 2780 3245 2831 ἐστιν·
3300 2781 3408 2848 ἄρα
3442 2779 3605 2848 φύσει
3649 2779 3935 2848 θελητικὸς
3989 2780 4020 2831 ὁ

2439 2866 2750 2936 ἄνθρωπος.

2514 3093 2577 3145 Ei
2613 3092 2715 3160 ἐμὲ
2758 3092 2899 3159 μετά
2926 3093 3036 3144 τῶν
3066 3093 3217 3161 ἐμῶν
3256 3092 3285 3145 ὁ
3316 3092 3449 3154 Θεὸς
3491 3091 3664 3159 Λόγος
3724 3089 4019 3159 προσείλη-

740 3200 890 3253 sunt,
922 3187 1184 3256 suscepit,
1218 3195 1278 3239 ut
1316 3184 1619 3253 Gregorius
1649 3183 1738 3236 ille
1770 3179 2081 3245 Thenlugus
2137 3180 2247 3231 ait:
2277 3187 2332 3232 et
2359 3166 2401 3222 C
2436 3201 2485 3251 φε

2277 3187 2332 3232 et
2359 3166 2401 3222 ο
2436 3201 2556 3251 φεν,
2581 3184 2705 3246 ὼςὸ
2738 3184 3001 3250 Θεολὸγος
3060 3186 3306 3254 εῐρηκεν,
3362 3183 3472 3253 ἄρα
3518 3184 3613 3236 καὶ
3666 3182 3729 3234 τὸ
3783 3182 4016 3249 φυσικὸν

741 3286 1042 3341 naturalem
1099 3282 1287 3350 utique
1356 3294 1529 3331 meam
1588 3274 1825 3344 susecpit
1878 3273 2239 3334 voluntatem,
2276 3282 2330 3323 et

740 3394 918 3433 nteant
955 3375 1256 3431 naturalem
1284 3371 1575 3423 actionem.

812 3494 870 3548 Si
908 3491 1087 3545 omnis
1115 3487 1278 3541 homo
1333 3493 1532 3538 natura
1593 3479 1811 3534 volendi
1856 3478 2159 3547 agendique
2220 3479 2325 3528 vim

737 3589 936 3646 habet:
962 3597 1013 3640 et
1046 3585 1185 3639 Deus
1218 3580 1452 3636 Verbum
1488 3579 1697 3647 utique,
1734 3578 1893 3629 homo
1918 3584 2110 3628 natura
2132 3573 2326 3636 factus,

736 3692 924 3736 natura
949 3675 1162 3731 volendi
1201 3672 1507 3744 agendique
1555 3669 1661 3721 vim
1685 3665 1896 3721 habuit.

806 3881 862 3936 Si
890 3875 1156 3937 Trinitas,
1194 3886 1315 3941 qua:
1388 3866 1633 3936 ejusdem
1686 3863 1938 3920 essentia:
1986 3872 2091 3926 est,
2162 3877 2322 3913 uuam

736 3976 902 4031 habet
926 3970 1258 4026 voluntatem
1297 3981 1312 4018 :
1352 3978 1415 4017 ca
1461 3975 1585 4029 qua:
1626 3974 1790 4014 unam
1818 3958 2020 4012 habent
2077 3955 2326 4009 volunta-

734 4077 862 4130 tem,
895 4061 1141 4117 eamdem
1218 4054 1421 4109 habent
1446 4051 1762 4113 essentiam,
1795 4060 1849 4103 et
1908 4048 2154 4101 diversas
2208 4060 2327 4115 per-

731 4173 916 4216 sonas.
946 4150 1313 4221 Quamobrem
1347 4147 1390 4201 si
1421 4147 1540 4199 duae
1564 4143 1766 4199 Christi
1798 4152 2032 4205 natura},
2110 4149 2167 4191 ut
2225 4139 2325 4193 dc-

733 4258 943 4305 mentes
1018 4243 1105 4298 isti
1166 4240 1429 4302 sentiunt,
1485 4248 1647 4288 unam
1704 4232 2039 4285 voluntatem
2103 4232 2321 4295 habent,

729 4343 978 4399 eamdem
1037 4334 1316 4393 habebunt
1380 4329 1675 4385 essentiam
1728 4335 1782 4379 et
1830 4324 2077 4378 diversas
2138 4337 2325 4392 perso-

732 4451 831 4491 nas
870 4451 882 4487 :
916 4444 1083 4500 atque
1112 4430 1183 4481 ita
1216 4423 1454 4479 incident
1484 4421 1537 4475 in
1594 4417 1997 4479 confusionem,
2047 4430 2145 4468 nee
2186 4414 2324 4468 divi-

729 4526 941 4581 sionem
973 4520 1258 4588 etl'ugient,
1319 4528 1482 4583 quam
1535 4524 1638 4563 una
1700 4518 1895 4561 natura
1951 4507 2005 4559 in
2068 4504 2321 4577 personis
2354 4500 2400 4556 D

728 4622 830 4675 hihi
892 4613 1152 4683 subjectis
1182 4610 1367 4672 habet,

1156 4743 1463 4801 TITULUS
1534 4742 1709 4795 XXII.

730 4895 989 4948 Adversus
1050 4888 1344 4957 imaginum
1404 4891 1793 4950 oppugnatores
1826 4878 2049 4946 epitome
2076 4875 2317 4943 qua’dam

796 4990 908 5031 tum
945 4992 1008 5027 (τ
1038 4974 1168 5026 actis
1220 4969 1429 5023 sentiini
1465 4965 1697 5027 concilii,
1737 4974 1846 5016 tum
1895 4978 1959 5017 ea:
2012 4960 2321 5015 Gcimaniet

800 5058 1086 5122 Nicephori
1112 5049 1601 5119 Constantinopolis
1621 5047 2080 5114 patriarcharum,
2119 5052 2227 5095 tum
2254 5056 2324 5096 ea:

798 5146 936 5198 beati
989 5139 1249 5195 Theodori
1303 5135 1565 5190 Studium
1592 5133 1801 5199 scriptis
1829 5132 2165 5197 deprompta.

793 5365 1158 5433 Archetypum
1187 5366 1269 5412 est
1309 5353 1632 5423 principium
1663 5360 1715 5404 et
1743 5347 2020 5415 exemplar
2048 5348 2188 5416 quod
2222 5361 2319 5413 per

717 5474 777 5515 se
801 5464 1039 5517 constat,
1068 5460 1221 5505 etest
1254 5448 1441 5503 lorutze
1470 5461 1499 5500 a
1552 5458 1610 5500 se
1659 5443 1981 5510 desumptae,
2044 5440 2315 5494 dedecue-

716 5566 823 5623 que
872 5544 1244 5613 similitudinis
1282 5555 1470 5596 causa.

785 5644 970 5712 imago
1008 5635 1441 5706 estexemplaris
1483 5631 1807 5699 similitudo,
1851 5644 1972 5703 quae
1995 5638 2165 5686 totam
2227 5630 2284 5700 ip

789 5846 804 5876 ⁸
836 5841 971 5898 Gen.
1002 5856 1041 5906 t,
1084 5839 1173 5895 26.
1252 5841 1274 5871 '
1303 5835 1493 5889 Matth.
1540 5848 1659 5898 vnn,
1696 5832 1751 5886 '5.

2434 3276 2671 3346 θέλημα,
2704 3277 2798 3328 καὶ
2842 3278 2941 3345 τὴν
2967 3279 3206 3345 φυσικήν
3253 3293 3358 3345 μου
3385 3275 3690 3343 ἐνέργειαν.

2479 3476 2570 3531 -Εί
2601 3477 2709 3539 πᾶς
2732 3474 3019 3546 ἄνθρωπος
3051 3474 3215 3543 φύσει
3234 3473 3519 3543 θελητικός
3539 3489 3597 3525 τε
3614 3473 3710 3527 καὶ
3736 3474 4017 3542 ἐνεργητι-

2432 3575 2530 3635 κός
2551 3568 2840 3638 ἐστιν,ἀρα
2855 3568 2949 3621 καὶ
2964 3570 2990 3620 ὁ
3007 3567 3140 3630 Θεὸς
3169 3568 3344 3635 Λόγος
3368 3564 3659 3637 ἄνθρωπος
3686 3563 3843 3633 φύσει
3861 3566 4019 3632 γενο-

2434 3682 2627 3734 μενος,
2683 3664 2847 3733 φύσει
2908 3660 3194 3729 θελητικός
3243 3676 3303 3711 τε
3353 3658 3447 3711 καὶ
3492 3656 3850 3728 ἐνεργητικὸς
3884 3655 4013 3723 ἐγέ-

2433 3774 2575 3811 νετο.

2504 3869 2679 3938 Είπερ
2705 3869 2763 3919 ἓν
2790 3868 3002 3936 θέλημα
3029 3866 3127 3935 τῆς
3161 3865 3450 3935 ὀμοουσίου
3516 3864 3771 3933 Τριάδος,
3801 3863 3909 3933 ἄρα
3945 3867 4015 3916 τὲ

2429 3960 2620 4029 ἔχοντα
2650 3958 2706 4010 ἓν
2733 3957 2945 4027 θέλημα
2963 3955 3226 4025 ὁμοούσια
3258 3956 3357 4026 μέν
3380 3957 3534 4019 εἰσιν,
3567 3954 4015 4023 ἐτεροῦπὸστατα

2427 4054 2511 4106 δέ.
2555 4054 2667 4105 Καὶ
2692 4050 2878 4102 λοιπὸν
2908 4051 2955 4101 εί
2993 4048 3135 4102 κατά
3175 4050 3296 4110 τοὺς
3328 4047 3573 4116 ἄφρονας
3608 4047 3664 4099 αἱ
3694 4044 3785 4098 δύο
3820 4045 4014 4114 φύσεις

2427 4146 2522 4199 τοῦ
2553 4144 2790 4216 Χριστοῦ
2826 4143 2883 4195 ἓν
2923 4143 3109 4211 ἔχουσι
3149 4142 3383 4210 θέλημα,
3439 4140 3548 4209 ἄρα
3576 4140 3857 4209 ὁμοούσιοι
3910 4140 4013 4205 μέν

2428 4240 2588 4301 είσιν,
2643 4236 3105 4306 ἐτεροῦτιόστατοι
3164 4233 3242 4299 δὲ,
3278 4232 3377 4285 καὶ
3421 4232 3564 4285 οὕτω
3620 4233 3689 4301 τῇ
3743 4228 4012 4298 συγχύσει

2430 4329 2859 4394 ὑποπεσοῦνται,
2911 4330 3007 4380 καὶ
3052 4327 3149 4397 τὴν
3176 4325 3441 4395 διαίρεσιν
3497 4324 3598 4376 οὐκ
3630 4322 4011 4392 ἐκφεύξονται,

2427 4425 2494 4496 ἢν
2532 4426 2566 4494 ἠ
2599 4425 2697 4495 μία
2732 4423 2894 4492 φύσις
2924 4425 2980 4474 ἐν
3009 4423 3124 4484 ταῖς
3179 4418 3269 4471 ὑπ’
3295 4416 3461 4487 αὐτὴν
3508 4417 3620 4486 ἔχει
3652 4414 4009 4468 ὑποστάσεσι.

3018 4728 3267 4781 ΤΙΤΛΟΣ
3301 4728 3424 4779 KB’.

2429 4872 2590 4926 Κατὰ
2621 4867 3045 4936 Εῑκονομάχων
3073 4862 3325 4931 ἐπιτομὴ
3358 4879 3447 4925 τις
3483 4859 3857 4927 ήκριόωμένη
3888 4860 4007 4913 ἀπὸ

2498 4973 2562 5009 τε
2592 4953 2709 5007 τῶν
2739 4949 3081 5021 πρακτικῶν
3113 4948 3225 5015 τῆς
3266 4945 3524 5012 ἑϐδόμης
3568 4942 3860 5004 συνόδου,
3907 4943 4008 4995 καὶ

2495 5040 2616 5095 τῶν
2646 5040 2695 5091 Γ
2699 5034 2985 5105 apparari,
3030 5033 3129 5086 καὶ
3184 5030 3532 5097 [νικηφόρου
3564 5026 3683 5080 τῶν
3723 5042 4009 5105 :rutptap-

2494 5125 2620 5196 χῶν
2648 5104 3369 5178 Κωὲσταντινουπόλεως,
3404 5110 3504 5163 καί
3528 5111 3646 5163 τῶν
3671 5104 3777 5164 τοῦ
3810 5125 4007 5178 μαιειο

2489 5212 2627 5279 ρίου
2659 5204 2969 5272 Θεοδώρου
3000 5201 3106 5255 τοῦ
3139 5196 3537 5254 Στονδιώτου.

2508 5341 2845 5413 ’Δρχέτυπόν
2878 5342 3027 5391 ἐστιν
3063 5336 3209 5405 ἀρχὴ
3239 5334 3338 5387 καὶ
3382 5331 3736 5401 παράδειγμα
3763 5328 4006 5396 ὑφεστη-

2426 5439 2521 5503 κὸς
2573 5435 2667 5489 τοῦ
2697 5434 2792 5488 ἀπ’
2828 5432 2995 5485 αὐτοῦ
3048 5424 3601 5500 χαρακτηριζομένου
3659 5420 3858 5486 εἴδους,
3912 5420 4007 5473 καὶ

2422 5534 2520 5604 τῆς
2562 5529 2906 5602 παραγωγῆς
2936 5524 3030 5579 τοῦ
3056 5521 3442 5595 προσεοτκότος
3466 5518 3657 5571 αίτιον.

2496 5599 2680 5679 Είκώνν
2712 5627 2865 5677 ἐστιν
2894 5619 3154 5691 ὁμοίωμα
3212 5613 3531 5685 ἀρχετύπου
3567 5609 3691 5664 ὅλον
3742 5606 3801 5660 ἐν
3834 5599 4010 5671 ἑαυτῇ
