4420 6452
412 408 545 472 1165

1297 414 1667 472 PANOPLIA
1709 411 2166 472 DOGMATICA.
2209 438 2276 447 —
2313 412 2458 485 TIT.
2503 415 2698 477 XXII.

3528 419 3660 482 1166

405 528 499 578 τοῦ
521 529 923 596 ἐντυπουμένου
954 527 1014 579 τὸ
1033 523 1172 590 εἶδος
1200 529 1288 580 διὰ
1324 530 1422 594 τῆς
1447 528 1748 597 ἐμφερεία;
1783 529 1976 579 ὲναπο-
2016 532 2054 585 Α
2087 525 2148 578 sit

1913 543 1976 576 :o-
2016 532 2054 585 Α
2087 525 2198 578 sius
2230 526 2460 579 formam
2484 509 2599 595 'per
2630 526 2860 595 cﬂigiem
2894 541 3205 596 expressam
3229 529 3282 582 in
3303 543 3363 582 se
3396 534 3658 597 continet,

409 620 740 686 ματτομένη,
770 619 846 686 τῷ
871 618 1115 688 διαφόρῳ
1143 621 1243 688 τῆς
1276 621 1466 680 οὐσίας
1514 619 1661 670 κατὰ
1711 619 1811 687 τὴν
1840 618 1977 685 ὓλην

413 708 576 772 μόνον
635 707 1096 774 παραλλάττουσα
1131 723 1144 736 ⁶
1180 709 1212 777 ἢ
1243 709 1474 776 μίμησις
1502 707 1836 776 ἀρχετύπου,
1893 707 1986 758 καὶ

406 795 807 864 ἀπείκασμα,ῆ
839 797 1035 865 τέχνηῑ
1061 798 1411 865 ἀποτέλεσμα
1451 797 1594 849 κατὰ
1627 797 1860 865 μίμησιν
1892 798 1984 847 τοῦ

407 885 717 957 ἀρχετύπου
745 887 1180 956 εἰδοποιούμενον
1213 892 1278 957 τῇ
1305 890 1462 958 οὐσία
1485 888 1765 956 διαφέρον.

479 977 657 1030 Εἰκὼν
667 979 886 1046 λέγεται
904 981 1055 1049 παρὰ
1069 981 1127 1033 τὸ
1145 983 1400 1033 ἐοικέναι.
1423 981 1586 1033 Ἀλλο
1605 980 1806 1048 φυσικὴ
1822 977 1987 1030 εἰκὼν

415 1069 647 1119 καὶᾶλλο
667 1071 1012 1138 μιμητικήοή
1036 1070 1136 1137 μὲν
1155 1071 1214 1121 οὐ
1241 1070 1477 1138 φυσικὴν
1498 1070 1763 1138 διαφορὰν
1789 1070 1988 1137 ἔχουσα

417 1178 447 1207 τ
465 1159 555 1227 ρος
582 1158 642 1209 τὸ
682 1158 767 1210 αἵτ
780 1177 879 1223 ιον,
907 1161 1004 1211 ἀλλ
1023 1160 1570 1228 ⁸ὑποστστικὴν,ὡςό
1591 1160 1716 1221 Υἱὸς
1743 1161 1874 1225 πρὸς
1901 1160 1990 1210 τὸν

411 1252 631 1319 Πατέρα
653 1267 666 1280 ’
700 1250 799 1318 μία
830 1251 928 1319 μὲν
952 1253 1061 1320 γὰρ
1114 1251 1320 1302 τούτων
1339 1251 1521 1314 φύσις,
1544 1251 1636 1302 δύο
1665 1251 1721 1300 δὲ
1751 1251 1986 1301 ὑποστά-

411 1338 525 1407 σεις
565 1362 578 1373 “
620 1346 651 1412 ὴ
686 1345 742 1396 δὲ
796 1345 1105 1396 τούναντίον
1165 1344 1262 1410 οὐχ
1310 1342 1678 1408 ὑποστατικὴν
1725 1341 1983 1409 διαφορὰν

412 1437 606 1504 ἔχουσα
633 1437 771 1506 πρὸς
802 1437 862 1487 τὸ
891 1438 1224 1505 ἀρχέτυπον,
1251 1435 1389 1486 ἀλλὰ
1435 1436 1696 1501 φυσικὴν,
1752 1433 1826 1494 ὡς
1852 1435 1884 1500 ἡ
1911 1434 1987 1482 εἰ·

411 1529 524 1579 κὼν
551 1527 643 1579 τοῦ
681 1527 922 1597 Χριστοῦ
957 1528 1098 1596 πρός
1124 1527 1219 1577 τὸν
1248 1527 1506 1595 Χριστόν.
1568 1526 1680 1577 Μία
1755 1528 1852 1592 μὲν
1881 1525 1986 1591 γὰρ

410 1620 616 1672 τούτων
654 1622 974 1680 ὑπόστασις,
1013 1619 1106 1670 δύο
1135 1620 1189 1670 δὲ
1217 1618 1426 1686 φύσεις.
1480 1618 1648 1684 ’Ἄλλη
1682 1619 1789 1684 γὰρ
1828 1618 1989 1684 φύσις

413 1709 770 1780 ὑλογραφίας,
799 1710 894 1761 καὶ
935 1709 1069 1776 ἄλλη
1129 1707 1375 1776 Χριστοῦ
1431 1710 1572 1760 κατὰ
1611 1710 1669 1761 τὸ
1708 1708 1986 1776 ἀνθρώπιο

412 1818 522 1862 νον,
550 1800 673 1852 καθ’
703 1800 731 1851 ὃ
769 1800 864 1851 καὶ
894 1801 1325 1869 περιγράφεται,
1387 1799 1479 1851 καὶ
1513 1799 1820 1868 ἀρχέτυπον
1849 1799 1992 1850 εἰκό-

413 1910 500 1952 νος
528 1891 872 1944 καθίσταται.
919 1891 1041 1943 Ἐπὶ
1102 1891 1200 1959 μὲν
1262 1890 1361 1955 τῆς
1424 1891 1730 1959 μιμητικῆς
1784 1890 1991 1949 εἰκόνος

414 1986 551 2036 κατᾶ
572 1984 671 2051 τὴν
697 1984 862 2046 ἰδέαν,
894 1984 1012 2053 ἦτοι
1047 1984 1260 2051 μορφὴν
1289 1986 1319 2051 ἡ
1365 1983 1652 2050 ὁμοίωσις’
1683 1982 1775 2032 ἐπὶ
1813 1982 1867 2032 δὲ
1896 1982 1993 2048 τῆς

415 2076 654 2144 φυσικῆς
673 2077 814 2127 κατὰ
841 2078 936 2144 τὴν
968 2075 1181 2138 οὐσίαν,
1206 2075 1324 2143 ἦτοι
1371 2074 1598 2141 οεότητα
1624 2074 1656 2141 ἡ
1684 2074 1951 2138 ταυτότης
1979 2087 1991 2098 ’

414 2169 510 2218 καὶ
541 2168 633 2218 ἐπὶ
687 2166 788 2235 μὲν
823 2167 921 2234 τῆς
971 2168 1231 2234 φυσικῆς,
1292 2166 1426 2217 διότι
1481 2164 1580 2234 μία
1639 2163 1805 2232 φύσις
1860 2163 1993 2215 Υἰοῦ

414 2258 506 2310 καὶ
551 2258 783 2326 Πατρὸς,
828 2258 916 2310 διὰ.
963 2257 1119 2310 τοῦτο
1174 2274 1274 2326 pta.
1324 2258 1419 2308 xui.
1459 2257 1828 2326 προσκύνησις
1871 2255 1998 2307 τού·

413 2366 557 2414 των,
620 2349 738 2402 ἀλλ’
792 2349 852 2402 οὺ
908 2350 1002 2401 δύο
1068 2351 1208 2402 κατὰ
1265 2349 1324 2400 τὸ
1377 2349 1636 2416 διάφορον
1702 2349 1810 2399 τῶν
1863 2348 1995 2399 ὑπο-

418 2442 657 2495 στάσεων
708 2458 722 2472 '
803 2442 896 2493 ἐπὶ
957 2440 1014 2494 δὲ
1088 2442 1186 2508 τῆς
1269 2441 1617 2511 μιμητικῆς,
1678 2440 1813 2492 διότι
1899 2441 1997 2507 μία

416 2533 713 2597 ὑπόστασις
769 2532 978 2593 εἰκόνος
1047 2532 1286 2602 Χριστοῦ
1321 2574 1337 2598 ,
1376 2533 1471 2584 καὶ
1527 2531 1692 2583 αὑτοῦ
1734 2532 1994 2601 Χριστοῦ,

419 2626 516 2694 μία
597 2625 692 2677 καὶ
772 2624 1151 2693 προσκύνησις
1233 2623 1471 2684 τούτων,
1572 2622 1687 2676 ἀλλ’
1762 2626 1822 2676 οὐ
1905 2625 2000 2678 δύο

418 2715 558 2768 κατὰ
595 2717 651 2766 τὸ
679 2715 936 2785 διάφορον
963 2716 1070 2766 τῶν
1096 2713 1332 2779 φύσεων.
1365 2714 1440 2764 Οὐ
1464 2715 1570 2780 γὰρ
1592 2714 1999 2768 ἰδιοῦπόστατός

420 2811 569 2860 ἐστιν
617 2809 648 2876 ἡ
697 2808 973 2876 μιμητικὴ
1009 2805 1194 2869 εἰκὼν,
1231 2804 1368 2857 ἀ).λὰ
1403 2805 1495 2856 τοῦ
1537 2806 1848 2873 ἀρχετύπου
1901 2808 1998 2874 τὴν

420 2901 716 2952 ὑπόστασιν
773 2899 950 2966 φέρει,
1007 2899 1100 2950 καὶ
1150 2897 1292 2950 κατὰ
1324 2897 1530 2963 ταύτην
1593 2897 1762 2948 εἰκὼν
1829 2897 1997 2949 αὑτοῦ

420 2995 593 3042 ἐστιν.
629 2991 961 3043 ’Υπόστασιν
997 2990 1053 3042 δὲ
1079 2989 1173 3042 νῦν
1205 2990 1438 3057 λέγομεν
1473 2989 1533 3040 οὐ
1560 2990 1618 3040 τὸ
1647 2989 1837 3050 ἁπλῶς
1871 2991 2000 3056 ὑφε-

421 3080 585 3143 στὼς,
613 3081 922 3134 ἀλλὀὺσίαν
962 3083 1084 3134 τινὰ
1119 3081 1258 3148 μετὰ
1293 3082 1626 3148 ἰδιωμάτων,
1660 3081 1784 3133 καθ’
1808 3081 1843 3134 ὃ.
1871 3083 1998 3135 δια-

2091 625 2144 669 et
2165 618 2414 671 essentize
2447 617 2748 671 differentia
2781 633 2877 684 per
2909 620 3188 671 materiam
3213 629 3419 673 tantum
3453 623 3661 677 discre-

2092 722 2205 779 pat,
2247 711 2364 764 sive
2401 710 2727 778 exemplaris
2762 712 2990 763 imitatio
3029 721 3081 762 et
3140 713 3506 777 adumbratio,
3549 718 3664 769 sive

2100 803 2235 855 artis
2272 817 2407 870 opus
2442 805 2582 869 quod
2619 803 2684 854 ad
2717 802 3046 868 exemplaris
3073 803 3429 857 imitationem
3447 820 3666 872 expres-

2093 903 2212 940 sum
2251 893 2484 943 essentia
2511 890 2708 943 dilTerl.

2165 980 2342 1050 Imago
2365 982 2579 1043 dicitur,
2602 983 2744 1048 quod
2775 984 3032 1044 imftvtur,
3057 993 3108 1036 et
3135 984 3544 1038 similitmliuem
3570 1003 3664 1038 ex-

2094 1070 2312 1137 primat.
2341 1070 2522 1136 Imago
2555 1073 2810 1123 naturalis
2839 1073 3017 1125 differt
3043 1073 3111 1126 ab
3139 1075 3374 1144 imagine
3409 1093 3525 1145 qua-
3552 1092 3668 1129 arte

2094 1163 2337 1214 confecta
2369 1171 2483 1215 est:
2513 1163 2773 1215 natural‘s
2805 1164 2947 1214 enim
2983 1178 3010 1214 a
3040 1178 3204 1218 causa
3234 1167 3395 1218 distat
3422 1183 3666 1233 persona:

2094 1252 2423 1316 differentia,
2460 1265 2516 1304 ut
2548 1253 2716 1306 Filius
2745 1269 2770 1303 ιι
2813 1251 2991 1318 Patre,
3024 1269 3258 1320 quorum
3297 1272 3398 1308 una
3469 1269 3664 1312 natura

2095 1358 2218 1397 cum
2271 1344 2359 1405 sit,
2401 1345 2518 1396 dua:
2559 1354 2684 1396 suat
2721 1359 2984 1411 personae.
3043 1345 3244 1398 Contra
3304 1362 3432 1402 vero
3493 1351 3670 1420 imago

2094 1443 2211 1488 arte
2241 1434 2491 1488 conlecta
2526 1437 2797 1502 discrepat
2827 1437 2896 1488 ab
2928 1437 3221 1501 exemplari
3285 1453 3391 1489 non
3426 1455 3670 1505 person'u

2096 1523 2417 1588 dilTerentia,
2457 1528 2546 1578 sed
2576 1535 2804 1588 natura,
2837 1541 2892 1578 ιιι
2927 1528 3101 1595 imago
3128 1529 3330 1581 Christi
3364 1545 3390 1581 a
3427 1529 3665 1586 Chrism.

2100 1614 2213 1668 Una
2243 1617 2386 1668 enim
2418 1626 2502 1668 est
2536 1618 2771 1684 ipsorum
2811 1633 3062 1686 personi,
3123 1619 3215 1671 sed
3267 1629 3471 1673 natura:
3534 1624 3668 1677 duae.

2094 1709 2228 1762 Nam
2285 1710 2388 1764 alia
2424 1722 2505 1763 est
2574 1720 2765 1764 natura
2831 1714 3069 1766 materia:
3127 1713 3326 1767 Christi
3388 1717 3671 1786 imaginem

2027 1837 2066 1889 Β
2097 1799 2405 1864 referentis,
2441 1801 2540 1854 alia
2573 1802 2772 1855 Christi
2807 1813 3072 1870 quatenus
3113 1804 3275 1859 homo
3299 1815 3402 1868 est,
3435 1816 3490 1860 et
3541 1825 3675 1876 qua-

2100 1899 2259 1944 tenus
2287 1892 2635 1953 describitur,
2670 1900 2721 1943 et
2747 1893 3027 1959 exemplar
3074 1894 3326 1960 imaginis
3384 1901 3675 1950 constitui-

2102 1991 2207 2034 tur.
2243 1982 2421 2050 Atque
2457 1981 2709 2050 imaginis
2766 1982 2986 2049 quidem
3019 1996 3136 2036 arte
3163 1983 3428 2039 confecta:
3481 1989 3676 2041 simili-

2100 2074 2229 2126 tudo
2265 2073 2316 2124 in
2347 2074 2526 2140 specie
2568 2073 2809 2125 formave
2838 2072 3114 2127 consistit.
3148 2073 3419 2131 Naturalis
3485 2089 3670 2132 autem

2101 2165 2151 2217 in
2184 2165 2370 2217 eadem
2398 2164 2632 2218 essentia
2670 2178 2762 2216 seu
2827 2164 3155 2218 divinitate:
3211 2175 3263 2219 et
3322 2167 3373 2219 in
3445 2172 3677 2224 naturali

2098 2261 2342 2328 quidem,
2376 2258 2628 2327 thOuiam
2665 2272 2768 2311 uua
2798 2268 2879 2311 est
2938 2255 3057 2317 Filii
3128 2258 3406 2329 Patrisque
3463 2274 3676 2328 natura,

2102 2350 2301 2404 idcirco
2327 2366 2431 2402 una
2460 2359 2540 2403 est
2576 2349 2741 2402 etiam
2782 2351 2974 2402 horum
3005 2353 3274 2417 adoratio,
3329 2369 3431 2406 nou
3494 2367 3675 2408 autem

2100 2443 2219 2497 duae
2247 2452 2466 2511 propter
2495 2441 2856 2495 diﬂerentiam
2886 2458 3266 2512 personarum.
3342 2446 3399 2499 In
3433 2463 3493 2501 ea
3528 2463 3676 2514 vero,

2101 2549 2219 2600 qua:
2250 2535 2316 2585 ab
2353 2543 2469 2586 arte
2499 2533 2737 2599 profecta
2769 2543 2875 2595 est,
2907 2534 3160 2598 quoniam
3225 2551 3331 2587 una
3367 2547 3448 2589 est
3490 2537 3683 2607 imagi-

2103 2621 2185 2674 nis
2242 2620 2445 2674 Christi
2495 2630 2550 2675 et
2608 2621 2779 2690 ipsius
2830 2622 3037 2676 Christi
3081 2640 3332 2693 persona,
3403 2629 3523 2683 ideo
3576 2648 3680 2684 una

2101 2722 2186 2763 est
2255 2712 2491 2777 ipsnrum
2551 2714 2816 2775 adoratio,
2881 2729 2986 2767 non
3047 2726 3227 2771 autem
3289 2720 3408 2772 dum
3460 2734 3684 2790 propter

2103 2802 2458 2858 dill'eremiam
2496 2815 2836 2860 naturarum.
2867 2807 3052 2876 imago
3080 2812 3226 2862 enim
3279 2824 3397 2867 arte
3432 2815 3679 2872 couleeta

2102 2896 2307 2947 nullam
2357 2897 2518 2950 habet
2551 2899 2822 2965 propriam
2860 2913 3170 2966 personam,
3201 2904 3294 2958 sed
3350 2910 3684 2976 exemplaris

2103 3001 2387 3053 personam
2418 2990 2577 3056 gerit,
2615 2999 2833 3056 propter
2874 3007 3036 3059 quam
3098 2993 3274 3065 imago
3344 2998 3513 3066 ipsius
3578 3014 3682 3056 est.

2104 3078 2397 3132 Personam
2429 3079 2514 3133 hic
2555 3081 2860 3144 accipimus
2927 3097 3035 3138 non
3069 3101 3190 3153 qua:
3223 3087 3545 3157 simpliciter
3593 3109 3688 3160 per

419 3172 715 3241 χωρῖζεται
773 3172 882 3222 τῶν
939 3171 1228 3240 ὁμοειδῶν.
1298 3171 1371 3222 Τὸ
1408 3170 1538 3237 γοῦν
1595 3169 2069 3230 ἰδιοῦπόστατονε
2106 3184 2164 3224 se

1942 3188 1998 3223 ον
2027 3173 2069 3230 C
2106 3184 2164 3224 se
2198 3179 2430 3233 constat,
2478 3171 2572 3225 sed
2604 3174 2893 3226 essentiam
2932 3176 3222 3242 quamdam
3253 3193 3374 3232 cum
3441 3186 3687 3252 proprie-

418 3263 519 3327 οὐκ
554 3263 740 3327 εἰκὼν,
768 3265 882 3315 ἀλλ’
909 3264 1242 3334 ἀρχέτυπον.

506 3536 572 3588 Ἦ
606 3535 702 3602 τῆς
727 3533 933 3594 εἰκόνος
973 3534 1103 3602 τιμὴ
1156 3534 1248 3586 ἐπὶ
1298 3536 1358 3586 τὸ
1393 3537 1751 3603 πρωτότυπον
1781 3537 1999 3589 διαῦαἷ-

420 3645 522 3688 νει,
556 3627 648 3680 καὶ
694 3626 811 3678 ἔστι
845 3625 1054 3677 τούτων
1113 3624 1214 3694 μία
1266 3628 1646 3696 προσκύνησις
1699 3629 1787 3680 διὰ
1814 3629 1906 3681 τὸν
1942 3630 1999 3681 ἐν

420 3725 623 3793 ἀμφοῖν
650 3721 744 3772 ἔνο.
784 3719 1132 3789 χαρακτῆρα.

495 3813 698 3873 Παντὸς
721 3809 1038 3880 μιμητικῶς
1064 3811 1474 3880 εἰκονιζσμένου
1492 3812 1587 3880 οὐχ
1610 3814 1641 3881 ἠ
1666 3815 1849 3881 φύσις,
1882 3815 1998 3867 ἀλλ’

423 3906 457 3973 ἡ
492 3902 789 3962 ὑπόστασις
818 3899 1168 3962 εἰκονίζεται,
1200 3902 1298 3952 καὶ
1340 3900 1428 3953 διὰ
1483 3904 1645 3953 τοῦτο
1681 3905 1878 3956 ταυτὸν
1922 3905 1999 3973 τῷ

422 3996 717 4064 ἀρχετύπῳ
765 3994 798 4060 ἡ
846 3991 1012 4043 εἰκὼν
1056 3991 1223 4043 αὑτοῦ
1269 3993 1330 4044 οὐ
1375 3997 1442 4062 τῇ
1516 3995 1700 4064 φύσει,
1743 3998 1878 4050 ἀλλὰ
1933 4002 1997 4068 τῇ

424 4084 742 4148 ὑποστάσει,
770 4082 938 4150 ἤγουν
965 4084 1029 4150 τῇ
1062 4083 1293 4150 μιμήσει
1324 4085 1422 4153 τῆς
1449 4087 1823 4150 ὑποστάσεως.

505 4175 594 4227 Ἐν
621 4177 686 4246 τῇ
718 4174 889 4224 εἰκόνι
921 4173 953 4241 ὴ
983 4173 1364 4243 εἰκονιζομένη
1393 4176 1487 4226 τοῦ
1524 4177 1838 4245 ἀρχετύπου
1865 4181 2000 4233 ὑπέ-

425 4284 615 4334 στασις
643 4266 1059 4335 προσκυνεῖται,
1092 4265 1185 4315 καὶ
1217 4266 1318 4334 οὐχ
1423 4267 1523 4335 ῦλη
1553 4268 1655 4336 τῆς
1693 4271 1902 4333 εἰκόνος
1925 4289 1936 4300 ’
1972 4277 1999 4326 ὁ

421 4357 962 4426 ἐναποσφραγισθεὶς
1008 4359 1148 4426 αὐτῇ
1195 4360 1510 4428 ἴαμκτῆρι
1551 4364 1646 4413 ἀἱ
1695 4367 1794 4432 οὐχ
1831 4367 1864 4432 ἡ
1900 4368 1997 4433 τῆς

422 4454 630 4514 εἰκόνος
661 4451 844 4502 οὐσία.

496 4547 628 4598 "Ore
664 4545 764 4613 μὲν
797 4544 933 4611 πρδς
963 4544 1064 4614 τὴν
1095 4545 1195 4612 τῆς
1223 4547 1431 4608 εἰκόνος
1466 4548 1631 4615 φύσιν
1675 4551 1861 4605 ἀπίδοι
1894 4569 1999 4614 τις,

420 4640 481 4691 οὐ
515 4640 673 4707 μόνον
700 4638 762 4689 οὑ
792 4638 1049 4706 Χριστὸν,
1073 4638 1192 4688 ἀλλ’
1218 4638 1339 4689 οὐδὲ
1371 4642 1556 4692 εἰκόνα
1585 4642 1825 4710 Χριστοῦ
1859 4645 2001 4697 εἴποι

421 4732 488 4784 ἂν
522 4731 583 4782 τὸ
617 4729 932 4798 ὁρώμενονο
965 4729 1084 4780 ἐστι
1112 4730 1222 4797 γὰρ
1274 4730 1432 4794 ξύλον
1464 4732 1650 4800 τυχὸν,
1706 4735 1738 4803 ἢ
1775 4739 1998 4803 χρυσὸς,

421 4825 454 4894 ἢ
487 4823 752 4893 ἄργυρος,
785 4821 815 4890 ἡ
844 4838 897 4873 τι
929 4821 1040 4872 τῶν
1069 4821 1248 4873 ἄλλων
1284 4821 1430 4874 ὑλῶν
1464 4839 1477 4852 ο
1511 4824 1599 4876 ὅτε
1628 4825 1687 4876 δὲ
1734 4828 1871 4892 πρὸς
1900 4827 2001 4897 τὴν

419 4916 487 4968 δι’
519 4914 921 4981 ὲκτυπώματος
959 4914 1224 4982 ὁμοίωσιν
1248 4914 1342 4967 τοῦ
1368 4915 1704 4985 ἀρχετύπου,
1740 4919 1836 4970 καὶ
1868 4918 2004 4988 Χρι-

424 5009 571 5072 στὸν,
607 5011 701 5060 καὶ
734 5007 999 5077 Χριστοῦ,
1054 5008 1193 5060 ἀλλὰ
1231 5010 1467 5077 Χριστὸν
1505 5012 1602 5080 μὲν
1633 5012 1755 5064 καθ’
1788 5016 2004 5081 ὁμωνυ-

425 5103 572 5171 μίαν,
603 5101 843 5170 Χριστοῦ
871 5101 927 5153 δὲ
955 5102 1095 5153 κατὰ
1126 5101 1186 5153 τὸ
1226 5104 1362 5173 πρός
1389 5119 1463 5157 τι.

504 5278 569 5329 'H
605 5276 772 5329 εἰκὼν
807 5276 994 5344 σχέσιν
1024 5273 1136 5344 ἔχει
1166 5276 1303 5342 πρὸς
1338 5276 1397 5326 τὸ
1432 5276 1765 5343 ἀρχέτυπον.
1795 5281 1884 5332 καὶ
1915 5283 2002 5332 αἱ-

419 5370 537 5423 τίου
569 5369 719 5421 ἐστὶν
747 5369 1009 5421 αἰτιατόν.
1054 5369 1297 5435 ’Δνᾶγκη
1324 5367 1418 5420 οὖν
1459 5368 1550 5421 διὰ
1580 5370 1740 5424 τοῦτο
1770 5375 1865 5426 καὶ
1897 5376 2004 5427 τῶν

429 5464 566 5534 πρός
589 5479 643 5515 τι
669 5457 812 5514 εἶναι
855 5459 1062 5528 ταύτην
1123 5463 1216 5514 καὶ
1262 5462 1540 5530 λέγεσθαι.
1603 5465 1726 5518 Τῶν
1762 5467 1898 5536 πρός
1953 5485 2006 5519 τι

420 5559 531 5628 γὰρ
553 5560 586 5626 ἠ
625 5555 838 5626 σχέσις,
880 5557 944 5609 τὰ
974 5555 1030 5621 δὲ
1065 5557 1201 5625 πρός
1231 5575 1283 5609 τι
1315 5558 1457 5612 αὐτὰ
1509 5560 1656 5631 ἅπερ
1702 5563 1851 5614 ἐστὶν
1885 5563 2005 5616 ὲτέ-

429 5670 539 5722 ρων
565 5646 704 5703 εἶναι
736 5651 975 5718 λέγεται,
1012 5653 1106 5704 καὶ
1129 5653 1485 5722 ἀντιστρέφει
1517 5656 1618 5726 τὴν
1651 5659 1838 5726 σχέσιν
1871 5659 2007 5728 πρὸς

421 5746 646 5818 ἄλληλα.
694 5746 1035 5816 ’Λρχέτυπον
1095 5747 1205 5816 γὰρ
1250 5749 1468 5811 εἰκόνος
1520 5750 1835 5820 ἀρχέτυπον
1864 5767 1876 5779 ⁶
1912 5756 2005 5804 καί

422 5844 586 5898 εἰκὼν
614 5844 927 5914 ἀρχετύπου
955 5842 1142 5896 εἰκών.
1177 5844 1285 5896 Καὶ
1308 5844 1407 5896 οὐκ
1438 5843 1504 5898 ἄν
1535 5863 1618 5910 τις
1649 5847 1882 5916 ἄσχετον
1931 5851 2008 5901 εἰ⁴

2107 3263 2329 3326 tatibus,
2363 3277 2458 3330 per
2482 3277 2619 3331 quas
2650 3263 2718 3317 ab
2769 3263 2889 3316 aliis
2921 3264 3102 3318 dilIert
3161 3267 3401 3332 ejusdem
3446 3276 3682 3339 generis.

2097 3353 2464 3418 Quamobrem
2513 3361 2632 3419 Lnon
2681 3354 2884 3422 imago,
2925 3357 3019 3408 sed
3074 3359 3355 3426 exemplar
3409 3365 3684 3432 propriam

2105 3444 2264 3500 habet
2287 3448 2615 3515 personam.

2196 3537 2448 3604 lmaginis
2495 3539 2665 3591 honor
2715 3540 2766 3591 in
2831 3543 3108 3610 exemplar
3164 3546 3395 3606 recidit,
3447 3558 3496 3602 el
3579 3565 3686 3605 una

2103 3637 2186 3681 est
2229 3629 2513 3698 utriusque
2570 3632 2853 3694 adoratio,
2913 3636 3166 3701 quoniam
3212 3652 3316 3691 uua
3348 3650 3433 3695 est
3485 3643 3691 3714 elligieto

2105 3721 2408 3790 utriusque.

2175 3815 2441 3884 Quidquid
2499 3817 2567 3869 ab
2615 3825 2731 3869 arte
2782 3817 3129 3885 dosoribitur,
3184 3822 3303 3890 ejus
3338 3841 3440 3878 non
3475 3839 3688 3894 natura,

2105 3909 2196 3959 sed
2213 3922 2438 3974 persona
2464 3907 2811 3961 deseiibitur.
2840 3908 2897 3961 Et
2923 3910 3127 3966 idcirco
3153 3913 3327 3982 imago
3356 3918 3524 3985 ipsius
3549 3921 3687 3974 idem

2103 4013 2185 4056 est
2208 4019 2328 4056 cum
2371 4003 2684 4071 exemplari,
2747 4019 2849 4058 non
2903 4017 3118 4071 natura,
3164 4014 3256 4064 sed
3307 4028 3560 4081 persona,
3597 4034 3688 4071 Seu

2106 4111 2352 4164 persona:
2378 4096 2758 4152 similitudine.

2179 4187 2431 4255 Exempla
2443 4189 2512 4241 ris
2527 4203 2752 4254 persona
2777 4181 3009 4260 imagine
3027 4209 3422 4265 expressamou
3442 4202 3693 4270 imaginis

2107 4276 2637 4343 snater‘ajadoratur,
2669 4295 2771 4333 non
2805 4281 3051 4351 imaginis
3074 4290 3327 4352 essentia,
3365 4305 3390 4346 ε
3426 4291 3458 4345 d
3495 4290 3689 4354 forma.

2107 4385 2225 4438 qua:
2256 4370 2306 4424 in
2342 4374 2453 4440 ipsa
2486 4372 2750 4440 descripta
2790 4385 2892 4429 est.

2180 4555 2312 4608 Cum
2345 4557 2465 4624 quis
2484 4556 2548 4609 ad
2574 4557 2822 4625 imaginis
2849 4567 3095 4612 naturam
3139 4563 3377 4630 respicit,
3406 4580 3508 4619 non
3534 4569 3695 4623 modo

2104 4644 2402 4707 Chri~tnm,
2425 4647 2516 4698 sed
2544 4661 2608 4698 ne
2630 4644 2829 4700 Christi
2860 4649 3074 4715 quidem
3107 4651 3394 4719 imaginem
3426 4666 3580 4710 vocat
3616 4659 3692 4722 id,

2106 4739 2244 4804 quod
2267 4738 2429 4798 videt;
2467 4748 2548 4791 est
2570 4732 2712 4791 enim
2743 4722 2943 4809 lignum
2964 4740 3212 4804 fortasse.
3241 4758 3333 4798 aut
3365 4764 3577 4815 aurum,
3603 4762 3696 4805 aut

2106 4839 2410 4901 argentum,
2447 4832 2731 4900 autaliqua
2764 4835 2867 4887 alia
2907 4838 3151 4890 materia.
3189 4839 3258 4891 At
3290 4855 3410 4894 cum
3435 4845 3592 4896 ailexi
3616 4861 3695 4899 m-

2107 4923 2274 4990 p’aris
2297 4923 2520 4978 ιὶιιιίῗὶιυ
2546 4926 2706 4980 linem
2740 4927 2971 4997 imagine
3003 4944 3314 4995 expressam
3369 4946 3425 4986 ie
3458 4933 3608 5002 pieit,
3641 4944 3696 4990 et

2107 5015 2405 5074 Chrismm,
2446 5024 2498 5078 et
2525 5013 2726 5069 Christi
2787 5017 3074 5086 imaginem
3107 5020 3338 5086 appellat
3372 5039 3384 5074 :
3420 5021 3694 5077 Christum

2108 5109 2324 5175 quidem
2355 5107 2648 5175 .‘l‘quiVOCC,
2704 5108 2902 5164 Christi
2938 5120 3115 5164 autem
3162 5128 3226 5166 ex
3251 5130 3314 5167 eo
3338 5115 3477 5182 quod
3510 5117 3578 5170 ad
3600 5117 3694 5172 ali-

2110 5199 2236 5266 quid
2275 5198 2526 5252 refertur.

2184 5293 2360 5363 Imago
2401 5294 2720 5347 relationem
2767 5297 2927 5349 habet
2971 5297 3037 5350 ad
3085 5300 3387 5368 exemplar,
3438 5312 3491 5357 et
3537 5306 3604 5359 ab
3633 5321 3701 5360 ea

2109 5393 2363 5453 tanquam
2393 5400 2422 5436 a
2450 5401 2612 5439 causa
2644 5387 2931 5453 dependat.
2962 5389 3147 5458 Itaque
3179 5407 3401 5447 necesse
3424 5403 3508 5448 est
3553 5406 3609 5449 ut
3633 5414 3699 5450 ex

2111 5492 2297 5531 eorum
2342 5479 2413 5532 sit
2442 5478 2472 5530 d
2499 5489 2761 5548 camrque
2792 5495 3035 5547 munero,
3079 5498 3197 5551 qum
3222 5483 3290 5537 ad
3323 5486 3522 5556 aliquid
3561 5489 3702 5542 refe-

2115 5579 2325 5623 rnntnr.
2362 5571 2493 5635 Qute
2521 5582 2697 5624 autem
2735 5572 2801 5626 ad
2835 5574 3032 5643 aliquil
3073 5576 3157 5628 ref
3186 5591 3400 5642 ruutur,
3447 5596 3533 5646 ea,
3563 5598 3702 5652 qua-

2117 5676 2270 5717 lenus
2303 5675 2454 5729 sunt,
2509 5666 2737 5718 aliorum
2772 5666 3024 5721 dicuntur
3057 5683 3201 5737 esse,
3256 5684 3550 5742 mutuoque
3583 5693 3706 5730 sese

2117 5755 2429 5823 t'CSpiciunt.
2461 5758 2749 5824 Exemplar
2777 5759 2922 5811 enim
2947 5760 3196 5831 imaginis
3225 5765 3624 5833 exemplaresi.
3651 5777 3707 5825 et

2125 5854 2301 5919 imago
2347 5863 2430 5904 est
2490 5854 2816 5923 exetnplaris
2846 5857 3044 5923 imago.
3087 5853 3195 5907 Nec
3251 5859 3532 5929 quisquam
3567 5861 3703 5918 ima-
