4420 6452
832 347 966 412 1167

2060 349 2448 413 ΕΗΤΗΥΜΙΙ
2491 352 2849 414 ZIGABENI

3952 353 4087 427 1.168

822 465 999 531 ginem
1029 475 1059 515 ο
1085 460 1230 514 nulla
1251 475 1308 515 re
1325 460 1741 530 dependentem,
1769 462 1848 518 rei
1870 463 2099 536 alicujus
2125 465 2411 532 imaginem
2445 471 2488 525 Α
2521 482 2567 518 xv

2342 479 2411 516 :tn
2445 471 2488 525 Α
2521 465 2655 518 κόνα
2695 465 2797 533 τὴν
2827 464 2973 528 τινὸς
3001 466 3186 518 εἰκόνα
3228 466 3385 537 φαίη.
3424 467 3572 533 ’Δμα
3606 467 3714 535 γὰρ
3773 471 4087 534 συιεισάγε-

818 555 1039 610 dixerit.
1099 550 1272 606 Simul
1326 551 1470 607 enim
1533 553 1795 608 inducunt
1859 569 2000 620 sese,
2064 555 2408 623 vicissimque

816 641 1252 698 considerantur.

887 735 1031 801 Quot
1048 732 1356 786 nominibus
1370 731 1647 799 exemplar
1661 740 1907 796 vocatur,
1936 733 2156 786 totidem
2180 744 2407 788 vocatur

813 839 869 883 ct
896 829 1071 894 imago
1098 825 1290 893 ipsius.
1309 822 1413 876 Sed
1433 821 1561 875 illttd
1583 821 1797 889 quidem
1819 831 1876 874 ut
1909 824 2209 890 exemplar,
2239 834 2287 875 et
2310 837 2406 889 per

812 934 890 982 se,
921 927 976 971 et
1015 916 1252 985 proprie;
1275 914 1390 967 hazc
1423 920 1600 966 autem
1638 921 1696 965 ut
1733 911 1850 980 ejus
1871 912 2069 980 imago,
2104 923 2157 965 et
2186 923 2404 981 propter

811 1012 1012 1080 ipsum,
1036 1018 1090 1062 et
1126 1008 1439 1076 improprie.

883 1100 1016 1154 Cum
1050 1100 1307 1151 aduratur
1335 1099 1530 1167 imago,
1554 1099 1812 1152 aduratur
1835 1095 2105 1159 Christus,
2129 1095 2286 1163 cujus
2310 1094 2397 1147 illa

807 1193 1214 1246 similitudinem
1263 1191 1425 1259 gerit,
1485 1205 1587 1243 non
1634 1201 1814 1242 autem
1871 1189 2118 1250 materia,
2177 1187 2230 1240 in
2289 1203 2397 1256 qua

804 1286 1102 1343 similitudo
1125 1284 1388 1350 impressa
1413 1291 1516 1334 est.
1544 1279 1608 1333 Et
1628 1279 2082 1350 quemadmodum
2113 1279 2163 1331 itt
2180 1277 2398 1346 speculo

802 1392 1032 1448 persona
1066 1372 1467 1442 quodammodo
1485 1373 1815 1427 describitur
1845 1373 2022 1442 ipsum
2053 1371 2396 1434 intuentis,et

802 1478 986 1524 manet
1025 1481 1052 1518 a
1083 1463 1311 1518 materia
1357 1473 1630 1533 separata,
1678 1478 1742 1516 ac
1771 1465 1815 1517 si
1871 1464 1993 1531 quis
2040 1463 2309 1529 pr0priam
2341 1462 2394 1513 in

797 1559 1015 1628 speculo
1040 1556 1387 1624 conspicuam
1430 1555 1557 1606 velit
1611 1554 1898 1622 imaginem
1931 1553 2191 1616 osculari,
2230 1564 2395 1604 mate-

797 1649 1134 1719 mequidem
1171 1648 1420 1708 inhaeret,
1478 1645 1575 1699 sed
1633 1644 1920 1712 imaginem
1981 1642 2282 1704 osculatur,
2339 1652 2394 1694 et

795 1744 909 1809 ipso
939 1740 1247 1802 recedente,
1271 1735 1430 1791 simul
1461 1737 1627 1789 etiam
1663 1735 1838 1788 avolat
1898 1735 2095 1801 imago,
2130 1732 2386 1801 quoniam

2509 571 2622 620 ται,
2659 559 2750 608 καὶ
2784 559 3276 626 συνεπιοεωρετται
3306 559 3524 628 Θατέρῳ
3550 560 3802 628 θάτερον.

2596 724 2781 788 Ὀσοις
2811 725 3046 796 ὀνόμασι
3073 729 3135 781 τὸ
3162 728 3475 798 ἀρχέτυπον
3509 728 3780 794 καλεῖται,
3812 729 4088 792 τοσούτοις

2509 814 2605 866 καὶ
2633 817 2661 883 ἡ
2702 817 2864 868 εἰκὼν
2899 817 3090 874 αὐτοῦ.
3145 818 3310 870 Ἀλλὰ
3335 819 3396 871 τὸ
3424 819 3525 887 μὲν
3553 819 3629 880 ὡς
3654 821 3966 888 ἀρχέτυπον
3990 818 4088 871 καὶ

2503 904 2571 957 δι’
2606 907 2791 972 ἑαυτὸ,
2848 909 2944 960 καὶ
2981 909 3214 978 κυρίως·
3250 911 3284 979 ἡ
3318 910 3374 962 δὲ
3430 909 3507 974 ὡς
3552 910 3719 962 εἰκὼν
3755 910 3946 972 αὐτοῦ,
3989 910 4088 962 καὶ

2501 993 2570 1046 δι’
2609 996 2807 1059 ἐκεῖνο,
2840 999 2932 1049 καὶ
2961 998 3446 1068 καταχρηστικῶς.

2571 1087 3066 1158 Ιῐροσκυνονμένης
3097 1090 3197 1159 τῆς
3230 1092 3460 1152 εξκόνος,
3497 1093 3524 1143 ὁ
3555 1090 3797 1161 Χριστὸς
3836 1109 4083 1158 προσκυ-

2501 1180 2695 1243 νεῖται,
2728 1174 2790 1232 οὗ
2821 1182 2972 1242 ἐστιν
3001 1183 3284 1249 ὁμοίωσις,
3337 1183 3432 1234 καὶ
3464 1183 3562 1251 οὐχ
3618 1184 3651 1252 ή
3701 1181 4084 1250 ὑποδεξαμέ·.η

2500 1269 2599 1334 τὴν
2631 1269 2893 1337 ὁμοίωσιν
2926 1271 3048 1339 ὕλη.
3108 1273 3215 1324 Καὶ
3248 1272 3436 1342 ὥσπερ
3481 1273 3577 1326 ἐπὶ
3617 1271 3711 1325 τοῦ
3772 1275 4083 1341 κατόπτρου

2497 1360 2859 1429 διαγράφεται
2890 1366 3097 1430 τρόπον
3121 1367 3246 1415 τινὰ
3285 1365 3345 1415 τὺ
3384 1365 3679 1433 πρόσωπον
3719 1364 3814 1417 τοῦ
3861 1364 4085 1432 βλέπον-

2496 1468 2588 1513 τος
2623 1452 2778 1517 αὐτὸ,
2836 1457 2929 1506 καὶ
2967 1455 3121 1523 μένει
3161 1454 3262 1522 τῆς
3301 1454 3432 1524 ῦλης
3478 1457 3926 1525 κεχωρισμένον·
3977 1457 4082 1506 κᾶν

2500 1542 2749 1612 Θελήσειέ
2797 1561 2882 1606 τις
2921 1546 3276 1598 ἀσπάσασθαι
3328 1546 3427 1616 τὴν
3469 1547 3883 1615 ἐμφαινομένην
3945 1545 4084 1598 ἰδίαν

2495 1633 2703 1695 εἰκόνα,
2738 1636 2806 1704 τῇ
2843 1635 2942 1703 μὲν
2972 1634 3076 1707 ὕλῃ
3112 1638 3385 1705 προσέφυ,
3412 1637 3513 1705 τὴν
3553 1636 3741 1688 εἰκόνα
3799 1637 3854 1689 δὲ
3885 1654 4074 1707 περιε-

2496 1724 2758 1789 πτύξατο,
2812 1727 2908 1778 καὶ
2957 1730 3338 1796 μεταστάντος
3395 1728 3585 1793 αὐτοῦ,
3625 1731 3942 1800 συναπέπτη
3981 1731 4081 1782 καὶ

790 1851 818 1886 a
845 1831 1048 1900 speculi
1083 1829 1303 1883 materia
1360 1828 1477 1898 ipsa
1532 1841 1764 1896 persona
1827 1837 2113 1892 separatur
2145 1843 2160 1880 :
2198 1826 2385 1880 eadem
2420 1796 2465 1853 Β
2491 1816 2535 1866 τὶ

2329 1842 2385 1877 ῖιῃ
2420 1796 2465 1853 Β
2491 1816 2551 1866 τὸ
2588 1814 2821 1882 ίνδαλμα
2848 1816 2936 1869 διὰ
2963 1817 3025 1869 τὸ
3062 1819 3397 1888 κεχωρῖσοαι
3436 1820 3537 1888 τῆς
3591 1819 3728 1890 ὕλης
3757 1822 3853 1874 τοῦ
3909 1796 4074 1873 κατό·

789 1924 1000 1977 ratione
1028 1921 1120 1989 qui
1150 1919 1460 1974 Servatoris
1497 1927 1590 1971 aut
1624 1917 1719 1971 Dei
1750 1915 2072 1979 Genitricis,
2107 1916 2388 1970 autalicu-

787 2019 875 2085 ius
927 2025 1240 2070 sanctorum
1299 2013 1593 2080 imaginem
1657 2012 1957 2074 osculatur,
1993 2009 2114 2062 licet
2147 2009 2388 2064 materia:

789 2108 1071 2161 inhaerent.
1125 2102 1436 2169 imaginem,
1470 2114 1576 2153 non
1619 2098 1906 2153 materiam
1969 2095 2262 2150 osculatur.
2322 2094 2386 2147 Et

786 2197 1024 2267 imagine
1047 2195 1244 2257 deleta,
1281 2199 1500 2261 propter
1531 2206 1691 2259 quam
1730 2190 2089 2242 exhibebatur
2115 2187 2382 2253 adoratio,

784 2289 1015 2344 materia
1041 2296 1285 2342 remanet
1315 2298 1420 2337 non
1454 2282 1685 2351 amplius
1712 2282 2007 2343 adoranda,
2039 2280 2240 2349 quippe
2262 2293 2383 2348 qua

782 2395 1069 2438 commune
1094 2393 1218 2434 cum
1249 2376 1606 2430 similitudine
1639 2374 1771 2428 nihil
1810 2376 1995 2428 habet.

849 2473 1017 2528 Detur
1041 2470 1298 2532 annulus,
1325 2470 1377 2522 in
1396 2483 1502 2536 quo
1532 2467 1710 2536 imago
1739 2466 1810 2521 sit
1838 2466 2005 2534 regia.
2033 2466 2381 2534 ltapritnatur

779 2568 832 2620 in
875 2581 1022 2627 cera.
1056 2574 1109 2618 et
1145 2565 1197 2616 in
1236 2563 1377 2631 pice,
1428 2570 1484 2613 ct
1533 2560 1584 2613 itt
1617 2560 1750 2612 luto.
1812 2558 1870 2612 In
1908 2558 1994 2612 his
2023 2557 2240 2626 quidem
2276 2561 2379 2613 erit

778 2659 1018 2726 signum,
1053 2656 1213 2723 idque
1242 2653 1385 2705 nulla
1417 2653 1626 2706 ratione
1671 2649 1949 2714 didere-ns,
1989 2635 2112 2703 licet
2137 2651 2378 2703 materiae

777 2751 1006 2802 diverste
1041 2747 1170 2799 sint.
1226 2744 1363 2797 Cum
1399 2743 1484 2796 his
1532 2742 1677 2796 enim
1744 2743 1958 2810 signum
2022 2739 2154 2793 nihil
2216 2741 2374 2794 habet

776 2854 1089 2900 commune.
1121 2838 1213 2891 sed
1243 2837 1308 2888 ah
1343 2836 1474 2899 ipsis
1501 2845 1833 2904 separatum,
1866 2843 1920 2887 et
1942 2833 1992 2885 iu
2025 2833 2231 2886 annulo
2255 2849 2375 2886 ma-

776 2946 912 2986 nens
944 2930 1123 2982 animo
1161 2926 1592 2996 cogitationeqne
1647 2925 2146 2993 comprehenditur.
2206 2923 2296 2977 Sic
2319 2931 2375 2977 et

773 3022 986 3076 Christi
1020 3019 1344 3082 similitudo,
1379 3015 1633 3085 quamvis
1687 3030 1809 3070 eam
1872 3014 2113 3067 materia:
2143 3013 2372 3067 diversa:

2491 1924 2664 1976 πτρου
2699 1925 2714 1939 ⁸
2749 1909 2840 1962 τδν
2857 1911 3022 1963 αὐτὸν
3053 1913 3256 1981 τρόπον
3279 1913 3306 1963 ὀ
3339 1913 3439 1980 τὴν
3464 1914 3652 1980 εἰκόνα.
3677 1914 3772 1966 τοῦ
3794 1915 4076 1980 Σωτῆρος,

2489 2001 2522 2070 ἢ
2563 2001 2665 2070 τῆς
2700 2001 3067 2072 Θεομήτορος,
3093 2004 3126 2074 ἦ
3157 2021 3301 2064 τινος
3331 2004 3441 2056 τῶν
3470 2004 3643 2071 ἁγίων
3672 2005 4076 2074 ἀσπαζόμενος,

2488 2096 2536 2146 εἰ
2567 2095 2662 2147 καὶ
2695 2095 3041 2164 προσφύεται
3089 2099 3156 2166 τῇ
3209 2097 3332 2168 ὕλη,
3376 2097 3475 2166 τὴν
3521 2098 3729 2162 εἰκόνα,
3755 2101 3850 2150 καὶ
3878 2099 3940 2149 οὐ
3976 2099 4075 2167 τὴν

2495 2189 2628 2256 ὓλην
2667 2188 3001 2252 ἀσπάζεται,
3039 2191 3133 2241 καὶ
3161 2191 3560 2257 ἀφανισῠέντος
3607 2190 3702 2243 τοῦ
3737 2190 4076 2260 ἑκτυπώμα-

2486 2297 2602 2342 τος,
2633 2279 2720 2348 ἐφ’
2754 2273 2798 2346 ᾦ
2824 2282 2858 2351 η
2890 2281 3289 2351 προσκύνησις,
3319 2283 3540 2352 ἔμεινεν
3578 2283 3990 2352 ἀπροσκύνητος
4041 2287 4072 2354 ἡ

2490 2371 2614 2439 ὕλη,
2651 2373 2819 2442 μηδέν
2849 2390 2901 2425 τι
2939 2373 3272 2426 κοινωνοῦσα
3300 2375 3380 2443 τῷ
3419 2373 3755 2443 ὁμοιώματι.

2559 2467 2742 2519 Ἔστω
2772 2466 3058 2528 δακτύλιος
3092 2466 3578 2536 ἐγκεχαραγμένας
3623 2467 3807 2518 εἰκόνα
3860 2465 4070 2534 βασιλι·

2482 2559 2612 2627 κὴν,
2641 2554 2760 2610 εἶτα
2799 2557 3121 2611 ὲκτυπούτω
3153 2560 3213 2609 ὲν
3244 2557 3424 2626 κηρῷ,
3457 2558 3552 2609 καὶ
3577 2560 3632 2610 ὲν
3656 2559 3849 2627 πίσσῃ,
3882 2559 3976 2610 καὶ
4010 2561 4068 2609 ἐν

2480 2649 2660 2720 πηλῷ.
2706 2649 2766 2704 ἸΙ
2811 2651 2909 2719 μὲν
2939 2649 3033 2702 οὖν
3067 2649 3307 2720 σφραγὶς
3338 2650 3438 2718 μία
3502 2652 3594 2702 καὶ
3643 2651 4067 2718 ἀπαράλλακτος

2478 2743 2537 2795 ἐν
2565 2741 2794 2804 τούτοις,
2856 2745 2910 2795 αἰ
2951 2743 3006 2794 δὲ
3044 2741 3164 2794 ὕλαι
3226 2742 3502 2810 διάφοροι,
3555 2742 3644 2794 διὰ
3700 2743 3759 2793 τδ
3809 2742 3976 2811 μηδὲν
4011 2758 4066 2793 τι

2477 2834 2597 2895 ταῖς
2627 2832 2781 2894 ὕλαις
2814 2831 2913 2903 τὴν
2944 2833 3216 2902 σφραγῖδα
3242 2836 3543 2898 κοινωνεῖν,
3572 2832 3687 2884 ἀλλ’
3711 2829 3854 2885 εἶναι
3891 2831 4064 2902 αὐτὴν

2476 2929 2542 2997 τῇ
2579 2926 2793 2996 ἐπινοίᾳ
2822 2928 3033 2980 τούτων
3089 2929 3514 2997 κεχωρισμένην
3570 2931 3627 2980 ὲν
3655 2928 3732 2995 τῷ
3786 2927 4062 2996 δακτυλίῳ

2478 3018 2771 3087 μένουσαν.
2807 3017 2994 3080 Οὕτως
3019 3017 3112 3071 οὖν
3140 3019 3234 3071 καὶ
3274 3020 3336 3072 τὸ
3373 3019 3467 3071 τοῦ
3499 3018 3739 3086 Χριστοῦ
3780 3019 4060 3088 ὁμοίωμα,

774 3113 1011 3167 referant
1074 3123 1387 3176 expressam
1421 3147 1436 3170 ,
1498 3106 1633 3160 nihil
1659 3106 1818 3160 habet
1854 3114 2035 3157 tamen
2071 3117 2364 3157 commune
2394 3144 2436 3202 ο
2473 3113 2519 3163 ει

2317 3117 2364 3156 Ie
2394 3144 2436 3202 ο
2473 3113 2522 3163 εἰ
2570 3111 2662 3162 καὶ
2699 3112 2760 3162 ἐν
2805 3110 3087 3181 διαφόροις
3131 3111 3284 3172 ὕλαις
3341 3101 3661 3181 ἐκτυτωοῇ,
3693 3112 4062 3179 ἀκοινώνητόν

772 3217 893 3256 cutn
921 3201 1050 3262 illis,
1074 3200 1167 3253 sed
1198 3199 1251 3251 in
1272 3197 1476 3252 Christi
1515 3206 1696 3250 manet
1732 3210 1995 3264 persona.

850 3294 1041 3346 Sacras
1061 3290 1326 3359 imagines
1350 3289 1756 3350 constituimus,
1782 3297 1860 3351 ut,
1883 3302 1974 3341 eas
1992 3284 2366 3355 contemplan-

773 3396 875 3449 tes,
912 3385 1149 3453 ipsartttn
1178 3380 1504 3448 exemplaria
1533 3380 1690 3433 nobis
1722 3380 2006 3433 videamur
2037 3378 2253 3440 intueri,
2274 3391 2366 3429 eo-

781 3490 1009 3544 rumque
1037 3475 1191 3526 nnbis
1217 3482 1329 3525 tum
1363 3474 1678 3526 memoriam
1705 3480 1987 3535 renovent,
2010 3480 2122 3525 tum
2146 3469 2360 3524 deside-

769 3569 908 3622 rium
938 3565 1160 3620 leniant.

832 3936 1013 3991 Beata;
1060 3931 1314 3987 Trinitati
1347 3931 1416 3986 ab
1463 3929 1782 3984 orthodoxis
1812 3929 1969 3983 latria
2011 3929 2274 3983 tribuitur
2303 3931 2360 3984 ln

759 4030 957 4099 spiritu
1007 4035 1062 4081 ct
1098 4027 1361 4092 veritate;
1430 4026 1637 4078 sanctis
1681 4030 1860 4076 autem
1902 4024 2228 4092 imaginibus
2254 4039 2358 4078 non

759 4119 915 4172 latria
947 4116 1191 4177 omnino,
1210 4114 1303 4167 sed
1321 4113 1588 4176 adoratio,
1607 4124 1658 4166 et
1691 4113 2055 4178 deosculatio,
2083 4124 2137 4168 et
2165 4114 2356 4168 honor.

754 4211 905 4266 Licet
935 4208 1079 4263 enim
1116 4207 1366 4273 imaginis
1395 4207 1560 4260 etiam
1603 4208 1779 4261 honor
1819 4217 2064 4261 transeat
2086 4208 2151 4260 ad
2175 4221 2360 4260 exem-

756 4306 892 4374 plar,
915 4302 1068 4355 latria
1087 4311 1262 4353 tamen
1285 4313 1388 4352 n0n
1406 4298 1634 4352 debetur
1662 4299 1987 4353 venerandis
2007 4299 2357 4366 imaginibus,

751 4397 846 4451 sed
875 4392 971 4449 soli
1003 4393 1176 4446 beata:
1236 4391 1511 4456 Triuitati,
1574 4405 1639 4446 ne
1667 4392 1829 4445 rebus
1876 4390 2171 4460 procreatis
2201 4401 2254 4445 et
2287 4405 2354 4445 ex

2471 3203 2587 3253 ἐστι
2622 3203 2732 3254 τῶν
2765 3201 2906 3254 ὑλῶν
2934 3204 2993 3255 ὲν
3033 3207 3099 3272 τῇ
3129 3203 3223 3255 τοῦ
3261 3203 3502 3271 Χριστοῦ
3536 3207 3699 3273 μένον
3733 3204 4057 3256 ὑποστάσει.

2543 3293 2656 3355 Τὰς
2718 3293 2869 3362 ἱερὰς
2936 3296 3153 3356 εἰκόνας
3202 3295 3638 3365 ἀναστηλοῦμεν,
3712 3295 3800 3346 ἵνα
3848 3294 4057 3357 ταύτας

2468 3381 2702 3451 δρῶντες
2738 3383 2809 3435 δι’
2833 3384 3015 3436 αὐτῶν
3040 3385 3287 3453 δοκῶμεν
3343 3389 3477 3457 όρᾷν
3519 3389 3587 3438 τὰ
3643 3390 3851 3437 τούτων
3884 3386 4057 3455 ἀρχέ-

2469 3480 2644 3537 τύπα,
2687 3473 2780 3525 καὶ
2810 3473 3054 3538 γίνονται
3085 3476 3216 3544 ἡμῖν
3243 3477 3647 3544 ὑπομνήματα,
3673 3479 3766 3527 καὶ
3804 3493 4056 3546 παρηγο-

2468 3566 2560 3634 ρία
2587 3564 2682 3618 τοῦ
2719 3566 2887 3617 πόθου
2918 3566 3014 3618 τοῦ
3045 3567 3180 3637 πρὸς
3209 3571 3279 3620 τὰ
3320 3568 3525 3620 τούτων
3557 3568 3915 3634 πρωιότυπα.
4019 3630 4025 3634 _

2535 3659 2700 3711 Ὅσον
2755 3659 2997 3728 συνεχῶς
3036 3662 3091 3714 αἰ
3142 3660 3351 3724 εἰκόνες
3403 3662 3661 3730 ὁρῶνται,
3699 3660 3955 3714 τοσοῦτον
4001 3662 4052 3713 οἱ

2462 3753 2667 3815 ταύτας
2708 3755 2946 3824 ὁρῶντες
2971 3756 3348 3811 διανίστανται
3380 3758 3514 3828 πρὸς
3543 3757 3641 3828 τὴν
3668 3759 3783 3810 τῶν
3812 3758 4053 3828 ἀρχετύ-

2465 3863 2585 3899 πων
2621 3849 2850 3918 μνήμην
2885 3850 2982 3902 καὶ
3015 3849 3368 3920 ἐπιπόθησιν.

2551 3938 2611 3992 Ἠ
2630 3941 2730 4010 μὲν
2747 3943 2806 3994 ἐν
2827 3942 3097 4011 πνεύματι
3116 3943 3210 3994 καὶ
3225 3943 3456 4015 ἀληθείᾳ
3473 3944 3698 4014 λατρεία
3716 3947 3780 4015 τῇ
3803 3946 4052 4016 μακαρίᾳ

2463 4033 2656 4102 Τριάδι
2698 4033 2848 4100 παρὰ
2884 4034 2993 4086 τῶν
3029 4034 3328 4103 ὀρθοδόξων
3359 4037 3800 4106 ἀπονενέμηται³
3835 4041 3952 4098 ταῖς
3991 4040 4051 4090 δὲ

2461 4126 2648 4193 ἁγίαις
2668 4128 2879 4180 εἰκόσιν
2911 4128 2973 4180 οὐ
3008 4127 3241 4196 λατρεία
3272 4129 3513 4194 πάντως,
3560 4131 3697 4183 ἀλλὰ
3733 4131 4049 4200 προσκύνη-

2463 4238 2568 4283 σις,
2599 4222 2692 4275 καὶ
2725 4222 3042 4292 ἀσπασμὸς,
3101 4226 3197 4277 καὶ
3231 4226 3388 4294 τιμή.
3426 4225 3486 4277 Εἰ
3525 4226 3634 4294 γὰρ
3682 4226 3777 4277 καὶ
3828 4227 3859 4295 ὴ
3911 4228 4049 4294 τιμὴ

2458 4312 2559 4381 τῆς
2620 4313 2832 4377 εἰκόνος
2885 4315 2978 4366 ἐπὶ
3030 4316 3092 4367 τὸ
3127 4317 3486 4385 πρωτότυπον
3541 4316 3827 4379 διαεῖαίνει,
3862 4317 3979 4370 ἀλλ’
4016 4321 4050 4387 ἡ

2460 4404 2688 4474 λατρεία
2724 4405 2820 4474 τῆς
2875 4406 3151 4475 μακαρίας
3192 4407 3307 4458 ἐστὶ
3371 4407 3541 4476 μόνης
3575 4407 3828 4476 Τρ-ἁδος,
3866 4412 3957 4460 καὶ
3983 4413 4046 4460 οὐ

753 4484 977 4539 materia
1009 4481 1391 4536 constantibus
1422 4480 1597 4539 latria:
1637 4481 1842 4536 cultum
1878 4480 2117 4535 tribucre
2165 4480 2343 4535 videa-
2384 4487 2430 4545 ι)
2458 4518 2498 4553 τι

2301 4495 2343 4534 λ’
2384 4487 2430 4545 υ
2458 4500 2571 4554 τῶν
2613 4503 2833 4554 σεπτών
2880 4503 3130 4564 εἰκόνων,
3174 4502 3262 4554 ἵνα
3310 4500 3388 4571 μὴ
3423 4502 3896 4574 κτισματολὰτραι
3949 4505 4046 4555 καὶ

749 4593 892 4630 ιιιυτ.

821 4692 878 4746 In
895 4694 1011 4761 ipso
1035 4689 1254 4743 Christo
1273 4695 1358 4744 est
1378 4687 1804 4743 adoratioialriaa
1823 4699 1878 4744 et
1906 4692 2190 4759 naturalis;
2209 4707 2350 4746 unus

744 4787 889 4840 enim
907 4790 1204 4838 estsanctc
1221 4778 1507 4834 Trinitatis
1525 4795 1612 4849 pet
1635 4781 1871 4834 divinam
1891 4782 2056 4851 ipsius
2076 4793 2346 4836 naturam.

744 4881 796 4931 In
831 4877 1069 4930 itnainne
1099 4888 1228 4928 vero
1257 4872 1459 4926 Christi
1489 4884 1571 4926 est
1605 4873 1826 4927 relativa
1861 4886 1915 4928 et
1949 4876 2261 4944 aequivoca:
2293 4878 2345 4930 in

740 4973 855 5041 ipsa
893 4968 1036 5022 enim
1068 4967 1235 5020 adoro
1261 4963 1561 5030 Christum,
1595 4966 1685 5034 qui
1715 4966 1980 5034 quoniam
2005 4983 2225 5022 carnem
2265 4971 2345 5020 in.

736 5061 872 5119 duit,
940 5057 1175 5124 imagine
1203 5054 1556 5123 exprimitur,
1616 5069 1878 5122 quantum
1905 5057 1972 5110 ad
2021 5072 2345 5127 corporeum

731 5150 850 5218 t-jus
880 5157 1156 5215 aspemtnn
1185 5145 1399 5205 attinet,
1427 5159 1549 5213 quae
1568 5146 1787 5214 quidem
1816 5147 2062 5201 adoralio
2089 5159 2170 5200 est
2201 5149 2341 5202 rela-

733 5239 894 5295 tionis
950 5248 1114 5307 atqne
1150 5253 1414 5291 uersonte.

799 5328 1273 5396 Quemadmodum
1297 5327 1450 5393 l'tdes,
1476 5326 1554 5382 sic
1598 5328 1827 5383 etlatria
1862 5339 2063 5382 sanctae
2089 5329 2341 5385 tr.buitnr

727 5423 1004 5476 ’i‘rinitati.
1053 5421 1232 5485 Quare
1282 5421 1374 5488 qui
1420 5419 1623 5474 Christi
1684 5423 1903 5490 imagini
1939 5421 2109 5476 latriae
2133 5425 2334 5477 cultutn

725 5515 966 5580 exhibet,
998 5514 1042 5567 is
1063 5516 1484 5582 quaternitatem
1512 5513 1667 5567 latria
1694 5515 1870 5569 colere
1892 5515 2333 5580 deprehenditur,

723 5610 852 5663 etin
882 5621 1070 5661 sancta
1106 5604 1376 5659 Trinitate
1411 5605 1702 5676 imaginem
1733 5608 2037 5662 collocare:
2078 5598 2330 5663 Trinitati

720 5701 892 5763 enim,
925 5708 984 5752 ut
1011 5698 1213 5753 dictum
1246 5707 1352 5764 est,
1381 5697 1533 5753 latria
1565 5699 1813 5755 debetur.

793 5792 851 5848 Si
873 5792 1121 5860 corporis
1147 5789 1335 5843 umbra
1359 5791 1598 5859 separari
1625 5805 1731 5846 non
1757 5802 1954 5858 potest,
1974 5809 2095 5849 eum
2115 5809 2330 5866 semper

2458 4597 2754 4667 ύλολάτραι
2792 4598 3058 4666 δόξωμεν.

2538 4689 2658 4742 Ἐπ’
2688 4689 2857 4744 αὑτοῦ
2890 4690 2989 4759 μὲν
3024 4689 3119 4742 τοῦ
3159 4691 3396 4759 Χριστοῦ
3434 4691 3761 4761 λατρευτικὴ
3802 4693 3833 4761 ἠ
3871 4708 4047 4760 προσ-

2451 4782 2682 4852 κύνησις
2735 4783 2831 4836 καὶ
2888 4784 3093 4853 φυσική
3120 4798 3134 4812 ⁸
3158 4777 3239 4844 εἰς
3295 4785 3407 4852 γάρ
3440 4786 3556 4836 ἐστι
3588 4783 3686 4852 τῆς
3725 4785 3885 4850 ἁγίας
3914 4785 4046 4851 Τρι-

2453 4876 2578 4938 άδος
2603 4877 2741 4928 κατὰ
2765 4878 2865 4944 τὴν
2896 4877 3052 4928 Θείαν
3076 4876 3248 4929 αὐτοῦ
3295 4879 3461 4944 φύσιν
3488 4895 3500 4907 ·
3535 4879 3628 4929 ἐπὶ
3667 4876 3723 4929 δὲ
3755 4877 3853 4943 τῆς
3898 4875 4046 4929 εἰκό-

2451 4983 2537 5028 νος
2564 4965 2659 5019 τοῦ
2691 4966 2930 5037 Χριστοῦ
2965 4968 3192 5036 σχετικὴ
3220 4970 3314 5020 καὶ
3344 4967 3700 5038 όμωνυμική.
3739 4967 4044 5035 Προσκυνῶ

2451 5062 2560 5126 γὰρ
2589 5061 2679 5111 τὸν
2715 5063 2772 5113 ἐν
2798 5061 2937 5129 αὐτῇ
2965 5059 3226 5130 Χριστὸν,
3262 5061 3352 5112 τὸν
3375 5061 3463 5112 διὰ
3497 5061 3557 5111 τὸ
3579 5058 3942 5128 σαρκωθῆναι
3968 5062 4043 5112 εἰ.

2451 5151 2800 5220 κονιζόμενον
2831 5153 2973 5206 κατὰ
2999 5153 3099 5223 τὴν
3132 5153 3477 5222 σωματοειδῆ
3509 5153 3639 5205 θέαν
3677 5152 3868 5214 αὐτοῦ,
3900 5153 4042 5222 ὅπερ

2446 5245 2564 5296 ἐστὶ
2591 5245 2816 5314 σχετικὴ
2840 5245 3215 5314 προσκύνησις
3265 5247 3359 5297 καὶ
3383 5247 3555 5297 ὑποστ
3568 5246 3746 5312 ιτική.

2520 5335 2735 5404 Ὥσπερ
2787 5337 3054 5402 ἠπίστις,
3113 5334 3258 5387 οὕτω
3309 5336 3403 5386 καὶ
3434 5338 3466 5404 ἡ
3528 5334 3756 5400 λατρεία
3808 5335 3873 5404 τῇ
3903 5335 4040 5404 ἁγίᾳ

2446 5428 2641 5498 Τριάδι
2674 5429 3159 5497 ἀποκεκλήρωται.
3203 5429 3261 5480 Ὀ
3287 5429 3421 5496 γοῦν
3446 5428 3729 5497 λατρεύων
3756 5431 3821 5497 τῇ
3864 5429 4037 5480 εἰκόνι

2440 5519 2682 5590 Χριστοῦ
2721 5518 3084 5589 εὑρεθήσεται
3110 5521 3327 5591 τετράδι
3362 5520 3664 5589 λατρεύων,
3689 5521 3782 5572 καλ⁵
3825 5537 4038 5572 συνεισ-

2441 5613 2646 5681 κρίνων
2713 5615 2779 5681 τῇ
2825 5613 2960 5682 ἁγίᾳ
2992 5610 3182 5683 Τριὰδι
3220 5617 3310 5664 καὶ
3341 5617 3441 5680 τὴν
3470 5615 3674 5665 εἰιόια.
3712 5612 3825 5680 Τῆς
3860 5611 4032 5682 Τριά-

2439 5704 2526 5766 δος
2559 5703 2688 5772 γὰρ,
2714 5704 2785 5766 ὡς
2822 5706 3060 5774 εἴρηται,
3100 5708 3158 5757 τὸ
3191 5705 3572 5774 λατρεύεσθαι.

2513 5798 2572 5849 Εἰ
2601 5799 2854 5866 σώματος
2899 5801 3059 5850 σκιὰν
3104 5799 3436 5870 μερισθῆναι
3473 5800 3574 5868 οὐχ
3605 5794 3716 5851 οἷόν
3764 5815 3822 5850 τε
3885 5813 4032 5868 παρ’

4112 614 4124 669 i
