4420 6462
765 421 900 516 mo

760 641 808 680 cl
848 634 1073 681 smlnres
1150 638 1402 695 tanquam
1454 638 1634 698 guttas
1691 632 1976 698 sanguinis
2006 646 2070 684 cx
2133 631 2354 697 proprio

758 733 988 786 corpore
1018 717 1344 785 profudisse,
1386 735 1493 787 quo
1527 731 1776 774 naturam
1834 722 2020 774 carnis
2046 738 2156 776 suae
2209 736 2357 774 com-

762 810 1035 877 probaret,
1071 812 1308 864 Armenii
1350 812 1543 866 callide
1573 814 1798 866 sudores
1827 829 1891 866 ex
1945 815 2355 882 Evangeliorum

765 902 918 954 libris
944 903 1278 964 deleverunt,
1311 915 1367 956 ιιι
1398 915 1774 972 argumentum
1829 918 2122 975 assumpta:
2177 909 2358 961 Carnis

758 1011 821 1044 ex
849 992 1088 1060 Virgine,
1119 996 1262 1060 quod
1298 997 1420 1049 inde
1448 997 1699 1060 sumitur,
1737 998 2026 1061 evitarent.
2073 1008 2127 1053 et
2155 1001 2356 1053 Serva—

761 1081 894 1134 toris
953 1093 1199 1136 naturam
1258 1085 1532 1137 hominum
1619 1097 1827 1140 naturae
1898 1096 2154 1155 negarent
2234 1104 2358 1143 esse

756 1175 1009 1228 similem.
1051 1174 1249 1229 Verum
1284 1191 1376 1230 eos
1403 1176 1560 1230 aliter
1595 1177 1788 1233 Paulus
1807 1180 2101 1247 redarguit,
2133 1180 2354 1234 dicens:

761 1265 866 1329 Qui
905 1269 956 1319 in
989 1268 1170 1321 diebus
1201 1271 1376 1321 carnis
1408 1285 1520 1322 sum
1559 1272 1799 1335 precibus
1840 1281 1886 1324 et
1913 1273 2356 1324 obsecrationibus

758 1360 890 1424 fusis
922 1361 989 1410 ad
1027 1377 1167 1420 eum,
1222 1363 1308 1430 qui
1338 1373 1538 1428 poterat
1573 1363 1740 1430 ipsum
1774 1380 1804 1414 a
1881 1371 2048 1416 morte
2116 1380 2352 1425 servare,

758 1466 876 1501 cum
906 1450 1134 1503 clamore
1171 1468 1360 1519 magno
1384 1461 1432 1504 et
1465 1453 1712 1522 larrymis
1747 1463 1797 1507 ct
1844 1470 1962 1519 quae
1986 1465 2288 1522 sequuntur
2316 1456 2355 1507 ³.

761 1539 954 1591 Preces
987 1542 1151 1602 enim,
1183 1553 1234 1594 et
1268 1543 1696 1604 obsecrationes,
1749 1553 1802 1595 rt
1837 1545 2011 1614 magni
2071 1545 2356 1607 clamores,

759 1637 813 1679 et
849 1627 915 1678 l.u
938 1643 1103 1696 ryma:
1138 1643 1458 1698 argmnenlo
1500 1632 1804 1686 certissimo
1858 1635 2107 1699 piobanl,
2140 1648 2357 1687 carnem

759 1721 878 1771 ens
919 1729 1115 1774 nostra:
1169 1723 1398 1775 similem
1462 1725 1755 1787 exstitisse,
1817 1739 1937 1778 cum
1979 1726 2094 1793 ipsa
2141 1741 2358 1796 qucque

762 1809 1144 1865 anet-tionibus
1171 1825 1315 1866 esset
1345 1814 1576 1867 obnoxia
1609 1817 1726 1868 sine
1756 1826 2000 1884 peclato.

835 2110 908 2164 De
943 2112 1239 2179 auditione,
1267 2132 1427 2185 quam
1472 2117 1719 2188 Trisngio
1742 2123 1953 2174 cantico
1983 2120 2170 2176 P=~trus
2210 2121 2360 2176 Fullo

765 2205 1004 2259 adhibuit
1037 2207 1087 2260 in
1128 2211 1282 2264 titulo
1319 2212 1577 2267 adversus
1602 2211 2050 2281 TheOpaschitas,
2113 2215 2257 2282 quid
2285 2217 2363 2268 vi-

766 2298 990 2350 nitatem
1024 2316 1238 2367 passam
1284 2316 1558 2368 asserunt,
1585 2306 1793 2358 dictum
1842 2318 1944 2359 est.
1995 2306 2233 2360 Armenii
2265 2321 2362 2359 au-

763 2399 872 2445 tem
907 2394 1044 2448 hanc
1097 2394 1200 2464 ipsi
1259 2410 1475 2466 quoque
1544 2397 1875 2454 additionem
1931 2398 1982 2452 in
2034 2412 2099 2454 eo
2151 2401 2363 2453 cautio

765 2488 1149 2552 pronuntiant.
1183 2503 1287 2558 qua
1320 2491 1535 2558 quidem
1566 2492 1618 2544 in
1661 2505 1721 2546 re
1785 2501 1914 2544 sunt
1952 2491 2239 2543 admodum
2288 2491 2363 2543 ri-

763 2579 954 2642 diculi,
986 2581 1077 2647 qui
1108 2594 1231 2634 cum
1269 2582 1473 2636 Christi
1505 2597 1702 2653 corpus
1723 2584 1907 2638 dicant
1936 2582 2363 2652 incorruptibile,

763 2679 819 2723 et
855 2672 1171 2740 impatibile.
1219 2683 1274 2728 et
1336 2675 1665 2737 innnorlale,
1695 2675 2032 2729 divinitatem
2092 2675 2214 2744 ejus
2273 2689 2369 2740 pa-

765 2763 969 2818 tibilem
1007 2765 1401 2835 mortalemque
1467 2767 1701 2819 tradant.
1758 2766 2366 2834 Aphthurtodocitarum

762 2858 906 2911 enim
943 2859 1101 2912 simul
1130 2870 1184 2912 ct
1243 2859 1767 2929 'l'heopaschitarum
1832 2859 2020 2914 morbo
2064 2858 2363 2923 insaniunt;

761 2949 832 3000 de
870 2951 1064 3017 quibus
1103 2965 1222 3018 quae
1269 2952 1379 3005 visa
1421 2959 1543 3006 sunt
1599 2961 1922 3020 opportuna,
1955 2950 2069 3003 suis
2100 2950 2155 3003 in
2201 2949 2369 3003 titulis

761 3047 1180 3118 disputavimus.
1224 3051 1281 3105 In
1319 3049 1425 3105 illis
1464 3049 1628 3119 igitur
1667 3048 2019 3118 quaerendum
2062 3056 2170 3099 est.

839 3164 1130 3235 Origenem
1168 3166 1219 3219 in
1252 3164 1440 3232 primis
1463 3163 1686 3233 impium
1721 3161 1916 3232 partim
1948 3160 2217 3228 rrjiciunt,
2244 3174 2371 3228 par-

1994 433 2378 492 EUTllYMll
2421 434 2791 494 ZlGABENI

834 541 968 590 tium
1022 537 1212 590 mortis
1242 547 1482 607 tempore
1519 541 1756 608 legamus
1807 540 2086 594 Christum
2143 556 2348 602 orasse,
2378 543 2429 600 Α

2526 543 2632 594 Τοῦ
2663 543 2896 612 Χριστοῦ
2933 542 3074 594 κατά
3110 542 3202 593 τὸν
3232 541 3422 609 καιρδν
3472 540 3566 594 τοῦ
3607 543 3813 604 πάθους
3867 560 4043 607 προσ-

2460 636 2787 704 ευχομένου,
2858 634 2955 687 καὶ
3002 634 3236 703 ἱδρῶτας
3301 633 3436 684 ὡσεὶ
3481 634 3765 702 θρόμϐους
3810 635 4047 702 αἵματος

2461 727 2523 776 ἐκ
2548 725 2642 776 τοῦ
2679 726 2812 776 ίδξου
2847 727 3102 790 σώματος
3144 721 3469 791 ρεύσαντος.
3499 723 3595 772 κα)⁵
3626 723 3727 788 τὴν
3754 721 3918 786 φύσιν
3945 723 4042 787 τῆς

2461 816 2661 882 σαρκὸς
2703 813 2872 866 αὐτοῦ
2904 812 3329 882 βεϐαιώσαντος,
3361 815 3408 863 οἱ
3458 812 3736 882 Ἀρμένιοι
3758 812 4044 877 κακοήθως

2459 905 2772 974 ἀπήλειψαν
2806 907 2928 966 τοὺς
2983 903 3216 971 ἱδρῶτας
3257 904 3320 955 ἐκ
3358 904 3457 968 τῆς
3521 902 3712 969 βίϐλου
3782 903 3891 954 τῶν
3943 902 4044 953 Εὑ-

2461 1000 2755 1065 αγγεὶλων,
2798 998 3098 1066 φεύγοντες
3142 995 3237 1046 τὸν
3277 993 3530 1047 ἐντεῦθεν
3579 994 3800 1062 ἔλεγχον
3841 994 3939 1059 τῆς
3983 995 4043 1044 ἐκ

2462 1091 2740 1160 Παρθένου
2776 1088 3132 1157 σαρκώσεως,
3163 1088 3257 1138 καὶ
3293 1086 3618 1148 ἀθετοῦντες
3653 1087 3753 1154 τὴν
3803 1087 4042 1154 ὁμογενῆ

2460 1183 2569 1240 τοῖς
2601 1178 2910 1248 ἀνθρώποις
2944 1177 3104 1246 φύσιν
3155 1176 3248 1229 τοῦ
3285 1177 3557 1245 Σωτῆρος.
3628 1176 3765 1228 Ἀλλ’
3827 1178 4041 1244 ἐλέγχει

2459 1271 2684 1332 τούτους
2715 1272 2918 1340 ἑτέρως
2951 1273 2978 1320 6
3010 1269 3310 1332 ἀπόστολος
3345 1269 3555 1329 Παῦλος
3589 1269 3788 1335 λέγων,
3830 1271 3924 1332 Ὃς
3975 1270 4044 1321 ἐν

2463 1363 2592 1426 ταῖς
2618 1364 2863 1432 ἡμέραις
2886 1361 2993 1429 τῆς
3012 1361 3244 1428 σαρκὸς
3261 1361 3448 1414 αὑτοῦ
3467 1360 3711 1426 δεήσεις
3736 1360 3904 1411 τεκαὶ
3929 1362 4046 1410 ἱκε-

2460 1458 2666 1522 τηρίας
2700 1454 2846 1521 πρὸς
2869 1453 2974 1506 τὸν
2998 1453 3342 1517 δυνάμενον
3382 1452 3593 1510 σώζειν
3621 1451 3808 1502 αὑτὸν
3841 1451 3908 1502 ἐκ
3943 1454 4040 1502 0a-

2460 1548 2644 1600 s'u'rov
2666 1547 2812 1612 μετὰ
2842 1543 3107 1612 κραυγῆς
3131 1544 3387 1609 ισχιιρᾶς
3405 1544 3499 1595 καὶ
3530 1543 3804 1609 δακρύων
3827 1543 4042 1608 προσέ-

2460 1639 2701 1703 νέγκας,
2735 1639 2828 1689 καὶ
2859 1638 2926 1688 τὰ
2961 1636 3109 1703 ἑξῆς.
3139 1635 3205 1686 Al.
3238 1635 3452 1703 δεήσεις
3478 1637 3610 1701 γὰρ,
3654 1634 3745 1684 καὶ
3777 1633 3833 1683 αἱ
3868 1633 4046 1698 ἱκετη-

2463 1731 2598 1796 ρίαι,
2633 1729 2727 1781 καὶ
2756 1730 2812 1781 αἱ
2853 1729 3072 1796 ἰσχυραὶ
3100 1727 3366 1795 κραυγαὶ,
3419 1728 3513 1777 καὶ
3585 1726 3651 1776 τὰ
3692 1725 3908 1793 δάκρυα
3960 1725 4048 1774 πίε-

2464 1822 2668 1884 στωσὶς
2702 1823 2840 1872 εἰσιν
2862 1821 3262 1889 ἀναντέρρητος
3287 1817 3389 1884 τῆς
3429 1815 3726 1883 συγγενοῦς
3751 1818 3881 1885 ἡμῖν
3917 1832 4048 1884 σαρ-

2381 1907 2424 1964 ll
2460 1915 2555 1975 κὸς
2583 1913 2774 1976 αὑτοῦ,
2809 1915 2921 1975 τοῖς
2946 1913 3157 1980 ὁμοίοις
3192 1911 3286 1962 καὶ
3319 1909 3493 1977 αὐτῆς
3532 1909 3764 1962 πάθεσιν
3821 1911 4043 1960 ὑποκει-

2465 2011 2633 2078 μένης
2659 2008 2827 2077 χωρῖς
2864 2007 3164 2077 ἁμαρτίας.

2537 2125 2672 2192 Περὶ
2702 2124 2799 2189 τῆς
2854 2125 2911 2174 ὲν
2949 2122 3029 2190 τῷ
3059 2124 3333 2192 τρισαγὶῳ
3383 2121 3542 2188 ὕμνῳ
3590 2118 3912 2187 προσθήκης
3949 2117 4052 2168 Πέ-

2464 2234 2598 2284 τρου
2633 2216 2728 2268 τοῦ
2763 2215 3029 2283 Κναφέως
3070 2217 3499 2284 προγέγραπται
3562 2215 3620 2263 ὲν
3650 2211 3729 2278 τῷ
3765 2210 3908 2263 κατά
3939 2209 4049 2260 τῶν

2465 2309 2854 2379 Θεοπισχιτῶν
2882 2308 3187 2377 τίτλῳ.Καὶ
3220 2310 3329 2376 γὰρ
3359 2308 3455 2359 καὶ
3484 2305 3761 2375 Ἀρμένιοι
3786 2304 3922 2373 μετά
3949 2303 4052 2367 τῆς

2467 2402 2698 2462 ἀσεϐοῦς
2728 2403 2932 2472 ταύτης
2959 2401 3283 2471 προσθήκης
3321 2401 3416 2452 τὸν
3442 2399 3609 2465 ὕμνον
3654 2399 3844 2450 τοῦτον
3917 2413 4055 2464 προ-

2467 2499 2715 2566 φέρουσι.
2755 2495 3165 2562 Καταγέλαστοι
3195 2496 3252 2547 δὲ
3294 2495 3536 2557 πάντως,
3579 2491 3628 2543 οἳ
3667 2492 3730 2543 τὸ
3763 2491 3860 2559 μὲν
3891 2489 4055 2556 σῶμα

2467 2590 2562 2641 τοῦ
2593 2587 2832 2657 Χριστοῦ
2887 2588 3140 2655 λέγουσιν
3191 2587 3494 2655 ἄφθαρτον,
3549 2585 3645 2636 καὶ
3694 2582 3926 2643 ἀπαθὲς,
3961 2581 4058 2632 καὶ

2470 2682 2764 2744 ἀθάνατον,
2808 2679 2911 2748 τὴν
2931 2678 3165 2748 θεότητα
3215 2679 3273 2731 δὲ
3305 2677 3476 2730 αὑτοῦ
3528 2675 3786 2743 παθητὴν
3817 2674 3910 2724 καλ⁸
3929 2673 4061 2739 θνηο

2470 2774 2570 2842 τὴν
2606 2774 2843 2840 μάλιστα
2897 2771 3315 2840 δογματίζουσι.
3358 2770 3468 2823 Καὶ
3512 2769 3624 2838 γὰρ
3666 2767 3763 2819 καὶ
3819 2757 3918 2832 τήν
3943 2764 4058 2814 τῶν

2485 2863 3011 2932 Ἀφθαρτοδοκητῶν
3042 2861 3258 2914 νοσοῦσι
3294 2863 3518 2928 μανίαν,
3539 2860 3633 2910 καὶ
3654 2857 3754 2927 τὴν
3785 2856 3893 2907 τῶν
3930 2855 4061 2906 Θεο-

2481 2954 2950 3021 πασχιτῶν,περὶ
3001 2946 3077 3005 ὧν
3130 2955 3188 3004 ιν
3235 2954 3349 3012 τοῖς
3401 2951 3521 3003 κατ’
3562 2949 3791 3001 ἐκείνων
3857 2947 4061 3007 τίτλοις

2473 3047 2802 3116 προεγράφη
2832 3047 2898 3099 τὰ
2937 3046 3150 3106 δέοντα,
3182 3038 3566 3113 καὶζητητέον
3598 3043 3737 3094 ἐκεῖ.

2546 3162 2653 3214 Τὸν
2703 3159 3134 3212 δυσσεϐέστατον
3185 3157 3436 3224 Ὠριγένη
3484 3158 3541 3208 ἐν
3582 3154 3739 3223 μέρει
3776 3152 3873 3220 μὲν
3924 3152 4056 3202 61:0-

768 3261 864 3312 tim
899 3269 955 3312 ut
997 3274 1246 3328 maguum
1305 3261 1583 3310 doctorem
1623 3258 1674 3310 in
1736 3252 2021 3308 sacrificiis
2061 3253 2175 3307 suis
2231 3252 2366 3305 reci-
2393 3257 2434 3314 C

2393 3257 2434 3314 C
2471 3253 2779 3313 ϐάλλονται,
2806 3253 2861 3303 ἐν
2889 3252 3047 3320 μέρει
3078 3250 3132 3302 δὲ
3156 3249 3525 3317 ἀναφέρουσιν
3572 3247 3631 3297 ὲν
3693 3247 3812 3307 ταῖς
3848 3246 4066 3312 ἱερουρ-

765 3353 1023 3424 pinnt.Et
1051 3367 1174 3406 cum
1210 3352 1278 3405 ab
1305 3349 1626 3404 orthodoxis
1656 3346 2148 3417 reprehenduntur,
2166 3353 2218 3398 et
2238 3343 2364 3398 Ori-

765 3462 957 3516 gencm
987 3446 1182 3513 ipsum,
1219 3455 1273 3498 ct
1303 3442 1625 3511 Eutychem,
1649 3450 1701 3493 et
1733 3438 2045 3490 Dioscorum
2073 3450 2366 3489 exsecran-

767 3553 875 3600 tur,
909 3539 1001 3591 sed
1058 3537 1252 3607 impias
1317 3545 1494 3588 tamen
1549 3547 1735 3587 eorum
1784 3528 2072 3600 opiniones
2127 3536 2370 3594 tuemur,

764 3631 1137 3701 doctrinaque
1196 3630 1449 3685 credunt.

1387 3860 1463 3913 De
1515 3859 1737 3931 azymis.

847 3998 907 4052 ιη
940 3996 1124 4052 olm-io
1155 4003 1346 4050 sancto
1380 4009 1489 4048 non
1537 3996 1804 4050 adhibent
1840 4012 2060 4066 panem,
2115 3998 2193 4051 uti
2240 4013 2362 4063 nos,

773 4091 870 4147 scd
924 4105 1202 4160 azynium.
1249 4089 1537 4143 Judaicum
1595 4100 1776 4143 autem
1839 4106 2068 4159 prorsus
2104 4100 2191 4144 est
2238 4107 2362 4162 azy-

769 4201 941 4237 mmn.
971 4183 1235 4249 Quamvis
1253 4182 1550 4250 Apostolus
1581 4181 1782 4235 Paulus
1803 4182 2172 4251 etGregorius
2194 4183 2369 4236 Theo-

767 4279 927 4346 lngus
964 4276 1207 4332 dixerint
1241 4292 1254 4329 :
1289 4277 1522 4345 Antiqua
1575 4279 1983 4345 praztcrierunt;
2031 4293 2145 4330 ecce
2181 4279 2363 4330 omnia

768 4387 802 4422 υ
827 4385 926 4422 ιυα.
960 4365 1027 4420 Ει
1060 4364 1314 4436 quamvis
1344 4363 1776 4434 Chrysostomus
1804 4365 1872 4420 de
1901 4366 2096 4420 Vetere
2127 4377 2180 4420 et
2207 4367 2360 4421 Novo

768 4458 1129 4514 Testamento
1180 4458 1366 4513 dicat:
1413 4458 1531 4513 Illic
1564 4439 1766 4519 littera,
1817 4458 1903 4510 hic
1942 4458 2161 4526 spiritus
2196 4473 2214 4510 :
2248 4457 2360 4510 illic

765 4571 918 4618 arca,
955 4554 1038 4605 hic
1062 4554 1208 4622 virgo
1238 4568 1256 4606 :
1285 4552 1395 4605 illic
1424 4550 1644 4604 baculus
1679 4551 1930 4610 Aaronis,
1967 4551 2048 4602 hic
2079 4566 2209 4602 cruat
2238 4566 2255 4603 :
2291 4549 2357 4602 ξι.
2393 4588 2438 4643 D

767 4649 837 4700 lic
884 4666 1100 4719 azyma,
1159 4649 1244 4701 hic
1279 4650 1452 4716 panis.
1506 4647 1598 4711 At,
1655 4647 1933 4715 inquiunt,
1986 4645 2142 4713 panis
2194 4662 2358 4714 quem

767 4741 1204 4796 communicavit
1274 4739 1529 4794 Christus
1594 4737 1898 4807 apostolis,
1951 4753 2175 4807 azymus
2231 4736 2353 4790 fuit.

771 4835 883 4887 lloc
924 4832 1184 4884 nimirum
1220 4839 1350 4884 tunc
1383 4829 1698 4897 requirebat
1733 4839 1971 4896 tempus,
2007 4837 2061 4881 et
2105 4838 2353 4894 propter-

764 4936 829 4975 ea
867 4934 969 4972 nos
1000 4933 1223 4987 quoque
1253 4933 1514 4987 azymum
1552 4916 1840 4970 oﬂ‘erimus
1892 4917 1958 4969 ad
1993 4917 2350 4969 sacrzlicium.

766 5014 982 5080 Quibus
1035 5027 1135 5067 nos
1188 5011 1592 5080 respondemus
1643 5026 1657 5061 :
1701 5007 1929 5063 Etiamsi
1999 5008 2357 5062 concedimus

767 5127 877 5163 non
911 5107 1306 5164 fermentatum
1346 5119 1467 5159 esse
1514 5103 1668 5156 illum
1704 5117 1922 5169 panem,
1975 5100 2233 5156 Christus
2287 5111 2364 5153 ta-

771 5218 922 5267 men,
975 5216 1074 5271 pro
1109 5198 1378 5268 temporis
1413 5195 1849 5257 necessitudine,
1904 5209 1970 5248 ne
1996 5209 2148 5248 novae
2196 5208 2367 5247 manus

768 5294 1092 5365 mysterium
1128 5291 1662 5348 incommunicatmn
1712 5299 1958 5344 maneret
2017 5289 2366 5358 (ρσιιΙυ,ρ‹›δι

764 5389 914 5444 enim
949 5387 1155 5444 Judteis
1183 5385 1484 5441 tradendus
1529 5383 1676 5453 fuit),
1739 5382 1959 5452 qualem
1994 5380 2204 5434 invenit
2273 5395 2367 5448 pa-

764 5498 891 5538 nem
921 5522 935 5546 ,
989 5483 1154 5537 talem
1215 5481 1523 5544 distribuit,
1564 5489 1622 5533 ut
1665 5493 1733 5532 ne
1785 5476 2014 5531 omnino
2059 5474 2150 5528 tali
2194 5473 2370 5528 salute

764 5577 1144 5646 privarentur.
1178 5573 1447 5644 Discipuli
1487 5579 1674 5626 autent
1722 5570 1842 5640 ejus
1901 5578 1956 5623 ct
1983 5566 2246 5636 deinceps
2274 5565 2370 5635 qui

764 5670 1109 5740 praefuerunt
1155 5667 1419 5724 Ecclesiis
1447 5667 1636 5722 Patres
1686 5662 1864 5718 saniti
1916 5677 2110 5730 p:lllt'lll
2151 5662 2372 5714 obluit:-

767 5769 900 5820 runt
948 5763 1004 5816 in
1057 5761 1409 5828 sacriﬁcium,
1460 5775 1600 5831 quos
1651 5770 1753 5813 nos
1808 5767 2030 5828 quoque
2076 5762 2372 5824 sequentes

843 5935 858 5966 ³
892 5930 1061 5987 Hebr.
1091 5945 1144 5994 ν,
1180 5930 1232 5982 7.

2471 3347 2619 3414 γίαις
2647 3345 2849 3405 αὐτῶν,
2878 3346 2952 3405 ὡς
2994 3343 3170 3412 μέγαν
3199 3340 3542 3394 διδάσκαλον.
3577 3339 3748 3390 Ὅταν
3794 3337 3850 3388 δὲ
3909 3335 4064 3402 παρᾶ

2472 3439 2581 3491 τῶν
2629 3437 2858 3499 ἐνδόξων
2913 3433 3264 3503 ἐλεγχθῶσιν,
3320 3431 3783 3495 ἀναθεματίζουσι.
3823 3428 3922 3496 μὲν
3975 3427 4070 3478 καὶ

2484 3527 2758 3595 Ὠριγένη,
2793 3526 2885 3578 καὶ
2921 3526 3155 3594 Εὐτυχῆ,
3197 3523 3292 3574 καὶ
3323 3521 3613 3589 Διόσκορον
3633 3535 3649 3550 ⁸
3683 3520 3750 3571 τὰ.
3782 3518 3838 3569 δὲ
3860 3517 4069 3569 τούτων

2474 3622 2774 3691 βλάσφημα
2803 3619 3051 3687 δόγματα
3074 3615 3550 3687 παρακατέχουσι,
3591 3613 3689 3666 καὶ
3728 3610 3941 3671 τούτοις
3978 3625 4072 3660 πι-

2475 3728 2785 3764 στευουσιν.

2957 3845 3095 3914 Περὶ
3131 3843 3250 3898 τῶν
3297 3841 3584 3913 Ἀζύμων.

2560 3987 2648 4039 Ἐν
2673 3988 2792 4046 ταῖς
2825 3981 3164 4053 ἱερουργίαις
3189 3981 3249 4032 οὐ
3311 3980 3713 4047 προσφέρουσιν
3765 3976 3951 4044 ἄρτον,
3994 3975 4072 4037 ὡς

2475 4083 2658 4152 ήμεῐς,
2687 4077 2823 4131 ἀλλά
2861 4075 3091 4143 ἄζυμον.
3127 4071 3421 4125 Ἰουδαϊκὸν
3464 4071 3520 4122 δὲ
3558 4071 3778 4130 παντως
3830 4069 3891 4119 τὸ
3941 4070 4076 4129 ἄζυ-

2479 4191 2598 4242 μον.
2635 4169 2827 4222 Καίτοι
2850 4167 2946 4219 τοῦ
2971 4165 3276 4219 ἀποστόλου
3302 4162 3542 4223 Παύλου,
3575 4163 3667 4213 καὶ
3689 4161 3783 4212 τοῦ
3803 4158 4072 4224 Θεολὸγου

2469 4263 2777 4334 Γρηγορίου
2804 4260 3094 4328 λεγόντων,
3158 4257 3235 4311 Τὰ
3283 4256 3504 4323 ἀρχαῖα
3555 4253 3866 4322 παρῆλθεν
3893 4267 3909 4282 ·
3939 4251 4074 4302 ἰδοὺ

2467 4357 2680 4429 γέγονε
2711 4355 2782 4408 τὰ
2815 4353 3013 4406 πάντα
3039 4348 3238 4403 καινά.
3283 4350 3386 4402 Καὶ
3431 4347 3526 4399 τοῦ
3560 4345 3952 4413 Χρυσοστὸμου
3987 4343 4074 4393 λέο

2467 4467 2655 4520 γοντος
2695 4447 2824 4518 περὶ⁸
2855 4448 2956 4515 τῆς
3013 4443 3255 4502 "claci;
3283 4441 3376 4492 καὶ
3427 4441 3525 4507 τῆς
3552 4438 3718 4501 Νέας,
3751 4455 3770 4488 ‹
3815 4435 3982 4489 Ἑκεῖ
4006 4434 4072 4486 τὸ

2469 4543 2728 4612 γράμμα,
2768 4534 2882 4591 ὦδε
2913 4536 2976 4589 τὸ
3003 4534 3243 4600 πνεῦμα
3299 4549 3310 4560 ·
3355 4530 3483 4583 ἐκεῖ
3509 4531 3547 4598 ἠ
3581 4527 3859 4591 Κιεωτὸς,
3888 4521 4004 4578 ὧδε
4038 4526 4073 4591 ἡ

2467 4632 2771 4701 Παρθένος
2798 4646 2812 4659 ·
2852 4626 3221 4695 ἐκεῖρἀδος
3258 4625 3505 4692 Ἀαρὼν,
3541 4618 3659 4674 ὦδε
3696 4623 3729 4674 ό
3761 4619 4030 4684 Σταυρός
4058 4635 4072 4648 ο

2466 4725 2596 4779 ἐκεῖ
2617 4726 2688 4778 τὰ
2719 4722 2929 4790 ἄζυμα,
2958 4715 3075 4773 ὧδε
3103 4723 3134 4773 ὀ
3164 4718 3367 4786 ἄρτος.
3388 4736 3405 4767 ι
3431 4715 3579 4767 Ἀλλ’
3609 4717 3636 4767 6
3672 4715 3857 4782 ἀρτος,
3888 4712 4074 4778 φασιν,

2467 4818 2528 4870 οὑ
2562 4816 2869 4885 μετέδωκεν
2919 4815 2946 4864 6
3003 4811 3241 4881 Χριστὸς
3299 4811 3412 4870 τοῖς
3458 4807 3801 4867 ἀποστόλοις,
3864 4804 4078 4866 ἄζυμον

2467 4906 2555 4982 ἦν.
2588 4909 2760 4963 Τοῦτο
2785 4905 2892 4976 γὰρ
2923 4907 2950 4958 6
2976 4902 3277 4974 τηνικαῦτα
3313 4900 3500 4969 καιρὸς
3544 4898 3768 4967 ἀπῄτει,
3828 4901 3923 4948 καὶ
3973 4895 4070 4946 διὰ

2467 5003 2625 5057 τοῦτο
2687 5001 2781 5053 καὶ
2833 5000 2998 5069 ἡμεῖς
3038 4996 3248 5066 ἄζυμον
3306 4991 3694 5064 προσφέρομεν
3743 4993 3822 5052 εἰς
3859 4989 4082 5040 θυσίαν.

2472 5096 2616 5164 Πρὸς
2654 5095 2748 5157 οὓς
2781 5092 3162 5160 ἀντιλέγομεν,
3218 5089 3334 5149 ὅτι,
3371 5087 3419 5139 εἰ
3485 5087 3578 5138 καὶ
3635 5084 3816 5151 δῶμεν
3870 5081 4083 5148 ἄζυμον

2475 5185 2617 5242 εἶναι
2647 5186 2740 5238 τὸν
2765 5185 2933 5253 ἄρτον
2963 5183 3196 5246 ἐκεῖνον,
3220 5183 3247 5231 6
3280 5179 3378 5248 μὲν
3407 5177 3644 5245 Χριστὸς
3695 5174 3840 5227 κατὰ
3895 5191 4082 5225 στενο-

2478 5282 2687 5351 χωρίαν
2721 5277 2814 5330 τοῦ
2849 5273 3073 5345 καιροῦ,
3108 5272 3196 5326 ἴνα
3239 5273 3313 5342 μὴ
3346 5268 3698 5338 ἀπαράδοτον
3737 5265 4080 5334 καταλειφθῇ

2477 5377 2541 5430 τὸ
2573 5373 2666 5426 τοῦ
2702 5370 2892 5425 καινοῦ
2923 5369 3147 5422 δείπνου
3190 5366 3514 5435 μυστήριον,
3566 5361 3703 5433 μετά
3742 5362 3940 5431 μικρὸν
3971 5361 4083 5428 γὰρ

2482 5465 2861 5538 παραδοθῆναι
2886 5465 2998 5525 τοῖς
3039 5459 3318 5521 Ἰουδαίοις
3342 5457 3590 5527 ἔμελλεν,
3615 5453 3728 5508 οἷον
3751 5453 3922 5522 εὗρεν
3980 5453 4081 5522 ἀρα

2480 5579 2594 5625 τον,
2627 5558 2868 5611 τοιοῦτον
2899 5557 2994 5608 καὶ
3020 5553 3460 5625 μετεχειρίσατο,
3493 5548 3634 5602 ὥστε
3658 5547 3734 5618 μὴ
3792 5547 4087 5599 παντάπα-

2485 5672 2570 5707 σιν
2601 5653 2749 5723 ἡμᾶς
2777 5647 3226 5718 ἀποστερηθῆναι
3256 5648 3354 5714 τῆς
3397 5640 3732 5712 τηλικαύτης
3763 5638 4044 5708 σωτηρίας
4064 5653 4082 5670 ο

2483 5751 2529 5803 οἱ
2559 5744 2803 5819 μαθηταὶ
2829 5744 2886 5798 δὲ
2913 5743 3108 5799 τούτου
3143 5739 3238 5796 καὶ
3267 5736 3511 5808 καθεξῆς
3555 5739 3606 5793 οι
3628 5737 3740 5791 τῶν
3772 5732 4088 5804 ἐκκλησιῶν
