4420 6462
775 380 912 445 1183

2020 387 2405 452 EUTHYMlI
2445 389 2804 451 ZIGABENI

3897 399 3917 459 l
3934 400 4029 460 184

775 496 1150 561 commistum,
1204 514 1369 553 unam
1442 500 1608 554 etiam
1660 517 1763 570 per
1820 503 1926 558 hoc
1993 515 2246 558 naturam
2299 503 2355 556 in
2387 502 2427 554 A
2460 515 2520 552 πε

2299 503 2355 556 in
2387 502 2427 554 A
2460 515 2624 554 πασιν
2657 503 2869 568 ὓδατος,
2901 508 3029 574 μίαν
3062 507 3153 560 καὶ
3181 508 3269 561 διὰ
3299 509 3488 563 τούτου
3525 511 3685 576 φύσιν
3707 514 3766 564 ὲν
3795 512 3874 581 τῷ
3906 514 4025 580 Χρι-

776 584 998 643 Christo
1061 589 1389 654 indicantes,
1429 600 1483 643 et
1528 593 1843 660 producunt
1895 595 2350 664 Chrysostomum

775 677 870 742 qui
932 693 1130 745 aquam
1192 682 1434 734 vetuerit
1510 683 1562 735 in
1626 683 2001 753 Explicatione
2072 683 2351 751 Evangelii

778 768 1036 822 Matthxi.
1082 769 1188 824 Nos
1231 787 1359 826 vero
1411 773 1599 827 vinum
1640 791 1785 844 aqua
1823 785 2217 845 temperantes,
2250 776 2351 830 ad-

776 858 1150 916 ministramus
1181 873 1236 916 et
1263 865 1674 933 participamus,
1711 867 2062 923 declarantes
2089 871 2170 923 sic.
2195 868 2352 922 unio-

780 965 904 1003 nem
973 951 1206 1005 duarum
1277 957 1327 1007 in
1388 957 1609 1013 Christo
1661 968 2008 1014 naturarum.
2100 959 2352 1030 Namque

775 1039 943 1091 etiam
977 1039 1272 1110 Gregorius
1303 1044 1615 1116 Theologus
1648 1049 1782 1103 dicit
1814 1068 1832 1104 :
1858 1050 2093 1119 Sanguis
2116 1062 2172 1105 et
2211 1068 2352 1120 aqua

776 1143 899 1195 quite
931 1131 1211 1197 proﬂuunt
1253 1135 1504 1202 elatere,
1559 1138 1652 1192 ille
1702 1141 1923 1208 quidem
1980 1152 2040 1194 ut
2091 1143 2352 1204 heminis,

779 1219 894 1273 hare
925 1235 1108 1277 autem
1160 1228 1315 1294 quasi
1349 1244 1511 1296 supra
1566 1230 1870 1285 hominem.
1925 1233 2352 1303 Chrysostomus

780 1325 944 1376 porro
985 1313 1172 1367 videns
1231 1315 1523 1372 Marcionis
1562 1320 1774 1375 Pontici
1825 1323 2122 1391 discipulos
2154 1341 2350 1394 aquam

779 1401 1123 1455 solummodo
1142 1406 1336 1460 ochrre
1367 1425 1378 1458 τ
1405 1420 1690 1477 propterea
1711 1413 1854 1465 enim
1877 1413 2353 1482 llytl'rOparastata:

777 1496 1038 1561 appellati
1075 1507 1202 1550 sunt
1253 1515 1265 1549 :
1313 1500 1486 1552 vetuit
1535 1515 1733 1569 aquam
1801 1503 2018 1562 oﬂvrre.
2059 1507 2356 1572 prohibens

779 1601 887 1637 non
941 1588 1051 1640 vini
1116 1601 1171 1642 ct
1210 1605 1364 1656 aquce
1405 1591 1772 1652 oblationem,
1838 1595 1930 1646 scd
1984 1610 2138 1663 aqum
2184 1598 2355 1650 solius

774 1677 1171 1732 alhibitionem
1204 1682 1506 1735 secundum
1540 1684 1755 1736 illorum
1795 1687 2133 1753 exemplum.
2172 1687 2352 1754 Ipsum

773 1775 956 1817 autem
997 1767 1180 1818 vinum
1218 1776 1271 1820 et
1296 1784 1494 1836 aquam
1539 1781 1838 1838 temperata
1877 1784 2041 1841 atque
2074 1775 2152 1828 sic
2181 1775 2354 1827 admi-

777 1858 1012 1909 nistrata
1057 1862 1470 1928 comprobasse,
1521 1864 1828 1918 luculenter
1861 1867 2125 1928 ostendit,
2175 1869 2263 1921 ubi
2299 1870 2349 1920 in

777 1948 1150 2012 Expiicatione
1182 1950 1458 2019 Evangelii
1488 1954 1734 2022 Joannis,
1759 1958 2014 2023 Quando,
2045 1960 2241 2027 inquit,
2287 1959 2351 2011 ad

776 2045 949 2093 altare
997 2043 1212 2096 accedis
1266 2055 1323 2098 et
1381 2048 1696 2116 participas.
1729 2051 2052 2119 sanguinem
2082 2052 2285 2106 Christi
2323 2068 2354 2105 e

774 2132 988 2197 estlice,
1042 2143 1233 2201 reputa
1297 2144 1347 2188 te
1407 2151 1468 2190 os
1524 2148 1674 2191 tuum
1728 2139 1886 2192 lateri
1933 2141 2134 2194 Christi
2165 2142 2354 2194 admo-

776 2225 960 2288 visse,
1012 2233 1175 2293 atque
1230 2241 1294 2279 ex
1359 2226 1478 2296 ejus
1532 2228 1704 2284 latere
1755 2240 1808 2284 te
1862 2230 2074 2286 bibere.
2110 2232 2150 2285 E
2199 2232 2357 2287 Chri-

773 2317 841 2368 sti
883 2317 1052 2370 latere
1110 2327 1292 2371 autem
1354 2334 1465 2372 non
1522 2321 1701 2374 solum
1747 2322 1994 2391 sanguis,
2034 2324 2130 2377 sed
2182 2325 2348 2378 etiam

772 2422 912 2475 aqua
957 2409 1216 2477 proﬂuxit
1250 2414 1315 2463 ad
1367 2415 1843 2468 confirmationem
1905 2417 2138 2470 duarum
2194 2418 2246 2471 in
2289 2434 2354 2472 eo

775 2511 1120 2564 naturarum,
1173 2503 1640 2571 quemadmodum
1685 2521 1850 2575 supra
1902 2509 2159 2562 diximus.
2213 2508 2354 2563 Cali-

773 2611 892 2648 ccm
921 2605 1105 2649 autem
1147 2613 1213 2651 ex
1239 2614 1348 2667 quo
1403 2600 1660 2655 Christus
1709 2604 1970 2670 apostolis
1995 2603 2338 2671 propinavit,

770 2690 903 2742 vino
941 2699 998 2742 et
1054 2706 1192 2756 aqua
1230 2700 1595 2759 temperatum
1640 2693 1813 2746 fuisse
1873 2704 2106 2748 testatur
2139 2696 2354 2749 Domini

769 2785 940 2834 trater
975 2783 1214 2836 Jacobus
1242 2783 1526 2851 apostolus
1570 2795 1736 2852 atque
1770 2785 1988 2838 Marcus
2019 2787 2353 2854 evangelista

772 2874 827 2926 in
882 2874 1121 2944 litui'giis
1184 2876 1428 2942 ipsorum
1473 2877 1555 2927 sic
1590 2876 1839 2929 dicentes
1876 2895 1889 2930 :
1932 2875 2155 2946 Sumpta
2188 2877 2355 2930 calice

769 2976 927 3036 atque
993 2967 1110 3020 t-ino
1173 2984 1311 3034 aqua
1365 2977 1680 3033 tentperato,
1725 2970 1927 3036 gratias
1978 2985 2138 3037 agens
2172 2986 2232 3020 ac
2269 2970 2352 3022 be-

769 3060 1033 3120 nedicens,
1069 3059 1210 3110 dedit
1245 3058 1378 3121 illis,
1423 3057 1618 3120 Bibite,
1652 3059 1916 3126 inquiens,
1951 3076 2015 3113 ex
2050 3076 2108 3112 eo
2145 3076 2348 3124 omnes,

2458 589 2568 658 στῷ
2604 594 3088 661 καταγγέλλοντες,
3122 601 3214 650 καὶ
3245 599 3637 669 προϐάλλονται
3675 603 3768 652 τὸν
3822 603 4024 668 Χρυσό-

2457 698 2657 749 στομον
2678 683 2954 736 κωλύοντα
2982 687 3043 737 τὸ
3074 687 3222 756 ὕδωρ
3253 689 3309 739 ὲν
3332 693 3398 757 τῇ
3434 691 3702 759 ἑρμηνείᾳ
3744 691 3840 742 τοῦ
3894 691 4032 742 κατὰ

2454 772 2733 824 Ματθαίον
2797 775 3154 842 Εὐαγγελίου.
3221 777 3412 846 Ἡμεῖς
3459 780 3515 832 δὲ
3561 781 3655 831 τὸν
3701 777 3841 832 οἶνον
3883 780 4033 832 ὕδατι

2455 864 2768 932 κιρνῶντες,
2805 868 3200 936 ἱερουργοῦμέν
3262 887 3323 922 τε
3385 871 3482 922 καὶ
3523 871 4034 940 μεταλαμϐάνομεν,

2455 954 2809 1021 ἐμφαίνοντες
2843 959 2941 1027 τὴν
2978 960 3171 1012 ἕνωσιν
3191 960 3299 1012 τῶν
3328 962 3386 1013 ὲν
3409 961 3632 1029 Χριστῷ
3660 962 3752 1014 δύο
3797 963 4035 1030 φύσεων.

2452 1047 2589 1114 Φησὶ
2623 1049 2731 1114 γὰρ
2758 1048 2898 1101 καὶὸ
2927 1050 3183 1117 Θεολόγος
3215 1051 3535 1121 Γρηγόριος,
3566 1048 3712 1121 Αἷμα
3767 1055 3860 1106 καὶ
3892 1055 4036 1120 ὕδωρ

2452 1137 2554 1206 τῆς
2592 1139 2830 1208 πλευρᾶς
2854 1141 3133 1209 χεόμενον,
3171 1141 3233 1193 τὸ
3268 1144 3366 1210 μὲν
3393 1144 3466 1205 ὼς
3497 1144 3813 1213 ἀνθρώπου,
3865 1146 3926 1196 τὸ
3979 1145 4035 1196 δὲ

2453 1226 2528 1287 ὡς
2561 1227 2700 1295 ὑπὲρ
2732 1228 3039 1295 ἄνθρωπον.
3084 1231 3141 1282 '0
3167 1230 3223 1282 δὲ
3277 1231 3692 1298 Χρυσόστομος,
3722 1233 3864 1300 ὁρῶν
3909 1233 4037 1294 τοὺς

2456 1315 2780 1384 Μαρκίωνος
2804 1316 2897 1368 τοῦ
2934 1307 3198 1370 Ποντικοῦ
3226 1319 3472 1389 μαθητὰς
3496 1321 3644 1389 ’ύδωρ
3676 1323 3836 1389 μόνον
3869 1339 4036 1391 προσ-

2455 1406 2686 1472 άγοντας
2721 1408 2810 1473 (δι’
2837 1407 2971 1459 αὐτὸ
3001 1409 3107 1477 γὰρ
3127 1408 3285 1461 τοῦτο
3320 1411 3833 1480 ’Υδροπαραστὰται
3867 1428 4036 1478 προσ-

2455 1498 2896 1566 ωνομάσθησαν),
2935 1501 3174 1552 ἐκώλυσε
3200 1501 3260 1552 τὸ
3291 1505 3623 1571 προσφέρειν
3650 1503 3814 1571 ὕδωρ,
3848 1504 4039 1554 ἀποδοο

2457 1589 2700 1654 κιμὰσας
2733 1589 2791 1640 οὐ
2816 1589 2876 1639 τὸ
2909 1590 3206 1658 προσάγειν
3240 1587 3382 1643 οἶνον
3422 1593 3516 1644 καὶ
3572 1591 3736 1659 ὕδωρ,
3791 1594 3926 1644 ἀλλὰ
3975 1595 4037 1645 τὸ

2455 1678 2790 1748 ’προσφέρειν
2826 1679 2968 1748 ὓδωρ
3000 1681 3157 1747 μόνον
3193 1682 3332 1733 κατὰ
3366 1682 3464 1750 τὴν
3489 1682 3717 1734 ἐκείνων
3750 1685 4035 1749 ὁμοέωσιν.

2463 1771 2580 1820 Ὀτι
2608 1770 2662 1821 δὲ
2691 1771 2783 1822 τὸν
2812 1766 2951 1822 οἶνον
2982 1773 3074 1822 καὶ
3090 1772 3148 1822 τὸ
3171 1772 3313 1840 ὕδωρ
3341 1774 3646 1842 μιγνύμενα
3703 1778 3793 1826 καὶ
3824 1778 4036 1844 ἱερουρ-

2457 1861 2700 1927 γούμενα
2731 1863 3048 1932 ἀπεδέχετο,
3091 1864 3277 1929 σαφῶς
3313 1865 3584 1932 ἐδήλωσεν
3632 1868 3688 1916 ἐν
3746 1870 3810 1935 τῇ
3863 1869 4037 1936 ἑρμη-

2457 1955 2576 2023 νείᾳ
2627 1952 2722 2007 τοῦ
2781 1957 2918 2007 κατὰ
2988 1955 3239 2024 Ἰωάννην
3314 1955 3646 2022 Εὑαγγελίου
3700 1957 3893 2023 λέγων,
3957 1960 4038 2011 ὅτι

2469 2045 2663 2098 Ἠνίκα
2700 2049 2984 2119 προσέρχῃ
3012 2048 3090 2117 τῷ
3116 2049 3510 2118 θυσιαστηρίῳ,
3554 2052 3648 2103 καὶ
3689 2051 4041 2118 μεταλαμὸἁο

2457 2156 2568 2200 νεις
2592 2140 2686 2192 τοῦ
2720 2140 2951 2209 αἵματος
2973 2142 3067 2194 τοῦ
3097 2143 3334 2211 Χριστοῦ
3364 2145 3428 2194 ἐκ
3454 2142 3548 2194 τοῦ
3609 2144 3892 2213 ποτηρίου,
3948 2144 4039 2195 νό-

2459 2233 2581 2299 μιζε
2625 2233 2705 2283 ὅτι
2758 2233 2818 2284 τὸ
2873 2233 3048 2301 στόμα
3114 2252 3209 2285 σου
3269 2237 3334 2303 τῇ
3390 2236 3603 2304 πλευρᾷ
3656 2235 3752 2286 τοῦ
3802 2236 4040 2304 Χριστοῦ

2457 2322 2827 2391 προσέθηκας,
2861 2326 2954 2375 καὶ
2984 2327 3047 2376 ὲκ
3079 2325 3178 2393 τῆς
3211 2325 3458 2391 πλευρᾶς
3508 2326 3673 2378 αὑτοῦ
3711 2327 3904 2388 πίνεις.
3947 2328 4040 2378 Ἐκ

2456 2413 2511 2464 δὲ
2542 2415 2639 2480 τῆς
2669 2415 2908 2482 πλευρᾶς
2933 2417 3171 2485 Χριστοῦ
3199 2417 3295 2484 οὐχ
3331 2410 3470 2484 αἷμα
3529 2418 3709 2486 μόνον,
3750 2418 3886 2470 ἀλλὰ
3948 2419 4040 2469 καὶ

2458 2504 2604 2573 ὕδωρ
2643 2506 2871 2559 ἔϐλυσεν
2894 2509 2976 2569 εἰς
2999 2508 3265 2559 πίστωσιν
3298 2509 3406 2559 τῶν
3426 2511 3483 2560 ὲν
3516 2509 3664 2577 αὐτῷ
3689 2509 3780 2561 δύο
3802 2509 4038 2575 φύσεων,

2458 2597 2642 2659 καθὼς
2700 2600 3130 2668 προδεδήλωται.

2456 2685 2517 2742 οὗ
2545 2692 2852 2759 μετέδωκεν
2876 2693 2904 2744 ὁ
2947 2693 3182 2762 Χριστὸς
3217 2695 3330 2753 τοῖς
3361 2693 3701 2753 ἀποστόλοις,
3738 2693 4043 2760 σύ-,νκρατον

2457 2781 2522 2854 ἦν
2568 2783 2624 2850 ἐξ
2655 2787 2798 2837 οἴνου
2849 2786 2941 2837 καὶ
2975 2786 3188 2847 ὕδατος,
3226 2787 3495 2854 μαρτυρῖῖ
3519 2788 3544 2837 ὁ
3570 2785 3887 2851 ἁδελφόθεος
3938 2785 4044 2835 'ls't-

2459 2876 2630 2936 κωϐος
2656 2878 2682 2928 ὁ
2708 2877 3029 2938 ἀπόστολος,
3061 2877 3153 2928 καὶ
3187 2878 3413 2945 Μάρκος
3459 2879 3485 2928 ὁ
3540 2876 3932 2942 εὑαγγελιστὴς
3984 2877 4044 2923 ἐν

2456 2969 2576 3028 ταῖς
2603 2967 2970 3036 λειτουργίαις
2997 2967 3200 3030 αὐτῶν,
3231 2969 3483 3036 ἑκάτεροι
3541 2965 3794 3034 λέγοντες
3844 2964 4042 3030 οὕτως,

2458 3059 2561 3122 ὅτι,
2589 3059 2805 3112 Λαϐὼν
2839 3060 3149 3127 ποτήριον,
3183 3060 3283 3111 καὶ
3311 3059 3575 3126 κεράσας
3609 3059 3677 3121 ἐξ
3715 3060 3886 3111 οἴνου
3944 3059 4046 3109 καὶ

3196 2603 3318 2652 Ὀτι
3349 2601 3406 2651 δὲ
3435 2604 3529 2653 καὶ
3584 2603 3653 2653 τδ
3682 2605 3957 2670 ποτήριον,
3983 2603 4041 2662 ἐξ

769 3149 854 3199 hic
909 3156 984 3202 est
1022 3151 1239 3217 sanguis
1296 3164 1441 3200 meus
1483 3150 1574 3211 qui
1616 3163 1713 3214 pro
1763 3149 1904 3201 vobis
1958 3159 2112 3218 atque
2164 3151 2346 3203 multis
2381 3170 2423 3226 ο
2457 3149 2514 3202 {vi

2305 3153 2346 3203 is
2381 3170 2423 3226 ο
2457 3149 2673 3215 ὓδατος
2702 3151 3182 3221 εὐχαριστήσας,
3233 3151 3605 3218 εὐλογήσας,
3658 3150 3882 3202 ἔδωκεν
3931 3152 4041 3202 αὺ-

764 3239 1132 3307 profunditur.
1174 3237 1410 3293 Prorsus
1440 3241 1587 3293 enim
1623 3241 1897 3295 mendacii
1930 3257 2128 3309 expers
2151 3253 2203 3295 et
2230 3252 2347 3296 tan-

763 3347 928 3399 quam
994 3330 1140 3384 Deus
1189 3331 1484 3397 praascicns
1528 3330 1710 3399 qualis
1762 3332 2018 3400 profundi
2079 3334 2339 3399 debebat,

765 3422 929 3474 talem
961 3432 1015 3474 et
1045 3422 1337 3490 discipulis
1369 3423 1824 3476 communicavit.
1883 3426 2063 3492 Atque
2108 3428 2350 3494 synodus

768 3513 1130 3583 Carthagcnm
1163 3514 1351 3568 habita
1383 3515 1652 3579 decrevit,
1687 3525 1746 3568 ut
1781 3516 1833 3568 in
1861 3531 2019 3569 saera
2053 3532 2212 3572 caena
2265 3520 2349 3570 ni-

764 3605 838 3658 hil
873 3607 1108 3675 amplius
1141 3605 1427 3670 olIeratur,
1465 3606 1567 3659 nisi
1593 3621 1656 3659 ea
1683 3609 2056 3662 tantummodo
2102 3625 2222 3678 qua:
2251 3611 2352 3663 Do-

771 3697 952 3750 minus
993 3697 1440 3763 comnmnicavit,
1472 3697 1521 3750 id
1554 3706 1634 3752 est
1671 3698 1829 3766 panis
1860 3714 1923 3753 ac
1977 3699 2162 3753 vinum
2211 3716 2352 3770 aqua

772 3800 1161 3858 temperatum.

833 3972 1094 4028 Dominus
1130 3980 1311 4026 noster
1342 3968 1500 4025 Iesus
1547 3969 1794 4024 Christus
1831 3971 2144 4025 animalium
2189 3972 2361 4026 sacri-

762 4077 903 4133 ficiis
937 4075 1096 4128 tinem
1135 4065 1414 4135 imposuit,
1454 4079 1574 4116 cum
1604 4064 1888 4131 mysticam
1916 4064 2200 4132 discipulis
2250 4081 2360 4120 caa-

761 4184 886 4224 nam
922 4167 1088 4228 dedit,
1133 4171 1188 4214 et
1227 4158 1402 4212 dixit:
1447 4153 1562 4208 Iloc
1620 4155 1779 4222 facile
1808 4155 1862 4206 in
1914 4171 2082 4206 nteant
2135 4173 2361 4210 commc-

761 4259 1108 4313 morationem
1136 4253 1179 4313 ί,
1213 4251 1267 4305 id
1306 4259 1412 4311 est,
1465 4263 1572 4301 non
1603 4248 1910 4311 Judaicum,
1945 4249 2037 4301 sed
2069 4251 2213 4316 quod
2239 4261 2365 4302 tunc

762 4352 990 4424 "amco
1035 4347 1296 4400 traditum
1325 4340 1448 4406 fuit;
1487 4341 1732 4393 Armenii
1759 4351 1934 4392 tamen
1968 4340 2112 4392 cultu
2136 4339 2365 4395 .ludaico

759 4454 794 4503 ι,
821 4463 946 4508 νει,
988 4456 1040 4495 ct
1073 4455 1261 4508 agitus,
1305 4447 1358 4488 et
1386 4449 1516 4487 oves
1549 4433 1881 4492 sacriﬁcant,
1923 4443 1978 4485 et
2019 4433 2360 4486 victimarum

2456 3240 2577 3304 τοῖς
2605 3241 2809 3303 εἰπὼν,
2847 3243 3020 3295 [lists
3047 3241 3116 3303 ἐξ
3145 3240 3326 3294 αὐτοῦ
3378 3241 3620 3305 πάντες,
3684 3240 3861 3292 τοῦτό
3912 3241 4048 3292 ἐστι

2455 3332 2520 3384 τὸ
2549 3327 2692 3399 αἷμα
2715 3350 2834 3400 μου
2859 3333 2923 3385 τὸ
2955 3332 3108 3400 ὑπὲρ
3144 3332 3312 3400 ὑμῶν
3337 3333 3437 3384 καὶ
3490 3331 3740 3384 πολλῶν
3790 3333 4048 3398 ἐκχυνό-

2451 3443 2663 3499 μενον.
2717 3427 2942 3490 Πάντως
2971 3428 3081 3496 γὰρ
3124 3428 3198 3488 ὼς
3247 3427 3484 3495 ἀψευδὴς
3541 3432 3633 3477 καὶ
3687 3425 4043 3494 προγνιὶιστης

2455 3519 2588 3582 Θεὸς
2620 3516 2731 3572 οἷον
2754 3520 2978 3588 ἔμελλεν
3009 3519 3331 3589 ἐκχυθῆναι,
3362 3517 3607 3571 τοιούτου
3641 3519 3733 3570 καί
3766 3518 4046 3585 μετεδίδου

2457 3616 2570 3673 τοῖς
2608 3613 2900 3683 μαθηταῖς.
2938 3615 3046 3665 Καὶ
3069 3615 3102 3682 ἡ
3125 3613 3180 3665 ὲν
3213 3612 3542 3681 Καρθαγένῃ
3577 3612 3632 3663 δὲ
3686 3610 3906 3671 σύνοδος
3954 3609 4047 3662 οῦ-

2458 3707 2914 3770 τωςςὲκανόνισεν,
2944 3706 3030 3757 ἵνα
3057 3707 3115 3756 ὲν
3141 3707 3252 3766 τοῖς
3285 3703 3459 3772 ἁγίοις
3494 3703 3660 3772 μηδὲν
3683 3703 3845 3753 πλέον
3879 3719 4050 3768 προ]-

2459 3798 2659 3864 ἁγηται
2690 3797 2721 3865 ἢ
2763 3797 2920 3865 μόνα,
2953 3797 3097 3867 ἅπερ
3127 3800 3154 3850 ὁ
3186 3797 3392 3866 Κύριος
3417 3795 3728 3864 παρέδωκε,
3769 3795 4053 3847 τουτέστιν

2461 3889 2629 3957 ἄρτον
2667 3887 2762 3940 καὶ
2797 3885 2942 3940 οἶνον
2973 3887 3128 3942 ὕδατι
3173 3887 3538 3957 μεμιγμένον.

2535 3980 2643 4033 Τοῦ
2675 3981 2881 4045 Κυρίου
2915 3979 3071 4048 ήμῶν
3117 3977 3292 4046 Ἰησοῦ
3317 3975 3555 4045 Χριστοῦ
3588 3975 3684 4036 τὰς
3739 3973 4051 4038 ζωοθυσίας

2465 4070 2776 4133 παύσαντος
2798 4071 2856 4121 ἐν
2883 4067 2961 4138 τῷ
2989 4067 3312 4136 μεταδοῦναι
3349 4069 3460 4127 τοῖς
3497 4064 3770 4132 μαθηταῖς
3803 4062 3897 4114 τοῦ
3952 4080 4056 4129 μυο

2468 4164 2655 4218 στικοῦ
2684 4165 2923 4223 δείπνου,
2951 4163 3048 4214 καὶ
3078 4163 3273 4223 εἰπεῖν,
3307 4160 3490 4212 Τοῦτο
3523 4158 3752 4212 ποιεῖτε
3809 4161 3898 4220 εις
3937 4158 4056 4221 τὴν

2466 4255 2622 4323 ἐμὴν
2689 4253 3074 4321 ἀνάμνησιν,
3143 4253 3422 4304 τουτέστιν
3503 4250 3563 4302 ού
3609 4251 3670 4301 τὸ
3740 4250 4055 4312 Ἰουδλῖκῖιν,

2467 4347 2601 4398 ἀλλὰ
2632 4345 2693 4397 τὸ
2718 4344 3023 4414 τηνικαῦτα
3071 4344 3352 4414 μυστικῶς
3406 4342 3870 4411 παραδεδομένον,
3931 4343 4058 4391 τού-

2468 4440 2686 4492 ναντίον
2717 4440 2764 4490 οἱ
2810 4438 3089 4507 Ἀρμένιοι
3118 4437 3564 4505 διαπράττονται,
3601 4436 3754 4501 βόας,
3801 4433 3894 4486 καὶ
3943 4433 4041 4500 ἁμ-

757 4539 1020 4610 sanguine
1049 4535 1233 4587 limina
1264 4531 1549 4594 inungunt,
1583 4523 1776 4577 salutis
1795 4537 1945 4591 spem
1976 4523 2026 4576 iu
2059 4525 2139 4577 his
2187 4529 2359 4592 magis
2392 4518 2441 4578 Ι)
2467 4552 2502 4585 νε

2316 4529 2359 4578 ίε
2392 4518 2441 4578 Ῐ)
2467 4534 2612 4596 νοῦς,
2647 4532 2738 4584 καὶ
2774 4530 3019 4599 πρόὸατα
3043 4529 3260 4589 θύοντες
3286 4527 3428 4580 κατὰ
3468 4527 3565 4594 τὴν
3631 4526 3932 4592 Ἰουδαῖκὴν
3961 4526 4059 4577 λα-

757 4636 1112 4690 collocantes.
1155 4624 1519 4690 Quamobrem
1560 4632 1660 4671 nec
1702 4617 1752 4668 in
1791 4615 2072 4669 Paschalis
2132 4618 2365 4670 celebri-

757 4738 867 4781 tate
899 4737 1098 4788 corpus
1140 4727 1192 4771 et
1221 4713 1541 4781 sanguinem
1576 4707 1915 4763 Dominicum
1967 4718 2210 4771 sumunt,
2272 4711 2365 4763 sed

756 4833 978 4888 agntim,
1021 4826 1178 4881 quem
1223 4805 1507 4862 immolant
1567 4815 1718 4854 more
1766 4798 2020 4860 Judaico,
2081 4809 2136 4852 et.
2183 4816 2363 4853 assum

756 4911 870 4981 igni
913 4905 1229 4966 comedunt,
1280 4909 1444 4967 atque
1482 4902 1554 4949 ita
1589 4893 1916 4947 sanctiﬁcari
1952 4908 2009 4945 se
2039 4899 2279 4958 sperant,
2313 4901 2366 4945 et

756 5014 1104 5074 peceatorum
1145 4994 1360 5049 veniam
1396 4991 1666 5059 accipere.
1705 4985 1858 5050 Quod
1884 4995 2066 5039 autem
2093 4982 2361 5051 ejusmodi

753 5093 1040 5152 sacriﬁciis
1061 5093 1132 5144 sit
1155 5088 1276 5142 linis
1304 5083 1615 5153 impositus,
1639 5080 1879 5150 reperies
1910 5079 1961 5131 in
1987 5093 2049 5131 eo
2073 5076 2226 5132 titulo
2263 5078 2355 5147 qui

751 5190 1014 5246 adversus
1055 5183 1308 5236 llebrznos
1338 5178 1574 5246 scriptus
1601 5185 1705 5230 est.

755 5281 885 5337 ’ὐτι
911 5279 968 5331 δὲ
1005 5277 1115 5330 τῶν
1153 5273 1417 5326 τοιούτων
1445 5270 1651 5323 θυσιῶν
1693 5267 2019 5336 ἐπαύθησαν
2065 5267 2121 5320 αἱ
2167 5269 2561 5336 προσαγωγαὶ,
2608 5267 2851 5337 ζητήσας
2923 5263 3177 5333 εὑρήσεις
3236 5261 3293 5311 ἐν
3333 5256 3408 5327 τῷ
3433 5255 3573 5309 κατὰ
3605 5254 3714 5308 τῶν

753 5374 939 5443 τίτλῳ.

826 5469 1081 5528 Crucem,
1113 5459 1653 5532 quamvisemateria
1696 5464 1933 5520 constet,
1961 5471 2067 5510 non
2096 5456 2244 5525 prius
2276 5471 2371 5509 vc-

757 5570 1021 5619 ncrautur
1071 5563 1171 5611 aut
1197 5553 1449 5618 adorant,
1479 5567 1641 5621 quam
1659 5565 1780 5605 eam
1811 5559 2064 5620 tanquam
2096 5547 2367 5601 hominem

759 5653 1054 5713 abluerint,
1087 5657 1141 5702 ct
1180 5647 1233 5701 in
1273 5645 1386 5714 ejus
1422 5646 1600 5700 medio
1641 5644 1850 5697 clavum
1917 5641 2155 5702 ﬁxeriut,
2197 5653 2249 5694 et
2282 5657 2367 5696 sa-

758 5747 948 5803 triticii
991 5742 1258 5812 sanguine
1301 5742 1474 5810 ipsam
1507 5738 1848 5804 inunxerint,
1907 5751 2026 5790 cum
2083 5745 2264 5789 tamen
2310 5735 2362 5791 in

836 5868 851 5898 ¹
880 5867 1008 5921 Luc.
1043 5878 1176 5927 uti,
1210 5860 1292 5916 l9.

2464 4625 2678 4695 τρεὶαν.
2717 4622 2935 4682 καὶτὰς
2972 4619 3132 4688 φλιὰς
3162 4622 3277 4677 τοῖς
3309 4619 3417 4671 τῶν
3482 4619 3802 4683 τεθυμένων
3859 4618 4058 4683 αἵμασι

2467 4714 2737 4784 χρίοντες,
2777 4712 2871 4764 καὶ
2904 4711 3001 4772 τὰς
3038 4709 3261 4770 ἐλπίδας
3291 4709 3388 4777 τῆς
3434 4708 3710 4776 σωτηρίας
3770 4707 3969 4773 μᾶλλον
4000 4707 4058 4754 ἐν

2465 4807 2674 4868 τούτοις
2710 4806 2948 4875 ἔχοντες.
2982 4802 3146 4856 Ὅθεν
3179 4800 3270 4854 καὶ
3300 4803 3356 4853 ὲν
3403 4803 3467 4870 τῇ
3502 4802 3666 4869 ἑορτῇ
3719 4798 3816 4850 τοῦ
3865 4800 4060 4865 Πάσχα

2465 4901 2527 4951 οὐ
2560 4898 2653 4950 τοῦ
2689 4896 3023 4948 Δεσποτικοῦ
3081 4893 3334 4961 σώματος
3376 4893 3471 4943 καὶ
3516 4891 3748 4958 αῖμστος
3787 4889 4063 4956 μεταλαμ-

2471 4989 2749 5052 ϐάνουσιν,
2781 4988 2912 5038 ἀλλὰ
2946 4985 3040 5038 τοῦ
3073 4982 3273 5052 ἀμνοῦ,
3311 4982 3531 5043 θύοντες
3555 4980 3721 5032 αὑτὸν
3750 4976 4065 5036 ἱουδαῐκῶς,

2467 5082 2563 5135 καὶ
2589 5081 2731 5135 ὀπτὰ
2763 5079 2898 5148 πυρὶ
2931 5075 3234 5140 ποιοῦντες,
3271 5074 3363 5125 καὶ
3389 5071 3448 5135 ἐξ
3498 5070 3677 5124 αὐτῶν
3744 5065 4068 5135 ἁγιαζεσθαι

2462 5173 2831 5245 προσδοκῶσι,
2885 5170 3204 5235 καὶᾶφεσιν
3258 5165 3560 5234 λαμϐάνειν
3611 5155 4069 5230 ἁμαρτημάτων.

3799 5250 4071 5319 Ἐϐραίων

2553 5454 2657 5505 Τὸν
2688 5450 2924 5517 σταυρὸν
2981 5447 3309 5516 οἱασδήποτε
3347 5443 3481 5510 ὕλης
3534 5440 3665 5492 ὄντα
3703 5438 3763 5490 οὐ
3804 5437 4072 5506 πρότερον

2477 5545 2734 5615 τιμῶσιν,
2777 5543 2899 5595 οὐδὲ
2931 5536 3354 5610 προσκυνοῦσιν,
3384 5534 3432 5585 εἰ
3475 5531 3552 5602 μὴ
3590 5529 3916 5600 βαπτξσουσι
3947 5529 4074 5579 τοῦ-

2476 5658 2568 5692 τον
2596 5639 2670 5699 ὡς
2691 5635 2998 5706 ἄνθρωπον,
3030 5633 3123 5685 καὶ
3153 5630 3418 5699 πὴξουσιν
3444 5621 3572 5695 ἧλον
3595 5625 3651 5675 ὲν
3679 5624 3832 5691 μέσῳ
3857 5619 4074 5681 τούτου,

2476 5735 2571 5786 καὶ
2609 5731 2893 5802 χρίσουσιν
2923 5725 3086 5780 αὑτὸν
3123 5724 3319 5793 αἵματι
3353 5719 3564 5785 θυσίας,
3608 5716 3788 5770 καίτοι
3821 5714 3908 5769 διὰ
3963 5731 4074 5780 χει-
