4420 6462
411 422 548 488 1185

1277 431 1651 494 ΡΛΝΟΡῙᾸΛ
1696 433 2256 495 DOGMATICA.-
2290 436 2436 498 TIT.
2486 440 2713 499 XXIII.

3528 445 3663 509 1136

407 531 501 598 ρὸς
523 532 819 596 τυποῦντες
853 534 946 587 τὸν
995 539 1233 607 σταυρὸν
1259 542 1351 593 ἐπὶ
1392 541 1488 594 τοῦ
1543 543 1819 611 μετώπου,
1886 543 1984 594 καὶ
2012 549 2054 603 Α
2087 542 2152 594 {rt

1916 543 1984 594 :ai.
2012 549 2054 603 Α
2087 542 2261 596 froatc
2289 559 2505 598 crucem
2543 563 2704 599 manu
2747 546 3051 614 designent,
3099 551 3233 602 etin
3284 552 3566 619 baptismo,
3609 558 3661 607 οι

403 621 498 671 ἐπὶ
527 622 621 673 τοῦ
645 624 1040 693 βαπτίσματος,
1096 634 1188 681 καὶ
1223 632 1314 683 ἐπὶ
1349 634 1447 701 τῆς
1504 635 1834 702 ἱερουργίας,
1881 634 1976 685 καὶ

402 712 460 761 ὲν
493 712 674 776 ἄλλοις
706 716 939 779 πολλοῖς.
973 715 1190 786 Ἀλλ’,ὧ
1210 723 1430 787 μάταιοι
1456 725 1548 777 καὶ
1569 726 1972 792 φρενοϐλαϐεῖς,

403 800 572 868 φαίην
611 804 678 855 ἂν
702 805 839 871 πρὸς
873 808 1091 870 αὐτοὺς,
1125 813 1285 881 είττῖρ
1338 815 1364 864 ὁ
1404 814 1493 866 διὰ
1547 817 1729 883 χειρὸς
1794 816 1974 877 ἀΰὶως

400 892 742 962 τυπούμενος
775 900 1011 967 σταυρὸς
1052 902 1302 967 άγιάζειν
1345 906 1543 968 πάντα,
1579 902 1659 969 οἷς
1690 907 1975 959 ἐπιϐάλλε-

399 996 513 1045 ται,
542 983 603 1034 τὸ
635 983 778 1057 ὕδωρ
807 987 951 1056 λέγω
979 991 1072 1041 τοῦ
1108 994 1506 1065 βαπτίσματος,
1554 1001 1644 1050 καὶ
1677 999 1737 1051 es
1773 1000 1971 1064 ἔλαιον,

400 1073 578 1126 καὶτὸ
609 1078 800 1146 μύρον,
834 1083 926 1132 καὶ
956 1084 1024 1134 τὰ
1047 1085 1315 1152 πρόσωπα
1341 1087 1452 1138 τῶν
1499 1090 1803 1158 ἀνθρώπων
1866 1093 1974 1145 τῶν

401 1167 791 1231 πιστευόντων,
819 1175 910 1223 καὶ
939 1174 1030 1225 τὸν
1064 1181 1330 1240 μυστικὸν
1360 1180 1546 1248 ἄρτον,
1582 1183 1677 1234 καὶ
1722 1184 1782 1234 τὸ
1833 1187 1976 1254 ἱερὸν

402 1260 680 1324 ποτήριον,
716 1263 808 1313 καὶ¹
838 1265 1029 1324 τᾶλλα,
1061 1267 1149 1320 ἵνα
1180 1272 1254 1338 μὴ
1286 1271 1411 1322 καθ’
1437 1273 1669 1326 ἕκαστον
1730 1279 1966 1344 ἀπαριθ-

402 1347 673 1413 μούμενος
715 1354 941 1423 μηκύνω
974 1359 1066 1410 τὸν
1096 1359 1274 1426 λόγον,
1312 1364 1428 1424 πῶς
1452 1349 1594 1418 ὸθδιά
1632 1367 1732 1435 τῆς
1755 1369 1973 1439 οἱασδή-

399 1454 529 1488 ποτε
574 1441 705 1508 ὕλης
739 1449 910 1508 τύπος
949 1449 1045 1500 τοῦ
1092 1454 1346 1521 σταυροῦ,
1373 1455 1446 1516 ὡς
1473 1459 1648 1510 κοινόν
1674 1477 1726 1511 τι
1766 1463 1854 1512 καὶ
1883 1461 1975 1530 βέ-

400 1528 561 1592 6ηλον
583 1533 671 1584 διά
697 1552 754 1585 τε
780 1536 1180 1607 βαπτίσματος,
1208 1546 1301 1596 καὶ
1319 1546 1449 1613 ἦλου
1476 1551 1569 1601 καὶ
1595 1550 1826 1618 αἵματος
1851 1528 1974 1606 καθ’

400 1618 542 1681 ὑμᾶς
580 1623 904 1693 άγιάζεται;
938 1631 1059 1691 ῐΙῶς
1091 1633 1146 1684 δὲ
1172 1637 1199 1686 6
1226 1636 1317 1687 καὶ
1349 1639 1408 1689 τὸ
1451 1640 1732 1708 βάπτισμα
1753 1645 1846 1695 καὶ
1877 1645 1974 1713 τὴν

395 1710 583 1764 οὑσῗαν
604 1715 848 1780 ἁγιάζων
879 1726 1108 1792 σταυρὸς
1128 1725 1232 1779 ὑπὸ
1249 1730 1358 1780 τῶν
1384 1732 1975 1802 ἁγιαζομένωντούτων

395 1802 722 1873 ἀγιάζεται;
750 1810 963 1882 Ὠσπερ
996 1816 1101 1883 γὰρ
1134 1819 1238 1887 πρδ
1295 1821 1388 1872 τοῦ
1444 1827 1822 1895 σταυρωθῆναι
1882 1831 1974 1882 τὸν

395 1895 631 1963 Χριστὸν
661 1901 688 1950 ὁ
727 1907 961 1974 σταυρὸς
998 1909 1232 1977 ὄργανον
1262 1907 1330 1983 ἦν
1379 1915 1614 1969 Θανάτου
1658 1923 1976 1991 κατηραμέ-

394 2003 504 2048 νον,
539 1992 631 2042 καὶ
669 1994 696 2044 ὁ
724 1995 893 2058 τύπος
921 2000 1084 2053 αὐτοῦ
1114 2007 1346 2068 φευκτός
1370 2025 1427 2060 τε
1462 2010 1555 2060 καὶ
1586 2013 1977 2081 ἁποτρὸτταιοςο

393 2079 534 2130 οὕτω
565 2085 701 2150 μετὰ
727 2089 787 2138 τὸ
825 2093 1246 2162 προσηλωῡῆναι
1287 2097 1378 2150 τὸν
1411 2102 1642 2170 Χριστὸν
1671 2079 1840 2176 αὐτῷ,
1887 2111 1980 2161 καὶ

393 2175 841 2245 καταρῥανοῆναι
887 2181 1074 2234 τοῦτον
1127 2186 1203 2253 τῷ
1263 2190 1580 2260 Δεσποτικῷ
1644 2196 1833 2263 αἵματι
1889 2200 1981 2252 καὶ

395 2261 568 2324 ὕδατι,
607 2267 767 2328 αὑτός
799 2287 857 2321 τε
883 2273 1140 2342 ἡγιάσθη,
1169 2281 1258 2330 καὶ
1281 2280 1307 2330 6
1330 2281 1496 2344 τύπος
1526 2285 1689 2337 αὑτοῦ
1710 2261 1982 2358 άγιαστή-

396 2370 509 2420 ριον
534 2358 665 2407 πᾶσι
698 2362 807 2421 τοῖς
835 2365 1048 2425 πιστοῖς
1078 2368 1336 2436 κατέστη,
1363 2374 1626 2440 πρότερον
1647 2377 1743 2442 μὲν
1775 2379 1983 2446 ἀνθρὼ-

395 2461 528 2506 που;
563 2448 930 2515 ἀναιροῦντος,
961 2452 1187 2524 ὕστερον
1231 2458 1286 2510 δὲ
1317 2463 1438 2524 τοὺς
1472 2464 1749 2532 δαίμονας.
1793 2471 1853 2522 El
1889 2467 1982 2524 οὖν

392 2536 454 2587 τδ
479 2541 833 2606 πρωτότυπον
855 2546 1078 2611 γέγονεν
1114 2549 1290 2616 ἅγιον,
1324 2553 1398 2615 ὼς
1426 2555 1659 2624 εἴρηται,
1698 2563 1982 2631 προσηλω-

395 2627 583 2692 θέντος
613 2634 760 2701 αὐτῷ
792 2636 883 2688 τοῦ
918 2640 1188 2693 Δεσπότου
1207 2681 1220 2702 .
1250 2644 1434 2708 καθὼς
1456 2649 1482 2699 6
1536 2651 1701 2702 Δαεὶδ
1744 2627 1981 2719 ἐδίδαξεν

395 2721 585 2784 εἰπὼν,
614 2724 716 2778 Καὶ
754 2731 1154 2792 προσκυνεῖτε
1190 2733 1268 2796 τῷ
1303 2738 1610 2803 ὑποποδίῳ
1631 2742 1749 2793 τῶν
1781 2744 1982 2796 ποδῶν

396 2815 604 2876 αὐτοῦ,
637 2818 722 2869 ὅτι
784 2819 957 2887 ἅγιόν
998 2824 1127 2874 ἐστι
1165 2842 1178 2856 ·
1213 2826 1370 2879 τοῦτο
1408 2831 1514 2898 γὰρ
1559 2834 1652 2883 νῦν
1703 2834 1982 2904 ὠνόμασεν

396 2907 685 2960 ὑποπόδιον
707 2911 793 2962 διὰ
830 2913 888 2963 τὸ
905 2916 1290 2984 προσπαγῆναι
1321 2920 1492 2987 τούτῳ
1517 2926 1639 2987 τοὺς
1674 2944 1982 2999 προσκυνη-

392 2998 520 3061 τοὺς
547 3001 714 3053 αὐτοῦ
744 3004 939 3068 πόδας·
971 3006 1126 3074 ἅγιος
1174 3010 1280 3078 ἄρα
1320 3015 1414 3065 καὶ
1450 3017 1555 3077 πᾶς
1597 3017 1763 3080 τύπος
1794 3021 1979 3086 αὐτοῦ,

396 3090 498 3141 κᾶν
537 3092 622 3144 διὰ
646 3097 825 3164 χειρὸς
844 3097 1023 3160 acim;
1047 3103 1346 3174 τυπωοείη,
1376 3107 1480 3159 κᾶν
1517 3109 1584 3161 δι’
1627 3109 1758 3180 ’ύλης
1817 3115 1980 3178 τινός.

397 3181 616 3244 Εἱκὸνες
639 3187 748 3256 γάρ
774 3190 880 3240 είσι
902 3205 914 3216 ·
935 3189 1108 3243 ταῦτα
1134 3194 1227 3245 τοῦ
1255 3198 1640 3265 πρωτοτύπου,
1678 3206 1770 3256 καὶ
1794 3207 1982 3277 ὥσπερ

394 3275 427 3341 ἡ
451 3273 543 3325 τοῦ
577 3276 811 3343 Χριστοῦ
851 3280 1015 3333 είκὼν
1043 3283 1172 3350 ἁγία
1197 3287 1362 3349 ἐστὶν,
1393 3289 1452 3341 οὑ
1484 3290 1571 3343 διὰ
1600 3293 1699 3364 τὴν
1726 3273 1985 3361 ὑποδεξα-

396 3365 563 3434 μένην
598 3368 733 3438 αὐτῇ
765 3369 918 3439 ὓλην,
943 3373 1076 3426 ἀλλὰ
1100 3376 1186 3428 διὰ
1227 3378 1320 3430 τὸν
1368 3383 1703 3454 χαρακτῆρα
1753 3389 1848 3439 καὶ
1889 3391 1986 3458 τὴν

397 3457 608 3527 μορφὴν
637 3460 729 3512 τοῦ
764 3463 995 3530 Χριστοῦ
1026 3480 1039 3493 ’
1065 3466 1206 3519 οὕτω
1227 3471 1323 3523 καὶ⁸
1349 3471 1378 3522 6
1423 3473 1514 3526 τοῦ
1563 3478 1797 3546 σταυροῦ
1820 3480 1987 3544 τύπος

393 3549 558 3603 εἰκών
585 3554 700 3604 ἐστι
751 3556 846 3606 τοῦ
877 3560 1237 3622 πρωτοτύπου
1282 3563 1369 3615 διὰ
1413 3565 1472 3617 τὸ
1498 3568 1681 3637 σχῆμα
1734 3574 1828 3624 καὶ
1889 3575 1990 3640 τὴν

392 3639 674 3707 ὁμοίωσιν,
707 3644 801 3695 καὶ
831 3644 918 3697 διὰ
948 3647 1107 3700 τοῦτο
1139 3653 1332 3713 nemo;
1359 3654 1448 3706 καὶ
1473 3656 1672 3724 τίμιος.
1752 3660 1814 3712 'll
1879 3639 1986 3731 γάρ

392 3735 526 3801 τιμὴ
567 3733 667 3800 τῆς
699 3736 907 3798 εἰκόνος
932 3739 1026 3790 ἐπὶ
1056 3739 1114 3791 τὸ
1162 3745 1518 3811 πρωτότυπον
1571 3749 1855 3817 διαϐαίνει,
1911 3755 1990 3808 διὸ

394 3825 492 3877 καὶ
513 3825 540 3876 6
563 3824 704 3888 θεῖος
725 3826 1024 3897 Γρηγὸριος
1053 3832 1079 3883 6
1102 3832 1199 3900 τῆς
1225 3835 1483 3906 Μεγάλης
1535 3840 1825 3909 ’Λρμενίας
1882 3847 1988 3918 πρὸ

395 3916 614 3969 πάντων
643 3921 908 3988 σταυροὺς
949 3922 1195 3987 ξυλίνους
1257 3928 1314 3978 ὲν
1369 3929 1552 3991 τόποις
1598 3935 1708 3984 τισὶ
1760 3937 1985 4006 στήσας,

395 4009 612 4062 ἐκέλευε
644 4017 988 4079 προσκυνεῖν,
1015 4015 1110 4066 καὶ
1145 4019 1517 4088 καταφεύγειν
1545 4023 1639 4074 ἐπὶ
1667 4027 1886 4091 τούτους
1910 4029 1985 4093 ὡς

394 4101 758 4171 ἁγιαστήρια,
792 4106 967 4157 καίτοι
1005 4108 1077 4176 μή
1114 4126 1197 4159 πω
1227 4113 1625 4181 χειροτονηθεὶς
1668 4119 1986 4190 ἀρχιερεὺς,

397 4194 533 4262 μήτε
563 4196 673 4246 τινι
708 4195 1067 4263 βαπτίσματι,
1097 4199 1128 4268 ἢ
1153 4200 1287 4269 ἥλῳ,
1322 4202 1353 4271 ἢ
1414 4205 1606 4274 αἵματι
1644 4211 1984 4278 καοοσιώσας

394 4281 612 4342 αὐτούς.
650 4282 1057 4350 Ἐμπηγνύουσι
1091 4287 1146 4338 δὲ
1187 4289 1277 4340 τὸν
1305 4286 1434 4360 ἦλον
1481 4294 1559 4362 τῷ
1624 4299 1844 4368 στιυρῷ
1901 4305 1983 4364 el;

394 4373 563 4436 ὅνομα
597 4374 690 4425 τοῦ
722 4375 978 4443 Χριστοῦ,
1016 4377 1330 4446 δηλοῦντες,
1358 4383 1440 4434 ὅτι
1488 4379 1566 4447 εἷς
1603 4387 1704 4455 τῆς
1753 4390 1982 4459 Τριάόος

1545 4424 1566 4447 ἱ

395 4459 738 4530 ἐσταυρώθη,
774 4463 1050 4516 τουτέστιν
1101 4467 1131 4533 ἡ
1161 4465 1280 4520 θεία
1316 4469 1476 4536 φύσις
1503 4475 1688 4529 αὐτοῦ.
1743 4477 1892 4531 Ἐπεὶ
1923 4480 1979 4533 δὲ

2083 629 2133 682 in
2168 634 2453 698 sacriﬁcio,
2477 646 2530 688 ct
2553 637 2669 688 aliis
2697 638 2876 689 multis
2902 638 2953 690 in
2987 640 3164 691 rebus.
3197 640 3412 703 Verum,
3435 660 3466 695 ο
3514 648 3661 700 stulti

2078 729 2130 772 et
2161 731 2336 775 mente
2362 726 2524 792 capti,
2553 726 2630 779 sic
2659 729 2801 779 cnim
2831 742 2925 781 eos
2943 730 3188 797 alloquar
3212 769 3223 788 .
3262 733 3304 784 si
3333 749 3464 786 crux
3502 753 3662 788 manu

2081 811 2360 879 designata
2409 829 2494 868 res
2530 830 2716 870 omnes
2764 819 3064 872 sanctiﬁcat
3100 821 3295 886 quibus
3356 826 3664 891 adhibetur,

2081 907 2135 950 ιιι
2168 914 2359 969 aquam
2402 905 2672 973 liaptismi,
2697 915 2750 959 ct
2781 909 2983 971 oleum,
3012 919 3065 962 et
3094 921 3442 979 unguentum,
3471 926 3522 968 et
3550 919 3664 966 vnl-

2081 997 2166 1043 tus
2199 992 2470 1046 hominum
2508 997 2865 1064 credentium,
2900 1008 2954 1050 et
3007 1014 3196 1066 panem
3231 1004 3543 1072 mysticum,
3610 1018 3663 1060 et

2079 1095 2291 1134 sacrum
2352 1087 2690 1153 sanguinein,
2725 1099 2778 1140 et
2821 1090 3048 1157 reliqua,
3091 1105 3208 1157 qum
3263 1107 3366 1145 non
3405 1109 3666 1149 cnumcrn

2079 1170 2373 1238 sigillatim,
2403 1190 2467 1228 ne
2502 1175 2710 1246 longior
2737 1179 2864 1240 sim,
2906 1196 3002 1233 cur
3041 1185 3182 1248 apud
3218 1197 3313 1236 vos
3343 1185 3504 1253 ﬁgura
3543 1201 3669 1247 erit,

2079 1262 2158 1313 cis
2191 1277 2256 1313 ex
2297 1265 2487 1329 quavis
2528 1269 2746 1320 materia
2781 1271 3046 1330 confecta.
3076 1282 3327 1340 tanquam
3363 1291 3447 1328 res
3486 1280 3663 1344 aliqua

2079 1357 2376 1405 communis
2407 1369 2468 1407 ac
2507 1356 2755 1423 profana,
2791 1361 3065 1414 ablutione
3099 1374 3150 1415 et
3179 1366 3332 1415 clavo
3364 1376 3415 1418 et
3445 1372 3662 1432 sangui-

2081 1456 2146 1493 ne
2167 1444 2535 1499 sanctiﬁcatur
2563 1489 2576 1509 ,
2608 1461 2698 1501 aut
2722 1454 2990 1518 quomodo
3011 1467 3164 1515 crux,
3223 1470 3338 1522 qua:
3375 1467 3427 1508 et
3464 1458 3666 1524 hapti~-

2081 1546 2246 1597 mum,
2299 1545 2353 1587 et
2415 1539 2742 1591 sacriﬁcium
2795 1543 3114 1606 sanctiﬁcat,
3172 1548 3240 1598 ab
3287 1548 3492 1600 eisdem
3553 1551 3662 1617 ipsa

2078 1624 2448 1678 sanctiﬁcetur
2469 1628 2491 1679 ?
2513 1629 2975 1692 Queinodmodmn
2999 1639 3140 1685 enim
3191 1647 3478 1703 antequam
3504 1637 3666 1690 Chri-

2077 1722 2191 1767 stus
2225 1714 2274 1765 in
2312 1731 2526 1769 crucem
2564 1729 2837 1786 ageretur.
2881 1723 2993 1790 ipsa
3061 1727 3252 1778 mortis
3297 1738 3410 1778 erat
3463 1729 3663 1781 instru-

2080 1811 2320 1855 mentum
2347 1808 2694 1869 exsecrabile,
2727 1821 2780 1862 ct
2806 1812 2920 1879 ejus
2945 1812 3108 1880 ﬁgura
3144 1813 3392 1882 fugienda
3452 1832 3515 1868 ac
3570 1821 3664 1871 de-

2085 1895 2346 1954 testanda,
2398 1896 2470 1947 ita
2538 1908 2884 1964 posteaquam
2921 1902 3167 1955 Christus
3226 1906 3273 1956 ei
3316 1904 3413 1957 fuit
3447 1908 3655 1972 aﬁixus,

2083 1983 2344 2048 sanguine
2374 1994 2427 2036 et
2457 1999 2593 2052 aqua
2633 1987 2839 2040 Ilotititti
2893 1991 3220 2043 salictiﬁCaIa
3279 2008 3372 2058 per
3432 1996 3657 2059 ﬁguram

2083 2085 2234 2123 suam
2295 2078 2507 2129 cunctis
2570 2077 2816 2133 ﬁdelibus
2875 2082 3092 2137 exhibet
3162 2087 3665 2145 sanctiﬁcatiouem.

2083 2163 2260 2229 Atque
2296 2164 2364 2215 ita
2390 2182 2544 2230 crux,
2573 2184 2689 2236 qua:
2724 2173 2872 2236 prius
2915 2175 3160 2228 homines
3190 2178 3428 2239 tollebat,
3481 2190 3665 2247 postea

2085 2252 2358 2309 daemones
2389 2258 2548 2320 e,ecit
2608 2270 2770 2325 atque
2809 2264 3031 2330 expulit.
3070 2265 3123 2316 Si
3159 2266 3318 2332 igitur
3350 2270 3520 2334 prima
3578 2271 3665 2323 illa

2084 2361 2238 2412 crux,
2268 2363 2388 2416 quae
2431 2349 2528 2402 fuit
2555 2353 2850 2416 exemplar,
2893 2353 3033 2408 facta
3088 2368 3170 2411 est
3208 2371 3419 2420 sancta,
3477 2373 3533 2414 ut
3587 2364 3668 2413 di-

2083 2452 2229 2491 c.um
2251 2449 2354 2503 est,
2379 2442 2635 2509 quoniam
2658 2445 2706 2496 in
2731 2459 2793 2496 ea
2821 2446 3068 2502 conﬁxus
3100 2449 3360 2504 Dominus
3393 2455 3665 2519 pependit,

2086 2540 2142 2581 ιιι
2172 2529 2338 2581 David
2374 2532 2660 2595 ostendit,
2714 2534 2962 2599 Adornte,
3023 2540 3292 2605 inquiens,
3385 2543 3666 2595 scabellum

2083 2620 2271 2683 pedum
2327 2623 2461 2688 eius,
2499 2625 2745 2691 quoniam
2777 2637 3016 2679 sanctum
3044 2643 3119 2682 eu
3154 2629 3192 2689 ¹,
3226 2645 3343 2683 eam
3374 2634 3516 2684 enim
3570 2635 3672 2689 hnc

2086 2711 2200 2761 loco
2223 2710 2515 2762 scabellum
2556 2692 2868 2779 appellaiit,
2901 2717 3026 2782 quia
3059 2717 3219 2782 pedes
3247 2718 3413 2785 ipsius
3440 2721 3670 2772 adorau-

2085 2800 2135 2850 ιΙί
2178 2799 2230 2851 in
2262 2816 2378 2852 eam
2403 2800 2572 2854 suﬁixi
2609 2814 2756 2867 sunt;
2781 2815 2965 2857 sancta
3007 2808 3262 2858 nimirum
3301 2818 3385 2862 est
3411 2821 3464 2861 et
3494 2813 3672 2864 omnis

2085 2890 2254 2959 ﬁgura
2314 2893 2481 2957 illius,
2523 2897 2637 2946 sive
2667 2910 2850 2957 manu,
2893 2895 3006 2950 sive
3062 2901 3286 2952 materia
3336 2900 3670 2968 designetur,

2084 2983 2200 3035 sive
2232 2997 2296 3035 ex
2365 2987 2586 3037 materia
2629 2986 2806 3052 aliqua
2845 2989 3182 3040 conlicialur.
3218 2989 3341 3043 lltec
3372 2993 3513 3044 enim
3547 3003 3674 3046 sunt

2085 3072 2346 3141 imagines
2367 3076 2784 3141 exemplaris.Et
2803 3080 3250 3143 quema'lmodum
3272 3081 3450 3150 imago
3466 3081 3670 3136 Citriin

2085 3173 2273 3217 sancta
2339 3174 2466 3226 cst,
2538 3182 2643 3218 non
2705 3179 2920 3235 propter
2985 3174 3266 3221 materiam
3327 3185 3454 3239 qua
3522 3173 3670 3225 illam

2091 3254 2356 3322 suscepit,
2391 3258 2483 3308 sed
2511 3267 2731 3325 promer
2768 3258 3045 3326 exemplar
3091 3259 3425 3329 formamque
3451 3263 3673 3330 Christi,

2088 3346 2165 3399 sic
2190 3356 2242 3398 et
2281 3347 2460 3400 erucis
2500 3348 2665 3414 ﬁgura
2711 3351 2888 3413 imago
2933 3357 3017 3400 cst
3072 3350 3395 3416 exemplaris
3457 3365 3675 3420 propter

2086 3437 2317 3506 eﬂigiem
2371 3448 2425 3491 ct
2485 3439 2917 3491 similitudinem.
2975 3439 3040 3491 Et.
3104 3441 3306 3492 idcirco
3357 3444 3676 3497 venerabilis

2090 3540 2263 3584 estet
2325 3531 2578 3598 pretiosa.
2625 3530 2804 3584 Iloiior
2868 3532 3011 3584 enim
3076 3531 3288 3586 habitus
3343 3533 3584 3601 imagini,
3619 3546 3677 3588 ut

2092 3639 2323 3691 magnus
2353 3624 2427 3675 ait
2474 3622 2728 3684 Basilius,
2762 3623 2828 3676 ad
2889 3624 3170 3693 exemplar
3225 3627 3436 3679 transit.
3490 3626 3677 3694 Itaque

2092 3717 2252 3771 divus
2287 3715 2447 3770 etlam
2466 3715 2780 3781 Gregorius,
2803 3713 3005 3783 Magna:
3029 3715 3220 3783 praesul
3239 3716 3533 3783 Armeuim,
3554 3731 3676 3770 ante

2094 3808 2483 3878 omnesjussit.
2516 3822 2707 3861 cruces
2743 3807 2959 3874 ligneas
3005 3810 3325 3874 quibusdam
3371 3810 3422 3862 in
3486 3810 3615 3862 locis
3646 3825 3676 3864 a

2091 3916 2151 3956 se
2181 3900 2471 3955 collocatas
2507 3899 2745 3960 adorari,
2782 3903 2846 3949 ad
2887 3914 3086 3966 easque
3118 3910 3377 3969 tanquam
3414 3905 3480 3952 ad
3523 3916 3676 3955 sacra

2092 3994 2340 4064 profugia
2383 3993 2657 4055 concurri,
2725 3994 2886 4061 idque
2914 4008 3037 4046 cum
3085 3996 3320 4046 nondum
3360 4005 3503 4048 esset
3541 4010 3676 4062 pon-

2094 4087 2226 4141 tifex
2271 4087 2603 4148 declaratus,
2680 4100 2884 4154 caSque
2912 4101 3009 4139 nee
3044 4086 3338 4148 ablutione,
3375 4101 3472 4140 nec
3499 4087 3674 4148 clavo,

2094 4192 2195 4233 nec
2231 4178 2496 4243 sanguine
2535 4176 2837 4243 expiassct.
2880 4176 3147 4229 Caeterum
3195 4175 3314 4228 ideo
3377 4176 3584 4230 clavum
3625 4180 3677 4231 in

2092 4284 2257 4323 cruce
2293 4268 2461 4338 ﬁgunt
2498 4267 2549 4318 in
2589 4266 2794 4320 Christi
2827 4268 3062 4328 nomine,
3093 4275 3150 4318 ut
3182 4268 3473 4320 ostendant
3514 4285 3677 4321 unum

2092 4368 2296 4414 sancta:
2335 4358 2619 4413 Trinitatis
2648 4373 2772 4413 esse
2800 4358 3145 4422 cruciﬁxum,
3182 4361 3256 4416 ,ιιι
3281 4369 3386 4422 est,
3442 4361 3678 4414 divinam

2089 4452 2209 4520 ejus
2269 4461 2538 4505 naturam.
2571 4450 2757 4519 Itaque
2790 4466 2912 4505 eum
2980 4451 3158 4503 divina
3213 4449 3416 4504 Christi
3468 4465 3678 4515 natura,

395 4555 426 4621 ἡ
461 4554 549 4604 τοῦ
581 4554 818 4621 Χριστοῦ
847 4554 965 4607 Θεία
995 4557 1177 4623 φύσις,
1209 4561 1304 4612 καὶ
1336 4564 1428 4614 τοῦ
1473 4565 1707 4634 Πατρὸς,
1748 4569 1840 4622 καὶ
1888 4573 1980 4624 τοῦ
2014 4554 2058 4609 D
2089 4544 2140 4598 Pi

1932 4573 1980 4624 ,ὖ
2014 4554 2058 4609 ι)
2089 4544 2262 4598 Patris
2293 4544 2479 4604 etiam,
2514 4553 2568 4597 et
2592 4543 2764 4596 sancti
2822 4541 3057 4611 Spiritus
3099 4555 3290 4596 natura
3315 4547 3406 4607 sit,
3467 4543 3677 4601 [{atrcni

395 4645 550 4710 ἁγίου
615 4645 934 4714 ῐινεύματός
993 4648 1108 4699 ἐστι
1157 4649 1340 4715 φύσις,
1375 4657 1770 4724 συσταυροῦσιν
1815 4663 1986 4730 αὐτῷ,

394 4735 498 4786 xiv
531 4736 604 4805 μὴ
634 4737 886 4806 φανερῶς
910 4737 1242 4806 ὁμολογῶσι,
1276 4744 1368 4793 καὶ
1398 4745 1490 4796 τὸν
1523 4747 1740 4816 Πατέρα
1780 4753 1876 4802 καὶ
1929 4755 1988 4804 τὸ

394 4827 548 4893 ἅγιον
579 4828 824 4896 Πνεῦμα.
861 4830 1129 4898 Εὑρήσεις
1168 4831 1222 4881 δὲ
1254 4837 1382 4900 περὶ
1407 4836 1502 4889 τοῦ
1553 4841 1790 4909 σταυροῦ
1838 4845 1986 4896 πλα-

391 4918 616 4986 τύτερον
663 4921 720 4971 ἐν
753 4921 830 4990 τῷ
883 4922 1080 4992 ἐφεξῆς
1131 4926 1293 4995 τίτλῳ
1339 4930 1478 4980 κατὰ
1509 4930 1568 4981 τὸ
1600 4932 1913 4999 κεφάλαιον,
1943 4931 1988 5003 ᾧ

394 5009 802 5079 ἐπιγέγραπται
832 5014 968 5082 Περὶ
1001 5014 1092 5067 τοῦ
1121 5018 1384 5085 σταυροῦ.

469 5103 746 5172 Σταυροὺς
771 5108 918 5174 τρεῖς
957 5107 1202 5172 ξυλίνους
1249 5113 1600 5180 ποιήσαντες,
1651 5116 1746 5169 καὶ
1798 5117 1989 5182 συζεύ-

398 5195 584 5258 ξαντες
613 5196 863 5268 ἀλλήλοις
893 5199 1058 5267 ἁγίαν
1093 5201 1301 5272 Τριάδα
1334 5204 1560 5268 τούτους
1601 5207 1986 5276 ὀνομάζουσιν,

397 5289 457 5339 οὐ
489 5287 807 5357 φρίττοντες
849 5293 1288 5358 κατασκευάζειν
1321 5296 1537 5359 εἰκόνας
1577 5297 1676 5366 τῆς
1716 5301 1989 5369 μακαρίας

398 5381 628 5449 Τριάδος
652 5383 750 5449 τῆς
782 5384 948 5453 μόνης
972 5386 1253 5450 ἀκτίστου,
1291 5389 1384 5439 καὶ
1418 5389 1671 5458 ἀπείρου,
1711 5393 1803 5443 καὶ
1839 5393 1988 5460 ἀορί-

400 5490 550 5536 στου,
579 5475 672 5526 καὶ
701 5475 841 5538 ὅλως
873 5477 1218 5546 ἀνεννοήτου.
1253 5480 1317 5531 Αἱ
1369 5481 1477 5547 γὰρ
1522 5482 1727 5545 εἰκόνες
1776 5485 1987 5553 ὁρατῶν

398 5565 490 5616 καὶ
521 5567 954 5635 πεπερασμένων
1003 5585 1142 5621 εισιν
1187 5570 1418 5634 εἰκόνες.
1461 5573 1581 5634 Πῶς
1622 5574 1667 5626 δ’
1697 5574 1763 5626 ἄν
1801 5593 1880 5638 τις
1913 5579 1986 5628 εἰ·

397 5656 529 5708 κόνα
583 5659 1065 5725 κατασκευάσειεν,
1105 5654 1164 5713 οὗ
1225 5661 1284 5715 τὸ
1347 5665 1704 5732 πρωτὸτυπον
1754 5666 1983 5722 ἀθέατον

474 5835 490 5865 ⁸
527 5834 665 5890 l‘sal.
720 5851 907 5900 xcvm,
942 5840 996 5895 ὅ.

2088 4637 2273 4697 etiam,
2306 4644 2361 4689 et
2422 4634 2682 4702 Spiritum
2742 4649 3021 4699 sanctum,
3055 4636 3178 4689 lict-t
3238 4637 3286 4689 id
3336 4647 3521 4704 aperte
3575 4653 3680 4690 non

2089 4727 2385 4786 fateantur,
2422 4741 2526 4777 una
2560 4740 2680 4777 cum
2714 4726 2830 4791 ipso
2861 4727 3202 4791 etucnignnt.
3256 4743 3439 4777 ιιϊιιιιι
3473 4733 3535 4776 ιιιτ
3560 4744 3648 4776 ιιι-ι.

2086 4834 2147 4873 ce
2179 4821 2339 4872 latius
2359 4819 2689 4871 disseremus
2727 4817 2776 4869 in
2810 4821 3056 4885 sequenti
3087 4819 3267 4878 lilttlu,
3299 4820 3350 4870 in
3408 4836 3472 4871 eo
3506 4833 3680 4886 ιῖεσριιι

2085 4913 2228 4980 quod
2255 4911 2570 4978 inscriptum
2604 4920 2688 4962 est
2717 4909 2789 4961 De
2822 4925 2995 4962 cruce.

2158 5111 2294 5166 Tres
2321 5111 2526 5179 ligneas
2568 5112 2907 5167 constituunt
2963 5127 3175 5179 cruces,
3211 5128 3412 5184 easque
3437 5115 3576 5170 inter
3628 5128 3687 5168 se

2088 5206 2409 5276 conjunctas
2439 5206 2761 5262 Trinitatem
2804 5218 3045 5263 sanctam
3087 5208 3385 5278 appellant.
3437 5209 3544 5266 Nec
3593 5226 3688 5264 εισ-

2094 5301 2420 5353 horrescunt
2483 5299 2654 5353 beatae
2697 5299 2983 5353 Trinitatis
3043 5302 3335 5369 imaginem
3394 5302 3688 5370 conﬁcere,

2094 5405 2214 5460 quae
2260 5392 2374 5445 sola
2408 5393 2645 5447 increata
2675 5399 2779 5457 est,
2821 5402 2874 5446 et
2909 5391 3142 5456 inﬁnita,
3205 5407 3256 5448 et
3283 5393 3587 5460 indeﬁnita,
3637 5408 3692 5450 ct

2095 5498 2319 5553 prorsus
2351 5484 2646 5553 incognita.
2680 5483 2885 5538 Rerum
2943 5485 3110 5548 enim,
3155 5501 3274 5554 qua:
3336 5484 3504 5538 ﬁnita:
3544 5496 3690 5547 sunt.

2096 5577 2359 5646 imagines
2411 5577 2796 5631 conﬁciuntur.
2839 5576 3009 5646 Cujus
3059 5586 3240 5631 autem
3300 5578 3376 5632 rei
3417 5577 3694 5644 exemplar

2094 5669 2193 5723 sub
2213 5679 2496 5739 aspectum
2519 5671 2993 5740 cognitionemque
3017 5685 3240 5742 prorsus
3260 5686 3362 5725 non
3390 5670 3553 5730 cadit,
3573 5669 3696 5739 ejus
