4420 6462
746 450 880 515 H87

1977 424 2366 490 EUTHYMll
2407 416 2769 479 ZIGABENI

3880 401 4017 464 1188

744 563 820 616 rei
857 555 1126 628 quomodo
1163 555 1287 624 quis
1317 550 1605 618 imaginem
1657 542 1957 598 coiiﬁciat?
2009 541 2126 605 Quo
2174 536 2337 603 igitur
2367 538 2408 590 Α
2441 529 2489 579 ἐς

2274 548 2337 584 ιιτ
2367 538 2408 590 Α
2441 529 2556 580 ἐστι
2588 525 2899 578 παντάπασι
2935 526 3026 574 καὶ
3061 519 3470 588 ἀκατανόητον;
3518 517 3642 574 Πῶς
3678 515 3773 568 οὖν
3798 515 4015 575 τούτους

2763 614 2776 628 ο
3063 611 3247 628 ’ΝΞΟ
3501 609 3524 628 Ω
3588 610 3661 628 ,99
3710 609 4013 628 ‘,\!_-A,_-

745 651 963 702 nomine
1021 649 1118 698 hos
1160 641 1574 712 appellabimus,
1622 637 1911 704 lignorum,
1945 646 2012 682 an
2066 628 2330 681 idolorum

742 736 1032 794 cultores?
1091 735 1391 801 Utrumque
1444 730 1589 785 enim
1641 741 1842 780 nomen
1891 723 2001 776 illis
2058 716 2329 785 congruit.

746 835 918 899 Atque
942 833 1041 884 hac
1075 829 1201 882 item
1237 827 1445 880 ratione
1490 821 1806 876 cruciﬁxam
1871 818 2036 871 fuisse
2101 813 2336 866 Trinita-

743 932 851 975 tem
886 920 1236 979 conﬁtentur,
1282 929 1404 968 cum
1435 924 1546 966 tres
1575 913 1644 964 ita
1708 923 1900 963 cruces
1959 910 2232 970 coaptrnt,
2281 911 2336 954 et

741 1029 806 1066 eo
837 1013 977 1066 facto
1012 1012 1063 1062 id
1105 1009 1420 1078 pradicent.
1453 1006 1591 1071 Quid
1625 1004 1728 1056 hoc
1756 1013 1941 1054 errore
1973 996 2215 1058 stultius,
2245 1003 2338 1046 aut

744 1105 914 1172 magis
951 1103 1177 1170 impium
1211 1099 1327 1154 sit?

814 1193 995 1259 Quid?
1033 1193 1175 1259 quod
1249 1204 1371 1244 cum
1441 1199 1571 1251 tres,
1607 1194 1665 1240 ut
1729 1185 1930 1237 dictum
1969 1190 2075 1243 est,
2125 1189 2336 1238 cruces,

744 1295 1001 1349 tanquam
1037 1280 1175 1332 idola
1210 1280 1569 1342 constituant,
1593 1286 1647 1330 et
1707 1271 2075 1326 venerandum
2128 1268 2340 1320 incom-

743 1372 1023 1436 prehensa:
1064 1369 1347 1422 Trinitatis
1386 1383 1577 1419 nomen
1617 1365 1722 1418 illis
1752 1365 2051 1431 imponant,
2090 1374 2193 1410 non
2219 1371 2343 1408 eru-

752 1464 985 1514 hescuut
1044 1471 1224 1513 tamen
1291 1461 1561 1526 appellare
1601 1471 1702 1509 nos
1773 1453 2106 1514 idololatras,
2197 1448 2339 1512 quod

742 1553 962 1613 (lhristi,
996 1554 1085 1618 qui
1117 1554 1506 1604 humanitatem
1533 1546 1848 1614 assumpsit,
1879 1554 1934 1598 et
1963 1542 2134 1596 videri
2183 1554 2338 1593 com-

743 1641 1114 1710 prehendique
1179 1655 1242 1693 ac
1267 1637 1641 1693 circumscribi
1703 1635 1894 1697 voluit,
1927 1641 2184 1698 quantum
2217 1642 2342 1696 per-

745 1731 880 1780 tinet
920 1729 986 1781 ad
1020 1729 1442 1792 humanitatem,
1486 1723 2001 1793 DeiqueGenitricis
2026 1727 2080 1773 et
2130 1727 2344 1770 saneto.

745 1833 886 1880 rum,
915 1833 1144 1885 quorum
1166 1831 1396 1886 corpora
1425 1830 1529 1868 non
1555 1815 1729 1868 solum
1757 1810 2050 1878 conspicua
2083 1817 2137 1861 et
2162 1805 2338 1868 ﬁnita,

744 1923 930 1960 veruui
958 1911 1124 1961 etiam
1182 1907 1431 1960 mortalia
1478 1905 1828 1963 exstiterunt,
1881 1899 2146 1967 imagines
2204 1909 2337 1949 con-

745 1997 1010 2052 ﬁciamus.
1110 1996 1308 2050 Verum
1374 1997 1439 2049 de
1500 1995 1706 2048 sanctis
1771 1989 2096 2057 imaginibus
2156 1987 2207 2038 in
2275 1998 2341 2037 eo

744 2089 918 2152 titulo,
971 2105 1131 2156 quem
1195 2091 1458 2143 adversus
1502 2101 1692 2140 earum
1741 2091 2145 2151 oppugnatores
2207 2091 2338 2130 coo-

744 2182 1084 2246 scripsimus,
1150 2180 1315 2237 latius
1348 2179 1678 2248 disputatur.
1742 2176 1874 2230 Inde
1902 2175 2066 2244 igitur
2111 2177 2328 2240 petatur

745 2273 1010 2325 idolorum
1039 2279 1094 2325 et
1158 2272 1456 2340 imaginum
1500 2269 1838 2324 diﬁ'erentia.

823 2451 1207 2508 Armeniorum
1240 2459 1298 2503 ut
1327 2448 1628 2503 adulterina
1660 2455 1825 2514 atque
1859 2447 2022 2514 impia
2065 2445 2196 2508 ﬁdes
2238 2452 2342 2508 est,

745 2548 826 2604 sic
851 2547 1014 2600 etiam
1039 2545 1362 2612 baptismus,
1387 2554 1439 2596 et
1462 2541 1640 2595 omnis
1667 2539 1900 2593 initiatio
1926 2549 1980 2592 et
1998 2537 2343 2608 mysterium.

747 2637 885 2690 Mala
915 2635 1058 2689 enim
1082 2635 1246 2687 arbor
1277 2636 1446 2686 honos
1473 2631 1682 2686 fructus
1712 2645 1818 2683 nou
1847 2631 1950 2684 fert
1977 2631 2044 2694 “',
2073 2637 2132 2682 ut
2159 2627 2340 2682 Domi-

748 2744 849 2783 nus
879 2727 1272 2797 pronuntiavit.
1996 2707 1998 2710 ’

823 2906 878 2960 Si
911 2909 979 2959 ab
1006 2906 1283 2960 Armeniis
1332 2916 1614 2975 queratur
1654 2905 1926 2974 quodnam
1959 2905 2030 2959 sit
2054 2902 2345 2974 jejunium,

747 2998 1104 3058 Artzliurtzi,
1140 2998 1490 3065 respondent,
1526 2996 1698 3064 Sergii
1747 2997 2030 3062 cujusdam
2078 2996 2346 3056 Armenii,

748 3091 840 3158 qui
881 3088 1014 3142 illud
1050 3089 1360 3145 testimonio
1384 3103 1484 3141 suo
1517 3087 1570 3140 in
1607 3089 1844 3155 ipsorum
1879 3089 2100 3162 regione
2149 3102 2346 3156 appro-

2437 614 2993 688 προσαγορεύσομεν,
3060 611 3434 681 ξυλολὰτρας,
3495 609 3529 676 ἢ
3581 609 4017 676 εἰδοιλαλάτριςς

2437 709 2725 778 ἀμφότερα
2753 706 2859 772 γὰρ
2887 705 3064 765 αὐτοῖς
3096 701 3351 770 ἁρμόζει.
3380 699 3518 753 Καθ’
3548 701 3736 769 ἕτερον
3763 699 3823 752 δὲ
3860 699 4023 764 λόγον

2439 799 2821 868 σταυρωθῆναι
2856 797 2954 864 τὴν
2995 795 3202 863 Τριὰδα
3245 792 3699 860 καθομολογοῦσι,
3753 791 4020 858 σταυροὺς

2437 894 2588 961 τρεῖς
2640 890 2890 959 ἀλλήλοις
2943 889 3332 948 συνάπτοντες,
3385 885 3481 937 καὶ
3511 884 3580 937 δι’
3629 883 3812 952 ἔργων
3861 881 4020 933 τοῦτο

2439 981 2819 1051 κηρύττοντες.
2847 980 2913 1031 Τί
2943 980 3040 1047 τῆς
3081 976 3289 1046 πλάνης
3331 976 3534 1045 ταύτης
3575 970 3930 1044 ἀνοητότερόν
3959 987 4022 1022 τε

2441 1073 2536 1124 καὶ
2566 1071 2874 1139 ἀθεώτερον
2894 1085 2909 1132 ;

2512 1160 2653 1222 Τοὺς
2693 1161 2866 1228 τρεῖς,
2917 1159 2989 1219 ὡς
3043 1159 3282 1226 εἴρηται,
3326 1155 3593 1223 σταυροὺς
3626 1151 4025 1206 εἰδωλοποιοῦν-

2441 1270 2554 1315 τες,
2591 1253 2689 1304 καὶ
2718 1251 2780 1303 τὸ
2805 1251 3031 1319 φρικτὸν
3055 1250 3224 1318 ὖνομα
3252 1247 3349 1315 τῆς
3381 1246 3769 1314 ἁκαταλήπτου
3800 1243 4028 1309 Iasiae:

2443 1345 2652 1406 τούτοις
2683 1343 2985 1406 ἐπιθέντες,
3017 1343 3118 1394 οὐκ
3152 1340 3500 1408 αἰσχύνονται
3525 1336 4028 1406 προσαγορεύοντες

2443 1439 2593 1506 ἡμᾶς
2637 1437 2839 1506 μᾶλλον
2871 1435 3266 1503 εἰδωλολάτρας
3319 1433 3411 1485 διὰ
3443 1433 3544 1501 τὴν
3588 1431 3792 1496 σεπτὴν
3841 1429 4030 1479 εἰκόνα

2441 1528 2538 1580 τοῦ
2561 1527 3082 1596 ἐνανθρωπήσαντος
3123 1523 3297 1594 Ἰησοῦ
3327 1520 3588 1592 Χριστοῦ,
3618 1522 3714 1572 καὶ
3736 1517 4029 1587 όριθὲντος

2445 1622 2539 1673 καὶ
2571 1619 2974 1689 κρατηθέντος,
3033 1618 3128 1670 καὶ⁵
3181 1613 3600 1684 πεπερασμένου
3651 1611 3796 1663 κατὰ
3847 1609 4030 1676 σάρκα

2444 1713 2825 1781 τυγχάνοντος,
2879 1710 2959 1762 ἔτι
3003 1709 3059 1761 δὲ
3096 1709 3188 1760 καὶ
3234 1709 3324 1759 διὰ
3373 1706 3472 1776 τὴν
3523 1707 3624 1773 τῆς
3661 1703 4029 1770 Θεομήτορος,

2445 1805 2542 1856 καὶ
2578 1803 2677 1863 τὰς
2704 1803 2813 1852 τῶν
2842 1799 3033 1866 ἁγίων,
3069 1793 3150 1860 οἷς
3179 1799 3240 1849 οὐ
3271 1798 3429 1865 μόνον
3455 1797 3627 1864 όρατὰ
3684 1795 3780 1844 καὶ
3807 1791 4034 1860 περιληο

2444 1894 2572 1952 mai,
2610 1893 2746 1944 ἁ).λὰ
2783 1893 2870 1943 καὶ
2906 1890 3077 1959 θνητὰ
3108 1889 3177 1940 τὰ
3205 1887 3453 1956 σώματα.
3483 1884 3788 1954 Εἴρητκιδὲ
3821 1883 4030 1934 πλατύ-

2442 2005 2601 2054 τερον
2628 1985 2893 2054 περὶτῶν
2923 1984 3096 2049 ἁγίων
3136 1981 3362 2032 εἰκόνων
3394 1981 3450 2031 ὲν
3489 1978 3569 2046 τῷ
3605 1982 3746 2030 κατὰ
3785 1976 3894 2027 τῶν
3938 1975 4030 2026 Εἰς

2445 2080 2767 2147 κονομάχων
2821 2077 3010 2145 τίτλῳ,
3052 2077 3146 2128 καὶ
3191 2075 3429 2142 ζήτησον
3472 2072 3590 2124 ἐκεῖ
3619 2071 3720 2140 τὴν
3766 2070 4033 2138 διαφορὰν

2445 2169 2552 2222 τῶν
2584 2169 2822 2222 εἰδώλων
2854 2169 2948 2220 καὶ
2975 2167 3085 2221 τῶν
3117 2167 3367 2220 εἰκόνων.

2520 2438 2642 2492 Τῶν
2691 2436 2994 2508 Ἀρμενίων
3053 2435 3244 2504 ὥσπερ
3294 2432 3548 2502 κίϐδηλος
3603 2433 3699 2484 καὶ
3737 2428 4037 2499 θεοστυγὴς

2449 2533 2481 2600 ἠ
2517 2535 2716 2593 πίστις,
2752 2530 2896 2582 οὕτω
2947 2531 3041 2582 καὶ
3077 2529 3136 2580 τὸ
3169 2528 3452 2597 βάπτισμα
3499 2526 3727 2591 τούτων,
3764 2527 3859 2578 καὶ
3888 2527 4040 2576 πᾶσα

2447 2625 2662 2691 τελετὴ,
2700 2625 2792 2676 καὶ
2841 2623 2987 2675 ἆπαν
3026 2623 3348 2691 μυστήριον.
3399 2620 3617 2688 Σιπρὸν
3665 2620 3772 2687 γὰρ
3822 2618 4041 2686 δένδρον

2449 2721 2700 2787 καρποὺς
2738 2714 2934 2777 καλοὺς
2976 2715 3038 2766 οὗ
3086 2716 3249 2780 ποιεῖν
3297 2714 3478 2774 καθὼς
3509 2717 3537 2766 δ
3568 2714 3769 2781 Κὺρίθί
3818 2711 4038 2777 dﬂigi]-

2451 2830 2600 2864 νατο.

2536 2904 2914 2972 Ἐρωτὼμενοι
2945 2904 3076 2972 παρ’
3121 2901 3278 2971 ἡμῶν
3311 2903 3360 2952 οἰ
3405 2897 3680 2968 ’Δρμένιοι
3707 2898 3790 2959 τίς
3823 2896 3973 2948 ἐστιν
4011 2896 4039 2961 ἡ

2452 2997 2674 3068 νηστεία
2704 2996 2798 3048 τοῦ
2845 2995 3263 3066 Ἀρτζιᾶούτζη,
3288 2993 3446 3059 φασὶ,
3479 2991 3709 3058 Σεργίου
3733 2989 3877 3050 τινὸς
3919 2987 4043 3054 ‘Ap-

2455 3090 2643 3158 μενίου
2680 3092 3131 3159 μαρτυρήσαντος
3170 3091 3228 3141 ἐν
3254 3091 3320 3157 τῇ
3345 3090 3550 3138 τούτων
3577 3084 3756 3154 χώρᾳ.
3782 3083 3922 3152 Πρὸς
3948 3082 4045 3144 οἱς

746 3183 909 3236 burit.
951 3180 1060 3234 Nos
1099 3189 1276 3234 autem
1305 3180 1539 3235 dicimus
1579 3197 1592 3233 :
1626 3180 1908 3244 Quomodo
1937 3189 2171 3244 constat,
2216 3180 2342 3234 Ser-
2373 3196 2419 3258 ρ
2454 3185 2486 3251 ἡ

2300 3198 2342 3233 r-
2373 3196 2419 3258 C
2454 3185 2613 3251 ἡμεῖς
2641 3200 2654 3212 ·
2691 3183 2803 3234 Καὶ
2832 3184 2917 3245 τίς
2952 3184 2983 3249 ἡ
3023 3180 3324 3246 ἀπόδειξις,
3377 3180 3470 3233 καὶ
3531 3177 3698 3231 πόθεν
3743 3176 3921 3243 δῆλον,
3962 3177 4045 3226 δτι

745 3273 896 3342 gium
926 3273 1078 3325 illum
1112 3271 1278 3326 fuisse
1310 3270 1701 3333 orthodoxum,
1732 3272 2033 3340 praesertim
2083 3286 2205 3325 cum
2229 3287 2352 3340 pra-

745 3366 829 3419 vis
863 3366 1213 3433 opinionibus
1253 3373 1308 3418 et
1372 3364 1634 3419 institutis
1689 3365 2002 3429 abundetis,
2035 3381 2135 3420 nec
2189 3367 2350 3420 ullius

746 3459 1045 3527 pr0phetaa,
1073 3468 1166 3510 aut
1213 3456 1465 3525 apostoli,
1512 3465 1607 3510 aut
1659 3457 1935 3527 martyris,
1991 3467 2084 3510 aut
2118 3457 2347 3511 aliorum

746 3559 1062 3602 sanctorum
1141 3549 1460 3602 memoriam
1518 3551 1830 3612 celebretis,
1895 3564 1963 3602 ne
2017 3549 2348 3604 sanctis~.imi

743 3644 962 3708 quidem
991 3641 1131 3694 illius
1190 3639 1459 3709 Gregorii,
1524 3640 1617 3708 qui
1676 3641 1881 3712 Magnae
1935 3641 2033 3695 fuit
2080 3641 2353 3696 Armenia:

748 3733 1014 3802 pontifex?
1039 3732 1101 3786 At
1125 3732 1199 3785 illi
1221 3731 1378 3786 aliter
1405 3746 1464 3785 se
1482 3730 2348 3800 defendentes,Niniv:ejejunium

746 3837 866 3877 esse
895 3824 1101 3875 dicunt.
1125 3820 1231 3874 Nos
1253 3829 1434 3875 autem
1453 3819 1517 3873 ad
1544 3835 1668 3876 eos:
1698 3821 1895 3890 Ecquis
1926 3823 2080 3876 vobis
2098 3821 2349 3890 gentium

744 3915 1011 3986 jejunium
1079 3916 1247 3982 jussit
1305 3914 1621 3975 observare,
1686 3914 1839 3980 cujus
1896 3930 1999 3968 nec
2035 3926 2350 3971 sanctorum

745 4008 1116 4077 apostolorum
1166 4005 1326 4070 ullus,
1394 4020 1495 4059 nec
1566 4004 1731 4057 ullum
1783 4014 2094 4060 sanctorum
2130 4005 2348 4074 Patrum

747 4100 1036 4154 concilium
1071 4098 1397 4152 mentionem
1433 4097 1602 4151 fecit?
1652 4099 1795 4166 quod
1827 4099 2012 4151 multis
2040 4111 2164 4152 aute
2194 4107 2352 4155 annis

749 4194 870 4257 fuit,
905 4208 1067 4261 quam
1100 4192 1352 4246 Christus
1387 4191 1681 4244 humanam
1735 4205 1955 4244 carnem
1995 4203 2301 4247 assumeret
2330 4194 2354 4247 3

749 4287 902 4352 Quod
941 4291 986 4339 si
1037 4286 1350 4340 Jndmorum
1409 4285 1614 4355 jejunia
1650 4300 1678 4337 a
1739 4285 1885 4340 Mose
1940 4284 2032 4339 Dei
2097 4289 2353 4343 mandato

749 4380 1046 4433 constituta
1103 4378 1259 4431 vobis
1298 4377 1548 4445 jejunare
1576 4392 1683 4431 non
1725 4377 1872 4442 licet,
1935 4380 2110 4442 inulto
2172 4383 2353 4436 minus

743 4472 950 4541 jejunia
984 4473 1242 4540 gentium,
1275 4470 1530 4539 quaelege
1559 4482 1769 4532 carent.
1816 4469 1953 4525 Hinc
1980 4473 2146 4541 igitur
2197 4475 2352 4529 facile

2451 3275 2735 3347 ὀρθόδοξος
2769 3271 2840 3346 ἦν
2881 3276 3090 3337 ἐκεῖνος
3147 3277 3172 3326 ὁ
3218 3275 3464 3343 Σέργιος,
3528 3271 3685 3339 ὑμῶν
3738 3267 4048 3332 κακοδόξων

2451 3369 2642 3430 ὄντων,
2670 3367 2783 3422 καὶ
2816 3368 2957 3435 μήτε
2996 3367 3280 3435 προφήτου
3325 3365 3492 3425 τινδς,
3533 3363 3670 3431 μήτε
3719 3358 4046 3421 ἀποστόλου,

2455 3463 2596 3529 μήτε
2632 3460 2928 3529 μάρτυρος,
2959 3462 3099 3528 μήτε
3140 3459 3310 3518 ὁσίου,
3344 3456 3474 3525 μήθ’
3504 3457 3642 3517 ὅλως
3684 3454 3830 3516 τινὸς
3871 3455 4049 3520 ἁγίων

2457 3552 2682 3620 μνήμην
2715 3548 3108 3620 ἑορταζόντων,
3140 3549 3277 3602 ἀλλὰ.
3318 3548 3453 3616 μηδὲ⁹
3485 3546 3650 3600 αὑτοῦ
3681 3546 3776 3597 τοῦ
3810 3548 4048 3614 παμμα-

2457 3663 2621 3715 καρος
2656 3645 2958 3714 Γρηγορίου
2989 3643 3081 3696 τοῦ
3116 3644 3215 3712 τῆς
3235 3643 3495 3711 Μεγάλης
3539 3641 3831 3709 Ἀρμενίας
3861 3644 4050 3706 ἀρχιε-

2460 3736 2637 3804 ρέωςς
2676 3736 2787 3787 Καὶ
2823 3735 3288 3804 μεταϐαλλόμενοι
3323 3734 3594 3801 λέγουσιν,
3625 3735 3706 3786 ὅτι
3735 3736 3832 3803 τῆς
3856 3732 4051 3784 Νινευῖ

2456 3831 2603 3880 ἐστιν
2636 3829 2668 3897 ἠ
2715 3827 2961 3895 νηστεία.
2996 3826 3110 3879 Καὶ
3141 3825 3304 3879 πάλιν
3341 3827 3503 3895 ἡμεῖς
3536 3842 3737 3894 φαμεν,
3767 3827 3850 3878 ὅτι
3883 3825 4044 3895 Μήτε

2455 3920 2562 3971 τῶν
2587 3918 2761 3984 ἁγίων
2817 3915 3152 3978 ἀποστόλων,
3208 3918 3347 3984 μήτε
3402 3917 3622 3968 συνόδου
3662 3917 3810 3978 τινὸς
3868 3915 4046 3982 ἁγίων

2459 4011 2719 4078 Πατέρων
2752 4007 3249 4078 μνημονευσάντων
3285 4011 3478 4076 αὐτῆς,
3525 4009 3607 4070 τίς
3657 4011 3684 4061 ὁ
3733 4008 4052 4078 προστάξας

2456 4103 2742 4173 νηστεύειν
2793 4102 2936 4170 ὑμᾶς
2997 4101 3250 4170 νηστείαν
3285 4101 3455 4153 ἐθνῶν
3510 4104 3615 4167 πρὸ
3659 4101 3870 4152 πολλῶν
3912 4103 4050 4153 ἑτῶν

2456 4196 2557 4262 τῆς
2588 4193 3056 4260 ἐνανθρωπήσεως
3088 4190 3185 4243 τοῦ
3227 4189 3468 4257 Χριστοῦ
3513 4193 3927 4259 γεγενημένην;
3989 4193 4053 4244 εἰ

2455 4285 2551 4341 οῦν
2596 4287 2693 4347 τὰς
2735 4285 3038 4345 Ἱουδαῖκὰς
3087 4285 3344 4352 νηστείας
3384 4283 3482 4345 τὰς
3521 4285 3608 4336 διὰ
3643 4285 3891 4346 Μωσέως
3935 4287 4056 4353 ὀριο

2460 4385 2678 4444 σθείσας
2712 4382 2818 4435 ὑπὸ
2850 4380 2942 4433 τοῦ
2975 4379 3112 4431 Θεοῦ
3142 4379 3425 4448 νηστεύειν
3462 4377 3840 4448 ἐκωλύθημεν,
3869 4378 4055 4446 πολλῷ

2462 4475 2662 4545 μᾶλλον
2692 4475 2792 4536 τὰς
2822 4473 2930 4524 τῶν
2977 4471 3200 4540 ἀνόμων
3237 4469 3429 4522 ἐθνῶν.
3464 4469 3621 4521 Οὕτω
3669 4471 3726 4521 δὲ
3761 4470 4052 4538 προδήλιις

746 4539 950 4620 escliisi
983 4539 1047 4618 eo
1073 4564 1414 4634 confugiunt,
1448 4574 1506 4617 ut
1535 4564 1739 4629 dicant,
1769 4565 1896 4618 illud
1933 4539 2052 4619 esse
2075 4566 2345 4636 jejunium
2383 4539 2427 4594 θ

2314 4589 2345 4622 ιι
2383 4539 2804 4636 1)ιξλεγχόμενοι
2855 4563 3020 4616 πάλιν
3088 4539 3506 4630 νάποκρίνοιρτιι,
3559 4561 3886 4627 φάσκυνες,
3947 4565 4053 4630 τὴν

745 4656 940 4718 Adam,
979 4657 1124 4721 quod
1161 4656 1269 4721 egit
1306 4669 1430 4707 cum
1481 4671 1509 4706 e
1546 4657 1800 4722 paradiso
1838 4654 1938 4706 fuit
1967 4655 2194 4722 eiectus.
2242 4659 2353 4714 Nos

749 4755 927 4796 autem
968 4746 1033 4796 ad
1067 4744 1376 4798 haec:Cum
1415 4737 1592 4798 Moses
1655 4747 1706 4803 in
1743 4746 1926 4798 mundi
1961 4750 2353 4813 procreationis

746 4836 1116 4903 descriptione
1145 4836 1346 4890 nullam
1382 4837 1608 4891 omnino
1641 4836 1709 4891 de
1744 4837 1858 4892 isto
1886 4839 2095 4906 jejunio
2121 4846 2352 4898 mentio~

750 4943 872 4981 nem
906 4928 1116 4993 fecerit,
1146 4929 1420 4996 quomodo
1447 4928 1673 4994 potestis
1701 4929 1882 4982 dicere
1939 4947 2061 4987 esse
2082 4934 2350 5001 jejunium

749 5023 919 5074 Adam
952 5021 974 5073 ?
999 5022 1135 5073 Tum
1168 5020 1244 5073 illi
1273 5019 1382 5072 alio
1408 5033 1466 5071 se
1493 5018 1806 5080 conferunt,
1830 5030 1880 5074 et
1906 5025 2178 5079 Armenia:
2209 5027 2355 5097 Mag-

751 5129 832 5165 na:
862 5111 1133 5183 jejunium
1168 5125 1288 5165 esse
1316 5119 1595 5171 asserunt,
1634 5109 1778 5178 quod
1810 5111 2129 5178 jejunabant
2162 5119 2357 5174 Anne.

749 5205 846 5268 nii,
887 5219 1010 5257 eum
1045 5219 1072 5255 a
1098 5219 1294 5272 magno
1325 5201 1588 5268 Gregorio
1634 5215 1817 5257 essent
1855 5205 2189 5274 baptizandi.
2257 5212 2360 5265 Ve-

748 5313 868 5349 rum
925 5298 1012 5349 hic
1072 5309 1292 5363 quoque
1363 5295 1704 5349 mendacium
1764 5312 1951 5352 eorum
2018 5303 2356 5371 coarguitur.

748 5387 882 5440 Cum
918 5387 1066 5439 enim
1101 5401 1129 5438 a
1158 5383 1500 5439 denionibus
1546 5393 1671 5438 ante
1721 5386 2049 5456 baptismum
2089 5394 2358 5460 agitaretu-

752 5488 859 5542 tur,
885 5480 1243 5532 decreverunt
1263 5477 1516 5546 jejunare
1549 5481 1828 5547 sexaginta
1852 5481 2210 5540 dies.l)ein:le
2232 5504 2352 5540 Clllll

749 5581 897 5624 esset
928 5584 1024 5624 eos
1053 5569 1453 5644 baptizaturus,
1482 5570 1704 5640 triginta
1721 5573 1931 5628 dierum
1953 5574 2222 5646 jejunium
2246 5580 2354 5634 illis

750 5662 1101 5731 prmscripsit,
1138 5674 1196 5716 ut
1228 5663 1282 5716 in
1321 5662 1454 5733 ipsis
1499 5679 1719 5734 quoque
1756 5665 2145 5736 Armeniorum
2203 5673 2356 5729 libris

821 5824 1058 5881 ’Matth.
1089 5840 1184 5888 VII,
1215 5825 1300 5878 l8.

2453 4657 2549 4711 τοῦ
2603 4656 2775 4723 Ἀδὰμ
2819 4653 3075 4723 νηστείαν
3101 4645 3240 4704 εἶναι
3276 4653 3507 4722 ταύτην,
3539 4653 3626 4704 ὅτε
3660 4653 3758 4719 τῆς
3798 4655 3891 4705 τοῦ
3938 4672 4054 4704 πα-

2454 4749 2710 4821 ραδείσου
2742 4747 2955 4819 τρυφῆς
2997 4745 3251 4810 ἐξέπεσε.
3284 4744 3395 4797 Καὶ
3444 4743 3602 4805 αὖθις
3643 4745 3807 4812 ἡμεῖς
3842 4763 4051 4814 φαμεν,

2452 4841 2536 4892 ὅτι
2597 4840 2734 4908 Περὶ
2765 4837 2866 4906 τῆς
2912 4835 3307 4903 κοσμτιγενείας
3355 4835 3449 4886 καὶ
3499 4835 3718 4893 πάντων
3766 4835 3876 4887 τῶν
3908 4837 4057 4890 κατὰ

2454 4935 2547 4984 τὸν
2590 4930 2768 5000 ’Δδὰμ
2813 4931 2842 4981 ὁ
2883 4928 3126 4996 Μωῦοῆς
3160 4927 3641 4995 συγγραψάμενος,
3684 4927 3838 4982 οὐδὲν
3897 4929 4058 4980 οὐδα-

2459 5025 2559 5095 μοῦ
2592 5023 2852 5093 περὶτῆς
2883 5021 3136 5090 νηστείας
3178 5020 3384 5089 ταύτης
3431 5019 3684 5088 ἐνέφηνε.
3733 5022 3846 5075 Καὶ
3888 5025 4060 5076 πόθεν

2456 5119 2611 5188 ἔχετε
2655 5117 2835 5182 λεγειν
2862 5113 2961 5166 τοῦ
3012 5112 3188 5182 ’Λδὰμ
3223 5105 3364 5163 εἶναι
3414 5114 3653 5181 ταύτην;
3690 5113 3923 5167 Ἔπειτα
3958 5135 4060 5183 με-

2457 5210 2810 5264 ταϐαίνουσιν
2839 5207 2925 5275 ἐφ’
2960 5206 3177 5276 ἕτερον,
3202 5206 3285 5258 ὅτι
3323 5205 3422 5274 τῆς
3447 5205 3711 5273 Μεγάλης
3753 5208 4056 5278 Ἀρμενίας

2462 5308 2496 5375 ἡ
2528 5304 2754 5374 νηστεία
2787 5300 2929 5369 αῦτη
2970 5303 3145 5363 ἐστὶν,
3197 5301 3266 5371 ἣν
3312 5301 3647 5368 ἑνήστευσαν
3679 5302 3727 5353 οἱ
3773 5302 4058 5372 Ἀρμένιοι

2462 5397 2827 5468 βαπτισθῆναι
2858 5394 3145 5464 μέλλοντες
3179 5394 3285 5453 ὑπὸ
3317 5393 3410 5445 τοῦ
3448 5395 3688 5463 μεγάλου
3723 5396 3762 5447 Γ
3769 5399 4055 5467 ρηγορίου.

2472 5491 2816 5561 Ἐλέγχονται
2862 5488 2921 5547 δὲ
2961 5486 3243 5542 κάνταῦθα
3285 5486 3634 5558 ψευδόμενοι.
3672 5489 4059 5557 Ἐλαυνόμενοι

2459 5587 2568 5655 γὰρ
2607 5583 2715 5642 ὑπὸ
2762 5582 2872 5635 τῶν
2917 5581 3191 5651 δαιμόνων
3249 5581 3355 5650 πρὸ
3389 5580 3482 5634 τοῦ
3517 5581 3892 5652 βαπτίσματος
3917 5583 4057 5652 ὼρί-

2467 5683 2676 5752 σθησαν
2739 5677 2953 5748 ἡμέρας
3001 5676 3270 5744 ἑξήκοντα
3343 5675 3672 5745 νηστεῦσαιο
3723 5677 3954 5746 ὕστερον
3998 5678 4056 5730 δὲ
