4420 6462
372 405 508 470 1189

1304 405 1683 465 PANOPLIA
1730 401 2189 464 DOGMATICA.
2236 429 2302 441 -
2341 404 2490 467 TlT.
2531 403 2741 462 XXIV.

3501 401 3640 461 H90

371 520 583 589 μέλλων
649 517 845 580 αὐτοὺς
909 518 1172 587 βαπτίσει
1241 517 1717 587 τριακονθήμερον
1773 517 1955 577 αὐτοῖς
1989 523 2030 576 Α
2066 532 2114 566 tn

1899 519 1955 577 ,ῖς
1989 523 2030 576 Α
2066 515 2339 569 memoria:
2397 517 2666 583 proditum
2721 524 2825 566 est.
2865 510 3125 564 Neutrum
3176 519 3354 563 autem
3416 510 3644 568 istorum

367 608 603 672 ἐπέταξε
632 610 910 677 νηστείαν,
949 611 1025 671 ὡς
1055 612 1159 661 κὰν
1185 611 1302 671 ταῖς
1349 609 1703 678 Ἀρμενικαίς
1747 609 1947 672 ἀναγέ-

366 716 610 768 γραπται
646 700 871 768 βίϐλοις,
907 701 1001 752 καὶ
1032 699 1260 768 οὐδεμία
1293 698 1501 751 τούτων
1543 700 1695 768 ήτοῦ
1736 698 1949 768 Ἀρτζι-

368 790 608 860 δούρτζη
661 792 830 843 ἐστίν.
878 792 1338 858 Ἀνατρεπόμενοι
1400 792 1456 842 δὲ
1509 790 1804 843 κάντεῦθεν
1857 790 1948 842 τοῦ

373 882 616 950 μεγάλου
651 882 1070 934 Κωνσταντίνου
1100 883 1304 948 ταύτην
1342 879 1480 935 εἷναί
1510 899 1694 948 φασιν,
1727 885 1792 951 ἦν
1823 882 1950 950 ὲνή-

371 988 564 1024 στευσε
600 972 963 1041 βαπτισθῆναι
1025 973 1257 1042 μέλλων.
1307 975 1416 1025 Καὶ
1468 973 1626 1025 τοῦτο
1672 974 1726 1025 δὲ
1775 974 1950 1044 πάντη

370 1062 589 1129 ψευδές.
625 1062 693 1113 Τί
741 1064 851 1130 γὰρ
886 1063 1019 1131 πρὸς
1050 1063 1182 1130 ὃλην
1223 1062 1321 1131 τὴν
1369 1064 1694 1132 οἰκουμένην
1726 1066 1759 1132 ἡ
1799 1063 1952 1133 βασι-

373 1153 510 1215 λέως
547 1153 666 1216 ἑνὸς
703 1153 961 1220 νηστείας
996 1153 1120 1215 Πῶς
1147 1154 1202 1204 δὲ
1235 1156 1328 1205 καὶ
1361 1153 1538 1212 οὐδεὶς
1565 1155 1672 1206 τῶν
1704 1157 1841 1222 μετὰ
1864 1155 1955 1208 τὸν

374 1245 570 1311 Μέγαν
613 1243 1017 1297 Κωνσταντίνον
1072 1245 1104 1314 ἢ
1159 1246 1456 1311 συνόδωνῆ
1496 1247 1757 1314 Πατέρων
1798 1246 1958 1308 ἄλλος

381 1323 548 1401 ἁγίων
582 1336 772 1402 μνείαν
809 1335 978 1403 αὐτῆς
1007 1335 1339 1402 ἐποιήσατο;
1377 1332 1580 1386 Τοῦτον
1617 1335 1672 1386 δὲ
1711 1335 1802 1386 τον
1832 1337 1958 1404 τρό-

379 1443 480 1476 πον
507 1425 696 1478 ἄλλοτε
738 1424 872 1476 ἄλλα
906 1425 1178 1490 λέγοντες,
1233 1428 1329 1476 καὶ
1370 1427 1647 1492 πανταχοῦ
1703 1443 1957 1496 περιτρερ

378 1517 629 1585 πόμενοι,
694 1517 788 1568 καὶ
845 1515 1042 1582 στῆναι
1108 1515 1336 1583 βεϐαίως
1385 1517 1446 1567 οὐ
1495 1517 1955 1585 συγχωρούμενοι,

374 1607 615 1659 διδόασιν
637 1607 772 1674 ἡμῖν
798 1606 1018 1667 ἐννοεῖν,
1038 1606 1118 1656 ὅτι
1149 1603 1377 1671 βδελυρά
1405 1605 1486 1666 τίς
1509 1606 1709 1674 ἐστινὴ
1734 1607 1955 1676 τοιαύτη

376 1696 603 1763 νηστεία
657 1697 753 1746 καὶ
797 1695 999 1756 ἀναξία
1031 1688 1424 1765 Χριστιανικῆς
1476 1701 1666 1768 ἀκοῆς.
1725 1697 1868 1764 Ἐγὼ
1901 1701 1957 1751 δὲ

374 1785 617 1839 τοιοῦτόν
665 1804 718 1839 τι
765 1792 893 1857 περὶ
925 1789 1132 1857 ταύτης
1179 1790 1420 1857 ἀκήκοα,
1473 1789 1556 1842 ὅτι
1608 1791 1830 1860 Σέργιός
1875 1809 1959 1853 τις

371 1877 692 1938 διδάσκαλος
709 1877 809 1944 τῆς
847 1876 1183 1944 Ἀρμενικῆς
1213 1877 1478 1945 αἱρέσεως
1497 1878 1809 1946 γενόμενος,
1841 1875 1954 1947 εἶχε

377 1967 516 2019 κύνα
546 1967 886 2037 καλούμενον
925 1965 1102 2028 οὕτως
1161 1963 1628 2036 Ἀρτζιὸούρτζην
1661 1984 1675 1997 ·
1715 1968 1867 2038 δηλοῖ
1902 1969 1957 2021 δὲ

375 2060 408 2126 ὴ
444 2057 590 2122 λέξις
620 2059 710 2110 τὸν
767 2058 1194 2127 Προμιτατωρα.
1231 2058 1420 2126 Τούτῳ
1472 2062 1686 2128 μηνυτῇ
1737 2061 1830 2110 καὶ
1863 2077 1958 2127 ση-

380 2153 610 2219 μάντορι
660 2150 759 2220 τῆς
804 2149 1099 2219 ἐπιδημίας
1150 2149 1315 2201 αὑτοῦ
1369 2150 1632 2213 πολλάκις
1663 2155 1689 2203 6
1732 2151 1957 2220 Σέργιος

372 2242 644 2311 ἐκέχρητο
690 2243 845 2312 παρὰ
877 2242 1132 2310 δαίμονος
1163 2241 1565 2311 ἐνεργουμένῳ,
1599 2244 1814 2312 μέλλων
1838 2246 1961 2297 ἐπι·

371 2331 620 2403 δημῆσαί
655 2350 761 2385 τινι
795 2333 906 2386 τῶν
939 2331 1268 2401 πολυχνίων,
1306 2333 1336 2402 ἢ
1384 2333 1610 2400 κωμῶν,
1665 2335 1695 2404 ἢ
1741 2336 1960 2405 χωρίων

373 2426 430 2476 ἐν
463 2420 546 2488 οἷς
597 2425 776 2495 ᾤκουν
830 2427 878 2478 ot
940 2425 1184 2494 μαθηταὶ
1219 2424 1314 2476 καὶ
1370 2427 1590 2494 μέτοχοι
1644 2427 1742 2496 τῆς
1779 2428 1958 2498 λύμης

374 2516 565 2570 αὐτοῦ,
621 2517 733 2570 Καὶ
766 2517 857 2569 ὅτε
910 2517 1004 2568 τὸν
1051 2516 1188 2569 κύνα
1240 2516 1433 2568 τοῦτον
1475 2515 1638 2583 εἶδον,
1682 2520 1962 2590 ἐξεχέοντο

379 2611 516 2677 μετὰ
555 2608 685 2677 μίαν
716 2608 928 2677 ἡμέραν
959 2607 1064 2677 πρὸ
1097 2608 1296 2674 μιλίιιν
1336 2609 1500 2662 τινῶν
1544 2613 1621 2673 είς
1654 2612 1961 2684 ἀπάντησ.ν

374 2701 470 2753 τοῦ
498 2700 846 2754 διδασκάλου.
901 2701 1038 2752 Ποτὲ
1089 2701 1148 2753 δὲ
1198 2703 1334 2772 πρὸς
1385 2704 1481 2773 τὴν
1519 2706 1726 2774 συνήθη
1757 2709 1960 2777 ταύτην

377 2792 725 2863 λειτουργίαν
749 2795 778 2845 6
802 2792 954 2844 κύων
990 2792 1332 2861 ἐκπεμφθεὶς
1364 2794 1468 2847 ὑπὸ
1501 2796 1682 2849 λύκων
1717 2797 1959 2869 ἐϐρώθη,

377 2884 473 2935 καὶ
518 2884 658 2952 μετά
702 2882 803 2950 τὴν
832 2881 1094 2934 ἐπιοῦσαν
1140 2885 1360 2952 ἡμέραν
1399 2885 1646 2939 ὲὸἀδισεν
1680 2890 1708 2940 6
1740 2891 1962 2960 Σέργιος

376 2973 464 3043 ἐφ’
503 2973 596 3037 οὓς
646 2974 940 3026 ἀπέστειλε
973 2975 1064 3024 τὸν
1100 2974 1258 3028 κύνα.
1309 2976 1557 3044 Μηδενὸς
1605 2979 1662 3031 δὲ
1699 2984 1842 3034 κατά
1873 2984 1964 3034 τὸν

377 3066 552 3119 τύπον
597 3067 1150 3136 προϋπαντήσαντος,
1180 3066 1592 3138 ἐδεινοπὰθησε,
1641 3073 1733 3123 καὶ
1770 3075 1962 3146 ἐπιδη-

2047 609 2380 676 jejuniorum
2415 605 2740 659 Artziburtzi
2771 613 3022 656 vocatum
3054 610 3158 654 est.
3222 601 3358 655 lline
3386 602 3512 654 item
3551 601 3648 652 dc-

2056 696 2192 764 pulsi
2222 695 2410 749 dicunt
2462 710 2580 748 esse
2629 694 2893 762 jejunium
2950 689 3314 754 Constantini,
3377 690 3516 756 quod
3559 687 3649 741 ille

2053 787 2286 841 servavit
2315 802 2434 840 cum
2495 795 2638 840 esset
2669 785 2992 852 baptismum
3042 793 3414 850 suscrpturus.
3453 779 3512 832 Et
3545 781 3649 833 hoc

2056 879 2214 946 plane
2245 878 2438 931 falsum
2468 887 2586 930 est:
2618 876 2747 945 quid
2778 875 2921 928 rnim
2951 875 3110 927 unius
3139 874 3487 941 imperatoris
3510 871 3648 939 jeju-

2059 972 2203 1022 nium
2236 971 2470 1038 pertinet
2503 971 2567 1021 ad
2600 968 2907 1022 universam
2959 965 3257 1021 Ecclesiam
3288 963 3311 1015 ’ί
3375 965 3644 1018 Prmtcrea

2058 1065 2100 1116 si
2124 1064 2193 1116 ita
2227 1077 2313 1116 res
2345 1072 2449 1127 cst,
2479 1077 2577 1115 cur
2606 1060 2765 1128 hujus
2787 1058 2978 1126 jejuuii
3005 1073 3105 1110 nec
3137 1057 3304 1110 ullum
3335 1055 3510 1110 contil
3536 1071 3647 1120 um,

2058 1170 2158 1208 nec
2209 1163 2521 1208 sanctorum
2559 1154 2778 1207 Patrum
2809 1149 3073 1220 quispiam
3110 1150 3435 1203 mentionem
3481 1149 3650 1202 fecit?

2058 1247 2191 1301 Cum
2224 1246 2387 1314 igitur
2415 1247 2485 1299 ita
2524 1260 2581 1298 se
2612 1252 2818 1313 gerant,
2846 1251 2898 1296 et
2941 1242 3100 1295 mt-do
3136 1242 3259 1304 huc,
3301 1240 3461 1294 modo
3526 1241 3653 1293 ill..e

2059 1354 2179 1392 sese
2206 1347 2550 1400 convertant,
2593 1351 2691 1389 nec
2727 1336 3028 1388 consistere
3067 1334 3296 1395 valeant,
3338 1331 3514 1384 facere
3540 1347 3572 1384 n
3598 1349 3647 1384 ιιι

2061 1447 2372 1500 possumus,
2407 1430 2533 1497 quin
2568 1429 2906 1496 suspicemur
2945 1427 3208 1494 jejunium
3270 1426 3412 1477 istud
3487 1438 3648 1476 exse-

2061 1522 2321 1573 crandum
2355 1534 2478 1572 esse
2509 1528 2562 1571 et
2590 1517 2918 1571 Christianis
2949 1516 3169 1568 auribus
3214 1515 3467 1583 indignun
3491 1546 3515 1569 .
3545 1515 3654 1580 l"go

2062 1619 2240 1663 autem
2265 1609 2345 1662 sic
2375 1610 2439 1661 de
2476 1608 2566 1661 illo
2598 1607 2805 1675 accepi,
2839 1605 3009 1660 fuisse
3042 1606 3290 1672 Sergium
3341 1607 3650 1672 quemdam,

2061 1702 2362 1756 Διειτεηίοω
2395 1700 2618 1753 hmresis
2645 1699 2945 1758 doctorem,
2978 1696 3067 1766 qui
3119 1710 3240 1749 cum
3303 1695 3526 1748 haberet
3558 1710 3653 1747 ca-

2066 1811 2210 1859 nem,
2259 1795 2342 1846 cui
2381 1807 2572 1846 nomen
2608 1792 2708 1843 hoc
2738 1789 3066 1842 Artziburtzi
3099 1788 3470 1854 imposuisset,
3525 1800 3649 1838 eum

2062 1901 2092 1940 a
2127 1886 2369 1938 daemone
2431 1893 2637 1937 rectum
2685 1881 2894 1934 itineris
2923 1879 3006 1934 sui
3051 1879 3242 1932 ducem
3274 1888 3328 1932 et
3397 1887 3654 1944 tanquam

2064 1976 2434 2033 consiliatium
2458 1976 2715 2039 habebat,
2768 1974 2984 2043 quoties
3026 1974 3092 2026 ad
3121 1973 3403 2041 oppidum,
3441 1980 3533 2024 aut
3564 1987 3660 2038 pa-

2061 2087 2208 2138 gum,
2246 2079 2337 2122 aut
2373 2068 2558 2122 urbem
2594 2067 2826 2135 aliquam
2874 2074 2994 2121 erat
3023 2065 3386 2135 profecturus.
3423 2066 3474 2115 in
3531 2066 3656 2131 qui-

2062 2165 2163 2218 bus
2199 2162 2458 2217 doctrina:
2487 2176 2596 2215 suae
2647 2160 2918 2228 pestifera:
2945 2157 3194 2228 discipuli
3244 2158 3577 2224 habitabant,
3605 2168 3662 2211 et

2063 2274 2184 2312 rutn
2224 2257 2371 2309 ἰΙΙιιιιι
2406 2271 2594 2309 canem
2631 2253 2956 2322 aSpicerent,
2999 2260 3118 2320 post
3148 2250 3286 2304 diem
3334 2264 3500 2303 unum
3564 2250 3662 2303 ali-

2063 2359 2192 2421 qmt
2211 2349 2465 2418 passuum
2491 2346 2722 2400 millibus
2745 2345 2958 2398 obviam
2984 2343 3242 2412 magistro
3266 2342 3652 2412 procedi-baut.

2067 2439 2267 2495 Verum
2303 2453 2423 2491 cum
2459 2436 2748 2506 aliquando
2777 2435 2841 2487 ad
2881 2434 3006 2486 illud
3040 2449 3234 2486 munus
3280 2434 3434 2487 cauis
3476 2433 3665 2486 mitte-

2067 2545 2239 2597 retur,
2279 2548 2304 2584 a
2336 2531 2474 2598 lupis
2504 2530 2796 2584 devoratus
2826 2539 2948 2592 est;
3011 2526 3272 2596 postridie
3329 2535 3505 2578 autem
3538 2540 3658 2578 cum

2066 2629 2131 2680 ad
2166 2640 2258 2680 eos
2289 2622 2512 2690 Sergius
2533 2621 2997 2690 proﬁcisceretur,
3023 2618 3087 2668 ad
3122 2631 3259 2685 quos
3289 2631 3475 2670 canem
3498 2619 3661 2668 misc-

2069 2728 2171 2781 rat,
2203 2726 2257 2770 et
2290 2730 2446 2767 nemo
2496 2714 2560 2766 de
2601 2726 2751 2764 more
2787 2711 2995 2763 veniret
3050 2708 3287 2770 obviam,
3357 2708 3665 2774 indignatus

2066 2821 2168 2872 est,
2205 2821 2434 2876 cumque
2469 2807 2533 2858 ad
2586 2805 2707 2858 illos
2763 2803 3123 2870 pervenisset,
3174 2799 3663 2868 illlelchiSSt‘lqu",

2067 2917 2254 2958 canem
2290 2911 2685 2970 pratcursorem
2735 2911 2892 2948 suum
2946 2894 3011 2947 ad
3057 2907 3152 2947 eos
3178 2908 3286 2946 non
3342 2894 3606 2946 accessiss
3645 2928 3664 2958 ,

2069 2995 2237 3058 misit,
2272 2991 2361 3060 qui
2422 2990 2569 3044 illum
2604 2994 2931 3055 quatrerent,
2986 2984 3077 3038 sed
3131 2998 3252 3037 cmn
3313 2998 3378 3036 ex
3446 2984 3663 3036 ossibus

2071 3085 2303 3141 inventis
2337 3081 2668 3152 agnovisset,
2695 3093 2818 3131 cum
2851 3092 2878 3129 a
2943 3076 3081 3144 lupfs
3113 3075 3279 3127 fuisse
3320 3074 3664 3140 dilaniatum,

380 3161 565 3228 μήσας
593 3162 796 3224 αὐτοῖς,
822 3158 1012 3228 ἐπειδὴ
1044 3159 1396 3228 μεμάθηκεν.
1417 3162 1501 3214 ὅτι
1533 3163 1594 3215 οὐ
1627 3167 1966 3234 παρεγένετο
1996 3166 2042 3224 C
2076 3180 2125 3232 in

1923 3187 1966 3222 το
1996 3166 2042 3224 (ἶ
2076 3176 2274 3232 indixit
2313 3171 2570 3228 omnibus
2605 3169 2876 3222 Armeniis
2905 3166 3170 3236 jejunium
3196 3181 3292 3232 pro
3319 3165 3468 3217 ranis
3489 3165 3668 3230 Obitu,

377 3256 516 3322 πρὸς
557 3254 760 3317 αὐτοὺς
796 3255 823 3305 6
855 3253 1169 3322 πρόδρομος
1198 3253 1366 3304 αὑτοῦ
1400 3254 1568 3320 κύων,
1605 3256 1856 3327 ἐπεμψεν
1888 3263 1967 3323 είς

377 3350 742 3421 ἀναζήτησιν,
769 3353 861 3400 καὶ
882 3345 1133 3413 διαγνοὺς
1164 3345 1326 3397 αὑτὸν
1351 3347 1459 3399 ἀπὸ
1487 3349 1589 3417 τῆς
1625 3349 1733 3402 τῶν
1763 3353 1968 3409 ὀστέων

379 3444 655 3513 εὑρέσεως
709 3439 1055 3509 λυκόὸρωτον
1108 3439 1416 3509 γεγονότα,
1472 3442 1776 3509 προσέταξε
1827 3449 1966 3502 πᾶσι

2070 3267 2368 3336 jussitque,
2401 3275 2455 3317 ut
2486 3260 2750 3329 prmﬁnito
2781 3258 2987 3311 dierum
3019 3256 3194 3325 spatio
3235 3256 3461 3323 singulis
3513 3260 3672 3310 annis

2077 3362 2128 3413 in
2155 3360 2298 3412 luctu
2334 3367 2388 3410 et
2420 3353 2672 3424 squalore
2721 3361 3092 3404 versarentur.
3136 3348 3200 3402 Et
3220 3348 3489 3418 jejunium
3541 3348 3672 3403 illud

2072 3449 2401 3506 Artziburtzi
2457 3446 2888 3517 appellaverunt.

381 3540 497 3600 τοῖς
551 3536 863 3606 Ἀρμενίοις
890 3538 1178 3607 νηστεύειν
1239 3538 1378 3604 ὑπὲρ
1409 3537 1510 3605 τῆς
1546 3536 1804 3611 τελευτῆς
1846 3545 2011 3600 αὐτοῦ
2055 3549 2150 3602 καὶ
2186 3547 2481 3617 κατηφιᾷν,
2553 3543 2647 3593 καὶ
2681 3537 3102 3609 σκυθρωπάζειν
3139 3539 3205 3604 ἐφ
3261 3539 3494 3609 ἡμέραις
3541 3539 3675 3607 ὡρι-

385 3632 617 3701 σμέναις
662 3632 784 3684 κατ’
833 3633 1105 3694 ἐνιαυτὸν,
1163 3633 1260 3684 καὶ
1313 3630 1411 3700 τὴν
1465 3633 1723 3701 νηστείαν
1771 3640 1976 3710 ταύτην
2029 3639 2494 3714 Ἀρτζιὸούρτζην
2520 3635 2794 3705 ὠνόμασε.

967 3749 1218 3801 ΤΙΤΛΟΣ
1259 3749 1383 3802 KA'.

381 3839 543 3892 Κατὰ
571 3836 692 3891 τῶν
715 3840 1062 3907 λεγομένων
1093 3841 1517 3892 Παυλικιιὶνων
1571 3843 1640 3896 ἐκ
1686 3842 1801 3896 τῶν
1853 3848 1974 3898 Φω-

453 3911 588 3963 τίου
622 3908 727 3962 τοῦ
745 3907 1206 3977 μακαριωτάτου
1239 3909 1613 3980 πατριάρχου
1649 3918 1973 3969 Κωνσταν-

453 3982 884 4043 τινουπόλεως.

453 4089 749 4158 Σαμόσατα
772 4088 924 4150 πόλις
954 4088 1070 4140 ἐστὶ
1108 4089 1206 4158 τῆς
1246 4090 1466 4159 Συρίας,
1504 4091 1627 4145 καθ’
1690 4088 1755 4163 ἧς
1809 4095 1976 4151 πάλαι

382 4181 442 4233 τὸ
463 4180 782 4250 Μανιχαίων
808 4180 1152 4251 είσεκώμασε
1179 4181 1457 4252 φρόνημα.
1504 4184 1646 4257 Γυνὴ
1683 4187 1738 4239 δέ
1775 4205 1858 4252 τις
1913 4191 1972 4244 ὲν

381 4277 554 4346 ταύτῃ
581 4277 881 4346 Καλλινίκη
913 4277 1152 4348 τοῦνομα
1182 4279 1275 4332 τὸν
1332 4281 1589 4353 βόρδορον
1631 4284 1733 4355 τῆς
1795 4287 1971 4340 Μανι-

381 4370 578 4440 χαῖκῆς
603 4371 870 4439 αἱρέσεως
899 4370 1018 4422 ὅλον
1062 4371 1347 4434 ἐκπιοῦσα,
1396 4374 1490 4426 δύο
1533 4376 1706 4429 τίκτει
1754 4380 1970 4448 παῖδας,

385 4460 596 4514 Παῦλον
628 4462 722 4513 καὶ
769 4457 1214 4534 Ἰωάννην.οῦτοι
1241 4465 1339 4533 τὴν
1367 4466 1582 4536 μητέρα
1609 4466 1971 4538 ζηλώσαντες,

2613 3746 2915 3804 TITULUS
2948 3745 3140 3800 XXIV.

2071 3849 2330 3904 Adversus
2367 3842 2733 3902 Paulicianos,
2765 3856 2829 3894 ex
2857 3839 3066 3906 scriptis
3132 3837 3311 3892 Pliotii
3349 3841 3673 3907 patriarcluu

2574 3909 3173 3976 Constantiuopolitani.

2152 4097 2431 4156 Samosata
2466 4106 2549 4150 est
2607 4094 2862 4162 oppidum
2895 4092 3084 4163 Syrim,
3155 4090 3338 4164 inqua
3397 4096 3669 4164 quondam

2080 4190 2252 4260 viguit
2278 4203 2432 4243 error
2488 4187 2930 4241 Manichrcornm.
2985 4187 3172 4244 lnboc
3227 4191 3425 4259 oppido
3483 4190 3676 4242 mulier

2082 4281 2327 4349 quaedam
2367 4277 2469 4332 fuit
2528 4279 2749 4331 nomine
2801 4275 3084 4333 Callinice.
3154 4279 3277 4333 llzec
3335 4296 3455 4334 cum
3500 4291 3672 4334 talum

2084 4371 2504 4427 Manicltmorum
2537 4370 2704 4424 lutum
2763 4371 3050 4432 hausisset,
3102 4374 3235 4426 duos
3266 4373 3474 4440 peperit
3531 4373 3675 4429 tilios

2082 4463 2308 4518 Paulum
2342 4473 2394 4517 et
2445 4463 2733 4526 Joannem,
2791 4464 2881 4531 qui
2924 4471 3151 4517 matrem
3214 4463 3404 4518 imitati
3467 4479 3675 4517 merum

380 4551 618 4620 ἄκρατον
644 4554 741 4618 τῆς
774 4553 1112 4617 ἀποστασίας
1142 4553 1346 4622 ταύτης
1377 4557 1471 4608 τὸν
1503 4557 1582 4610 ἰὸν
1606 4559 1965 4627 εἰσεδέξαντο.
2004 4555 2050 4608 D
2082 4557 2125 4610 is

1932 4581 1965 4615 λ
2004 4555 2050 4608 D
2082 4557 2236 4610 istius
2275 4556 2557 4625 aposmsia!
2590 4569 2856 4608 venenum
2908 4555 3179 4610 biberunt.
3207 4553 3314 4609 llos
3357 4555 3548 4621 reliqui
3586 4574 3677 4606 νε·-

383 4643 722 4710 Θιασάμενοι
744 4643 800 4696 δὲ
831 4641 1056 4706 τούτους
1087 4647 1136 4697 οἱ
1173 4647 1575 4699 συναποστάται
1616 4648 1976 4721 διαφέροντας

383 4737 475 4788 ἐπὶ
496 4739 560 4806 τῇ
582 4736 873 4806 δυσσεϐείᾳ
897 4737 992 4788 καὶ
1019 4736 1404 4807 δραστηρίους,
1438 4740 1689 4809 κήρυκας
1735 4744 1975 4812 προϐάλ-

383 4829 565 4883 λονται
620 4830 713 4882 καὶ
749 4832 1165 4900 μυσταγωγούς.
1194 4825 1356 4884 Οὗτοι
1388 4834 1565 4888 δὲκαὶ
1615 4836 1749 4888 ἄλλα
1790 4855 1978 4909 ιιτροσε⁴

383 4921 740 4989 πινοήσαντες
769 4921 971 4987 ἄτοπα,
996 4923 1090 4975 καὶ
1127 4925 1323 4994 μιαρὰ,
1358 4925 1449 4976 καὶ
1479 4925 1698 4997 ὀλέθρια
1731 4929 1979 4998 δόγματα

384 5013 482 5083 τὴν
513 5013 620 5066 τῶν
659 5013 1035 5067 Παυλικιάνων
1066 5008 1278 5085 αἵρεσιν
1307 5018 1727 5088 συνεστήσαντο,
1782 5023 1980 5090 μοῖραν

387 5104 487 5173 μὲν
513 5103 614 5172 τῆς
639 5105 953 5174 Μανιχαίων
984 5106 1181 5174 μανίας
1211 5102 1400 5168 οὖσαν,
1435 5108 1548 5160 τισὶ
1566 5108 1622 5161 δὲ
1642 5111 1981 5180 προσθήκαις

385 5196 835 5265 ωναυξηθείσαν,
868 5197 1003 5250 ’Λπδ
1030 5199 1236 5251 τούτων
1264 5198 1322 5252 δὲ
1347 5199 1455 5252 τῶν
1479 5199 1592 5266 δύο,
1631 5201 1841 5255 Παύλου
1883 5206 1982 5257 καὶ

396 5289 667 5355 Ἰωάννου,
702 5293 813 5352 τοῖς
847 5292 1118 5360 μαθηταῖς
1148 5291 1326 5345 αὐτῶν
1380 5294 1413 5364 ἡ
1473 5297 1830 5365 προσωνυμία
1872 5297 1982 5350 τῶν

383 5381 1043 5450 Παυλικιάνωνὲπετέθη,
1099 5383 1417 5437 συντεθεῖσα
1475 5385 1980 5459 βαρϐαρικώτερον,

382 5475 478 5528 καὶ
500 5474 624 5527 ἀντὶ
649 5473 742 5527 τοῦ
797 5475 1204 5529 Παυλοῖωάνναι
1261 5476 1615 5531 Παυλικιάνοι
1680 5483 1971 5550 κατονομὰσ

382 5567 586 5632 ζονται.
620 5567 827 5637 Χρόνου
874 5567 930 5621 δὲ
981 5568 1359 5640 δισρῤυέντος,
1417 5571 1606 5640 ἕτερον
1655 5573 1866 5637 ἑαυτοῖς
1919 5574 1980 5629 τὸ

379 5663 478 5729 τῆς
504 5659 842 5724 ἀποστασίας
888 5660 1164 5730 συνέδριον
1211 5663 1578 5732 χειροτονοῦσι
1636 5665 1974 5730 διδάσκαλον.

381 5749 438 5814 ὃς
473 5752 877 5815 Κωνσταντῖνος
904 5751 1307 5823 ὀνομαζόμενος
1335 5755 1414 5819 εἰς
1443 5756 1736 5810 Σιλουανδν
1782 5759 1977 5812 ἑαυτὸν

383 5843 757 5915 μετωνόμασε,
790 5845 881 5900 καί
908 5862 969 5916 γε
1014 5846 1201 5900 τοῦτον
1233 5846 1414 5918 πολλῷ
1472 5850 1581 5904 τῶν
1640 5850 1975 5920 Καλλινίκης

2085 4649 2261 4702 ritatis
2297 4650 2596 4702 desertores
2625 4647 2920 4715 conspicati
2962 4648 3244 4718 impietate
3297 4649 3548 4708 eximios.
3599 4662 3680 4702 at-

2082 4756 2186 4809 que
2217 4749 2557 4810 praestantes,
2599 4753 2660 4792 ac
2690 4748 2962 4803 strenuos,
2997 4738 3396 4792 con-Vtituerunt
3421 4755 3515 4794 eos
3540 4754 3676 4808 pra--

2083 4848 2249 4887 cones
2273 4841 2328 4886 et
2357 4832 2548 4884 duces.
2580 4830 2668 4883 Isti
2694 4846 2813 4882 cum
2840 4830 2941 4882 alia
2968 4830 3199 4883 absurda
3249 4839 3304 4883 et
3343 4833 3676 4885 exsecranda

2083 4940 2146 4978 ac
2179 4925 2478 4992 perniciosa
2501 4926 2776 4992 dogmata,
2798 4930 2906 4974 tum
2937 4921 3375 4976 Paulicianorum
3403 4923 3680 4996 heresim,

2084 5031 2202 5084 quae
2243 5015 2664 5070 Manicha-orum
2724 5015 2947 5069 insanize
2978 5029 3102 5082 pars
3135 5025 3239 5077 est,
3273 5025 3326 5068 et
3354 5015 3679 5083 quibusdam

2083 5109 2247 5160 etiam
2306 5106 2711 5160 accessionibus
2749 5105 3099 5169 cumulatior,
3152 5106 3548 5175 excogitarunt.
3607 5109 3680 5162 Ex

2085 5196 2293 5249 duobus
2319 5207 2498 5250 autem
2535 5195 2653 5249 istis
2691 5195 3009 5249 nominibus
3038 5195 3205 5250 Paulo
3235 5207 3288 5251 et
3314 5197 3520 5251 Joanne
3549 5199 3685 5252 Pau-

2085 5291 2404 5346 licianormn
2436 5292 2752 5346 vocabulum
2777 5293 3008 5348 banbare
3031 5307 3161 5346 sane
3188 5296 3547 5362 compositum
3578 5306 3682 5358 est,

2089 5393 2147 5440 ut
2179 5400 2301 5440 cum
2335 5383 2761 5440 Pauli-Joannes
2791 5386 3054 5457 appellari
3092 5387 3346 5450 debeant,
3384 5387 3686 5444 Paul;eiani

2088 5477 2456 5533 nominentur.
2489 5477 2593 5534 Sed
2623 5481 2881 5547 temporis
2899 5495 3184 5551 progressu
3210 5480 3373 5535 aliam
3422 5481 3524 5536 sibi
3559 5499 3687 5552 apo-

2088 5571 2274 5625 SIasize
2307 5573 2511 5626 socimn
2557 5580 2611 5626 et
2645 5574 2962 5643 magistrum
2994 5575 3386 5642 adhibuerunt,
3441 5577 3530 5646 qui
3559 5593 3685 5634 cum

2088 5677 2377 5720 vocaretur
2404 5666 2827 5732 Constantinus,
2868 5667 3038 5723 voluit
3079 5669 3352 5739 Sylvanus
3401 5673 3683 5740 appel‘ari.

2089 5757 2155 5812 Et
2185 5759 2328 5813 hunc
2357 5759 2574 5827 quidem
2619 5759 2906 5827 apostasia:
2949 5759 3212 5815 sa'ellites
3255 5761 3529 5816 Calliuit-a:
3563 5763 3612 5813 til
3643 5777 3687 5816 IS

2090 5855 2245 5921 longe
2266 5861 2624 5923 anteponunt.
2654 5851 2873 5924 Quippe
2888 5854 2980 5924 qui
3019 5864 3077 5910 ut
3101 5857 3474 5912 aswttssimus
3503 5858 3568 5910 ad
3599 5871 3682 5918 ea,
