4420 6462
821 399 954 462 1191

2054 393 2444 454 EUTIIYMII
2487 395 2854 453 ZlGABENI

3952 389 4088 454 1192

816 534 935 584 quze
967 513 1252 571 sentiebat,
1277 509 1643 579 propaganda,
1681 523 1783 561 non
1813 517 1896 561 est
1928 522 2092 559 ausus
2122 506 2406 574 opiniones
2437 513 2479 566 Λ
2515 522 2561 554 πε

2347 520 2406 558 es
2437 513 2479 566 Λ
2515 505 2716 557 παίδων
2763 507 2811 556 οἱ
2848 505 2946 572 τῆς
2996 503 3334 566 ἀποστάσιας
3381 506 3718 557 ὑπασπισταὶ
3762 505 4087 574 ἐπίπροσθεν

815 607 1095 662 b.ereticas
1130 602 1491 654 monumentis
1525 601 1760 658 tradere,
1803 601 1893 650 sed
1923 612 2021 650 usu
2069 605 2125 647 et
2179 595 2396 648 assidua

811 698 1055 754 doctrina
1097 694 1389 752 discipulos
1423 705 1547 744 suos
1581 689 1854 749 crudicns,
1899 686 2191 752 impietatis
2245 683 2397 734 insti-

812 799 922 838 tnta
964 785 1030 836 ab
1061 781 1459 852 oppugnatione
1493 787 1603 831 tuta
1650 790 1870 830 servare
1902 784 2125 828 conatus
2165 781 2265 826 est.
2301 771 2393 822 At-

808 892 912 945 que
946 875 1291 944 Evangelium
1327 872 1541 937 quidem
1572 880 1629 922 et
1660 866 1996 935 Apostolum,
2052 881 2172 933 qua:
2225 865 2396 918 ﬁdelis

807 971 970 1019 etiam
1013 966 1446 1020 Christianorum
1487 960 1718 1028 populus
1753 959 2132 1026 complectitur
2166 968 2217 1011 et
2243 958 2392 1021 colit,

805 1063 1003 1126 scripti
1039 1056 1336 1125 proposuit,
1381 1054 1511 1107 nihil
1545 1051 1831 1104 admodum
1865 1063 2122 1117 quantum
2151 1053 2215 1100 ad
2274 1065 2394 1103 ver-

806 1154 872 1204 ba
909 1153 1163 1220 pertinet,
1190 1157 1422 1207 mutans,
1443 1159 1564 1207 nec,
1587 1143 2040 1210 quemadmodum
2067 1143 2174 1208 egit
2204 1142 2395 1194 Valen-

806 1257 950 1296 linus
1003 1251 1056 1293 et
1117 1240 1232 1302 alii,
1300 1237 1566 1289 sermonis
1629 1235 1850 1302 ﬁguram
1915 1244 2245 1301 pervertens,
2300 1233 2393 1284 sed

806 1337 975 1402 ipsum
1011 1333 1224 1400 pietatis
1265 1344 1486 1381 sensum
1552 1329 1879 1391 detorquens
1946 1335 2107 1390 atque
2166 1323 2398 1387 perfrin-

803 1442 951 1493 gens,
978 1433 1030 1476 et
1069 1426 1133 1473 ad
1171 1419 1451 1486 apostasia:
1487 1432 1594 1468 sua:
1624 1415 1934 1483 opinionem
1977 1422 2298 1465 comertens
2340 1423 2393 1463 et

804 1518 1044 1570 trahens.
1074 1514 1149 1566 Ac
1181 1513 1339 1563 verba
1370 1509 1609 1576 quidem,
1651 1519 1708 1557 ut
1731 1507 1985 1564 diximus,
2013 1503 2176 1555 divini
2213 1501 2389 1553 Evam

799 1607 922 1675 gelii
948 1613 1002 1657 et
1033 1601 1296 1670 Apostoli,
1326 1598 1617 1658 concessit,
1649 1605 1704 1646 ut
1735 1592 2074 1651 liabcrent,et
2134 1588 2263 1641 nihil
2293 1589 2393 1638 im-

798 1699 1060 1766 pudenter
1115 1690 1383 1744 subtraxit
1441 1696 1533 1738 aut
1587 1685 1866 1753 adjunxit;
1927 1696 2111 1734 verum
2185 1694 2276 1730 cos
2316 1676 2391 1729 illi

796 1800 994 1840 sensus
1026 1780 1271 1834 attribuit
1323 1790 1376 1829 et
1412 1775 1866 1834 accommodavit,
1904 1770 2101 1838 quibus
2129 1767 2271 1820 nulla
2299 1781 2392 1819 sa-

801 1893 891 1928 era
919 1875 1079 1926 verba
1115 1869 1463 1924 conveniunt.
1499 1868 1747 1933 Pugnant
1776 1866 1918 1917 enim
1959 1867 2099 1915 inter
2133 1876 2212 1922 se,

798 1978 996 2033 tuoque
1031 1977 1092 2015 se
1124 1969 1392 2021 evertunt,
1426 1968 1483 2010 ut
1519 1957 1650 2010 nihil
1687 1956 1813 2010 inde
1855 1953 2112 2022 consequi
2165 1967 2394 2005 consen-

795 2066 1012 2110 taneum
1047 2054 1232 2122 possit.
1269 2051 1392 2105 llaac
1423 2049 1511 2102 ille
1562 2052 1661 2102 hoc
1699 2048 1857 2100 modo
1913 2044 2213 2108 constituit,
2278 2043 2394 2095 nul-

797 2151 1228 2218 lumqucdoguta
1271 2145 1376 2198 illis
1436 2154 1628 2212 pra'ter
1662 2140 2012 2208 Evangelium
2051 2149 2104 2192 et
2169 2136 2394 2190 Paulum

799 2245 979 2309 legere
1007 2239 1273 2306 permisit.
1317 2235 1515 2288 Verum
1559 2245 1608 2287 et
1658 2234 1758 2285 istc
1788 2241 1909 2300 post
1936 2230 2151 2299 aliquod
2185 2239 2394 2295 tempus

800 2335 1029 2395 interiit,
1092 2341 1145 2384 et
1174 2332 1352 2383 anima
1419 2328 1635 2396 quidem
1698 2325 1865 2392 magis
1922 2338 2084 2390 quam
2143 2334 2393 2386 corpore.

799 2430 924 2483 l'ost
957 2402 1247 2496 Sylvanum
1280 2421 1497 2474 Simeou
1527 2419 1616 2484 qui
1660 2433 1718 2469 se
1752 2416 1931 2468 Titum
1964 2412 2147 2467 vocali
2186 2413 2394 2475 maluit,

800 2521 903 2572 illis
971 2517 1145 2584 impia
1186 2512 1448 2567 doctrina:
1504 2511 1762 2578 magister
1795 2507 1916 2559 fuit.
1976 2505 2179 2558 Deinde
2209 2503 2396 2555 Arine-

802 2615 920 2663 nius
957 2610 1171 2676 quidam
1204 2606 1425 2657 nomine
1451 2601 1738 2660 Genesius,
1787 2600 1876 2666 qui
1922 2612 2080 2658 suum
2117 2595 2168 2648 iu
2212 2593 2395 2646 Timo-

802 2705 979 2757 theuin
1009 2713 1201 2755 nomen
1231 2694 1604 2750 commutavit.
1631 2691 1765 2746 Tum
1793 2690 2018 2759 Joseph,
2050 2688 2140 2759 qui
2177 2689 2228 2741 in
2261 2686 2396 2754 Epa-

803 2795 1111 2863 phroditum
1153 2798 1388 2842 mutatus
1421 2797 1524 2840 est.
1591 2786 1717 2838 Post
1749 2785 2066 2847 Zacharias,
2104 2796 2261 2848 quem
2287 2794 2392 2832 non

804 2891 1024 2940 minima
1092 2884 1313 2936 haeresis
1361 2895 1488 2950 pars
1551 2878 1948 2931 mercenarium
2001 2876 2298 2936 existimat,
2345 2881 2398 2925 et

801 2973 1099 3042 indignum,
1137 2971 1223 3037 qui
1250 2967 1477 3021 docendi
1509 2981 1702 3018 munus
1730 2966 1868 3034 apud
1914 2965 2058 3032 ipsos
2078 2963 2395 3016 obtinuerit.

802 3067 981 3117 Manes
1020 3071 1277 3129 prmtcrea
1318 3057 1479 3110 homo
1510 3056 1761 3110 sordidus
1788 3055 2398 3108 accessit.P0strcmum

2281 1875 2399 1912 mu-
2433 1847 2473 1903 Β

2513 595 2755 659 ἄγουσιν.
2790 589 2955 656 Οὗτος
2988 594 3052 662 δὴ
3082 588 3236 656 οὗτος
3275 596 3302 646 ὁ
3353 595 3656 655 δεινότατος
3709 596 4089 663 κακουργῆσαι

2509 685 2579 735 τὰ
2621 684 2921 752 ἀτόλμητα,
2958 687 3024 734 τά
3077 685 3176 752 μὲν
3224 686 3478 753 αίρετικὶ
3520 687 3840 753 φρονήματα
3906 688 4088 753 γραφῇ

2510 775 2847 844 παραδοῦναι
2878 777 2976 827 οὐκ
3008 777 3324 844 ἐτόλμησεν,
3349 777 3460 828 ἔθει
3497 778 3553 829 δὲ
3591 781 3684 829 καὶ
3745 780 3958 844 συνεχεῖ
4013 777 4091 827 δι-

2511 866 2779 934 δασκαλίᾳ
2809 867 3381 934 κατασφαλισάμενος,
3430 870 3541 929 τοῖς
3601 868 4087 936 μυσταγωγηθείσε

2509 959 2760 1024 κατέχειν
2790 956 3164 1025 άπαράτρωτα
3207 958 3274 1009 τά
3313 957 3412 1026 τῆς
3459 959 3710 1020 ἀσεϐείας
3772 976 4089 1024 παρακατα-

2508 1048 2720 1116 τίθησιν
2745 1049 2923 1116 ὄργια.
2951 1049 3024 1100 ἰδ
3059 1049 3242 1118 μέντοι
3273 1050 3601 1117 Εὑαγγέλιον
3666 1050 3759 1102 καὶ
3791 1053 3878 1102 τὸν
3933 1050 4090 1102 ’Λπό-

2511 1139 2713 1199 στολον,
2751 1140 2784 1190 ἂ
2817 1140 2905 1189 xui
2937 1141 2996 1190 τὸ
3020 1140 3162 1191 θεῖον
3182 1143 3613 1209 περιπτύσσεται
3648 1143 3744 1194 καὶ
3790 1145 3924 1211 τιμᾷ
3981 1143 4090 1194 τῶν

2511 1227 2852 1295 Χριστιανῶν
2880 1229 3186 1298 σύνταγμα,
3215 1232 3505 1300 ἐγγράφως
3533 1233 3740 1295 τούτοις
3797 1236 4088 1301 παρέθετο,

2506 1322 2616 1381 τοῖς
2652 1322 2857 1388 ῥήμασι
2886 1321 2986 1387 μὲν
3015 1322 3110 1373 καὶ
3137 1323 3394 1390 ὀνόμασιν
3425 1324 3576 1376 οὐδὲν
3606 1325 3751 1391 μέγα
3781 1324 4089 1394 παραλλάτ-

2508 1429 2636 1473 των,
2697 1411 2819 1462 οὐδὲ
2882 1413 3356 1480 κατακιϐδηλεύων
3414 1415 3506 1467 τοῦ
3561 1417 3719 1481 λόγου
3765 1417 3826 1467 τὸ
3883 1416 4090 1484 σχῆμα,

2509 1504 2757 1569 καθάπερ
2787 1504 3133 1565 Οὑαλεντῖνος
3153 1508 3244 1558 καὶ
3278 1506 3475 1574 ἕτεροι,
3496 1508 3615 1558 ὅλον
3640 1508 3693 1559 δὲ
3720 1509 3808 1558 τὸν
3834 1509 3957 1558 νοῦν
3993 1508 4092 1575 τῆς

2507 1592 2780 1653 εὐσεϐείας
2807 1593 3166 1663 διαστρέφων,
3199 1597 3291 1647 καὶ
3325 1597 3706 1664 καταθραύων,
3767 1599 3859 1648 καὶ
3916 1599 4096 1648 πάντα

2510 1688 2700 1746 ποιῶν,
2728 1687 2820 1736 xui
2853 1688 3159 1754 περιέλκων
3188 1688 3323 1755 πρὸς
3352 1689 3412 1738 τὸ
3439 1688 3536 1756 τῆς
3564 1688 3901 1748 ὰποστασίας
3929 1685 4095 1738 αὑτοῦ

2507 1779 2787 1846 φρόνημα.
2823 1781 2928 1830 Καὶ
2956 1781 3020 1830 τά
3049 1781 3147 1846 μὲν
3191 1781 3434 1847 ῥήματα.
3482 1779 3557 1840 ὠς
3615 1780 3856 1847 εἴρηται,
3909 1780 4096 1831 δίδωσι

2505 1872 2756 1939 κατέχειν
2781 1869 2872 1921 τοῦ
2897 1888 2952 1920 τε
2977 1871 3118 1922 θείου
3149 1872 3482 1938 Εὑαγγελίου
3505 1873 3597 1924 καὶ
3625 1871 3717 1922 τοῦ
3755 1871 4097 1931 Ἀποστόλου,

2504 1963 2647 2030 μήτε
2683 1962 3024 2029 προσθήκαις
3062 1962 3199 2030 μήτε
3231 1963 3586 2031 ὑφαιρέσεσιν
3632 1963 3855 2031 ἀναίδην
3903 1963 4098 2031 λυμαι-

2500 2056 2720 2123 νόμενος
2745 2070 2759 2083 ·
2787 2054 3094 2122 προσάπτει
3128 2055 3185 2106 δὲ
3219 2057 3430 2116 τούτοις
3483 2056 3577 2106 καὶ
3631 2055 3925 2108 ὑποϐάλλει
3977 2056 4099 2123 νοὴο

2502 2165 2668 2213 ματα,
2697 2143 2776 2206 οἷς
2812 2146 3045 2214 ἁρμόζει
3081 2147 3179 2214 μὲν
3221 2148 3374 2200 οὐδὲν
3429 2149 3538 2200 τῶν
3600 2149 3760 2217 ἱερῶν
3814 2149 4098 2216 ῥημάτων,

2499 2240 2724 2306 οὐδεμίαι
2751 2239 2806 2291 δὲ
2839 2240 3050 2301 τούτοις
3100 2240 3391 2292 ἀκολουθία
3430 2243 3704 2311 ἐνορᾶται,
3768 2245 3997 2311 μάχεται
4044 2242 4100 2294 δὲ

2500 2331 2636 2396 πρὸς
2659 2329 2886 2398 ἄλληλα,
2923 2331 3014 2382 καὶ
3035 2330 3505 2385 ἀντικαθίσταται.
3537 2331 3722 2385 Ταῦτα
3759 2331 3888 2399 γοῦν
3912 2351 4098 2400 παρα-

2498 2423 2866 2491 καταθέμενος
2897 2422 3064 2492 μηδὲν
3088 2421 3276 2492 ἕτερον
3297 2424 3478 2476 αὐτῶν
3502 2424 3904 2492 ἀναγινώσκειν
3938 2426 4097 2495 παρά

2497 2534 2555 2568 τε
2588 2516 2647 2566 τὸ
2677 2517 3012 2583 Εὑαγγέλιον
3035 2519 3130 2569 καὶ
3164 2518 3256 2570 τὸν
3303 2519 3626 2571 Ἀπόστολον
3661 2519 3836 2588 δόγμα
3860 2520 4097 2588 τίθησιν,

2511 2608 2652 2660 ’Δλλ’
2685 2608 2712 2660 ὁ
2750 2609 2851 2676 μὲν
2885 2613 3022 2676 μετὰ
3062 2610 3251 2676 χρόνον
3271 2610 3566 2680 άπεφθάρη
3596 2612 3698 2675 τὴν
3729 2612 3908 2679 ψυχὴν
3935 2611 4100 2662 πλέον

2499 2701 2594 2752 τοῦ
2629 2699 2908 2770 σώματος,
2953 2702 3093 2769 μετὰ
3125 2702 3181 2754 δὲ
3219 2703 3311 2754 τὸν
3337 2703 3622 2755 Σιλουανὺν
3661 2704 3886 2771 Συμεὼν
3917 2702 4103 2755 αὐτῶν

2500 2794 2593 2848 τοῦ
2634 2794 2927 2856 δυσσεϐοῦς
2991 2794 3370 2847 διδασκαλείου
3422 2796 3764 2864 προΐσταται,
3807 2797 3964 2848 Τῖτον
4005 2798 4102 2847 καὶ

2499 2888 2661 2948 αὐτὸς
2696 2887 2886 2938 ἑαυτὸν
2920 2886 3457 2953 μετονομασάμενος.
3499 2886 3658 2952 Ἑξῆς
3716 2886 3772 2937 δὲ
3813 2886 4101 2954 Ἀρμένιος

2502 2978 2749 3040 Γενέσιος
2806 2976 3063 3045 τοῦνομα,
3114 2976 3474 3044 μετακληθεὶς
3525 2975 3606 3035 είς
3669 2975 3955 3044 Τιμόθεον,
4005 2975 4103 3026 καὶ

2502 3070 2762 3139 τέταρτος
2807 3069 3002 3137 Ἰωσὴφ
3035 3070 3062 3120 ὁ
3091 3072 3171 3130 είς
3235 3067 3627 3137 Ἐπαφρόδιτον
3689 3067 4099 3137 μεταϐεϐλημέ-

805 3153 1002 3206 malum
1033 3149 1252 3215 Sergius
1289 3146 1488 3207 attulit,
1516 3146 1608 3213 qui
1640 3145 1744 3198 sibi
1779 3144 1999 3212 Tychici
2035 3157 2230 3197 nomen
2262 3142 2402 3195 asci—
2429 3181 2472 3238 ο
2506 3179 2550 3214 νε

2359 3142 2402 3194 ί⁶
2429 3181 2472 3238 ο
2506 3179 2614 3224 νος.
2655 3158 2785 3214 Εἶτα
2819 3161 3114 3229 Ζαχαρίας,
3146 3160 3204 3212 ὃν
3235 3161 3334 3211 οὒκ
3365 3161 3624 3228 ἐλαχίστη
3676 3163 3840 3228 μοῖρα
3881 3158 3980 3226 τῆς
4011 3159 4101 3209 αί-

802 3249 898 3298 vit.
945 3244 1024 3295 Ac
1079 3239 1398 3294 defectionis
1453 3240 1670 3306 quidem
1717 3237 1954 3306 ipsorum
2004 3236 2266 3304 magistri,
2335 3249 2402 3287 ex

802 3351 907 3406 quo
933 3334 1150 3388 Ιιςυιεδίε
1189 3333 1289 3386 ista
1324 3346 1354 3383 ιι
1404 3329 1570 3383 Paulo
1606 3339 1659 3382 et
1685 3327 1895 3382 Joanne
1956 3343 2254 3395 cognomen
2318 3336 2405 3380 est

801 3435 1114 3488 consecuta,
1139 3425 1203 3475 ad
1238 3427 1338 3476 hoc
1365 3436 1536 3486 usque
1569 3431 1782 3488 tempus
1846 3430 1922 3473 tot
1949 3422 2302 3473 exstiterunt.
2331 3419 2402 3471 ΙΙ-

801 3520 893 3572 Iud
932 3526 1112 3569 autem
1148 3515 1426 3568 seiemlum
1456 3524 1561 3576 est,
1590 3511 1794 3581 eos-qni
1827 3511 2054 3566 haeresis
2083 3511 2240 3565 istius
2274 3522 2390 3565 Stu-

799 3611 937 3663 diosi
969 3617 1121 3671 sunt,
1160 3607 1203 3660 si
1232 3607 1353 3675 quis
1380 3612 1630 3674 petat,ut
1652 3617 1908 3659 auctores
1953 3606 2069 3675 ejus
2103 3605 2401 3673 nugatoria:

797 3713 950 3755 secta-
990 3699 1273 3767 repudient
1312 3708 1473 3767 atque
1503 3698 1826 3767 improbent,
1891 3696 2049 3750 facile
2099 3697 2399 3759 Manetem,

796 3805 851 3848 et
891 3793 1139 3855 Paulum,
1181 3801 1232 3844 et
1263 3790 1526 3844 Joannem
1558 3797 1610 3842 et
1659 3788 1920 3857 quosdam
1951 3790 2086 3843 alios
2117 3787 2398 3851 detestari,

797 3890 1209 3944 Coxistantinum
1234 3898 1437 3949 autem,
1463 3901 1621 3954 quem
1652 3896 1705 3939 et
1761 3883 2055 3953 Sylvanum
2088 3895 2312 3948 vocant,
2346 3895 2402 3940 et

797 3984 1105 4038 Simeonem
1154 3996 1249 4034 seu
1265 3977 2399 4043 Titum,etGeuesiumsiveTimotheum,et

795 4078 1088 4145 Josephum
1125 4088 1218 4127 seu
1260 4071 1714 4140 Epaphroditum,
1747 4079 1801 4124 et
1838 4071 2118 4124 sordidum
2162 4070 2396 4125 Baaucm

796 4182 850 4223 et
906 4167 1156 4237 Sergium
1181 4164 1483 4233 Tychicmu
1517 4163 1662 4217 nullo
1706 4164 1866 4217 modo
1899 4163 2094 4218 adduci
2131 4178 2292 4232 posse
2340 4174 2398 4217 ut

797 4265 1165 4321 detestentur;
1205 4258 1334 4324 quin
1372 4257 1537 4310 etiam
1577 4257 1700 4311 illos
1735 4266 1793 4310 ut
1846 4257 2052 4311 Christi
2119 4258 2398 4326 apostolos

796 4354 1136 4412 existimare,
1196 4359 1252 4402 et
1278 4359 1534 4415 tanquam
1564 4347 1667 4416 piae
1685 4349 1945 4401 doctrina:
1971 4349 2262 4417 magistros
2279 4365 2396 4400 ani-

797 4443 958 4514 plecti
1016 4453 1177 4509 atqu;
1243 4441 1548 4507 suscipere.
1618 4437 1729 4492 Nec
1772 4440 2008 4492 universi
2067 4450 2247 4494 tamen
2303 4455 2396 4494 eos

2509 3254 2711 3321 ρέσεως
2748 3252 3020 3320 μισθωτόν
3050 3268 3108 3302 τε
3159 3253 3398 3318 ἡγεῖται,
3440 3250 3534 3302 καὶ
3561 3253 3658 3318 τῆς
3709 3247 4101 3314 διδασκαλικῆς

2507 3344 2669 3395 αὐτὸν
2708 3343 2999 3413 προεδρίας
3039 3342 3278 3405 ἀνάξιον.
3324 3342 3523 3403 Ἕκτος
3568 3343 3749 3401 αὐτοῖς
3799 3342 4104 3407 ἐπιγίνεται

2507 3435 2722 3508 Βαάνης
2760 3437 2787 3487 ὁ
2818 3435 3096 3501 ῥυπαρὸς,
3128 3435 3212 3501 ἐφ’
3242 3430 3324 3495 οἷς
3371 3433 3600 3500 ἕϐδομον
3645 3436 3739 3485 καὶ
3790 3433 4105 3484 τελευταῖον

2509 3525 2677 3578 κακὸν
2708 3526 2934 3594 Σέργιος
2973 3525 3272 3592 ἀναφύεται
3300 3543 3312 3556 ·
3351 3527 3429 3587 εἰς
3453 3525 3691 3594 Τυχικδν
3713 3525 3766 3576 δὲ
3795 3543 3888 3576 και
3945 3519 4103 3587 οὗτος

2506 3618 2698 3672 ἑαυτὸν
2726 3617 3114 3686 μετεκάλεσεν.
3182 3616 3327 3670 Ἀλλ’
3373 3618 3422 3669 si
3461 3616 3562 3686 μὲν
3613 3617 3712 3686 τῆς
3757 3618 4104 3678 ἀποστασίας

2507 3710 2687 3763 αὐτῶν
2710 3709 3048 3775 διδάσκαλοι,
3082 3709 3175 3776 ἀφ’
3212 3703 3272 3762 οὗ
3314 3710 3412 3778 τῆς
3447 3709 3658 3762 Παύλου
3698 3711 3791 3762 καὶ
3851 3712 4105 3763 Ἰωάννου

2508 3805 2854 3872 μετωνυμίας
2874 3803 3033 3870 ἔλαχε
3063 3803 3125 3854 τὸ
3150 3802 3513 3853 ἁποστατικδν
3542 3802 3702 3854 τοῦτο
3731 3803 3824 3854 καὶ
3849 3805 4106 3872 μισόχρι-

2505 3916 2628 3951 οτον
2663 3897 2946 3966 σύνταγμα
2984 3897 3145 3966 μέχρι
3176 3896 3269 3948 τοῦ
3300 3894 3419 3948 καθ’
3449 3897 3592 3966 ἡμᾶς
3615 3897 3842 3965 ἥκοντος
3874 3898 4101 3966 χρόνου,

2502 3992 2595 4042 ἐπὶ
2625 3990 2880 4042 τοσοῦτον
2915 3989 3297 4059 προήχθησαν.
3335 3986 3544 4040 Ἐκεῖνο
3586 3989 3641 4039 δὲ
3671 3988 3751 4038 δεῖ
3781 3987 4098 4054 γινώσκειν,

2502 4085 2578 4145 ὡς
2607 4085 2656 4135 οί
2684 4081 2777 4134 νῦν
2804 4083 2904 4149 τῆς
2943 4082 3300 4141 ἀποστάσεως
3358 4079 3562 4146 ταύτης
3622 4079 3831 4141 παῖδες,
3873 4079 4101 4130 ἐπειδάν

2502 4174 2699 4236 αὐτούς
2724 4191 2805 4236 τις
2833 4174 3091 4241 ἁπαιτοίη
3125 4173 3249 4233 τοὺς
3276 4170 3540 4240 ἐξάρχους
3562 4171 3662 4239 τῆς
3692 4170 3946 4239 τοιαύτης
3963 4173 4103 4222 ἀπο-

2502 4262 2814 4332 πέμπεσθαι
2847 4261 3152 4330 βδελυρίας,
3186 4261 3440 4312 Μάνεντα
3477 4261 3599 4327 μὲν,
3624 4263 3714 4313 καὶ
3739 4261 3971 4323 Παῦλον,
4003 4263 4102 4313 καὶ

2515 4356 2790 4421 Ἰωάννην,
2842 4353 2938 4404 καί
2984 4369 3138 4410 τινας
3179 4352 3371 4412 ἄλλους
3416 4349 3712 4419 προθύμως
3767 4350 4102 4419 ἀναθεματί-

2503 4447 2696 4509 ζουσι·
2732 4447 3141 4498 Κωνσταντίνον
3168 4445 3224 4496 δὲ
3259 4445 3318 4496 ὂν
3373 4449 3464 4498 καὶ
3496 4446 3783 4497 Σιλουανὺν
3845 4446 4096 4506 καλοῦσι,

797 4552 934 4603 quos
973 4533 1546 4596 commemoravimus,
1573 4533 1778 4600 pariter
1804 4531 2267 4602 complectuntur,
2297 4534 2392 4586 sed
2427 4517 2470 4572 θ
2501 4553 2542 4587 κε

2352 4534 2392 4586 :d
2427 4517 2470 4572 θ
2501 4539 2594 4587 καὶ
2623 4537 2890 4603 Συμεῶνα
2916 4536 3004 4586 τὸν
3041 4538 3220 4601 Τῖτον,
3256 4538 3344 4588 καὶ
3381 4537 3628 4588 Γενέσιον
3662 4535 3753 4587 τὸν
3805 4535 4097 4603 Τιμόθεον,

795 4629 974 4682 cuncti
1004 4639 1255 4694 tanquam
1290 4624 1420 4678 deos
1451 4623 1933 4679 veneranturillos
1965 4640 2137 4693 usque
2163 4623 2232 4678 ad
2257 4626 2391 4677 Baa—

799 4734 919 4771 nem
951 4727 1004 4770 et
1051 4717 1324 4783 Sergium.
1355 4714 1482 4767 Post
1513 4710 1693 4767 autem
1730 4713 1782 4766 in
1810 4714 1948 4768 duas
2004 4725 2188 4784 partes
2255 4731 2390 4770 con-

799 4810 993 4863 trarias
1020 4807 1206 4870 divisi,
1242 4806 1333 4858 alii
1371 4804 1735 4866 Baanem,alii
1775 4805 2024 4874 Sergium
2055 4807 2109 4858 in
2141 4807 2388 4860 divorum

797 4915 1081 4954 numerum
1126 4896 1391 4963 referunt,
1429 4911 1536 4966 qua
1563 4896 1783 4964 quidem
1817 4895 1870 4948 in
1908 4898 2262 4951 contentione
2326 4912 2390 4950 eo

795 5006 968 5059 usque
992 4989 1433 5058 progrediuntur,
1464 4995 1522 5039 ut
1551 4986 1618 5040 ad
1650 5001 1801 5040 arma
1836 4986 2120 5055 caedesque
2147 4990 2388 5042 veniant.

796 5083 902 5136 Sex
941 5089 1118 5133 autem
1158 5079 1433 5134 Ecclesias
1463 5088 1746 5133 recensent
1772 5094 1922 5141 suas,
1964 5094 2196 5148 quarum
2226 5096 2388 5134 unam

794 5172 893 5226 Ma:
914 5173 1164 5226 edoniain
1187 5179 1406 5236 vocant,
1439 5169 1667 5223 alteram
1699 5170 1988 5234 Achaiam,
2019 5171 2240 5224 tertiam
2265 5171 2390 5226 Phi-

793 5263 1143 5345 lippensium’
1170 5272 1421 5332 quartam
1453 5259 1894 5325 Laodicensium,
1928 5262 2174 5331 quintam
2211 5264 2390 5334 Ephe-

791 5359 1019 5423 siorum,
1054 5354 1463 5411 Colossensium
1507 5365 1836 5409 extremam.
1883 5353 2081 5409 Verum
2121 5361 2236 5411 hac
2267 5368 2392 5412 sunt

793 5450 1009 5504 urbium
1053 5451 1294 5517 nomina,
1338 5451 1404 5504 de
1440 5451 1640 5518 quibus
1669 5458 1780 5502 tum
1806 5457 1961 5504 vetus
1990 5450 2237 5517 historia,
2276 5461 2390 5506 tum

795 5542 998 5597 Paulus
1026 5544 1299 5614 meminit.
1339 5542 1435 5597 Isti
1466 5557 1617 5608 vero,
1677 5543 1768 5610 qui
1818 5542 1955 5596 nihil
2006 5543 2124 5598 sine
2161 5543 2285 5599 dolo
2339 5554 2394 5597 et

790 5647 1003 5706 quazstu
1035 5647 1306 5691 conantur
1337 5649 1523 5706 agere,
1550 5650 1617 5689 ne
1643 5635 1733 5689 illa
1783 5637 2027 5705 quidem,
2052 5651 2175 5705 qum
2217 5638 2392 5692 oculis

789 5739 1454 5799 coargnuutur,verentur
1481 5726 1776 5784 allirmare.
1801 5729 2173 5784 Macedoniam
2208 5733 2393 5801 appel-

794 5823 1169 5878 lantColonia:
1194 5823 1538 5895 oppidulum,
1587 5824 1674 5879 cui
1736 5838 1932 5879 nomen
1966 5833 2044 5877 est
2107 5823 2383 5894 Cimossa,

2498 4630 2590 4680 xui
2625 4626 2822 4694 Ἰωσὴφ
2852 4628 2942 4678 τὸν
2981 4628 3392 4696 Ἐπαφρόδιτον,
3428 4629 3520 4680 καὶ
3550 4629 3640 4679 τὸν
3682 4627 3930 4696 ῥυπαρὸν
3981 4629 4100 4678 Βι-

2496 4721 2654 4789 άνην,
2688 4721 2781 4771 καὶ
2813 4720 3038 4789 Σέργιον
3085 4719 3174 4770 τὸν
3224 4720 3460 4789 Τυχικδν
3501 4721 3754 4788 οὐδαμῶς
3815 4721 4102 4789 ἀναθεμα-

2494 4814 2642 4865 τίςαι
2677 4813 3090 4883 καταδέχωνται,
3118 4817 3233 4867 ἀλλ’
3263 4811 3352 4868 οἷα
3391 4817 3456 4886 δὴ
3488 4816 3723 4885 Χριστοῦ
3766 4817 4104 4878 ἀποστόλους

2496 4907 2590 4956 καὶ
2636 4906 2733 4972 τῆς
2788 4905 3456 4972 εὐσεϐείαςυδιδασκάλους
3507 4907 3847 4970 ἀσπάζονταί
3892 4923 3952 4957 τε
4006 4906 4104 4958 καὶ

2493 4993 2871 5062 ἀποδέχονται.
2907 4995 2984 5047 Οὐ
3017 4997 3222 5058 πάντες
3281 4997 3362 5059 δὲ,
3405 4997 3529 5050 οὐδὲ
3585 4999 3712 5059 τοὺς
3772 4997 4102 5067 εἰρημένους

2497 5086 2707 5148 πάντας
2736 5087 2939 5156 ὁμοίως
2974 5088 3355 5155 περιέπουσιν,
3404 5089 3540 5141 ἀλλὰ
3591 5091 3716 5151 τοὺς
3779 5091 3880 5158 μὲν
3935 5089 4102 5160 μέχρι

2495 5179 2707 5232 Βαάνου
2744 5179 2838 5228 καὶ
2873 5178 3102 5248 Σεργίου
3137 5180 3547 5249 καταγομένους
3603 5179 3662 5245 ἐξ
3703 5180 3818 5232 ίσου
3848 5178 4100 5244 θειάζον-

2497 5290 2603 5336 σιν,
2637 5269 2846 5323 ἐκεῖθεν
2875 5271 2932 5323 δὲ
2969 5272 3231 5340 ραγέντες
3263 5274 3343 5333 εἰς
3373 5271 3702 5334 ἀντιπάλους
3737 5273 3830 5324 δύο
3847 5272 4098 5342 μερίδας,

2494 5368 2543 5418 οἱ
2579 5366 2676 5435 μὲν
2704 5365 2794 5416 τὸν
2834 5365 3075 5434 Βαάνην,
3101 5366 3150 5417 οἱ
3174 5366 3233 5416 δὲ
3261 5366 3572 5418 θεοποιοῦσι
3608 5367 3697 5418 τὸν
3740 5366 3968 5435 Σέργιον
4005 5367 4103 5417 ἐπὶ

2494 5459 2749 5512 τοσοῦτον
2783 5460 2882 5528 τὴν
2913 5457 3032 5510 κατ’
3063 5458 3310 5527 ἀλλήλων
3340 5459 3458 5528 ἔριν
3497 5460 3593 5512 καὶ
3643 5458 3838 5511 στάσιν
3885 5458 4101 5529 κρατύο

2496 5570 2703 5615 νοντες,
2760 5551 2836 5614 ὡς
2877 5552 2969 5602 καὶ
3025 5552 3192 5621 μέχρι
3219 5553 3434 5622 σφαγῆς
3471 5553 3654 5613 αὺτοῖ,
3699 5555 4004 5622 προχωρεῖν
4042 5553 4104 5603 τὸ

2498 5645 2824 5713 φιλόνεικον.
2864 5644 2963 5707 Ἐξ
2993 5643 3049 5695 δὲ
3074 5643 3258 5696 αὐτῶν
3298 5643 3724 5714 ἀνομολογοῦσιν
3778 5643 4101 5713 ἐκκλησίας,

2497 5733 2574 5789 ὧν
2605 5737 2706 5804 τὴν
2760 5735 2859 5806 μὲν
2905 5735 3249 5789 Μακεδονίαν
3293 5737 3575 5803 καλοῦσιν,
3642 5738 3868 5808 Ἀχαΐαν
3916 5737 3972 5790 δὲ
4002 5738 4107 5807 τὴν

2499 5829 2778 5898 δευτέραν,
2809 5827 2902 5881 καὶ
2932 5828 3124 5897 τρίτην
3151 5829 3251 5897 τὴν
3298 5830 3701 5898 Φιλιππησίων,
3749 5831 3836 5897 ἐφ’
3881 5827 3962 5896 οἷς
4005 5832 4106 5896 τὴν
