4420 6462
393 405 531 465 1193
1310 401 1690 461 PANOPLIA
1728 394 2138 457 ΒΟὒΜΑἰῚΩέ

1887 394 2181 453 MA'l‘ltlA.
2227 414 2289 422 -·-
2334 390 2478 448 ΤΙΤ.
2527 389 2733 446 XXIV.
3500 390 3632 451 1194

386 509 716 565 Λαοδικέων.
753 510 846 561 καὶ
870 511 1129 576 πέμπτην
1163 511 1259 573 τὴν
1288 510 1394 560 τῶν
1438 507 1722 573 Ἐφεσίων,
1778 504 1965 555 τελευ-
1996 506 2035 556 Α
2069 498 2119 550 ἱιι

1927 506 2035 556 ιοΑ
2069 498 2119 550 ἱιι
2180 514 2287 562 quo
2346 498 2664 551 defectionis
2718 497 3019 550 doctrinam
3078 496 3342 567 Sylvauiis
3396 500 3672 583 tradidit”

385 600 545 650 ταίαν
578 598 631 649 δὲ
656 598 753 665 τὴν
782 597 888 648 τῶν
918 598 1290 649 Κολοσσαέων.
1319 597 1478 648 Ἀλλά
1509 597 1577 647 τὰ
1597 598 1696 663 μὲν
1728 596 1968 661 ὀνόματά
2071 586 2130 637 PII

1893 596 1968 647 ,τά
2071 586 2242 653 Pagus
2263 597 2346 639 est
2367 587 2825 639 Samosateiisiiim
2850 586 3096 646 Manalis,
3122 590 3208 638 uhi
3236 587 3527 648 Geitesiiis,
3547 589 3638 654 qui

386 694 501 741 ἐστι
559 690 787 751 πόλεων,
850 682 925 740 ὦν
977 690 1070 740 καὶ
1120 688 1389 757 ἠπαλαιά
1441 689 1541 753 τὴν
1591 688 1793 755 γνῶσιν
1825 684 1967 755 εἶχεν
2070 688 2125 729 ει

1897 706 1967 754 [εν
2070 688 2125 729 et
2159 676 2496 739 Timotheus,
2542 677 2766 729 docendi
2792 677 2975 727 ludum
3009 677 3242 738 aperuit.
3276 676 3473 742 Pagum
3499 677 3642 727 hune.

344 832 352 839 .
390 781 622 849 ἱστορία,
659 782 806 832 καὶὸ
836 780 976 842 θεῖος
1002 779 1374 847 ἐμνημόνευσε
1409 779 1616 839 Παῦλος
1644 793 1657 808 ·
1681 780 1730 830 oi
1766 779 1823 830 δὲ
1865 795 1969 847 μη·
2072 767 2086 819 ί

1899 795 1969 845 η-
2072 767 2158 820 isti
2187 768 2448 820 Achaiam
2474 777 2691 820 vocant.
2730 767 2831 832 Qui
2884 781 3015 820 vero
3066 766 3307 833 Josephi,
3354 782 3449 820 seu
3506 766 3644 833 Epa-

390 870 478 921 δέν
499 870 682 923 ἄδολον
732 871 852 940 μηδ’
899 870 1276 937 ἀκαπήλευτον
1326 868 1756 937 φιλονεικοῦντες
1804 886 1972 923 κατα-
2072 858 2135 925 P"

1900 886 1972 923 ςα-
2072 857 2332 925 phroditi.
2368 866 2423 910 et
2452 857 2729 931 Zachariae
2764 857 3085 909 mercenarii
3123 859 3261 923 apud
3289 856 3435 923 ipsos
3463 866 3645 918 pasto-

389 962 587 1022 λιπεῖν,
624 960 747 1029 μηδ’
772 961 874 1013 ὅσα
924 960 1045 1027 ὄψει
1094 960 1452 1028 διελέγχεται,
1484 958 1619 1027 μηδέ
1651 958 1822 1011 ταῦτα
1852 959 1974 1010 δυσ-

392 1048 701 1116 ωπούμενοι
764 1048 1097 1101 Μακεδονίαν
1160 1048 1260 1117 μὲν
1321 1048 1644 1117 ὀνομάζουσι
1705 1049 1976 1117 πολίχνιόν

395 1159 449 1191 τι
478 1139 780 1201 Κολωνείας
826 1140 1157 1207 καλούμενον
1206 1139 1465 1203 Κίὸοσαν,
1493 1142 1550 1190 ἐν
1689 1141 1977 1192 Κωνσταν-

396 1235 538 1290 τίνος
572 1233 599 1281 ὁ
628 1229 912 1291 mnum;
939 1231 1037 1296 τὴν
1066 1228 1402 1281 ἀποστασίαν
1439 1228 1664 1294 ἐδίδαξε.
1719 1230 1891 1297 Κώμη
1922 1231 1979 1282 δέ

398 1322 733 1388 Σαμοσάτων
766 1321 912 1371 ἐστὶν
950 1322 980 1389 ἡ
1018 1322 1286 1382 Μάναλις,
1309 1322 1431 1388 ἥτις
1472 1322 1571 1387 τῆς
1603 1322 1855 1373 Γενεσίου
1885 1322 1978 1372 τοῦ

401 1413 495 1461 καὶ
526 1410 791 1477 Τιμοθέου
814 1410 1159 1471 διδασκαλίας
1191 1411 1559 1478 ἐχρημάτισεν
1595 1412 1979 1480 ἐργαστήριον.

405 1502 592 1569 Ταύτῃ
618 1501 674 1551 δὲ
705 1502 802 1570 τὴν
827 1502 1053 1569 Ἀχαΐαν
1084 1501 1531 1568 ἐπιφημίζουσιν.
1575 1501 1728 1553 Ὅσοι
1759 1502 1813 1553 δὲ
1873 1501 1983 1552 Ἰωο

405 1594 511 1660 σὴφ
538 1592 631 1643 τοῦ
677 1592 1069 1660 ’Ἐπαφροδίτου
1090 1632 1105 1653 ,
1135 1593 1227 1643 καὶ
1258 1592 1529 1660 Ζαχαρίου
1568 1591 1660 1643 τοῦ
1717 1591 1984 1659 μισθωτοῦ

403 1682 524 1732 κατ’
589 1680 784 1740 αὐτοὺς
844 1680 1097 1748 ποιμένος
1155 1679 1392 1748 μαθηταὶ
1432 1681 1832 1749 ἐχρημάτισαν,
1867 1682 1989 1732 τού-

402 1783 515 1827 τοις
574 1767 672 1834 τὴν
722 1767 831 1817 τῶν
875 1766 1257 1834 Φιλιππησίων
1310 1766 1694 1835 ἐπιγράφουσι.
1747 1770 1869 1829 Τοῖς
1931 1768 1989 1820 δὲ

2076 947 2152 1000 ris
2186 946 2431 1015 discipuli
2480 946 2720 1009 fuerunt,
2769 946 2821 998 lii
2866 946 2965 999 sibi
2996 945 3422 1013 Philippensium
3460 944 3646 997 Eccle-

2076 1035 2209 1086 siam
2237 1047 2511 1103 arrOgant.
2542 1036 2606 1087 At
2638 1038 2712 1089 illi
2741 1035 2834 1104 qui
2868 1036 2920 1087 iii
2975 1036 3138 1103 Ατςαί
3177 1035 3432 1100 oppidulo
3486 1035 3647 1087 habi-

2079 1135 2213 1189 tant,
2232 1125 2648 1180 Laodicensium
2685 1128 2983 1180 Ecclesiam
3045 1126 3147 1177 sibi
3213 1128 3510 1178 vindicant.
3544 1126 3647 1190 Qui

2079 1228 2260 1270 autem
2324 1220 2376 1270 in
2430 1218 2777 1285 Mopsuestia,
2843 1219 2893 1269 in
2947 1218 3302 1283 Ephesiorum
3357 1215 3649 1269 Ei-clesiam

2083 1307 2421 1374 rediguntur.
2458 1312 2686 1361 letarum
2728 1308 2890 1359 trium
2955 1306 3318 1360 Ecclesiarum
3362 1320 3654 1373 congrega-

2084 1398 2283 1448 tionem
2328 1396 2955 1476 doctrinainqueﬁergio
2989 1398 3118 1449 item
3144 1412 3239 1449 seu
3266 1398 3502 1465 Tychico
3555 1398 3653 1448 iri-

2087 1485 2274 1539 buunt.
2335 1488 2511 1555 Atque
2545 1489 2632 1541 isti
2667 1489 2882 1555 quidem
2913 1503 3100 1541 eorum
3138 1488 3382 1555 magistri
3444 1496 3497 1539 et
3554 1487 3657 1537 lii-

2056 1562 2266 1629 'clesite
2296 1577 2551 1630 dicuntur
2582 1592 2727 1641 esse,
2759 1578 3033 1644 multiplex
3065 1586 3244 1628 autem
3273 1576 3510 1642 ipsorum
3546 1576 3659 1626 h.c-

2089 1667 2227 1719 resis
2260 1683 2362 1719 non
2391 1683 2456 1719 ex
2494 1683 2602 1720 uno
2660 1682 2867 1731 errore,
2898 1670 2989 1719 sed
3044 1682 3108 1718 ex
3168 1667 3348 1717 multis
3390 1667 3662 1729 variisque

2090 1768 2322 1812 constat.
2352 1756 2484 1810 Nam
2508 1758 2616 1811 duo
2636 1758 2875 1810 tutentur
2898 1756 3182 1824 principia,
3207 1756 3659 1822 quemadmodum

405 1859 463 1910 ἐν
493 1856 689 1925 Ἀργαῒ
715 1859 781 1926 τῇ
816 1857 1055 1926 πολύχνῃ
1082 1858 1179 1927 τὴν
1206 1857 1510 1910 Λαοδικέων
1538 1859 1984 1928 ἐπικηρύττουσι,
2019 1851 2065 1910 Β
2092 1861 2147 1904 ει

1917 1877 1984 1923 τι,
2019 1849 2679 1917 ΒειΜιιιιίοΙιιεί.Αιιιιιε
2735 1850 2968 1902 alterum
3033 1847 3252 1916 quidem
3305 1846 3496 1899 dicunt
3541 1861 3662 1898 esse

404 1949 497 2000 καὶ
524 1951 649 2010 τοὺς
679 1950 734 1999 ἐν
762 1947 1104 2018 Μοψουεστία
1134 1950 1211 2010 εἰς
1238 1948 1335 2017 τὴν
1368 1948 1631 2016 Ἐφεσίων
1659 1950 1974 2016 μεταπλάτ-

405 2055 612 2103 τονσιν,
642 2042 831 2110 ῶσπερ
862 2041 954 2093 καὶ
980 2041 1105 2103 τοὺς
1133 2041 1461 2110 λεγομένους
1488 2042 1873 2113 Κυνοχωρίτας
1900 2044 1979 2105 εἰς

408 2131 506 2198 τὴν
545 2132 656 2183 τῶν
702 2132 1061 2184 Κολοσσαέων
1104 2133 1462 2200 ἀναφέρουσι.
1508 2132 1728 2185 Τούτων
1771 2132 1826 2183 δὲ
1872 2133 1983 2185 τῶν

411 2222 578 2291 τριῶν
608 2223 918 2292 ἐκκλησιῶν
947 2226 1041 2276 καὶ
1069 2224 1129 2275 τὸ
1161 2224 1442 2293 σύστημα,
1474 2226 1569 2276 καὶ
1596 2224 1693 2293 τὴν
1723 2224 1981 2276 διδασκα-

412 2313 533 2365 λίαν
574 2314 785 2385 Σεργίῳ
828 2315 906 2386 τῷ
947 2315 1044 2367 καὶ
1085 2315 1308 2385 Τυχικῷ
1352 2314 1724 2369 ἀνατιθέασιν.
1768 2315 1905 2366 Ἀλλ’
1937 2317 1987 2367 οί

417 2408 518 2475 μὲν
554 2408 888 2472 διδάσκαλοι,
927 2408 1024 2460 καὶ
1061 2409 1116 2459 αί
1149 2408 1442 2476 λεγόμεναι
1476 2407 1659 2459 αὐτῶν
1697 2408 1987 2475 ἐκκλησίαι

415 2498 473 2548 ἐν
509 2498 720 2559 τούτοις
746 2515 760 2528 ⁸
803 2501 902 2550 οὐκ
944 2500 1005 2550 ἐκ
1051 2499 1180 2568 μιᾶς
1229 2498 1287 2549 δέ
1328 2515 1473 2561 τινος
1514 2497 1743 2566 πλάνης,
1784 2496 1896 2550 ἄλλ’
1927 2501 1989 2550 ἐκ

419 2591 632 2642 πολλῶν
658 2592 749 2645 καὶ
781 2591 1044 2642 ποικίλων
1073 2592 1132 2643 τὸ
1162 2590 1504 2642 πολύπλοκον
1531 2589 1692 2642 τοῦτο
1721 2590 1817 2658 τῆς
1845 2591 1993 2660 αἱρέ-

421 2697 560 2743 σεως
598 2683 895 2751 συνέστηκε
933 2683 1208 2751 φρόνημα.
1240 2685 1344 2734 Δύο
1381 2683 1480 2751 μὲν
1511 2684 1618 2752 γάρ
1653 2683 1827 2751 ἀρχὰς
1861 2686 1992 2751 ὀμο-

422 2771 704 2838 λογοῦσιν,
729 2774 801 2836 ῶς
832 2775 881 2825 oi
911 2775 1206 2843 Μανιχαῖοι
1226 2790 1239 2803 ·
1274 2774 1407 2840 φασὶ
1430 2776 1487 2827 δὲ
1513 2775 1703 2841 ἕτερον
1733 2777 1832 2843 μὲν
1858 2770 1998 2826 εἶναι

424 2863 557 2915 Θεὸν
590 2865 682 2917 τὸν
718 2865 1043 2931 ἐπουράνιον
1078 2865 1329 2934 Πατέρα,
1362 2865 1422 2917 ὃν
1456 2868 1549 2919 καὶ
1581 2867 1681 2933 τῆς
1716 2866 1869 2919 τοῦδε
1903 2867 1997 2919 τοῦ

428 2958 629 3019 παντὸς
659 2958 910 3021 ἐξουσίας
943 2958 1363 3027 ὑπερορίζουσι,
1397 2959 1491 3009 τοῦ
1527 2958 1811 3027 μέλλοντος
1841 2960 2002 3028 μόνον

430 3050 492 3099 τὸ
534 3046 736 3115 κράτος
782 3045 931 3115 αύτῷ
972 3047 1412 3116 ἐγχειρίζοντες·
1460 3046 1650 3119 ἕτερον
1686 3048 1743 3101 δέ
1783 3052 1873 3100 τὸν
1912 3052 2005 3117 δη-

433 3139 693 3207 μιουργὸν
722 3138 817 3190 τοῦ
852 3139 1061 3207 κόσμου
1081 3179 1095 3203 ,
1125 3133 1167 3206 ᾧ
1199 3140 1294 3192 καὶ
1322 3139 1382 3192 τὺ
1414 3140 1583 3210 κῦρος
1612 3138 1707 3192 τοῦ
1742 3142 2007 3211 παρόντος

431 3232 625 3293 αἰῶνος
656 3230 989 3301 χαρίζονται.
1020 3232 1130 3283 Καὶ
1156 3234 1283 3294 τοὺς
1315 3234 1416 3300 μὲν
1440 3232 1656 3299 ἀληθῶς
1683 3231 1842 3295 ὄντας
1872 3234 2007 3303 Χρι-

436 3321 685 3382 στιανοὺς
723 3319 1029 3389 Ῥωμαίους
1075 3322 1123 3372 οἱ
1167 3320 1569 3391 τρισαλιτήριοι
1618 3322 2009 3388 ὀνομάζουσιν,

432 3412 647 3472 ἑαυτοῖς
676 3412 732 3463 δὲ
759 3414 859 3478 τὴν
892 3411 1107 3478 κλησιν,
1137 3412 1203 3481 ἧς
1235 3412 1506 3480 ἀλλότριοι
1538 3413 1821 3475 παντελῶς
1851 3413 2012 3466 καθε-

436 3508 705 3573 στήκασι,
739 3506 845 3558 τῶν
879 3504 1225 3575 Χριστιανῶν
1262 3505 1649 3575 περιάπτουσι.
1687 3506 1920 3573 Λέγουσι
1954 3507 2011 3558 δὲ

436 3596 678 3663 Πατέρα,
721 3598 816 3648 καὶ
862 3596 1010 3659 Υίὸν,
1055 3598 1149 3649 καὶ
1197 3597 1352 3665 ἆγιον
1401 3596 1647 3665 Πνεῦμα,
1693 3597 1866 3660 λέξεις
1914 3598 2014 3666 μὲν

436 3686 681 3747 εὐσεϐεῖς
703 3725 717 3749 ,
749 3687 1116 3740 ὑποϐάλλουσι
1150 3689 1207 3740 δὲ
1238 3692 1462 3751 ταύταις
1491 3689 1589 3759 τὴν
1619 3689 1857 3761 ἐσχάτην
1885 3690 2013 3742 ἀσέ-

439 3775 616 3830 ϐειαν.
649 3777 722 3828 Ού
754 3779 863 3847 γὰρ
893 3778 967 3840 ὡς
999 3780 1032 3849 ἠ
1062 3778 1157 3830 τοῦ
1193 3779 1330 3832 Θεοῦ
1363 3780 1625 3848 καθολικὴ
1657 3783 1754 3833 καὶ
1782 3784 2019 3834 ἀποστο-

440 3868 566 3937 λικὴ
593 3868 912 3937 Ἐκκλησία,
939 3869 1083 3922 οὕτω
1111 3871 1207 3922 καὶ
1229 3864 1374 3923 οὗτοι
1400 3872 1725 3941 φρονοῦντες
1748 3873 2019 3939 λέγουσιν,

442 3959 578 4011 ἀλλά
611 3960 710 4022 τάς
743 3961 921 4024 λέξεις
956 3963 1166 4014 ἐκεῖθεν
1198 3962 1730 4030 ἀποσπαράξαντες,
1762 3964 2022 4017 δυσσεϐε-

447 4052 672 4114 στάταις
718 4054 953 4117 ἐννοίαις
997 4052 1205 4117 ταύτας
1257 4055 1691 4126 ἐπιφημίζουσι,
1744 4059 1839 4109 καί
1887 4075 2021 4127 φασι

448 4142 766 4213 προθύμως,
800 4145 876 4209 ὡς
907 4145 1160 4215 ἀνάθεμα
1191 4147 1383 4216 εἴησαν
1412 4148 1528 4201 ὅσοι
1564 4147 1641 4218 μὴ
1673 4150 2024 4203 πιστεύουσιν

447 4236 528 4298 είς
560 4237 801 4306 Πατέρα,
833 4240 929 4291 καὶ
957 4239 1108 4302 Υίδν,
1138 4241 1231 4294 καὶ
1261 4241 1415 4308 ἆγιον
1446 4241 1694 4311 Πνεῦμα,
1724 4244 1940 4312 Πατέρα
1965 4246 2025 4298 ού

449 4329 542 4381 τὸν
586 4333 1024 4400 παντοκράτορα,
1071 4332 1165 4383 καὶ
1212 4333 1441 4403 ποιητὴν
1486 4335 1713 4403 ούρανοῦ
1762 4338 1857 4388 καὶ
1904 4339 2027 4405 γῆς,

450 4423 663 4490 ὁρατῶν
709 4440 767 4475 τε
824 4425 1043 4475 πάντων
1094 4424 1189 4477 καὶ
1240 4425 1490 4494 ἀοράτων
1539 4429 2029 4498 ἁνακηρύττοντες,

2084 1942 2278 2003 Deum.
2304 1941 2575 1995 cmlestcm
2611 1941 2846 2005 Patrem,
2880 1955 3041 2008 quem
3067 1948 3120 1992 et
3148 1940 3307 2007 hujus
3337 1954 3515 1993 rerum
3548 1942 3666 1991 uni-

2080 2032 2350 2085 versitatis
2381 2042 2647 2100 potestate
2698 2033 3125 2101 priestautinrem
3193 2046 3480 2097 asserunt;
3512 2034 3664 2086 alteri

2084 2125 2269 2182 mundi
2305 2126 2548 2177 tribuunt
2578 2126 2881 2194 upiliciuni.
2910 2124 2985 2179 Illi
3022 2137 3227 2178 tantum
3259 2126 3427 2179 futuri
3497 2126 3669 2192 impe-

2086 2213 2553 2277 riumascribunt,
2579 2214 2706 2268 huic
2768 2215 2952 2270 mundi
3007 2215 3187 2283 opitici
3239 2216 3522 2284 praesentis
3563 2232 3667 2267 sie-

2092 2307 2200 2359 culi
2246 2317 2570 2375 potestatem
2604 2308 2929 2361 concedunt.
2964 2307 3027 2359 Et
3070 2322 3163 2360 eos
3193 2309 3284 2375 qui
3345 2323 3470 2361 vere
3509 2308 3671 2361 Chri-

2090 2401 2252 2453 stiani
2285 2409 2431 2461 sunt,
2456 2399 2729 2453 Romanos
2758 2399 3050 2467 appellant,
3075 2400 3327 2453 homines
3356 2400 3526 2467 impii,
3566 2400 3669 2453 sihi

2092 2502 2271 2546 autem
2296 2490 2732 2547 Christianorum
2770 2502 3026 2561 arrogant
3068 2506 3289 2553 nomen,
3329 2506 3450 2544 cum
3507 2493 3574 2545 ab
3606 2509 3675 2546 eo

2095 2582 2297 2636 distent
2359 2597 2518 2649 quant
2564 2582 2898 2651 longissime.
2958 2583 3151 2636 Dicunt
3194 2582 3268 2635 illi
3307 2583 3525 2650 quidem
3572 2583 3676 2635 Pa-

2100 2683 2259 2738 trem,
2290 2684 2344 2726 et
2373 2673 2591 2734 Filium,
2628 2686 2678 2726 et
2708 2674 2966 2740 Spiritum
2996 2684 3272 2735 sanctum,
3299 2690 3418 2743 qua:
3447 2675 3664 2742 quidem

2098 2781 2258 2821 voces
2288 2775 2415 2819 sunt
2442 2766 2565 2835 piae,
2603 2766 2697 2819 sed
2733 2765 2839 2819 illis
2869 2776 3168 2820 extremam
3223 2767 3433 2820 addunt
3483 2767 3682 2833 impie-

2102 2870 2291 2915 tatem.
2316 2858 2433 2912 Non
2458 2858 2602 2911 enim
2646 2859 2838 2912 eodem
2891 2872 3081 2922 sensu,
3120 2873 3226 2926 quo
3279 2860 3553 2914 catholica
3626 2874 3685 2914 et

2106 2953 2399 3021 apostolica
2433 2952 2697 3016 Ecclesia,
2736 2968 2828 3005 eas
2863 2953 3236 3018 pronuntiant,
3269 2954 3361 3006 sed
3394 2953 3683 3007 admodum

2106 3046 2320 3097 diverso
2342 3026 2404 3096 ac
2427 3043 2769 3097 detestando.
2813 3042 2946 3096 Cum
3002 3049 3147 3097 enim
3214 3047 3506 3099 anathema
3565 3066 3690 3103 esse

2110 3132 2314 3200 dicant,
2344 3137 2654 3206 quicunque
2688 3154 2791 3191 non
2826 3137 3003 3192 credit
3058 3141 3107 3192 in
3146 3139 3359 3194 Patrem
3388 3152 3441 3194 et
3494 3141 3688 3196 Fitimu

2112 3240 2166 3283 et
2198 3229 2457 3299 Spiritum
2482 3242 2750 3293 sanetum,
2790 3230 3005 3284 Patrem
3039 3249 3143 3284 non
3171 3236 3523 3300 pronuntiant
3571 3251 3691 3287 om-

2119 3321 2475 3391 nipotenrem,
2513 3321 2774 3376 factorem
2834 3323 2957 3377 coeli
2996 3333 3051 3377 et
3103 3333 3280 3383 terrae.
3322 3325 3609 3377 visibilium
3639 3334 3694 3379 et

2120 3414 2493 3479 invisibilium,
2521 3413 2614 3467 sed
2635 3428 2754 3467 cum
2788 3412 3275 3481 Patremdixeriut,
3305 3418 3488 3469 statim
3521 3418 3694 3486 subji—

2118 3507 2287 3570 ciunt,
2318 3505 2616 3567 caelestem,
2651 3506 2736 3559 cui
2774 3509 2917 3559 nullo
2941 3510 3096 3558 modo
3120 3508 3243 3561 σα)ιὶ
3277 3519 3539 3562 eteorum
3575 3526 3694 3577 qui?

2122 3598 2242 3651 coeli
2277 3598 2483 3651 ambitu
2537 3600 2905 3663 centinentnr,
2953 3600 3289 3654 dominatum
3351 3603 3594 3657 tribuunt
3644 3615 3699 3658 et

2124 3697 2465 3757 potestatem.
2506 3690 2734 3756 Quidam
2802 3700 2980 3745 tamen
3010 3694 3130 3747 coeli
3188 3694 3354 3747 etiam
3405 3696 3696 3764 imperium

2123 3782 2394 3844 tribuunt,
2431 3798 2618 3835 eorum
2646 3798 2771 3837 vero
2796 3799 2915 3851 qua:
2981 3786 3119 3839 cmlo
3159 3788 3700 3854 comprehenduntur

2126 3890 2231 3928 non
2265 3876 2411 3928 item.
2456 3875 2534 3930 Ac
2596 3877 2830 3943 primum
2874 3878 3093 3945 quidem
3149 3880 3360 3932 esthoc
3401 3880 3701 3947 impietatis

2128 3964 2374 4033 ipsorum
2403 3977 2585 4035 caput.
2621 3967 2677 4019 lu
2725 3966 3132 4021 sanctissimam
3179 3978 3360 4019 autem
3416 3968 3701 4021 Dominam

2130 4066 2368 4110 nostram
2391 4057 2480 4111 Dei
2512 4056 2840 4111 Genilricem
2867 4074 2927 4111 ea
2966 4060 3251 4112 maledicta
3284 4060 3587 4128 COIijiciuul
3608 4065 3706 4113 lto-

2132 4147 2306 4201 mines
2336 4147 2701 4216 nefarii.qua:
2726 4165 2824 4202 nec
2883 4150 3148 4213 scribere,
3230 4166 3327 4205 nec
3377 4154 3563 4206 audire
3624 4151 3708 4205 fas

2133 4246 2235 4291 est.
2264 4236 2573 4303 Credimus,
2610 4242 2883 4309 inquiunt,
2916 4242 2965 4294 in
3002 4253 3249 4297 sanctam
3320 4244 3413 4297 Dei
3466 4243 3706 4297 Genitri-

2134 4345 2278 4394 cem,
2308 4333 2356 4384 in
2388 4346 2550 4400 quam
2579 4334 2862 4402 ingressus
2914 4345 3021 4399 est,
3065 4342 3118 4387 et
3162 4350 3225 4386 ex
3283 4350 3390 4403 qua
3450 4336 3712 4391 Dominus

2137 4437 2388 4491 egressus
2435 4434 2540 4487 est,
2593 4437 2645 4478 et
2708 4426 2789 4478 his
2832 4428 3013 4478 verbis
3069 4426 3351 4480 caelestem
3406 4426 3715 4496 intelligunt

452 4515 589 4566 ἀλλὰ
620 4515 837 4582 Πατέρα
865 4517 1097 4583 φάμενοι
1126 4518 1215 4567 τὸν
1242 4519 1565 4586 ἐπουράνιον
1590 4519 1751 4581 εὐθὺς
1780 4522 2035 4575 ἐπισυνά-
2068 4518 2110 4574 D
2140 4509 2197 4566 κίε

1969 4522 2035 4575 πά-
2068 4518 2110 4574 D
2140 4509 2464 4573 Jerusalem,
2499 4514 2551 4566 in
2577 4530 2734 4582 quam
2758 4529 3059 4582 praecursor
3106 4529 3202 4583 pro
3264 4517 3418 4569 nohis
3462 4517 3714 4573 Christus

455 4624 703 4672 πτουσιν,
808 4608 903 4661 καὶ
936 4608 1034 4677 τὴν
1066 4609 1387 4678 κυριότητα,
1416 4612 1506 4663 καὶ
1539 4612 1636 4681 τὴν
1665 4614 1914 4677 ἐξουσίαν
1941 4615 2036 4668 τοῦ

455 4699 687 4767 ούρανοῦ
723 4715 780 4749 τε
821 4700 912 4750 καὶ
947 4700 1054 4751 τῶν
1088 4701 1146 4751 ἐν
1182 4699 1330 4768 αὐτῷ
1369 4701 1581 4771 οὐδαμῆ
1625 4702 1875 4771 οὐδαμῶς
1917 4706 2038 4756 ἐπι-

456 4792 742 4860 τρέπουσι.
777 4792 932 4853 Τινὲς
966 4792 1021 4843 δὲ
1057 4791 1152 4843 τοῦ
1193 4791 1291 4859 μὲν
1324 4791 1553 4861 ούρανοῦ
1588 4793 1685 4861 τὴν
1722 4794 2041 4862 ἐπιστασίαν

463 4882 611 4951 αὐτῷ
642 4882 1038 4950 ἐγχειρίζουσι,
1070 4882 1178 4933 τῶν
1208 4881 1263 4933 δὲ
1296 4867 1779 4951 ἐμπεριεχομένῶν
1809 4883 1908 4935 οὐκ
1938 4884 2039 4939 ἔτι.

467 4976 575 5026 Καὶ
606 4975 665 5025 τὸ
698 4975 795 5041 μὲν
828 4974 1045 5043 πρῶτον
1074 4972 1257 5025 αὐτῶν
1287 4974 1385 5042 τῆς
1416 4972 1735 5038 δυσσεόείας
1763 4975 2004 5028 τοιοῦτον
2025 4991 2039 5004 ·

464 5065 915 5135 βλασφημοῦντες
960 5065 1016 5117 δὲ
1055 5064 1153 5133 τὴν
1193 5065 1502 5133 ὑπεραγίαν
1540 5064 1844 5119 Δέσποιναν
1883 5069 2044 5136 ἡμῶν

462 5159 747 5222 Θεοτόκον,
780 5157 817 5210 ἃ
856 5158 992 5228 μήτε
1027 5158 1217 5227 γραφῇ
1258 5157 1398 5227 μήτε
1434 5158 1572 5227 ἀκοῇ
1611 5157 1832 5226 θεμιτὸν
1868 5175 2044 5226 παρα-

460 5251 665 5316 δοῦναι,
701 5252 760 5304 ού
800 5251 1134 5320 πεφρίκασιν
1168 5251 1216 5302 0i
1250 5251 1657 5319 τρισαλιτήριοι
1692 5250 1871 5318 λέγειν
1893 5266 1906 5280 ⁸
1947 5253 2046 5304 Πι-

467 5349 732 5415 στεύομεν
758 5350 839 5410 είς
866 5346 963 5417 τὴν
992 5347 1267 5416 παναγίαν
1292 5347 1577 5410 Θεοτόκον,
1603 5348 1680 5410 εἰς
1709 5346 1775 5417 ἢν
1802 5346 2037 5417 εἰσῆλθε,

466 5443 562 5493 καὶ
597 5440 819 5509 ἐξῆλθεν
848 5439 876 5489 ὁ
912 5439 1137 5509 Κύριος.
1172 5438 1283 5489 Καὶ
1313 5440 1423 5501 τοῖς
1459 5440 1666 5507 ῥήμασι
1698 5438 1909 5499 τούτοις
1938 5438 2040 5506 τὴν

466 5532 581 5587 ἄνω
611 5532 1003 5585 ὑποϐάλλονται
1033 5528 1415 5600 Ἰερουσαλὴμ,
1448 5529 1540 5580 καί
1573 5545 1737 5599 φασιν
1769 5529 1845 5591 είς
1876 5528 2044 5598 αὐτὴν

468 5625 777 5696 πρόδρομον
804 5623 943 5693 ὑπὲρ
971 5623 1130 5694 ἡμῶν
1157 5621 1420 5677 εἰσελθεῖν
1446 5620 1535 5675 τὸν
1565 5619 1818 5690 Χριστὸν,
1847 5620 1921 5683 ὡς
1951 5621 2046 5673 καὶ

557 5802 778 5866 ‘Matth.
810 5820 961 5867 uri,
987 5803 1078 5866 26,
1102 5802 1190 5857 ΞΠ.

756 5906 1025 5971 ΓΑΤΠΟΙ..
1065 5905 1184 5965 (iii.
1224 5900 1462 5963 CXXX.

2140 4603 2457 4663 iiitroiverit,
2477 4605 2929 4672 qiiemiiditiodum
2946 4606 3108 4658 etiam
3134 4605 3382 4659 divusait
3401 4607 3715 4673 Apostolus.

2141 4696 2445 4765 Aliquando
2470 4699 2644 4750 coacti
2675 4701 2919 4752 conliteri
2948 4715 3008 4751 ei:
3047 4697 3267 4767 Virgine
3288 4699 3561 4753 Christum
3591 4717 3718 4771 pro—

2142 4790 2328 4852 diisse,
2363 4805 2558 4858 corpus
2591 4806 2621 4841 e
2649 4792 2788 4844 cmlo
2820 4792 3126 4859 suscepisse
3150 4792 3363 4851 dicunt,
3390 4808 3484 4861 per
3517 4795 3720 4864 ipsam-

2142 4895 2247 4949 que
2282 4892 2535 4951 tanquam
2576 4898 2670 4950 per
2702 4884 2947 4936 canalem
2981 4884 3288 4936 trausiisse.
3324 4882 3387 4936 Et
3448 4884 3719 4939 immacu-

2147 4975 2306 5027 latam
2339 4986 2392 5027 et
2416 4975 2776 5028 castissimam
2807 4972 3085 5043 Virginem
3144 4976 3282 5028 alios
3316 4978 3479 5030 etiam
3512 4993 3600 5031 ex.
3637 4978 3728 5031 ,ιυ-

2146 5068 2275 5135 si-ph
2305 5069 2503 5121 liberos
2528 5079 2649 5136 post
2684 5078 2896 5136 partum
2943 5069 3087 5121 illum
3117 5070 3408 5121 salutarent
3452 5071 3727 5138 peperisse

2147 5160 2500 5214 contendunt.
2549 5162 2811 5214 Similiter
2865 5171 2919 5213 et
2989 5160 3425 5213 communionem
3502 5160 3725 5228 pretiosi

2148 5252 2467 5318 corporiset
2498 5251 2781 5319 sanguinis
2822 5250 3023 5305 (lliriSIi
3066 5250 3156 5303 Dei
3192 5250 3360 5302 nostri
3412 5251 3727 5304 innumera—

2151 5342 2351 5395 hilibus
2382 5342 2734 5395 contumeliis
2764 5341 3061 5393 allicientes
3095 5356 3152 5393 se
3176 5342 3366 5393 dicunt
3421 5342 3726 5407 suscipere,

2150 5449 2272 5487 cum
2288 5448 2486 5502 corpus
2502 5443 2554 5486 et
2572 5434 2885 5502 sanguinein
2903 5433 3086 5485 dicant
3103 5448 3221 5486 esse
3238 5433 3395 5486 verba
3416 5430 3730 5499 illst.i)0llltttl

2152 5543 2271 5596 qua:
2325 5542 2447 5579 cum
2507 5526 2788 5594 discipulis
2837 5529 3115 5591 traderet,
3175 5526 3361 5580 dicent
3423 5526 3737 5594 protulisse.

2156 5633 2373 5689 nempe:
2410 5620 2661 5687 Accipite,
2703 5620 2981 5683 comedite,
3025 5628 3073 5672 et
3119 5619 3277 5672 bibite
3305 5620 3319 5649 ¹
3349 5636 3362 5682 ς
3391 5633 3565 5687 neque
3592 5616 3737 5671 enim

3333 5890 3406 5952 38
