4420 6462
845 457 980 522 1195

2087 463 2475 522 ΕΠΤΙΙΥΜΙΙ
2517 465 2878 526 ZIGABENI

3981 471 4117 534 1196

838 586 1030 637 panem
1050 579 1140 622 aut
1165 570 1344 623 vinum
1363 569 1693 625 adhibuisse.
1717 569 1945 626 Crucem
1966 574 2118 637 item,
2140 589 2302 642 quam
2319 576 2445 628 ado—
2471 584 2516 638 Α
2547 580 2574 628 ὁ

2370 576 2445 627 lo-
2471 584 2516 638 Α
2547 580 2574 628 ὁ
2613 581 2758 643 θεῖος
2794 579 3089 640 ἀπόστολος
3125 578 3248 648 ἔφη.
3280 579 3430 629 Ἐσθ’
3453 581 3539 631 ὅτε
3574 579 3629 630 δὲ
3667 581 4115 650 συνελαυνόμενοι

837 674 955 708 rare
987 671 1044 710 se
1072 657 1280 719 dicunt,
1319 656 1556 709 aﬂiciunt
1622 658 1940 724 ignominia.
1973 657 2203 712 Crucem
2266 661 2411 714 enim

837 748 1083 800 homines
1137 747 1462 800 fraudulenti
1527 757 1579 800 et
1639 750 1963 815 impostores
2021 748 2233 819 ﬁngunt
2291 765 2412 803 esse

832 839 1134 891 Christum.
1168 837 1289 906 Ipse
1321 838 1486 900 enim,
1559 837 1827 904 inquiunt.
1884 854 2076 892 manus
2133 842 2184 891 iu
2231 841 2412 894 crucis

833 933 1056 992 tignram
1086 927 1346 980 extendit.
1381 927 1572 980 Veram
1608 937 1784 981 autem
1817 943 2032 982 crucem
2061 929 2262 999 lignum
2312 946 2406 996 ap-

831 1019 1051 1083 pellant,
1068 1028 1118 1069 et
1134 1017 1522 1070 sceleratorum
1545 1017 1961 1071 instrumentum
1979 1019 2229 1088 supplicii
2258 1033 2407 1073 exse-

826 1113 1163 1165 crationibus
1214 1112 1526 1174 obnoxium,
1557 1121 1610 1164 et
1644 1112 1848 1164 idcirco
1883 1127 1988 1165 non
2018 1128 2138 1166 esse
2168 1112 2401 1165 adoran-

828 1207 972 1266 dam,
1001 1217 1096 1255 nec
1130 1202 1554 1268 suspiciendam.
1593 1203 1787 1255 Sacros
1816 1202 1944 1270 quin
1975 1205 2137 1256 etiam
2171 1202 2403 1270 prophe-

827 1307 910 1348 tas
937 1306 987 1347 ct
1020 1310 1238 1347 omnem
1286 1296 1568 1360 antiquam
1634 1293 2002 1359 Scripturam,
2055 1303 2109 1346 et
2169 1293 2406 1355 reliquos

825 1397 1046 1440 sanctos
1086 1385 1362 1452 rejiciunt.
1390 1393 1444 1436 et
1489 1383 1726 1436 latrones
1783 1398 1846 1435 ac
1905 1384 2054 1435 fures
2107 1383 2399 1450 appellant.

827 1477 883 1527 In
912 1475 1099 1540 primis
1123 1484 1299 1526 autem
1341 1473 1707 1540 apostolorum
1746 1473 2042 1540 principem
2071 1470 2286 1524 Petrum
2309 1486 2405 1522 ex-

824 1575 1129 1627 seerantur,
1160 1564 1302 1632 quod
1333 1564 1490 1616 liJem
1525 1564 1577 1614 in
1615 1564 1936 1629 magistrum
1986 1562 2261 1614 Christum
2296 1561 2428 1612 ah-.

831 1657 1066 1723 negavit.
1123 1654 1381 1717 Quamvis
1425 1653 1617 1706 doctor
1670 1651 1909 1720 ipsorum
1974 1649 2156 1703 Manes
2217 1660 2402 1717 aperte

823 1748 1020 1798 clamet
1055 1761 1117 1798 ac
1146 1744 1292 1798 dicat
1326 1759 1341 1796 :
1373 1741 1487 1796 Non
1519 1757 1638 1794 sum
1671 1756 1771 1810 ego
1803 1755 1831 1792 a
1863 1739 2235 1792 misericordia
2269 1738 2401 1792 alie-

827 1852 946 1894 nus.
979 1833 1435 1903 quemadmodum
1501 1830 1750 1884 Christus
1801 1831 1984 1882 dixit:
2023 1829 2270 1897 Quisquis
2323 1843 2402 1879 me

2523 671 2859 738 διυμολογεῖν
2891 679 2950 721 ἐκ
2978 674 3073 738 τῆς
3109 671 3384 738 Παρθένου
3420 671 3704 737 προελθεῖν
3733 673 3823 721 τὸν
3855 671 4109 740 Spatia,

2525 761 2745 812 ἐπειδὰν
2769 761 2904 821 ὂλως
2933 761 3475 826 συναναγκασθῶσιν,
3502 760 3708 810 ἀνωθεν
3739 762 3837 823 μὲν
3864 763 3924 811 τὸ
3952 763 4110 829 σῶμα

2527 851 2985 916 συγκατενεγκεῖν
3009 850 3171 900 αὑτὸν
3193 848 3632 918 τερατολογοῦσι,
3659 850 3726 900 δι’
3751 851 3919 918 αὐτῆς
3949 852 4006 902 δὲ
4035 851 4110 912 ὡς

2521 934 2611 985 διὰ
2650 933 2888 1004 σωλῆνος
2925 935 3337 1003 διεληλυθέναι,
3373 937 3471 987 καὶ
3502 936 3711 1003 ταύτην
3744 939 3842 1006 τὴν
3875 938 4106 991 ἄσπιλον

2524 1027 2616 1078 καὶ
2645 1026 2894 1095 καθαρὰν
2922 1027 3196 1096 Παρθένον
3223 1029 3364 1096 μετὰ
3385 1028 3477 1080 τδν
3504 1032 3775 1098 σωτήριον
3800 1031 3961 1082 τόκον
3987 1033 4105 1082 ἑτέ-

2524 1131 2649 1184 ρους
2694 1115 2846 1178 υἱοὺς
2885 1118 2949 1167 ἑκ
2987 1116 3081 1168 τοῦ
3122 1117 3324 1185 Ἰωσὴφ
3370 1118 3785 1188 παιδοποιῆσαι.
3831 1121 4106 1182 Ὡσαύτως

2522 1204 2619 1257 καὶ
2649 1205 2749 1274 τὴν
2784 1207 3070 1258 κοινωνίαν
3103 1207 3196 1259 τοῦ
3233 1207 3420 1274 τιμίου
3457 1194 3711 1276 σώματος
3746 1211 3840 1260 καὶ
3872 1211 4105 1278 αἵματος

2521 1295 2761 1363 Χριστοῦ
2793 1297 2888 1349 τοῦ
2915 1297 3056 1349 Θεοῦ
3088 1299 3249 1366 ἡμῶν
3284 1300 3511 1367 μυρίαις
3545 1299 3736 1369 ῦὸρεσι
3772 1301 4066 1360 πλύνοντες
4089 1341 4102 1361 ,

2517 1385 2880 1453 ἀποδέχεσθαί
2922 1405 3054 1455 φασι
3101 1389 3263 1457 σῶμα
3305 1392 3396 1441 καὶ
3439 1384 3580 1457 αἷμα
3617 1391 4104 1458 τερατολογοῦντες

2517 1475 2587 1524 τὰ
2619 1474 2914 1526 δεσποτικὰ
2947 1479 3170 1546 ῥήματα
3192 1521 3203 1538 ,
3239 1477 3275 1529 ἃ.
3307 1479 3400 1529 καί
3431 1495 3563 1546 φασι
3602 1480 3955 1546 μεταδιδόντα
3990 1485 4103 1541 τοῖς

2517 1563 2842 1626 ἀποστόλοις
2899 1568 3113 1617 είπεῖν·
3159 1568 3401 1630 Λάϐετε,
3462 1569 3702 1638 φάγετε,
3755 1571 3855 1622 καὶ
3904 1573 4099 1622 πιέτε·

2516 1652 2631 1705 ἀλλ’
2650 1655 2750 1707 ούκ
2774 1656 2938 1725 ἄρτον
2963 1657 3129 1708 ποθὲν
3146 1699 3160 1722 ,
3185 1659 3218 1726 ἢ
3242 1654 3386 1709 οἶνον
3412 1662 3856 1728 προσαγαγόντα.
3885 1663 3992 1712 Kal.
4015 1662 4104 1710 τὸν

2518 1745 2782 1807 ζωοποιὸν
2829 1748 2886 1798 δὲ
2943 1749 3176 1818 σταυρὸν
3223 1749 3676 1817 δυσφημοῦντες,
3731 1750 3893 1815 φασὶν
3941 1752 4103 1801 αὑτὸν

2514 1841 2847 1906 προσκυνεῖν
2866 1877 2880 1901 ,
2911 1841 3003 1891 καὶ
3032 1839 3393 1908 ἀποδέχεσθαι
3423 1841 3658 1910 σταυρὸν
3677 1882 3690 1903 ,
3719 1842 3766 1892 οἱ
3793 1841 3984 1892 πλάνοι
4011 1845 4103 1891 καὶ

819 1930 1078 1998 negaverit
1110 1943 1286 1980 coram
1319 1925 1637 1986 hominibus,
1684 1924 1882 1991 negabo
1911 1924 2079 1989 ipsum
2132 1935 2179 1973 et
2227 1937 2319 1988 ego
2365 1919 2406 1973 '.
2439 1924 2484 1982 B
2515 1942 2564 1993 γε

2365 1919 2406 1973 ⁸ο
2439 1924 2484 1982 Β
2515 1930 2743 1995 γόητες,
2777 1929 2940 1980 αὑτὸν
2973 1930 3407 1990 ἀναπλάττοντες
3438 1931 3529 1980 τὸν
3557 1931 3818 2000 Χριστόν.
3853 1931 3963 1982 Kal.
3993 1932 4101 2000 γάρ

823 2024 927 2075 Sed
988 2037 1086 2090 ego
1115 2022 1238 2074 dico
1277 2030 1293 2072 ξ
1335 2017 1594 2086 Quisquis
1643 2032 1728 2069 me
1760 2016 2063 2084 negaverit,
2101 2029 2222 2067 eum
2280 2028 2401 2067 cum

821 2117 1017 2183 gaudio
1052 2113 1366 2182 suscipiam,
1399 2121 1452 2164 et
1481 2109 1818 2178 negationem
1857 2110 2025 2175 ipsius
2052 2115 2216 2173 atque
2245 2119 2396 2158 men-

821 2204 1031 2258 dacium
1062 2213 1315 2270 tanquam
1343 2198 1641 2253 custodiam
1673 2207 1726 2251 et
1754 2197 2199 2250 observationem
2266 2207 2401 2247 mea

819 2294 1176 2362 professionis
1226 2290 1568 2344 existimabo.
1630 2286 1994 2353 Quamobrem
2058 2302 2179 2339 cum
2239 2286 2312 2338 ita
2345 2299 2402 2338 se

819 2398 1036 2456 gerant,
1065 2384 1378 2451 millicsque
1412 2398 1566 2436 suam
1604 2383 1845 2451 ipsorum
1895 2380 2052 2432 ﬁdem
2105 2379 2397 2446 abnegent,

817 2480 1037 2535 Petrum
1076 2488 1278 2539 tamen,
1313 2477 1403 2545 qui
1436 2475 1621 2528 multis
1659 2474 1848 2528 eodem
1920 2483 2164 2542 tempore
2221 2481 2391 2523 terro-

819 2588 930 2625 rem
967 2570 1340 2633 aﬂerentihus,
1377 2567 1677 2620 humanum
1708 2566 1891 2619 nescio
1923 2566 2050 2633 quid
2083 2576 2396 2631 perpessus,

816 2667 869 2718 in
893 2663 1234 2732 negationem
1266 2659 1552 2728 prolapsus
1576 2667 1680 2722 est,
1716 2656 2045 2724 rejiciuutet
2069 2653 2381 2730 repudiarit,

816 2766 978 2826 atque
1010 2766 1353 2815 aversantur,
1381 2767 1485 2805 non
1513 2766 1633 2804 eam
1665 2753 1733 2802 ob
1766 2764 1986 2803 causam
2023 2762 2184 2814 quam
2227 2747 2398 2798 simu-

816 2852 947 2912 laut,
985 2848 1077 2902 sed
1103 2847 1171 2899 ob
1203 2860 1321 2898 eam
1358 2857 1518 2912 quam
1554 2843 1714 2896 silent
1748 2853 1802 2892 et
1833 2842 2046 2892 celant:
2078 2839 2202 2905 quia
2239 2837 2401 2889 nimi-

814 2959 932 2996 rum
969 2943 1033 2993 de
1063 2941 1301 3007 ipsorum
1331 2935 1635 2990 defectione
1673 2945 1797 2985 ante
1827 2931 2039 2984 locutus
2070 2938 2154 2986 est
2185 2948 2196 2983 :
2235 2929 2399 2982 Sata-

813 3039 936 3105 gi'e,
972 3034 1166 3102 inquit,
1219 3030 1551 3084 immaculati
1582 3039 1627 3080 et
1662 3024 2144 3089 irreprehensibiles
2174 3023 2220 3075 ei
2253 3023 2397 3074 inve-

814 3131 915 3180 niri
943 3130 993 3178 in
1027 3139 1192 3193 pace;
1225 3132 1272 3174 et
1317 3121 1527 3172 Domini
1568 3119 1734 3170 nostri
1793 3115 2244 3184 longanimitatem
2283 3130 2400 3163 οια-

812 3224 970 3271 lntem
1013 3216 1377 3275 arbitramini,
1413 3221 1546 3264 sicut
1579 3221 1624 3262 et
1658 3210 2000 3261 clturissimus
2030 3209 2193 3276 frater
2225 3207 2398 3257 rioster

813 3311 1012 3362 Paulus
1059 3305 1344 3359 secundum
1407 3305 1585 3354 datam
1658 3301 1760 3352 sibi
1814 3301 2132 3365 sapientiam
2188 3299 2392 3365 scripsit

819 3403 979 3462 vobis,
1006 3401 1140 3452 sicut
1166 3407 1214 3450 et
1243 3398 1297 3447 in
1327 3395 1567 3448 erunibus
1587 3391 1821 3460 epistolis
1856 3391 2070 3457 loquens
2098 3390 2153 3441 in
2219 3390 2292 3440 eis
2342 3398 2391 3437 et

810 3497 870 3548 de
895 3495 995 3555 Itis,
1027 3493 1082 3543 in
1115 3490 1303 3559 quibus
1351 3495 1473 3540 sunt
1529 3487 1772 3554 quadam
1819 3484 2050 3552 difﬁcilia
2096 3483 2390 3540 intellectu,

809 3583 1141 3656 quwindocti
1167 3591 1215 3634 et
1240 3578 1513 3632 instabiles
1536 3577 1843 3644 depravant,
1876 3575 2009 3626 sicut
2060 3584 2108 3625 et
2175 3582 2393 3625 αιτιοι-(ιε

814 3679 1116 3746 Scripturas
1175 3674 1243 3726 ad
1302 3688 1454 3725 suam
1497 3673 1725 3737 ipsorum
1787 3667 2211 3735 perditionem’.
2271 3664 2392 3716 llarc

809 3774 953 3825 enim
987 3767 1244 3837 principis
1276 3764 1645 3832 apostolorum
1672 3760 1893 3814 oracula
1928 3758 2192 3812 adversus
2253 3761 2384 3811 isto-

812 3883 928 3919 rum
958 3863 1238 3916 audaciam
1269 3869 1322 3911 et
1353 3859 1682 3926 impietatem
1711 3855 1968 3923 pra-dicta
1994 3862 2138 3915 sunt,
2164 3851 2251 3918 qui
2285 3860 2392 3902 tam

813 3957 1022 4012 Domini
1079 3952 1268 4015 verba,
1302 3965 1462 4018 quum
1520 3947 1916 4015 apostolorum,
1951 3952 2004 3995 et
2049 3943 2187 3995 alias
2246 3941 2394 3994 Scri-

804 4063 1012 4120 pmras,
1041 4060 1098 4098 ut
1130 4047 1263 4097 Acta
1295 4042 1692 4110 apostolorum,
1717 4046 1771 4091 et
1820 4052 1956 4107 quas
2005 4050 2260 4088 vocamus
2300 4049 2392 4086 ca-

806 4143 1037 4193 tholicas
1067 4134 1356 4203 Epistolas,
1401 4133 1641 4201 exceptis
1701 4130 1807 4183 illis
1865 4143 1985 4197 quae
2040 4137 2166 4181 sunt
2223 4124 2392 4189 Petri,

805 4248 940 4302 quas
973 4244 1037 4282 ne
1069 4228 1233 4281 verbo
1272 4226 1514 4294 quidem,
1549 4233 1605 4275 ut
1641 4221 1904 4285 diximus,
1970 4219 2271 4286 accipiunt,
2319 4218 2387 4271 ad

807 4325 1079 4391 premium
1115 4334 1354 4388 Ipsorum
1387 4317 1665 4371 interitum
1718 4314 2036 4381 depravant.
2071 4311 2391 4378 Quanquam

805 4427 858 4469 ιιι
885 4419 1015 4467 Acta
1048 4412 1414 4478 apostolorum
1451 4419 1504 4462 ct
1524 4409 1763 4476 reliquas
1793 4406 2091 4463 catholicas
2115 4420 2221 4458 non
2278 4418 2395 4457 om-

803 4526 904 4561 nes
942 4506 1226 4571 recipiunt,
1299 4501 1518 4571 quidam
1580 4510 1760 4552 tamen
1822 4514 1883 4551 ea
1945 4499 2238 4565 recipiunt.
2299 4497 2392 4551 sed

805 4615 993 4652 munes
1027 4614 1135 4649 uno
1171 4609 1443 4649 consensu
1483 4592 1737 4658 rejiciunt
1767 4589 2085 4658 prophetas,
2126 4601 2178 4642 et
2225 4587 2392 4642 Vetus
2425 4619 2470 4675 Β

805 4691 1239 4750 Testamentum,
1283 4697 1336 4741 et
1385 4687 1666 4739 universos
1712 4693 1948 4746 sanctos,
2004 4682 2090 4746 qui
2158 4681 2210 4733 in
2281 4681 2393 4748 ipso

803 4785 1008 4838 fuerint
1041 4784 1303 4843 illustres,
1333 4788 1386 4832 et
1441 4778 1741 4846 principem
1813 4773 2210 4843 apostolorum.
2255 4773 2398 4826 Con-

802 4891 1139 4933 sessussuos
1187 4873 1508 4927 catholicam
1565 4869 1839 4937 appellant
1901 4867 2220 4928 Ecclesiam,
2259 4881 2398 4934 pra:-

801 4977 990 5027 srrtim
1019 4985 1140 5023 cum
1173 4968 1237 5021 ad
1272 4964 1607 5035 precandum
1661 4969 1716 5013 et
1745 4962 1809 5012 ad
1841 4976 1927 5019 ea,
1974 4975 2094 5026 qua:
2134 4962 2200 5011 ad
2272 4959 2396 5011 reli-

801 5074 1013 5137 mortem
1065 5065 1358 5134 pertinent,
1413 5061 1736 5127 inquirenda
1771 5068 2214 5127 congregantur;
2277 5073 2398 5125 pre-

804 5165 1046 5219 catoines
1076 5161 1219 5214 enim
1259 5172 1386 5210 suas
1415 5167 1705 5207 consessus
1774 5159 1988 5203 vocant.
2029 5150 2169 5215 Quin
2228 5151 2395 5203 etiam

802 5276 920 5314 (uin
954 5251 1101 5319 bapti
1139 5264 1283 5303 mum
1326 5254 1712 5311 aspernentur.
1745 5241 1871 5294 illud
1901 5248 2079 5293 tamen
2103 5255 2158 5292 se
2191 5239 2399 5309 ﬁngunt

799 5350 1116 5417 suscipere;
1154 5358 1276 5394 nam
1310 5337 1582 5405 Evangelii
1616 5340 1779 5388 verba
1841 5333 2174 5401 baptismum
2210 5334 2397 5386 existi-

798 5453 963 5499 munt,
988 5437 1243 5508 quoniam
1310 5432 1591 5492 Dominus,
1664 5427 1773 5496 Ego
1827 5442 1966 5489 sum,
2013 5427 2207 5494 inquit,
2251 5443 2387 5494 aqua

798 5554 909 5588 Ull'ﬂ
935 5534 973 5595 ἓ.
1006 5534 1259 5583 Αιιειιιεεη
1295 5543 1414 5579 cum
1447 5527 1495 5576 in
1530 5523 1836 5592 graviorem
1861 5519 2097 5587 aliquem
2131 5522 2378 5572 morbum

795 5626 1119 5688 inciderint,
1154 5623 1315 5676 etiam
1354 5619 1644 5688 pretiosam
1685 5629 1745 5666 ac
1802 5613 2096 5665 salutarem
2166 5627 2381 5666 crucem

789 5741 852 5777 ex
887 5723 1035 5792 ligno
1072 5717 1373 5773 confectam
1404 5713 1507 5766 sibi
1540 5709 1671 5779 ipsis
1712 5709 2019 5776 imponunt.
2068 5705 2266 5758 Deinde
2335 5708 2378 5760 si

1368 5896 1386 5925 ³
1432 5893 1473 5947 ll
1501 5895 1644 5950 Pctr.
1686 5911 1767 5958 ιιι,
1802 5895 1987 5950 H-IG.

860 5908 872 5938 ’
919 5903 1169 5966 .“allllJ,

2512 2018 2678 2080 αὐτὸς
2702 2057 2717 2082 ,
2756 2019 2962 2085 φασίν,
3001 2021 3080 2081 είς
3121 2021 3359 2088 σταυροῦ
3401 2021 3588 2090 σχῆμα
3621 2022 3720 2082 τὰς
3756 2026 3946 2091 χεῖρας
3979 2023 4102 2091 ὲξήυ

2510 2109 2716 2163 πλωσε.
2752 2110 2857 2161 Τὸν
2887 2110 3108 2179 ἀληθῶς
3139 2111 3194 2162 δὲ
3233 2114 3486 2180 σταυρὸν,
3523 2112 3619 2164 ἆτε
3653 2113 3716 2181 δὴ
3749 2114 3905 2177 ξύλον
3935 2131 4098 2181 φασι,

2505 2203 2605 2256 καὶ
2652 2201 2978 2271 κακούργων
3006 2203 3256 2272 ὄργανον,
3287 2205 3377 2256 καὶ
3417 2205 3519 2256 ὑπὸ
3555 2205 3694 2274 ἀρὰν
3729 2209 4001 2272 κείμενον,
4035 2210 4097 2257 οὐ

2503 2290 2584 2341 δεῖ
2613 2293 2941 2356 προσκυνεῖν
2969 2294 3062 2342 καὶ
3119 2293 3483 2356 ἀσπάζεσθαι.
3521 2294 3684 2346 Ἀλλά
3712 2299 3807 2348 καὶ
3835 2301 3946 2368 γὰρ
3973 2301 4100 2357 τοὺς

2508 2382 2686 2448 ἱεροὺς
2720 2381 3013 2449 προφήτας
3035 2420 3050 2444 ,
3084 2385 3178 2433 καὶ
3211 2385 3393 2436 πᾶσαν
3423 2385 3520 2454 τὴν
3551 2386 3791 2440 παλαιάν
3828 2389 4054 2458 Γραφὴν
4079 2432 4094 2452 ,

2505 2473 2601 2523 καὶ
2631 2473 2756 2534 τοὺς
2788 2471 2985 2535 ἄλλους
3017 2475 3458 2544 ἀποστρέφονται
3489 2479 3680 2544 ἁγίους
3704 2517 3718 2541 ,
3751 2480 3957 2548 λῃστὰς
3991 2484 4092 2531 αύ-

2503 2563 2630 2624 τούς
2673 2566 2766 2616 καὶ
2811 2565 3057 2626 κλέπτας
3103 2567 3533 2630 ἀποκαλοῦντες.
3578 2568 3833 2622 Μάλιστα
3875 2571 3932 2621 δὲ
3982 2570 4093 2619 τῶν

2503 2655 2818 2707 ἀποστόλων
2852 2657 2943 2709 τὸν
2980 2660 3279 2727 κορυφαῖον
3319 2659 3523 2727 Πέτρον
3555 2659 3972 2730 δυσφημοῦσιν,
4008 2662 4095 2712 ὅ;ι

2505 2748 2727 2814 γέγονεν
2760 2748 2983 2815 ἔξαρνος
3014 2751 3111 2817 τῆς
3143 2752 3222 2812 εἰς
3254 2751 3345 2801 τόν
3374 2750 3697 2804 διδάσκαλον
3730 2754 3823 2803 καὶ
3853 2754 4094 2821 Χριστὸν

2506 2841 2765 2901 πίστεως,
2802 2842 2978 2892 καίτοι
3012 2857 3074 2907 γε
3105 2841 3200 2892 τοῦ
3230 2842 3562 2895 διδασκάλου
3594 2845 3776 2896 αὐτῶν
3807 2846 4088 2904 Μάνεντος

2501 2928 2837 2997 διαπρυσίως
2868 2930 3053 2990 αὐτοῖς
3086 2931 3414 2999 ὲμὸοῶντος,
3447 2936 3541 2984 καὶ
3575 2933 3825 3001 λέγοντος
3858 2935 3932 2996 ὠς
3967 2937 4082 2987 Ούκ

2503 3022 2617 3088 εἰμί
2652 3021 2760 3085 ἐγὼ
2797 3020 3166 3089 ἄσπλαγχνος,
3203 3022 3279 3084 ῶς
3314 3024 3633 3092 δΧριττὸς,
3669 3027 3697 3076 ὁ
3735 3025 3925 3089 εἰπὼν,
3951 3027 4094 3078 Ὀσο

2503 3128 2593 3174 τις
2617 3126 2695 3178 με
2725 3110 3066 3178 ἀρνήσηται
3098 3112 3442 3180 ἔμπροσθεν
3465 3113 3583 3165 τῶν
3608 3115 3953 3182 ἀνθρώπων,
3987 3118 4093 3184 ἀρ-

2500 3202 2762 3270 νήσομαι
2793 3204 2981 3255 αὑτὸν
3014 3203 3194 3272 κάγώ.
3238 3204 3379 3256 Ἀλλ’
3405 3205 3518 3272 ἐγὼ
3534 3206 3698 3274 λέγω,
3724 3207 3827 3259 Τὸν
3845 3210 4089 3278 ἀρνησά-

2508 3294 2669 3362 μενόν
2701 3310 2765 3362 με
2802 3295 2941 3362 μετά
2973 3297 3151 3363 χαρᾶς
3184 3295 3579 3365 προσδέχομαι,
3611 3299 3706 3350 καὶ
3734 3300 3830 3368 τὴν
3860 3302 4092 3369 ἄρνησιν

2503 3384 2668 3437 αὑτοῦ
2692 3425 2705 3446 ,
2745 3388 2837 3437 καὶ
2869 3387 2930 3438 τὸ
2960 3385 3155 3454 ψεῦδος
3178 3426 3191 3449 ,
3227 3388 3303 3450 ὼς
3339 3389 3592 3458 φυλακὴν
3627 3391 3721 3442 καὶ
3757 3394 4092 3460 συντήρησιν

2503 3481 2601 3540 τῆς
2635 3479 2776 3546 ἐμῆς
2806 3479 3105 3547 ὁμολογίας
3136 3481 3436 3549 ἡγήσομαι.
3469 3481 3608 3533 Ἀλλ’
3631 3479 3726 3536 οὖν
3751 3483 3920 3546 οὕτως
3949 3485 4091 3553 ἔχον·

2502 3587 2620 3635 τες,
2659 3581 2751 3622 και
2790 3574 3057 3640 μυριάκις
3091 3573 3189 3642 τὴν
3225 3575 3438 3626 ἑαυτῶν
3473 3574 3866 3645 ἐξαρνούμενοι
3906 3580 4091 3631 πίστιν

2501 3665 2658 3716 αὐτοὶ
2686 3665 2779 3716 τὸν
2810 3666 2949 3733 πρὸς
2987 3667 3161 3736 βραχύ
3195 3685 3247 3718 τι
3282 3669 3556 3720 τοσούτων
3589 3670 3768 3738 ᾳόεων
3803 3687 4092 3740 περιεστη-

2502 3756 2676 3806 κότων
2703 3753 3049 3823 ἀνθρώπινόν
3081 3772 3128 3807 τι
3162 3756 3406 3810 παθόντα
3438 3759 3666 3828 Πέτρον,
3700 3765 3792 3812 καὶ
3823 3763 3961 3829 πρὸς
3996 3763 4094 3831 ἄρ-

2502 3864 2659 3917 νησιν
2693 3848 3135 3918 ὑπολισθήσαντα
3168 3850 3479 3916 ἀπόόλητον
3510 3853 3796 3915 παντελῶς
3831 3856 3928 3906 καὶ
3961 3857 4096 3906 ἀπο-

2501 3944 2764 4013 τρόπαιον
2805 3942 3068 4009 τίθενται,
3112 3944 3173 3995 ού
3226 3944 3292 3995 δι’
3325 3945 3352 3996 ὃ
3403 3947 3870 4013 προφασίζονται,
3913 3948 4033 3998 ἀλλ’
4063 3949 4092 3999 ὃ

2504 4035 2702 4104 σιγῶσι
2733 4037 2827 4089 καὶ
2855 4035 3307 4106 ἀποκρύπτονται
3330 4053 3343 4067 ο
3398 4037 3537 4089 διότι
3570 4041 3701 4108 περὶ
3728 4043 3826 4109 τῆς
3857 4043 4094 4092 astuan-

2505 4128 2625 4191 σίας
2684 4131 2867 4182 αὐτῶν
2925 4131 3346 4200 προανεκήρυξε
3405 4132 3629 4198 λέγων’
3694 4134 4093 4186 Σπουδάσατε

2502 4221 2752 4276 ἄσπιλοι
2785 4223 2884 4275 καὶ
2919 4223 3144 4291 ἄμωμοι
3181 4223 3341 4287 αὐτῷ
3375 4222 3694 4290 εὑρεθῆναι
3736 4228 3807 4276 ἐν
3839 4227 4051 4293 εἰρήνῃ
4074 4267 4089 4287 ,

2503 4313 2600 4367 καὶ
2627 4316 2741 4381 τὴν
2766 4315 2872 4367 τοῦ
2902 4317 3123 4383 Κυρίου
3151 4315 3322 4383 ἡμῶν
3340 4319 3761 4385 μακροθυμίαν
3786 4320 4095 4384 σωτηρίαν

2503 4405 2771 4474 ἡγεῖσθε,
2816 4406 3011 4471 καθὼς
3055 4407 3156 4459 καὶ
3201 4409 3233 4460 ὀ
3280 4408 3590 4475 ἀγαπητὸς
3633 4409 3802 4477 ἡμῶν
3847 4410 4091 4475 Παῦλος

2504 4499 2652 4551 κατὰ
2687 4498 2801 4564 τὴν
2836 4498 3120 4551 δοθεῖσαν
3154 4501 3316 4562 αὐτῷ
3361 4503 3589 4567 σοφίαν
3621 4500 3891 4568 ἔγραψεν
3923 4501 4088 4568 ὑμῖν,

2503 4593 2602 4644 καὶ
2639 4591 2706 4642 ἐν
2741 4590 2968 4656 πάσαις
3000 4591 3130 4656 ταῖς
3168 4591 3522 4658 ἐπιστολαῖς
3555 4590 3741 4647 αὑτοῦ
3779 4593 3988 4646 ,λαλῶν
4021 4597 4092 4646 ἐν

2498 4683 2708 4748 αὑταῖς
2738 4685 2870 4749 περὶ
2905 4685 3153 4747 τούτων,
3185 4684 3255 4735 ἐν
3284 4680 3374 4749 οἷς
3404 4687 3536 4737 ἐστι
3569 4685 3882 4751 δυσνόητά
3915 4704 4048 4738 τινα
4072 4727 4086 4748 ,

2495 4779 2531 4830 d
2559 4781 2612 4830 οι
2642 4776 2880 4845 ἀμαθεῖ(
2917 4777 3014 4828 καὶ
3043 4777 3396 4843 ἀστήρικτοι
3423 4778 3850 4844 στρεϐλοῦσιν,
3879 4779 3961 4842 ὡς
3989 4781 4084 4830 καὶ

2496 4869 2603 4931 τὰς
2636 4868 2856 4932 λοιπὰς
2877 4868 3124 4936 Γραφὰς
3160 4870 3309 4934 πρὸς
3346 4868 3459 4935 τὴν
3494 4869 3657 4920 ἰδίαν
3690 4867 3888 4920 αὐτῶν
3923 4869 4085 4920 ἀπώ-

2495 4967 2687 5014 λειαν.
2718 4961 2799 5012 Ta
2835 4961 2939 5030 γὰρ
2969 4961 3064 5012 τοῦ
3097 4963 3402 5028 κορυφαίου
3433 4960 3607 5012 ταῦτα
3636 4959 3791 5027 λόγια
3825 4963 4087 5030 ἄντικρυς

2494 5057 2594 5124 τὴν
2637 5055 2814 5107 αὐτῶν
2863 5052 3345 5124 προανακηρύττει
3391 5054 3597 5121 τόλμαν
3641 5070 3700 5104 τε
3749 5053 3844 5104 καὶ
3892 5054 4087 5105 δυσσέ-

2496 5151 2671 5215 ϐειαν,
2701 5149 2750 5202 οἳ
2779 5148 2918 5201 αὑτά
2943 5164 3001 5198 τε
3031 5148 3099 5198 τὰ
3130 5146 3388 5215 Κυριακά
3420 5144 3600 5211 λόγια,
3635 5145 3731 5197 καὶ
3759 5145 3823 5196 τά
3854 5148 4088 5198 ἀποστο-

2493 5243 2640 5306 λικὰ,
2676 5243 2771 5293 καὶ
2803 5240 2901 5303 τὰς
2939 5239 3105 5300 ἄλλας
3145 5238 3399 5307 Γραφάς,
3435 5238 3585 5305 φημὶ
3618 5236 3681 5305 δὴ
3713 5238 3809 5299 τάς
3840 5254 3898 5288 τε
3939 5238 4084 5304 Πρα-

2492 5337 2604 5402 ξεις
2635 5335 2745 5387 τῶν
2775 5333 3119 5394 ἀποστόλων,
3153 5333 3244 5382 καὶ
3276 5331 3375 5392 τὰς
3411 5329 3724 5391 Καθολικάς
3757 5329 4080 5396 λεγομένας,

2495 5429 2637 5496 πλὴν
2681 5427 2786 5478 τῶν
2816 5424 3248 5493 ἀναφερομένων
3288 5422 3368 5484 είς
3393 5422 3482 5472 τὸν
3510 5423 3836 5491 κορυφαῖον,
3866 5420 4084 5482 ὲκείνας

2496 5521 2601 5588 γὰρ
2638 5519 2760 5569 οὐδὲ
2794 5521 2902 5577 τοῖς
2945 5518 3157 5586 ῥήμασι
3197 5515 3646 5583 παραδέχονται,
3687 5513 4082 5582 στρεϐλοῦσιν,

2494 5616 2567 5674 ὡς
2606 5613 2860 5682 εἴρηται,
2895 5613 2988 5662 καὶ
3027 5609 3423 5678 διαστρέφουσι
3459 5609 3598 5678 πρὸς
3631 5609 3726 5677 τὴν
3760 5608 3896 5658 ἰδίαν
3930 5606 4085 5659 ἀπώ-

2495 5707 2664 5757 λειαν.
2703 5705 2809 5756 Καὶ
2839 5702 2936 5765 τὰς
2977 5700 3212 5772 Πράξεις
3246 5699 3304 5752 δὲ
3335 5700 3446 5754 τῶν
3475 5703 3792 5756 ἀποστόλων
3813 5742 3828 5769 ,
3862 5704 3956 5755 καὶ
3987 5702 4085 5763 τὰς

2072 5896 2089 5924 ³
2115 5892 2272 5949 Junii.
2309 5907 2380 5958 ιν,
2410 5893 2508 5957 ίΟ;
2556 5909 2651 5954 VII,
2691 5892 2779 5947 38.
