4420 6462
788 401 927 465 1223

2035 404 2411 464 EUTHYMII
2458 402 2817 462 ZIGABENI

3921 413 4051 473 1224

783 519 890 566 lunt
939 517 1137 580 factum
1173 524 1246 564 est
1276 515 1522 577 primum,
1557 517 1610 566 in
1663 531 1764 583 quo
1826 526 1975 568 erant
2019 517 2359 579 candelabra,
2387 525 2434 579 Α
2465 531 2528 566 κα

2304 535 2359 579 a,
2387 525 2434 579 Α
2465 516 2919 577 κατεσκευάσθη
2954 517 2990 580 ἡ
3027 517 3248 582 πρώτη,
3292 521 3361 570 ἐν
3489 521 3526 586 ἡ
3571 537 3633 572 τε
3667 525 3921 590 λυχνία.
3953 522 4048 578 amt

783 619 827 655 et
865 621 1062 663 mensa.
1089 617 1135 655 et
1165 607 1449 667 prepositio
1487 622 1704 671 panum,
1749 622 1865 673 qua:
1925 609 2120 658 dicitur
2143 607 2360 660 Sancta.

788 696 917 746 Post
973 696 1317 746 relamen'um
1370 705 1546 748 autem
1613 698 1920 758 secundum,
1972 698 2364 749 tabernaculum

781 789 920 854 quod
955 790 1151 838 dicitur
1173 785 1368 837 Sancta
1433 788 1802 840 sanctorum'.
1869 789 2149 852 Quomodo
2203 790 2365 856 igitur

783 881 1004 941 Sancta,
1063 889 1115 931 et
1155 880 1354 930 Sancta
1381 887 1720 939 sanctorum,
1754 888 1973 942 etarca,
2011 880 2061 931 in
2091 894 2196 946 qua
2225 894 2360 931 urna

783 983 1092 1023 erataurea
1125 971 1331 1024 habens
1388 984 1607 1028 manna.
1656 981 1708 1023 et
1758 972 1904 1039 virga
1953 972 2130 1023 Aaron
2188 971 2361 1039 posita

781 1072 917 1116 erat.
948 1072 1003 1113 et
1037 1062 1235 1114 tabula:
1290 1063 1602 1114 testamenti
1634 1062 1657 1114 ἲ
1690 1072 1740 1115 et
1777 1063 2052 1130 quomodo
2081 1063 2359 1116 cherubim

781 1153 969 1218 glorire
1012 1153 1410 1206 obumbrabant
1446 1156 1583 1221 ipsa,
1612 1155 1655 1206 si
1712 1154 1916 1206 inimici
1943 1164 1997 1206 et
2020 1156 2144 1208 mali
2215 1157 2359 1223 prin-

778 1247 902 1312 cipii
942 1247 1056 1297 haec
1123 1256 1277 1297 erant
1309 1246 1597 1298 instituta?

847 1340 982 1401 Qua:
1019 1337 1189 1389 Moses
1226 1339 1435 1400 docuit,
1495 1337 1753 1390 Servator
1805 1337 2044 1404 appellat
2105 1339 2359 1391 mandata

779 1429 893 1489 Dei,
947 1443 1118 1495 eaque
1177 1444 1395 1494 semper
1467 1431 1773 1480 veneranda
1833 1431 2077 1482 declarat
2144 1451 2155 1484 :
2225 1436 2359 1488 Deus

779 1523 1052 1589 inquiens,
1084 1523 1365 1587 prrecepit:
1427 1519 1646 1572 Honora
1666 1534 1864 1588 patrem
1915 1534 2084 1582 tuum.
2153 1539 2200 1578 et
2249 1545 2359 1579 ma-

776 1625 904 1665 trem
959 1625 1142 1674 tuam;
1184 1623 1233 1664 et
1286 1628 1302 1664 :
1362 1612 1465 1674 Qui
1529 1613 1863 1665 maletlixerit
1922 1620 2066 1678 patri
2115 1618 2193 1669 vel
2244 1635 2357 1669 ma.

776 1703 866 1764 tri,
915 1713 1079 1752 morte
1124 1703 1404 1753 moriatur.
1473 1699 1571 1752 Vos
1624 1712 1800 1753 autem
1855 1710 2166 1772 transgressi
2228 1711 2356 1761 estis

773 1795 1082 1844 mandatum
1135 1793 1230 1844 Dei
1262 1803 1470 1858 propter
1501 1793 1843 1847 traditionem
1909 1807 2133 1850 vestram
2190 1801 2230 1854 ³.
2293 1803 2356 1853 Et

775 1885 890 1938 hrec
929 1887 1162 1943 locutus.
1206 1894 1395 1937 testem
1471 1886 1687 1937 adhibet
1748 1886 1942 1940 Isaiam
1986 1910 1998 1939 :

773 1980 989 2044 quiens,
1022 1977 1348 2043 prophetavit
1380 1977 1443 2029 de
1487 1979 1624 2030 vobis
1655 1976 1833 2032 Isaias
1894 1998 1910 2033 :
1943 1982 2201 2047 Populus,
2268 1988 2354 2038 in-

771 2070 978 2136 quiens,
1013 2071 1094 2120 hic
1148 2071 1532 2138 appr0pinquat
1591 2072 1718 2122 mihi
1749 2089 1836 2124 ore
1861 2091 1974 2139 suo,
2002 2085 2049 2126 ct
2080 2077 2234 2127 labiis
2279 2094 2356 2127 me

771 2161 1016 2212 honorat.
1051 2159 1158 2212 Cor
1191 2174 1363 2213 autem
1401 2163 1514 2228 cjus
1575 2163 1724 2228 longe
1758 2173 1836 2216 est
1879 2181 1908 2215 a
1964 2182 2063 2217 me.
2125 2164 2354 2218 Frustra

769 2263 944 2303 autem
976 2253 1156 2304 colunt
1187 2269 1283 2304 me.
1331 2252 1469 2315 Quid
1497 2255 1614 2305 ita?
1644 2252 1783 2316 Quia
1815 2256 2000 2307 docent
2049 2258 2349 2321 doctrinas,

768 2346 1022 2396 mandata
1105 2344 1372 2396 hominum
1435 2346 1476 2396 ³.
1529 2345 1671 2399 Ecce
1734 2361 1897 2414 quam
1951 2360 2136 2412 aperte
2192 2347 2356 2404 Vetus

768 2437 1170 2490 Testamentum
1236 2438 1465 2506 appellet
1525 2440 1775 2492 mandata
1837 2441 1932 2494 Dei
1977 2440 2146 2495 Filius
2187 2443 2354 2511 ipsius

767 2530 1050 2593 naturalis,
1104 2540 1157 2582 et
1225 2532 1536 2598 prephctam
1565 2531 1782 2598 Isaiam,
1836 2535 2155 2602 prophetam
2213 2537 2348 2604 ejus.

773 2622 867 2678 Ubi
905 2635 1031 2677 sunt
1058 2624 1238 2693 igitur,
1271 2621 1364 2692 qui
1408 2622 1570 2677 Vetus
1597 2624 2004 2678 Testamentum
2034 2626 2176 2680 malo
2197 2629 2356 2679 attri-

765 2716 955 2778 buunt,
1017 2725 1070 2768 et
1109 2719 1196 2784 qui
1241 2716 1447 2770 Veteris
1477 2715 1807 2770 Testamenti
1861 2720 2150 2788 prophetas
2209 2719 2355 2787 ejus-

763 2811 881 2861 dem
919 2825 1037 2863 esse
1097 2810 1386 2878 prephetas
1425 2811 1651 2862 dicunt?
1677 2809 1740 2862 Et
1777 2826 1989 2865 rursum
2014 2813 2137 2867 alibi
2168 2830 2352 2883 pacem

764 2910 817 2951 et
848 2902 1110 2966 iustitium
1151 2902 1202 2954 in
1253 2903 1560 2954 hominibus
1590 2903 1920 2958 conﬁrmans
1975 2915 2136 2974 atque
2165 2909 2353 2976 prteri-

767 2990 918 3055 piens
954 3008 966 3042 :
1004 2988 1373 3054 Quamobrem,
1437 2994 1632 3060 inquit,
1675 2997 1874 3056 omnia,
1897 3011 2218 3067 quascunque
2241 3001 2354 3052 vul-

762 3081 852 3136 tis.
892 3091 942 3129 ut
984 3081 1185 3145 faciant
1247 3082 1389 3133 vobis
1433 3083 1690 3147 homines,
1731 3094 1779 3136 et
1830 3101 1918 3138 vos
1961 3090 2143 3141 eadem
2193 3091 2353 3158 facile

2469 604 2506 666 ἡ
2538 603 2814 667 τράπεζα,
2851 605 2944 655 καί
2997 605 3034 669 ἠ
3085 606 3370 670 πρόθεσις
3401 607 3519 657 τῶν
3543 609 3758 672 ἀρτων.
3786 610 3919 675 ἣτις
3947 613 4049 663 ,ίέο

2466 710 2628 757 τεται
2664 694 2856 758 "Arta.
2894 693 3055 745 Μετὰ
3075 693 3145 744 δὲ
3186 694 3252 745 τὸ
3281 694 3566 760 δεύτερον
3615 700 4049 768 καταπέτασμα

2465 783 2672 850 σκηνὴ
2723 785 2761 848 ἡ
2826 785 3120 850 λεγομένη
3181 784 3354 850 ’Ἅγια
3403 786 3608 851 ἁγίων.
3661 789 3780 851 Ιιῶς
3826 788 3919 841 οὖν
3952 793 4048 860 οὐχ

2467 874 2621 938 ἁγία,
2660 881 2757 924 καὶ
2809 873 2983 938 ἁγίων
3011 873 3203 936 Ἀγια,
3238 869 3356 944 ὲνῇ
3403 875 3641 941 στάμνος
3685 878 3782 943 μὲν
3824 875 3934 948 εἶχε
3990 882 4048 932 τὸ

2469 967 2642 1032 μάννα
2666 965 2865 1033 χρυσῆ,
2905 967 3000 1016 καὶ
3037 965 3230 1032 ῥάϐδος
3265 965 3319 1016 δὲ
3346 965 3604 1018 ἀπέκειτο
3657 967 3772 1018 τοῦ·
3813 969 4045 1038 Ἀαρὼν,

2465 1058 2561 1108 καὶ
2591 1057 2646 1108 al
2670 1055 2874 1118 πλάκες
2895 1056 2991 1122 τῆς
3018 1057 3298 1124 Διαθήκης
3332 1073 3346 1120 ;
3376 1058 3488 1109 Kal
3517 1059 3634 1119 πῶς
3661 1060 3942 1128 Χερουῶμ
3966 1062 4049 1112 ὁὸ-

2463 1145 2562 1212 ξης
2593 1147 2959 1208 κατεσκίαζεν
2998 1147 3157 1208 αὐτὰ,
3194 1149 3243 1198 εί
3270 1147 3370 1214 τῆς
3397 1149 3686 1202 ἐπιϐούλου
3749 1153 3844 1204 καὶ
3875 1169 4044 1223 πονη-

2466 1237 2564 1302 ρᾶς
2595 1237 2771 1304 ἀρχῆς
2804 1237 2980 1289 ταῦτα
3010 1234 3416 1306 προατάίιματα
3449 1235 3517 1308 ἦν
3550 1257 3564 1304 ;

2536 1326 2786 1388 Ἐντολὰς
2835 1326 2971 1378 Θεοῦ
3003 1329 3031 1379 ὁ
3066 1329 3256 1396 Σωτὴρ
3306 1330 3375 1381 τὰ
3409 1334 3667 1398 μωσαῖκά
3699 1333 4047 1402 διατάγματα

2464 1417 2668 1477 καλῶν,
2732 1418 2828 1469 καὶ
2873 1418 3153 1485 πανταχοῦ
3190 1421 3369 1488 τιμῶν
3400 1423 3499 1490 τὴν
3528 1423 3787 1492 τοιαύτην
3823 1427 4047 1492 νομοθε-

2464 1507 2606 1570 σίαν,
2653 1507 2706 1558 Ὁ
2738 1508 2904 1572 Θεὸς,
2941 1509 3494 1577 φησὶν,ὲνετείλατο
3521 1529 3534 1543 ⁸
3577 1516 3719 1580 Τίμα
3747 1516 4045 1569 τὸν-πατέ-

2454 1613 2533 1662 ρα
2554 1612 2671 1651 σου
2690 1601 2784 1649 καί
2805 1615 2830 1649 τ
2845 1598 2920 1662 ὴν
2945 1599 3175 1665 μητέρα
3195 1617 3337 1666 σου,
3367 1604 3460 1653 καὶ
3490 1602 3550 1654 '0
3565 1607 3911 1673 κακολογῶν
3936 1624 4048 1659 πα-

2460 1690 2620 1756 τέρα,
2666 1689 2702 1756 ἣ
2739 1690 2987 1756 μητέρα,
3034 1690 3270 1754 θανάτῳ
3324 1694 3680 1747 τελευτάτω.
3747 1697 3931 1763 ἠιεῑς
3978 1699 4046 1749 δὲ

2459 1779 2815 1846 ἡκυρώσατε
2834 1781 2946 1847 τὴν
2978 1782 3242 1847 ἐντολὴν
3273 1782 3379 1835 τοῦ
3409 1785 3558 1838 Θεοῦ
3578 1785 3677 1837 διὰ
3703 1792 3816 1853 τὴν
3860 1791 4045 1857 παρά-

2058 1891 2214 1956 Bene,
2273 1894 2352 1945 i"_
2393 1853 2430 1905 Β
2461 1867 2638 1920 δοσιν
2666 1869 2853 1938 ὑμῶν.
2888 1872 3000 1923 Καὶ
3023 1872 3196 1923 ταῦτα
3226 1874 3420 1936 εἰπὼν,
3455 1875 3709 1944 μάρτυρα
3735 1880 3827 1928 τὸν
3874 1853 4046 1931 -υξτα,

2460 1962 2558 2012 ἴαν
2607 1962 2878 2027 ἐπάγεται
2928 1963 3124 2028 λέγων,
3182 1962 3394 2029 Καλῶς
3446 1968 3861 2034 προεφήτευσε
3911 1975 4044 2038 περί

2459 2050 2625 2118 ὑμῶν
2665 2054 2935 2119 Ἡσαΐας·
2978 2055 3220 2123 Ἐγγίζει
3238 2075 3336 2124 μοι
3367 2060 3566 2122 όλαὸς
3590 2057 3768 2126 οὗτὸς
3797 2062 3874 2128 τῷ
3902 2070 4043 2118 στό-

2453 2158 2594 2208 ματι
2618 2143 2841 2209 αὐτῶν,
2876 2148 2975 2199 καί
2998 2148 3122 2213 τοῖς
3143 2151 3465 2217 χείλεσίμε
3490 2153 3647 2220 τιμᾷ,
3671 2155 3707 2221 ἡ
3735 2154 3802 2206 δὲ
3833 2157 4046 2223 καρδία

2457 2233 2657 2286 αὐτῶν
2709 2237 2906 2303 πόρρω
2978 2238 3195 2308 ἀπέχει
3223 2241 3326 2293 ἀπ’
3383 2244 3567 2309 ἐμοῦ.
3638 2247 3746 2298 Kal
3810 2251 4046 2318 πρόσεχε

2458 2322 2664 2380 λοιπόν.
2703 2325 2914 2391 Μάτην
2958 2327 3028 2379 δὲ
3065 2330 3348 2382 σέϐονταί
3389 2349 3488 2398 με.
3520 2334 3675 2385 Διατί
3706 2352 3720 2396 ;
3769 2339 3923 2390 Διέτι
3955 2340 4045 2392 δι-

2457 2413 2758 2468 δάσκουσι
2815 2416 3238 2486 διδασκαλίας,
3291 2421 3635 2489 ἐντάλματα
3694 2427 4041 2493 ἀνθρώπων.

2472 2503 2603 2556 Ἰδοὺ
2639 2505 2828 2572 σαφῶς
2876 2509 3096 2570 ἐντολὰς
3127 2509 3222 2562 τοῦ
3261 2512 3356 2563 ἐπὶ
3388 2514 3606 2565 πάντων
3636 2515 3772 2568 Θεοῦ
3807 2519 3906 2587 τὴν
3932 2538 4040 2572 παι

2458 2595 2616 2649 λαιὰν
2645 2599 2876 2652 ἐκάλεσε
2902 2603 3230 2670 νομοθεσίαν
3261 2607 3288 2657 ὁ
3320 2606 3463 2658 κατὰ
3488 2607 3656 2673 φύσιν
3686 2610 3811 2672 Υίδς
3846 2613 4036 2675 αὐτοῦ,

2459 2689 2551 2739 καὶ
2594 2688 2684 2741 τὶν
2733 2693 3023 2761 προφήτην
3066 2693 3325 2759 Ἡσαΐαν,
3362 2701 3656 2767 προφήτην
3709 2702 3896 2754 αὑτοῦ.
3932 2704 4043 2754 Καὶ

2459 2776 2559 2828 ποῦ
2612 2780 2750 2830 εἰσιν
2791 2781 2839 2832 οί
2868 2780 2965 2850 τὴν
3001 2784 3242 2835 Παλαιὰν
3286 2785 3365 2853 τῷ
3394 2788 3612 2856 πονηρῷ
3663 2790 4039 2858 χαριζόμενοι,

2458 2869 2553 2920 καὶ
2583 2873 2706 2932 τοὺς
2753 2872 2810 2922 ὲν
2861 2873 2997 2940 αὐτῇ
3038 2878 3323 2943 προφήτας
3355 2877 3564 2930 ἐκείνου
3621 2886 3903 2950 προφήτας
3938 2884 4039 2948 ,λέ-

2457 2976 2644 3025 γοντες
2673 2977 2686 3026 ;
2719 2962 2831 3014 Καὶ
2861 2964 3043 3031 πάλιν,
3074 2967 3131 3017 ὲν
3158 2967 3337 3030 ἄλλοις
3374 2970 3472 3040 τὴν
3512 2972 3570 3023 ὲν
3610 2973 3920 3044 ἀνθρώποις
3966 2982 4042 3029 εἰ·

2457 3052 2631 3120 ρήντ,ν
2675 3054 2770 3107 καὶ
2819 3057 3167 3127 δικαιοσύνην
3217 3061 3523 3129 κρατύνων,
3575 3065 3670 3117 καὶ
3706 3070 4036 3136 νομοθετῶν,

762 3168 889 3220 illis.
919 3139 1072 3231 Quod
1113 3169 1330 3237 quidem
1361 3139 1687 3225 mandatum.
1711 3173 1844 3242 legis
1872 3185 1926 3230 et
1957 3139 2348 3248 pr0pheta‘rnm
2376 3188 2419 3246 (ζ
2454 3145 2502 3252 ξι

2297 3139 2348 3234 ὦ
2376 3188 2419 3246 C
2454 3143 2519 3195 δι’
2546 3139 2618 3197 ὧν
2648 3146 2841 3214 ἔλεγε,·
2885 3148 3087 3202 Πάντα
3120 3152 3236 3204 ὅσα
3289 3151 3366 3205 ἂν
3395 3155 3627 3221 θέλητε,
3662 3159 3761 3210 ἵνα
3787 3160 4040 3214 ποιῶσιν

762 3263 1035 3312 mentione
1092 3261 1381 3315 conﬁrmat
1417 3279 1430 3314 :
1465 3262 1553 3315 Sic
1593 3265 1753 3328 enim,
1778 3268 2050 3334 inquiens,
2077 3279 2152 3322 est
2183 3271 2230 3322 le
2257 3281 2347 3326 aret

759 3353 1025 3418 propheta!
1066 3354 1107 3408 ⁴.

833 3603 1038 3658 Sancto
1075 3604 1312 3674 repletus
1340 3603 1542 3673 Spiritu
1598 3607 1911 3674 Zacharias,
1959 3622 2194 3676 sanctos,
2251 3615 2343 3682 qui

761 3714 790 3751 a
819 3697 1013 3750 saeculo
1044 3699 1277 3763 luerunt,
1307 3699 1598 3766 prophetas
1634 3703 1858 3755 chorum
1911 3717 2221 3759 sanctorum
2253 3724 2349 3776 ap-

759 3792 924 3856 pellat
956 3805 970 3842 :
1014 3791 1079 3842 Et
1112 3791 1302 3853 erexit,
1336 3790 1611 3859 inquiens,
1659 3809 1823 3846 cornu
1854 3795 2042 3848 salutis
2073 3799 2241 3861 nobis,
2291 3802 2345 3852 in

757 3883 913 3934 domo
947 3882 1114 3934 David
1144 3885 1291 3948 pueri
1337 3885 1438 3936 sui.
1489 3882 1636 3937 Sicut
1667 3887 1872 3940 locutus
1906 3899 1981 3942 est
2009 3907 2100 3955 per
2136 3907 2191 3944 os
2221 3910 2346 3946 san-

756 3986 982 4036 ctorum,
1012 3974 1101 4041 ιιιιὶ
1126 3991 1156 4024 a
1189 3975 1384 4027 saeculo
1409 3986 1553 4040 sunt,
1585 3982 1957 4045 prophetarum
1980 3983 2095 4050 ejus
2125 3985 2168 4037 '.
2197 3984 2346 4052 Ejus,

757 4085 863 4120 non
901 4078 1079 4121 autem
1106 4069 1328 4122 inimici.
1359 4069 1498 4135 Quid
1524 4087 1686 4140 porro
1720 4076 2088 4141 praedixerunt
2115 4079 2138 4131 ?
2165 4077 2348 4133 Memi-

755 4163 898 4214 uisse
963 4161 1127 4212 Deum
1199 4166 1511 4218 testamenti
1585 4167 1666 4218 sui
1722 4170 1920 4230 sancti,
1983 4185 2088 4224 non
2161 4184 2342 4227 autem

754 4255 1067 4307 testamenti
1131 4255 1357 4309 inimici.
1421 4256 1483 4308 Et
1511 4271 1620 4324 quo
1673 4263 1844 4327 magis
1897 4262 2186 4329 impiorum
2246 4283 2342 4321 ora

752 4354 1050 4406 coerceret,
1109 4344 1309 4413 adjecit
1350 4344 1803 4413 :Jusjurandum,
1835 4353 1975 4417 quod
2013 4352 2220 4420 juravit
2273 4359 2342 4409 ad

752 4435 1018 4485 Abraham
1073 4448 1278 4501 partem
1328 4451 1569 4490 nostrum
1619 4439 1872 4493 daturum
1931 4459 1986 4496 se
2057 4448 2228 4509 nobis,
2277 4457 2337 4501 ut

2453 3235 2594 3301 ὑμῖν
2625 3238 3020 3306 οίάνθρωποι,
3044 3243 3197 3293 οὕτω
3228 3245 3328 3296 καί
3358 3247 3527 3313 ὑμεῖς
3552 3250 3772 3302 ποιεῖτε
3809 3253 4035 3316 αὐτοῖς.

2453 3327 2669 3393 Ταύτην
2705 3331 2870 3381 αὑτοῦ
2908 3332 3004 3400 τὴν
3039 3335 3364 3402 νομοθεσίαν
3404 3337 3481 3406 τῷ
3516 3341 3790 3406 ἀξιώματι
3821 3343 3911 3394 τοῦ
3945 3347 4034 3394 νό-

2453 3437 2553 3484 μον
2606 3423 2843 3471 καὶτῶν
2875 3427 3174 3493 προφητῶν
3236 3430 3650 3497 ὲπισφραγίζει.
3715 3435 3882 3487 Οὕτω
3918 3438 4031 3504 γάρ

2450 3510 2601 3574 ἐστι,
2639 3515 2825 3580 φησίν,
2865 3517 2896 3567 ό
2934 3517 3114 3583 νόμος
3147 3519 3243 3570 καὶ
3271 3522 3325 3572 ol
3351 3524 3673 3589 προφῆται.

2525 3604 2839 3673 Ιινεύρατο;
2902 3607 3058 3673 ἁγίου
3134 3611 3346 3674 γίνεται
3407 3614 3622 3682 πλήρης
3684 3617 4034 3687 ὀΖαχαρίσς,

2452 3695 2543 3744 καί
2596 3695 2723 3755 τοὺς
2751 3697 2848 3747 ἀπ’
2881 3697 3092 3748 αἰώνων
3147 3703 3434 3768 προφήτας
3466 3706 3735 3772 χορηγοὺς
3763 3710 3930 3774 ἁγίων
3957 3707 4036 3762 εἷ-

2450 3801 2537 3836 ναι
2597 3786 3080 3854 κηρύσσειλέγων,
3112 3791 3216 3843 Καὶ
3261 3794 3454 3860 ἤγειρε
3505 3795 3685 3863 κέρας
3735 3805 4036 3868 σωτηρίας

2449 3876 2595 3943 ἡμῖν
2622 3878 2690 3929 ἐν
2717 3877 2796 3941 τῷ
2825 3881 2969 3945 οἴκῳ
3004 3883 3182 3934 Δαὸιδ
3212 3884 3318 3936 τοῦ
3348 3885 3563 3952 παιδὸς
3598 3891 3804 3955 αὑτοῦ,
3839 3894 4036 3960 καθὼς

2447 3968 2721 4036 ἐλάλησε
2755 3970 2852 4023 διὰ
2875 3974 3177 4040 στόματος
3206 3975 3326 4026 τῶν
3348 3979 3532 4045 ἁγίων
3562 3980 3679 4033 τῶν
3693 3985 3794 4036 ἀπ’
3817 3985 4035 4055 αἰῶνες

2448 4062 2776 4130 προφητῶν
2804 4065 3016 4129 αὑτοῦ,
3050 4067 3165 4117 ἀλλ’
3198 4069 3320 4138 οὐχὶ
3349 4070 3446 4122 τοῦ
3483 4073 3682 4144 ἐχθροῦ
3711 4081 4028 4146 προφητῶν.

2449 4155 2559 4206 Kal
2592 4154 2642 4205 τί
2679 4156 3100 4225 προεφήτευσαν
3127 4176 3141 4222 ;
3172 4160 3498 4230 Μνησθῆναι
3543 4165 3635 4215 τὸν
3665 4166 3799 4218 Θεὸν
3823 4170 4025 4238 Διαθή-

2447 4265 2548 4317 κης
2583 4248 2743 4314 ἁγίας
2804 4250 2993 4312 αὑτοῦ,
3021 4251 3139 4302 ἀλλ’
3171 4254 3291 4322 οὐχὶ
3321 4255 3422 4321 τῆς
3467 4255 3561 4308 τοῦ
3590 4258 3789 4328 ἐχθροῦ
3838 4262 4029 4333 διαθή-

2446 4354 2568 4406 κης.
2637 4339 2758 4390 Ἔτι
2794 4339 2848 4390 δὲ
2890 4341 3094 4409 μᾶλλον
3127 4343 3234 4394 τῶν
3256 4343 3476 4397 ἀσεϐῶν
3538 4348 3774 4416 χαλινῶν
3809 4353 3874 4403 τὰ
3907 4357 4025 4405 310'-

2448 4449 2595 4498 ματα
2647 4435 2957 4502 ἐπήγαγεν,
3015 4435 3228 4503 Ὄρκῳ,
3270 4432 3317 4504 ᾦ
3365 4440 3566 4509 ὤμοσε
3592 4445 3741 4510 πρὸς
3768 4447 4028 4516 Ἀϐραὰμ

751 4543 862 4577 sine
894 4528 1081 4579 timore
1131 4529 1194 4579 de
1227 4544 1385 4581 manu
1423 4530 1756 4583 inimicorum
1783 4546 2080 4589 nostrorum
2118 4540 2329 4595 liberati
2360 4519 2411 4580 θ
2437 4525 2496 4577 τὸ

2289 4542 2329 4595 ιε
2360 4519 2541 4580 οτὸν
2590 4525 2818 4594 πατέρα
2880 4528 3042 4596 ἡμῶν
3073 4529 3178 4582 τοῦ
3223 4530 3438 4583 δοῦναι
3479 4533 3628 4599 ημῖν
3675 4537 3913 4603 ἀφόϐως
3961 4543 4027 4592 ἐκ

749 4618 1040 4669 serviamus
1087 4619 1188 4684 ipsi
1248 4620 1302 4670 in
1366 4623 1648 4675 sanctitate
1687 4632 1736 4676 et
1776 4625 1994 4692 justitia
2028 4631 2068 4683 ‘.
2131 4631 2334 4701 Collige

749 4724 872 4775 qua:
907 4710 1048 4762 dicta
1080 4719 1226 4762 sunt.
1263 4711 1472 4779 Spiritu
1507 4726 1696 4768 sancto
1750 4718 1987 4784 repletur
2018 4721 2334 4780 Zacharias.

746 4803 866 4866 Quo
902 4805 1138 4873 repletus
1170 4816 1388 4860 sanctos
1418 4821 1446 4859 a
1477 4809 1674 4862 saeculo
1703 4814 1992 4878 prophetas
2029 4828 2208 4871 vocat.
2274 4818 2338 4873 Et

745 4889 1042 4944 Mosaicum
1080 4891 1490 4947 Testamentum
1525 4910 1780 4952 sanctum
1838 4904 2094 4971 appellat.
2158 4908 2223 4961 Et
2272 4910 2336 4961 li-

745 4983 1008 5034 bertatem
1042 4994 1281 5038 nostram
1311 4989 1578 5053 praedicit.
1605 4991 1668 5042 Et
1700 5007 1822 5045 eum
1851 4996 1942 5064 qui
1992 4996 2200 5064 juravit
2263 5003 2328 5053 ad

741 5076 1017 5129 Abrabam
1075 5077 1341 5132 libertatis
1367 5080 1712 5149 elargitorem
1781 5089 2045 5145 nominat.
2111 5094 2176 5146 Et
2237 5111 2334 5150 eos

740 5168 831 5236 qui
865 5167 929 5220 ad
964 5168 1139 5236 ipsum
1168 5174 1434 5225 accedunt
1460 5175 1819 5242 adorandum,
1855 5181 1905 5232 in
1931 5187 2223 5242 sanctitate
2282 5203 2336 5244 et

735 5263 948 5329 justitia
977 5263 1110 5318 dicit
1139 5265 1393 5320 adorare.
1431 5267 1488 5321 Si
1556 5270 1669 5324 hac
1719 5278 1993 5332 recensuit
2041 5277 2332 5338 Zacharias

739 5356 948 5422 Spiritu
982 5368 1174 5412 sancto
1201 5357 1412 5427 plenus,
1478 5377 1660 5418 nonne
1686 5368 1778 5434 qui
1815 5379 2003 5424 contra
2056 5376 2324 5442 sentiunt,

741 5447 882 5499 malo
901 5448 1098 5518 spiritu
1134 5451 1277 5520 pleni
1306 5467 1430 5508 esse
1470 5456 1999 5525 deprehenduntur?

809 5783 828 5815 ¹
861 5787 1025 5842 Ilebr.
1062 5807 1135 5850 Ix.
1199 5793 1218 5844 l
1251 5825 1318 5835 —

848 5800 1218 5870 .tleDEleL-l
1251 5825 1318 5835 —
1561 5800 1580 5832 ³
1608 5800 1797 5856 Matth.
1837 5816 1923 5870 xv,
1951 5802 1983 5858 5
2006 5835 2074 5847 --
2113 5807 2164 5862 6.

735 5854 762 5904 ⁸.
783 5854 919 5915 Ibid.
983 5861 1070 5930 73,
1133 5863 1221 5919 74.

2304 5810 2323 5842 ³
2353 5808 2487 5866 Ibid.
2523 5810 2552 5865 7
2587 5844 2650 5854 —-
2707 5816 2760 5869 9.

2435 4616 2630 4685 χειρὸς
2663 4616 2779 4670 τῶν
2839 4618 3060 4686 ἐχθρῶν
3114 4619 3281 4686 ἡμῶν
3312 4623 3653 4689 ῥυσθέντας
3713 4630 4031 4694 λατρεύειν

2435 4709 2595 4773 αὐτῷ
2622 4711 2689 4762 ἐν
2724 4713 2993 4777 ὁσιότητι
3034 4711 3134 4763 καί
3163 4711 3554 4781 δικαιοσύνη.
3593 4718 3924 4786 Συλλογίζου
3964 4726 4029 4775 τὰ

2446 4801 2738 4868 εἰρημένα.
2794 4801 3018 4869 Πνεῦμα
3064 4804 3218 4868 ἅγιον
3255 4804 3448 4874 πληροῖ
3478 4807 3569 4859 τὸν
3601 4811 3900 4882 Ζαχαρίαν,
3933 4819 4029 4867 καὶ

2445 4891 2785 4962 πληρωθεὶς,
2817 4893 3029 4944 ἐκεῖθεν
3074 4895 3264 4961 ἁγίους
3293 4897 3418 4959 τοὺς
3444 4900 3540 4950 ἀπ’
3575 4903 3772 4964 αἰῶνος
3807 4911 4027 4974 προφή-

2434 5002 2530 5046 τας
2570 4985 2913 5054 ἀναγορεύει,
2944 4988 3039 5038 καὶ
3081 4988 3179 5056 τὴν
3207 4990 3494 5060 μωσαῖκὴν
3543 4995 3822 5065 Δναθήκην
3862 5001 4028 5065 ἁγίαν

2434 5077 2712 5145 ὀνομάζει,
2743 5081 2836 5129 καὶ
2864 5079 2962 5149 τὴν
2993 5079 3312 5150 ἐλευθερίαν
3343 5083 3502 5152 ἡμῶν
3527 5089 3886 5154 προφητεύει,
3925 5096 4019 5143 καὶ

2434 5171 2524 5221 τὴν
2546 5170 2824 5239 ὀμόσαντα
2857 5171 2995 5240 πρὸς
3030 5173 3122 5225 τὸν
3158 5173 3413 5244 Ἀϐραὰμ
3455 5177 3550 5240 τῆς
3581 5179 3900 5251 ἐλευθερίας
3932 5184 4021 5235 δν-

2433 5265 2577 5330 τῆρα
2620 5257 2759 5313 εἶναι
2823 5264 3114 5332 κηρύσσει,
3153 5267 3246 5317 καὶ
3295 5267 3423 5329 τοὺς
3459 5270 3842 5336 προσάγοντας
3874 5274 4023 5341 αὐτῷ

2436 5353 2533 5420 τήν
2564 5353 2824 5420 λατρείαν
2860 5363 2917 5406 εν
2945 5357 3190 5423 ὁσιότητι
3230 5360 3321 5410 καὶ
3357 5358 3681 5432 δικαιοσύνῃ
3713 5363 4018 5433 λατρεύειν.

2439 5445 2496 5496 Ei
2531 5445 2703 5497 ταῦτα
2757 5447 3032 5516 διεξῆλθεν
3076 5453 3102 5501 ὀ
3135 5452 3433 5519 Ζαχαρίας,
3492 5455 3807 5524 Πνεύματος
3860 5459 4022 5524 ἁγίου

2437 5538 2735 5606 πλησθεὶς,
2784 5542 2902 5604 πῶς
2951 5544 2998 5594 oi
3056 5545 3316 5597 τάναντία
3363 5547 3694 5615 φρονοῦντες
3757 5550 3876 5618 οὐχὶ
3928 5552 4025 5603 τοῦ

2438 5633 2676 5703 πονηροῦ
2709 5635 3018 5705 πνεύματος
3051 5637 3385 5707 πλησθέντες
3414 5638 3730 5708 ἐλέγχονται
3766 5658 3779 5705 ;

2895 5820 2915 5846 ⁸
2953 5816 3142 5872 Matth.
3207 5818 3258 5882 7,
3299 5817 3383 5873 12.
3523 5818 3543 5849 ⁸
3574 5818 3706 5876 Luc.
3736 5836 3774 5888 t,
3808 5817 3898 5887 69,
3936 5820 4023 5877 70.
