4420 6462
757 446 894 509 1231

1961 444 2337 503 Ευτιιγιιιι
2381 443 2739 503 ZIGABENI

3895 434 4025 497 123?

764 560 958 613 Verum
995 568 1049 611 ut
1079 556 1392 613 ostenderet
1424 554 1672 610 eumdem
1703 564 1758 608 et
1790 556 2060 621 praterita
2114 565 2167 609 et
2200 569 2335 622 prze-
2360 560 2408 617 Α
2439 557 2509 607 ἵνα

2279 569 2335 607 ιι·-
2360 560 2408 617 Α
2439 557 2526 607 ἵνα
2552 555 2701 626 δείξῃ
2717 553 2804 604 τὸν
2817 551 2977 604 αὑτὸν
2996 551 3179 603 ἐκεῖνά
3195 567 3252 602 τε
3268 549 3363 602 καὶ
3379 549 3448 601 τὰ
3480 546 3720 616 παρόντα
3740 549 3881 599 κατὰ
3908 547 4024 599 διά-

755 650 948 714 sentia,
982 650 1193 703 diversa
1223 644 1649 713 dispensationis
1710 644 1922 697 ratione
1966 644 2335 707 constituisse,

755 743 947 795 eodem
980 749 1029 793 et
1048 739 1164 807 pari
1193 738 1443 804 loquendi
1467 737 1625 790 modo
1649 736 1715 791 de
1734 743 1965 802 utroque
1997 736 2208 789 locutus
2257 746 2340 790 est

755 836 1125 889 Testamento.
1156 830 1334 896 Quid?
1365 829 1506 897 quod
1553 826 1817 881 adversus
1845 826 1967 880 illos
2021 827 2110 895 qui
2141 826 2338 881 saluti-

758 929 886 983 feris
920 924 1261 979 documentis
1292 922 1405 977 suis
1431 936 1535 975 non
1555 920 1859 983 obedirent,
1884 918 2085 974 Mosem
2139 928 2193 972 et
2232 933 2339 971 non

759 1020 920 1072 alium
953 1025 1325 1070 accusatorem
1357 1009 1817 1073 constituitiEst,
1848 1011 2044 1077 inquit,
2102 1010 2192 1077 qui
2248 1026 2338 1062 vos

755 1118 982 1172 accuset,
1013 1105 1183 1159 Moses
1235 1106 1293 1167 ί,
1353 1104 1492 1170 apud
1562 1101 1774 1154 Patrem
1836 1100 2117 1162 nimirum,
2188 1098 2339 1165 eujus

757 1202 904 1269 leges
936 1209 989 1252 et
1025 1198 1302 1266 prophetia
1358 1196 1425 1259 de
1480 1194 1719 1257 Christo,
1762 1208 1885 1245 cum
1946 1193 2046 1261 ipsi
2121 1190 2340 1244 creditae

758 1290 977 1351 tulerint,
1010 1289 1203 1355 dignus
1233 1287 1337 1339 erit
1365 1294 1668 1348 accusator,
1694 1293 1748 1337 et
1774 1284 1931 1336 testis
1999 1298 2187 1335 eorum
2248 1280 2337 1348 qui

756 1381 899 1447 leges
926 1379 1043 1446 ejus
1077 1378 1177 1432 sibi
1216 1377 1468 1431 colendas
1494 1376 1862 1443 amandasque
1892 1375 2236 1434 censuerint,
2286 1381 2341 1425 et

754 1472 843 1538 qui
876 1470 1008 1523 nihil
1038 1484 1225 1522 eorum
1260 1482 1380 1534 quae
1414 1469 1481 1519 ab
1524 1466 1644 1532 ipso
1679 1465 1744 1518 de
1774 1462 2049 1516 communi
2112 1460 2341 1513 Domino

753 1576 807 1619 et
858 1566 1148 1619 Servatore
1205 1570 1390 1613 nostro
1446 1556 1706 1625 praedicta
1773 1560 1926 1616 sunt,
1978 1552 2338 1618 susceperint;

754 1659 894 1726 quod
928 1656 1143 1724 quidem
1192 1661 1355 1717 caput
1386 1660 1439 1702 et
1475 1647 1881 1702 fundamentum
1938 1654 1987 1699 ct
2014 1644 2339 1714 principium

755 1750 919 1803 totius
948 1755 1028 1801 est
1046 1744 1242 1797 veteris
1274 1738 1626 1793 Testanirnti.

2444 662 2609 715 φορον
2634 646 2728 697 καὶ
2748 644 3061 711 ἀπόρρητον
3084 639 3395 707 οἰκονομίας
3420 639 3623 708 τρόπον
3642 637 4021 706 νομοθετῆσαι,

2443 739 2563 798 ταῖς
2587 736 2779 794 αὑταῖς
2808 736 2902 787 καὶ⁵
2935 736 3078 794 ῐσαις
3104 734 3313 800 φωναῖς
3344 732 3477 800 περὶ
3508 730 3776 797 ἐκατέρας
3802 729 4023 795 νομοθε-

2444 828 2562 887 σίας
2598 827 2889 895 ἐχρήσατο.
2941 824 3101 875 Ἀλλὰ
3135 826 3244 889 γὰρ
3280 823 3373 874 καὶ
3412 821 3553 873 κατὰ
3584 820 3690 871 τῶν
3729 818 4023 873 ἀπειθούν-

2442 935 2551 971 των
2580 918 2766 977 αὐτοῖς
2801 915 3090 983 σωτηρίοις
3120 915 3444 982 διδάγμασιν
3468 914 3568 965 οὐκ
3596 912 3756 965 ἄλλον
3788 911 4025 977 κατήγο-

2444 1027 2539 1080 ρον
2579 1010 2673 1061 καὶ
2708 1008 3003 1077 θρίαμὸον,
3046 1006 3183 1058 ἀλλὰ
3216 1007 3305 1056 τὸν
3342 1006 3549 1070 Μωσῆν
3580 1004 3791 1070 εἰσάγει
3826 1003 4021 1067 λέγων,

2447 1104 2659 1154 Ἔστιν
2696 1104 2727 1153 ὁ
2768 1098 3114 1167 κατηγορῶν
3151 1096 3321 1165 ὑμῶν
3344 1095 3591 1161 Μωσῆς,
3617 1095 3859 1162 δηλονότι
3886 1092 4021 1161 πρὸς

2443 1195 2533 1246 τὸν
2568 1194 2808 1263 Πατέρα,
2851 1186 2912 1243 οὗ
2938 1192 3063 1253 τοὺς
3102 1190 3302 1258 νόμους
3355 1188 3517 1249 αὐτὸς
3553 1186 3895 1249 πιστευθεὶς,
3928 1186 4023 1236 καὶ

2444 1287 2541 1355 τὴν
2574 1288 2701 1353 περὶ
2732 1283 2967 1354 Χριστοῦ
2994 1280 3671 1351 προφητείαν,ἁξιόπιστος
3698 1282 3763 1330 ἂν
3795 1278 4026 1344 κατήγο-

2448 1396 2536 1445 ρος
2592 1379 2700 1447 εἴη,
2757 1377 2852 1428 καὶ
2914 1373 3354 1443 ἀπαράγραπτος
3417 1370 3628 1439 μάρτυς
3692 1370 3796 1420 τῶν
3860 1386 4026 1433 μεγα-

2445 1470 2785 1538 λαυχούντων
2821 1468 2920 1537 μὲν
2960 1466 3159 1526 αὐτοὺς
3192 1465 3320 1525 τοὺς
3362 1464 3560 1530 νόμους
3594 1461 3688 1513 καὶ⁸
3722 1460 3887 1528 τιμᾷν
3934 1459 4028 1510 καὶ

2446 1564 2732 1632 στέργειν,
2769 1561 2940 1631 μηδὲν
2983 1561 3039 1612 δέ
3066 1558 3175 1611 τῶν
3223 1558 3313 1607 ὑπ’
3354 1554 3520 1608 αὑτοῦ
3560 1551 3812 1621 περὶτοῦ
3844 1548 4027 1601 κοινοῦ

2444 1659 2719 1708 Δεσπότου
2758 1655 2851 1707 καὶ
2888 1654 3143 1722 Σωτῆρος
3178 1650 3335 1719 ἡμῶν
3373 1646 3775 1700 θεσπισθέντων
3807 1658 4029 1711 1ιτροσιε-

2449 1749 2627 1817 μένων
2648 1788 2662 1809 ,
2693 1747 2721 1798 ὃ
2754 1746 3048 1813 κεφάλαιον
3077 1739 3179 1812 ἦν,
3214 1741 3310 1793 καὶ
3346 1741 3583 1810 κρηπ”;ς,
3616 1738 3710 1790 καὶ
3739 1735 4029 1805 προοίμιον

2444 1842 2540 1909 τῆς
2580 1841 2709 1904 ὃλης
2745 1836 2913 1890 αὑτοῦ
2948 1834 3293 1904 νομοθεσίας.

820 1932 954 1986 Cum
984 1927 1256 1984 veteribus
1299 1938 1436 1978 nova
1460 1921 1794 1989 conjungens
1830 1916 2111 1979 Dominus,
2147 1925 2331 1969 osten-
2369 1914 2409 1968 Β
2512 1931 2565 1982 Σι

2282 1931 2331 1968 ³⁸
2369 1914 2409 1968 Β
2512 1930 2809 1982 Συνάπτων
2850 1929 2879 1980 6
2918 1927 3109 1994 Σωτὴρ
3144 1925 3212 1976 τὰ
3257 1922 3419 1975 καινᾶ
3467 1923 3576 1981 τοῖς
3625 1920 3897 1979 παλαιοῖς.
3934 1918 4027 1969 καὶ

754 2027 993 2089 deusque
1011 2036 1071 2073 ea
1089 2019 1152 2071 ad
1169 2017 1419 2072 eamdem
1453 2010 1640 2064 salutis
1672 2009 1809 2063 viam
1835 2008 2123 2073 deducere,
2141 2007 2342 2075 quippe

754 2132 873 2187 quze
896 2116 1081 2168 ahuno
1112 2112 1409 2175 eodemque
1434 2114 1654 2160 auctore
1689 2101 1930 2172 profecta
1962 2100 2093 2166 sint,
2132 2109 2346 2153 vetera-

756 2227 858 2281 que
880 2209 943 2263 ad
1002 2205 1388 2277 perfectionem
1436 2198 1693 2267 dirigere,
1730 2209 1868 2248 nova
1919 2204 2101 2247 autem
2134 2190 2346 2261 perfec-

758 2305 964 2357 tionem
1000 2298 1219 2366 elargiri
1250 2312 1263 2349 :
1298 2294 1445 2353 Ideo,
1508 2292 1704 2359 inquit,
1734 2286 1904 2340 omnis
1943 2284 2134 2341 Scriba
2154 2287 2341 2337 doctas

754 2400 808 2450 in
843 2410 998 2463 regno
1034 2391 1308 2451 calorum,
1340 2383 1532 2439 similis
1591 2393 1664 2435 est
1706 2378 1904 2432 homini
1928 2375 2340 2445 patrifamilias,

753 2489 842 2558 qui
882 2490 1077 2554 profert
1101 2484 1162 2534 de
1196 2481 1444 2532 thesauro
1467 2490 1561 2527 suo
1608 2487 1739 2524 nora
1768 2482 1810 2521 et
1846 2478 2019 2523 vetera
2053 2469 2094 2519 ’.
2134 2466 2344 2519 Doceus

752 2581 896 2633 enim
952 2578 1006 2631 in
1038 2573 1231 2632 eodem
1291 2583 1412 2624 esse
1443 2568 1719 2625 thesauro,
1786 2572 1841 2614 et
1872 2575 1938 2614 ot
1991 2558 2182 2612 eodem
2217 2569 2343 2625 pro-

756 2672 827 2723 mi
858 2670 1058 2722 Novnm
1090 2674 1145 2719 et
1173 2661 1335 2715 Vetus
1363 2658 1800 2716 Testamentum,
1840 2666 1899 2703 ea
1938 2650 2081 2701 inter
2113 2660 2171 2699 se
2210 2659 2340 2698 con-

757 2763 962 2816 sentire
998 2766 1049 2809 et
1085 2764 1407 2822 congruere,
1443 2762 1546 2799 non
1584 2755 1763 2797 autem
1794 2743 2109 2807 discrepare
2137 2738 2338 2791 couliro

757 2864 888 2910 mat.
918 2846 1227 2904 ostendens
1259 2852 1440 2894 autem
1475 2837 1761 2903 utriusque
1801 2830 2109 2885 doctrinam
2144 2826 2342 2879 ducere

756 2948 823 2999 ad
852 2956 1077 3011 regnum
1111 2935 1396 2994 cmlorum,
1418 2929 1591 2983 multo
1619 2926 1784 2979 etiam
1812 2924 1985 2991 magis
2014 2932 2338 2974 consensum

756 3010 941 3093 eorum
967 3032 1109 3086 nulla
1146 3029 1198 3081 in
1236 3041 1293 3080 re
1342 3024 1615 3077 diversmn
1642 3018 1862 3071 ind.cat.
1899 3013 2261 3079 Quamobrem
2296 3010 2339 3063 si

757 3140 1045 3191 utrmnque
1067 3120 1474 3174 Testamentum
1501 3114 1551 3165 in
1580 3114 1767 3165 eodem
1796 3110 2048 3161 thesauro
2076 3113 2341 3163 servatur,

755 3241 819 3275 ex
873 3221 1173 3286 eodemque
1242 3207 1622 3281 depronntur,
1688 3211 1744 3259 et
1805 3202 1870 3254 ad
1917 3203 2055 3253 idem
2118 3213 2337 3266 regnum

758 3316 1016 3367 (-wloruxu
1065 3309 1233 3368 ducit,
1288 3302 1559 3372 quomodo
1614 3314 1675 3351 ea
1734 3293 2036 3350 contrarias
2080 3291 2340 3361 iupnrtes

756 3410 1065 3462 tlta‘ll‘ultuni
1106 3396 1446 3454 adversarii?

830 3594 883 3646 Si
919 3589 1155 3645 Mosaica
1185 3595 1236 3639 et
1268 3578 1587 3652 prophetica
1616 3575 1817 3644 scripta
1846 3588 1873 3625 a
1912 3571 2099 3624 divino
2127 3566 2334 3636 Spiritu

758 3686 998 3757 profecta
1028 3698 1130 3735 non
1167 3687 1315 3740 sunt,
1344 3690 1441 3728 cur
1483 3672 1743 3727 Servutor
1781 3682 1846 3721 ex
1911 3664 2017 3717 illis
2081 3662 2339 3714 adversus

756 3752 1423 3844 Cleophammlterunlque
1445 3760 1775 3829 discipulum
1815 3765 1934 3825 post
1984 3752 2342 3808 resurrectio-

757 3884 877 3922 nem
909 3863 1073 3918 sumit
1117 3854 1589 3926 reprehensionem
1623 3866 1635 3902 :
1674 3846 1724 3903 ΟΔ
1748 3847 1923 3911 stulti,
1958 3844 2231 3913 inquiens,
2291 3851 2341 3894 et

758 3960 899 4013 tardi
939 3957 1095 4008 corde
1122 3952 1188 4003 ad
1224 3946 1539 4002 credendum
1570 3943 1625 3995 in
1682 3938 1962 4001 omnibus,
2019 3953 2135 4007 qua:
2182 3936 2343 3987 locuti

756 4061 879 4105 sunt
927 4046 1213 4117 prophetat.
1252 4039 1442 4094 Nonne
1496 4039 1606 4090 hare
1670 4034 1785 4103 pati
1844 4031 2114 4087 Christum
2190 4044 2346 4095 opor-

757 4145 876 4204 tuit,
923 4150 971 4192 et
1005 4140 1210 4191 intrare
1242 4134 1296 4185 in
1335 4130 1565 4199 gloriam
1596 4128 1793 4180 suam!
1850 4122 1918 4175 Et
1996 4123 2251 4189 incipiens
2313 4136 2345 4171 α

754 4234 904 4289 More
955 4241 1003 4284 et
1025 4228 1266 4283 omnibus
1297 4220 1563 4292 prophetis
1622 4216 2070 4286 interpretabatur
2130 4229 2237 4276 eos,
2290 4213 2345 4263 in

757 4327 997 4379 omnibus
1029 4316 1348 4387 Scripturis,
1397 4328 1513 4383 qum
1537 4311 1600 4364 de
1655 4311 1770 4377 ipso
1824 4317 1973 4359 erant
2022 4306 2063 4358 ³.
2120 4303 2347 4356 Redem-

759 4436 880 4491 pmr
918 4426 1101 4471 noster
1137 4418 1390 4466 recenset
1429 4404 1728 4477 prolihctas
1765 4410 1824 4453 ut
1857 4399 2068 4452 indices
2096 4412 2343 4466 operum,

754 4513 956 4583 quibus
985 4523 1080 4562 nos
1102 4520 1130 4558 a
1166 4502 1292 4556 mali
1325 4499 1612 4571 tyrannide
1641 4492 1915 4553 liberavit,
1946 4501 1997 4543 et
2029 4498 2085 4543 tu
2136 4503 2230 4543 eos
2268 4497 2350 4556 ty-

2445 2019 2750 2090 παριστῶν,
2794 2019 2869 2080 ὡς
2911 2019 2989 2079 είς
3024 2017 3152 2085 μίαν
3193 2016 3389 2080 ἄγουσι
3430 2011 3706 2079 σωτηρίας
3731 2009 3872 2076 ὁδδυ,
3909 2008 4026 2069 ἐνὸς

2442 2112 2572 2163 ὄντα
2616 2108 2955 2177 δημιουργοῦ
3003 2108 3098 2159 καὶ
3134 2104 3449 2175 νομοθέτου,
3494 2101 3561 2153 τὰ
3609 2100 3709 2170 μὲν
3749 2096 3859 2151 οἷον
3900 2098 4027 2149 ὄντα

2445 2200 2761 2273 προτέλεια,
2812 2202 2881 2252 τὰ
2925 2201 2982 2253 δέ
3036 2200 3133 2267 τὴν
3183 2199 3502 2261 τελειότητα
3542 2192 3903 2263 χαριζόμενα,
3942 2191 4030 2243 διὰ

2441 2294 2600 2347 τοῦτό
2624 2310 2759 2363 φησι
2777 2310 2789 2323 ·
2824 2291 2948 2356 Πᾶς
2978 2293 3356 2361 γραμματεὺς
3383 2286 3776 2359 μαθητευθεὶς
3800 2286 3887 2349 είς
3915 2284 4030 2345 τὴν

2438 2386 2767 2450 βασιλείαν
2804 2383 2925 2436 τῶν
2969 2382 3245 2451 οὐρανῶν
3290 2382 3493 2450 ὅμοιός
3520 2380 3688 2434 ἐστιν
3741 2372 4031 2442 ἀνθρώπῳ

2441 2477 2841 2543 οἰκοδεσπότῃ
2873 2514 2887 2537 ,
2929 2476 3101 2540 ὅστις
3134 2474 3420 2529 ἐκϐάλλει
3460 2475 3527 2528 ἐκ
3575 2471 3681 2525 τοῦ
3716 2466 4032 2536 θησαυρρῦ

2443 2568 2629 2623 αὑτοῦ
2652 2567 2832 2621 καινὰ
2852 2568 2949 2620 καὶ
2982 2566 3235 2620 παλαιά.
3265 2565 3343 2617 Δι’
3374 2558 3451 2618 ὧν
3473 2581 3531 2617 τε
3558 2564 3668 2633 γὰρ
3688 2563 3744 2614 ἐν
3774 2559 3850 2629 τῷ
3880 2556 4028 2623 αὑτῷ

2446 2658 2730 2727 Θησαυρῷ,
2760 2658 2850 2708 καὶ
2878 2659 2940 2709 ἐκ
2965 2655 3061 2707 τοῦ
3086 2654 3249 2707 αὑτοῦ
3280 2654 3378 2722 τὴν
3399 2652 3609 2721 Καινὴν
3641 2647 4027 2719 προέρχεσθαι,

2445 2753 2539 2803 καὶ
2570 2751 2668 2816 τὴν
2702 2749 2949 2800 Παλαιὰν
2979 2748 3244 2809 διδάσκει,
3285 2747 3346 2798 τὸ
3382 2746 3646 2805 συνεῖναι,
3676 2742 3771 2793 καὶ
3805 2755 4032 2807 συμφω-

2445 2847 2556 2896 νεῖν
2588 2841 2875 2910 ἀλλήλοις,
2919 2841 3014 2893 καὶ
3056 2840 3130 2909 μὴ
3160 2838 3526 2908 διαμάχεσθαι
3565 2834 3809 2904 βεϐαιοῖ·
3850 2832 3919 2883 δι’
3952 2824 4036 2883 ὧν

2443 2954 2502 2988 τε
2540 2934 2810 3003 ἑκατέρας
2842 2934 2941 3002 τὴν
2967 2931 3321 2985 διδασκαλίαν
3347 2930 3425 2991 είς
3451 2928 3549 2997 τὴν
3579 2923 3858 2994 βασιλείαν
3886 2922 4033 2973 6nd-

2446 3040 2564 3090 γειν
2596 3022 2707 3074 τῶν
2736 3020 3095 3089 οὐρανιῖ›ν,ετι
3129 3018 3593 3087 περιφανέστερον
3619 3014 3679 3065 τὸ
3704 3014 3823 3064 λίαν
3854 3011 4029 3064 αὐτῶν

2448 3114 2739 3182 σύμφωνον
2762 3116 2853 3165 καὶ
2880 3113 3186 3181 ἀδιαίρετον
3234 3110 3563 3178 ἐψηφίσατο.
3594 3103 3763 3159 Εἰοῦν
3794 3104 4033 3174 ἑκατέρα

2451 3208 2548 3275 μὲν
2583 3208 2640 3257 ἐν
2676 3206 2750 3273 τῷ
2782 3204 2934 3275 αὐτῷ
2972 3202 3367 3274 θησαυρίζεται
3397 3200 3676 3268 Διαθήκη,
3710 3199 3771 3249 ἐκ
3808 3198 3899 3249 τοῦ
3930 3198 4031 3247 αὑ-

2445 3297 2537 3350 τοῦ
2571 3298 2625 3350 δέ
2656 3298 2818 3351 πάλιν
2850 3296 3088 3367 πρόεισι,
3125 3296 3218 3349 καὶ
3248 3298 3325 3358 είς
3354 3293 3451 3361 τὴν
3477 3292 3648 3362 αὐτὴν
3680 3290 3803 3342 τοῦς
3836 3287 3882 3340 ei
3902 3287 4033 3339 nti-

2444 3412 2540 3455 τας
2562 3392 2933 3461 ἐθησαύρισαν
2950 3391 3055 3442 τῶν
3084 3388 3331 3459 οὑρανῷν
3353 3389 3546 3455 ἐπάγει
3574 3383 3851 3453 βασιλείαν
3872 3423 3886 3446 ,
3913 3381 4031 3440 πῶς

2446 3484 2613 3544 aha;
2646 3481 2932 3533 ἀντίπαλοι
2964 3478 3312 3547 διασχίσουσι
3349 3477 3605 3547 μερίδες;

2515 3575 2575 3627 Ei
2609 3574 2685 3642 μὴ
2714 3572 2865 3634 θείας
2895 3572 3187 3632 ἐπιπνοίας
3213 3565 3282 3639 ἦν
3310 3571 3380 3621 τά
3405 3587 3464 3622 τε
3492 3571 3748 3639 μωσαῐκὰ
3778 3573 3869 3624 καὶ
3899 3587 4034 3640 προ-

2446 3667 2654 3736 φητικὰ
2676 3704 2689 3727 ,
2724 3664 2841 3727 πῶς
2874 3665 2901 3717 6
2936 3662 3129 3733 Σωτὴρ
3163 3665 3275 3724 τοῖς
3308 3663 3438 3730 περὶ
3472 3663 3729 3716 Κλεέπαν
3767 3666 3902 3727 μετὰ
3934 3664 4037 3732 τὴν

2445 3759 2747 3810 ἀνάστασιν
2797 3755 3007 3811 ἐκεῖθεν
3046 3756 3304 3824 ἐπιφέρει
3337 3754 3435 3824 τὴν
3470 3754 3793 3825 ἐπιτίμησιν
3823 3755 3997 3821 λέγων
4021 3799 4034 3814 .

2444 3847 2519 3904 Ὠ
2546 3851 2793 3915 ἀνόητοι
2835 3849 2932 3901 καὶ
2960 3847 3212 3915 βραδεῖς
3240 3846 3313 3915 τῇ
3346 3847 3564 3914 καρδίᾳ
3590 3849 3695 3902 τοῦ
3724 3850 4039 3901 πιστεύειν

2446 3946 2544 3999 ἐπὶ
2605 3942 2817 4007 πᾶσιν,
2874 3943 2964 4008 εἷς
3025 3940 3349 4005 ἐλάλησαν
3403 3943 3457 3993 ot
3515 3938 3816 4008 προφῆται
3842 3940 3861 3991 !
3900 3942 4036 4007 οὐχὶ

2447 4038 2637 4091 ταῦτα
2669 4035 2788 4088 ἔδει
2825 4032 3040 4086 παθεῖν
3065 4032 3172 4083 τὸν
3199 4030 3479 4098 Χριστὸν,
3510 4031 3609 4083 καί
3633 4029 3934 4084 εἰσελθεῖν
3950 4034 4038 4094 εις

2454 4128 2572 4195 τὴν
2587 4127 2776 4191 δόξαν
2798 4123 3021 4186 αὐτοῦ,
3046 4121 3153 4175 Καὶ
3168 4120 3503 4189 ἀρξάμενος
3519 4120 3636 4173 ἀπὸ
3662 4120 3921 4183 Μωσέως
3940 4121 4037 4171 καί

2450 4221 2571 4275 ἀπὸ
2594 4220 2840 4272 πάντων
2857 4215 2977 4268 τῶν
3008 4211 3325 4282 προφητῶν
3355 4211 3801 4280 διηρμήνευσεν
3818 4214 4034 4271 αὐτοὺς

2449 4316 2518 4368 ἐν
2534 4313 2761 4376 πάσαις
2794 4309 2921 4375 ταῖς
2940 4304 3209 4376 Γραφαῖς
3234 4304 3366 4372 περὶ
3390 4304 3627 4358 ἑαυτοῦ.
3655 4306 3713 4356 Ὀ
3739 4306 4034 4374 Λυτρωτὴς

2451 4404 2611 4475 ἡμῶν
2636 4399 2980 4471 ἑρμηνευτὰς
3000 4398 3108 4449 τῶν
3136 4397 3314 4467 ἔργων
3335 4396 3405 4448 δι’
3431 4388 3506 4448 ὧν
3528 4395 3675 4465 ἡμᾶς
3693 4393 4044 4463 ἐλυτρὼσατο

2452 4500 2549 4566 τῆς
2584 4494 2681 4549 τοῦ
2720 4490 2962 4562 πονηροῦ
2989 4492 3310 4559 τυραννίδος
3354 4490 3487 4551 τοὺς
3523 4488 3812 4557 προφήτας
3841 4488 4041 4553 ἀνομο-

762 4579 1007 4659 rziiiiiiilis
1051 4600 1334 4652 ministros
1366 4592 1534 4646 audes
1555 4584 1860 4658 appellare?
1899 4589 2076 4652 Atque
2097 4582 2198 4635 hoc
2220 4585 2347 4635 item
2383 4598 2428 4656 ο
2457 4592 2507 4643 λε

2298 4596 2347 4633 ω
2383 4598 2428 4656 ο
2457 4592 2635 4657 λογεί,
2678 4587 2772 4639 καὶ
2801 4588 2864 4638 σὺ
2893 4587 2993 4655 τῆς
3035 4582 3355 4653 τυραννίδος
3389 4580 3670 4649 ὑπηρέτας
3700 4580 3760 4631 οὺ
3793 4579 4040 4647 φρίττεες

758 4716 825 4753 ex
848 4700 964 4751 loco
986 4701 1218 4757 constat,
1251 4691 1422 4757 legem
1443 4695 1497 4737 et
1515 4682 1805 4752 prophetas
1825 4693 1945 4730 cum
1966 4676 2137 4745 gratia
2152 4689 2351 4731 conve-

761 4810 896 4846 mre.

832 4903 1099 4970 QttOttinttt
1140 4902 1221 4950 lex
1254 4909 1377 4949 cum
1412 4890 1583 4961 gratia
1628 4886 1923 4947 consentit,
1972 4882 2174 4936 ideirco
2232 4894 2351 4934 sese

762 4996 1001 5050 \lClSSllll
1051 4989 1402 5045 conlirntaut.
1444 4980 1628 5037 Gratia
1658 4978 1797 5030 enim
1830 4975 2244 5044 prmnuntiatur,
2299 4979 2352 5024 et

758 5087 1055 5156 etiingitur,
1090 5092 1139 5134 et
1165 5078 1578 5147 exprimitur,et
1612 5070 1740 5123 telis
1776 5066 2177 5121 adumbratura
2211 5066 2343 5135 lege.

762 5186 865 5237 Lex
901 5192 1079 5233 autem
1108 5176 1173 5228 iis
1202 5186 1322 5243 quae
1349 5167 1606 5239 prmdieta
1633 5174 1685 5216 et
1708 5161 2067 5231 prmnuntiata
2100 5169 2245 5213 sunt.
2281 5159 2347 5212 ad

758 5292 893 5345 opus
926 5289 1019 5341 per
1051 5270 1280 5340 gratiam
1308 5261 1577 5323 deductis,
1604 5257 1882 5311 veritatem
1916 5254 1969 5307 in
1999 5268 2059 5308 se
2108 5252 2210 5305 sub
2260 5265 2350 5303 ve-

761 5342 824 5423 lis
861 5363 1263 5422 absconditam,
1294 5356 1362 5409 ab
1396 5353 1511 5421 ipsa
1546 5348 1871 5418 patefactam
1902 5347 2163 5399 intuetur.
2195 5342 2347 5409 Quod

758 5465 964 5517 siinter
995 5455 1227 5527 gratiam
1265 5458 1319 5503 et
1383 5460 1447 5501 ea
1473 5457 1590 5514 qua:
1640 5439 1861 5495 fuerunt
1912 5444 2041 5490 ante
2096 5435 2347 5503 gratiam,

758 5566 1058 5611 consensus
1088 5563 1191 5601 non
1222 5552 1328 5607 est,
1364 5538 1636 5610 quomodo
1693 5546 1814 5603 qua:
1868 5545 1899 5585 a
1961 5528 2077 5597 lege
2132 5534 2187 5580 et
2231 5542 2353 5595 pro-

762 5650 937 5720 phetis
966 5642 1218 5712 praedicta
1239 5645 1389 5700 sunt,
1423 5633 1600 5701 reipsa
1636 5625 1875 5697 perfecta
1908 5618 2217 5677 cernimus?
2242 5617 2354 5672 Cur

760 5710 1017 5797 Serv-utor
1055 5743 1238 5787 uoster
1262 5731 1506 5798 leprosos
1535 5740 1562 5777 a
1587 5737 1645 5776 se
1664 5718 1960 5774 inundatos
1996 5714 2063 5768 ad
2089 5710 2222 5781 legis
2269 5725 2355 5765 sa-

829 5929 848 5957 ‘
873 5924 1031 5979 luna.
1078 5939 1130 5988 γ,
1168 5919 1256 5973 ιδ.
1358 5916 1377 5945 ⁸
1410 5910 1601 5972 Matth,
1638 5921 1755 5970 λιιι,
1805 5900 1889 5956 59..

2449 4681 2758 4752 ὀνομάζειν;
2798 4676 3112 4731 Κάντεῦθεν
3144 4674 3238 4728 οὖν
3274 4676 3565 4742 σύμφωνος
3597 4672 3625 4723 6
3662 4672 3826 4741 νόμος
3864 4673 3957 4723 καὶ
3992 4674 4040 4722 εί

2453 4775 2734 4845 προφῆται
2766 4774 2830 4839 τῇ
2854 4770 3041 4840 χάριτι
3069 4770 3407 4821 δείκνυνται.

2526 4866 2649 4917 Ὀτι
2688 4864 2785 4928 μὲν
2823 4863 3117 4931 σύμφωνος
3167 4863 3195 4913 6
3236 4861 3399 4929 νόμος
3432 4860 3498 4927 τῇ
3530 4857 3739 4927 χάριτι,
3780 4858 4046 4925 ἐκᾷτερον

2452 4958 2658 5011 τούτων
2683 4956 2752 5007 δι’
2778 4954 3044 5022 ἐκατέρου
3071 4954 3288 5022 δέχεται
3312 4951 3409 5021 τὴν
3436 4950 3756 5021 βεϐαίωσινι
3784 4950 3816 5016 ὴ
3848 4950 3943 5017 μὲν
3970 4949 4043 5005 ὡς

2456 5050 2547 5103 ὑπ’
2582 5048 2748 5102 αὑτοῦ
2784 5045 3269 5115 καταγγελλομένη
3294 5087 3308 5110 ,
3342 5046 3437 5096 καὶ
3467 5042 3879 5111 δ.ατυπουμὲνη
3904 5081 3921 5103 ,
3952 5042 4050 5093 καὶ

2456 5142 2566 5199 οἷον
2594 5142 3106 5214 τροχαραττομένη,
3128 5140 3218 5191 καὶ
3238 5138 3619 5208 ἐμφαινομένη
3640 5137 3753 5198 τοῖς
3780 5133 4025 5200 σκ.ἀσμα

2460 5259 2542 5292 σιν
2572 5255 2586 5267 ο
2618 5238 2644 5287 6
2676 5237 2733 5288 δὲ
2763 5236 2859 5288 ate
2895 5234 3002 5285 των
3043 5232 3402 5301 προρρήσεων
3433 5230 3529 5281 καὶ⁵
3564 5228 4047 5296 προχαραγμάτων

2459 5334 2536 5393 εἰς
2572 5331 2709 5400 ἔργα
2738 5325 3127 5398 ἐκὸεὸρίκότων
3155 5324 3245 5375 διὰ
3276 5323 3369 5392 τῆς
3417 5322 3642 5390 χάριτος
3670 5320 3768 5387 τὴν
3814 5319 3871 5370 ἐν
3902 5316 4048 5384 αὐτῷ

2462 5425 2567 5477 ὑπὸ
2590 5425 2698 5485 toi;
2728 5420 3201 5490 παραπετάσμασι
3225 5418 3616 5485 κρυπτομένειν
3641 5410 4032 5467 ἁνακαλυπτοῠ

2465 5535 2565 5587 σης
2613 5515 2901 5584 ἀλήθειαν.
2952 5512 3013 5565 Li
3049 5511 3103 5562 δέ
3144 5509 3219 5579 μὴ
3256 5508 3316 5561 τδ
3355 5508 3648 5578 σύμφωνον
3694 5502 4051 5564 συνδέσωζοι.

2463 5612 2712 5679 ἀλλήλοις
2745 5610 2778 5676 ἠ
2810 5610 2991 5678 χάρις,
3023 5606 3115 5657 καὶ
3140 5606 3206 5656 τὰ
3238 5606 3342 5674 πρὸ
3370 5603 3464 5670 τῆς
3499 5602 3740 5671 χάριτος,
3776 5596 3891 5658 πῶς
3923 5596 3987 5648 ἂν
4019 5595 4055 5647 ἃ

2463 5708 2617 5776 παρὰ
2648 5703 2742 5757 τοῦ
2773 5704 2939 5773 νόμου
2973 5701 3066 5754 καὶ
3104 5699 3212 5751 τῶν
3248 5696 3545 5768 προρητὼν
3576 5691 4052 5765 ἐχρησμοδοτήίιη,

2030 5899 2048 5928 ³
2086 5898 2215 5952 Luc.
2257 5890 2523 5959 xxIv,‘23,
2554 5890 2642 5944 27.
