4420 6462
776 352 913 416 1935

1971 369 2364 430 ΕΗΤΠΥΜΗ
2409 373 2769 434 ΖΙΟΑΠΕΝΙ

3909 386 4046 447 1236

771 488 833 525 ne
867 473 962 525 tibi
996 475 1205 540 quidem
1240 487 1445 543 parcet.
1495 479 1609 534 Non
1656 482 1794 536 alius
1853 483 1982 547 illis,
2015 487 2157 541 alius
2233 491 2348 549 tibi,
2382 498 2424 548 Λ
2455 492 2516 555 γὲ

2292 491 2348 549 3i,
2382 498 2424 548 Λ
2455 492 2561 558 γὰρ
2596 493 2706 542 τῶν
2744 493 3193 562 ὲκπειρασάντων
3241 496 3310 550 τὰ
3372 497 3518 549 κῶλα
3579 499 3637 549 ὲν
3695 499 3762 564 τῇ
3822 499 4037 567 ἐρήμῳ,

771 563 864 615 sed
903 564 1064 616 idem.
1099 565 1162 618 Et
1193 582 1408 622 rursum
1445 587 1458 622 :
1510 571 1634 625 Vide
1672 575 1955 628 bonitatem
1990 589 2038 629 et
2102 582 2354 634 severita-

2457 581 2759 633 καὶπολλὰ
2814 584 2950 636 ἄλλα
3013 585 3246 652 μετῆλθε
3302 586 3448 653 πάθη
3514 587 3639 647 τοὺς
3702 587 4033 652 ὑπαιτίους),

770 664 873 708 tem
906 658 944 712 '.
982 659 1189 726 Cujus?
1222 661 1462 717 Christi:
1511 668 1856 721 severitatem
1887 671 2103 738 quidem
2148 674 2202 726 in
2262 689 2357 727 eos
2449 687 2515 737 μτ

2296 689 2357 727 os
2449 669 2668 737 μήπως
2715 673 2747 723 ὁ
2797 673 2982 737 αὐτὸς
3019 674 3164 726 οὐδὲ
3210 674 3327 728 σοῦ
3377 677 3673 744 φείσεται.
3717 676 3834 727 υὺκ
3883 677 4041 739 ἄλλος

770 749 861 813 qui
900 752 1249 817 ceciderunt;
1293 756 1344 808 in
1379 766 1430 810 te
1459 769 1637 810 autem
1669 760 1990 816 bonitatem.
2011 763 2150 829 Quid
2174 777 2354 819 autem

769 839 872 890 sibi
907 839 1091 892 volunt
1120 844 1389 906 primitur,
1414 857 1461 898 et
1494 864 1691 912 massa,
1724 861 1771 902 et
1792 854 1968 916 radix,
2006 863 2055 906 et
2087 858 2244 923 rami,
2300 867 2356 910 et

769 932 1065 996 naturales,
1103 944 1154 986 et
1202 936 1374 1000 insiti,
1437 939 1542 991 nisi
1606 952 1847 995 mutuam
1896 948 2191 1012 quamdam
2259 966 2354 1004 co-

768 1021 1081 1088 gnationem
1109 1023 1132 1075 ’ἶ
1164 1023 1374 1088 Quibus
1404 1042 1468 1080 ex
1509 1032 1692 1084 verbis
1724 1036 2072 1101 apertissime
2112 1054 2252 1093 unus
2299 1053 2353 1096 et

771 1112 911 1165 idem
943 1127 1063 1166 esse
1091 1116 1370 1184 legislator
1391 1119 1717 1177 declaratur.

2458 763 2556 830 μὲν
2616 762 2864 824 ἐκείνων,
2927 764 3084 827 ἄλλος
3137 765 3192 817 δὲ
3254 766 3371 830 σοῦ,
3439 766 3555 819 ἀλλ’
3624 768 3652 819 ὁ
3702 767 3885 829 αῦτός.
3933 767 4045 821 Καὶ

2453 854 2638 917 πάλιν,
2680 855 2802 908 Ἴδε
2829 851 2943 910 οὖν
2980 858 3386 924 χρηστότητα,
3417 858 3517 912 καὶ
3550 859 3911 927 ἀποτομίαν.
3948 859 4046 911 Τί-

2453 962 2579 1010 νος;
2624 947 2904 1014 Χριστοῦ.
2953 947 3077 1000 Ἐπὶ
3110 949 3211 1017 μὲν
3242 951 3370 1013 τοὺς
3402 950 3673 1014 πεσόντας
3704 950 4039 1019 ἀποτομίαν,

2452 1040 2545 1090 ἐπὶ
2575 1040 2630 1091 δὲ
2659 1040 2718 1092 σὲ
2747 1043 3117 1110 χρηστότητα.
3146 1042 3212 1094 Τί
3241 1043 3286 1095 δ’
3315 1043 3381 1095 ἂν
3411 1043 3690 1105 βούλοιντο
3719 1044 3753 1112 ή
3788 1041 4038 1113 ἀπαρχὴ.

2454 1133 2548 1182 καὶ
2593 1132 2654 1182 τὸ
2707 1131 2962 1202 φύραμα,
3010 1136 3105 1185 καὶ⁵
3158 1135 3192 1203 ἡ
3241 1135 3388 1205 ῥίζα,
3443 1136 3540 1186 καὶ
3590 1135 3639 1185 οἱ
3682 1134 3894 1192 κλάδοι,
3948 1132 4046 1183 καὶ

766 1206 817 1256 οἱ
850 1205 1160 1273 αὐτοφυεῖς.
1198 1210 1292 1261 καὶ
1349 1211 1398 1261 οἱ
1458 1211 1525 1262 δι’
1551 1213 1975 1282 ὲγκεντρίσεως,
2011 1220 2060 1270 εί
2097 1221 2172 1290 μὴ
2208 1223 2306 1290 τὴν
2331 1222 2718 1292 ἀλληλουχίαν,
2781 1225 2876 1275 καὶ
2907 1225 3254 1292 συγγένειαν,
3285 1227 3380 1277 καὶ
3425 1227 3507 1278 ὅτι
3559 1226 3654 1278 τοῦ
3686 1224 3856 1280 αὑτοῦ
3884 1242 4041 1293 νομο-

769 1299 930 1352 θέτου
972 1303 1179 1367 φωναῖς
1208 1302 1463 1371 δηλοῦσιν
1495 1307 1931 1377 ὲναργεστάταις
1957 1331 1971 1378 ς

842 1395 985 1448 Alibi
1011 1396 1141 1450 dicit
1172 1414 1184 1448 :
1218 1397 1575 1456 Circumcisus
1612 1407 1808 1472 aliquis
1843 1421 2057 1464 vocatus
2103 1425 2202 1477 est,
2253 1430 2355 1466 non

766 1486 995 1538 abducat
1027 1490 1361 1555 prteputium.
1390 1490 1455 1544 In
1489 1498 1746 1559 praeputio
1785 1498 1980 1566 aliquis
2010 1513 2223 1555 vocatus
2256 1515 2352 1568 est,

767 1593 869 1628 non
901 1579 1330 1635 circumcidatur.
1368 1581 1716 1638 Circumcisio
1752 1588 1882 1639 nihil
1906 1601 2003 1653 est,
2036 1602 2084 1644 et
2141 1608 2352 1659 prtepu-

765 1668 895 1719 tium
925 1670 1057 1720 nihil
1094 1680 1195 1736 est,
1246 1672 1336 1724 sed
1398 1675 1692 1728 observatio
1732 1681 2104 1733 mandatorum
2168 1681 2263 1735 Dei
2307 1686 2351 1746 ¹,

769 1757 932 1810 unius
957 1757 1236 1822 nimirum,
1273 1775 1378 1812 non
1407 1771 1586 1814 autem
1640 1763 1896 1819 duorum.
1973 1765 2350 1819 Mandatorum

767 1864 927 1916 porro
961 1865 1125 1903 unum
1146 1850 1301 1916 jubet
1319 1853 1661 1917 circumcidi,
1687 1856 1918 1916 alterum
1945 1867 2111 1912 vetat.
2134 1856 2355 1912 Utrum-

764 1958 869 2010 que
895 1955 1073 1998 autem
1109 1945 1176 1997 ad
1213 1945 1462 1999 eumdem
1517 1947 1680 2002 refert
1729 1947 1918 2004 Deum.
1981 1949 2348 2015 Quamobrem

765 2051 906 2088 unus
939 2045 1024 2090 est
1071 2036 1214 2091 Deus
1243 2052 1428 2101 verus,
1464 2045 1519 2092 et
1561 2037 1724 2093 Pater
1760 2039 1973 2094 Domini
2008 2043 2180 2096 nostri
2223 2041 2351 2095 Jesu

762 2128 989 2192 Christi,
1024 2131 1115 2197 qui
1146 2140 1199 2183 et
1224 2129 1702 2186 circumcisionem
1731 2149 1826 2202 per
1856 2134 2132 2186 Abraham
2157 2134 2210 2186 in
2235 2149 2353 2203 my-

763 2220 930 2273 sterio
950 2222 1306 2286 perfectionis
1331 2222 1479 2275 dedit
1500 2226 1839 2294 temporibus
1857 2225 2161 2293 pra-finitis,
2186 2235 2240 2278 et
2258 2241 2354 2279 eos

763 2311 857 2379 qui
895 2315 946 2366 iu
975 2315 1240 2383 pra-pullo
1271 2325 1446 2379 erant,
1482 2333 1577 2387 per
1629 2317 1823 2371 Filium
1861 2334 2022 2373 suum
2087 2319 2348 2388 suscepit.

839 2522 1226 2578 Animadverte
1262 2524 1394 2578 mihi
1451 2526 1773 2594 sapientiam
1840 2527 2016 2593 Pauli,
2076 2528 2352 2594 quomodo

769 2615 984 2670 Veteris
1049 2627 1102 2670 et
1161 2617 1296 2671 Novi
1337 2617 1673 2672 Testamenti
1727 2620 2020 2673 discrimen
2077 2623 2351 2674 ostendat.

765 2708 967 2763 Verum
997 2725 1121 2763 cum
1156 2711 1500 2765 deserturum
1533 2712 1758 2766 istorum
1796 2713 2045 2768 harresim
2075 2715 2350 2784 perspice-

763 2810 868 2865 ret,
899 2802 1043 2854 illius
1075 2818 1268 2857 omnes
1321 2815 1614 2870 amputans
1642 2821 1839 2874 nugas,
1868 2807 1982 2860 hare
2011 2809 2194 2860 statim
2253 2807 2350 2859 ad-

765 2894 842 2944 dit
873 2907 886 2942 :
927 2891 1116 2946 Vetera
1146 2896 1500 2958 transierunt,
1531 2913 1646 2950 ecce
1677 2898 1821 2965 facta
1871 2907 1994 2950 sunt
2031 2900 2210 2951 omnia
2257 2914 2352 2950 no-

765 3000 829 3036 va
879 2969 920 3038 '.
957 2983 1174 3052 Omnia,
1219 2985 1418 3053 inquit,
1458 2998 1564 3038 tam
1623 3003 1814 3041 recens
1869 2987 2123 3041 nimirum
2181 3003 2346 3057 quam

766 3075 937 3131 Vetus
961 3075 1370 3131 Testamentum
1394 3093 1457 3131 ex
1492 3078 1623 3144 Deo,
1656 3081 1871 3147 quinos
1900 3081 2003 3134 sibi
2042 3080 2352 3134 conciliavit

766 3183 864 3236 per
894 3169 1180 3223 Dominum
1212 3178 1462 3223 nostrum
1496 3170 1682 3224 Jesum
1717 3171 2022 3228 Christum.

829 3260 1067 3317 Joannes
1116 3265 1352 3317 adventu
1394 3264 1519 3317 boni
1582 3265 1675 3318 Dei
1739 3266 1956 3339 dignus.
1995 3265 2241 3331 eﬂ‘eclus,
2297 3277 2353 3322 et

761 3353 1045 3422 plusquam
1078 3357 1364 3424 prOpbeta,
1397 3365 1453 3409 et
1481 3372 1587 3424 quo
1645 3358 1788 3412 inter
1841 3370 1996 3412 natos
2062 3360 2350 3411 mulierum

763 3446 938 3514 major
965 3461 1072 3499 non
1095 3447 1356 3512 surrexit,
1386 3449 1697 3504 testimonio
1731 3452 1897 3517 ipsius
1922 3449 2197 3516 Veritatis,
2217 3467 2354 3520 quo-

761 3539 924 3592 modo
953 3555 1049 3607 pro
1085 3540 1218 3607 legis
1252 3541 1509 3596 mandato
1537 3541 1641 3596 sibi
1681 3544 2026 3611 pugnandum
2062 3544 2353 3597 existinm-

762 3633 856 3696 vit,
893 3635 1198 3700 przesertim
1241 3648 1364 3688 eum
1399 3636 1590 3704 gratia:
1628 3651 1937 3704 przecursor
1973 3639 2174 3691 misSus
2239 3638 2354 3691 l’ne-

763 3726 1086 3795 rit?Neque
1121 3744 1249 3782 vero
1285 3731 1550 3799 pugnavit
1606 3731 1803 3794 sulmu,
1874 3733 1966 3785 sed
2026 3733 2206 3801 capite
2255 3751 2350 3803 pro

760 3819 850 3871 illo
875 3819 1167 3873 damnatus
1185 3835 1286 3875 est.
1323 3821 1476 3877 Unde
1508 3823 1675 3887 enim,
1717 3825 1818 3878 nisi
1849 3840 1914 3878 ex
1951 3827 2065 3888 leae
2099 3828 2348 3896 sumpsit.

758 3924 813 3964 ut
841 3910 980 3967 llero
1007 3917 1107 3967 ἐιη
1134 3916 1578 3982 reprehenderet,
1600 3919 1946 3986 diceretque:
1975 3916 2098 3970 Non
2118 3921 2240 3972 licet
2258 3921 2350 3971 tibi

756 4006 948 4058 habere
991 4021 1206 4060 uxorem
1251 4005 1490 4076 Philippi
1537 4009 1722 4076 fratris
1761 4010 1837 4064 tui
1866 4011 1928 4064 ‘?
1970 4012 2129 4066 Vides
2164 4012 2348 4080 igitur,

755 4099 947 4163 quanti
972 4096 1163 4152 fecerit
1187 4100 1444 4154 mandata
1480 4100 1617 4168 legis
1650 4102 1763 4167 ille,
1794 4104 1884 4171 qui
1913 4103 2103 4173 dignus
2125 4103 2352 4158 enectus

754 4215 767 4240 ι
788 4200 860 4250 st,
891 4201 946 4242 ut
991 4201 1271 4245 auctorem
1295 4193 1484 4261 gratia:
1516 4194 1836 4261 baptizaret.
1871 4193 2005 4247 Nam
2036 4196 2079 4248 si
2113 4210 2354 4265 praecep-

757 4295 806 4334 tu
842 4282 1074 4336 Mosaica
1126 4296 1181 4337 et
1215 4285 1526 4353 evangelica
1582 4286 1833 4340 instituta
1877 4302 1984 4340 non
2020 4299 2147 4340 sunt
2204 4287 2352 4357 ejus-

755 4380 878 4430 dem
911 4381 1107 4431 divina:
1141 4387 1195 4431 et
1253 4379 1406 4432 bona:
1444 4378 1846 4445 inspirationis,
1908 4386 2185 4447 quomodo
2239 4383 2352 4448 ipse

2541 1414 2631 1464 Ἐν
2681 1412 2861 1475 ἄλλοις
2893 1413 2950 1466 δὲ
2997 1413 3158 1464 πάλιν
3196 1413 3352 1482 φησὶ,
3397 1399 3904 1479 Περιτετμημένος
3955 1429 4043 1475 τις

2458 1505 2709 1571 ἐκλήθη,
2740 1506 2825 1573 μὴ
2848 1505 3206 1558 ἐπισπάσθω
3224 1522 3237 1534 ·
3259 1506 3330 1557 ἐν
3355 1506 3724 1571 ἀκροϐυστΙᾳ
3750 1522 3838 1568 τις
3861 1507 4044 1570 ἐκλή-

2458 1597 2654 1666 θη.μὴ
2681 1598 3146 1666 περιτεμνέσθω.
3175 1598 3540 1664 Ἠπεριτομὴ
3565 1596 3746 1648 οὐδέν
3768 1597 3920 1659 ἐστι,
3947 1598 4041 1650 καί

2457 1689 2494 1755 ἡ
2513 1690 2878 1755 ἀκροϐυστία
2908 1689 3089 1742 οὐδέν
3109 1688 3299 1752 ἐστιν,
3322 1690 3482 1742 dua
3509 1687 3760 1753 τήρησις
3783 1686 4046 1740 ἐντολῶν

2460 1781 2607 1833 Θεοῦ
2631 1796 2644 1810 ·
2677 1781 2795 1844 ἐνὸς
2828 1781 3100 1850 δηλονότι,
3130 1783 3224 1833 καὶ
3255 1781 3315 1832 ού
3347 1782 3440 1833 δύο
3467 1780 3626 1832 θεῶν.
3659 1781 3779 1832 Τῶν
3810 1780 3866 1832 δὲ
3895 1782 4044 1832 ἐντο-

2462 1873 2573 1925 λῶν
2615 1875 2648 1943 ὴ
2687 1874 2789 1943 μὲν
2835 1874 3092 1926 ἐκέλευσε
3137 1872 3593 1944 περιτέμνεσθαι,
3625 1874 3656 1939 ἡ
3692 1872 3750 1923 δὲ
3799 1872 3897 1940 μή.
3944 1866 4047 1922 Ὧν

2464 1968 2738 2036 ἑκατέραν
2771 1967 3163 2035 ἀνωμολόγησε
3217 1964 3312 2017 τοῦ
3352 1963 3519 2016 αὑτοῦ
3568 1962 3725 2025 Θεοῦ,
3781 1963 3923 2015 ὥστε
3967 1958 4047 2019 εἷς

2463 2058 2596 2121 Θεὸς
2619 2062 2645 2111 ὁ
2675 2057 2932 2127 ἀληθινὸς
2965 2057 3059 2109 καὶ
3090 2057 3278 2126 Πατὴρ
3307 2055 3402 2108 τοῦ
3436 2055 3646 2124 Κυρίου
3676 2053 3834 2121 ἡμῶν
3874 2054 4046 2121 Ἰησοῦ

2463 2154 2706 2224 Χριστοῦ
2729 2195 2744 2218 ,
2771 2154 2800 2206 ὁ
2827 2152 2924 2206 καὶ
2951 2155 3051 2221 τὴν
3086 2136 3388 2221 περιτομὴν
3418 2151 3508 2202 διὰ
3541 2149 3639 2202 τοῦ
3683 2149 3933 2217 Ἀϐραὰμ
3967 2149 4048 2207 εἰς

2467 2247 2772 2317 μυστηρίου
2819 2245 3106 2299 τελείωσιν
3153 2245 3368 2314 χρόνοις
3422 2243 3753 2312 ὡρισμένοις
3793 2240 3917 2301 δοὺς
3954 2240 4048 2291 καὶ

2461 2341 2588 2402 τοὺς
2641 2342 2698 2392 ὲν
2758 2338 3102 2408 ἀκροϐυστία
3124 2337 3212 2390 διὰ
3263 2338 3360 2388 τοῦ
3412 2335 3544 2387 Υἱοῦ
3604 2331 3771 2386 αὑτοῦ
3823 2347 4047 2401 προσει-

2461 2433 2670 2502 ληφώς.

2532 2530 2676 2597 Ὅρα
2718 2546 2808 2597 μοι
2841 2527 2941 2596 τὴν
2969 2527 3164 2594 σοφίαν
3195 2526 3289 2578 τοῦ
3339 2526 3554 2579 Παύλου
3583 2528 3733 2589 ὅπως
3774 2529 4046 2596 διαφορὰν

2462 2625 2562 2693 μὲν
2594 2622 2694 2692 τῆς
2720 2623 2929 2690 Καινῆς
2966 2621 3060 2673 καὶ
3105 2622 3203 2690 τῆς
3239 2621 3484 2684 Παλαιᾶς
3519 2623 3754 2689 εἰσάγει.
3805 2622 4043 2691 Προσλέ-

2458 2734 2578 2769 πων
2603 2716 2662 2768 δὲ
2701 2714 2801 2785 τὴν
2821 2715 3186 2778 ἀποστασίαν,
3216 2715 3311 2766 καὶ
3343 2717 3526 2767 πᾶσαν
3549 2716 3718 2784 αὐτῆς
3753 2715 4041 2768 ἐκκόπτων

2460 2809 2875 2880 ματαιολογίαν,
2899 2809 3059 2871 εὐθὺς
3093 2809 3255 2861 πάλιν
3277 2810 3451 2861 ταῦτα
3478 2807 3857 2877 σννεπιφέρειο
3891 2807 4042 2872 λέγει

2456 2905 2565 2973 γάρ
2589 2919 2606 2933 ⁸
2642 2903 2717 2957 Τὰ
2741 2901 2958 2972 ἀρχαῖα
2987 2899 3317 2968 παρῆλθεν,
3346 2899 3475 2954 ἰδοὺ
3496 2901 3708 2968 γέγονε
3739 2901 3806 2952 τὰ
3845 2901 4043 2951 πάντα

2460 2997 2634 3050 καινά
2658 3012 2674 3026 ·
2701 2997 2770 3048 τὰ
2822 2995 2878 3047 δὲ
2911 2997 3088 3049 πάντα
3139 2985 3278 3063 φησῖ
3305 2994 3401 3048 καὶ
3431 2996 3464 3063 ἡ
3507 2994 3623 3047 Νέα
3653 2993 3918 3060 δηλονότι,
3948 2996 4045 3044 καὶ

2457 3095 2490 3163 ἡ
2528 3092 2740 3147 Παλαιὰ
2787 3093 2851 3144 ἐκ
2904 3090 3000 3143 τοῦ
3044 3088 3179 3142 Θεοῦ
3255 3090 3350 3142 τοῦ
3407 3089 3843 3152 καταλλάξακτος
3899 3089 4045 3155 ἡμᾶς

2456 3187 2636 3257 ἑαυτῷ
2665 3187 2753 3239 διὰ
2781 3185 2875 3238 τοῦ
2904 3183 3110 3254 Κυρίου
3136 3183 3297 3251 ἡμῶν
3341 3181 3517 3251 Ἰησοῦ
3551 3180 3810 3249 Χριστοῦ.

2530 3280 2713 3343 Ἄξιος
2741 3280 2839 3348 τῆς
2870 3276 3203 3346 ἐπιφανείας
3235 3275 3332 3328 τοῦ
3383 3275 3596 3342 ἀγαθοῦ
3640 3273 3776 3326 Θεοῦ
3803 3289 3935 3339 γεγο
3971 3272 4046 3332 ὼς

2453 3378 2480 3427 ὁ
2523 3375 2804 3444 Ἰωάννης,
2842 3373 2938 3424 καὶ
2985 3371 3274 3442 προφήτου
3312 3369 3736 3436 περισσότερος.
3791 3365 3882 3416 καὶ
3925 3365 4044 3432 μείι

2454 3468 2563 3530 ζων
2584 3466 2693 3518 τῶν
2716 3467 2772 3517 ὲν
2802 3467 3086 3533 γεννητοῖς
3125 3463 3409 3531 γυναικῶν
3441 3461 3534 3513 ὑπ’
3574 3460 3746 3527 αὐτῆς
3779 3461 3842 3524 τῖς
3852 3475 3876 3519 ς
3909 3457 4045 3522 ἁλη-

2456 3560 2604 3622 θείας
2637 3559 3074 3630 ἀναγορευθεὶς,
3121 3557 3241 3620 πῶς
3289 3557 3499 3620 ὑπέστη
3548 3552 3782 3622 νομικῆς
3824 3550 4044 3617 ἐντολῆς

2455 3653 2822 3720 ὑπερμαχεῖν,
2874 3652 2967 3702 καὶ
2994 3650 3118 3702 τότε
3154 3648 3469 3716 πρόδρομος
3510 3645 3608 3714 τῆς
3643 3645 3867 3712 χάριτος
3912 3643 4050 3694 ἀπο-

2457 3744 2668 3804 σταλείς
2695 3760 2709 3807 ;
2749 3741 2844 3796 καὶ
2865 3742 2924 3793 οὗ
2953 3739 3112 3793 τοῦτο
3145 3739 3331 3808 μόνον,
3373 3737 3513 3790 ἀλλὰ
3542 3737 3636 3787 xxi
3671 3735 3770 3802 τὴν
3799 3732 4046 3800 κεφαλὴν

2455 3837 2597 3907 ὑπὲρ
2619 3836 2825 3905 ταύτης
2853 3833 3230 3903 ἀναιρεθῆναι,
3250 3833 3322 3884 Τὸ
3340 3834 3449 3901 γὰρ
3476 3831 3721 3898 ἐλέγχειν
3749 3829 3838 3879 τον
3870 3827 4045 3892 ’Πρώ-

2453 3932 2571 4000 δην,
2601 3931 2693 3984 καὶ
2720 3931 2920 3997 λέγειν,
2941 3928 3062 3983 Οὐκ
3091 3927 3299 3990 ἔξεστί
3325 3942 3422 3978 σοι
3457 3926 3624 3991 ἔχειν
3650 3922 3763 3987 τὴν
3789 3919 4041 3987 γυναῖκα

2455 4025 2760 4078 Φιλίππου
2797 4022 2902 4076 τοῦ
2930 4019 3202 4089 ἀδελφοῦ
3234 4034 3374 4084 σου,
3410 4017 3576 4070 πόθεν
3620 4011 3732 4084 εἶχε
3768 4013 3968 4071 λαϐὼν,
4007 4011 4038 4080 ἦ

2453 4119 2598 4181 τίνος
2622 4116 3014 4185 ὑπερασπίζων
3045 4111 3368 4182 νομοθεσίας
3411 4111 3502 4163 τὸν
3533 4109 3759 4176 ἔλεγχον
3792 4105 4039 4175 προσῆγε

2453 4211 2532 4281 τῷ
2562 4210 2799 4280 βκσιλεῖς
2848 4209 3010 4278 Ὁρᾷς
3049 4208 3216 4259 πόσον
3243 4206 3408 4272 ἐτίμα
3433 4204 3529 4264 τὰς
3560 4201 3793 4268 νομικὰς
3819 4198 4043 4257 ἐντολὰς

2454 4305 2592 4358 se.»
2617 4303 2714 4372 τῆς
2747 4303 2970 4373 χάριτος
3004 4299 3302 4369 νομοθέτην
3335 4297 3597 4368 βαπτίσαι
3637 4292 4039 4358 καταξιωθείς;

2456 4402 2517 4454 El
2541 4400 2597 4454 δὲ
2631 4400 2706 4470 μὴ
2731 4399 2830 4467 τῆς
2862 4397 3033 4466 αὐτῆς
3059 4392 3202 4466 ἦσαν
3227 4394 3377 4455 θείας
3406 4395 3500 4445 καὶ
3540 4387 3892 4458 ἀγαθουργοῦ
3919 4391 4042 4439 ἐπι-

757 4473 1007 4544 minister
1065 4474 1252 4542 gratia:
1305 4472 1396 4524 illa
1455 4488 1563 4524 non
1624 4475 1990 4541 aspernatur?
2042 4475 2502 4574 praesertimDﬁ.

2298 4490 2345 4525 ¹¹¹
2377 4515 2428 4574 D
2456 4495 2647 4555 πνοίας
2681 4491 2753 4545 τά
2793 4507 2852 4542 τε
2885 4489 3141 4557 μωσαῖκὰ
3178 4486 3624 4556 παραγγέλματα
3648 4484 3741 4534 καὶ
3775 4483 3843 4533 τὰ
3874 4481 4043 4547 εὐαγ-

753 4582 876 4618 cum
909 4563 1166 4618 Dominus
1191 4565 1372 4619 dicat:
1408 4564 1576 4619 Nemo
1623 4577 1789 4633 potest
1851 4568 2053 4619 duobus
2109 4566 2347 4621 Dominis

753 4660 966 4721 servire,
1002 4667 1054 4712 et
1087 4674 1208 4728 qua:
1247 4669 1554 4725 sequuntur
1600 4661 1641 4711 ⁸.
1695 4657 1812 4728 Ipse
1841 4661 1984 4712 enim
2040 4675 2349 4728 przecursor

750 4748 989 4804 Joannes
1017 4767 1120 4804 una
1165 4765 1287 4802 cum
1341 4751 1726 4818 prOpbetarum
1775 4761 1920 4804 cmtu
1980 4753 2190 4805 duobus
2249 4753 2349 4806 do-

755 4844 918 4896 minis
951 4843 1380 4911 deprehenditur
1415 4843 1701 4904 inservire,
1736 4847 1778 4897 si
1834 4845 2063 4898 duorum
2104 4846 2350 4900 domino-

753 4937 1060 5000 rum,unius
1084 4936 1208 4990 boni
1239 4947 1290 4990 et
1323 4937 1548 4991 alterius
1572 4936 1930 5003 mali,Novum
1952 4953 2073 4994 esse
2103 4942 2351 4993 com-edi-

752 5045 874 5085 mus
912 5041 965 5084 et
1001 5027 1165 5085 Vetus
1212 5031 1647 5085 'l‘eslamentnm.

824 5331 1050 5400 Magnus
1082 5325 1191 5382 ille'
1231 5345 1408 5397 prteco
1463 5331 1710 5385 veritatis
1775 5333 1972 5386 Paulus
2019 5334 2162 5388 clara
2220 5353 2350 5391 voce

747 5433 947 5481 clamat
968 5425 1129 5481 :Num
1151 5425 1440 5478 seeumlum
1470 5426 1733 5478 hominem
1764 5428 1874 5483 ha'c
1905 5428 2219 5497 loquor?An
2240 5447 2343 5483 non

747 5530 794 5572 et
829 5516 911 5570 lex
933 5514 1110 5569 dicit?
1139 5516 1193 5569 td
1216 5528 1320 5579 est,
1363 5530 1467 5568 non
1524 5517 1864 5583 argumentis
1910 5519 2165 5571 humanis
2233 5522 2344 5573 iure

747 5613 1036 5666 eonlirmo.
1079 5609 1268 5664 Nonne
1287 5622 1340 5664 et
1368 5609 1500 5681 legis
1537 5613 1795 5664 mandato
1827 5614 2145 5681 prmscripta
2181 5615 2344 5666 sunt?

746 5707 815 5762 In
846 5706 956 5776 lege
981 5707 1116 5762 enim
1141 5702 1330 5768 Mosis,
1371 5708 1564 5776 inquit,
1599 5706 1852 5776 scriptum
1873 5716 1948 5760 est
1985 5726 2000 5760 :
2041 5706 2163 5760 Non
2223 5707 2347 5759 ulli-

840 5881 852 5908 '
897 5877 1054 5933 Rom.
1087 5895 1161 5943 xu,
1190 5877 1278 5931 ⁸22.
1387 5883 1404 5910 ⁸
1439 5879 1453 5932 l
1485 5879 1610 5932 (lor.
1681 5895 1774 5941 ιιι,
1814 5877 1895 5942 18,
1940 5879 2023 5932 19.

2105 5879 2120 5904 ³
2167 5877 2206 5931 ΙΙ
2229 5877 2351 5932 Cur.
2377 5878 2535 5941 v.17.

2450 4584 2646 4658 γελικὰ
2679 4581 3056 4650 διατάγματα,
3086 4580 3202 4641 πῶς
3230 4582 3257 4632 ὁ
3278 4578 3440 4638 αὐτὸς
3478 4577 3578 4646 τῆς
3615 4576 3841 4644 χάριτος
3897 4574 4041 4639 ὑπη-

2453 4683 2619 4754 ρέτης
2643 4676 2752 4730 οὐδ’
2779 4676 3012 4728 ἐκείνων
3040 4673 3318 4741 ὀλιγωρεῖ,
3352 4671 3528 4723 καίτοι
3557 4670 3653 4722 τοῦ
3686 4665 3926 4737 Χριστοῦ
3955 4664 4044 4716 λέ-

2454 4791 2662 4840 γοντος,
2690 4769 2901 4834 Οὐδεὶς
2957 4767 3210 4820 δύναται
3239 4765 3382 4818 δυσί
3419 4764 3649 4830 κυρίοις
3701 4761 4045 4820 δουλεύειν,

2452 4869 2544 4922 καὶ
2572 4870 2640 4919 τὰ
2670 4867 2824 4934 ὲξῆςς
2857 4863 2965 4917 ίδοὺ
2995 4861 3102 4932 γὰρ
3125 4859 3283 4922 αὑτός
3314 4877 3371 4911 τε
3392 4861 3416 4909 ο
3435 4855 4044 4927 ΠρόδρομοςΊωάννης,

2452 4960 2548 5013 καὶ
2578 4958 2686 5011 τῶν
2717 4958 2824 5026 πρὸ
2849 4954 3017 5008 αὐτοῦ
3050 4951 3349 5025 προφητῶν
3374 4952 3406 5018 ἡ
3445 4949 3721 5018 ὁμήγυρις
3750 4945 4040 5016 εὑρίσκον⁹

2452 5071 2543 5105 ται
2589 5051 2709 5105 δυσὶ
2750 5052 2962 5119 κυρίοις
3023 5047 3373 5105 δουλεύοντες
3401 5043 3604 5110 ,εἴπερ
3651 5040 3745 5092 δύο
3802 5038 4039 5107 κυρίων,

2451 5146 2660 5214 ἀγαθοῦ
2696 5163 2753 5198 τε
2789 5146 2880 5198 καὶ
2915 5142 3180 5212 πονηροῦ,
3218 5139 3319 5210 τὴν
3357 5135 3601 5192 Παλαιὰν
3632 5128 3772 5185 εἶναι
3827 5148 4044 5198 συγχω-

2455 5241 2726 5311 ρήσομεν,
2762 5240 2858 5291 καὶ
2887 5239 2986 5307 τὴν
3027 5235 3191 5289 Νέαν.

2525 5332 2734 5394 Παῦλος
2769 5331 2797 5382 ὁ
2854 5330 3030 5399 μέγας
3063 5329 3240 5398 κῆρυξ
3269 5329 3580 5396 διαπρυσίῳ
3612 5328 3714 5399 βοᾷ
3767 5332 3830 5398 τῇ
3864 5333 4042 5396 quivi,

2454 5423 2550 5491 Μὴ
2579 5424 2728 5478 κατὰ
2767 5424 3086 5491 ἄνθρωπον
3116 5424 3300 5475 ταῦτα
3321 5420 3531 5485 λαλῶς
3569 5420 3607 5487 ἡ
3642 5421 3738 5474 καὶ
3775 5423 3912 5489 οὐχί
3947 5423 4045 5473 καὶ

2456 5521 2488 5570 o'
2513 5522 2700 5588 νόμος
2746 5517 2933 5572 ταῦτα
2983 5517 3180 5587 lerat;
3220 5517 3490 5577 τουτέστι,
3519 5515 3608 5585 Μὴ
3639 5515 3923 5582 λογισμοῖς
3959 5515 4053 5564 ἀν-

2457 5612 2695 5682 Θρώπων
2743 5613 3121 5682 ἁσφαλίζομαι
3157 5611 3216 5664 τὸ
3257 5610 3426 5680 ῥηθὲν
3453 5650 3464 5671 ,
3519 5610 3550 5679 ἢ
3598 5611 3718 5680 οὐχὶ
3756 5609 3849 5661 καὶ
3890 5609 4044 5671 θείας

2459 5707 2778 5776 νομοθεσίας
2809 5707 2926 5758 ἐστὶ
2960 5705 3020 5758 τὸ
3052 5705 3473 5776 προτεινόμενον
3501 5723 3514 5768 ς
3548 5705 3647 5756 Ἐν
3675 5703 3781 5774 γὰχ
3815 5700 3893 5768 τῷ
3921 5706 4048 5758 Meo.

2644 5879 2658 5908 ⁴
2682 5877 3065 5944 Male.\t,18.
3173 5877 3189 5904 ⁵
3214 5873 3421 5932 Matth.-
3449 5892 3520 5941 ιι,
3552 5874 3640 5930 94.
