4420 6462
772 428 906 489 1943

2012 412 2383 476 Ευτιιγλιιι
2439 409 2788 469 Z!G.\BENI

3904 390 4031 450 i2“

766 545 1004 609 ipsorum
1039 541 1104 589 ,ιιι
1154 556 1337 591 errore
1393 539 1714 607 ptincipium
1772 535 2087 602 sumpsi'rii,
2145 534 2196 584 itt
2233 546 2348 583 0m-
2378 531 2424 584 Α
2454 526 2511 576 Τί

2283 546 2348 582 at-
2378 531 2424 584 Α
2454 526 2562 592 Τῆς
2596 526 2706 592 γὰρ
2732 524 2970 581 πίστεως
3012 517 3194 570 αὐτῶν
3227 513 3546 582 ἀρξαμένης
3580 510 3644 558 ἐκ
3673 510 3902 568 πλάνης,
3930 510 4028 552 dm

767 633 926 683 uilius
975 631 1232 698 deinceps
1280 632 1687 682 aberraveruut.
1741 628 1930 695 Capita
1983 634 2163 677 tamen
2238 624 2346 674 lite-

769 728 1056 774 reticarum
1106 720 1417 787 opinionum
1458 730 1511 772 et
1559 718 1932 779 fundamenta,
1979 725 2030 768 et
2090 714 2344 773 radicem,

764 821 822 864 et
853 811 1057 863 (autem
1087 810 1486 878 quodammodo
1511 809 2017 862 demonstrabimus.
2052 806 2181 869 Quae
2224 802 2349 856 reli-

766 905 944 970 gionis
999 913 1052 956 et
1112 904 1325 970 pietatis
1379 903 1620 954 doctrina
1672 901 1740 952 ab
1775 901 1927 952 initio
2000 899 2067 950 ab
2120 899 2219 952 hoc
2255 912 2346 950 us-

765 1011 873 1060 que
915 1005 1128 1061 tempus
1183 993 1477 1061 redarguit,
1531 1003 1582 1044 et
1631 1002 1885 1058 tanquam
1947 1004 2158 1042 aranea:
2215 989 2350 1040 telas

767 1084 973 1149 disjecil
1020 1099 1183 1153 atque
1245 1084 1516 1147 dissolvit,
1556 1093 1610 1136 et
1673 1084 1913 1148 ipsorum
1949 1079 2188 1132 tenebris
2238 1078 2349 1129 dis-

767 1177 944 1228 cussis
990 1179 1272 1229 veritatem
1337 1173 1594 1228 ostendit.
1640 1173 1769 1238 Quae
1801 1186 1930 1224 vero
1985 1172 2348 1236 prtetermissa

767 1279 912 1327 sunt,
947 1265 1105 1319 facile
1152 1266 1358 1320 eisdem
1405 1265 1703 1318 rationibus
1735 1263 1930 1330 quibus
1964 1261 2167 1327 reliqua
2219 1273 2350 1311 cou-

769 1357 1063 1410 l'utavimus
1092 1365 1428 1411 evertentur.
1473 1354 1530 1408 Si
1563 1356 1705 1409 enim
1741 1354 1830 1420 qui
1863 1351 2083 1406 limresis
2147 1363 2353 1401 veneno

767 1457 894 1499 sunt
963 1446 1176 1509 infecti,
1224 1447 1566 1514 resipiscam,
1625 1459 1690 1498 ex
1747 1444 2054 1512 graviorum
2116 1441 2351 1508 capitum

766 1538 1132 1590 confutatione
1185 1536 1389 1604 reliqua
1451 1544 1800 1604 cognoscent.
1853 1532 1983 1587 Nam
2030 1533 2082 1585 in
2145 1538 2350 1585 rectam

768 1629 986 1681 deducti
1015 1628 1176 1690 viam,
1211 1627 1369 1680 facile
1409 1629 1555 1680 omni
1584 1625 1862 1679 mendacio
1887 1635 2144 1691 tanquam
2181 1622 2351 1674 offen-

769 1720 944 1773 diculo
1005 1731 1058 1772 et
1117 1720 1504 1788 impedimento
1537 1717 1751 1771 sublato
1775 1717 2081 1784 rejectoque
2129 1715 2180 1766 in
2239 1729 2355 1766 om-

771 1828 890 1866 netn
927 1813 1143 1865 venient
1173 1814 1478 1867 veritatem.
1504 1812 1654 1877 Quod
1687 1813 1731 1864 si
1759 1811 1886 1864 caeci
1913 1823 2034 1862 esse
2061 1808 2348 1869 voluerint,

2447 615 2654 675 λούθως
2711 615 2768 664 ἐν
2819 612 3024 664 ἆπασιν
3070 605 3478 673 ἐπλανήθησαν.
3522 600 3603 650 Τά
3655 597 3840 664 μέντοι
3864 610 4032 659 κεφα-

2447 703 2813 772 λαιωδέστερα
2875 699 2982 751 τῶν
3016 695 3305 756 ἐν-αὐτοῖς
3367 688 3662 758 αίρετικῶν
3718 683 4029 750 δογμάτων,

2448 796 2542 849 καὶ
2565 797 2664 847 ὅσα
2693 793 2964 860 θεμέλιος,
2987 790 3080 841 καὶ
3107 789 3256 856 ῥίζα,
3288 784 3382 837 καὶ
3403 779 3516 834 οἷον
3550 778 3701 847 πηγὴ
3730 775 4031 843 πεφύκασι,

2447 885 2620 938 ταῦτά
2651 885 2812 946 εἰσιν,
2849 881 2951 931 ὅσα
2994 874 3285 947 προλαϐὼν
3317 873 3446 940 ἄχρι
3475 869 3571 921 τοῦ
3598 866 3865 936 παρόντος
3893 866 3920 915 δ
3946 863 4036 913 εὖ·

2450 976 2612 1045 σεὸὴς
2641 974 2801 1037 λόγος
2841 971 3064 1041 ἡλεγξε,
3093 969 3189 1020 καὶ
3217 966 3293 1027 ὡς
3332 963 3579 1032 ἀράχνης
3613 957 3763 1011 ἱστὸν
3790 956 4030 1013 διέλυσε,

2449 1070 2543 1121 καὶ
2581 1066 2643 1118 τὸ
2669 1067 2859 1124 σκότος
2893 1062 3080 1114 αὐτῶν
3110 1055 3469 1114 διασκεδάσας
3491 1049 3739 1112 ὑπέδειξε
3769 1049 3870 1117 τὴν
3892 1046 4027 1112 ἀλή-

2451 1159 2626 1210 θειαν.
2657 1156 2839 1209 Τᾶλλα
2869 1153 2925 1206 δὲ
2957 1149 3357 1220 παρειάθησαν,
3387 1145 3463 1206 ὡς
3493 1140 3738 1211 εὐχερῶς
3768 1137 3878 1192 άπὸ
3924 1135 4038 1187 τῶν

2451 1245 2875 1313 ἀνατραπέντων
2909 1240 3137 1309 λυθῆναι
3172 1239 3266 1290 καί⁵
3304 1235 3446 1287 αὑτά
3487 1232 3783 1298 δυνάμενα.
3827 1229 3888 1279 Εἰ
3937 1229 4037 1294 μὲν

2451 1339 2561 1407 γὰρ
2590 1335 2840 1388 πείσουσι
2867 1333 2998 1392 τοὺς
3027 1331 3126 1398 τῆς
3158 1327 3428 1394 αἱρέσεως
3451 1325 3502 1375 οἱ
3537 1322 3649 1374 τῶν
3672 1317 4038 1387 κεφαλαιωδε-

2454 1428 2662 1499 στέρων
2694 1425 2979 1494 δογμάτων
3008 1422 3245 1490 ἔλεγχοι,
3284 1415 3516 1485 περιττή
3543 1413 3654 1466 τῶν
3685 1408 4037 1476 ὑπολειφθένο

2452 1521 2618 1587 τωνη
2656 1517 2798 1570 κατὰ.
2859 1516 3024 1584 μέρος
3058 1513 3307 1576 ἐξέτασις
3334 1524 3348 1537 ·
3400 1504 3723 1574 ἐναχθέντες
3787 1502 3900 1567 γὰρ
3958 1500 4037 1556 εἰς

2453 1613 2553 1679 τὴν
2579 1610 2797 1661 εὐθεῖαν
2827 1608 2946 1660 ὁδὸν
2980 1605 3179 1675 ῥᾳδίως
3212 1603 3429 1653 ἐσονται
3471 1596 3780 1666 βαδίζοντες
3808 1591 3900 1642 ἐπὶ
3929 1591 4037 1638 πᾶ-

2457 1723 2556 1757 σαν
2585 1704 2868 1772 ἀλήθειαν,
2909 1702 3018 1752 πᾶν
3037 1697 3235 1767 ψεῦδος
3262 1693 3515 1760 καθάπερ
3553 1689 3894 1756 πρόσκομμα
3946 1684 4041 1732 καί

2457 1796 2663 1849 σκῶλον
2725 1798 2787 1846 ἐκ
2827 1794 2995 1860 μέσου
3038 1789 3320 1848 ποιοῦντες
3350 1786 3444 1837 καὶ
3477 1780 3891 1852 διαρῤίπτοντες
3917 1790 3933 1805 ο
3991 1773 4042 1823 εξ

768 1905 1150 1957 claudicabunt
1187 1905 1368 1958 adhuc
1431 1903 1822 1971 mendacioque
1897 1900 2121 1968 protecti
2168 1909 2354 1950 contra
2390 1873 2428 1926 Β
2457 1889 2501 1940 δ’

2300 1865 2354 1949 ra
2390 1873 2428 1926 Β
2457 1889 2501 1940 δ’
2533 1885 3090 1951 ἐθολοτυφλώττοντες
3135 1878 3364 1948 μυοῦσιν
3396 1879 3479 1926 ἐτι
3513 1876 3645 1940 πρὸς
3680 1871 3741 1921 τὸ
3779 1867 3916 1935 φῶς,
3949 1865 4043 1917 καὶ

769 1997 1088 2063 semetipsos
1159 1995 1370 2050 fortiter
1431 2004 1612 2063 agent,
1655 2003 1709 2046 et
1742 1993 1808 2046 ad
1861 1992 2065 2046 erroris
2110 1989 2356 2056 spiritum

772 2080 1001 2141 deiicere
1031 2089 1373 2142 recusabuut.
1398 2088 1570 2155 Atque
1596 2085 1666 2138 ita
1718 2100 1930 2138 rursum
1959 2095 2359 2150 supervacanea

771 2179 875 2231 crit
899 2179 1152 2230 subtilior
1182 2193 1369 2232 eorum
1395 2192 1514 2246 qua:
1561 2185 1770 2230 restant
1790 2175 2101 2242 explicatio.
2127 2171 2363 2225 l’utridis

772 2271 915 2322 ettitn
951 2270 1318 2325 fundamentis
1363 2271 1415 2324 iu
1445 2285 1662 2324 cassum
1693 2268 1898 2338 aliquid
1931 2263 2363 2334 superstruxeris

776 2364 1138 2433 inutilemque
1180 2364 1418 2418 laborem
1449 2363 1778 2432 susceperis.

1306 2543 1611 2600 TITULUS
1635 2543 1802 2601 XXV.

847 2636 920 2688 De
951 2651 1127 2700 cruce,
1173 2637 1236 2689 de
1289 2648 1473 2689 sancto
1525 2638 1788 2700 baptismo
1825 2649 1870 2690 et
1922 2637 1986 2690 de
2033 2633 2365 2689 eucliaristia:

1425 2709 1687 2777 mysteria.

847 2821 1041 2872 Verum
1066 2821 1321 2888 quoniam
1342 2830 1396 2875 et
1421 2835 1637 2875 crucem
1665 2820 2022 2874 venerabilem
2037 2821 2362 2887 despiciunt,

774 2921 830 2964 et
847 2914 1088 2965 divinum
1104 2915 1430 2982 baptismum
1449 2921 1879 2977 contemnunt,et
1893 2927 2104 2966 sacram
2127 2916 2367 2980 mysticae

775 3020 944 3058 unua:
981 3007 1516 3074 transsumptionem;
1550 3005 1806 3069 irrident,
1833 3013 1886 3058 et
1916 3006 1981 3058 de
2017 3005 2101 3058 his
2150 3019 2366 3074 quoque

777 3096 980 3163 a'iquid
1013 3113 1077 3150 ex
1113 3099 1390 3149 licatorum
1444 3095 1664 3149 Patrum
1721 3095 1870 3150 libris
1895 3097 2271 3165 depromptum
2308 3097 2362 3151 in

779 3193 1015 3247 medium
1065 3192 1371 3245 atl'cremus.

1279 3329 1594 3384 Dumasceni
1635 3330 1697 3383 de
1723 3345 1894 3383 cruce.

857 3475 1047 3528 Rerum
1101 3479 1218 3544 ipsa
1277 3476 1478 3528 creatio
1512 3475 1760 3527 humanis
1810 3473 2106 3526 rationibus
2136 3490 2373 3539 compre-

785 3569 939 3620 hendi
976 3585 1078 3619 non
1130 3578 1316 3634 potest.
1387 3565 1548 3618 Fides
1595 3568 1842 3618 universa
1879 3567 2194 3619 necessaria.
2237 3566 2375 3631 Quid

786 3662 937 3726 ﬁdes.
979 3689 1047 3698 —
1089 3657 1311 3710 Verbum
1382 3658 1554 3708 crucis
1617 3656 1957 3723 pereuntibus
1995 3657 2203 3723 quidem
2242 3657 2376 3708 stul-

791 3754 911 3804 titia
945 3762 1021 3804 est
1057 3769 1072 3804 :
1107 3751 1172 3802 iis
1200 3760 1373 3801 autem
1411 3751 1500 3817 qui
1529 3750 1664 3800 salvi
1693 3748 1848 3816 ﬁunt,
1871 3749 1922 3798 id
1954 3760 2030 3801 est
2060 3749 2238 3809 nobis,
2277 3749 2373 3801 Dei

787 3845 956 3896 virtus
988 3852 1062 3894 est
1100 3839 1142 3890 ⁸.
1175 3838 1306 3890 Nam
1341 3840 1641 3907 spiritualis
1675 3839 1884 3907 quidem
1907 3840 2119 3906 judicut
2152 3842 2327 3890 omnia
2359 3858 2375 3892 :

787 3935 1037 3986 (minutiis
1067 3940 1240 3983 autem
1267 3932 1417 3982 homo
1441 3947 1538 3981 non
1566 3931 1786 3997 percipit
1813 3947 1873 3982 ea
1898 3948 2012 3998 qnw
2043 3930 2133 3983 Dei
2166 3944 2287 3984 sunt
2334 3935 2372 3982 ².

789 4026 1034 4079 Stultitia
1065 4025 1214 4077 enim
1254 4023 1362 4076 illis
1395 4032 1502 4084 est,
1533 4024 1625 4090 qui
1660 4037 1722 4076 ea
1773 4023 2109 4091 suscipiunt,
2144 4040 2244 4078 nec
2286 4023 2376 4078 Dei

788 4119 1084 4171 bonitatem
1109 4123 1161 4169 et
1178 4115 1630 4182 omnipotentiam
1653 4113 2034 4178 considerant;
2059 4130 2247 4168 verum
2292 4130 2380 4168 res

785 4210 1000 4264 divinas
1032 4207 1284 4261 humanis
1311 4206 1765 4273 naturalibusque
1807 4206 2116 4261 rationibus
2157 4208 2380 4261 investi-

789 4298 1173 4371 gaut.Etenim
1201 4311 1323 4366 qua!
1353 4296 1444 4350 Dei
1475 4305 1626 4359 sunt,
1648 4306 1900 4350 naturam
1919 4297 2306 4351 etSertuonem
2329 4306 2382 4352 et

789 4391 1170 4460 cogitationem
1225 4397 1515 4457 superant.
1551 4385 1686 4440 Nam
1723 4387 1766 4441 si
1804 4388 1928 4454 quis
1991 4387 2178 4440 animo
2204 4389 2384 4441 volvat

790 4498 1031 4551 quonam
1091 4493 1272 4550 pacto,
1309 4489 1362 4534 et
1402 4495 1502 4533 cur
1547 4479 1687 4534 Deus
1727 4480 1910 4532 omnia
1949 4495 2011 4534 ex
2058 4481 2229 4534 nihilo
2259 4497 2383 4549 pro-

790 4575 1044 4637 duxerit,
1123 4574 1587 4642 naturalibusque
1656 4573 1968 4628 rationibus
2044 4574 2095 4626 id
2163 4574 2381 4642 assequi

789 4667 1107 4726 contendat.
1131 4682 1475 4735 nequaquam
1518 4667 1620 4720 hoc
1644 4666 2089 4736 comprehendet.
2116 4669 2384 4722 Animalis

790 4761 936 4812 enim
969 4769 1023 4812 et
1055 4759 1326 4811 diabolica
1359 4767 1442 4811 est
1468 4759 1787 4826 hujusrnodi
1814 4761 2068 4815 scicntia.
2113 4759 2216 4825 Qui
2250 4776 2379 4814 vero

791 4851 894 4902 lide
927 4850 1091 4901 veluti
1123 4864 1286 4900 manu
1321 4849 1542 4913 ductus,
1576 4848 1743 4903 Deum
1786 4852 2013 4915 bonum,
2049 4859 2102 4903 et
2133 4853 2382 4919 omnipo-

791 4947 1018 5005 tentem,
1055 4948 1107 4992 et
1152 4956 1365 5003 verum,
1403 4947 1457 4992 et
1484 4941 1810 5007 sapientem,
1841 4942 2118 5010 etjnstum
2156 4945 2380 5013 cogitat,

791 5031 975 5085 omnia
1019 5031 1180 5100 plana
1228 5041 1280 5084 et
1311 5032 1627 5100 aequabilia,
1685 5036 1947 5103 viamque
1984 5045 2188 5089 rectam
2234 5036 2382 5089 iuve-

792 5126 924 5178 niet.
954 5122 1087 5177 Nam
1128 5115 1242 5179 fieri
1285 5141 1390 5180 non
1418 5136 1597 5195 potest
1627 5137 1686 5180 ut
1724 5129 1848 5198 quis
1880 5130 2000 5183 sine
2025 5130 2126 5183 ﬁde
2147 5132 2380 5184 salutem

789 5225 1165 5284 consequatur
1208 5217 1253 5267 ³.
1291 5215 1423 5271 Fide
1452 5217 1722 5286 siquidem
1756 5228 1870 5271 tum
1901 5219 2142 5272 humana
2174 5221 2383 5282 omnia,

791 5321 904 5362 tum
979 5308 1291 5376 spiritualia
1341 5318 1621 5364 constant.
1661 5308 1846 5380 Neque
1894 5312 2039 5366 enim
2072 5313 2312 5381 agricola
2363 5311 2383 5342 ⁵

791 5401 909 5454 sine
967 5399 1072 5453 [ide
1113 5415 1304 5452 arvum
1353 5400 1676 5469 proscindit,
1722 5417 1822 5455 nec
1867 5411 2142 5456 mercator
2177 5405 2377 5473 exiguo

792 5490 939 5558 ligno
977 5499 1166 5544 vectus
1198 5489 1439 5542 animam
1464 5506 1622 5545 suam
1651 5489 1971 5546 furentibus
2020 5493 2186 5547 maris
2221 5492 2384 5548 undis

789 5580 1110 5646 committit,
1153 5596 1254 5634 nec
1292 5582 1644 5636 matrimonia
1675 5584 2108 5646 contrahuntur,
2152 5599 2254 5639 nec
2291 5586 2384 5639 de—

789 5674 956 5744 nique
978 5673 1126 5728 aliud
1165 5673 1467 5744 quidquam
1509 5691 1701 5730 eorum
1747 5692 1870 5747 qua:
1900 5669 2011 5747 vita
2048 5677 2172 5741 fert,
2207 5680 2384 5734 susci-

866 5847 881 5878 ¹
929 5846 944 5900 ι
979 5844 1102 5900 Cor.
1129 5860 1166 5907 t,
1195 5844 1284 5898 9.3.
1404 5844 1422 5874 '
1460 5841 1628 5897 ltlor.
1673 5857 1732 5907 ti,
1769 5841 1850 5894 15.
1968 5841 1984 5870 ³
2021 5839 2186 5895 llcbr.
2223 5856 2296 5902 XI,
2336 5839 2386 5892 θ.

2461 1977 2584 2029 καθ’
2611 1975 2821 2028 ἐαυτῶν
2847 1973 3192 2041 ἀνδρίζονται
3235 1967 3315 2036 τῷ
3347 1965 3532 2035 ψεύδει
3576 1961 3922 2026 σκεπόμενοι,
3953 1957 4045 2008 καὶ

2465 2069 2542 2140 μὴ
2569 2068 2812 2127 θέλοντες
2873 2062 3181 2131 ἀποστῆναι
3242 2059 3337 2111 τοῦ
3401 2055 3781 2120 πλανήσαντος
3850 2049 4047 2105 αὐτοὺς

2463 2161 2797 2228 πνεύματος,
2833 2157 2928 2208 καὶ
2973 2154 3116 2206 οὕτω
3142 2152 3304 2204 πάλιν
3345 2147 3580 2218 περιττὴ
3630 2143 3741 2195 τῶν
3779 2141 3920 2192 κατὰ
3950 2141 4047 2207 με·

2464 2249 2982 2321 ροςήσυςήτησις.
3049 2244 3280 2313 Σαθροῖς
3344 2243 3454 2309 γὰρ
3519 2237 3796 2304 θεμελίοις
3869 2233 4048 2300 μάτην

2464 2341 2880 2410 ἐποικοδομήσει
2903 2356 3005 2402 τις,
3033 2337 3126 2389 καὶ
3154 2336 3414 2404 ἀνόνητον
3440 2331 3810 2398 ὑποστήσεται
3834 2325 3925 2375 τὸν
3954 2323 4050 2374 πο-

2470 2452 2578 2488 νον.

3035 2530 3283 2597 τιτΑοΣ
3334 2538 3458 2595 KE’.

2468 2640 2606 2707 Περὶ
2648 2639 2755 2692 τοῦ
2783 2638 3074 2700 σταυροῦ,
3104 2636 3235 2703 περὶ
3261 2635 3374 2707 ,τοῦ
3607 2629 4047 2707 βαπτίσματος,

2571 2713 2665 2762 καὶ
2703 2711 2835 2774 περὶ
2877 2709 2980 2761 τοῦ
2999 2701 3340 2776 μυστηρίου
3369 2701 3478 2770 τῆς
3512 2701 3921 2770 εὐχαριστίας.

2554 2821 2705 2874 Ἐπεὶ
2735 2822 2793 2875 δέ
2841 2823 2932 2873 τόν
2983 2839 3040 2871 τε
3087 2819 3270 2886 τίμιον
3323 2814 3558 2883 σταυρὸν
3603 2810 3964 2879 ἀτιμάζουσιν
3999 2805 4052 2856 οἱ

2468 2913 2846 2979 Παυλικιάνοι,
2886 2912 2981 2963 καὶ
3012 2912 3072 2963 τὸ
3094 2911 3237 2962 θεῖον
3277 2908 3560 2977 βάπτισμα
3593 2901 3933 2961 διαπτύουσι,
3959 2897 4056 2949 καὶ

2467 3005 2565 3076 τὴν
2600 3005 2756 3074 ἱερὰν
2776 3003 3080 3073 μετάληψιν
3099 3000 3192 3053 τοῦ
3225 2996 3489 3068 μυστικοῦ
3513 2995 3730 3046 δείπνου
3756 2989 4055 3060 χλευάζουο

2473 3114 2551 3161 σι,
2589 3095 3024 3167 προστεθήσεται
3053 3093 3146 3145 καὶ
3176 3093 3246 3144 τὰ
3277 3089 3408 3159 περὶ
3437 3088 3642 3140 τούτων
3669 3083 3775 3137 ἀπο
3804 3081 3913 3134 τῶν
3943 3081 4055 3141 τοῖς

2397 3225 2439 3282 c
2475 3189 2772 3257 μακαρίοις
2803 3186 3042 3254 πατράσι
3078 3181 3498 3268 πεπονημένων.

2699 3320 2808 3374 Τοῦ
2835 3317 3235 3390 Δαμασκηνοῦ
3268 3313 3400 3382 περὶ
3429 3310 3533 3366 τοῦ
3558 3308 3849 3375 σταυροῦ.

2559 3471 2622 3523 '0
2649 3471 2832 3537 λόγος
2862 3470 2893 3520 ὁ
2913 3466 3019 3520 τοῦ
3048 3463 3336 3534 σταυροῦ,
3377 3462 3502 3528 τοῖς
3535 3461 3653 3530 μὲν
3697 3458 4060 3524 ἀπολλυμέ-

2478 3580 2606 3626 νοις
2633 3561 2822 3629 μωρία
2851 3558 3002 3619 ἐστὶ,
3030 3556 3154 3622 τοῖς
3180 3556 3247 3608 δὲ
3279 3554 3641 3623 σωζὶνμένοις
3677 3553 3838 3620 ἡμῖν,
3874 3550 4060 3602 δύναιο

2473 3673 2573 3722 μις
2602 3653 2750 3706 Θεοῦ
2801 3652 2990 3704 ἐστιν.
3035 3651 3097 3702 '0
3137 3649 3249 3718 μὲν
3279 3647 3385 3716 γὰρ
3436 3645 3834 3713 πνευματικὸς
3863 3636 4060 3694 πάντα

2478 3744 2810 3812 ἀνακρίνει,
2843 3741 3107 3809 duxtqu
3145 3739 3213 3790 δὲ
3269 3739 3582 3805 ἄνθρωπος
3615 3739 3686 3788 οὐ
3725 3733 3960 3800 δέχεται
3989 3734 4060 3783 τὰ

2480 3839 2585 3891 τοῦ
2649 3837 3013 3904 Πνεύματος.
3087 3832 3281 3901 Μωρία
3339 3832 3445 3896 γάρ
3476 3832 3590 3880 ἐστι
3626 3831 3737 3888 τοῖς
3775 3825 3846 3894 μὴ
3879 3827 4060 3875 πίστει

2479 3933 2817 4000 δεχομένοις,
2871 3931 2963 3982 καὶ
3018 3929 3077 3980 τὸ
3135 3927 3336 3994 ἀγαθον
3372 3926 3462 3977 καὶ
3509 3924 3917 3989 παντοδύνιῑμον
3966 3920 4060 3971 τοῦ

2480 4024 2616 4076 Θεοῦ
2661 4021 3055 4090 λογιζομένοις,
3123 4020 3237 4072 ἀλλ’
3273 4017 3636 4086 ἀνθρωπίνοις
3685 4015 3777 4065 καὶ
3808 4013 4061 4078 φυσικοῖς

2480 4117 2759 4184 λογισμοῖς
2797 4112 3120 4183 ἐξερευνῶσι
3173 4122 3198 4162 P
3242 4112 3309 4163 τὰ
3344 4111 3495 4160 θεῖεν
3533 4109 3710 4160 πάντα
3736 4106 3844 4174 γὰρ
3868 4114 3934 4155 τα
3966 4105 4062 4154 τοῦ

2484 4206 2618 4259 Θεοῦ
2646 4206 2787 4275 ὑπὲρ
2824 4206 2986 4273 φύσιν
3021 4204 3149 4265 είσὶ,
3204 4206 3297 4255 καὶ
3334 4201 3512 4266 λόγον,
3563 4197 3660 4249 καὶ
3711 4195 3940 4248 ἔννοιαν.
4003 4195 4064 4245 ΕΞ

2485 4299 2595 4366 γάρ
2629 4315 2711 4360 τις
2738 4297 3026 4366 λογίσηται
3059 4296 3206 4355 ὅπως
3239 4294 3302 4344 ὲκ
3325 4290 3415 4342 τοῦ
3439 4292 3514 4359 μὴ
3531 4291 3686 4349 δντος
3712 4289 3789 4349 είς
3818 4287 3879 4338 τὸ
3901 4282 4065 4347 εἶναι,

2483 4392 2630 4454 τίνος
2688 4408 2748 4442 τε
2779 4390 2969 4440 ἕνεκεν
3003 4388 3324 4456 παρήγαγεν
3370 4384 3397 4433 ὁ
3439 4382 3572 4443 Θεὸς
3637 4380 3704 4431 τὰ
3738 4379 3938 4438 πάντα,
3974 4380 4070 4427 καὶ

2486 4485 2735 4552 φυσικοῖς
2761 4482 3042 4549 λογισμοῖς
3100 4478 3302 4545 φθάσαι
3349 4472 3640 4542 ἐϐουλήθη,
3679 4473 3741 4523 οὗ
3781 4468 4065 4536 καταλαμ-

2485 4578 2658 4630 ϐάνει.
2693 4573 2914 4642 Ψυχικὴ
2950 4573 3055 4640 γάρ
3089 4572 3236 4622 ἐστιν
3267 4570 3296 4637 ἡ
3331 4567 3532 4635 γνῶσις
3565 4565 3705 4632 αὕτη
3737 4564 3829 4615 καὶ
3874 4561 4066 4628 δαιμο-

2486 4664 2703 4733 νιώδης.
2743 4664 2801 4714 Ei
2825 4663 2881 4712 δέ
2912 4677 2996 4722 τις
3033 4660 3214 4710 πίστει
3261 4657 3801 4725 χειραγωγούμενος,
3837 4651 4068 4718 ἀγαθον,

2487 4759 2581 4811 καὶ
2611 4754 3048 4821 παντοδύναμον,
3101 4753 3196 4803 καὶ
3241 4749 3459 4815 ἀληθὲς,
3491 4748 3586 4799 καὶ
3633 4747 3816 4812 σοφὸν,
3868 4743 3963 4795 καὶ
3994 4743 4075 4793 δί·-

2487 4867 2642 4902 καιον
2684 4846 2744 4897 τὸ
2774 4845 2930 4897 Θεῖον
2983 4842 3293 4910 λογίσηται,
3333 4840 3556 4907 εὑρήσει
3608 4838 3786 4889 πάντα
3820 4835 3940 4886 λεῖα
3976 4833 4075 4882 καὶ

2487 4941 2690 5011 ὁμαλὰ,
2717 4940 2814 4992 καὶ
2861 4937 2980 4990 ὁδὸν
3026 4935 3262 4988 εὐθεῖαν.
3308 4931 3496 4991 Ἐκτὸς
3528 4929 3636 4998 γὰρ
3678 4927 3914 4986 πίστεως
3944 4924 4074 4975 ἁδύ-

2487 5053 2646 5088 νατον
2702 5032 2942 5099 σωθῆναι
2967 5045 2979 5057 °
3043 5027 3222 5078 πίστει
3276 5024 3385 5093 γὰρ
3427 5023 3628 5084 πάντα,
3663 5018 3734 5071 τά
3764 5034 3824 5068 τε
3859 5013 4077 5084 ἀνθρώ-

2488 5147 2640 5191 πινα,
2698 5127 2768 5180 τά
2813 5143 2873 5177 τε
2917 5119 3268 5191 πνευματικὰ
3345 5117 3714 5169 συνίστανται.
3774 5110 3911 5165 Οὔτε
3965 5109 4075 5179 γὰρ

2487 5220 2733 5292 γεωργὸς
2787 5217 2943 5279 ἐκτὸς
2995 5215 3232 5276 πίστεως
3287 5211 3478 5280 τέμνει
3528 5206 3632 5276 γῆς
3685 5204 3938 5257 αὔλακα·
3971 5203 4075 5256 οὐκ

2488 5308 2729 5379 ἔμπορος
2766 5304 2948 5376 μικρῷ
2997 5303 3138 5375 ξύλῳ
3189 5301 3290 5372 τὴν
3346 5298 3542 5353 ἐαυτοῦ
3605 5297 3787 5365 ψυχὴν
3835 5293 3912 5364 τῷ
3946 5311 4076 5362 μαι-

2489 5400 2701 5471 νομένῳ
2721 5399 2823 5468 τῆς
2854 5397 3132 5465 θαλάσσης
3160 5394 3393 5459 πελάγει
3431 5388 3802 5460 παραδίδωσιν
3823 5402 3836 5413 ·
3871 5385 3931 5437 οὐ
3970 5384 4076 5451 γάρ

2493 5511 2583 5564 μοι
2615 5491 2986 5554 συνίστανται,
3017 5489 3118 5540 οὐκ
3156 5487 3286 5541 ἄλλο
3311 5501 3366 5536 τι
3396 5482 3506 5534 τῶν
3540 5482 3598 5532 ἐν
3626 5478 3704 5548 τῷ
3731 5477 3850 5547 βίῳ.
3885 5477 4076 5528 Πίστει

2489 5584 2720 5654 νοοῦμεν
2751 5584 2815 5635 ἐκ
2837 5580 2932 5635 τοῦ
3005 5579 3082 5651 μὴ
3119 5579 3275 5641 ὄντος
3326 5578 3404 5639 είς
3432 5574 3492 5627 τὸ
3542 5565 3775 5625 εἶναιτά
3807 5568 3983 5621 πάντα
4008 5570 4074 5637 τῇ

2489 5677 2582 5732 τοῦ
2614 5677 2748 5730 Θεοῦ
2781 5675 3012 5745 δυνάμει
3077 5669 3360 5744 παρῆχθαι
3387 5684 3401 5698 ’
3438 5667 3618 5722 πάντα
3655 5667 3724 5720 τά
3746 5682 3804 5717 τε
3831 5663 3951 5716 θεῖα
3982 5661 4077 5713 καὶ

2504 5839 2521 5866 ⁸
2563 5836 2726 5892 Basil.
2755 5837 2806 5891 in
2840 5837 2974 5908 psal.
3014 5851 3139 5891 cxv.
