4420 6462
376 382 509 444 1245

1360 389 1726 449 ΙἈΝΟΡΙΛΑ
1769 388 2306 448 ΒΟΟΜΑΤΙΟΑπ-
2341 392 2491 452 TlT.
2525 362 2723 454 xxiv.

3481 393 3618 454 1216

369 510 440 557 τά
470 505 784 572 ἀνθρώπινα
817 507 996 556 πίστει
1035 504 1441 574 κατορθοῦμεν.
1481 506 1668 566 Πίστις
1711 505 1766 557 δὲ
1797 507 1940 558 ἐστὶν
1971 511 2012 564 Α
2045 505 2114 571 pit

1871 505 2206 571 :‘thpitur.
2268 505 2396 559 Fide
2469 506 2822 574 intelligimus
2879 504 2969 557 Dei
3037 506 3494 572 potentiacuncta
3554 525 3616 559 ex

371 596 943 665 ἀπολυπραγμόνητος
976 598 1401 664 συγκατάθεσις.

449 873 605 925 Πᾶσα
649 872 748 942 μὲν
812 871 905 923 οὖν
963 872 1163 941 πρᾶξις
1218 871 1313 924 καὶ
1367 871 1791 940 θαυματουργία
1851 870 1946 922 τοῦ

373 961 617 1032 Χριστοῦ
676 961 936 1031 μεγίστη,
991 962 1086 1012 καὶ
1130 960 1268 1025 θεία,
1323 964 1418 1015 καὶ
1464 962 1778 1031 θαυμαστιίγ
1816 963 1949 1015 ἀλλὰ

374 1053 721 1105 πάντιυνὲστ“ι
746 1051 1189 1118 Θαυμαστότερον
1226 1052 1253 1102 6
1289 1052 1469 1119 τίμιος
1496 1051 1660 1103 αὑτοῦ
1695 1053 1949 1120 σταυρός.

374 1143 456 1193 Δι’
481 1143 692 1205 οὐδενὸς
717 1144 822 1212 γὰρ
856 1143 1046 1211 ἐτέρου
1082 1143 1354 1204 ὁθάνατος
1386 1144 1761 1212 κατήργηται,
1791 1145 1824 1212 ἡ
1856 1143 1950 1194 τοῦ

377 1234 720 1302 προπάτορος
763 1233 1010 1302 ἁμαρτία
1072 1233 1306 1295 λέλυται,
1347 1235 1374 1284 6
1406 1233 1540 1303 ᾅδης
1591 1235 1944 1302 ὲσκύλευται,

377 1327 410 1393 ἠ
439 1323 737 1388 ἀνάστασις
759 1325 1083 1394 δεδώρηται,
1114 1323 1342 1392 δύναμις
1365 1326 1497 1391 ἡμῖν
1545 1326 1642 1377 τοῦ
1677 1344 1946 1395 καταφρο-

376 1426 486 1475 νεῖν
516 1422 626 1473 τῶν
660 1423 942 1490 παρόντων
975 1423 1068 1476 καὶ
1116 1423 1282 1476 αὑτοῦ
1328 1423 1421 1476 τοῦ
1457 1425 1686 1477 Θανάτου
1719 1425 1949 1486 δέδοται,

377 1517 410 1583 ἡ
445 1513 582 1584 πρὸς
606 1515 702 1581 τὴν
734 1514 970 1583 ἀρχαίαν
1027 1517 1406 1583 ’μακαριότητα
1440 1517 1701 1577 ἐπάνοδος
1735 1515 1949 1585 κατώρ-

380 1605 569 1667 θωται,
604 1605 769 1657 πύλαι
800 1605 1130 1675 παραδείσου
1145 1606 1501 1675 ἠνοίχθησαν,
1558 1608 1763 1674 ἡφύσις
1793 1607 1952 1676 ἡμῶν

379 1696 442 1744 ἐκ
480 1693 671 1757 δεξιῶν
699 1694 794 1746 τοῦ
825 1695 960 1746 Θεοῦ
1004 1696 1287 1758 κεκάθικε,
1318 1690 1494 1748 ¹τέκνα
1525 1698 1658 1749 Θεοῦ
1701 1701 1793 1750 καὶ
1821 1699 1952 1768 κληο

2051 597 2220 650 nihilo
2267 598 2530 664 producta
2578 612 2722 650 esse.
2763 595 2894 648 Fide
2929 595 3110 647 omnia
3144 607 3288 648 recte
3357 597 3619 663 geiiinus,

2052 697 2162 740 tum
2199 688 2456 744 humana.
2487 699 2598 739 tum
2622 688 2825 740 divina.
2873 687 3033 740 Fides
3059 702 3222 754 porro
3255 696 3337 740 est
3365 702 3620 742 assensus

2053 778 2200 829 nluni
2238 777 2459 830 curiosa
2486 778 2842 846 inquisitione
2871 791 3087 831 vacans.

2123 866 2320 920 Christi
2342 883 2515 919 rerum
2558 869 2707 920 nulla
2735 868 3033 921 mirabilior
3059 885 3230 922 cruce.
3264 867 3395 937 Ejus
3429 871 3620 937 beneﬁ-

2054 955 2156 1008 cia.
2183 987 2252 996 —
2274 957 2597 1025 Quanquam
2634 969 2811 1011 autem
2838 961 3015 1012 ninnis
3043 962 3245 1015 Christi
3277 963 3419 1014 actio
3449 975 3500 1014 et
3527 967 3622 1014 mi—

2054 1049 2361 1102 raculorum
2424 1050 2610 1115 editio,
2675 1052 2954 1119 prmclara,
3007 1054 3187 1106 divina
3245 1068 3308 1105 ac
3356 1055 3623 1106 mirabilis

2059 1151 2180 1196 est:
2219 1141 2352 1192 nihil
2387 1152 2567 1195 tamen
2613 1155 2696 1195 est
2737 1160 2799 1197 ex
2867 1146 3123 1198 onitiibus
3182 1147 3326 1213 quod
3390 1147 3625 1198 admira-

2056 1233 2206 1286 tione
2235 1233 2450 1301 dignius
2481 1234 2575 1298 sit,
2612 1249 2773 1300 quam
2799 1236 3103 1286 veneranda
3140 1237 3309 1303 ipsius
3344 1253 3497 1290 crux.
3527 1238 3628 1291 Ne-

2060 1338 2166 1392 que
2224 1325 2368 1376 enim
2400 1325 2503 1376 alia
2563 1325 2671 1377 ulla
2721 1340 2779 1378 re
2810 1326 3082 1378 destructa
3119 1343 3262 1378 mors
3310 1328 3432 1391 fuit,
3467 1330 3625 1398 primi

2057 1418 2299 1484 parentis
2327 1427 2611 1485 peccatum
2644 1418 3002 1480 exstinctum,
3059 1418 3306 1470 infernus
3342 1420 3628 1486 spoliatus,

2055 1509 2392 1560 resurrectio
2450 1508 2674 1570 donata,
2710 1509 2792 1561 vis
2833 1517 2949 1560 tum
2984 1510 3290 1576 prmsentia,
3325 1518 3439 1560 tum
3481 1525 3629 1562 mor-

2056 1610 2164 1652 tem
2203 1600 2377 1667 ipsam
2413 1600 2799 1653 contemnendi
2834 1601 2990 1653 nobis
3010 1614 3295 1661 concessa,
3331 1601 3540 1654 reditus
3565 1602 3630 1654 ad

2055 1693 2334 1760 antiquam
2368 1693 2755 1745 beatitudinem
2789 1703 3032 1760 paratus,
3066 1693 3305 1759 paradisi
3344 1692 3630 1759 patefacta:

384 1787 598 1853 ρονόμοι
621 1787 947 1855 γεγόναμεν,
976 1788 1024 1838 εί
1064 1787 1138 1855 μὴ
1167 1787 1258 1840 διά
1308 1787 1397 1839 τοῦ
1448 1788 1687 1857 σταυροῦ
1716 1788 1808 1840 τοῦ
1837 1790 1951 1840 Κυ-
1982 1810 2022 1864 Β
2050 1781 2129 1849 jar

1889 1807 1951 1840 υ-
1982 1781 2252 1864 Bjanum,
2302 1794 2498 1836 natura
2547 1793 2732 1838 nostra
2788 1785 2852 1836 ad
2911 1785 3000 1837 Dei
3025 1784 3306 1838 dexteram
3343 1787 3630 1850 collocata,

383 1874 499 1943 ρίου
526 1876 680 1944 ἡμῶν
725 1877 896 1944 Ἰησοῦ
925 1877 1185 1946 Χριστοῦ.
1226 1879 1323 1930 Διά
1343 1879 1578 1948 σταυροῦ
1649 1881 1754 1949 γὰρ
1776 1881 1952 1934 πάντα

383 1964 773 2034 κατώρθωται⁸
823 1967 997 2019 Ὅσοι
1040 1969 1150 2034 γὰρ
1199 1969 1642 2036 ἐϐαπτίσθημεν
1690 1972 1777 2033 είς
1824 1973 1952 2038 Χρι-

381 2057 551 2120 στὸν,
586 2057 752 2126 φησὶν
775 2059 802 2110 6
842 2058 1184 2122 Ἀπόστολος,
1222 2062 1308 2122 εἰς
1353 2061 1455 2111 τὸν
1489 2060 1744 2113 θάνατον
1766 2061 1948 2114 αὑτοῦ

380 2147 823 2216 ἐϐαπτίσθημεν
845 2166 857 2178 ·
920 2150 1053 2202 ὅσοι
1082 2150 1148 2201 δὲ
1193 2153 1279 2214 εἰς
1303 2152 1561 2218 Χριστὸν
1591 2153 1951 2219 ἐϐαπτίσθη-

376 2256 511 2306 μεν,
550 2240 803 2306 Χριστὸν
826 2240 1255 2309 ἐνεδισσιὶμεθα.
1286 2243 1535 2310 Χριστιῖς
1576 2244 1632 2296 δέ
1659 2248 1774 2296 ἐστι
1805 2246 1952 2298 Θεοῦ

381 2331 634 2400 δύναμις
674 2333 770 2385 καὶ
795 2333 943 2386 Θεοῦ
983 2335 1188 2401 σοφία.
1234 2335 1359 2387 Ἰδοὺ
1384 2338 1410 2386 6
1444 2335 1671 2398 θάνατος
1691 2336 1784 2388 τοῦ
1822 2338 1950 2407 Χρι-

385 2423 534 2486 στοῦ,
576 2426 694 2493 ἦτοι
738 2427 765 2477 6
818 2425 1067 2491 σταυρὸς,
1114 2426 1210 2494 τὴν
1264 2428 1625 2478 ὲνυπόστατον
1675 2427 1767 2479 τοῦ
1817 2427 1951 2479 Θεοῦ

385 2519 576 2585 σοφίαν
627 2519 720 2569 καὶ
775 2518 1006 2587 δύναμιν
1056 2521 1199 2586 ἡμᾶς
1260 2519 1570 2588 περιέϐαλε.
1613 2521 1849 2587 Δύναμις
1894 2521 1950 2572 δὲ

382 2607 515 2660 Θεοῦ
549 2609 695 2658 ἐστιν
725 2609 750 2657 ὁ
777 2610 948 2673 Λόγος
997 2610 1024 2660 6
1071 2607 1163 2658 τοῦ
1194 2609 1500 2678 σταυροῦ,ἢ
1533 2611 1612 2660 ὅτι
1641 2610 1701 2660 τὸ
1733 2610 1957 2662 δυνατὸν

382 2695 475 2748 τοῦ
498 2695 652 2756 Θεοῦ,
685 2698 801 2764 ἢτοι
838 2700 870 2765 ἡ
912 2698 1050 2749 κατά
1101 2696 1193 2749 τοῦ
1257 2697 1490 2751 θανάτου
1524 2700 1668 2768 νίκη,
1695 2702 1760 2752 δι’
1795 2701 1960 2753 αὐτοῦ

383 2790 514 2857 ἡμῖν
547 2787 952 2856 πεφανέρωται,
985 2789 1018 2857 ἢ
1049 2790 1151 2850 ὅτι,
1208 2788 1398 2857 ῶσπερ
1427 2791 1493 2840 τὰ
1540 2793 1786 2859 τέσσαρα
1817 2792 1962 2860 ἄκρα

383 2878 475 2930 τοῦ
503 2878 736 2949 σταυροῦ
767 2878 856 2930 διὰ
887 2879 982 2930 τοῦ
1020 2879 1189 2948 μέσου
1222 2881 1448 2948 κέντρου
1493 2881 1822 2950 κρατοῦνται
1870 2884 1964 2934 καὶ

386 2967 779 3036 συσφίγγονται
805 3003 819 3026 .
899 2968 1074 3030 οὕτως
1105 2969 1190 3020 διὰ.
1221 2969 1322 3036 τῆς
1353 2970 1448 3020 τοῦ
1484 2970 1620 3021 Θεοῦ
1657 2971 1962 3040 δυνάμεως,

383 3063 444 3112 τό
491 3077 551 3112 τε
613 3059 746 3127 ὕψος
803 3060 896 3110 καὶ
946 3060 1006 3110 τὸ
1042 3060 1224 3128 βάθος,
1279 3061 1450 3130 μῆκός
1493 3079 1548 3113 τε
1597 3064 1689 3113 καὶ
1739 3063 1962 3126 πλάτος,

2054 1889 2155 1928 nos
2186 1874 2423 1942 denique
2457 1875 2550 1928 lilii
2613 1875 2700 1928 Dei
2731 1884 2894 1944 atque
2935 1876 3176 1929 barredes
3211 1875 3364 1934 facti.
3409 1878 3512 1929 nisi
3542 1894 3635 1944 per

2052 1980 2269 2018 crucem
2299 1964 2508 2018 Domini
2537 1965 2706 2019 nostri
2739 1965 2865 2019 Jesu
2890 1966 3116 2019 Christi.
3219 1965 3496 2034 Siquidem
3524 1969 3635 2020 haec

2054 2057 2238 2109 omnia
2269 2071 2400 2108 crux
2433 2058 2680 2125 priestitit
2711 2072 2725 2108 :
2767 2057 3071 2125 Quicunque
3097 2058 3256 2118 enim,
3291 2059 3462 2124 inquit
3492 2061 3638 2126 Apo-

2055 2148 2253 2211 stolus,
2279 2149 2328 2199 in
2356 2145 2623 2202 Christum
2647 2149 2905 2214 baptizuti
2933 2166 3133 2213 sumus,
3157 2148 3209 2200 in
3232 2160 3447 2200 mortem
3472 2150 3638 2215 ipsius

2055 2238 2310 2305 baptizati
2344 2256 2525 2292 sumus
2573 2245 2612 2293 ¹.
2635 2241 2942 2308 Quicunque
2969 2253 3142 2293 autem
3169 2243 3222 2293 in
3243 2240 3506 2293 Christum
3546 2243 3639 2293 ba-

2053 2333 2454 2398 ptizatisumus,
2476 2330 3023 2385 Christuminduimus
3054 2335 3092 2389 ’.
3121 2334 3360 2385 Christus
3388 2344 3641 2401 porroest

2059 2423 2153 2476 Dei
2195 2425 2359 2476 uirtus
2398 2432 2444 2476 et
2475 2425 2734 2489 sapientia
2773 2423 3025 2490 ’.Enquo
3051 2432 3207 2491 pacto
3242 2425 3442 2477 Christi
3476 2441 3640 2487 mors,

2057 2515 2172 2568 sive
2201 2529 2334 2566 crux
2386 2516 2705 2569 subsistenti
2732 2514 2821 2569 Dei
2850 2517 3116 2582 sapientia
3139 2532 3239 2570 nos
3277 2517 3512 2569 vestivit.
3552 2517 3642 2569 Dei

2062 2615 2243 2659 autem
2305 2609 2480 2660 virtus
2535 2609 2761 2660 verbum
2799 2609 2982 2662 crucis
3012 2609 3238 2670 dicitur,
3277 2609 3359 2661 vel
3392 2610 3516 2676 quia
3553 2607 3644 2661 Dei

2066 2698 2146 2750 vis
2175 2715 2237 2751 ac
2277 2700 2543 2768 potentia,
2576 2701 2678 2753 hoc
2702 2712 2806 2764 est,
2839 2701 3067 2753 victoria
3095 2701 3361 2755 adversus
3396 2715 3644 2764 nionem,

2068 2801 2164 2854 per
2192 2801 2310 2839 eam
2346 2787 2506 2840 nobis
2534 2788 2889 2841 manifestata
2919 2797 3033 2852 est;
3071 2788 3152 2840 vel
3173 2789 3324 2855 quia,
3346 2789 3490 2841 sicut
3517 2803 3650 2856 qua-

2067 2886 2193 2928 tuor
2248 2886 2508 2930 extrema:
2543 2879 2726 2931 crucis
2763 2887 2949 2946 partes
2985 2893 3079 2946 per
3112 2879 3351 2932 medium
3398 2892 3649 2932 centrum

2068 2969 2208 3021 inter
2254 2984 2313 3022 se
2353 2969 2635 3021 cohaerent
2666 2977 2720 3022 et
2756 2970 3246 3038 constringuntur,
3307 2971 3377 3022 ita
3421 2987 3514 3038 per
3561 2972 3651 3023 Dei

2068 3061 2362 3128 potentiam
2403 3060 2718 3114 sublimitas
2775 3069 2827 3112 et
2861 3059 3227 3129 profunditas,
3289 3063 3571 3131 longitudo
3600 3073 3653 3115 et

384 3151 505 3220 ἦτοι
576 3152 726 3202 πᾶσα
793 3151 962 3220 ὁρατή
1039 3169 1098 3203 τε
1162 3152 1255 3204 καὶ
1320 3153 1550 3222 ἀόρατος
1599 3154 1775 3216 κτίσις
1839 3142 2037 3206 συν-(λ
2077 3153 2124 3204 la

1909 3172 1964 3206 ν-
1997 3142 2037 3196 C
2077 3151 2330 3211 latitudo,
2383 3152 2484 3204 hoc
2535 3159 2640 3214 est,
2697 3151 2880 3204 omnis
2916 3162 3028 3205 tam
3098 3153 3332 3206 visibilis
3367 3169 3528 3222 quam
3569 3155 3653 3206 iu-

385 3241 592 3311 ἔχεται.

455 3328 624 3397 Οὗτος
651 3335 784 3402 ἡμῖν
819 3337 1043 3402 σημεῖον
1209 3335 1421 3388 δέδοται
1454 3338 1544 3388 ἐπὶ
1568 3337 1660 3388 τοῦ
1691 3338 1964 3406 μετώπου,

384 3426 442 3476 ὸν
469 3425 670 3493 τρόπον
691 3424 766 3493 τῷ
783 3425 999 3494 Ἰσραὴλ
1022 3427 1053 3494 ἡ
1079 3429 1345 3495 περιτομή
1367 3444 1377 3454 ·
1400 3427 1466 3478 δι’
1491 3427 1655 3478 αὑτοῦ
1678 3429 1786 3498 γὰρ
1803 3429 1851 3480 οί
1875 3445 1967 3481 πι-

388 3518 504 3569 στοὶ
532 3517 640 3570 τῶν
675 3519 923 3569 ἀπίστων
955 3519 1392 3588 άποδιιστάμεθα
1441 3523 1535 3573 καὶ
1561 3522 1966 3592 γνωριζόμεθα.

390 3603 555 3671 Οὗτος
589 3608 782 3678 θυρεὸς
811 3611 903 3661 καὶ
933 3610 1094 3662 ὅπλον
1131 3612 1225 3661 καὶ
1253 3612 1514 3678 τρόπαιον
1551 3617 1689 3666 κατᾶ
1742 3615 1836 3666 τοῦ
1858 3616 1970 3667 δια-

390 3701 569 3753 ϐόλου.
593 3697 760 3762 Οὗτος
783 3703 1040 3771 σφραγὶς,
1069 3702 1153 3752 ἵνα
1174 3705 1247 3771 μὴ
1272 3703 1397 3772 θίγῃ
1419 3704 1576 3772 ἡμῶν
1596 3708 1622 3756 6
1644 3706 1968 3775 ὀλοθρεύων,

388 3793 461 3854 ὡς
492 3795 522 3860 η
555 3793 745 3864 Γραφή
785 3811 974 3862 φησιν,
1007 3790 1175 3857 Οὗτος
1211 3795 1319 3846 τῶν
1346 3797 1612 3865 κειμένων
1652 3799 1968 3863 ἀνάστασις,

391 3887 497 3938 τῶν
526 3888 777 3939 ἑστώτων
821 3890 1122 3957 στήριγμα,
1151 3888 1392 3940 ἀσθενῶν
1418 3890 1712 3960 βακτηρία,
1748 3909 1970 3960 ποιμαι-

391 3979 634 4048 νομένων
675 3980 890 4048 ράδδος,
921 3981 1363 4050 ἐπιστρεφόντων
1417 3984 1782 4052 χειραγωγία.
1836 4003 1972 4054 προ-

393 4070 705 4122 κοπτόντων
741 4069 1046 4134 τελείωσις,
1078 4072 1254 4141 ψυχῆς
1298 4075 1543 4143 σωτηρία
1569 4075 1662 4125 καὶ
1701 4074 1972 4143 σώματος,

391 4161 609 4212 πάντων
641 4159 750 4212 τῶν
781 4162 963 4213 κακῶν
988 4163 1380 4231 ἀποτρόπαιον,
1419 4165 1635 4216 πάντων
1678 4166 1786 4216 τῶν
1834 4167 1974 4229 ἁγα-

392 4251 502 4304 θῶν
536 4252 812 4321 πρόξενος,
850 4253 1124 4320 ἁμαρτίας
1179 4253 1480 4322 ἀναίρεσις,
1532 4254 1696 4322 φυτὸν
1738 4256 1975 4309 ἀναστά-

395 4359 554 4406 σεως,
584 4341 740 4404 ξύλον
769 4341 915 4412 ζωῆς
955 4344 1200 4396 αἰωνίου.

465 4517 604 4570 Αὐτὸ
647 4517 746 4586 μὲν
777 4513 870 4570 οῦν
920 4517 981 4568 τὸ
1032 4517 1211 4586 τίμιον
1263 4516 1419 4582 ξύλον

397 4611 489 4663 καὶ
523 4610 845 4679 σεόάσμιον,
880 4609 938 4660 ὲν
963 4603 1006 4676 ᾧ
1029 4610 1221 4661 ἑαυτὸν
1244 4611 1323 4671 εἰς
1372 4609 1561 4662 θυσίαν
1590 4611 1729 4682 ὑπὲρ
1754 4615 1910 4682 ἡμῶν
1949 4619 1976 4668 6

397 4700 628 4769 Χριστὸς
685 4702 1085 4769 προσενήνοχεν
1113 4741 1127 4763 ,
1191 4701 1266 4762 ώς
1319 4700 1576 4766 άγιασθὲν
1618 4707 1687 4774 τῇ
1726 4706 1836 4775 ἀφῇ
1880 4707 1974 4759 τοῦ

396 4793 554 4860 ἁγίου
583 4792 840 4865 σώματός
889 4813 947 4850 τε
979 4799 1074 4850 καὶ
1115 4797 1348 4866 αἵματος
1392 4798 1812 4868 προσκυνητέον,
1842 4800 1984 4854 ,τοὺς

399 4887 562 4957 ἥλους
592 4926 607 4952 ,
677 4889 779 4958 τὴν
808 4887 1037 4960 λόγχην,
1070 4888 1140 4941 τὰ
1181 4888 1476 4958 ἐνδύματα,
1511 4890 1606 4943 καὶ
1635 4890 1700 4942 τὰ
1736 4890 1858 4960 ἱερὰ
1882 4890 1982 4942 αὑ-

397 4975 492 5027 τοῦ
529 4978 864 5048 σκηνώματα
888 4995 901 5009 ·
934 4978 1094 5033 ἆτινά
1131 4980 1268 5032 εἰσιν
1304 4981 1337 5050 ἠ
1374 4983 1573 5052 φάτνη,
1606 4981 1666 5032 τὸ
1698 4981 1983 5050 σπήλαιον,

400 5068 428 5118 6
456 5067 752 5138 Γοργοθᾶς,
784 5071 812 5122 6
839 5071 1107 5140 σωτήριος
1141 5106 1156 5132 ,
1219 5072 1246 5123 6
1279 5070 1542 5135 ζωοποιὸς
1572 5072 1760 5139 τάφος,
1797 5069 1986 5140 ηΣιὼν

401 5159 510 5212 τῶν
552 5161 890 5230 Ἐκκλησιῶν
929 5163 1245 5234 ἀκρόπολις,
1282 5166 1377 5216 καὶ
1406 5164 1473 5217 τὰ
1503 5167 1666 5234 ὅμοια
1685 5181 1697 5194 ·
1725 5164 1799 5226 ὡς
1821 5181 1985 5233 φησιν

1133 5258 1624 5326 Εἱσελευσόμεθα
1651 5259 1735 5322 εὶς
1752 5257 1823 5308 τὰ
1838 5273 1985 5320 σκη-

402 5342 644 5411 νώματα
700 5347 908 5407 αὐτοῦ,
963 5348 1479 5417 προσκυνήσομεν
1516 5351 1602 5414 εις
1660 5349 1765 5401 τὸν
1802 5349 1988 5400 τόπον

405 5429 475 5489 οὗ
507 5438 782 5502 ἔστησαν
820 5441 871 5491 οὶ
896 5438 1078 5502 πόδες
1103 5440 1311 5494 αὑτοῦ.
1334 5441 1456 5492 Ὀτι
1475 5440 1529 5493 δὲ
1555 5440 1790 5509 σταυρὸν
1819 5439 1988 5506 λέγει,

404 5527 556 5594 δηλοῖ
577 5530 637 5580 τὸ
666 5530 934 5600 ἑπόμενον
955 5547 968 5559 ·
1002 5531 1332 5598 Ἀνάστηθι,
1370 5534 1563 5600 Κύριε,
1589 5536 1674 5598 εὶς
1700 5531 1816 5598 τὴν
1843 5531 1987 5585 ἀνά-

404 5621 639 5677 παυσίν
666 5638 803 5676 σου.
843 5624 1074 5676 Ἐπεται
1101 5624 1209 5692 γὰρ
1240 5623 1318 5694 τῷ
1360 5625 1576 5694 σταυρῷ
1607 5628 1638 5694 ή
1673 5626 1989 5688 ἀνάστασις.

400 5253 428 5304 6
460 5252 742 5325 θεοπάτωρ
767 5255 930 5307 Δαϐίδ
963 5270 978 5284 ⁸

490 5796 505 5829 ¹
546 5797 705 5854 llum.
732 5771 803 5863 vi,
837 5799 869 5852 5
967 5804 986 5832 ¹
1020 5799 1138 5856 Gal.
1188 5817 1266 5864 ιιι,
1299 5801 1385 5853 27.
1466 5802 1484 5831 ³
1528 5803 1690 5859 lCor.
1725 5820 1760 5870 ι,
1792 5802 1881 5857 Ἠ.

1963 5801 1980 5832 ⁸
2011 5800 2283 5869 Εχοιίλκ,
2312 5801 2397 5855 1'2.

2071 3239 2304 3292 visibilis
2336 3247 2613 3300 creatura,
2650 3239 2980 3291 continetur.

2149 3328 2337 3381 Crucis
2364 3331 2574 3397 signum
2610 3331 2789 3396 ﬁdeles
2826 3332 2960 3383 inter
2981 3340 3027 3382 et
3051 3332 3289 3399 inﬁdeles
3316 3335 3658 3388 discernit.—

2073 3418 2200 3472 lltec
2244 3419 2406 3475 nobis
2448 3421 2590 3489 signi
2623 3423 2743 3474 loco
2796 3422 2848 3473 in
2883 3422 3062 3475 fronte
3112 3423 3235 3475 data
3268 3433 3373 3486 est,
3404 3427 3546 3480 haud
3574 3444 3658 3482 se-

2073 3529 2173 3567 cus
2210 3528 2274 3565 ac
2306 3513 2658 3565 circumcisio
2692 3511 2901 3565 Israeli.
2927 3515 3032 3567 Per
3071 3515 3213 3568 hanc
3241 3531 3338 3568 nos
3367 3518 3553 3571 lideles
3592 3521 3661 3571 ab

2073 3605 2388 3659 inﬁdelibus
2445 3607 2840 3674 distinguimur
2891 3616 3056 3674 atque
3105 3610 3482 3677 agnOSeimur.
3535 3611 3661 3664 llaac

2074 3699 2320 3767 clypcus,
2371 3709 2674 3761 armatura,
2729 3706 2893 3765 atque
2943 3708 3206 3766 tropceum
3263 3709 3346 3754 est
3398 3701 3662 3758 adversus

2075 3789 2372 3841 diabolum.
2418 3787 2540 3842 llaec
2572 3790 2918 3856 signaculum
2948 3798 3056 3855 est,
3087 3806 3154 3844 ne
3192 3807 3295 3844 nos
3334 3795 3663 3848 extermina-

2076 3890 2160 3934 tor
2214 3884 2443 3950 angelus
2520 3893 2728 3951 tangat,
2783 3892 2840 3935 ut
2867 3883 3152 3952 Scriptura
3195 3887 3438 3954 loquitur
3469 3892 3504 3942 ⁸.
3540 3887 3666 3942 Haec

2074 3973 2378 4039 jat'entiutn
2415 3982 2619 4026 erectio
2682 3983 2786 4037 est,
2827 3975 3096 4026 stantium
3142 3973 3544 4041 fulcimentum,
3582 3981 3664 4032 iu-

2083 4066 2366 4116 tirmorum
2429 4065 2685 4129 baculus,
2744 4065 2930 4118 ovium
2995 4068 3172 4135 virga,
3223 4070 3664 4138 resipiscentium

2080 4156 2503 4215 adminiculum,
2578 4157 2998 4224 proficientium
3053 4161 3340 4226 perlectio,
3394 4163 3590 4215 animae
3617 4173 3669 4216 et

2080 4248 2328 4316 corporis
2368 4249 2541 4310 salus,
2602 4249 2871 4300 malorum
2900 4250 3148 4300 omnium
3198 4251 3474 4320 depulsio,
3502 4254 3670 4307 bono-

2080 4353 2201 4389 rum
2237 4338 2479 4390 omnium
2516 4353 2705 4401 causa,
2737 4339 2946 4406 peccati
2977 4339 3291 4407 ex5tinctio,
3312 4347 3670 4401 resurrectio-

2086 4429 2171 4483 nis
2207 4431 2410 4497 planta,
2445 4431 2567 4482 vitae
2595 4438 2810 4483 mternm
2842 4430 3066 4498 lignum.

1628 4521 1702 4581 ὡς
1757 4523 1976 4592 ἀληθῶς
2020 4507 2061 4560 ί)
2158 4521 2307 4591 Ligni
2367 4523 2537 4575 crucis
2575 4522 2840 4584 adoratio,
2884 4539 2945 4572 ac
2984 4523 3216 4575 aliorum
3269 4542 3386 4593 qua
3429 4526 3671 4583 Christus

2085 4625 2329 4668 contactu
2362 4630 2457 4667 suo
2489 4615 2864 4682 sanctiﬁcavit.
2898 4644 2968 4653 —
3003 4613 3115 4669 lloc
3143 4617 3326 4686 itaque
3359 4623 3668 4686 pretiosum

2085 4723 2216 4761 sane
2243 4722 2307 4761 ac
2340 4709 2656 4763 venerabile
2689 4699 2916 4776 lignum,
2953 4708 3006 4760 in
3041 4725 3150 4777 quo
3174 4724 3233 4762 se
3277 4710 3538 4767 Christus
3575 4731 3674 4784 pro

2090 4793 2254 4848 nobis
2285 4792 2523 4846 hostiam
2563 4793 2780 4855 obtulit,
2807 4794 2885 4846 uti
2934 4796 3269 4850 sanctissimi
3306 4800 3560 4867 corporis
3586 4810 3671 4852 at.

2093 4899 2197 4952 que
2228 4884 2510 4951 sanguinis
2536 4893 2682 4939 tactu
2725 4884 3150 4946 sanctiﬁcatum.
3183 4890 3302 4955 jure
3360 4891 3517 4943 debet
3551 4891 3672 4944 ado-

2096 4976 2203 5027 rari
2234 4991 2245 5026 :
2277 4975 2529 5043 clavique
2549 4979 2770 5038 item,et
2791 4976 3002 5042 lancea,
3033 4987 3086 5030 et
3119 4979 3467 5042 indumenta,
3499 4990 3552 5033 et
3593 4998 3680 5035 sa-

2096 5085 2201 5123 crm
2231 5070 2350 5136 ejus
2382 5071 2718 5136 mansiones,
2767 5071 2868 5126 hoc
2899 5079 3005 5134 est,
3049 5089 3308 5143 prsesepe,
3348 5091 3568 5144 specus,
3593 5092 3683 5130 sa-

2100 5159 2290 5213 lutaris
2313 5157 2602 5230 Golgotba,
2643 5163 2918 5215 viviﬁcutn
2947 5163 3286 5231 sepulcrum,
3330 5165 3462 5218 Sion
3494 5165 3682 5220 Eccle-

2099 5254 2307 5307 siarum
2343 5269 2460 5314 arx,
2491 5270 2554 5306 ac
2589 5257 2812 5318 similia,
2853 5256 3311 5325 quemadmodum
3357 5258 3450 5311 Dei
3487 5275 3686 5327 parcns

2110 5345 2276 5398 David
2303 5347 2515 5400 aiebat:
2552 5344 2896 5401 Introibimus
2931 5351 2983 5401 in
3014 5350 3356 5402 tabernacula
3374 5350 3485 5417 ejus
3512 5367 3529 5403 :
3559 5351 3686 5404 ado-

2104 5437 2337 5490 rabimus
2364 5439 2415 5489 in
2447 5438 2584 5503 loco,
2615 5438 2970 5492 ubisteterunt
3000 5441 3152 5508 pedes
3187 5440 3299 5508 ejus
3325 5445 3368 5493 '.
3403 5440 3558 5504 Quod
3592 5457 3688 5493 au-

2107 5539 2211 5584 tem
2252 5530 2338 5583 hic
2373 5545 2592 5585 crucem
2640 5529 2932 5599 intelligat,
2970 5541 3302 5600 argumento
3328 5541 3434 5596 est,
3463 5532 3512 5585 id
3543 5531 3687 5600 quod

2104 5623 2388 5689 sequitur:
2422 5622 2610 5686 Surqe,
2650 5622 2886 5687 Domine,
2919 5623 2973 5675 in
3006 5625 3232 5688 requiem
3261 5626 3466 5680 tuam“.
3494 5623 3691 5679 Comes

2473 5801 2492 5832 '
2537 5802 2675 5857 l'sal.
2704 5817 2884 5872 ccxxr,
2923 5805 2973 5862 7.
3056 5807 3076 5838 ‘
3110 5806 3244 5866 ibid.
3274 5807 3331 5868 8.
