4420 6462
747 445 878 508 1251

1961 446 2334 507 EUTIIYMH
2382 447 2552 506 ZIGA
2570 451 2741 508 BEN!

3878 455 4009 518 1252

737 576 861 612 cum
912 561 1098 626 prima:
1144 553 1509 626 getterallonls
1551 559 1769 622 adjutof
1804 556 1989 621 [ttcrit,
2033 571 2203 610 novos
2261 570 2324 606 ex
2359 558 2402 612 Λ
2432 556 2482 605 ἐι

2263 570 2324 606 ex
2359 558 2402 612 Λ
2432 545 2726 627 ἐπικουρία
2757 563 3046 631 τυγχάνον,
3085 563 3304 623 καινοὺς
3329 563 3447 615 ἀντὶ
3475 563 3738 622 παλαιῶν,
3773 563 3870 614 καὶ
3892 563 4008 615 θεο-

736 653 1036 714 veteribus,
1078 658 1132 700 et
1183 649 1393 700 divinos
1443 663 1507 700 ex
1540 648 1628 699 illo
1651 647 1796 715 quod
1823 664 2032 714 sumus,
2059 649 2177 701 sine
2202 649 2324 716 igne

736 744 1008 811 reﬁngens
1032 752 1084 795 et
1106 743 1222 795 sine
1247 741 1623 794 contractione
1644 758 1918 797 recreans.
1938 740 2097 801 Nam,
2127 752 2182 792 ιιι
2213 755 2324 794 rem

737 836 973 886 breviter
1004 833 1437 899 amplectamur,
1462 832 1713 900 baptismi
1735 835 1906 886 virtus
1929 830 2060 886 nihil
2077 831 2220 884 aliud
2244 838 2328 883 est

736 927 841 979 n'=si
865 927 1084 977 alterius
1111 926 1232 976 vita:
1267 926 1611 993 puriorisque
1645 925 1856 980 vivendi
1888 925 2116 977 rationis
2151 923 2326 976 l'aadus

734 1022 878 1083 quod
918 1020 1116 1070 inimus
1173 1033 1294 1069 cum
1339 1018 1468 1080 Deo,
1500 1018 1646 1086 quod
1708 1020 1761 1070 in
1829 1017 2022 1084 primis
2080 1025 2328 1068 metuen-

733 1109 861 1161 dum
902 1117 1003 1168 est,
1036 1117 1088 1158 et
1126 1108 1407 1161 omuicura
1451 1108 1805 1161 custodienda
1847 1117 1930 1162 est
1981 1108 2160 1160 anima
2210 1108 2327 1159 cui-

735 1217 839 1268 que
865 1217 957 1251 sua
991 1216 1055 1251 ne
1080 1202 1128 1251 in
1157 1202 1256 1252 hoc
1282 1203 1422 1267 quod
1452 1200 1680 1268 professi
1710 1216 1918 1264 sumus,
1936 1201 2324 1254 mendacesre—

737 1293 1175 1360 periamur.Natn
1192 1293 1234 1344 si
1255 1303 1409 1359 pacta
1427 1307 1545 1359 quzc
1563 1307 1683 1343 cum
1705 1291 2015 1343 hominibus
2053 1291 2323 1356 l'aciimns,

736 1385 877 1438 Deus
911 1386 1122 1438 medius
1157 1384 1434 1436 adhibitus
1476 1394 1591 1436 rata
1628 1384 1791 1436 "habet
1816 1389 1982 1451 atque
2012 1383 2321 1442 conﬁrmat,

730 1485 993 1543 quantum
1053 1475 1278 1527 instabit
1336 1473 1633 1541 periculum
1687 1474 1732 1526 si
1787 1489 1848 1526 ea
1907 1487 2026 1542 (ιιιῶ
2076 1472 2174 1538 ipsi
2217 1473 2324 1524 Deo

733 1568 956 1634 polliciti
1017 1581 1203 1619 sumus
1271 1567 1642 1627 violabimus,
1702 1579 1911 1634 nosque
1965 1580 2067 1617 non
2147 1563 2322 1616 solum

731 1660 851 1710 aliis
887 1655 1227 1719 criminibus,
1292 1658 1383 1710 sed
1423 1657 1524 1709 hoc
1547 1656 1708 1708 etiam
1749 1655 2051 1718 mendacio,
2089 1652 2326 1706 obstrin-

729 1765 917 1816 gemus
969 1747 1229 1801 veritati?
1298 1747 1601 1800 Praesertim
1668 1762 1789 1799 cum
1835 1747 1938 1799 alia
1995 1762 2100 1797 non
2166 1745 2324 1796 detur

730 1841 1072 1908 regeneratio
1140 1853 1314 1907 neque
1360 1839 1608 1900 refectio,
1681 1853 1860 1907 neque
1915 1837 2206 1906 pristinum
2267 1837 2320 1889 iu

726 1943 923 1986 statum
958 1931 1394 1991 restitutio,licet
1417 1945 1534 1984 eam
1568 1931 1803 1986 maxime
1827 1929 2010 1983 multis
2033 1931 2322 1998 gemitibus

726 2035 780 2078 et
811 2024 1089 2093 lacrymis,
1121 2039 1184 2076 ex
1219 2023 1435 2090 quibus,
1487 2031 1546 2076 ut
1573 2037 1671 2090 ego
1705 2022 1923 2091 quidem
1957 2023 2133 2076 sentio
2161 2031 2325 2090 atque

729 2124 1026 2189 statuo,vix
1063 2123 1336 2176 cicatricis
1371 2121 1625 2174 obductio
1659 2119 1929 2187 sequitur,
1963 2120 2322 2187 inquiramns.

728 2216 1143 2284 Sequiturcnim
1165 2216 1321 2282 idque
1345 2215 1636 2268 credimus.
1669 2211 1821 2277 Quod
1848 2213 1891 2267 si
1917 2212 2205 2266 cicatrices
2231 2212 2326 2264 de-

731 2311 965 2373 Ieanlur,
1015 2308 1278 2378 prmclare
1320 2307 1602 2360 nobiscum
1625 2308 1838 2375 agitur,
1887 2306 2322 2375 quandoquidem

726 2412 779 2456 t-t
826 2407 938 2472 ipse
968 2401 1324 2455 humanitatis
1366 2400 1601 2469 indigeo.

726 2519 965 2589 Gregorii
1003 2515 1196 2586 Nysam
1265 2515 1530 2589 pontiﬁcis
1567 2530 1651 2589 ess
1685 2514 1926 2568 oratione
1962 2514 2279 2567 calechelira
2305 2552 2321 2577 ,

1259 2588 1381 2638 item
1412 2589 1477 2638 de
1509 2586 1787 2650 baptismo.

797 2681 994 2734 Verum
1026 2682 1150 2748 quia
1216 2676 1455 2746 mystica:
1529 2675 1787 2730 doctrina:
1853 2692 1982 2750 pars
2029 2686 2110 2729 est
2161 2676 2322 2728 etiam

728 2774 924 2826 lavacri
956 2769 1241 2831 institutio,
1271 2769 1376 2822 hoc
1410 2776 1465 2819 tu
1500 2767 1584 2818 vel
1610 2765 1945 2836 baptismum
1972 2767 2051 2819 vel
2085 2766 2324 2819 illustra-

723 2868 923 2919 tionem
975 2864 1054 2916 vel
1119 2861 1594 2932 regenerationem
1652 2861 1892 2929 appelles
1960 2860 2120 2913 licet:
2177 2860 2322 2912 nulla

719 2957 864 3007 enim
916 2957 1056 3006 inter
1103 2967 1202 3006 nos
1237 2953 1301 3004 de
1335 2951 1559 3005 nomine
1595 2952 1705 3004 erit
1741 2950 2049 3004 dill‘erenlia
2091 2968 2103 3004 :
2146 2966 2323 3019 opera:

723 3048 954 3116 pretium
1005 3048 1129 3106 erit,
1178 3054 1236 3096 ut
1266 3045 1332 3098 de
1367 3046 1466 3096 hoc
1504 3045 1664 3097 etiam
1698 3057 1867 3112 pauca
1913 3059 2320 3111 percurramus.

719 3140 854 3192 Cum
904 3139 1047 3191 enim
1092 3152 1120 3188 a
1151 3135 1306 3187 nobis
1361 3134 1695 3200 audiverint,
1731 3136 1857 3204 quia
1896 3138 2038 3204 quod
2093 3136 2323 3189 mortale

719 3240 844 3293 est,
908 3230 972 3281 ad
1036 3228 1201 3279 vitam
1264 3228 1504 3290 transit,
1549 3241 1668 3280 esse
1730 3238 2194 3289 consentaneum,

721 3340 840 3376 cum
887 3324 1059 3390 prima
1124 3322 1404 3389 generatio
1454 3321 1519 3372 ad
1581 3320 1745 3372 vitam
1781 3321 2066 3374 mortalem
2128 3323 2314 3384 ducat,

721 3415 890 3467 altera
951 3412 1233 3480 generatio
1317 3409 1641 3474 reperiatur,
1725 3423 1846 3475 qua:
1929 3425 2029 3462 nec
2098 3410 2318 3476 incipiat

720 3528 746 3561 ιι
783 3507 1161 3574 corruptione,
1207 3516 1383 3564 neque
1437 3501 1489 3554 in
1525 3501 1804 3553 interitum
1839 3502 2071 3564 desinat,
2103 3502 2196 3555 sed
2223 3519 2315 3569 ge-

719 3603 889 3654 nitum
913 3602 978 3651 ad
1002 3599 1166 3648 vitam
1188 3597 1351 3648 ducat
1380 3595 1830 3660 immortaletn,nt
1851 3597 2314 3661 quemadmodum

720 3712 783 3747 ex
819 3692 1032 3745 mortali
1062 3690 1416 3759 generatione
1441 3690 1755 3743 necessario
1789 3699 2034 3742 nasc:tnr
2058 3692 2202 3758 quod
2235 3703 2316 3745 est

721 3786 972 3848 mortale,
1003 3786 1082 3838 sic
1110 3783 1255 3851 quod
1297 3799 1364 3836 ex
1420 3783 1773 3852 generatione
1821 3797 1938 3849 qua:
1990 3798 2094 3836 non
2150 3784 2317 3837 sentit

722 3883 1000 3936 interitum
1034 3879 1279 3932 nascitur
1309 3878 1664 3944 praestantius
1688 3877 2008 3944 sitquamut
2041 3876 2315 3929 interitum

717 3992 786 4028 ex
815 3987 992 4028 morte
1017 3972 1285 4045 patiatur,
1324 3971 1440 4024 hmc
1471 3979 1524 4023 et
1551 3969 1749 4022 similia
1790 3984 1913 4022 cum
1949 3969 2319 4023 intellexerint

721 4068 1052 4134 modumque
1071 4062 1383 4128 didicerint,
1418 4075 1609 4130 nempe
1637 4061 2008 4132 precationem
2044 4061 2110 4113 ad
2149 4059 2314 4112 Deum

715 4173 769 4215 et
796 4160 986 4230 gratia:
1016 4156 1256 4212 ccelestis
1290 4153 1688 4209 invocationem
1719 4163 1773 4208 et
1823 4169 2018 4222 aquam
2077 4163 2129 4206 et
2158 4153 2314 4207 fidem

714 4268 836 4310 esse
888 4255 1087 4322 quibus
1119 4249 1545 4321 regenerationis
1598 4249 1917 4318 mysterium
2005 4246 2314 4316 expleatur,

717 4348 859 4401 haud
942 4346 1102 4399 facile
1179 4346 1522 4398 adducuntur
1578 4353 1635 4397 ut
1688 4343 1964 4397 credant:
2023 4342 2318 4411 respiciunt

714 4437 862 4491 enim
895 4437 961 4489 ad
1010 4436 1060 4489 id
1089 4433 1234 4503 quod
1263 4436 1531 4497 cernitur,
1570 4447 1668 4486 nec
1718 4431 2067 4501 promissioni
2126 4442 2318 4500 putant

718 4525 1048 4593 respondere
1076 4524 1219 4592 quod
1257 4525 1469 4578 ratione
1501 4537 1768 4592 corporea
1815 4524 2112 4594 peragitur.
2173 4523 2317 4589 Quo-

2430 651 2586 712 ειδεῖς
2616 652 2738 703 ἀντὶ
2765 654 2874 705 τῶν
2906 655 3001 706 νῦν
3032 655 3205 708 ὄντων
3259 656 3580 724 ἐργάζεται,
3638 656 3805 724 χωρὶς
3838 657 4010 724 πυρδς

2429 741 2794 808 άναχωνεῦον,
2829 745 2922 796 καὶ
2946 747 3236 809 άνακτίζον
3263 747 3385 816 δίχα
3413 747 3774 815 συντρίψεως.
3812 745 3872 798 El
3902 747 4012 816 γὰρ

2432 832 2717 900 συντόμως
2741 835 2825 887 δεῖ
2850 837 3050 900 εἰπεῖν,
3093 836 3372 905 συνθήκας
3414 840 3555 907 πρδς
3587 839 3720 890 θεδν
3749 839 4010 904 δευτέρην

2431 924 2567 991 βίου,
2618 928 2714 979 καὶ
2771 929 3055 992 πολιτείας
3108 930 3507 1000 καθαρωτέρας
3543 931 3884 997 ὑποληπτέον
3914 931 4011 997 τὴν

2429 1014 2524 1067 τοῦ
2558 1015 2945 1088 βαπτίσματος
2976 1021 3230 1090 δύναμιν,
3282 1024 3309 1075 ὃ
3335 1024 3398 1093 δὴ
3440 1025 3535 1076 καὶ
3573 1025 3811 1093 μάλιστα
3845 1024 4010 1091 φοϐη-

2429 1108 2573 1170 τέον,
2605 1110 2701 1161 καὶ
2746 1111 2896 1183 πάσῃ
2930 1113 3148 1183 φυλακῇ
3176 1119 3445 1184 τηρητίον
3476 1119 3577 1183 τὴν
3605 1117 3800 1169 ἑαυτοῦ
3832 1118 4013 1184 ψυχὴν

2429 1199 2691 1264 ἕκαστον,
2732 1203 2807 1271 μὴ
2842 1203 3075 1270 ψεῦσται
3099 1207 3197 1274 τῆς
3233 1207 3530 1274 ὁμολογίας
3586 1209 3791 1276 ταύτης
3818 1209 4014 1276 φαινώ-

2433 1291 2599 1357 μεθα.
2648 1290 2711 1344 Εἰ
2735 1294 2844 1362 γὰρ
2869 1296 2964 1356 τὰς
2999 1295 3135 1362 πρὸς
3165 1297 3489 1365 ἀνθρώπους
3518 1300 3814 1364 ὁμολογίας
3841 1302 4016 1366 ἐμπε-

2427 1382 2510 1433 δοῖ
2540 1381 2698 1447 Θεὸς,
2726 1385 2891 1452 μέσος
2944 1386 3350 1455 παραληφθεὶς,
3395 1390 3560 1452 πόσος
3587 1391 3616 1440 ὁ
3666 1392 3906 1451 κίνδυνος
3937 1384 4015 1443 ὦν

2432 1476 2569 1542 πρὸς
2605 1475 2769 1528 αὑτὸν
2792 1477 3031 1547 ἐθέμεθα
3090 1482 3182 1533 τὸν
3242 1482 3376 1534 Θεὸν
3435 1481 3745 1550 συνθηκῶν,
3805 1482 4015 1534 τούτων

2432 1567 2760 1635 παραϐάτας
2814 1571 3194 1640 εὑρίσκεσθαι,
3239 1574 3334 1626 καὶ
3382 1575 3457 1644 μὴ
3491 1576 3652 1642 μόνον
3684 1573 3795 1626 τῶν
3835 1575 4015 1628 ἄλλων

2429 1659 2871 1728 ἁμαρτημάτων,
2906 1663 3043 1717 ἀλλὰ
3080 1666 3174 1716 καὶ
3206 1665 3373 1717 αὑτοῦ
3414 1665 3509 1717 τοῦ
3566 1665 3795 1734 ψεύδους
3831 1667 4016 1718 ὑποδί-

2433 1768 2563 1813 κους
2596 1750 2736 1805 εἶναι
2770 1757 2835 1825 τῇ
2869 1756 3120 1828 ἀληθεία,
3154 1760 3250 1812 καὶ
3280 1757 3454 1812 ταῦτα
3491 1758 3591 1810 οὑκ
3646 1757 3813 1827 οὔσης
3835 1759 4014 1812 δευτέ-

2431 1858 2529 1910 ρας
2592 1845 3028 1916 ἀναγεννήσεως,
3083 1850 3204 1902 οὐδὲ
3247 1850 3635 1913 ἀναπλάσεως,
3676 1851 3796 1902 οὐδὲ
3843 1853 3924 1911 είς
3953 1850 4016 1902 τὸ

2432 1930 2660 1997 ἀρχαῖον
2694 1935 3220 2001 ἀποκαταστάσεως,
3275 1939 3379 1992 xiv
3412 1941 3496 1992 ὅτι
3549 1941 3787 2008 μάλιστα
3821 1939 4017 2009 ἐπιζη-

2429 2021 2615 2090 τῶμεν
2643 2025 2854 2095 ταύτην
2882 2029 2939 2080 ἐν
2968 2029 3184 2092 πολλοῖς
3215 2034 3547 2099 στεναγμοῖς
3583 2049 3642 2084 τε
3675 2033 3769 2083 καὶ
3804 2033 4016 2098 δάκου-

2430 2131 2537 2177 σιν,
2581 2115 2638 2180 ἐξ
2663 2109 2740 2168 ὧν
2777 2119 3109 2182 συνούλωσις
3139 2122 3239 2190 μὲν
3287 2121 3509 2191 ἔρχεται
3562 2124 3742 2191 μόγις,
3781 2124 3923 2174 κατά
3949 2139 4017 2190 γε

2427 2205 2518 2258 τὸν
2559 2208 2692 2273 ἐμὸν
2717 2210 2843 2279 ὅρον
2867 2214 2961 2263 καί
2991 2215 3158 2282 νόμον
3190 2231 3202 2246 ⁸
3235 2214 3453 2284 ἔρχεται
3482 2217 3610 2287 γὰρ,
3642 2218 3735 2268 καὶ
3759 2218 4017 2268 πιστεύο-

2430 2316 2529 2367 μεν
2552 2316 2566 2328 ⁸
2603 2302 2652 2351 εἰ
2688 2302 2741 2353 δὲ
2772 2305 2866 2356 καὶ
2892 2305 2989 2367 τὰς
3016 2306 3182 2366 οὐλὰς
3209 2309 3593 2376 ἐξαλείξομεν,
3626 2308 3897 2378 ἀγαπῴην
3925 2309 4013 2373 ἂν,

2427 2396 2617 2465 ἐπειδὴ
2653 2398 2747 2448 καὶ
2783 2398 2944 2460 αὐτὸς
2983 2398 3170 2470 χρῄζω
3199 2401 3637 2469 φιλανθρωπίας.

2490 2513 2600 2567 Τοῦ
2635 2514 2892 2582 Νιεσισης
2924 2514 2992 2566 ἐκ
3024 2515 3131 2568 τοῦ
3163 2515 3568 2585 κατηχητικοῦ
3595 2519 3781 2586 λόγου
3823 2517 3955 2586 περί

2917 2586 3024 2641 τοῦ
3067 2589 3518 2656 Βαπτίσματος.

2509 2675 2655 2729 Ἀλλ’
2690 2679 2882 2749 ἐπειδὴ
2915 2680 3082 2748 μέρος
3130 2696 3179 2730 τι
3209 2679 3331 2730 τῶν’
3349 2679 3634 2747 μυστικῶν
3656 2679 4014 2749 διδαγμάτων

2427 2771 2521 2820 καὶ
2556 2772 2587 2838 ἡ
2647 2773 2787 2823 κατὰ
2824 2775 2882 2823 τὸ
2930 2773 3153 2840 λουτρόν
3189 2774 3339 2824 ἐστιν
3371 2775 3677 2840 οἰκονομία,
3713 2774 3742 2825 ὂ
3769 2776 3883 2826 εἴτε
3917 2774 4016 2843 βά-

2428 2877 2660 2928 πτισμα,
2699 2864 2809 2914 εἴτε
2841 2861 3125 2932 φώτισμα,
3161 2865 3270 2914 εἴτε
3306 2862 3737 2930 παλιγγενεσίαν
3769 2863 4016 2931 βούλοιτό

2426 2967 2504 3012 τις
2535 2951 2844 3019 ὀνομάζειν,
2877 2953 3031 3004 οὐδὲν
3080 2954 3217 3021 πρὸς
3248 2956 3346 3021 τὴν
3400 2955 3702 3022 ὀνομασίαν
3753 2953 4013 3021 διαφερό-

2430 3042 2592 3108 μεθα,
2629 3043 2810 3104 καλῶς
2841 3043 2905 3097 ἂν
2937 3044 3050 3113 ἔχοι
3081 3045 3288 3114 βραχέα
3319 3046 3448 3114 περὶ
3477 3046 3667 3097 τούτου
3704 3045 4012 3110 ’ὶεξελθείψ

2440 3133 2695 3185 Ἐπειδὰν
2727 3135 2835 3204 γὰρ
2863 3137 2990 3207 παρ’
3011 3137 3172 3206 ἡμῶν
3200 3137 3260 3189 τὸ
3279 3137 3530 3190 τοιοῦτον
3554 3137 3718 3190 ἀκούω.
3736 3149 3885 3199 tactv,
3909 3140 4015 3202 ὅτι,

2267 3237 2324 3280 ut
2352 3235 2394 3291 ο
2429 3227 2524 3278 τοῦ
2567 3227 2765 3296 θνητοῦ
2804 3230 2941 3297 πρὸς
2996 3231 3144 3298 ζωὴν
3201 3231 3658 3299 μεταϐαίνοντος,
3717 3231 4018 3286 ἀκόλουθον

2425 3311 2517 3384 ἦν,
2540 3316 2639 3384 τῆς
2673 3315 2899 3385 πρώτης
2931 3318 3200 3383 γενέσεως
3245 3322 3337 3370 ἐπὶ
3365 3321 3454 3372 τὸν
3498 3319 3693 3386 θνητὸν
3729 3322 4020 3389 παραγού-

2430 3424 2526 3474 σης
2562 3405 2697 3473 βίον,
2747 3408 2944 3475 ἑτέραν
2989 3410 3247 3477 γέννησιν
3292 3411 3674 3480 ἐξευρεθῆναι,
3738 3415 3875 3479 μήτε
3911 3414 4021 3462 οπο

2428 3502 2638 3569 φθορᾶς
2676 3500 3014 3570 ἀρχομένην,
3052 3501 3190 3570 μήτε
3226 3503 3305 3563 εἰς
3340 3503 3547 3572 φθορὰν
3573 3503 4017 3573 καταλήγουσαν,

2427 3594 2543 3645 αλλ’
2567 3596 2647 3653 εἰς
2675 3593 2946 3645 ἀθάνατον
2973 3594 3118 3663 ζωὴν
3151 3595 3239 3646 τὸν
3286 3599 3689 3666 γεγεννημένον
3737 3597 4022 3664 παράγων-

2429 3704 2551 3750 σαν,
2581 3685 2648 3738 ἵν’
2678 3685 2869 3755 ῶσπερ
2892 3687 2953 3737 ὲκ
2979 3685 3181 3756 θνητῆς
3209 3689 3517 3758 γεννήσεως
3553 3688 3750 3756 θνητὸν
3769 3689 3827 3750 ἐξ
3853 3689 4020 3754 ἀνᾶγ-

2427 3794 2532 3846 κης
2567 3777 2626 3828 τὸ
2659 3777 3070 3846 γεγεννημένον
3106 3778 3341 3847 ὑπέστη,
3371 3778 3548 3841 οὓτως
3580 3782 3643 3831 ὲκ
3667 3781 3764 3847 τῆς
3803 3780 3879 3848 μὴ
3915 3797 4024 3830 πα·

2430 3871 2804 3942 ραδεχομένης
2828 3871 3038 3939 φθορὰν
3051 3871 3111 3922 τὸ
3135 3871 3483 3941 γεννώμενον
3508 3873 3760 3941 κρεῖττον
3789 3873 4021 3939 γένηται

2425 3963 2525 4031 τῆς
2561 3966 2624 4015 ὲκ
2655 3962 2749 4014 τοῦ
2794 3962 3031 4016 θανάτου
3085 3963 3299 4032 φθορᾶς
3337 3981 3349 3996 ·
3407 3964 3628 4017 ἐπειδὰν
3663 3960 3756 4017 οὖν
3811 3964 4021 4017 τούτων

2427 4058 2523 4109 καὶ
2556 4055 2664 4107 τῶν
2693 4054 2958 4108 τοιούτων
2991 4056 3294 4120 ἀκούσωσι,
3330 4057 3425 4110 καὶ
3459 4058 3904 4127 προσδιδαχθῶσι
3926 4058 4021 4109 τὸν

2425 4150 2655 4219 τρόπον,
2680 4149 2764 4201 ὅτι
2793 4148 2930 4218 εὐχὴ
2957 4156 3096 4219 πρὸς
3126 4150 3282 4213 Θεὸν,
3315 4151 3412 4203 καὶ
3469 4154 3694 4220 χάριτος
3748 4153 4019 4219 οὐρανίας

2427 4241 2741 4316 ἐπίκλησις,
2773 4243 2868 4295 καὶ
2902 4241 3069 4313 ὕδωρ,
3107 4243 3204 4296 καὶ
3239 4244 3426 4307 πίστις
3463 4245 3603 4306 ἐστὶ,
3635 4244 3704 4297 δι’
3729 4238 3807 4298 ὦν
3833 4247 3893 4297 τὸ
3915 4246 4022 4313 τῆς

2425 4338 2846 4406 ἀναγεννήσεως
2906 4334 3212 4405 πληροῦται
3297 4338 3621 4405 μυστήριον,
3708 4337 4020 4398 δυσπειθῶς

2426 4427 2618 4497 ἔχουσι
2654 4427 2794 4498 πρὸς
2826 4429 2884 4479 τὸ
2922 4427 3255 4496 φαινόμενον
3289 4427 3605 4495 βλέποντες,
3645 4428 3720 4490 ὡς
3769 4429 3829 4480 οὑ
3875 4445 4021 4498 συμ-

2427 4520 2614 4574 6αῖνον
2656 4524 2722 4592 τῇ
2750 4520 3059 4592 ἐπαγγελία
3091 4520 3153 4572 τὸ
3204 4521 3543 4589 σωματικῶς
3591 4523 4016 4592 ὲνεργούμενον.

715 4619 874 4670 modo
899 4617 1069 4677 enim,
1089 4615 1366 4684 inquiunt,
1395 4614 1509 4668 ﬁeri
1529 4623 1704 4683 potest
1727 4625 1783 4666 ut
1803 4629 1992 4682 preces
2011 4624 2068 4668 et
2117 4615 2311 4668 divinae
2347 4598 2390 4654 Ῑ)
2423 4611 2460 4662 ll

2272 4632 2311 4668 il}
2347 4598 2390 4654 Ῑ)
2423 4611 2545 4670 Πῶς
2573 4613 2701 4682 γὰρ,
2763 4612 2955 4681 φησὶν,
3009 4611 3142 4682 εὑχὴ
3203 4613 3299 4665 καὶ
3359 4611 3642 4682 δυνάμεως
3687 4613 3836 4676 θείας
3893 4615 4017 4665 ἐπί-

712 4708 934 4760 virtutis
987 4706 1260 4759 invocatio
1290 4707 1340 4758 in
1377 4719 1515 4773 aqua
1550 4704 1713 4769 facta,
1755 4705 1878 4759 vitae
1938 4705 2008 4759 sit
2036 4719 2200 4759 causa
2247 4705 2311 4759 iis

710 4801 802 4868 qui
861 4798 1142 4850 initiantur
1172 4796 1193 4848 ?
1228 4797 1306 4848 Ad
1341 4810 1502 4861 quos,
1533 4795 1636 4849 nisi
1685 4796 1976 4850 admodum
2036 4797 2312 4851 obstinate

711 4907 770 4944 se
804 4892 1025 4954 habent,
1058 4905 1155 4957 pro
1197 4888 1431 4944 inStituti
1502 4887 1666 4958 hujus
1717 4889 2112 4958 approbatione
2179 4891 2309 4943 sim-

711 4985 832 5049 plex
869 4984 1004 5035 satis
1038 4983 1144 5036 erit
1181 4981 1487 5050 responsio.
1553 4980 1662 5036 Nos
1692 4982 1836 5035 enim
1869 4981 2105 5036 vicissim
2161 4997 2313 5052 qua:-

713 5093 893 5130 reinus
923 5076 1196 5144 quomodo
1237 5078 1328 5127 liat
1364 5075 1416 5128 ili
1442 5089 1608 5130 carne
1640 5075 1944 5144 generatio.
1982 5073 2119 5127 Nam
2184 5091 2310 5130 cunt

709 5170 962 5223 «niuibus
995 5167 1343 5223 manifestum
1377 5168 1448 5222 sit
1501 5167 1630 5220 illud
1671 5167 1947 5222 hominem
1987 5165 2127 5229 fieri,
2167 5168 2312 5236 quod

707 5264 1076 5318 c0ustituendi
1110 5262 1358 5316 animalis
1391 5262 1567 5331 gratia
1610 5263 1880 5330 injicitur,
1945 5261 2093 5315 nulla
2125 5272 2310 5314 tamen

709 5358 893 5412 all'erri
927 5359 1064 5411 ratio
1095 5365 1293 5426 potest,
1330 5356 1512 5424 quaid
1549 5365 1604 5408 ut
1660 5353 1926 5408 eﬂiciatur
1961 5354 2315 5423 probabiliter

706 5452 1026 5524 persuaderi
1047 5460 1231 5520 queat.
1252 5451 1389 5516 Quid
1413 5450 1557 5504 enim
1583 5464 1873 5503 commune
1897 5449 2058 5502 habet
2079 5451 2315 5502 hominis

704 5546 1032 5609 deﬁnitio,si
1057 5559 1181 5598 cum
1214 5543 1327 5609 illa,
1363 5558 1484 5612 qua:
1516 5543 1762 5596 cernitur
1785 5543 2046 5611 qualitate
2082 5557 2303 5612 compa-

705 5640 903 5694 retur?
932 5639 1114 5693 Homo
1135 5639 1280 5691 enim
1317 5640 1530 5691 ratione
1563 5637 1824 5706 pra-ditus
1842 5645 1946 5700 est,
1977 5645 2032 5690 et
2063 5637 2315 5706 cogitan-

703 5737 753 5790 di
776 5735 881 5788 vim
905 5733 1086 5787 habet.
1108 5731 1242 5786 lllud
1268 5741 1448 5784 autem
1479 5730 1530 5782 in
1559 5729 1778 5781 humida
1802 5727 2036 5795 quadam
2063 5727 2314 5782 consistit

700 5831 982 5899 qualitate.
1020 5825 1130 5881 Nec
1163 5825 1401 5894 amplius
1433 5824 1734 5893 quidquam
1781 5837 1846 5875 eo
1882 5822 2026 5891 quod
2062 5823 2312 5876 cernitur

697 5923 1028 5994 cogitatione
1093 5919 1428 5990 prmcipilur.
1491 5916 1644 5983 Quod
1678 5915 1841 5994 igitur
1866 5925 2306 5999 ὀριιδςῐιιίιυειιιιι

2421 4705 2615 4774 κλησις
2669 4709 2762 4758 ἐπὶ
2817 4707 2913 4759 τοῦ
2974 4707 3164 4770 ὕδατος
3235 4706 3503 4777 γενομένη
3569 4708 3712 4777 ζωῆς
3770 4707 4018 4776 ἀρχηγὸς

2420 4800 2532 4858 τοῖς
2595 4798 2850 4869 μυηθεῖσι
2917 4799 3160 4866 γίνεται;
3209 4800 3354 4870 Πρὸς
3411 4798 3527 4862 οὓς,
3582 4800 3740 4868 εἴπερ
3776 4801 3851 4866 μὴ
3897 4800 4022 4852 λίαν

2421 4891 2599 4960 ἔχοιεν
2637 4891 2975 4956 ἁντιτύπως,
3025 4893 3233 4956 ἁπλοῦς
3263 4893 3488 4964 ἐξαρκεῖ
3523 4894 3681 4961 λόγος
3727 4894 3868 4963 πρὸς
3918 4895 4022 4961 τὴν

2422 4984 2516 5036 τοῦ
2548 4983 2821 5053 δόγματος
2851 4987 3080 5054 ἀγαγεῖν
3107 4985 3539 5055 συγκατάθεσιν.
3607 4987 4024 5056 Ἀντερωτῄσοο

2427 5096 2549 5147 μεν,
2585 5077 2681 5130 τοῦ
2724 5080 2930 5147 τρόπου
2987 5079 3088 5148 τῆς
3120 5080 3264 5132 κατά
3324 5080 3507 5148 σάρκα
3546 5081 3815 5146 γενέσεως
3852 5081 4024 5132 πᾶσιν

2423 5172 2575 5234 ὄντος
2601 5171 2896 5241 προδήλου,
2935 5173 3060 5235 Πῶς
3084 5173 3373 5243 ἄνθρωπος
3402 5174 3582 5226 ἐκεῖνο
3617 5173 3832 5240 γίνεται
3860 5176 3918 5224 τὸ
3940 5175 4023 5236 εἰς

2424 5263 2685 5334 ἀφορμὴν
2718 5264 2815 5332 τῆς
2849 5264 3165 5327 συστάσεως
3195 5263 3287 5316 τοῦ
3324 5263 3464 5329 ζώου
3496 5266 4020 5335 καταΰανιλόμενονς

2437 5355 2600 5407 Ἀλλὰ
2625 5356 2731 5424 μὴν
2757 5355 2933 5417 οὐδεὶς
2974 5353 3062 5407 ἐπ’
3091 5357 3302 5408 ἐκείνου
3334 5355 3489 5423 λόγος
3523 5360 3677 5409 ἐστὶν
3716 5361 3742 5410 ὁ
3769 5359 4024 5429 λογισμῷ

2424 5462 2534 5497 τινι
2565 5445 2626 5496 τὸ
2670 5444 2899 5497 πιθανὸν
2924 5445 3287 5515 ἐξευρίσκων.
3319 5444 3384 5498 Τί
3409 5448 3518 5516 γὰρ
3548 5446 3726 5500 κοινὸν
3756 5449 3870 5517 εχει
3897 5453 4023 5519 ὅρος

2426 5537 2723 5609 ἀνθρώπου
2745 5538 2884 5609 πρὸς
2906 5539 3006 5608 τὴν
3035 5541 3093 5591 ἐν
3117 5541 3316 5610 ἐκείνῳ
3336 5540 3718 5611 θεωρουμένην
3756 5543 4024 5610 ποιότητα

2428 5635 2907 5705 συγκρινόμενος;
2969 5633 3304 5704 Ἀνθρωπος
3365 5636 3466 5706 μὲν
3525 5641 3634 5707 γάρ
3693 5638 3908 5703 λογικόν
3973 5655 4025 5690 τι

2425 5727 2616 5798 χρῆμα
2664 5727 2758 5778 καὶ
2813 5726 3160 5797 διανοητικόν
3213 5731 3386 5790 ἐστιν,
3445 5731 3624 5782 ἐκεῖνο
3670 5729 3724 5782 δὲ
3764 5733 3820 5782 ἐν
3879 5731 4026 5800 ὑγρᾷ

2425 5839 2534 5872 τινι
2571 5820 2862 5889 θεωρεῖται
2916 5822 3193 5892 ποιότητι,
3242 5824 3338 5874 καὶ
3370 5825 3536 5875 πλέον
3564 5824 3718 5876 οὐδὲν
3771 5824 3866 5876 τοῦ
3899 5825 4025 5880 κατ’

2426 5915 2681 5985 αἴσθησιν
2709 5916 2994 5986 ὁρωμένου
3033 5916 3454 5986 καταλαμῦάνει
3483 5920 3513 5982 ἡ
3539 5920 3740 5973 ἔννοια.
3781 5921 3884 5973 Ἦν
3916 5924 4028 5972 τοὶ-
