  <div class='ocr_page' id='page_1' title='image "/cluster/home/n/w/nwhite01/storage/ocr_20150623/130/nnc1.0046979603/648.png"; bbox 0 0 4420 6462; ppageno 0'>
   <div class='ocr_carea' id='block_1_1' title="bbox 414 408 549 469">
    <p class='ocr_par' dir='ltr' id='par_1_1' title="bbox 414 408 549 469">
     <span class='ocr_line' id='line_1_1' title="bbox 414 408 549 469; baseline 0 0"><span class='ocrx_word' id='word_1_1' title='bbox 414 408 549 469; x_wconf 73' lang='lat'><strong>1257</strong></span> 
     </span>
    </p>
   </div>
   <div class='ocr_carea' id='block_1_2' title="bbox 1309 413 2650 478">
    <p class='ocr_par' dir='ltr' id='par_1_2' title="bbox 1309 413 2650 478">
     <span class='ocr_line' id='line_1_2' title="bbox 1309 413 2650 478; baseline -0.003 -2"><span class='ocrx_word' id='word_1_2' title='bbox 1309 419 1684 478; x_wconf 66' lang='lat' dir='ltr'><strong>PANOPLIA</strong></span> <span class='ocrx_word' id='word_1_3' title='bbox 1713 413 2168 475; x_wconf 74' lang='lat' dir='ltr'><strong>DOGMATIC.\.</strong></span> <span class='ocrx_word' id='word_1_4' title='bbox 2198 437 2265 448; x_wconf 94' lang='grc'><strong><em>-</em></strong></span> <span class='ocrx_word' id='word_1_5' title='bbox 2296 413 2443 471; x_wconf 84' lang='grc' dir='ltr'><strong>ΊῚΤ.</strong></span> <span class='ocrx_word' id='word_1_6' title='bbox 2477 413 2650 472; x_wconf 76' lang='lat' dir='ltr'><strong>XXV.</strong></span> 
     </span>
    </p>
   </div>
   <div class='ocr_carea' id='block_1_3' title="bbox 3549 418 3684 480">
    <p class='ocr_par' dir='ltr' id='par_1_3' title="bbox 3549 418 3684 480">
     <span class='ocr_line' id='line_1_3' title="bbox 3549 418 3684 480; baseline -0.007 -2"><span class='ocrx_word' id='word_1_7' title='bbox 3549 418 3684 480; x_wconf 70' lang='grc'><strong>1258</strong></span> 
     </span>
    </p>
   </div>
   <div class='ocr_carea' id='block_1_4' title="bbox 414 543 2159 616">
    <p class='ocr_par' dir='ltr' id='par_1_4' title="bbox 414 543 2159 616">
     <span class='ocr_line' id='line_1_4' title="bbox 414 543 2159 616; baseline -0.001 -18"><span class='ocrx_word' id='word_1_8' title='bbox 414 548 558 598; x_wconf 64' lang='grc' dir='ltr'>κατὰ</span> <span class='ocrx_word' id='word_1_9' title='bbox 615 547 797 616; x_wconf 78' lang='grc' dir='ltr'>ψυχὴν</span> <span class='ocrx_word' id='word_1_10' title='bbox 847 548 1100 614; x_wconf 75' lang='grc' dir='ltr'>γίνεταιο</span> <span class='ocrx_word' id='word_1_11' title='bbox 1142 547 1322 609; x_wconf 86' lang='grc' dir='ltr'>πίστις</span> <span class='ocrx_word' id='word_1_12' title='bbox 1376 546 1484 615; x_wconf 78' lang='grc' dir='ltr'>γὰρ</span> <span class='ocrx_word' id='word_1_13' title='bbox 1543 547 1806 598; x_wconf 84' lang='grc' dir='ltr'>υἰοθετεῖν</span> <span class='ocrx_word' id='word_1_14' title='bbox 1852 543 1997 606; x_wconf 79' lang='grc' dir='ltr'>οἶδε,</span> <span class='ocrx_word' id='word_1_15' title='bbox 2034 544 2074 594; x_wconf 84' lang='grc' dir='ltr'>Α</span> <span class='ocrx_word' id='word_1_16' title='bbox 2107 546 2159 606; x_wconf 67' lang='lat' dir='ltr'><strong>le;</strong></span> 
     </span>
    </p>
   </div>
   <div class='ocr_carea' id='block_1_5' title="bbox 1936 543 3681 616">
    <p class='ocr_par' dir='ltr' id='par_1_5' title="bbox 1937 543 3681 615">
     <span class='ocr_line' id='line_1_5' title="bbox 1937 543 3681 615; baseline -0.001 -18"><span class='ocrx_word' id='word_1_17' title='bbox 1937 563 1962 597; x_wconf 79' lang='grc' dir='ltr'><strong>ε</strong></span> <span class='ocrx_word' id='word_1_18' title='bbox 1985 586 1997 606; x_wconf 94' lang='grc'><strong>,</strong></span> <span class='ocrx_word' id='word_1_19' title='bbox 2034 544 2074 594; x_wconf 84' lang='grc' dir='ltr'>Α</span> <span class='ocrx_word' id='word_1_20' title='bbox 2107 546 2278 615; x_wconf 87' lang='lat' dir='ltr'><strong>legem</strong></span> <span class='ocrx_word' id='word_1_21' title='bbox 2311 559 2452 614; x_wconf 89' lang='lat' dir='ltr'><strong>aqua</strong></span> <span class='ocrx_word' id='word_1_22' title='bbox 2503 543 2863 597; x_wconf 80' lang='lat' dir='ltr'><strong>inundantur.</strong></span> <span class='ocrx_word' id='word_1_23' title='bbox 2907 543 3011 598; x_wconf 81' lang='lat' dir='ltr'><strong>Res</strong></span> <span class='ocrx_word' id='word_1_24' title='bbox 3044 545 3187 597; x_wconf 88' lang='lat' dir='ltr'><strong>enim</strong></span> <span class='ocrx_word' id='word_1_25' title='bbox 3220 543 3466 598; x_wconf 86' lang='lat' dir='ltr'><strong>visibiles</strong></span> <span class='ocrx_word' id='word_1_26' title='bbox 3497 560 3681 597; x_wconf 87' lang='lat' dir='ltr'><strong>carum</strong></span> 
     </span>
    </p>
   </div>
   <div class='ocr_carea' id='block_1_6' title="bbox 418 637 1999 707">
    <p class='ocr_par' dir='ltr' id='par_1_6' title="bbox 418 637 1999 707">
     <span class='ocr_line' id='line_1_6' title="bbox 418 637 1999 707; baseline -0.001 -20"><span class='ocrx_word' id='word_1_27' title='bbox 418 637 594 689; x_wconf 86' lang='grc' dir='ltr'>καίτοι</span> <span class='ocrx_word' id='word_1_28' title='bbox 635 639 795 698; x_wconf 70' lang='grc' dir='ltr'>ὂντας</span> <span class='ocrx_word' id='word_1_29' title='bbox 842 637 1122 706; x_wconf 86' lang='grc' dir='ltr'>κτίσματα</span> <span class='ocrx_word' id='word_1_30' title='bbox 1152 638 1240 690; x_wconf 77' lang='grc' dir='ltr'><strong>διὰ</strong></span> <span class='ocrx_word' id='word_1_31' title='bbox 1283 638 1377 690; x_wconf 79' lang='grc' dir='ltr'>τοῦ</span> <span class='ocrx_word' id='word_1_32' title='bbox 1413 639 1752 707; x_wconf 83' lang='grc' dir='ltr'>Ιῐνεύματος,</span> <span class='ocrx_word' id='word_1_33' title='bbox 1790 639 1886 690; x_wconf 77' lang='grc' dir='ltr'>καὶ</span> <span class='ocrx_word' id='word_1_34' title='bbox 1919 638 1999 698; x_wconf 83' lang='grc' dir='ltr'><strong>είς</strong></span> 
     </span>
    </p>
   </div>
   <div class='ocr_carea' id='block_1_7' title="bbox 414 727 1409 796">
    <p class='ocr_par' dir='ltr' id='par_1_7' title="bbox 414 727 1409 796">
     <span class='ocr_line' id='line_1_7' title="bbox 414 727 1409 796; baseline 0 -19"><span class='ocrx_word' id='word_1_35' title='bbox 414 727 513 794; x_wconf 77' lang='grc' dir='ltr'>τὴν</span> <span class='ocrx_word' id='word_1_36' title='bbox 542 728 775 796; x_wconf 84' lang='grc' dir='ltr'>ἀρχαίαν</span> <span class='ocrx_word' id='word_1_37' title='bbox 809 727 970 794; x_wconf 84' lang='grc' dir='ltr'>ἀγειν</span> <span class='ocrx_word' id='word_1_38' title='bbox 1006 728 1409 796; x_wconf 77' lang='grc' dir='ltr'><strong>μακαριότητα.</strong></span> 
     </span>
    </p>
   </div>
   <div class='ocr_carea' id='block_1_8' title="bbox 2102 632 3686 701">
    <p class='ocr_par' dir='ltr' id='par_1_8' title="bbox 2102 632 3686 701">
     <span class='ocr_line' id='line_1_8' title="bbox 2102 632 3686 701; baseline 0 -17"><span class='ocrx_word' id='word_1_39' title='bbox 2102 648 2224 701; x_wconf 59' lang='lat' dir='ltr'><strong>qua!</strong></span> <span class='ocrx_word' id='word_1_40' title='bbox 2255 642 2434 686; x_wconf 89' lang='lat' dir='ltr'><strong>mente</strong></span> <span class='ocrx_word' id='word_1_41' title='bbox 2485 633 2865 700; x_wconf 87' lang='lat' dir='ltr'><strong>percipiuntur</strong></span> <span class='ocrx_word' id='word_1_42' title='bbox 2918 633 3071 698; x_wconf 88' lang='lat' dir='ltr'><strong>signa</strong></span> <span class='ocrx_word' id='word_1_43' title='bbox 3130 641 3279 686; x_wconf 90' lang='lat' dir='ltr'><strong>sunt.</strong></span> <span class='ocrx_word' id='word_1_44' title='bbox 3319 632 3686 701; x_wconf 74' lang='lat' dir='ltr'><strong>Regcneratio</strong></span> 
     </span>
    </p>
   </div>
   <div class='ocr_carea' id='block_1_9' title="bbox 2103 722 3678 792">
    <p class='ocr_par' dir='ltr' id='par_1_9' title="bbox 2103 722 3678 792">
     <span class='ocr_line' id='line_1_9' title="bbox 2103 722 3678 792; baseline -0.001 -16"><span class='ocrx_word' id='word_1_45' title='bbox 2103 739 2268 792; x_wconf 87' lang='lat' dir='ltr'><strong>porro</strong></span> <span class='ocrx_word' id='word_1_46' title='bbox 2299 725 2350 776; x_wconf 93' lang='lat' dir='ltr'><strong>iu</strong></span> <span class='ocrx_word' id='word_1_47' title='bbox 2388 725 2574 776; x_wconf 89' lang='lat' dir='ltr'><strong>animo</strong></span> <span class='ocrx_word' id='word_1_48' title='bbox 2609 722 2911 790; x_wconf 84' lang='lat' dir='ltr'><strong>perﬁcitur.</strong></span> <span class='ocrx_word' id='word_1_49' title='bbox 2953 722 3116 776; x_wconf 76' lang='lat' dir='ltr'><strong>Fides</strong></span> <span class='ocrx_word' id='word_1_50' title='bbox 3149 723 3350 791; x_wconf 93' lang='lat' dir='ltr'><strong>quippe</strong></span> <span class='ocrx_word' id='word_1_51' title='bbox 3403 725 3510 774; x_wconf 88' lang='lat' dir='ltr'><strong>vim</strong></span> <span class='ocrx_word' id='word_1_52' title='bbox 3558 739 3678 774; x_wconf 87' lang='lat' dir='ltr'><strong>eam</strong></span> 
     </span>
    </p>
   </div>
   <div class='ocr_carea' id='block_1_10' title="bbox 417 811 3684 889">
    <p class='ocr_par' dir='ltr' id='par_1_10' title="bbox 417 811 3684 889">
     <span class='ocr_line' id='line_1_10' title="bbox 417 811 3684 889; baseline -0.002 -19"><span class='ocrx_word' id='word_1_53' title='bbox 417 818 602 879; x_wconf 88' lang='lat' dir='ltr'><strong>habet,</strong></span> <span class='ocrx_word' id='word_1_54' title='bbox 661 829 720 872; x_wconf 90' lang='lat' dir='ltr'><strong>ut</strong></span> <span class='ocrx_word' id='word_1_55' title='bbox 773 820 1027 889; x_wconf 82' lang='lat' dir='ltr'><strong>quamvis</strong></span> <span class='ocrx_word' id='word_1_56' title='bbox 1079 835 1109 872; x_wconf 85' lang='lat' dir='ltr'><strong>e</strong></span> <span class='ocrx_word' id='word_1_57' title='bbox 1168 820 1333 872; x_wconf 91' lang='lat' dir='ltr'><strong>relms</strong></span> <span class='ocrx_word' id='word_1_58' title='bbox 1393 818 1596 872; x_wconf 78' lang='lat' dir='ltr'><strong>erratis</strong></span> <span class='ocrx_word' id='word_1_59' title='bbox 1655 819 1850 880; x_wconf 91' lang='lat' dir='ltr'><strong>simus,</strong></span> <span class='ocrx_word' id='word_1_60' title='bbox 1910 831 2006 885; x_wconf 76' lang='lat' dir='ltr'><strong>per</strong></span> <span class='ocrx_word' id='word_1_61' title='bbox 2043 813 2308 884; x_wconf 90' lang='lat' dir='ltr'><strong>Spiritum</strong></span> <span class='ocrx_word' id='word_1_62' title='bbox 2339 828 2441 867; x_wconf 91' lang='lat' dir='ltr'><strong>nos</strong></span> <span class='ocrx_word' id='word_1_63' title='bbox 2480 815 2531 865; x_wconf 93' lang='lat' dir='ltr'><strong>in</strong></span> <span class='ocrx_word' id='word_1_64' title='bbox 2568 812 2659 866; x_wconf 86' lang='lat' dir='ltr'><strong>Dei</strong></span> <span class='ocrx_word' id='word_1_65' title='bbox 2702 811 3104 881; x_wconf 87' lang='lat' dir='ltr'><strong>liliosadoptet,</strong></span> <span class='ocrx_word' id='word_1_66' title='bbox 3141 821 3304 881; x_wconf 87' lang='lat' dir='ltr'><strong>atque</strong></span> <span class='ocrx_word' id='word_1_67' title='bbox 3372 814 3437 866; x_wconf 91' lang='lat' dir='ltr'><strong>ad</strong></span> <span class='ocrx_word' id='word_1_68' title='bbox 3500 814 3684 880; x_wconf 75' lang='lat' dir='ltr'><strong>pristi-</strong></span> 
     </span>
    </p>
   </div>
   <div class='ocr_carea' id='block_1_11' title="bbox 419 909 1730 980">
    <p class='ocr_par' dir='ltr' id='par_1_11' title="bbox 419 909 1730 980">
     <span class='ocr_line' id='line_1_11' title="bbox 419 909 1730 980; baseline -0.005 -14"><span class='ocrx_word' id='word_1_69' title='bbox 419 928 542 966; x_wconf 85' lang='lat' dir='ltr'><strong>nam</strong></span> <span class='ocrx_word' id='word_1_70' title='bbox 579 911 896 964; x_wconf 80' lang='lat' dir='ltr'><strong>felicitatem</strong></span> <span class='ocrx_word' id='word_1_71' title='bbox 920 911 1070 963; x_wconf 89' lang='lat' dir='ltr'><strong>velut</strong></span> <span class='ocrx_word' id='word_1_72' title='bbox 1111 909 1456 980; x_wconf 75' lang='lat' dir='ltr'><strong>postliminio</strong></span> <span class='ocrx_word' id='word_1_73' title='bbox 1489 917 1730 962; x_wconf 87' lang='lat' dir='ltr'><strong>revocet.</strong></span> 
     </span>
    </p>
   </div>
   <div class='ocr_carea' id='block_1_12' title="bbox 497 998 2004 1072">
    <p class='ocr_par' dir='ltr' id='par_1_12' title="bbox 497 998 2004 1072">
     <span class='ocr_line' id='line_1_12' title="bbox 497 998 2004 1072; baseline -0.003 -17"><span class='ocrx_word' id='word_1_74' title='bbox 497 1003 560 1055; x_wconf 87' lang='grc' dir='ltr'>Ἠ</span> <span class='ocrx_word' id='word_1_75' title='bbox 597 1003 693 1072; x_wconf 85' lang='grc' dir='ltr'><strong>μὲν</strong></span> <span class='ocrx_word' id='word_1_76' title='bbox 719 998 810 1054; x_wconf 82' lang='grc' dir='ltr'><strong>οὖν</strong></span> <span class='ocrx_word' id='word_1_77' title='bbox 860 1003 970 1054; x_wconf 83' lang='grc' dir='ltr'><strong>τῶν</strong></span> <span class='ocrx_word' id='word_1_78' title='bbox 1017 1002 1306 1071; x_wconf 76' lang='grc' dir='ltr'>ἁμαρτιῶν</span> <span class='ocrx_word' id='word_1_79' title='bbox 1335 1003 1527 1068; x_wconf 75' lang='grc' dir='ltr'>ἄφεσις</span> <span class='ocrx_word' id='word_1_80' title='bbox 1559 1039 1572 1061; x_wconf 95' lang='grc'><strong>,</strong></span> <span class='ocrx_word' id='word_1_81' title='bbox 1603 1002 1767 1053; x_wconf 81' lang='grc' dir='ltr'>πᾶσιν</span> <span class='ocrx_word' id='word_1_82' title='bbox 1802 1001 2004 1067; x_wconf 73' lang='grc' dir='ltr'>ὁμοίως</span> 
     </span>
    </p>
   </div>
   <div class='ocr_carea' id='block_1_13' title="bbox 418 1091 1999 1162">
    <p class='ocr_par' dir='ltr' id='par_1_13' title="bbox 418 1091 1999 1162">
     <span class='ocr_line' id='line_1_13' title="bbox 418 1091 1999 1162; baseline -0.004 -15"><span class='ocrx_word' id='word_1_83' title='bbox 418 1095 503 1147; x_wconf 76' lang='grc' dir='ltr'><strong>διὰ</strong></span> <span class='ocrx_word' id='word_1_84' title='bbox 535 1093 630 1146; x_wconf 81' lang='grc' dir='ltr'>τοῦ</span> <span class='ocrx_word' id='word_1_85' title='bbox 669 1093 1046 1162; x_wconf 79' lang='grc' dir='ltr'>βαπτίσματος</span> <span class='ocrx_word' id='word_1_86' title='bbox 1095 1093 1329 1144; x_wconf 79' lang='grc' dir='ltr'><strong>δίδοται·</strong></span> <span class='ocrx_word' id='word_1_87' title='bbox 1356 1095 1388 1160; x_wconf 76' lang='grc' dir='ltr'>ἡ</span> <span class='ocrx_word' id='word_1_88' title='bbox 1418 1091 1472 1142; x_wconf 79' lang='grc' dir='ltr'><strong>δὲ</strong></span> <span class='ocrx_word' id='word_1_89' title='bbox 1513 1091 1671 1160; x_wconf 71' lang='grc' dir='ltr'>χάρις</span> <span class='ocrx_word' id='word_1_90' title='bbox 1707 1091 1802 1143; x_wconf 75' lang='grc' dir='ltr'>τοῦ</span> <span class='ocrx_word' id='word_1_91' title='bbox 1829 1091 1999 1142; x_wconf 85' lang='grc' dir='ltr'>[Ινεύ-</span> 
     </span>
    </p>
   </div>
   <div class='ocr_carea' id='block_1_14' title="bbox 421 1183 2002 1253">
    <p class='ocr_par' dir='ltr' id='par_1_14' title="bbox 421 1183 2002 1253">
     <span class='ocr_line' id='line_1_14' title="bbox 421 1183 2002 1253; baseline -0.002 -17"><span class='ocrx_word' id='word_1_92' title='bbox 421 1201 589 1253; x_wconf 87' lang='grc' dir='ltr'>ματος</span> <span class='ocrx_word' id='word_1_93' title='bbox 613 1184 752 1235; x_wconf 89' lang='grc' dir='ltr'><strong>κατά</strong></span> <span class='ocrx_word' id='word_1_94' title='bbox 780 1185 877 1250; x_wconf 78' lang='grc' dir='ltr'><strong>τὴν</strong></span> <span class='ocrx_word' id='word_1_95' title='bbox 909 1183 1200 1250; x_wconf 77' lang='grc' dir='ltr'>ἀναλογίαν</span> <span class='ocrx_word' id='word_1_96' title='bbox 1224 1184 1320 1250; x_wconf 79' lang='grc' dir='ltr'>τῆς</span> <span class='ocrx_word' id='word_1_97' title='bbox 1355 1183 1589 1244; x_wconf 84' lang='grc' dir='ltr'>πίστεως</span> <span class='ocrx_word' id='word_1_98' title='bbox 1620 1183 1712 1234; x_wconf 76' lang='grc' dir='ltr'><strong>καὶ</strong></span> <span class='ocrx_word' id='word_1_99' title='bbox 1737 1183 1836 1250; x_wconf 76' lang='grc' dir='ltr'>τῆς</span> <span class='ocrx_word' id='word_1_100' title='bbox 1869 1199 2002 1250; x_wconf 86' lang='grc' dir='ltr'>προ-</span> 
     </span>
    </p>
   </div>
   <div class='ocr_carea' id='block_1_15' title="bbox 419 1269 2001 1343">
    <p class='ocr_par' dir='ltr' id='par_1_15' title="bbox 419 1269 2001 1343">
     <span class='ocr_line' id='line_1_15' title="bbox 419 1269 2001 1343; baseline -0.002 -16"><span class='ocrx_word' id='word_1_101' title='bbox 419 1277 764 1343; x_wconf 87' lang='grc' dir='ltr'>καθάρσεως.</span> <span class='ocrx_word' id='word_1_102' title='bbox 801 1274 914 1326; x_wconf 79' lang='grc' dir='ltr'><strong>Νῦν</strong></span> <span class='ocrx_word' id='word_1_103' title='bbox 957 1274 1056 1342; x_wconf 81' lang='grc' dir='ltr'>μὲν</span> <span class='ocrx_word' id='word_1_104' title='bbox 1089 1269 1184 1324; x_wconf 76' lang='grc' dir='ltr'><strong>οὖν</strong></span> <span class='ocrx_word' id='word_1_105' title='bbox 1231 1273 1319 1324; x_wconf 73' lang='grc' dir='ltr'><strong>διὰ</strong></span> <span class='ocrx_word' id='word_1_106' title='bbox 1349 1272 1444 1323; x_wconf 79' lang='grc' dir='ltr'><strong>τοῦ</strong></span> <span class='ocrx_word' id='word_1_107' title='bbox 1479 1272 1862 1340; x_wconf 76' lang='grc' dir='ltr'><strong>βαπτίσματος</strong></span> <span class='ocrx_word' id='word_1_108' title='bbox 1903 1274 2001 1342; x_wconf 82' lang='grc' dir='ltr'>τὴν</span> 
     </span>
    </p>
   </div>
   <div class='ocr_carea' id='block_1_16' title="bbox 418 1362 2000 1434">
    <p class='ocr_par' dir='ltr' id='par_1_16' title="bbox 418 1362 2000 1434">
     <span class='ocr_line' id='line_1_16' title="bbox 418 1362 2000 1434; baseline -0.001 -17"><span class='ocrx_word' id='word_1_109' title='bbox 418 1365 671 1434; x_wconf 72' lang='grc' dir='ltr'>ἀπαρχὴν</span> <span class='ocrx_word' id='word_1_110' title='bbox 703 1365 795 1416; x_wconf 77' lang='grc' dir='ltr'>τοῦ</span> <span class='ocrx_word' id='word_1_111' title='bbox 818 1367 975 1431; x_wconf 81' lang='grc' dir='ltr'>ἁγίου</span> <span class='ocrx_word' id='word_1_112' title='bbox 1003 1363 1320 1431; x_wconf 66' lang='grc' dir='ltr'>Πνεῦματος</span> <span class='ocrx_word' id='word_1_113' title='bbox 1347 1362 1718 1431; x_wconf 76' lang='grc' dir='ltr'>λαμϐάνομεν,</span> <span class='ocrx_word' id='word_1_114' title='bbox 1736 1363 1829 1415; x_wconf 71' lang='grc' dir='ltr'><strong>καὶ</strong></span> <span class='ocrx_word' id='word_1_115' title='bbox 1857 1363 2000 1432; x_wconf 71' lang='grc' dir='ltr'>ἁρχὴ</span> 
     </span>
    </p>
   </div>
   <div class='ocr_carea' id='block_1_17' title="bbox 397 1444 1992 1526">
    <p class='ocr_par' dir='ltr' id='par_1_17' title="bbox 397 1444 1992 1526">
     <span class='ocr_line' id='line_1_17' title="bbox 397 1444 1992 1526; baseline -0.011 -18"><span class='ocrx_word' id='word_1_116' title='bbox 397 1444 605 1526; x_wconf 72' lang='grc' dir='ltr'>’ἐτέρου</span> <span class='ocrx_word' id='word_1_117' title='bbox 642 1456 754 1523; x_wconf 88' lang='grc' dir='ltr'>βίου</span> <span class='ocrx_word' id='word_1_118' title='bbox 781 1455 992 1523; x_wconf 84' lang='grc' dir='ltr'>γίνεται</span> <span class='ocrx_word' id='word_1_119' title='bbox 1025 1456 1153 1523; x_wconf 77' lang='grc' dir='ltr'>ἡμῖν</span> <span class='ocrx_word' id='word_1_120' title='bbox 1185 1455 1216 1522; x_wconf 82' lang='grc' dir='ltr'>ὴ</span> <span class='ocrx_word' id='word_1_121' title='bbox 1243 1454 1632 1521; x_wconf 72' lang='grc' dir='ltr'>παλιγγενεσία</span> <span class='ocrx_word' id='word_1_122' title='bbox 1658 1493 1672 1518; x_wconf 95' lang='grc'><strong>,</strong></span> <span class='ocrx_word' id='word_1_123' title='bbox 1707 1454 1799 1506; x_wconf 78' lang='grc' dir='ltr'><strong>καὶ</strong></span> <span class='ocrx_word' id='word_1_124' title='bbox 1831 1471 1992 1523; x_wconf 62' lang='grc' dir='ltr'>σ’ςρα.</span> 
     </span>
    </p>
   </div>
   <div class='ocr_carea' id='block_1_18' title="bbox 419 1543 1544 1615">
    <p class='ocr_par' dir='ltr' id='par_1_18' title="bbox 419 1543 1544 1615">
     <span class='ocr_line' id='line_1_18' title="bbox 419 1543 1544 1615; baseline -0.007 -14"><span class='ocrx_word' id='word_1_125' title='bbox 419 1550 526 1613; x_wconf 69' lang='grc' dir='ltr'>γὶς,</span> <span class='ocrx_word' id='word_1_126' title='bbox 560 1547 652 1598; x_wconf 80' lang='grc' dir='ltr'><strong>καὶ</strong></span> <span class='ocrx_word' id='word_1_127' title='bbox 684 1547 1075 1615; x_wconf 75' lang='grc' dir='ltr'>φυλακτήριον,</span> <span class='ocrx_word' id='word_1_128' title='bbox 1108 1545 1202 1596; x_wconf 82' lang='grc' dir='ltr'><strong>καὶ</strong></span> <span class='ocrx_word' id='word_1_129' title='bbox 1238 1543 1544 1613; x_wconf 78' lang='grc' dir='ltr'>φωτισμός.</span> 
     </span>
    </p>
   </div>
   <div class='ocr_carea' id='block_1_19' title="bbox 490 1716 2000 1789">
    <p class='ocr_par' dir='ltr' id='par_1_19' title="bbox 490 1716 2000 1789">
     <span class='ocr_line' id='line_1_19' title="bbox 490 1716 2000 1789; baseline -0.004 -16"><span class='ocrx_word' id='word_1_130' title='bbox 490 1721 610 1789; x_wconf 75' lang='grc' dir='ltr'>Χρὴ</span> <span class='ocrx_word' id='word_1_131' title='bbox 661 1721 716 1772; x_wconf 75' lang='grc' dir='ltr'><strong>δὲ</strong></span> <span class='ocrx_word' id='word_1_132' title='bbox 765 1721 912 1789; x_wconf 79' lang='grc' dir='ltr'>πάσῃ</span> <span class='ocrx_word' id='word_1_133' title='bbox 959 1719 1185 1787; x_wconf 87' lang='grc' dir='ltr'>δυνάμει</span> <span class='ocrx_word' id='word_1_134' title='bbox 1239 1716 1498 1783; x_wconf 72' lang='grc' dir='ltr'>ἀσφαλῶς</span> <span class='ocrx_word' id='word_1_135' title='bbox 1552 1718 1740 1786; x_wconf 84' lang='grc' dir='ltr'>τηρεῖν</span> <span class='ocrx_word' id='word_1_136' title='bbox 1775 1717 2000 1778; x_wconf 74' lang='grc' dir='ltr'>ἑαυτοὺς</span> 
     </span>
    </p>
   </div>
   <div class='ocr_carea' id='block_1_20' title="bbox 419 1807 2003 1880">
    <p class='ocr_par' dir='ltr' id='par_1_20' title="bbox 419 1807 2003 1880">
     <span class='ocr_line' id='line_1_20' title="bbox 419 1807 2003 1880; baseline -0.003 -16"><span class='ocrx_word' id='word_1_137' title='bbox 419 1812 691 1880; x_wconf 72' lang='grc' dir='ltr'>καθαροὺς</span> <span class='ocrx_word' id='word_1_138' title='bbox 720 1811 827 1864; x_wconf 77' lang='grc' dir='ltr'><strong>ἀπὸ</strong></span> <span class='ocrx_word' id='word_1_139' title='bbox 850 1809 1111 1879; x_wconf 76' lang='grc' dir='ltr'>ῥυπαρῶν</span> <span class='ocrx_word' id='word_1_140' title='bbox 1138 1808 1338 1877; x_wconf 78' lang='grc' dir='ltr'>ἔργων,</span> <span class='ocrx_word' id='word_1_141' title='bbox 1375 1809 1462 1859; x_wconf 90' lang='grc' dir='ltr'><strong>ῖνα</strong></span> <span class='ocrx_word' id='word_1_142' title='bbox 1498 1807 1572 1876; x_wconf 81' lang='grc' dir='ltr'><strong>μὴ</strong></span> <span class='ocrx_word' id='word_1_143' title='bbox 1615 1807 1776 1860; x_wconf 88' lang='grc' dir='ltr'>πάλιν</span> <span class='ocrx_word' id='word_1_144' title='bbox 1811 1808 2003 1877; x_wconf 83' lang='grc' dir='ltr'>ὥσπερ</span> 
     </span>
    </p>
   </div>
   <div class='ocr_carea' id='block_1_21' title="bbox 2181 993 3686 1061">
    <p class='ocr_par' dir='ltr' id='par_1_21' title="bbox 2181 993 3686 1061">
     <span class='ocr_line' id='line_1_21' title="bbox 2181 993 3686 1061; baseline -0.001 -15"><span class='ocrx_word' id='word_1_145' title='bbox 2181 994 2442 1060; x_wconf 78' lang='lat' dir='ltr'><strong>Baptismi</strong></span> <span class='ocrx_word' id='word_1_146' title='bbox 2494 995 2670 1061; x_wconf 88' lang='lat' dir='ltr'><strong>gratia</strong></span> <span class='ocrx_word' id='word_1_147' title='bbox 2716 1008 2815 1059; x_wconf 83' lang='lat' dir='ltr'><strong>pro</strong></span> <span class='ocrx_word' id='word_1_148' title='bbox 2873 993 3264 1056; x_wconf 76' lang='lat' dir='ltr'><strong>sitsnpientinm</strong></span> <span class='ocrx_word' id='word_1_149' title='bbox 3301 993 3401 1058; x_wconf 75' lang='lat' dir='ltr'><strong>ﬁde</strong></span> <span class='ocrx_word' id='word_1_150' title='bbox 3450 1002 3498 1042; x_wconf 75' lang='lat' dir='ltr'><strong>et</strong></span> <span class='ocrx_word' id='word_1_151' title='bbox 3534 1010 3686 1046; x_wconf 86' lang='lat' dir='ltr'><strong>umn-</strong></span> 
     </span>
    </p>
   </div>
   <div class='ocr_carea' id='block_1_22' title="bbox 2101 1084 3687 1150">
    <p class='ocr_par' dir='ltr' id='par_1_22' title="bbox 2101 1084 3687 1150">
     <span class='ocr_line' id='line_1_22' title="bbox 2101 1084 3687 1150; baseline 0 -14"><span class='ocrx_word' id='word_1_152' title='bbox 2101 1087 2257 1138; x_wconf 83' lang='lat' dir='ltr'><strong>ditia.</strong></span> <span class='ocrx_word' id='word_1_153' title='bbox 2287 1115 2354 1124; x_wconf 98' lang='lat'><strong>—</strong></span> <span class='ocrx_word' id='word_1_154' title='bbox 2390 1084 2652 1148; x_wconf 77' lang='lat' dir='ltr'><strong>Quamvis</strong></span> <span class='ocrx_word' id='word_1_155' title='bbox 2680 1094 2857 1135; x_wconf 91' lang='lat' dir='ltr'><strong>autem</strong></span> <span class='ocrx_word' id='word_1_156' title='bbox 2905 1091 3254 1150; x_wconf 73' lang='lat' dir='ltr'><strong>peccatorum</strong></span> <span class='ocrx_word' id='word_1_157' title='bbox 3294 1085 3545 1138; x_wconf 84' lang='lat' dir='ltr'><strong>remissio</strong></span> <span class='ocrx_word' id='word_1_158' title='bbox 3571 1104 3687 1137; x_wconf 77' lang='grc' dir='ltr'>ιιιιι-</span> 
     </span>
    </p>
   </div>
   <div class='ocr_carea' id='block_1_23' title="bbox 2103 1171 3684 1242">
    <p class='ocr_par' dir='ltr' id='par_1_23' title="bbox 2103 1171 3684 1242">
     <span class='ocr_line' id='line_1_23' title="bbox 2103 1171 3684 1242; baseline 0.001 -16"><span class='ocrx_word' id='word_1_159' title='bbox 2103 1176 2264 1226; x_wconf 87' lang='lat' dir='ltr'><strong>nilms</strong></span> <span class='ocrx_word' id='word_1_160' title='bbox 2295 1189 2390 1240; x_wconf 91' lang='lat' dir='ltr'><strong>per</strong></span> <span class='ocrx_word' id='word_1_161' title='bbox 2421 1189 2577 1242; x_wconf 78' lang='lat' dir='ltr'><strong>aqua:</strong></span> <span class='ocrx_word' id='word_1_162' title='bbox 2610 1173 2940 1240; x_wconf 81' lang='lat' dir='ltr'><strong>baptismum</strong></span> <span class='ocrx_word' id='word_1_163' title='bbox 2990 1173 3148 1225; x_wconf 85' lang='lat' dir='ltr'><strong>detur</strong></span> <span class='ocrx_word' id='word_1_164' title='bbox 3177 1192 3187 1225; x_wconf 95' lang='lat'>:</span> <span class='ocrx_word' id='word_1_165' title='bbox 3223 1171 3462 1240; x_wconf 82' lang='lat' dir='ltr'><strong>Spiritus</strong></span> <span class='ocrx_word' id='word_1_166' title='bbox 3502 1183 3684 1227; x_wconf 81' lang='lat' dir='ltr'><strong>tatnctt</strong></span> 
     </span>
    </p>
   </div>
   <div class='ocr_carea' id='block_1_24' title="bbox 2101 1261 3685 1330">
    <p class='ocr_par' dir='ltr' id='par_1_24' title="bbox 2101 1261 3685 1330">
     <span class='ocr_line' id='line_1_24' title="bbox 2101 1261 3685 1330; baseline 0 -16"><span class='ocrx_word' id='word_1_167' title='bbox 2101 1264 2274 1330; x_wconf 84' lang='lat' dir='ltr'><strong>gratia</strong></span> <span class='ocrx_word' id='word_1_168' title='bbox 2306 1278 2403 1330; x_wconf 91' lang='lat' dir='ltr'><strong>pro</strong></span> <span class='ocrx_word' id='word_1_169' title='bbox 2436 1263 2555 1314; x_wconf 90' lang='lat' dir='ltr'><strong>lidei</strong></span> <span class='ocrx_word' id='word_1_170' title='bbox 2589 1276 2651 1313; x_wconf 88' lang='lat' dir='ltr'><strong>ac</strong></span> <span class='ocrx_word' id='word_1_171' title='bbox 2683 1261 2893 1328; x_wconf 70' lang='lat' dir='ltr'><strong>przevia:</strong></span> <span class='ocrx_word' id='word_1_172' title='bbox 2922 1261 3264 1330; x_wconf 80' lang='lat' dir='ltr'><strong>purgationis</strong></span> <span class='ocrx_word' id='word_1_173' title='bbox 3294 1262 3457 1313; x_wconf 91' lang='lat' dir='ltr'><strong>modo</strong></span> <span class='ocrx_word' id='word_1_174' title='bbox 3487 1277 3685 1314; x_wconf 88' lang='lat' dir='ltr'><strong>concc-</strong></span> 
     </span>
    </p>
   </div>
   <div class='ocr_carea' id='block_1_25' title="bbox 2102 1352 3687 1422">
    <p class='ocr_par' dir='ltr' id='par_1_25' title="bbox 2102 1352 3687 1422">
     <span class='ocr_line' id='line_1_25' title="bbox 2102 1352 3687 1422; baseline 0.001 -16"><span class='ocrx_word' id='word_1_175' title='bbox 2102 1355 2270 1406; x_wconf 87' lang='lat' dir='ltr'><strong>ditur.</strong></span> <span class='ocrx_word' id='word_1_176' title='bbox 2311 1353 2374 1404; x_wconf 74' lang='lat' dir='ltr'><strong>l£t</strong></span> <span class='ocrx_word' id='word_1_177' title='bbox 2403 1368 2545 1405; x_wconf 91' lang='lat' dir='ltr'><strong>nunc</strong></span> <span class='ocrx_word' id='word_1_178' title='bbox 2577 1353 2800 1421; x_wconf 88' lang='lat' dir='ltr'><strong>quidem</strong></span> <span class='ocrx_word' id='word_1_179' title='bbox 2825 1352 3068 1420; x_wconf 82' lang='lat' dir='ltr'><strong>Spiritus</strong></span> <span class='ocrx_word' id='word_1_180' title='bbox 3096 1354 3269 1406; x_wconf 88' lang='lat' dir='ltr'><strong>sancti</strong></span> <span class='ocrx_word' id='word_1_181' title='bbox 3297 1355 3567 1420; x_wconf 81' lang='lat' dir='ltr'><strong>primitias</strong></span> <span class='ocrx_word' id='word_1_182' title='bbox 3593 1371 3687 1422; x_wconf 80' lang='lat' dir='ltr'><strong>per</strong></span> 
     </span>
    </p>
   </div>
   <div class='ocr_carea' id='block_1_26' title="bbox 2104 1441 3681 1508">
    <p class='ocr_par' dir='ltr' id='par_1_26' title="bbox 2104 1441 3681 1508">
     <span class='ocr_line' id='line_1_26' title="bbox 2104 1441 3681 1508; baseline 0.002 -13"><span class='ocrx_word' id='word_1_183' title='bbox 2104 1443 2436 1508; x_wconf 87' lang='lat' dir='ltr'><strong>baptismum</strong></span> <span class='ocrx_word' id='word_1_184' title='bbox 2468 1441 2786 1508; x_wconf 85' lang='lat' dir='ltr'><strong>accipimus,</strong></span> <span class='ocrx_word' id='word_1_185' title='bbox 2816 1450 2870 1493; x_wconf 91' lang='lat' dir='ltr'><strong>ct</strong></span> <span class='ocrx_word' id='word_1_186' title='bbox 2902 1442 3243 1507; x_wconf 83' lang='lat' dir='ltr'><strong>regeneratio</strong></span> <span class='ocrx_word' id='word_1_187' title='bbox 3267 1481 3278 1502; x_wconf 90' lang='lat'><strong>,</strong></span> <span class='ocrx_word' id='word_1_188' title='bbox 3324 1443 3551 1498; x_wconf 85' lang='lat' dir='ltr'><strong>alterius</strong></span> <span class='ocrx_word' id='word_1_189' title='bbox 3583 1460 3681 1498; x_wconf 86' lang='lat' dir='ltr'><strong>no—</strong></span> 
     </span>
    </p>
   </div>
   <div class='ocr_carea' id='block_1_27' title="bbox 2102 1530 3686 1600">
    <p class='ocr_par' dir='ltr' id='par_1_27' title="bbox 2102 1530 3686 1600">
     <span class='ocr_line' id='line_1_27' title="bbox 2102 1530 3686 1600; baseline 0.002 -16"><span class='ocrx_word' id='word_1_190' title='bbox 2102 1532 2186 1584; x_wconf 91' lang='lat' dir='ltr'><strong>bis</strong></span> <span class='ocrx_word' id='word_1_191' title='bbox 2219 1533 2340 1583; x_wconf 66' lang='lat' dir='ltr'><strong>vitae</strong></span> <span class='ocrx_word' id='word_1_192' title='bbox 2370 1530 2609 1594; x_wconf 89' lang='lat' dir='ltr'><strong>initium,</strong></span> <span class='ocrx_word' id='word_1_193' title='bbox 2635 1538 2689 1583; x_wconf 89' lang='lat' dir='ltr'><strong>et</strong></span> <span class='ocrx_word' id='word_1_194' title='bbox 2717 1530 3084 1600; x_wconf 82' lang='lat' dir='ltr'><strong>signaculum,</strong></span> <span class='ocrx_word' id='word_1_195' title='bbox 3118 1541 3169 1584; x_wconf 91' lang='lat' dir='ltr'><strong>et</strong></span> <span class='ocrx_word' id='word_1_196' title='bbox 3220 1533 3566 1600; x_wconf 72' lang='lat' dir='ltr'><strong>praesidium,</strong></span> <span class='ocrx_word' id='word_1_197' title='bbox 3631 1543 3686 1588; x_wconf 85' lang='lat' dir='ltr'><strong>ct</strong></span> 
     </span>
    </p>
   </div>
   <div class='ocr_carea' id='block_1_28' title="bbox 2104 1621 2716 1675">
    <p class='ocr_par' dir='ltr' id='par_1_28' title="bbox 2104 1621 2716 1675">
     <span class='ocr_line' id='line_1_28' title="bbox 2104 1621 2716 1675; baseline 0 -2"><span class='ocrx_word' id='word_1_198' title='bbox 2104 1621 2434 1674; x_wconf 78' lang='lat' dir='ltr'><strong>illumiuatio</strong></span> <span class='ocrx_word' id='word_1_199' title='bbox 2462 1621 2716 1675; x_wconf 72' lang='lat' dir='ltr'><strong>cﬂicilur.</strong></span> 
     </span>
    </p>
   </div>
   <div class='ocr_carea' id='block_1_29' title="bbox 2169 1710 3680 1777">
    <p class='ocr_par' dir='ltr' id='par_1_29' title="bbox 2169 1710 3680 1777">
     <span class='ocr_line' id='line_1_29' title="bbox 2169 1710 3680 1777; baseline 0.005 -14"><span class='ocrx_word' id='word_1_200' title='bbox 2169 1710 2440 1765; x_wconf 64' lang='lat' dir='ltr'><strong>Caeterum</strong></span> <span class='ocrx_word' id='word_1_201' title='bbox 2477 1712 2527 1762; x_wconf 92' lang='lat' dir='ltr'><strong>in</strong></span> <span class='ocrx_word' id='word_1_202' title='bbox 2563 1711 2614 1763; x_wconf 92' lang='lat' dir='ltr'><strong>id</strong></span> <span class='ocrx_word' id='word_1_203' title='bbox 2650 1711 2808 1765; x_wconf 87' lang='lat' dir='ltr'><strong>nobis</strong></span> <span class='ocrx_word' id='word_1_204' title='bbox 2833 1711 2962 1764; x_wconf 90' lang='lat' dir='ltr'><strong>totis</strong></span> <span class='ocrx_word' id='word_1_205' title='bbox 2997 1712 3205 1768; x_wconf 89' lang='lat' dir='ltr'><strong>viribus</strong></span> <span class='ocrx_word' id='word_1_206' title='bbox 3237 1723 3319 1769; x_wconf 82' lang='lat' dir='ltr'><strong>est</strong></span> <span class='ocrx_word' id='word_1_207' title='bbox 3341 1716 3680 1777; x_wconf 85' lang='lat' dir='ltr'><strong>enitendum.</strong></span> 
     </span>
    </p>
   </div>
   <div class='ocr_carea' id='block_1_30' title="bbox 2102 1802 3681 1876">
    <p class='ocr_par' dir='ltr' id='par_1_30' title="bbox 2102 1802 3681 1876">
     <span class='ocr_line' id='line_1_30' title="bbox 2102 1802 3681 1876; baseline 0.003 -19"><span class='ocrx_word' id='word_1_208' title='bbox 2102 1818 2172 1857; x_wconf 90' lang='lat' dir='ltr'><strong>ne</strong></span> <span class='ocrx_word' id='word_1_209' title='bbox 2202 1804 2358 1857; x_wconf 90' lang='lat' dir='ltr'><strong>canis</strong></span> <span class='ocrx_word' id='word_1_210' title='bbox 2405 1804 2577 1856; x_wconf 91' lang='lat' dir='ltr'><strong>instar</strong></span> <span class='ocrx_word' id='word_1_211' title='bbox 2614 1802 2681 1855; x_wconf 89' lang='lat' dir='ltr'><strong>ad</strong></span> <span class='ocrx_word' id='word_1_212' title='bbox 2719 1803 2983 1856; x_wconf 87' lang='lat' dir='ltr'><strong>vomitum</strong></span> <span class='ocrx_word' id='word_1_213' title='bbox 3033 1804 3331 1858; x_wconf 82' lang='lat' dir='ltr'><strong>redeuntes</strong></span> <span class='ocrx_word' id='word_1_214' title='bbox 3399 1808 3436 1871; x_wconf 81' lang='grc'>³,</span> <span class='ocrx_word' id='word_1_215' title='bbox 3476 1812 3681 1876; x_wconf 87' lang='lat' dir='ltr'><strong>peccati</strong></span> 
     </span>
    </p>
   </div>
   <div class='ocr_carea' id='block_1_31' title="bbox 420 1893 2165 1968">
    <p class='ocr_par' dir='ltr' id='par_1_31' title="bbox 420 1893 2165 1968">
     <span class='ocr_line' id='line_1_31' title="bbox 420 1893 2165 1968; baseline -0.004 -14"><span class='ocrx_word' id='word_1_216' title='bbox 420 1902 566 1954; x_wconf 89' lang='grc' dir='ltr'>κύων</span> <span class='ocrx_word' id='word_1_217' title='bbox 599 1903 690 1954; x_wconf 73' lang='grc' dir='ltr'>ἐπὶ</span> <span class='ocrx_word' id='word_1_218' title='bbox 736 1901 826 1953; x_wconf 69' lang='grc' dir='ltr'><strong>τον</strong></span> <span class='ocrx_word' id='word_1_219' title='bbox 862 1901 994 1953; x_wconf 78' lang='grc' dir='ltr'>ἴδιον</span> <span class='ocrx_word' id='word_1_220' title='bbox 1044 1899 1237 1968; x_wconf 79' lang='grc' dir='ltr'>ἔμετον</span> <span class='ocrx_word' id='word_1_221' title='bbox 1276 1898 1729 1968; x_wconf 74' lang='grc' dir='ltr'>ἐπιστρέψαντες,</span> <span class='ocrx_word' id='word_1_222' title='bbox 1781 1898 2002 1962; x_wconf 80' lang='grc' dir='ltr'><strong>δούλους</strong></span> <span class='ocrx_word' id='word_1_223' title='bbox 2033 1893 2074 1947; x_wconf 87' lang='grc' dir='ltr'>Β</span> <span class='ocrx_word' id='word_1_224' title='bbox 2104 1909 2165 1948; x_wconf 78' lang='lat' dir='ltr'><strong>ne</strong></span> 
     </span>
    </p>
   </div>
   <div class='ocr_carea' id='block_1_32' title="bbox 1936 1893 3681 1968">
    <p class='ocr_par' dir='ltr' id='par_1_32' title="bbox 1936 1893 3681 1964">
     <span class='ocr_line' id='line_1_32' title="bbox 1936 1893 3681 1964; baseline 0.007 -22"><span class='ocrx_word' id='word_1_225' title='bbox 1936 1917 2002 1962; x_wconf 78' lang='grc' dir='ltr'>,υς</span> <span class='ocrx_word' id='word_1_226' title='bbox 2033 1893 2074 1947; x_wconf 89' lang='grc' dir='ltr'>Β</span> <span class='ocrx_word' id='word_1_227' title='bbox 2104 1895 2468 1963; x_wconf 87' lang='lat' dir='ltr'><strong>nosmetipsos</strong></span> <span class='ocrx_word' id='word_1_228' title='bbox 2528 1893 2712 1948; x_wconf 90' lang='lat' dir='ltr'><strong>denuo</strong></span> <span class='ocrx_word' id='word_1_229' title='bbox 2766 1894 3022 1948; x_wconf 82' lang='lat' dir='ltr'><strong>servituti</strong></span> <span class='ocrx_word' id='word_1_230' title='bbox 3081 1899 3475 1964; x_wconf 79' lang='lat' dir='ltr'><strong>mancipcmus.</strong></span> <span class='ocrx_word' id='word_1_231' title='bbox 3519 1900 3681 1955; x_wconf 82' lang='lat' dir='ltr'><strong>Fides</strong></span> 
     </span>
    </p>
   </div>
   <div class='ocr_carea' id='block_1_33' title="bbox 422 1988 2004 2059">
    <p class='ocr_par' dir='ltr' id='par_1_33' title="bbox 422 1988 2004 2059">
     <span class='ocr_line' id='line_1_33' title="bbox 422 1988 2004 2059; baseline -0.003 -15"><span class='ocrx_word' id='word_1_232' title='bbox 422 1994 584 2046; x_wconf 85' lang='grc' dir='ltr'>πάλιν</span> <span class='ocrx_word' id='word_1_233' title='bbox 617 1993 843 2052; x_wconf 65' lang='grc' dir='ltr'>ἑαυτοὺς</span> <span class='ocrx_word' id='word_1_234' title='bbox 873 1991 972 2058; x_wconf 81' lang='grc' dir='ltr'><strong>τῆς</strong></span> <span class='ocrx_word' id='word_1_235' title='bbox 1005 1989 1280 2058; x_wconf 87' lang='grc' dir='ltr'>ἁμαρτίας</span> <span class='ocrx_word' id='word_1_236' title='bbox 1316 1989 1652 2057; x_wconf 79' lang='grc' dir='ltr'>ποιήσωμεν.</span> <span class='ocrx_word' id='word_1_237' title='bbox 1685 1989 1874 2052; x_wconf 85' lang='grc' dir='ltr'>Πίστις</span> <span class='ocrx_word' id='word_1_238' title='bbox 1897 1988 2004 2059; x_wconf 80' lang='grc' dir='ltr'>γὰρ</span> 
     </span>
    </p>
   </div>
   <div class='ocr_carea' id='block_1_34' title="bbox 421 2075 2004 2148">
    <p class='ocr_par' dir='ltr' id='par_1_34' title="bbox 421 2075 2004 2148">
     <span class='ocr_line' id='line_1_34' title="bbox 421 2075 2004 2148; baseline 0 -19"><span class='ocrx_word' id='word_1_239' title='bbox 421 2079 588 2148; x_wconf 77' lang='grc' dir='ltr'>χωρὶς</span> <span class='ocrx_word' id='word_1_240' title='bbox 619 2079 796 2148; x_wconf 72' lang='grc' dir='ltr'>ἔργων</span> <span class='ocrx_word' id='word_1_241' title='bbox 845 2077 1016 2146; x_wconf 83' lang='grc' dir='ltr'>νεκρά</span> <span class='ocrx_word' id='word_1_242' title='bbox 1059 2077 1208 2127; x_wconf 79' lang='grc' dir='ltr'>ἐστιν</span> <span class='ocrx_word' id='word_1_243' title='bbox 1233 2116 1245 2136; x_wconf 97' lang='grc'><strong>,</strong></span> <span class='ocrx_word' id='word_1_244' title='bbox 1274 2075 1476 2144; x_wconf 73' lang='grc' dir='ltr'>ὁμοίως</span> <span class='ocrx_word' id='word_1_245' title='bbox 1510 2076 1606 2126; x_wconf 70' lang='grc' dir='ltr'><strong>καὶ</strong></span> <span class='ocrx_word' id='word_1_246' title='bbox 1662 2076 1798 2144; x_wconf 84' lang='grc' dir='ltr'>ἔργα</span> <span class='ocrx_word' id='word_1_247' title='bbox 1833 2079 2004 2146; x_wconf 78' lang='grc' dir='ltr'>χωρὶς</span> 
     </span>
    </p>
   </div>
   <div class='ocr_carea' id='block_1_35' title="bbox 422 2166 2001 2237">
    <p class='ocr_par' dir='ltr' id='par_1_35' title="bbox 422 2166 2001 2237">
     <span class='ocr_line' id='line_1_35' title="bbox 422 2166 2001 2237; baseline -0.001 -14"><span class='ocrx_word' id='word_1_248' title='bbox 422 2172 678 2232; x_wconf 81' lang='grc' dir='ltr'>πίστεως.</span> <span class='ocrx_word' id='word_1_249' title='bbox 711 2170 772 2222; x_wconf 77' lang='grc'><strong>’11</strong></span> <span class='ocrx_word' id='word_1_250' title='bbox 803 2169 912 2237; x_wconf 72' lang='grc' dir='ltr'><strong>γάρ</strong></span> <span class='ocrx_word' id='word_1_251' title='bbox 943 2166 1149 2237; x_wconf 77' lang='grc' dir='ltr'>ἀληθὴς</span> <span class='ocrx_word' id='word_1_252' title='bbox 1182 2167 1366 2229; x_wconf 87' lang='grc' dir='ltr'>πίστις</span> <span class='ocrx_word' id='word_1_253' title='bbox 1397 2167 1485 2218; x_wconf 73' lang='grc' dir='ltr'>διὰ</span> <span class='ocrx_word' id='word_1_254' title='bbox 1515 2168 1622 2217; x_wconf 83' lang='grc' dir='ltr'>τῶν</span> <span class='ocrx_word' id='word_1_255' title='bbox 1652 2166 1832 2235; x_wconf 83' lang='grc' dir='ltr'>ἔργων</span> <span class='ocrx_word' id='word_1_256' title='bbox 1853 2168 2001 2221; x_wconf 87' lang='grc' dir='ltr'>δοκι-</span> 
     </span>
    </p>
   </div>
   <div class='ocr_carea' id='block_1_36' title="bbox 424 2263 677 2333">
    <p class='ocr_par' dir='ltr' id='par_1_36' title="bbox 424 2263 677 2333">
     <span class='ocr_line' id='line_1_36' title="bbox 424 2263 677 2333; baseline -0.004 -17"><span class='ocrx_word' id='word_1_257' title='bbox 424 2263 677 2333; x_wconf 79' lang='grc' dir='ltr'>μάζεται.</span> 
     </span>
    </p>
   </div>
   <div class='ocr_carea' id='block_1_37' title="bbox 493 2348 1998 2422">
    <p class='ocr_par' dir='ltr' id='par_1_37' title="bbox 493 2348 1998 2422">
     <span class='ocr_line' id='line_1_37' title="bbox 493 2348 1998 2422; baseline -0.002 -17"><span class='ocrx_word' id='word_1_258' title='bbox 493 2353 876 2422; x_wconf 78' lang='grc' dir='ltr'>Βαπτιζόμεθα</span> <span class='ocrx_word' id='word_1_259' title='bbox 905 2351 961 2403; x_wconf 77' lang='grc' dir='ltr'><strong>δὲ</strong></span> <span class='ocrx_word' id='word_1_260' title='bbox 1016 2351 1092 2411; x_wconf 81' lang='grc' dir='ltr'><strong>είς</strong></span> <span class='ocrx_word' id='word_1_261' title='bbox 1131 2349 1231 2418; x_wconf 84' lang='grc' dir='ltr'><strong>τὴν</strong></span> <span class='ocrx_word' id='word_1_262' title='bbox 1263 2348 1424 2416; x_wconf 81' lang='grc' dir='ltr'>ἁγίαν</span> <span class='ocrx_word' id='word_1_263' title='bbox 1457 2348 1662 2415; x_wconf 86' lang='grc' dir='ltr'>Τριάδα</span> <span class='ocrx_word' id='word_1_264' title='bbox 1689 2391 1702 2413; x_wconf 97' lang='grc'><strong>,</strong></span> <span class='ocrx_word' id='word_1_265' title='bbox 1737 2350 1820 2402; x_wconf 80' lang='grc' dir='ltr'>ὅτι</span> <span class='ocrx_word' id='word_1_266' title='bbox 1859 2350 1998 2402; x_wconf 67' lang='grc' dir='ltr'>αὐτὰ</span> 
     </span>
    </p>
   </div>
   <div class='ocr_carea' id='block_1_38' title="bbox 422 2436 1998 2509">
    <p class='ocr_par' dir='ltr' id='par_1_38' title="bbox 422 2436 1998 2509">
     <span class='ocr_line' id='line_1_38' title="bbox 422 2436 1998 2509; baseline -0.003 -16"><span class='ocrx_word' id='word_1_267' title='bbox 422 2443 492 2493; x_wconf 71' lang='grc' dir='ltr'>τὰ</span> <span class='ocrx_word' id='word_1_268' title='bbox 527 2439 900 2509; x_wconf 77' lang='grc' dir='ltr'>βαπτιζόμενα</span> <span class='ocrx_word' id='word_1_269' title='bbox 949 2436 1140 2508; x_wconf 79' lang='grc' dir='ltr'>χρῄζει</span> <span class='ocrx_word' id='word_1_270' title='bbox 1187 2438 1282 2507; x_wconf 81' lang='grc' dir='ltr'>τῆς</span> <span class='ocrx_word' id='word_1_271' title='bbox 1328 2438 1490 2505; x_wconf 81' lang='grc' dir='ltr'>ἁγίας</span> <span class='ocrx_word' id='word_1_272' title='bbox 1538 2439 1766 2508; x_wconf 83' lang='grc' dir='ltr'>Τριάδος</span> <span class='ocrx_word' id='word_1_273' title='bbox 1795 2442 1873 2502; x_wconf 84' lang='grc' dir='ltr'><strong>είς</strong></span> <span class='ocrx_word' id='word_1_274' title='bbox 1898 2439 1998 2508; x_wconf 86' lang='grc' dir='ltr'>τὴν</span> 
     </span>
    </p>
   </div>
   <div class='ocr_carea' id='block_1_39' title="bbox 421 2529 2003 2600">
    <p class='ocr_par' dir='ltr' id='par_1_39' title="bbox 421 2529 2003 2600">
     <span class='ocr_line' id='line_1_39' title="bbox 421 2529 2003 2600; baseline -0.002 -15"><span class='ocrx_word' id='word_1_275' title='bbox 421 2534 602 2585; x_wconf 69' lang='grc' dir='ltr'>αὐτῶν</span> <span class='ocrx_word' id='word_1_276' title='bbox 654 2531 916 2585; x_wconf 84' lang='grc' dir='ltr'>σύστασίν</span> <span class='ocrx_word' id='word_1_277' title='bbox 942 2547 999 2582; x_wconf 88' lang='grc' dir='ltr'><strong>τε</strong></span> <span class='ocrx_word' id='word_1_278' title='bbox 1053 2529 1150 2582; x_wconf 73' lang='grc' dir='ltr'><strong>καὶ</strong></span> <span class='ocrx_word' id='word_1_279' title='bbox 1181 2529 1445 2599; x_wconf 67' lang='grc' dir='ltr'>διαμονὴν</span> <span class='ocrx_word' id='word_1_280' title='bbox 1469 2570 1482 2593; x_wconf 97' lang='grc'><strong>,</strong></span> <span class='ocrx_word' id='word_1_281' title='bbox 1509 2530 1603 2581; x_wconf 76' lang='grc' dir='ltr'><strong>καὶ</strong></span> <span class='ocrx_word' id='word_1_282' title='bbox 1639 2529 1901 2582; x_wconf 81' lang='grc' dir='ltr'>ἀδύνατον</span> <span class='ocrx_word' id='word_1_283' title='bbox 1929 2530 2003 2600; x_wconf 80' lang='grc' dir='ltr'>μὴ</span> 
     </span>
    </p>
   </div>
   <div class='ocr_carea' id='block_1_40' title="bbox 422 2615 2004 2693">
    <p class='ocr_par' dir='ltr' id='par_1_40' title="bbox 422 2615 2004 2693">
     <span class='ocr_line' id='line_1_40' title="bbox 422 2615 2004 2693; baseline 0.007 -29"><span class='ocrx_word' id='word_1_284' title='bbox 422 2617 789 2685; x_wconf 83' lang='grc' dir='ltr'>συμπαρεῖναι</span> <span class='ocrx_word' id='word_1_285' title='bbox 821 2615 1081 2684; x_wconf 79' lang='grc' dir='ltr'>ἀλλήλαις</span> <span class='ocrx_word' id='word_1_286' title='bbox 1127 2618 1226 2680; x_wconf 72' lang='grc' dir='ltr'>τὰς</span> <span class='ocrx_word' id='word_1_287' title='bbox 1273 2623 1420 2688; x_wconf 79' lang='grc' dir='ltr'>τρεῖς</span> <span class='ocrx_word' id='word_1_288' title='bbox 1465 2619 1829 2683; x_wconf 77' lang='grc' dir='ltr'>ὑποστάσεις·</span> <span class='ocrx_word' id='word_1_289' title='bbox 1865 2624 2004 2693; x_wconf 81' lang='grc' dir='ltr'>ἀχώ-</span> 
     </span>
    </p>
   </div>
   <div class='ocr_carea' id='block_1_41' title="bbox 435 2705 1203 2777">
    <p class='ocr_par' dir='ltr' id='par_1_41' title="bbox 435 2705 1203 2777">
     <span class='ocr_line' id='line_1_41' title="bbox 435 2705 1203 2777; baseline 0.008 -20"><span class='ocrx_word' id='word_1_290' title='bbox 435 2722 614 2776; x_wconf 92' lang='grc' dir='ltr'>ριστος</span> <span class='ocrx_word' id='word_1_291' title='bbox 645 2705 754 2775; x_wconf 76' lang='grc' dir='ltr'><strong>γὰρ</strong></span> <span class='ocrx_word' id='word_1_292' title='bbox 787 2708 818 2775; x_wconf 85' lang='grc' dir='ltr'><strong>ή</strong></span> <span class='ocrx_word' id='word_1_293' title='bbox 850 2706 982 2774; x_wconf 85' lang='grc' dir='ltr'>ἁγία</span> <span class='ocrx_word' id='word_1_294' title='bbox 1018 2708 1203 2777; x_wconf 85' lang='grc' dir='ltr'>Τριάς.</span> 
     </span>
    </p>
   </div>
   <div class='ocr_carea' id='block_1_42' title="bbox 502 2885 2010 2962">
    <p class='ocr_par' dir='ltr' id='par_1_42' title="bbox 502 2885 2010 2962">
     <span class='ocr_line' id='line_1_42' title="bbox 502 2885 2010 2962; baseline 0.004 -24"><span class='ocrx_word' id='word_1_295' title='bbox 502 2885 725 2955; x_wconf 81' lang='grc' dir='ltr'>Πρῶτον</span> <span class='ocrx_word' id='word_1_296' title='bbox 755 2887 1062 2958; x_wconf 76' lang='grc' dir='ltr'>βάπτισμα,</span> <span class='ocrx_word' id='word_1_297' title='bbox 1095 2889 1188 2942; x_wconf 71' lang='grc' dir='ltr'>τοῦ</span> <span class='ocrx_word' id='word_1_298' title='bbox 1220 2891 1631 2959; x_wconf 71' lang='grc' dir='ltr'>κατακλυσμοῦ,</span> <span class='ocrx_word' id='word_1_299' title='bbox 1661 2893 1734 2953; x_wconf 87' lang='grc' dir='ltr'><strong>είς</strong></span> <span class='ocrx_word' id='word_1_300' title='bbox 1770 2892 2010 2962; x_wconf 72' lang='grc' dir='ltr'>ἐκκοπὴν</span> 
     </span>
    </p>
   </div>
   <div class='ocr_carea' id='block_1_43' title="bbox 436 2976 2010 3052">
    <p class='ocr_par' dir='ltr' id='par_1_43' title="bbox 436 2976 2010 3052">
     <span class='ocr_line' id='line_1_43' title="bbox 436 2976 2010 3052; baseline 0.005 -24"><span class='ocrx_word' id='word_1_301' title='bbox 436 2976 732 3045; x_wconf 86' lang='grc' dir='ltr'>ἁμαρτίας.</span> <span class='ocrx_word' id='word_1_302' title='bbox 757 2977 1049 3048; x_wconf 84' lang='grc' dir='ltr'>Δεύτερον,</span> <span class='ocrx_word' id='word_1_303' title='bbox 1090 2979 1152 3031; x_wconf 81' lang='grc' dir='ltr'><strong>τὸ</strong></span> <span class='ocrx_word' id='word_1_304' title='bbox 1205 2981 1295 3032; x_wconf 74' lang='grc' dir='ltr'>διὰ</span> <span class='ocrx_word' id='word_1_305' title='bbox 1337 2982 1434 3050; x_wconf 79' lang='grc' dir='ltr'>τῆς</span> <span class='ocrx_word' id='word_1_306' title='bbox 1468 2981 1747 3052; x_wconf 78' lang='grc' dir='ltr'>θαλάσσης</span> <span class='ocrx_word' id='word_1_307' title='bbox 1795 2982 1888 3034; x_wconf 80' lang='grc' dir='ltr'>καὶ</span> <span class='ocrx_word' id='word_1_308' title='bbox 1914 2982 2010 3052; x_wconf 81' lang='grc' dir='ltr'>τῆς</span> 
     </span>
    </p>
   </div>
   <div class='ocr_carea' id='block_1_44' title="bbox 437 3068 2011 3142">
    <p class='ocr_par' dir='ltr' id='par_1_44' title="bbox 437 3068 2011 3142">
     <span class='ocr_line' id='line_1_44' title="bbox 437 3068 2011 3142; baseline 0.003 -23"><span class='ocrx_word' id='word_1_309' title='bbox 437 3068 671 3138; x_wconf 78' lang='grc' dir='ltr'>νεφέλης</span> <span class='ocrx_word' id='word_1_310' title='bbox 696 3086 710 3098; x_wconf 88' lang='grc'>·</span> <span class='ocrx_word' id='word_1_311' title='bbox 746 3069 1016 3139; x_wconf 75' lang='grc' dir='ltr'>σύμϐολον</span> <span class='ocrx_word' id='word_1_312' title='bbox 1056 3071 1186 3142; x_wconf 83' lang='grc' dir='ltr'>γάρ,</span> <span class='ocrx_word' id='word_1_313' title='bbox 1214 3073 1247 3142; x_wconf 82' lang='grc' dir='ltr'>ή</span> <span class='ocrx_word' id='word_1_314' title='bbox 1283 3074 1383 3142; x_wconf 81' lang='grc' dir='ltr'><strong>μὲν</strong></span> <span class='ocrx_word' id='word_1_315' title='bbox 1410 3074 1606 3142; x_wconf 76' lang='grc' dir='ltr'>νεφέλη</span> <span class='ocrx_word' id='word_1_316' title='bbox 1633 3075 1726 3124; x_wconf 82' lang='grc' dir='ltr'><strong>τοῦ</strong></span> <span class='ocrx_word' id='word_1_317' title='bbox 1759 3073 2011 3142; x_wconf 79' lang='grc' dir='ltr'>Πνεύμα-</span> 
     </span>
    </p>
   </div>
   <div class='ocr_carea' id='block_1_45' title="bbox 436 3161 2009 3235">
    <p class='ocr_par' dir='ltr' id='par_1_45' title="bbox 436 3161 2009 3235">
     <span class='ocr_line' id='line_1_45' title="bbox 436 3161 2009 3235; baseline 0.003 -24"><span class='ocrx_word' id='word_1_318' title='bbox 436 3177 544 3223; x_wconf 90' lang='grc' dir='ltr'>τος,</span> <span class='ocrx_word' id='word_1_319' title='bbox 574 3163 606 3230; x_wconf 82' lang='grc' dir='ltr'>ἡ</span> <span class='ocrx_word' id='word_1_320' title='bbox 642 3161 888 3215; x_wconf 82' lang='grc' dir='ltr'>θάλασσα</span> <span class='ocrx_word' id='word_1_321' title='bbox 918 3163 1005 3228; x_wconf 83' lang='grc' dir='ltr'><strong>δὲ,</strong></span> <span class='ocrx_word' id='word_1_322' title='bbox 1042 3164 1136 3217; x_wconf 79' lang='grc' dir='ltr'>τοῦ</span> <span class='ocrx_word' id='word_1_323' title='bbox 1171 3165 1383 3228; x_wconf 80' lang='grc' dir='ltr'>ὓδατος.</span> <span class='ocrx_word' id='word_1_324' title='bbox 1417 3166 1612 3235; x_wconf 79' lang='grc' dir='ltr'>Τρίτον</span> <span class='ocrx_word' id='word_1_325' title='bbox 1648 3166 1707 3218; x_wconf 78' lang='grc' dir='ltr'>τὸ</span> <span class='ocrx_word' id='word_1_326' title='bbox 1753 3166 2009 3233; x_wconf 69' lang='grc' dir='ltr'>νομικόψ</span> 
     </span>
    </p>
   </div>
   <div class='ocr_carea' id='block_1_46' title="bbox 2105 1985 3682 2058">
    <p class='ocr_par' dir='ltr' id='par_1_46' title="bbox 2105 1985 3682 2058">
     <span class='ocr_line' id='line_1_46' title="bbox 2105 1985 3682 2058; baseline 0.002 -19"><span class='ocrx_word' id='word_1_327' title='bbox 2105 1985 2373 2055; x_wconf 86' lang='lat' dir='ltr'><strong>siquidem</strong></span> <span class='ocrx_word' id='word_1_328' title='bbox 2401 1985 2518 2040; x_wconf 87' lang='lat' dir='ltr'><strong>sine</strong></span> <span class='ocrx_word' id='word_1_329' title='bbox 2554 1986 2815 2055; x_wconf 86' lang='lat' dir='ltr'><strong>operibus</strong></span> <span class='ocrx_word' id='word_1_330' title='bbox 2843 1994 3055 2046; x_wconf 85' lang='lat' dir='ltr'><strong>mortua</strong></span> <span class='ocrx_word' id='word_1_331' title='bbox 3083 1994 3186 2052; x_wconf 88' lang='lat' dir='ltr'><strong>est,</strong></span> <span class='ocrx_word' id='word_1_332' title='bbox 3224 1987 3461 2057; x_wconf 85' lang='lat' dir='ltr'><strong>itemque</strong></span> <span class='ocrx_word' id='word_1_333' title='bbox 3495 2006 3682 2058; x_wconf 83' lang='lat' dir='ltr'><strong>opera,</strong></span> 
     </span>
    </p>
   </div>
   <div class='ocr_carea' id='block_1_47' title="bbox 2105 2075 3684 2148">
    <p class='ocr_par' dir='ltr' id='par_1_47' title="bbox 2105 2075 3684 2148">
     <span class='ocr_line' id='line_1_47' title="bbox 2105 2075 3684 2148; baseline 0.001 -18"><span class='ocrx_word' id='word_1_334' title='bbox 2105 2078 2318 2130; x_wconf 90' lang='lat' dir='ltr'><strong>sublata</strong></span> <span class='ocrx_word' id='word_1_335' title='bbox 2372 2076 2476 2130; x_wconf 86' lang='lat' dir='ltr'><strong>lidc</strong></span> <span class='ocrx_word' id='word_1_336' title='bbox 2535 2076 2572 2129; x_wconf 85' lang='lat'><strong>&#39;.</strong></span> <span class='ocrx_word' id='word_1_337' title='bbox 2600 2075 2737 2130; x_wconf 78' lang='lat' dir='ltr'><strong>Vera</strong></span> <span class='ocrx_word' id='word_1_338' title='bbox 2784 2078 2984 2147; x_wconf 81' lang='lat' dir='ltr'><strong>quippe</strong></span> <span class='ocrx_word' id='word_1_339' title='bbox 3021 2077 3153 2131; x_wconf 83' lang='lat' dir='ltr'><strong>ﬁdes</strong></span> <span class='ocrx_word' id='word_1_340' title='bbox 3191 2095 3282 2147; x_wconf 89' lang='lat' dir='ltr'><strong>per</strong></span> <span class='ocrx_word' id='word_1_341' title='bbox 3316 2095 3476 2148; x_wconf 82' lang='lat' dir='ltr'><strong>opera</strong></span> <span class='ocrx_word' id='word_1_342' title='bbox 3533 2097 3684 2134; x_wconf 86' lang='lat' dir='ltr'><strong>com-</strong></span> 
     </span>
    </p>
   </div>
   <div class='ocr_carea' id='block_1_48' title="bbox 2105 2173 2390 2241">
    <p class='ocr_par' dir='ltr' id='par_1_48' title="bbox 2105 2173 2390 2241">
     <span class='ocr_line' id='line_1_48' title="bbox 2105 2173 2390 2241; baseline 0 -19"><span class='ocrx_word' id='word_1_343' title='bbox 2105 2173 2390 2241; x_wconf 85' lang='lat' dir='ltr'><strong>probatur.</strong></span> 
     </span>
    </p>
   </div>
   <div class='ocr_carea' id='block_1_49' title="bbox 2174 2342 3684 2410">
    <p class='ocr_par' dir='ltr' id='par_1_49' title="bbox 2174 2342 3684 2410">
     <span class='ocr_line' id='line_1_49' title="bbox 2174 2342 3684 2410; baseline 0.001 -12"><span class='ocrx_word' id='word_1_344' title='bbox 2174 2343 2282 2398; x_wconf 88' lang='lat' dir='ltr'><strong>Cur</strong></span> <span class='ocrx_word' id='word_1_345' title='bbox 2320 2344 2373 2396; x_wconf 85' lang='lat' dir='ltr'><strong>in</strong></span> <span class='ocrx_word' id='word_1_346' title='bbox 2401 2342 2714 2397; x_wconf 76' lang='lat' dir='ltr'><strong>Trinitatem</strong></span> <span class='ocrx_word' id='word_1_347' title='bbox 2739 2343 3088 2410; x_wconf 74' lang='lat' dir='ltr'><strong>baptizemur.</strong></span> <span class='ocrx_word' id='word_1_348' title='bbox 3112 2372 3181 2383; x_wconf 90' lang='lat'><strong><em>—</em></strong></span> <span class='ocrx_word' id='word_1_349' title='bbox 3209 2343 3289 2396; x_wconf 90' lang='lat' dir='ltr'><strong>0b</strong></span> <span class='ocrx_word' id='word_1_350' title='bbox 3319 2344 3371 2397; x_wconf 89' lang='lat' dir='ltr'><strong>id</strong></span> <span class='ocrx_word' id='word_1_351' title='bbox 3404 2361 3534 2399; x_wconf 78' lang='lat' dir='ltr'><strong>vero</strong></span> <span class='ocrx_word' id='word_1_352' title='bbox 3630 2346 3684 2400; x_wconf 84' lang='lat' dir='ltr'><strong>in</strong></span> 
     </span>
    </p>
   </div>
   <div class='ocr_carea' id='block_1_50' title="bbox 2107 2434 3682 2506">
    <p class='ocr_par' dir='ltr' id='par_1_50' title="bbox 2107 2434 3682 2506">
     <span class='ocr_line' id='line_1_50' title="bbox 2107 2434 3682 2506; baseline -0.001 -15"><span class='ocrx_word' id='word_1_353' title='bbox 2107 2445 2353 2492; x_wconf 86' lang='lat' dir='ltr'><strong>sanctam</strong></span> <span class='ocrx_word' id='word_1_354' title='bbox 2385 2434 2709 2488; x_wconf 89' lang='lat' dir='ltr'><strong>Trinitatem</strong></span> <span class='ocrx_word' id='word_1_355' title='bbox 2759 2436 3124 2502; x_wconf 75' lang='lat' dir='ltr'><strong>baptizamur,</strong></span> <span class='ocrx_word' id='word_1_356' title='bbox 3168 2437 3295 2504; x_wconf 86' lang='lat' dir='ltr'><strong>quia</strong></span> <span class='ocrx_word' id='word_1_357' title='bbox 3335 2452 3455 2504; x_wconf 67' lang='lat' dir='ltr'><strong>qua:</strong></span> <span class='ocrx_word' id='word_1_358' title='bbox 3504 2438 3682 2506; x_wconf 82' lang='lat' dir='ltr'><strong>bapti-</strong></span> 
     </span>
    </p>
   </div>
   <div class='ocr_carea' id='block_1_51' title="bbox 2109 2527 3688 2590">
    <p class='ocr_par' dir='ltr' id='par_1_51' title="bbox 2109 2527 3688 2590">
     <span class='ocr_line' id='line_1_51' title="bbox 2109 2527 3688 2590; baseline 0 -7"><span class='ocrx_word' id='word_1_359' title='bbox 2109 2539 2327 2590; x_wconf 80' lang='lat' dir='ltr'><strong>zantur,</strong></span> <span class='ocrx_word' id='word_1_360' title='bbox 2358 2528 2422 2580; x_wconf 87' lang='lat' dir='ltr'><strong>ad</strong></span> <span class='ocrx_word' id='word_1_361' title='bbox 2459 2527 2564 2590; x_wconf 90' lang='lat' dir='ltr'><strong>sui,</strong></span> <span class='ocrx_word' id='word_1_362' title='bbox 2590 2536 2708 2580; x_wconf 91' lang='lat' dir='ltr'><strong>tum</strong></span> <span class='ocrx_word' id='word_1_363' title='bbox 2743 2527 3220 2590; x_wconf 83' lang='lat' dir='ltr'><strong>constitutionem,</strong></span> <span class='ocrx_word' id='word_1_364' title='bbox 3258 2535 3370 2580; x_wconf 92' lang='lat' dir='ltr'><strong>tum</strong></span> <span class='ocrx_word' id='word_1_365' title='bbox 3401 2543 3688 2583; x_wconf 85' lang='lat' dir='ltr'><strong>conserva—</strong></span> 
     </span>
    </p>
   </div>
   <div class='ocr_carea' id='block_1_52' title="bbox 2109 2616 3682 2688">
    <p class='ocr_par' dir='ltr' id='par_1_52' title="bbox 2109 2616 3682 2688">
     <span class='ocr_line' id='line_1_52' title="bbox 2109 2616 3682 2688; baseline 0.003 -18"><span class='ocrx_word' id='word_1_366' title='bbox 2109 2617 2338 2679; x_wconf 83' lang='lat' dir='ltr'><strong>tionem,</strong></span> <span class='ocrx_word' id='word_1_367' title='bbox 2363 2616 2653 2670; x_wconf 85' lang='lat' dir='ltr'><strong>Trinitatis</strong></span> <span class='ocrx_word' id='word_1_368' title='bbox 2678 2633 2844 2686; x_wconf 90' lang='lat' dir='ltr'><strong>opera</strong></span> <span class='ocrx_word' id='word_1_369' title='bbox 2873 2618 3155 2686; x_wconf 84' lang='lat' dir='ltr'><strong>indigent:</strong></span> <span class='ocrx_word' id='word_1_370' title='bbox 3191 2633 3290 2671; x_wconf 91' lang='lat' dir='ltr'><strong>nec</strong></span> <span class='ocrx_word' id='word_1_371' title='bbox 3322 2619 3436 2671; x_wconf 83' lang='lat' dir='ltr'><strong>ﬁeri</strong></span> <span class='ocrx_word' id='word_1_372' title='bbox 3482 2631 3682 2688; x_wconf 78' lang='lat' dir='ltr'><strong>potest.</strong></span> 
     </span>
    </p>
   </div>
   <div class='ocr_carea' id='block_1_53' title="bbox 2109 2708 3690 2778">
    <p class='ocr_par' dir='ltr' id='par_1_53' title="bbox 2109 2708 3690 2778">
     <span class='ocr_line' id='line_1_53' title="bbox 2109 2708 3690 2778; baseline 0.005 -20"><span class='ocrx_word' id='word_1_373' title='bbox 2109 2708 2241 2774; x_wconf 91' lang='lat' dir='ltr'><strong>quin</strong></span> <span class='ocrx_word' id='word_1_374' title='bbox 2293 2716 2402 2761; x_wconf 88' lang='lat' dir='ltr'><strong>tres</strong></span> <span class='ocrx_word' id='word_1_375' title='bbox 2453 2723 2703 2775; x_wconf 67' lang='lat' dir='ltr'><strong>personae</strong></span> <span class='ocrx_word' id='word_1_376' title='bbox 2739 2709 2842 2762; x_wconf 90' lang='lat' dir='ltr'><strong>sibi</strong></span> <span class='ocrx_word' id='word_1_377' title='bbox 2891 2708 3126 2761; x_wconf 82' lang='lat' dir='ltr'><strong>invicem</strong></span> <span class='ocrx_word' id='word_1_378' title='bbox 3174 2708 3395 2776; x_wconf 87' lang='lat' dir='ltr'><strong>adsint;</strong></span> <span class='ocrx_word' id='word_1_379' title='bbox 3431 2713 3690 2778; x_wconf 91' lang='lat' dir='ltr'><strong>quoniam</strong></span> 
     </span>
    </p>
   </div>
   <div class='ocr_carea' id='block_1_54' title="bbox 2111 2797 3194 2865">
    <p class='ocr_par' dir='ltr' id='par_1_54' title="bbox 2111 2797 3194 2865">
     <span class='ocr_line' id='line_1_54' title="bbox 2111 2797 3194 2865; baseline 0.004 -15"><span class='ocrx_word' id='word_1_380' title='bbox 2111 2797 2356 2853; x_wconf 84' lang='lat' dir='ltr'><strong>Trinitas</strong></span> <span class='ocrx_word' id='word_1_381' title='bbox 2387 2799 2702 2852; x_wconf 87' lang='lat' dir='ltr'><strong>nullatenus</strong></span> <span class='ocrx_word' id='word_1_382' title='bbox 2727 2801 3058 2865; x_wconf 89' lang='lat' dir='ltr'><strong>scparabilis</strong></span> <span class='ocrx_word' id='word_1_383' title='bbox 3087 2811 3194 2855; x_wconf 89' lang='lat' dir='ltr'><strong>est.</strong></span> 
     </span>
    </p>
   </div>
   <div class='ocr_carea' id='block_1_55' title="bbox 2192 2888 3695 2963">
    <p class='ocr_par' dir='ltr' id='par_1_55' title="bbox 2192 2888 3695 2963">
     <span class='ocr_line' id='line_1_55' title="bbox 2192 2888 3695 2963; baseline 0.005 -23"><span class='ocrx_word' id='word_1_384' title='bbox 2192 2888 2354 2941; x_wconf 88' lang='lat' dir='ltr'><strong>Varia</strong></span> <span class='ocrx_word' id='word_1_385' title='bbox 2397 2889 2738 2956; x_wconf 80' lang='lat' dir='ltr'><strong>baptismata.</strong></span> <span class='ocrx_word' id='word_1_386' title='bbox 2773 2889 2998 2944; x_wconf 77' lang='lat' dir='ltr'><strong>Joannis</strong></span> <span class='ocrx_word' id='word_1_387' title='bbox 3026 2891 3290 2958; x_wconf 83' lang='lat' dir='ltr'><strong>baptisma</strong></span> <span class='ocrx_word' id='word_1_388' title='bbox 3316 2912 3346 2947; x_wconf 77' lang='grc' dir='ltr'>τι</span> <span class='ocrx_word' id='word_1_389' title='bbox 3378 2896 3695 2963; x_wconf 80' lang='lat' dir='ltr'><strong>baptismate</strong></span> 
     </span>
    </p>
   </div>
   <div class='ocr_carea' id='block_1_56' title="bbox 2113 2979 3694 3054">
    <p class='ocr_par' dir='ltr' id='par_1_56' title="bbox 2113 2979 3694 3054">
     <span class='ocr_line' id='line_1_56' title="bbox 2113 2979 3694 3054; baseline 0.003 -22"><span class='ocrx_word' id='word_1_390' title='bbox 2113 2979 2311 3032; x_wconf 75' lang='lat' dir='ltr'><strong>Christi</strong></span> <span class='ocrx_word' id='word_1_391' title='bbox 2345 2981 2627 3032; x_wconf 74' lang='lat' dir='ltr'><strong>dit-crstini.</strong></span> <span class='ocrx_word' id='word_1_392' title='bbox 2663 2979 2988 3034; x_wconf 72' lang='lat' dir='ltr'><strong>I’trnitentite</strong></span> <span class='ocrx_word' id='word_1_393' title='bbox 3043 2981 3370 3048; x_wconf 78' lang='lat' dir='ltr'><strong>bnptismus;</strong></span> <span class='ocrx_word' id='word_1_394' title='bbox 3425 2987 3694 3054; x_wconf 75' lang='lat' dir='ltr'><strong>martyrii,</strong></span> 
     </span>
    </p>
   </div>
   <div class='ocr_carea' id='block_1_57' title="bbox 2111 3071 3695 3143">
    <p class='ocr_par' dir='ltr' id='par_1_57' title="bbox 2111 3071 3695 3143">
     <span class='ocr_line' id='line_1_57' title="bbox 2111 3071 3695 3143; baseline 0.004 -19"><span class='ocrx_word' id='word_1_395' title='bbox 2111 3081 2158 3124; x_wconf 74' lang='lat' dir='ltr'><strong>et</strong></span> <span class='ocrx_word' id='word_1_396' title='bbox 2200 3072 2297 3124; x_wconf 82' lang='lat' dir='ltr'><strong>iste</strong></span> <span class='ocrx_word' id='word_1_397' title='bbox 2333 3071 2733 3134; x_wconf 82' lang='lat' dir='ltr'><strong>nobilissimus;</strong></span> <span class='ocrx_word' id='word_1_398' title='bbox 2785 3071 3079 3138; x_wconf 81' lang='lat' dir='ltr'><strong>baptisnms</strong></span> <span class='ocrx_word' id='word_1_399' title='bbox 3131 3077 3434 3143; x_wconf 82' lang='lat' dir='ltr'><strong>sempiterni</strong></span> <span class='ocrx_word' id='word_1_400' title='bbox 3483 3080 3695 3130; x_wconf 86' lang='lat' dir='ltr'><strong>crucia-</strong></span> 
     </span>
    </p>
   </div>
   <div class='ocr_carea' id='block_1_58' title="bbox 2115 3162 3696 3239">
    <p class='ocr_par' dir='ltr' id='par_1_58' title="bbox 2115 3162 3696 3239">
     <span class='ocr_line' id='line_1_58' title="bbox 2115 3162 3696 3239; baseline 0.006 -25"><span class='ocrx_word' id='word_1_401' title='bbox 2115 3171 2219 3216; x_wconf 73' lang='lat' dir='ltr'><strong>tus.</strong></span> <span class='ocrx_word' id='word_1_402' title='bbox 2252 3193 2326 3204; x_wconf 87' lang='lat'><strong>-—</strong></span> <span class='ocrx_word' id='word_1_403' title='bbox 2358 3162 2603 3216; x_wconf 86' lang='lat' dir='ltr'><strong>Primum</strong></span> <span class='ocrx_word' id='word_1_404' title='bbox 2735 3164 3009 3234; x_wconf 86' lang='lat' dir='ltr'><strong>baptisma</strong></span> <span class='ocrx_word' id='word_1_405' title='bbox 3048 3166 3318 3221; x_wconf 90' lang='lat' dir='ltr'><strong>diluvium</strong></span> <span class='ocrx_word' id='word_1_406' title='bbox 3373 3168 3508 3233; x_wconf 82' lang='lat' dir='ltr'><strong>fuit,</strong></span> <span class='ocrx_word' id='word_1_407' title='bbox 3552 3172 3696 3239; x_wconf 84' lang='lat' dir='ltr'><strong>quod</strong></span> 
     </span>
    </p>
   </div>
   <div class='ocr_carea' id='block_1_59' title="bbox 437 3235 2182 3326">
    <p class='ocr_par' dir='ltr' id='par_1_59' title="bbox 437 3235 2175 3326">
     <span class='ocr_line' id='line_1_59' title="bbox 437 3235 2175 3326; baseline 0.001 -23"><span class='ocrx_word' id='word_1_408' title='bbox 437 3254 543 3314; x_wconf 71' lang='grc' dir='ltr'>πᾶς</span> <span class='ocrx_word' id='word_1_409' title='bbox 577 3252 685 3322; x_wconf 77' lang='grc' dir='ltr'>γὰρ</span> <span class='ocrx_word' id='word_1_410' title='bbox 732 3254 1042 3326; x_wconf 81' lang='grc' dir='ltr'>ἀκάθαρτος</span> <span class='ocrx_word' id='word_1_411' title='bbox 1076 3256 1374 3309; x_wconf 82' lang='grc' dir='ltr'>ἀπελούετο</span> <span class='ocrx_word' id='word_1_412' title='bbox 1420 3257 1602 3318; x_wconf 62' lang='lat' dir='ltr'><strong>eam,</strong></span> <span class='ocrx_word' id='word_1_413' title='bbox 1637 3257 1831 3309; x_wconf 77' lang='grc' dir='ltr'>ἔπλυνέ</span> <span class='ocrx_word' id='word_1_414' title='bbox 1864 3274 1921 3308; x_wconf 90' lang='grc' dir='ltr'><strong>τε</strong></span> <span class='ocrx_word' id='word_1_415' title='bbox 1947 3235 2077 3308; x_wconf 65' lang='grc' dir='ltr'><strong>τά(Ξ</strong></span> <span class='ocrx_word' id='word_1_416' title='bbox 2113 3269 2175 3305; x_wconf 78' lang='lat' dir='ltr'><strong>cx</strong></span> 
     </span>
    </p>
   </div>
   <div class='ocr_carea' id='block_1_60' title="bbox 1954 3235 3699 3326">
    <p class='ocr_par' dir='ltr' id='par_1_60' title="bbox 1954 3235 3699 3326">
     <span class='ocr_line' id='line_1_60' title="bbox 1954 3235 3699 3326; baseline 0.003 -18"><span class='ocrx_word' id='word_1_417' title='bbox 1954 3235 2469 3308; x_wconf 61' lang='lat' dir='ltr'><strong>tuccxscindendi</strong></span> <span class='ocrx_word' id='word_1_418' title='bbox 2531 3253 2741 3322; x_wconf 84' lang='lat' dir='ltr'><strong>peccati</strong></span> <span class='ocrx_word' id='word_1_419' title='bbox 2820 3268 2986 3308; x_wconf 88' lang='lat' dir='ltr'><strong>causa</strong></span> <span class='ocrx_word' id='word_1_420' title='bbox 3061 3258 3310 3326; x_wconf 88' lang='lat' dir='ltr'><strong>contigit.</strong></span> <span class='ocrx_word' id='word_1_421' title='bbox 3387 3257 3699 3313; x_wconf 80' lang='lat' dir='ltr'><strong>Secundum</strong></span> 
     </span>
    </p>
   </div>
   <div class='ocr_carea' id='block_1_61' title="bbox 440 3341 2017 3420">
    <p class='ocr_par' dir='ltr' id='par_1_61' title="bbox 440 3341 2017 3420">
     <span class='ocr_line' id='line_1_61' title="bbox 440 3341 2017 3420; baseline 0.007 -28"><span class='ocrx_word' id='word_1_422' title='bbox 440 3341 658 3410; x_wconf 77' lang='grc' dir='ltr'>ἱμάτια,</span> <span class='ocrx_word' id='word_1_423' title='bbox 696 3346 790 3398; x_wconf 75' lang='grc' dir='ltr'><strong>καὶ</strong></span> <span class='ocrx_word' id='word_1_424' title='bbox 820 3345 990 3410; x_wconf 77' lang='grc' dir='ltr'>οὕτως</span> <span class='ocrx_word' id='word_1_425' title='bbox 1023 3348 1195 3418; x_wconf 69' lang='grc' dir='ltr'>εἰσῄει</span> <span class='ocrx_word' id='word_1_426' title='bbox 1244 3352 1322 3411; x_wconf 81' lang='grc' dir='ltr'><strong>είς</strong></span> <span class='ocrx_word' id='word_1_427' title='bbox 1357 3351 1455 3418; x_wconf 67' lang='grc' dir='ltr'><strong>τὴν</strong></span> <span class='ocrx_word' id='word_1_428' title='bbox 1509 3351 1883 3420; x_wconf 68' lang='grc' dir='ltr'>παρεμϐολήν.</span> <span class='ocrx_word' id='word_1_429' title='bbox 1918 3343 2017 3402; x_wconf 80' lang='grc' dir='ltr'><strong>Τέ-</strong></span> 
     </span>
    </p>
   </div>
   <div class='ocr_carea' id='block_1_62' title="bbox 435 3437 2019 3512">
    <p class='ocr_par' dir='ltr' id='par_1_62' title="bbox 435 3437 2019 3512">
     <span class='ocr_line' id='line_1_62' title="bbox 435 3437 2019 3512; baseline 0.005 -27"><span class='ocrx_word' id='word_1_430' title='bbox 435 3451 630 3504; x_wconf 88' lang='grc' dir='ltr'>ταρτον</span> <span class='ocrx_word' id='word_1_431' title='bbox 659 3437 720 3488; x_wconf 87' lang='grc' dir='ltr'><strong>τὸ</strong></span> <span class='ocrx_word' id='word_1_432' title='bbox 759 3439 1006 3492; x_wconf 81' lang='grc' dir='ltr'>Ἰωάννου</span> <span class='ocrx_word' id='word_1_433' title='bbox 1038 3477 1053 3501; x_wconf 84' lang='grc'><strong>,</strong></span> <span class='ocrx_word' id='word_1_434' title='bbox 1210 3443 1572 3508; x_wconf 72' lang='grc' dir='ltr'>εἰσαγωγικδν</span> <span class='ocrx_word' id='word_1_435' title='bbox 1609 3444 1852 3512; x_wconf 82' lang='grc' dir='ltr'>ὑπάρχον</span> <span class='ocrx_word' id='word_1_436' title='bbox 1877 3482 1890 3502; x_wconf 97' lang='grc'><strong>,</strong></span> <span class='ocrx_word' id='word_1_437' title='bbox 1924 3443 2019 3494; x_wconf 71' lang='lat' dir='ltr'><strong>xui.</strong></span> 
     </span>
    </p>
   </div>
   <div class='ocr_carea' id='block_1_63' title="bbox 437 3527 2020 3602">
    <p class='ocr_par' dir='ltr' id='par_1_63' title="bbox 437 3527 2020 3602">
     <span class='ocr_line' id='line_1_63' title="bbox 437 3527 2020 3602; baseline 0.004 -26"><span class='ocrx_word' id='word_1_438' title='bbox 437 3527 513 3588; x_wconf 85' lang='grc' dir='ltr'><strong>είς</strong></span> <span class='ocrx_word' id='word_1_439' title='bbox 550 3527 837 3594; x_wconf 88' lang='grc' dir='ltr'>μετάνοιαν</span> <span class='ocrx_word' id='word_1_440' title='bbox 865 3531 995 3597; x_wconf 82' lang='grc' dir='ltr'>ἁγον</span> <span class='ocrx_word' id='word_1_441' title='bbox 1026 3531 1154 3593; x_wconf 73' lang='grc' dir='ltr'>τοὺς</span> <span class='ocrx_word' id='word_1_442' title='bbox 1185 3532 1640 3602; x_wconf 76' lang='grc' dir='ltr'>βαπτιζομένους,</span> <span class='ocrx_word' id='word_1_443' title='bbox 1664 3534 1748 3586; x_wconf 79' lang='grc' dir='ltr'><strong>ἵνα</strong></span> <span class='ocrx_word' id='word_1_444' title='bbox 1782 3537 1860 3596; x_wconf 80' lang='grc' dir='ltr'><strong>είς</strong></span> <span class='ocrx_word' id='word_1_445' title='bbox 1887 3535 2020 3602; x_wconf 66' lang='grc' dir='ltr'>Χριέ</span> 
     </span>
    </p>
   </div>
   <div class='ocr_carea' id='block_1_64' title="bbox 441 3618 2019 3696">
    <p class='ocr_par' dir='ltr' id='par_1_64' title="bbox 441 3618 2019 3696">
     <span class='ocr_line' id='line_1_64' title="bbox 441 3618 2019 3696; baseline 0.006 -26"><span class='ocrx_word' id='word_1_446' title='bbox 441 3618 563 3670; x_wconf 81' lang='grc' dir='ltr'>στὸν</span> <span class='ocrx_word' id='word_1_447' title='bbox 612 3622 998 3678; x_wconf 86' lang='grc' dir='ltr'>πιστεύσωσιν.</span> <span class='ocrx_word' id='word_1_448' title='bbox 1038 3626 1178 3692; x_wconf 70' lang='grc' dir='ltr'><strong>Ἐγὼ</strong></span> <span class='ocrx_word' id='word_1_449' title='bbox 1217 3627 1324 3694; x_wconf 78' lang='grc' dir='ltr'>γὰρ</span> <span class='ocrx_word' id='word_1_450' title='bbox 1354 3626 1539 3694; x_wconf 70' lang='grc' dir='ltr'>ὑμᾶς,</span> <span class='ocrx_word' id='word_1_451' title='bbox 1573 3629 1726 3696; x_wconf 67' lang='grc' dir='ltr'>φησι,</span> <span class='ocrx_word' id='word_1_452' title='bbox 1753 3621 2019 3690; x_wconf 75' lang='grc' dir='ltr'>,ϐαπτίζω</span> 
     </span>
    </p>
   </div>
   <div class='ocr_carea' id='block_1_65' title="bbox 438 3709 2016 3786">
    <p class='ocr_par' dir='ltr' id='par_1_65' title="bbox 438 3709 2016 3786">
     <span class='ocr_line' id='line_1_65' title="bbox 438 3709 2016 3786; baseline 0.006 -24"><span class='ocrx_word' id='word_1_453' title='bbox 438 3709 608 3764; x_wconf 77' lang='grc' dir='ltr'>ὕδατι</span> <span class='ocrx_word' id='word_1_454' title='bbox 633 3728 645 3740; x_wconf 92' lang='grc'><strong>·</strong></span> <span class='ocrx_word' id='word_1_455' title='bbox 680 3715 711 3765; x_wconf 82' lang='lat' dir='ltr'><strong>d</strong></span> <span class='ocrx_word' id='word_1_456' title='bbox 747 3711 816 3764; x_wconf 77' lang='grc' dir='ltr'><strong><em>δὲ</em></strong></span> <span class='ocrx_word' id='word_1_457' title='bbox 850 3715 1043 3768; x_wconf 83' lang='grc' dir='ltr'>ὀπίσω</span> <span class='ocrx_word' id='word_1_458' title='bbox 1070 3735 1188 3784; x_wconf 83' lang='grc' dir='ltr'><strong>μου</strong></span> <span class='ocrx_word' id='word_1_459' title='bbox 1225 3718 1579 3785; x_wconf 74' lang='grc' dir='ltr'>ἐρχόμενος,</span> <span class='ocrx_word' id='word_1_460' title='bbox 1622 3720 1803 3784; x_wconf 72' lang='grc' dir='ltr'>αὐτὸς</span> <span class='ocrx_word' id='word_1_461' title='bbox 1843 3717 2016 3786; x_wconf 79' lang='grc' dir='ltr'>ὑμᾶς,</span> 
     </span>
    </p>
   </div>
   <div class='ocr_carea' id='block_1_66' title="bbox 439 3803 2019 3880">
    <p class='ocr_par' dir='ltr' id='par_1_66' title="bbox 439 3803 2019 3880">
     <span class='ocr_line' id='line_1_66' title="bbox 439 3803 2019 3880; baseline 0.007 -27"><span class='ocrx_word' id='word_1_462' title='bbox 439 3803 594 3870; x_wconf 74' lang='grc' dir='ltr'>φησὶ,</span> <span class='ocrx_word' id='word_1_463' title='bbox 621 3804 910 3865; x_wconf 73' lang='grc' dir='ltr'>,βαπτίσει</span> <span class='ocrx_word' id='word_1_464' title='bbox 941 3806 1009 3857; x_wconf 83' lang='grc' dir='ltr'><strong>ἐν</strong></span> <span class='ocrx_word' id='word_1_465' title='bbox 1042 3809 1338 3876; x_wconf 63' lang='lat' dir='ltr'><strong>lli-stillam.</strong></span> <span class='ocrx_word' id='word_1_466' title='bbox 1367 3810 1510 3877; x_wconf 73' lang='grc' dir='ltr'>ἁγίῳ</span> <span class='ocrx_word' id='word_1_467' title='bbox 1547 3812 1640 3862; x_wconf 75' lang='grc' dir='ltr'>καὶ</span> <span class='ocrx_word' id='word_1_468' title='bbox 1683 3812 1842 3878; x_wconf 66' lang='grc' dir='ltr'>πυρί.</span> <span class='ocrx_word' id='word_1_469' title='bbox 1879 3812 2019 3880; x_wconf 74' lang='grc' dir='ltr'>Προ-</span> 
     </span>
    </p>
   </div>
   <div class='ocr_carea' id='block_1_67' title="bbox 439 3890 2020 3969">
    <p class='ocr_par' dir='ltr' id='par_1_67' title="bbox 439 3890 2020 3969">
     <span class='ocr_line' id='line_1_67' title="bbox 439 3890 2020 3969; baseline 0.007 -27"><span class='ocrx_word' id='word_1_470' title='bbox 439 3892 694 3962; x_wconf 83' lang='grc' dir='ltr'>καθαίρει</span> <span class='ocrx_word' id='word_1_471' title='bbox 743 3890 835 3946; x_wconf 74' lang='grc' dir='ltr'>οὖν</span> <span class='ocrx_word' id='word_1_472' title='bbox 883 3897 911 3947; x_wconf 87' lang='grc' dir='ltr'>ὁ</span> <span class='ocrx_word' id='word_1_473' title='bbox 960 3897 1214 3966; x_wconf 83' lang='grc' dir='ltr'>Ἰωάννης</span> <span class='ocrx_word' id='word_1_474' title='bbox 1268 3899 1361 3950; x_wconf 74' lang='grc' dir='ltr'>ἐπὶ</span> <span class='ocrx_word' id='word_1_475' title='bbox 1417 3899 1478 3951; x_wconf 75' lang='grc' dir='ltr'><strong>τὸ</strong></span> <span class='ocrx_word' id='word_1_476' title='bbox 1529 3900 1752 3969; x_wconf 72' lang='grc' dir='ltr'>Πνεῦμα</span> <span class='ocrx_word' id='word_1_477' title='bbox 1802 3901 1887 3953; x_wconf 69' lang='grc' dir='ltr'><strong>διὰ</strong></span> <span class='ocrx_word' id='word_1_478' title='bbox 1928 3900 2020 3953; x_wconf 74' lang='grc' dir='ltr'>τοῦ</span> 
     </span>
    </p>
   </div>
   <div class='ocr_carea' id='block_1_68' title="bbox 435 3983 2022 4061">
    <p class='ocr_par' dir='ltr' id='par_1_68' title="bbox 435 3983 2022 4061">
     <span class='ocr_line' id='line_1_68' title="bbox 435 3983 2022 4061; baseline 0.006 -27"><span class='ocrx_word' id='word_1_479' title='bbox 435 3983 645 4045; x_wconf 83' lang='grc' dir='ltr'>ὓδατος.</span> <span class='ocrx_word' id='word_1_480' title='bbox 674 3987 951 4055; x_wconf 79' lang='grc' dir='ltr'>Πέμπτον,</span> <span class='ocrx_word' id='word_1_481' title='bbox 987 3989 1047 4040; x_wconf 70' lang='grc' dir='ltr'>τὸ</span> <span class='ocrx_word' id='word_1_482' title='bbox 1084 3989 1178 4040; x_wconf 74' lang='grc' dir='ltr'>τοῦ</span> <span class='ocrx_word' id='word_1_483' title='bbox 1230 3991 1436 4061; x_wconf 76' lang='grc' dir='ltr'>Κυρίου</span> <span class='ocrx_word' id='word_1_484' title='bbox 1477 3992 1781 4061; x_wconf 76' lang='grc' dir='ltr'>βάπτισμα,</span> <span class='ocrx_word' id='word_1_485' title='bbox 1806 3993 1833 4045; x_wconf 82' lang='grc' dir='ltr'><strong>ὃ</strong></span> <span class='ocrx_word' id='word_1_486' title='bbox 1860 3995 2022 4057; x_wconf 62' lang='grc' dir='ltr'>αὐτος</span> 
     </span>
    </p>
   </div>
   <div class='ocr_carea' id='block_1_69' title="bbox 435 4068 2023 4156">
    <p class='ocr_par' dir='ltr' id='par_1_69' title="bbox 435 4077 2023 4156">
     <span class='ocr_line' id='line_1_69' title="bbox 435 4077 2023 4156; baseline 0.009 -30"><span class='ocrx_word' id='word_1_487' title='bbox 435 4077 792 4131; x_wconf 75' lang='grc' dir='ltr'>ὲὸαπτίσατο.</span> <span class='ocrx_word' id='word_1_488' title='bbox 839 4080 1176 4143; x_wconf 78' lang='grc' dir='ltr'>Βαπτίζεται</span> <span class='ocrx_word' id='word_1_489' title='bbox 1215 4083 1292 4144; x_wconf 74' lang='grc' dir='ltr'><strong>δὲ,</strong></span> <span class='ocrx_word' id='word_1_490' title='bbox 1331 4084 1430 4152; x_wconf 76' lang='grc' dir='ltr'><strong>οὐχ</strong></span> <span class='ocrx_word' id='word_1_491' title='bbox 1478 4085 1554 4146; x_wconf 79' lang='grc' dir='ltr'>ὡς</span> <span class='ocrx_word' id='word_1_492' title='bbox 1608 4085 1769 4147; x_wconf 72' lang='grc' dir='ltr'>αὐτὸς</span> <span class='ocrx_word' id='word_1_493' title='bbox 1808 4086 2023 4156; x_wconf 73' lang='grc' dir='ltr'>χρῄζων</span> 
     </span>
    </p>
   </div>
   <div class='ocr_carea' id='block_1_70' title="bbox 435 4170 2021 4247">
    <p class='ocr_par' dir='ltr' id='par_1_70' title="bbox 435 4170 2021 4247">
     <span class='ocr_line' id='line_1_70' title="bbox 435 4170 2021 4247; baseline 0.007 -27"><span class='ocrx_word' id='word_1_494' title='bbox 435 4170 780 4238; x_wconf 71' lang='grc' dir='ltr'>καθάρσεως,</span> <span class='ocrx_word' id='word_1_495' title='bbox 819 4173 954 4224; x_wconf 78' lang='grc' dir='ltr'>ἀλλὰ</span> <span class='ocrx_word' id='word_1_496' title='bbox 1006 4177 1104 4243; x_wconf 75' lang='grc' dir='ltr'><strong>τὴν</strong></span> <span class='ocrx_word' id='word_1_497' title='bbox 1155 4175 1294 4245; x_wconf 75' lang='grc' dir='ltr'>ἐμὴν</span> <span class='ocrx_word' id='word_1_498' title='bbox 1328 4177 1696 4247; x_wconf 73' lang='grc' dir='ltr'>οἰκειούμενος</span> <span class='ocrx_word' id='word_1_499' title='bbox 1730 4179 2021 4246; x_wconf 73' lang='grc' dir='ltr'>κάθαρσιν,</span> 
     </span>
    </p>
   </div>
   <div class='ocr_carea' id='block_1_71' title="bbox 437 4262 2023 4340">
    <p class='ocr_par' dir='ltr' id='par_1_71' title="bbox 437 4262 2023 4340">
     <span class='ocr_line' id='line_1_71' title="bbox 437 4262 2023 4340; baseline 0.007 -27"><span class='ocrx_word' id='word_1_500' title='bbox 437 4262 523 4314; x_wconf 83' lang='grc' dir='ltr'><strong>ἵνα</strong></span> <span class='ocrx_word' id='word_1_501' title='bbox 562 4263 826 4334; x_wconf 64' lang='grc' dir='ltr'>συντρίψη</span> <span class='ocrx_word' id='word_1_502' title='bbox 881 4265 979 4328; x_wconf 77' lang='grc' dir='ltr'>τὰς</span> <span class='ocrx_word' id='word_1_503' title='bbox 1013 4267 1258 4333; x_wconf 66' lang='grc' dir='ltr'>κεφαλὰς</span> <span class='ocrx_word' id='word_1_504' title='bbox 1296 4269 1404 4320; x_wconf 82' lang='grc' dir='ltr'><strong>τῶν</strong></span> <span class='ocrx_word' id='word_1_505' title='bbox 1430 4270 1739 4340; x_wconf 77' lang='grc' dir='ltr'>δρακόντων</span> <span class='ocrx_word' id='word_1_506' title='bbox 1795 4273 1889 4322; x_wconf 66' lang='grc' dir='ltr'>ἐπὶ</span> <span class='ocrx_word' id='word_1_507' title='bbox 1929 4272 2023 4324; x_wconf 74' lang='grc' dir='ltr'>τοῦ</span> 
     </span>
    </p>
   </div>
   <div class='ocr_carea' id='block_1_72' title="bbox 437 4354 2026 4430">
    <p class='ocr_par' dir='ltr' id='par_1_72' title="bbox 437 4354 2026 4430">
     <span class='ocr_line' id='line_1_72' title="bbox 437 4354 2026 4430; baseline 0.006 -25"><span class='ocrx_word' id='word_1_508' title='bbox 437 4354 651 4417; x_wconf 73' lang='grc' dir='ltr'>ὕδατος,</span> <span class='ocrx_word' id='word_1_509' title='bbox 691 4356 778 4409; x_wconf 82' lang='grc' dir='ltr'><strong>ἵνα</strong></span> <span class='ocrx_word' id='word_1_510' title='bbox 814 4357 986 4427; x_wconf 87' lang='grc' dir='ltr'>κλύσῃ</span> <span class='ocrx_word' id='word_1_511' title='bbox 1041 4357 1137 4428; x_wconf 82' lang='grc' dir='ltr'><strong>τὴν</strong></span> <span class='ocrx_word' id='word_1_512' title='bbox 1188 4361 1488 4430; x_wconf 83' lang='grc' dir='ltr'>ἁμαρτίαν,</span> <span class='ocrx_word' id='word_1_513' title='bbox 1542 4363 1635 4414; x_wconf 72' lang='grc' dir='ltr'>καὶ</span> <span class='ocrx_word' id='word_1_514' title='bbox 1694 4363 1874 4416; x_wconf 84' lang='grc' dir='ltr'>πάντα</span> <span class='ocrx_word' id='word_1_515' title='bbox 1935 4364 2026 4416; x_wconf 66' lang='grc' dir='ltr'>τὸν</span> 
     </span>
    </p>
   </div>
   <div class='ocr_carea' id='block_1_73' title="bbox 438 4448 2025 4524">
    <p class='ocr_par' dir='ltr' id='par_1_73' title="bbox 438 4448 2025 4524">
     <span class='ocr_line' id='line_1_73' title="bbox 438 4448 2025 4524; baseline 0.006 -26"><span class='ocrx_word' id='word_1_516' title='bbox 438 4448 668 4500; x_wconf 64' lang='grc' dir='ltr'>παλαιὸν</span> <span class='ocrx_word' id='word_1_517' title='bbox 711 4449 882 4517; x_wconf 77' lang='grc' dir='ltr'>Ἀδάμ</span> <span class='ocrx_word' id='word_1_518' title='bbox 937 4451 1151 4522; x_wconf 63' lang='grc' dir='ltr'>ἐνθάψῃ</span> <span class='ocrx_word' id='word_1_519' title='bbox 1198 4452 1273 4518; x_wconf 74' lang='grc' dir='ltr'>τῷ</span> <span class='ocrx_word' id='word_1_520' title='bbox 1320 4451 1509 4513; x_wconf 74' lang='grc' dir='ltr'>ὕδατι,</span> <span class='ocrx_word' id='word_1_521' title='bbox 1547 4454 1632 4504; x_wconf 85' lang='grc' dir='ltr'><strong>ἵνα</strong></span> <span class='ocrx_word' id='word_1_522' title='bbox 1670 4454 1872 4524; x_wconf 77' lang='grc' dir='ltr'>ἁγιάσῃ</span> <span class='ocrx_word' id='word_1_523' title='bbox 1934 4455 2025 4507; x_wconf 70' lang='grc' dir='ltr'><strong>τὸν</strong></span> 
     </span>
    </p>
   </div>
   <div class='ocr_carea' id='block_1_74' title="bbox 2117 3343 3701 3414">
    <p class='ocr_par' dir='ltr' id='par_1_74' title="bbox 2117 3343 3701 3414">
     <span class='ocr_line' id='line_1_74' title="bbox 2117 3343 3701 3414; baseline 0.005 -17"><span class='ocrx_word' id='word_1_524' title='bbox 2117 3345 2248 3398; x_wconf 89' lang='lat' dir='ltr'><strong>illud</strong></span> <span class='ocrx_word' id='word_1_525' title='bbox 2295 3343 2420 3409; x_wconf 82' lang='lat' dir='ltr'><strong>fuit,</strong></span> <span class='ocrx_word' id='word_1_526' title='bbox 2464 3343 2610 3414; x_wconf 89' lang='lat' dir='ltr'><strong>quod</strong></span> <span class='ocrx_word' id='word_1_527' title='bbox 2645 3360 2740 3413; x_wconf 90' lang='lat' dir='ltr'><strong>per</strong></span> <span class='ocrx_word' id='word_1_528' title='bbox 2782 3360 2930 3400; x_wconf 84' lang='lat' dir='ltr'><strong>mare</strong></span> <span class='ocrx_word' id='word_1_529' title='bbox 2963 3355 3016 3400; x_wconf 93' lang='lat' dir='ltr'><strong>et</strong></span> <span class='ocrx_word' id='word_1_530' title='bbox 3049 3349 3247 3402; x_wconf 87' lang='lat' dir='ltr'><strong>nubem</strong></span> <span class='ocrx_word' id='word_1_531' title='bbox 3281 3349 3486 3402; x_wconf 78' lang='lat' dir='ltr'><strong>factum</strong></span> <span class='ocrx_word' id='word_1_532' title='bbox 3518 3360 3602 3404; x_wconf 91' lang='lat' dir='ltr'><strong>est</strong></span> <span class='ocrx_word' id='word_1_533' title='bbox 3662 3354 3701 3404; x_wconf 85' lang='grc'><strong>³.</strong></span> 
     </span>
    </p>
   </div>
   <div class='ocr_carea' id='block_1_75' title="bbox 2119 3434 3699 3508">
    <p class='ocr_par' dir='ltr' id='par_1_75' title="bbox 2119 3434 3699 3508">
     <span class='ocr_line' id='line_1_75' title="bbox 2119 3434 3699 3508; baseline 0.004 -19"><span class='ocrx_word' id='word_1_534' title='bbox 2119 3435 2402 3505; x_wconf 89' lang='lat' dir='ltr'><strong>Siquidem</strong></span> <span class='ocrx_word' id='word_1_535' title='bbox 2463 3436 2658 3497; x_wconf 91' lang='lat' dir='ltr'><strong>nubes,</strong></span> <span class='ocrx_word' id='word_1_536' title='bbox 2722 3434 2998 3504; x_wconf 84' lang='lat' dir='ltr'><strong>Spiritus;</strong></span> <span class='ocrx_word' id='word_1_537' title='bbox 3048 3453 3220 3500; x_wconf 89' lang='lat' dir='ltr'><strong>mare,</strong></span> <span class='ocrx_word' id='word_1_538' title='bbox 3261 3455 3415 3507; x_wconf 77' lang='lat' dir='ltr'><strong>aquce</strong></span> <span class='ocrx_word' id='word_1_539' title='bbox 3473 3441 3699 3508; x_wconf 78' lang='lat' dir='ltr'><strong>ligurum</strong></span> 
     </span>
    </p>
   </div>
   <div class='ocr_carea' id='block_1_76' title="bbox 2118 3519 3702 3599">
    <p class='ocr_par' dir='ltr' id='par_1_76' title="bbox 2118 3519 3702 3599">
     <span class='ocr_line' id='line_1_76' title="bbox 2118 3519 3702 3599; baseline 0.001 -18"><span class='ocrx_word' id='word_1_540' title='bbox 2118 3528 2338 3597; x_wconf 80' lang='lat' dir='ltr'><strong>gerebat</strong></span> <span class='ocrx_word' id='word_1_541' title='bbox 2396 3519 2434 3578; x_wconf 73' lang='grc'><strong>⁸.</strong></span> <span class='ocrx_word' id='word_1_542' title='bbox 2473 3525 2717 3580; x_wconf 90' lang='lat' dir='ltr'><strong>Tertimn</strong></span> <span class='ocrx_word' id='word_1_543' title='bbox 2754 3527 2927 3595; x_wconf 77' lang='lat' dir='ltr'><strong>legale</strong></span> <span class='ocrx_word' id='word_1_544' title='bbox 2966 3540 3101 3582; x_wconf 89' lang='lat' dir='ltr'><strong>erat.</strong></span> <span class='ocrx_word' id='word_1_545' title='bbox 3131 3529 3396 3599; x_wconf 80' lang='lat' dir='ltr'><strong>Quisquis</strong></span> <span class='ocrx_word' id='word_1_546' title='bbox 3427 3532 3572 3584; x_wconf 90' lang='lat' dir='ltr'><strong>enim</strong></span> <span class='ocrx_word' id='word_1_547' title='bbox 3606 3535 3702 3584; x_wconf 81' lang='lat' dir='ltr'><strong>im-</strong></span> 
     </span>
    </p>
   </div>
   <div class='ocr_carea' id='block_1_77' title="bbox 2120 3615 3702 3687">
    <p class='ocr_par' dir='ltr' id='par_1_77' title="bbox 2120 3615 3702 3687">
     <span class='ocr_line' id='line_1_77' title="bbox 2120 3615 3702 3687; baseline 0.005 -21"><span class='ocrx_word' id='word_1_548' title='bbox 2120 3617 2356 3669; x_wconf 70' lang='lat' dir='ltr'><strong>mundus</strong></span> <span class='ocrx_word' id='word_1_549' title='bbox 2395 3620 2562 3677; x_wconf 88' lang='lat' dir='ltr'><strong>esset,</strong></span> <span class='ocrx_word' id='word_1_550' title='bbox 2621 3628 2762 3683; x_wconf 85' lang='lat' dir='ltr'><strong>aqua</strong></span> <span class='ocrx_word' id='word_1_551' title='bbox 2817 3615 3164 3678; x_wconf 88' lang='lat' dir='ltr'><strong>abluebatur,</strong></span> <span class='ocrx_word' id='word_1_552' title='bbox 3229 3628 3407 3674; x_wconf 79' lang='lat' dir='ltr'><strong>\CSlCS</strong></span> <span class='ocrx_word' id='word_1_553' title='bbox 3467 3622 3702 3687; x_wconf 82' lang='lat' dir='ltr'><strong>lavabat,</strong></span> 
     </span>
    </p>
   </div>
   <div class='ocr_carea' id='block_1_78' title="bbox 2121 3712 3706 3782">
    <p class='ocr_par' dir='ltr' id='par_1_78' title="bbox 2121 3712 3706 3782">
     <span class='ocr_line' id='line_1_78' title="bbox 2121 3712 3706 3782; baseline 0.005 -17"><span class='ocrx_word' id='word_1_554' title='bbox 2121 3722 2284 3781; x_wconf 86' lang='lat' dir='ltr'><strong>atque</strong></span> <span class='ocrx_word' id='word_1_555' title='bbox 2340 3712 2410 3766; x_wconf 86' lang='lat' dir='ltr'><strong>ita</strong></span> <span class='ocrx_word' id='word_1_556' title='bbox 2469 3712 2522 3765; x_wconf 91' lang='lat' dir='ltr'><strong>in</strong></span> <span class='ocrx_word' id='word_1_557' title='bbox 2577 3723 2759 3768; x_wconf 86' lang='lat' dir='ltr'><strong>castra</strong></span> <span class='ocrx_word' id='word_1_558' title='bbox 2801 3713 3210 3782; x_wconf 88' lang='lat' dir='ltr'><strong>ingrediebatur</strong></span> <span class='ocrx_word' id='word_1_559' title='bbox 3267 3713 3308 3766; x_wconf 83' lang='grc'><strong>⁵.</strong></span> <span class='ocrx_word' id='word_1_560' title='bbox 3446 3715 3706 3776; x_wconf 74' lang='lat' dir='ltr'><strong>Quartum</strong></span> 
     </span>
    </p>
   </div>
   <div class='ocr_carea' id='block_1_79' title="bbox 2120 3804 3708 3876">
    <p class='ocr_par' dir='ltr' id='par_1_79' title="bbox 2120 3804 3708 3876">
     <span class='ocr_line' id='line_1_79' title="bbox 2120 3804 3708 3876; baseline 0.001 -18"><span class='ocrx_word' id='word_1_561' title='bbox 2120 3804 2345 3859; x_wconf 89' lang='lat' dir='ltr'><strong>Joannis</strong></span> <span class='ocrx_word' id='word_1_562' title='bbox 2371 3805 2493 3870; x_wconf 78' lang='lat' dir='ltr'><strong>fuit,</strong></span> <span class='ocrx_word' id='word_1_563' title='bbox 2533 3806 2679 3876; x_wconf 90' lang='lat' dir='ltr'><strong>quod</strong></span> <span class='ocrx_word' id='word_1_564' title='bbox 2714 3807 2836 3860; x_wconf 89' lang='lat' dir='ltr'><strong>illos</strong></span> <span class='ocrx_word' id='word_1_565' title='bbox 2880 3807 2973 3874; x_wconf 85' lang='lat' dir='ltr'><strong>qui</strong></span> <span class='ocrx_word' id='word_1_566' title='bbox 3002 3806 3447 3874; x_wconf 86' lang='lat' dir='ltr'><strong>baptizabantur,</strong></span> <span class='ocrx_word' id='word_1_567' title='bbox 3485 3806 3549 3858; x_wconf 88' lang='lat' dir='ltr'><strong>ad</strong></span> <span class='ocrx_word' id='word_1_568' title='bbox 3595 3821 3708 3874; x_wconf 77' lang='lat' dir='ltr'><strong>poe-</strong></span> 
     </span>
    </p>
   </div>
   <div class='ocr_carea' id='block_1_80' title="bbox 2123 3899 3704 3959">
    <p class='ocr_par' dir='ltr' id='par_1_80' title="bbox 2123 3899 3704 3959">
     <span class='ocr_line' id='line_1_80' title="bbox 2123 3899 3704 3959; baseline 0.002 -7"><span class='ocrx_word' id='word_1_569' title='bbox 2123 3901 2412 3954; x_wconf 87' lang='lat' dir='ltr'><strong>nitentiam</strong></span> <span class='ocrx_word' id='word_1_570' title='bbox 2455 3899 2782 3959; x_wconf 84' lang='lat' dir='ltr'><strong>adducebat,</strong></span> <span class='ocrx_word' id='word_1_571' title='bbox 2838 3907 2896 3952; x_wconf 89' lang='lat' dir='ltr'><strong>ut</strong></span> <span class='ocrx_word' id='word_1_572' title='bbox 2940 3899 3229 3954; x_wconf 80' lang='lat' dir='ltr'><strong>crederent</strong></span> <span class='ocrx_word' id='word_1_573' title='bbox 3283 3901 3334 3952; x_wconf 93' lang='lat' dir='ltr'><strong>in</strong></span> <span class='ocrx_word' id='word_1_574' title='bbox 3382 3899 3704 3955; x_wconf 85' lang='lat' dir='ltr'><strong>Christum:</strong></span> 
     </span>
    </p>
   </div>
   <div class='ocr_carea' id='block_1_81' title="bbox 2125 3991 3708 4060">
    <p class='ocr_par' dir='ltr' id='par_1_81' title="bbox 2125 3991 3708 4060">
     <span class='ocr_line' id='line_1_81' title="bbox 2125 3991 3708 4060; baseline 0.002 -16"><span class='ocrx_word' id='word_1_575' title='bbox 2125 3991 2234 4060; x_wconf 84' lang='lat' dir='ltr'><strong>Ego</strong></span> <span class='ocrx_word' id='word_1_576' title='bbox 2261 3993 2419 4055; x_wconf 79' lang='lat' dir='ltr'><strong>enim,</strong></span> <span class='ocrx_word' id='word_1_577' title='bbox 2455 3993 2653 4060; x_wconf 88' lang='lat' dir='ltr'><strong>inquit,</strong></span> <span class='ocrx_word' id='word_1_578' title='bbox 2686 3991 2895 4060; x_wconf 73' lang='lat' dir='ltr'><strong>baptizo</strong></span> <span class='ocrx_word' id='word_1_579' title='bbox 2922 4009 3008 4045; x_wconf 77' lang='lat' dir='ltr'><strong>vos</strong></span> <span class='ocrx_word' id='word_1_580' title='bbox 3040 4009 3178 4060; x_wconf 85' lang='lat' dir='ltr'><strong>aqua</strong></span> <span class='ocrx_word' id='word_1_581' title='bbox 3203 4007 3221 4044; x_wconf 89' lang='lat'><em>:</em></span> <span class='ocrx_word' id='word_1_582' title='bbox 3254 3993 3344 4059; x_wconf 80' lang='lat' dir='ltr'><strong>qui</strong></span> <span class='ocrx_word' id='word_1_583' title='bbox 3383 4003 3560 4044; x_wconf 83' lang='lat' dir='ltr'><strong>autem</strong></span> <span class='ocrx_word' id='word_1_584' title='bbox 3591 4003 3708 4060; x_wconf 68' lang='lat' dir='ltr'><strong>past</strong></span> 
     </span>
    </p>
   </div>
   <div class='ocr_carea' id='block_1_82' title="bbox 2125 4087 3709 4155">
    <p class='ocr_par' dir='ltr' id='par_1_82' title="bbox 2125 4087 3709 4155">
     <span class='ocr_line' id='line_1_82' title="bbox 2125 4087 3709 4155; baseline 0.004 -19"><span class='ocrx_word' id='word_1_585' title='bbox 2125 4103 2204 4139; x_wconf 85' lang='lat' dir='ltr'><strong>me</strong></span> <span class='ocrx_word' id='word_1_586' title='bbox 2251 4088 2450 4150; x_wconf 80' lang='lat' dir='ltr'><strong>veniet,</strong></span> <span class='ocrx_word' id='word_1_587' title='bbox 2500 4089 2612 4155; x_wconf 77' lang='lat' dir='ltr'><strong>ipse</strong></span> <span class='ocrx_word' id='word_1_588' title='bbox 2672 4104 2759 4140; x_wconf 79' lang='lat' dir='ltr'><strong>vos</strong></span> <span class='ocrx_word' id='word_1_589' title='bbox 2827 4087 3120 4154; x_wconf 78' lang='lat' dir='ltr'><strong>baptizabit</strong></span> <span class='ocrx_word' id='word_1_590' title='bbox 3174 4087 3376 4154; x_wconf 81' lang='lat' dir='ltr'><strong>Spiritu</strong></span> <span class='ocrx_word' id='word_1_591' title='bbox 3429 4099 3612 4140; x_wconf 81' lang='lat' dir='ltr'><strong>saneto</strong></span> <span class='ocrx_word' id='word_1_592' title='bbox 3660 4099 3709 4142; x_wconf 83' lang='lat' dir='ltr'><strong>et</strong></span> 
     </span>
    </p>
   </div>
   <div class='ocr_carea' id='block_1_83' title="bbox 2126 4181 3707 4251">
    <p class='ocr_par' dir='ltr' id='par_1_83' title="bbox 2126 4181 3707 4251">
     <span class='ocr_line' id='line_1_83' title="bbox 2126 4181 3707 4251; baseline 0.003 -19"><span class='ocrx_word' id='word_1_593' title='bbox 2126 4183 2240 4250; x_wconf 87' lang='lat' dir='ltr'><strong>igne</strong></span> <span class='ocrx_word' id='word_1_594' title='bbox 2293 4183 2334 4236; x_wconf 79' lang='grc'><strong>⁸.</strong></span> <span class='ocrx_word' id='word_1_595' title='bbox 2372 4181 2562 4251; x_wconf 88' lang='lat' dir='ltr'><strong>Itaque</strong></span> <span class='ocrx_word' id='word_1_596' title='bbox 2601 4182 2843 4237; x_wconf 86' lang='lat' dir='ltr'><strong>Joannes</strong></span> <span class='ocrx_word' id='word_1_597' title='bbox 2885 4183 2951 4235; x_wconf 87' lang='lat' dir='ltr'><strong>ad</strong></span> <span class='ocrx_word' id='word_1_598' title='bbox 2981 4183 3247 4251; x_wconf 83' lang='lat' dir='ltr'><strong>Spiritum</strong></span> <span class='ocrx_word' id='word_1_599' title='bbox 3285 4183 3707 4250; x_wconf 85' lang='lat' dir='ltr'><strong>suscipiendum</strong></span> 
     </span>
    </p>
   </div>
   <div class='ocr_carea' id='block_1_84' title="bbox 2127 4272 3713 4343">
    <p class='ocr_par' dir='ltr' id='par_1_84' title="bbox 2127 4272 3713 4343">
     <span class='ocr_line' id='line_1_84' title="bbox 2127 4272 3713 4343; baseline -0.001 -17"><span class='ocrx_word' id='word_1_600' title='bbox 2127 4283 2251 4326; x_wconf 88' lang='lat' dir='ltr'><strong>ante</strong></span> <span class='ocrx_word' id='word_1_601' title='bbox 2302 4290 2398 4342; x_wconf 83' lang='lat' dir='ltr'><strong>per</strong></span> <span class='ocrx_word' id='word_1_602' title='bbox 2433 4290 2630 4342; x_wconf 90' lang='lat' dir='ltr'><strong>aquam</strong></span> <span class='ocrx_word' id='word_1_603' title='bbox 2692 4274 2978 4343; x_wconf 83' lang='lat' dir='ltr'><strong>purgabat.</strong></span> <span class='ocrx_word' id='word_1_604' title='bbox 3036 4274 3323 4337; x_wconf 79' lang='lat' dir='ltr'><strong>Quintum,</strong></span> <span class='ocrx_word' id='word_1_605' title='bbox 3363 4272 3578 4326; x_wconf 91' lang='lat' dir='ltr'><strong>Domini</strong></span> <span class='ocrx_word' id='word_1_606' title='bbox 3618 4275 3713 4326; x_wconf 88' lang='lat' dir='ltr'><strong>ha-</strong></span> 
     </span>
    </p>
   </div>
   <div class='ocr_carea' id='block_1_85' title="bbox 2128 4364 3715 4436">
    <p class='ocr_par' dir='ltr' id='par_1_85' title="bbox 2128 4364 3715 4436">
     <span class='ocr_line' id='line_1_85' title="bbox 2128 4364 3715 4436; baseline 0 -19"><span class='ocrx_word' id='word_1_607' title='bbox 2128 4366 2344 4433; x_wconf 80' lang='lat' dir='ltr'><strong>ptisma,</strong></span> <span class='ocrx_word' id='word_1_608' title='bbox 2390 4381 2499 4434; x_wconf 91' lang='lat' dir='ltr'><strong>quo</strong></span> <span class='ocrx_word' id='word_1_609' title='bbox 2550 4366 2666 4436; x_wconf 85' lang='lat' dir='ltr'><strong>ipse</strong></span> <span class='ocrx_word' id='word_1_610' title='bbox 2715 4365 3031 4435; x_wconf 82' lang='lat' dir='ltr'><strong>baptizatus</strong></span> <span class='ocrx_word' id='word_1_611' title='bbox 3084 4365 3206 4419; x_wconf 81' lang='lat' dir='ltr'><strong>fuit.</strong></span> <span class='ocrx_word' id='word_1_612' title='bbox 3266 4364 3585 4434; x_wconf 70' lang='lat' dir='ltr'><strong>Baptizatus</strong></span> <span class='ocrx_word' id='word_1_613' title='bbox 3632 4374 3715 4418; x_wconf 88' lang='lat' dir='ltr'><strong>est</strong></span> 
     </span>
    </p>
   </div>
   <div class='ocr_carea' id='block_1_86' title="bbox 2128 4454 3711 4523">
    <p class='ocr_par' dir='ltr' id='par_1_86' title="bbox 2128 4454 3711 4523">
     <span class='ocr_line' id='line_1_86' title="bbox 2128 4454 3711 4523; baseline 0.003 -20"><span class='ocrx_word' id='word_1_614' title='bbox 2128 4462 2334 4514; x_wconf 89' lang='lat' dir='ltr'><strong>autem,</strong></span> <span class='ocrx_word' id='word_1_615' title='bbox 2391 4469 2498 4506; x_wconf 92' lang='lat' dir='ltr'><strong>non</strong></span> <span class='ocrx_word' id='word_1_616' title='bbox 2545 4454 2689 4522; x_wconf 90' lang='lat' dir='ltr'><strong>quod</strong></span> <span class='ocrx_word' id='word_1_617' title='bbox 2745 4455 2862 4523; x_wconf 82' lang='lat' dir='ltr'><strong>ipsc</strong></span> <span class='ocrx_word' id='word_1_618' title='bbox 2901 4454 3227 4522; x_wconf 84' lang='lat' dir='ltr'><strong>purgatione</strong></span> <span class='ocrx_word' id='word_1_619' title='bbox 3266 4455 3570 4523; x_wconf 84' lang='lat' dir='ltr'><strong>indigeret;</strong></span> <span class='ocrx_word' id='word_1_620' title='bbox 3617 4456 3711 4509; x_wconf 87' lang='lat' dir='ltr'><strong>sed</strong></span> 
     </span>
    </p>
   </div>
   <div class='ocr_carea' id='block_1_87' title="bbox 440 4540 2185 4621">
    <p class='ocr_par' dir='ltr' id='par_1_87' title="bbox 440 4540 2178 4621">
     <span class='ocr_line' id='line_1_87' title="bbox 440 4540 2178 4621; baseline 0.007 -30"><span class='ocrx_word' id='word_1_621' title='bbox 440 4540 758 4610; x_wconf 82' lang='grc' dir='ltr'>βαπτιστὴν,</span> <span class='ocrx_word' id='word_1_622' title='bbox 789 4543 874 4594; x_wconf 79' lang='grc' dir='ltr'><strong>ἵνα</strong></span> <span class='ocrx_word' id='word_1_623' title='bbox 900 4542 1165 4614; x_wconf 81' lang='grc' dir='ltr'>πληρώσῃ</span> <span class='ocrx_word' id='word_1_624' title='bbox 1196 4546 1287 4596; x_wconf 80' lang='grc' dir='ltr'><strong>τὸν</strong></span> <span class='ocrx_word' id='word_1_625' title='bbox 1326 4547 1510 4615; x_wconf 81' lang='grc' dir='ltr'>νόμον,</span> <span class='ocrx_word' id='word_1_626' title='bbox 1533 4547 1618 4599; x_wconf 85' lang='grc' dir='ltr'><strong>ἴνα</strong></span> <span class='ocrx_word' id='word_1_627' title='bbox 1648 4548 1707 4599; x_wconf 75' lang='grc' dir='ltr'>τὸ</span> <span class='ocrx_word' id='word_1_628' title='bbox 1732 4551 1830 4613; x_wconf 81' lang='grc' dir='ltr'>τῆς</span> <span class='ocrx_word' id='word_1_629' title='bbox 1857 4549 2023 4616; x_wconf 87' lang='grc' dir='ltr'>Τριά-</span> <span class='ocrx_word' id='word_1_630' title='bbox 2057 4567 2096 4621; x_wconf 84' lang='grc' dir='ltr'><strong>ι)</strong></span> <span class='ocrx_word' id='word_1_631' title='bbox 2131 4560 2178 4595; x_wconf 69' lang='grc' dir='ltr'>αἱ</span> 
     </span>
    </p>
   </div>
   <div class='ocr_carea' id='block_1_88' title="bbox 1966 4540 3711 4621">
    <p class='ocr_par' dir='ltr' id='par_1_88' title="bbox 1966 4545 3711 4621">
     <span class='ocr_line' id='line_1_88' title="bbox 1966 4545 3711 4621; baseline 0.003 -27"><span class='ocrx_word' id='word_1_632' title='bbox 1966 4551 2023 4602; x_wconf 76' lang='grc' dir='ltr'>ἀ-</span> <span class='ocrx_word' id='word_1_633' title='bbox 2057 4567 2096 4621; x_wconf 82' lang='lat' dir='ltr'>D</span> <span class='ocrx_word' id='word_1_634' title='bbox 2131 4560 2302 4597; x_wconf 83' lang='lat' dir='ltr'><strong>meam</strong></span> <span class='ocrx_word' id='word_1_635' title='bbox 2348 4545 2449 4598; x_wconf 89' lang='lat' dir='ltr'><strong>sibi</strong></span> <span class='ocrx_word' id='word_1_636' title='bbox 2501 4547 2880 4614; x_wconf 83' lang='lat' dir='ltr'><strong>purgationem</strong></span> <span class='ocrx_word' id='word_1_637' title='bbox 2918 4547 3220 4610; x_wconf 87' lang='lat' dir='ltr'><strong>asciscens,</strong></span> <span class='ocrx_word' id='word_1_638' title='bbox 3265 4559 3322 4600; x_wconf 92' lang='lat' dir='ltr'><strong>ut</strong></span> <span class='ocrx_word' id='word_1_639' title='bbox 3361 4549 3540 4616; x_wconf 82' lang='lat' dir='ltr'><strong>capita</strong></span> <span class='ocrx_word' id='word_1_640' title='bbox 3584 4550 3711 4601; x_wconf 89' lang='lat' dir='ltr'><strong>dra-</strong></span> 
     </span>
    </p>
   </div>
   <div class='ocr_carea' id='block_1_89' title="bbox 435 4631 2023 4709">
    <p class='ocr_par' dir='ltr' id='par_1_89' title="bbox 435 4631 2023 4709">
     <span class='ocr_line' id='line_1_89' title="bbox 435 4631 2023 4709; baseline 0.006 -28"><span class='ocrx_word' id='word_1_641' title='bbox 435 4631 522 4693; x_wconf 82' lang='grc' dir='ltr'>δος</span> <span class='ocrx_word' id='word_1_642' title='bbox 555 4632 880 4702; x_wconf 72' lang='grc' dir='ltr'>ἀποκαλύψῃ</span> <span class='ocrx_word' id='word_1_643' title='bbox 915 4637 1238 4705; x_wconf 80' lang='grc' dir='ltr'>μυστήριον,</span> <span class='ocrx_word' id='word_1_644' title='bbox 1273 4636 1361 4688; x_wconf 78' lang='grc' dir='ltr'>ἵνα</span> <span class='ocrx_word' id='word_1_645' title='bbox 1395 4636 1563 4700; x_wconf 81' lang='grc' dir='ltr'>τύπος</span> <span class='ocrx_word' id='word_1_646' title='bbox 1600 4639 1694 4691; x_wconf 74' lang='grc' dir='ltr'><strong>καὶ</strong></span> <span class='ocrx_word' id='word_1_647' title='bbox 1727 4640 2023 4709; x_wconf 76' lang='grc' dir='ltr'>ὑπογραμ-</span> 
     </span>
    </p>
   </div>
   <div class='ocr_carea' id='block_1_90' title="bbox 450 4723 2025 4800">
    <p class='ocr_par' dir='ltr' id='par_1_90' title="bbox 450 4723 2025 4800">
     <span class='ocr_line' id='line_1_90' title="bbox 450 4723 2025 4800; baseline 0.007 -27"><span class='ocrx_word' id='word_1_648' title='bbox 450 4723 548 4790; x_wconf 64' lang='grc' dir='ltr'><strong>μλς</strong></span> <span class='ocrx_word' id='word_1_649' title='bbox 584 4725 717 4792; x_wconf 81' lang='grc' dir='ltr'>ἡμῖν</span> <span class='ocrx_word' id='word_1_650' title='bbox 773 4725 911 4794; x_wconf 72' lang='grc' dir='ltr'>πρὸς</span> <span class='ocrx_word' id='word_1_651' title='bbox 946 4727 1006 4778; x_wconf 84' lang='grc' dir='ltr'><strong>τὸ</strong></span> <span class='ocrx_word' id='word_1_652' title='bbox 1060 4727 1421 4796; x_wconf 76' lang='grc' dir='ltr'>βαπτίζεσθαι</span> <span class='ocrx_word' id='word_1_653' title='bbox 1477 4731 1723 4800; x_wconf 78' lang='grc' dir='ltr'>γένηται.</span> <span class='ocrx_word' id='word_1_654' title='bbox 1757 4732 2025 4796; x_wconf 75' lang='grc' dir='ltr'>Βαπτιζό-</span> 
     </span>
    </p>
   </div>
   <div class='ocr_carea' id='block_1_91' title="bbox 439 4815 2024 4893">
    <p class='ocr_par' dir='ltr' id='par_1_91' title="bbox 439 4815 2024 4893">
     <span class='ocr_line' id='line_1_91' title="bbox 439 4815 2024 4893; baseline 0.008 -29"><span class='ocrx_word' id='word_1_655' title='bbox 439 4815 577 4880; x_wconf 82' lang='grc' dir='ltr'>μεοα</span> <span class='ocrx_word' id='word_1_656' title='bbox 611 4816 665 4868; x_wconf 86' lang='grc' dir='ltr'><strong>δὲ</strong></span> <span class='ocrx_word' id='word_1_657' title='bbox 698 4817 792 4870; x_wconf 73' lang='grc' dir='ltr'><strong>καὶ</strong></span> <span class='ocrx_word' id='word_1_658' title='bbox 822 4818 981 4887; x_wconf 81' lang='grc' dir='ltr'>ἡμεῖς</span> <span class='ocrx_word' id='word_1_659' title='bbox 1014 4819 1075 4870; x_wconf 85' lang='grc' dir='ltr'><strong>τὸ</strong></span> <span class='ocrx_word' id='word_1_660' title='bbox 1108 4820 1315 4871; x_wconf 84' lang='grc' dir='ltr'>τέλειον</span> <span class='ocrx_word' id='word_1_661' title='bbox 1343 4820 1436 4873; x_wconf 81' lang='grc' dir='ltr'>τοῦ</span> <span class='ocrx_word' id='word_1_662' title='bbox 1470 4823 1675 4892; x_wconf 86' lang='grc' dir='ltr'>Κυρίου</span> <span class='ocrx_word' id='word_1_663' title='bbox 1719 4823 2024 4893; x_wconf 86' lang='grc' dir='ltr'>βάπτισμα,</span> 
     </span>
    </p>
   </div>
   <div class='ocr_carea' id='block_1_92' title="bbox 436 4906 2027 4985">
    <p class='ocr_par' dir='ltr' id='par_1_92' title="bbox 436 4906 2027 4985">
     <span class='ocr_line' id='line_1_92' title="bbox 436 4906 2027 4985; baseline 0.008 -29"><span class='ocrx_word' id='word_1_664' title='bbox 436 4906 496 4957; x_wconf 68' lang='grc' dir='ltr'>τὸ</span> <span class='ocrx_word' id='word_1_665' title='bbox 530 4906 597 4957; x_wconf 83' lang='grc' dir='ltr'><strong>δι’</strong></span> <span class='ocrx_word' id='word_1_666' title='bbox 645 4907 838 4972; x_wconf 77' lang='grc' dir='ltr'>ὕδατός</span> <span class='ocrx_word' id='word_1_667' title='bbox 893 4928 951 4962; x_wconf 89' lang='grc' dir='ltr'><strong>τε</strong></span> <span class='ocrx_word' id='word_1_668' title='bbox 1000 4912 1094 4963; x_wconf 76' lang='lat' dir='ltr'><strong>xui.</strong></span> <span class='ocrx_word' id='word_1_669' title='bbox 1134 4912 1472 4981; x_wconf 82' lang='grc' dir='ltr'>Πνεύματος.</span> <span class='ocrx_word' id='word_1_670' title='bbox 1514 4916 1655 4985; x_wconf 69' lang='grc' dir='ltr'>ῐιυρὶ</span> <span class='ocrx_word' id='word_1_671' title='bbox 1704 4915 1758 4966; x_wconf 72' lang='grc' dir='ltr'><strong>δὲ</strong></span> <span class='ocrx_word' id='word_1_672' title='bbox 1808 4916 2027 4983; x_wconf 84' lang='grc' dir='ltr'>λέγεται</span> 
     </span>
    </p>
   </div>
   <div class='ocr_carea' id='block_1_93' title="bbox 439 4997 2031 5076">
    <p class='ocr_par' dir='ltr' id='par_1_93' title="bbox 439 4997 2031 5076">
     <span class='ocr_line' id='line_1_93' title="bbox 439 4997 2031 5076; baseline 0.008 -27"><span class='ocrx_word' id='word_1_673' title='bbox 439 4997 724 5065; x_wconf 75' lang='grc' dir='ltr'>βαπτίζειν</span> <span class='ocrx_word' id='word_1_674' title='bbox 754 4999 782 5050; x_wconf 85' lang='grc' dir='ltr'>ὁ</span> <span class='ocrx_word' id='word_1_675' title='bbox 818 5001 1088 5070; x_wconf 86' lang='grc' dir='ltr'>Χριστός·</span> <span class='ocrx_word' id='word_1_676' title='bbox 1123 5005 1180 5055; x_wconf 81' lang='grc' dir='ltr'>ὲν</span> <span class='ocrx_word' id='word_1_677' title='bbox 1231 5004 1364 5057; x_wconf 87' lang='grc' dir='ltr'>εῖδει</span> <span class='ocrx_word' id='word_1_678' title='bbox 1425 5005 1533 5075; x_wconf 75' lang='grc' dir='ltr'><strong>γάρ</strong></span> <span class='ocrx_word' id='word_1_679' title='bbox 1585 5007 1828 5076; x_wconf 77' lang='grc' dir='ltr'>πυρίνων</span> <span class='ocrx_word' id='word_1_680' title='bbox 1862 5012 2031 5075; x_wconf 80' lang='grc' dir='ltr'>γλωσ-</span> 
     </span>
    </p>
   </div>
   <div class='ocr_carea' id='block_1_94' title="bbox 444 5089 2029 5170">
    <p class='ocr_par' dir='ltr' id='par_1_94' title="bbox 444 5089 2029 5170">
     <span class='ocr_line' id='line_1_94' title="bbox 444 5089 2029 5170; baseline 0.009 -31"><span class='ocrx_word' id='word_1_681' title='bbox 444 5089 551 5140; x_wconf 78' lang='grc' dir='ltr'><strong>σῶν</strong></span> <span class='ocrx_word' id='word_1_682' title='bbox 581 5091 674 5142; x_wconf 74' lang='grc' dir='ltr'><strong>ἐπὶ</strong></span> <span class='ocrx_word' id='word_1_683' title='bbox 706 5092 835 5155; x_wconf 73' lang='grc' dir='ltr'>τοὺς</span> <span class='ocrx_word' id='word_1_684' title='bbox 868 5093 1058 5159; x_wconf 81' lang='grc' dir='ltr'>ἁγίους</span> <span class='ocrx_word' id='word_1_685' title='bbox 1087 5096 1421 5159; x_wconf 88' lang='grc' dir='ltr'>ἀποστόλους</span> <span class='ocrx_word' id='word_1_686' title='bbox 1457 5099 1553 5167; x_wconf 85' lang='grc' dir='ltr'><strong>τὴν</strong></span> <span class='ocrx_word' id='word_1_687' title='bbox 1586 5099 1681 5151; x_wconf 78' lang='grc' dir='ltr'>τοῦ</span> <span class='ocrx_word' id='word_1_688' title='bbox 1712 5099 2029 5170; x_wconf 86' lang='grc' dir='ltr'>Πνεύματος</span> 
     </span>
    </p>
   </div>
   <div class='ocr_carea' id='block_1_95' title="bbox 443 5183 2030 5261">
    <p class='ocr_par' dir='ltr' id='par_1_95' title="bbox 443 5183 2030 5261">
     <span class='ocr_line' id='line_1_95' title="bbox 443 5183 2030 5261; baseline 0.008 -28"><span class='ocrx_word' id='word_1_689' title='bbox 443 5183 605 5253; x_wconf 87' lang='grc' dir='ltr'>χάριν</span> <span class='ocrx_word' id='word_1_690' title='bbox 633 5183 866 5253; x_wconf 78' lang='grc' dir='ltr'>ἐξέχεεν,</span> <span class='ocrx_word' id='word_1_691' title='bbox 892 5187 967 5249; x_wconf 78' lang='grc' dir='ltr'>ὥς</span> <span class='ocrx_word' id='word_1_692' title='bbox 997 5206 1165 5256; x_wconf 83' lang='grc' dir='ltr'>φησιν</span> <span class='ocrx_word' id='word_1_693' title='bbox 1192 5190 1353 5253; x_wconf 72' lang='grc' dir='ltr'>αὐτὸς</span> <span class='ocrx_word' id='word_1_694' title='bbox 1379 5193 1406 5243; x_wconf 89' lang='grc' dir='ltr'>ὀ</span> <span class='ocrx_word' id='word_1_695' title='bbox 1438 5191 1665 5261; x_wconf 84' lang='grc' dir='ltr'>Κύριος,</span> <span class='ocrx_word' id='word_1_696' title='bbox 1707 5194 1788 5247; x_wconf 83' lang='grc' dir='ltr'>ὅτι</span> <span class='ocrx_word' id='word_1_697' title='bbox 1832 5193 2030 5246; x_wconf 79' lang='grc' dir='ltr'>Ἰωάν-</span> 
     </span>
    </p>
   </div>
   <div class='ocr_carea' id='block_1_96' title="bbox 441 5277 2030 5353">
    <p class='ocr_par' dir='ltr' id='par_1_96' title="bbox 441 5277 2030 5353">
     <span class='ocr_line' id='line_1_96' title="bbox 441 5277 2030 5353; baseline 0.009 -26"><span class='ocrx_word' id='word_1_698' title='bbox 441 5293 552 5342; x_wconf 80' lang='grc' dir='ltr'>νης</span> <span class='ocrx_word' id='word_1_699' title='bbox 580 5278 698 5344; x_wconf 83' lang='grc' dir='ltr'><strong>μὲν</strong></span> <span class='ocrx_word' id='word_1_700' title='bbox 724 5277 1052 5334; x_wconf 75' lang='grc' dir='ltr'>ἐϐάπτισεν</span> <span class='ocrx_word' id='word_1_701' title='bbox 1094 5283 1288 5347; x_wconf 78' lang='grc' dir='ltr'>ὕδατι,</span> <span class='ocrx_word' id='word_1_702' title='bbox 1320 5285 1489 5350; x_wconf 79' lang='grc' dir='ltr'>ὑμεῖς</span> <span class='ocrx_word' id='word_1_703' title='bbox 1520 5286 1587 5337; x_wconf 77' lang='grc' dir='ltr'><strong>δὲ</strong></span> <span class='ocrx_word' id='word_1_704' title='bbox 1609 5288 2030 5353; x_wconf 74' lang='grc' dir='ltr'>,ϐαπτισθήσε-</span> 
     </span>
    </p>
   </div>
   <div class='ocr_carea' id='block_1_97' title="bbox 439 5366 2034 5447">
    <p class='ocr_par' dir='ltr' id='par_1_97' title="bbox 439 5366 2034 5447">
     <span class='ocr_line' id='line_1_97' title="bbox 439 5366 2034 5447; baseline 0.011 -30"><span class='ocrx_word' id='word_1_705' title='bbox 439 5369 548 5419; x_wconf 82' lang='grc' dir='ltr'><strong>σθε</strong></span> <span class='ocrx_word' id='word_1_706' title='bbox 569 5366 638 5418; x_wconf 82' lang='grc' dir='ltr'><strong>ἐν</strong></span> <span class='ocrx_word' id='word_1_707' title='bbox 673 5369 974 5437; x_wconf 72' lang='grc' dir='ltr'>Πνεύμίιτι</span> <span class='ocrx_word' id='word_1_708' title='bbox 1009 5373 1156 5440; x_wconf 70' lang='grc' dir='ltr'>ἁγίῳ</span> <span class='ocrx_word' id='word_1_709' title='bbox 1192 5374 1288 5426; x_wconf 77' lang='grc' dir='ltr'>καὶ</span> <span class='ocrx_word' id='word_1_710' title='bbox 1321 5376 1482 5442; x_wconf 77' lang='grc' dir='ltr'>πυρὶ,</span> <span class='ocrx_word' id='word_1_711' title='bbox 1512 5379 1583 5430; x_wconf 82' lang='grc' dir='ltr'>οὐ</span> <span class='ocrx_word' id='word_1_712' title='bbox 1615 5379 1768 5447; x_wconf 79' lang='grc' dir='ltr'>μετὰ</span> <span class='ocrx_word' id='word_1_713' title='bbox 1797 5382 2034 5446; x_wconf 69' lang='grc' dir='ltr'>πολλὰς</span> 
     </span>
    </p>
   </div>
   <div class='ocr_carea' id='block_1_98' title="bbox 439 5457 2026 5541">
    <p class='ocr_par' dir='ltr' id='par_1_98' title="bbox 439 5457 2026 5541">
     <span class='ocr_line' id='line_1_98' title="bbox 439 5457 2026 5541; baseline 0.011 -34"><span class='ocrx_word' id='word_1_714' title='bbox 439 5457 659 5522; x_wconf 80' lang='grc' dir='ltr'>ταύτας</span> <span class='ocrx_word' id='word_1_715' title='bbox 701 5459 952 5528; x_wconf 76' lang='grc' dir='ltr'>ἡμέρας·</span> <span class='ocrx_word' id='word_1_716' title='bbox 985 5463 1016 5532; x_wconf 84' lang='grc' dir='ltr'>ἢ</span> <span class='ocrx_word' id='word_1_717' title='bbox 1049 5463 1137 5517; x_wconf 72' lang='grc' dir='ltr'><strong>διὰ</strong></span> <span class='ocrx_word' id='word_1_718' title='bbox 1166 5464 1224 5516; x_wconf 83' lang='grc' dir='ltr'>τὺ</span> <span class='ocrx_word' id='word_1_719' title='bbox 1265 5465 1358 5518; x_wconf 83' lang='grc' dir='ltr'>τοῦ</span> <span class='ocrx_word' id='word_1_720' title='bbox 1398 5467 1685 5536; x_wconf 79' lang='grc' dir='ltr'>μέλλοντος</span> <span class='ocrx_word' id='word_1_721' title='bbox 1727 5470 1899 5541; x_wconf 77' lang='grc' dir='ltr'>πυρὸς</span> <span class='ocrx_word' id='word_1_722' title='bbox 1929 5490 2026 5524; x_wconf 86' lang='grc' dir='ltr'>κο-</span> 
     </span>
    </p>
   </div>
   <div class='ocr_carea' id='block_1_99' title="bbox 441 5545 2030 5633">
    <p class='ocr_par' dir='ltr' id='par_1_99' title="bbox 441 5545 2030 5633">
     <span class='ocr_line' id='line_1_99' title="bbox 441 5545 2030 5633; baseline 0.013 -35"><span class='ocrx_word' id='word_1_723' title='bbox 441 5545 697 5602; x_wconf 75' lang='grc' dir='ltr'>λαστικὸν</span> <span class='ocrx_word' id='word_1_724' title='bbox 728 5551 1039 5623; x_wconf 84' lang='grc' dir='ltr'>βάπτισμα.</span> <span class='ocrx_word' id='word_1_725' title='bbox 1080 5556 1312 5622; x_wconf 76' lang='grc' dir='ltr'>Ἕκτον,</span> <span class='ocrx_word' id='word_1_726' title='bbox 1342 5557 1402 5611; x_wconf 79' lang='grc' dir='ltr'>τὸ</span> <span class='ocrx_word' id='word_1_727' title='bbox 1439 5559 1528 5614; x_wconf 75' lang='grc' dir='ltr'><strong>διὰ</strong></span> <span class='ocrx_word' id='word_1_728' title='bbox 1587 5564 1883 5633; x_wconf 88' lang='grc' dir='ltr'>μετανοίας</span> <span class='ocrx_word' id='word_1_729' title='bbox 1936 5568 2030 5618; x_wconf 74' lang='grc' dir='ltr'><strong>καὶ</strong></span> 
     </span>
    </p>
   </div>
   <div class='ocr_carea' id='block_1_100' title="bbox 534 5800 1034 5865">
    <p class='ocr_par' dir='ltr' id='par_1_100' title="bbox 534 5800 1034 5865">
     <span class='ocr_line' id='line_1_100' title="bbox 534 5800 1034 5865; baseline -0.002 -10"><span class='ocrx_word' id='word_1_730' title='bbox 534 5800 620 5855; x_wconf 70' lang='grc' dir='ltr'><strong>ι11</strong></span> <span class='ocrx_word' id='word_1_731' title='bbox 657 5802 800 5856; x_wconf 88' lang='lat' dir='ltr'><strong>Petr.</strong></span> <span class='ocrx_word' id='word_1_732' title='bbox 835 5819 868 5856; x_wconf 92' lang='grc' dir='ltr'><strong>ιι</strong></span> <span class='ocrx_word' id='word_1_733' title='bbox 901 5845 911 5865; x_wconf 91' lang='grc'><strong>,</strong></span> <span class='ocrx_word' id='word_1_734' title='bbox 943 5805 1034 5857; x_wconf 67' lang='lat'><strong>22.</strong></span> 
     </span>
    </p>
   </div>
   <div class='ocr_carea' id='block_1_101' title="bbox 467 5874 1016 5935">
    <p class='ocr_par' dir='ltr' id='par_1_101' title="bbox 467 5874 1016 5935">
     <span class='ocr_line' id='line_1_101' title="bbox 467 5874 1016 5935; baseline 0.004 -5"><span class='ocrx_word' id='word_1_735' title='bbox 467 5874 487 5906; x_wconf 85' lang='lat'><strong>&#39;</strong></span> <span class='ocrx_word' id='word_1_736' title='bbox 523 5874 668 5930; x_wconf 82' lang='lat' dir='ltr'><strong>Psal.</strong></span> <span class='ocrx_word' id='word_1_737' title='bbox 707 5890 894 5935; x_wconf 78' lang='lat' dir='ltr'><strong>Lxxut,</strong></span> <span class='ocrx_word' id='word_1_738' title='bbox 933 5877 1016 5932; x_wconf 76' lang='lat' dir='ltr'><strong>l3.</strong></span> 
     </span>
    </p>
   </div>
   <div class='ocr_carea' id='block_1_102' title="bbox 707 5972 1451 6035">
    <p class='ocr_par' dir='ltr' id='par_1_102' title="bbox 707 5972 1451 6035">
     <span class='ocr_line' id='line_1_102' title="bbox 707 5972 1451 6035; baseline 0.005 -5"><span class='ocrx_word' id='word_1_739' title='bbox 707 5972 978 6032; x_wconf 73' lang='grc' dir='ltr'>1³Ατιιοι..</span> <span class='ocrx_word' id='word_1_740' title='bbox 1025 5975 1140 6034; x_wconf 75' lang='lat' dir='ltr'><strong>(in.</strong></span> <span class='ocrx_word' id='word_1_741' title='bbox 1191 5973 1451 6035; x_wconf 73' lang='lat' dir='ltr'><strong>CXXX.</strong></span> 
     </span>
    </p>
   </div>
   <div class='ocr_carea' id='block_1_103' title="bbox 1143 5802 2068 5872">
    <p class='ocr_par' dir='ltr' id='par_1_103' title="bbox 1143 5802 2068 5872">
     <span class='ocr_line' id='line_1_103' title="bbox 1143 5802 2068 5872; baseline 0.004 -14"><span class='ocrx_word' id='word_1_742' title='bbox 1143 5804 1162 5833; x_wconf 84' lang='grc'>¹</span> <span class='ocrx_word' id='word_1_743' title='bbox 1187 5802 1301 5858; x_wconf 89' lang='lat' dir='ltr'><strong>Jac.</strong></span> <span class='ocrx_word' id='word_1_744' title='bbox 1339 5820 1400 5870; x_wconf 89' lang='grc' dir='ltr'><strong>ιι,</strong></span> <span class='ocrx_word' id='word_1_745' title='bbox 1427 5804 1518 5861; x_wconf 70' lang='lat'><strong>26.</strong></span> <span class='ocrx_word' id='word_1_746' title='bbox 1625 5804 1645 5837; x_wconf 83' lang='grc'><em>³</em></span> <span class='ocrx_word' id='word_1_747' title='bbox 1678 5803 1814 5861; x_wconf 84' lang='lat' dir='ltr'><strong>Gen.</strong></span> <span class='ocrx_word' id='word_1_748' title='bbox 1843 5820 1938 5872; x_wconf 80' lang='lat' dir='ltr'><strong>vn,</strong></span> <span class='ocrx_word' id='word_1_749' title='bbox 1985 5807 2068 5861; x_wconf 86' lang='grc'><strong>17.</strong></span> 
     </span>
    </p>
   </div>
   <div class='ocr_carea' id='block_1_104' title="bbox 2129 4636 3716 4708">
    <p class='ocr_par' dir='ltr' id='par_1_104' title="bbox 2129 4636 3716 4708">
     <span class='ocr_line' id='line_1_104' title="bbox 2129 4636 3716 4708; baseline 0.004 -20"><span class='ocrx_word' id='word_1_750' title='bbox 2129 4651 2327 4688; x_wconf 91' lang='lat' dir='ltr'><strong>conum</strong></span> <span class='ocrx_word' id='word_1_751' title='bbox 2363 4637 2414 4687; x_wconf 93' lang='lat' dir='ltr'><strong>in</strong></span> <span class='ocrx_word' id='word_1_752' title='bbox 2448 4636 2606 4704; x_wconf 90' lang='lat' dir='ltr'><strong>aquis</strong></span> <span class='ocrx_word' id='word_1_753' title='bbox 2641 4645 2956 4691; x_wconf 79' lang='lat' dir='ltr'><strong>cotttererct</strong></span> <span class='ocrx_word' id='word_1_754' title='bbox 3004 4639 3056 4702; x_wconf 86' lang='grc'><strong>⁷;</strong></span> <span class='ocrx_word' id='word_1_755' title='bbox 3103 4646 3162 4690; x_wconf 84' lang='grc' dir='ltr'><strong>ιιι</strong></span> <span class='ocrx_word' id='word_1_756' title='bbox 3199 4649 3481 4708; x_wconf 85' lang='lat' dir='ltr'><strong>peccatum</strong></span> <span class='ocrx_word' id='word_1_757' title='bbox 3518 4641 3716 4694; x_wconf 89' lang='lat' dir='ltr'><strong>obrue-</strong></span> 
     </span>
    </p>
   </div>
   <div class='ocr_carea' id='block_1_105' title="bbox 2132 4729 3716 4800">
    <p class='ocr_par' dir='ltr' id='par_1_105' title="bbox 2132 4729 3716 4800">
     <span class='ocr_line' id='line_1_105' title="bbox 2132 4729 3716 4800; baseline 0.004 -23"><span class='ocrx_word' id='word_1_758' title='bbox 2132 4734 2245 4788; x_wconf 90' lang='lat' dir='ltr'><strong>ret,</strong></span> <span class='ocrx_word' id='word_1_759' title='bbox 2283 4742 2346 4779; x_wconf 89' lang='lat' dir='ltr'><strong>ac</strong></span> <span class='ocrx_word' id='word_1_760' title='bbox 2377 4734 2550 4779; x_wconf 91' lang='lat' dir='ltr'><strong>totum</strong></span> <span class='ocrx_word' id='word_1_761' title='bbox 2587 4737 2822 4781; x_wconf 81' lang='lat' dir='ltr'><strong>veterem</strong></span> <span class='ocrx_word' id='word_1_762' title='bbox 2857 4729 3130 4781; x_wconf 81' lang='lat' dir='ltr'><strong>Adamum</strong></span> <span class='ocrx_word' id='word_1_763' title='bbox 3166 4729 3218 4782; x_wconf 91' lang='lat' dir='ltr'><strong>in</strong></span> <span class='ocrx_word' id='word_1_764' title='bbox 3256 4745 3397 4800; x_wconf 87' lang='lat' dir='ltr'><strong>aqua</strong></span> <span class='ocrx_word' id='word_1_765' title='bbox 3422 4732 3716 4800; x_wconf 76' lang='lat' dir='ltr'><strong>sepeliret;</strong></span> 
     </span>
    </p>
   </div>
   <div class='ocr_carea' id='block_1_106' title="bbox 2133 4816 3720 4887">
    <p class='ocr_par' dir='ltr' id='par_1_106' title="bbox 2133 4816 3720 4887">
     <span class='ocr_line' id='line_1_106' title="bbox 2133 4816 3720 4887; baseline 0.003 -19"><span class='ocrx_word' id='word_1_766' title='bbox 2133 4827 2188 4868; x_wconf 93' lang='lat' dir='ltr'><strong>ut</strong></span> <span class='ocrx_word' id='word_1_767' title='bbox 2220 4816 2550 4884; x_wconf 78' lang='lat' dir='ltr'><strong>baptismum</strong></span> <span class='ocrx_word' id='word_1_768' title='bbox 2579 4817 2990 4883; x_wconf 81' lang='lat' dir='ltr'><strong>sanctilicaret;</strong></span> <span class='ocrx_word' id='word_1_769' title='bbox 3031 4825 3089 4870; x_wconf 91' lang='lat' dir='ltr'><strong>ut</strong></span> <span class='ocrx_word' id='word_1_770' title='bbox 3121 4819 3293 4887; x_wconf 84' lang='lat' dir='ltr'><strong>legem</strong></span> <span class='ocrx_word' id='word_1_771' title='bbox 3526 4819 3720 4887; x_wconf 90' lang='lat' dir='ltr'><strong>imple-</strong></span> 
     </span>
    </p>
   </div>
   <div class='ocr_carea' id='block_1_107' title="bbox 2133 4905 3718 4977">
    <p class='ocr_par' dir='ltr' id='par_1_107' title="bbox 2133 4905 3718 4977">
     <span class='ocr_line' id='line_1_107' title="bbox 2133 4905 3718 4977; baseline 0 -17"><span class='ocrx_word' id='word_1_772' title='bbox 2133 4917 2248 4971; x_wconf 82' lang='lat' dir='ltr'><strong>ret;</strong></span> <span class='ocrx_word' id='word_1_773' title='bbox 2289 4914 2346 4959; x_wconf 92' lang='lat' dir='ltr'><strong>ut</strong></span> <span class='ocrx_word' id='word_1_774' title='bbox 2387 4905 2676 4961; x_wconf 88' lang='lat' dir='ltr'><strong>Trinitatis</strong></span> <span class='ocrx_word' id='word_1_775' title='bbox 2737 4907 3059 4977; x_wconf 81' lang='lat' dir='ltr'><strong>mysterium</strong></span> <span class='ocrx_word' id='word_1_776' title='bbox 3103 4909 3376 4975; x_wconf 83' lang='lat' dir='ltr'><strong>aperiret;</strong></span> <span class='ocrx_word' id='word_1_777' title='bbox 3427 4915 3485 4959; x_wconf 87' lang='lat' dir='ltr'><strong>ut</strong></span> <span class='ocrx_word' id='word_1_778' title='bbox 3546 4915 3718 4961; x_wconf 81' lang='lat' dir='ltr'><strong>scmrt</strong></span> 
     </span>
    </p>
   </div>
   <div class='ocr_carea' id='block_1_108' title="bbox 2134 4995 3719 5066">
    <p class='ocr_par' dir='ltr' id='par_1_108' title="bbox 2134 4995 3719 5066">
     <span class='ocr_line' id='line_1_108' title="bbox 2134 4995 3719 5066; baseline 0.001 -17"><span class='ocrx_word' id='word_1_779' title='bbox 2134 4997 2352 5050; x_wconf 86' lang='lat' dir='ltr'><strong>tandem</strong></span> <span class='ocrx_word' id='word_1_780' title='bbox 2386 4997 2724 5066; x_wconf 82' lang='lat' dir='ltr'><strong>suscipiendi</strong></span> <span class='ocrx_word' id='word_1_781' title='bbox 2756 4996 3014 5066; x_wconf 88' lang='lat' dir='ltr'><strong>baptismi</strong></span> <span class='ocrx_word' id='word_1_782' title='bbox 3052 4995 3285 5048; x_wconf 81' lang='lat' dir='ltr'><strong>formam</strong></span> <span class='ocrx_word' id='word_1_783' title='bbox 3322 5006 3374 5050; x_wconf 92' lang='lat' dir='ltr'><strong>et</strong></span> <span class='ocrx_word' id='word_1_784' title='bbox 3407 4999 3719 5065; x_wconf 78' lang='lat' dir='ltr'><strong>exemplum</strong></span> 
     </span>
    </p>
   </div>
   <div class='ocr_carea' id='block_1_109' title="bbox 2136 5091 3722 5161">
    <p class='ocr_par' dir='ltr' id='par_1_109' title="bbox 2136 5091 3722 5161">
     <span class='ocr_line' id='line_1_109' title="bbox 2136 5091 3722 5161; baseline -0.001 -16"><span class='ocrx_word' id='word_1_785' title='bbox 2136 5093 2422 5160; x_wconf 61' lang='lat' dir='ltr'><strong>praeberet.</strong></span> <span class='ocrx_word' id='word_1_786' title='bbox 2461 5091 2812 5161; x_wconf 82' lang='lat' dir='ltr'><strong>Baptizamur</strong></span> <span class='ocrx_word' id='word_1_787' title='bbox 2846 5102 3029 5145; x_wconf 87' lang='lat' dir='ltr'><strong>autem</strong></span> <span class='ocrx_word' id='word_1_788' title='bbox 3079 5100 3132 5145; x_wconf 91' lang='lat' dir='ltr'><strong>ct</strong></span> <span class='ocrx_word' id='word_1_789' title='bbox 3175 5107 3277 5145; x_wconf 92' lang='lat' dir='ltr'><strong>nos</strong></span> <span class='ocrx_word' id='word_1_790' title='bbox 3319 5108 3538 5161; x_wconf 82' lang='lat' dir='ltr'><strong>quoque</strong></span> <span class='ocrx_word' id='word_1_791' title='bbox 3595 5107 3722 5160; x_wconf 82' lang='lat' dir='ltr'><strong>per-</strong></span> 
     </span>
    </p>
   </div>
   <div class='ocr_carea' id='block_1_110' title="bbox 2138 5183 3725 5253">
    <p class='ocr_par' dir='ltr' id='par_1_110' title="bbox 2138 5183 3725 5253">
     <span class='ocr_line' id='line_1_110' title="bbox 2138 5183 3725 5253; baseline 0.001 -17"><span class='ocrx_word' id='word_1_792' title='bbox 2138 5185 2277 5238; x_wconf 77' lang='lat' dir='ltr'><strong>l&#39;ecto</strong></span> <span class='ocrx_word' id='word_1_793' title='bbox 2326 5183 2536 5238; x_wconf 85' lang='lat' dir='ltr'><strong>Domini</strong></span> <span class='ocrx_word' id='word_1_794' title='bbox 2592 5184 2904 5252; x_wconf 86' lang='lat' dir='ltr'><strong>baptismo,</strong></span> <span class='ocrx_word' id='word_1_795' title='bbox 2958 5199 3054 5252; x_wconf 91' lang='lat' dir='ltr'><strong>per</strong></span> <span class='ocrx_word' id='word_1_796' title='bbox 3112 5199 3308 5253; x_wconf 89' lang='lat' dir='ltr'><strong>aquam</strong></span> <span class='ocrx_word' id='word_1_797' title='bbox 3361 5184 3620 5237; x_wconf 86' lang='lat' dir='ltr'><strong>videlicet</strong></span> <span class='ocrx_word' id='word_1_798' title='bbox 3670 5193 3725 5237; x_wconf 92' lang='lat' dir='ltr'><strong>ct</strong></span> 
     </span>
    </p>
   </div>
   <div class='ocr_carea' id='block_1_111' title="bbox 2137 5274 3727 5344">
    <p class='ocr_par' dir='ltr' id='par_1_111' title="bbox 2137 5274 3727 5344">
     <span class='ocr_line' id='line_1_111' title="bbox 2137 5274 3727 5344; baseline -0.001 -15"><span class='ocrx_word' id='word_1_799' title='bbox 2137 5275 2425 5344; x_wconf 86' lang='lat' dir='ltr'><strong>Spiritum.</strong></span> <span class='ocrx_word' id='word_1_800' title='bbox 2461 5275 2633 5328; x_wconf 82' lang='lat' dir='ltr'><strong>Porro</strong></span> <span class='ocrx_word' id='word_1_801' title='bbox 2738 5275 2994 5330; x_wconf 85' lang='lat' dir='ltr'><strong>Christus</strong></span> <span class='ocrx_word' id='word_1_802' title='bbox 3043 5276 3249 5328; x_wconf 88' lang='lat' dir='ltr'><strong>idcirco</strong></span> <span class='ocrx_word' id='word_1_803' title='bbox 3283 5274 3406 5343; x_wconf 88' lang='lat' dir='ltr'><strong>igne</strong></span> <span class='ocrx_word' id='word_1_804' title='bbox 3449 5275 3727 5343; x_wconf 76' lang='lat' dir='ltr'><strong>baptizare</strong></span> 
     </span>
    </p>
   </div>
   <div class='ocr_carea' id='block_1_112' title="bbox 2136 5367 3728 5438">
    <p class='ocr_par' dir='ltr' id='par_1_112' title="bbox 2136 5367 3728 5438">
     <span class='ocr_line' id='line_1_112' title="bbox 2136 5367 3728 5438; baseline 0 -19"><span class='ocrx_word' id='word_1_805' title='bbox 2136 5369 2358 5429; x_wconf 67' lang='lat' dir='ltr'><strong>«titilur,</strong></span> <span class='ocrx_word' id='word_1_806' title='bbox 2391 5369 2518 5438; x_wconf 89' lang='lat' dir='ltr'><strong>quia</strong></span> <span class='ocrx_word' id='word_1_807' title='bbox 2552 5367 2790 5437; x_wconf 83' lang='lat' dir='ltr'><strong>Spiritus</strong></span> <span class='ocrx_word' id='word_1_808' title='bbox 2830 5368 3062 5435; x_wconf 86' lang='lat' dir='ltr'><strong>gratiam</strong></span> <span class='ocrx_word' id='word_1_809' title='bbox 3106 5368 3159 5420; x_wconf 93' lang='lat' dir='ltr'><strong>in</strong></span> <span class='ocrx_word' id='word_1_810' title='bbox 3192 5375 3410 5421; x_wconf 90' lang='lat' dir='ltr'><strong>sanctos</strong></span> <span class='ocrx_word' id='word_1_811' title='bbox 3448 5368 3728 5433; x_wconf 86' lang='lat' dir='ltr'><strong>apostolos</strong></span> 
     </span>
    </p>
   </div>
   <div class='ocr_carea' id='block_1_113' title="bbox 2135 5457 3729 5530">
    <p class='ocr_par' dir='ltr' id='par_1_113' title="bbox 2135 5457 3729 5530">
     <span class='ocr_line' id='line_1_113' title="bbox 2135 5457 3729 5530; baseline -0.003 -15"><span class='ocrx_word' id='word_1_812' title='bbox 2135 5461 2350 5523; x_wconf 78' lang='lat' dir='ltr'><strong>effudit,</strong></span> <span class='ocrx_word' id='word_1_813' title='bbox 2411 5460 2877 5530; x_wconf 88' lang='lat' dir='ltr'><strong>quemadmodum</strong></span> <span class='ocrx_word' id='word_1_814' title='bbox 2946 5459 3215 5513; x_wconf 86' lang='lat' dir='ltr'><strong>Dominus</strong></span> <span class='ocrx_word' id='word_1_815' title='bbox 3277 5459 3395 5527; x_wconf 89' lang='lat' dir='ltr'><strong>ipse</strong></span> <span class='ocrx_word' id='word_1_816' title='bbox 3462 5457 3729 5511; x_wconf 78' lang='lat' dir='ltr'><strong>dixerat:</strong></span> 
     </span>
    </p>
   </div>
   <div class='ocr_carea' id='block_1_114' title="bbox 2136 5551 3733 5626">
    <p class='ocr_par' dir='ltr' id='par_1_114' title="bbox 2136 5551 3733 5626">
     <span class='ocr_line' id='line_1_114' title="bbox 2136 5551 3733 5626; baseline -0.004 -18"><span class='ocrx_word' id='word_1_817' title='bbox 2136 5554 2370 5610; x_wconf 75' lang='lat' dir='ltr'><strong>Joannes</strong></span> <span class='ocrx_word' id='word_1_818' title='bbox 2399 5553 2608 5626; x_wconf 84' lang='lat' dir='ltr'><strong>quidem</strong></span> <span class='ocrx_word' id='word_1_819' title='bbox 2645 5552 2935 5622; x_wconf 75' lang='lat' dir='ltr'><strong>baptizavit</strong></span> <span class='ocrx_word' id='word_1_820' title='bbox 2969 5570 3129 5622; x_wconf 82' lang='lat' dir='ltr'><strong>aqua,</strong></span> <span class='ocrx_word' id='word_1_821' title='bbox 3161 5568 3249 5606; x_wconf 74' lang='lat' dir='ltr'><strong>vos</strong></span> <span class='ocrx_word' id='word_1_822' title='bbox 3285 5560 3464 5604; x_wconf 80' lang='lat' dir='ltr'><strong>autem</strong></span> <span class='ocrx_word' id='word_1_823' title='bbox 3493 5551 3733 5619; x_wconf 73' lang='lat' dir='ltr'><strong>baptiza-</strong></span> 
     </span>
    </p>
   </div>
   <div class='ocr_carea' id='block_1_115' title="bbox 2145 5803 3716 5871">
    <p class='ocr_par' dir='ltr' id='par_1_115' title="bbox 2145 5803 3716 5871">
     <span class='ocr_line' id='line_1_115' title="bbox 2145 5803 3716 5871; baseline 0 -11"><span class='ocrx_word' id='word_1_824' title='bbox 2145 5806 2166 5837; x_wconf 68' lang='lat'>‘</span> <span class='ocrx_word' id='word_1_825' title='bbox 2207 5805 2376 5863; x_wconf 87' lang='lat' dir='ltr'><strong>lCur.</strong></span> <span class='ocrx_word' id='word_1_826' title='bbox 2412 5825 2464 5871; x_wconf 74' lang='grc' dir='ltr'>χ,</span> <span class='ocrx_word' id='word_1_827' title='bbox 2501 5809 2550 5863; x_wconf 87' lang='grc'><strong>1.</strong></span> <span class='ocrx_word' id='word_1_828' title='bbox 2629 5807 2650 5838; x_wconf 88' lang='grc'><strong><em>⁵</em></strong></span> <span class='ocrx_word' id='word_1_829' title='bbox 2690 5806 2816 5862; x_wconf 84' lang='lat' dir='ltr'><strong>ch.</strong></span> <span class='ocrx_word' id='word_1_830' title='bbox 2857 5823 2962 5870; x_wconf 81' lang='lat' dir='ltr'><strong>xw,</strong></span> <span class='ocrx_word' id='word_1_831' title='bbox 3005 5807 3085 5861; x_wconf 81' lang='grc'><strong>15.</strong></span> <span class='ocrx_word' id='word_1_832' title='bbox 3191 5809 3210 5840; x_wconf 84' lang='grc'><strong>⁶</strong></span> <span class='ocrx_word' id='word_1_833' title='bbox 3247 5809 3433 5862; x_wconf 80' lang='lat' dir='ltr'><strong>Matth.</strong></span> <span class='ocrx_word' id='word_1_834' title='bbox 3475 5823 3552 5865; x_wconf 86' lang='grc' dir='ltr'>ιιι,</span> <span class='ocrx_word' id='word_1_835' title='bbox 3634 5803 3716 5860; x_wconf 91' lang='lat' dir='ltr'><strong>ll.</strong></span> 
     </span>
    </p>
   </div>
   <div class='ocr_carea' id='block_1_116' title="bbox 2629 5806 3552 5870">
    <p class='ocr_par' dir='ltr' id='par_1_116' title="bbox 2629 5806 3552 5870">
     <span class='ocr_line' id='line_1_116' title="bbox 2629 5806 3552 5870; baseline 0.002 -7"><span class='ocrx_word' id='word_1_836' title='bbox 2629 5807 2650 5838; x_wconf 87' lang='lat'><strong>&#39;</strong></span> <span class='ocrx_word' id='word_1_837' title='bbox 2690 5806 2816 5862; x_wconf 86' lang='lat' dir='ltr'><strong>ch.</strong></span> <span class='ocrx_word' id='word_1_838' title='bbox 2857 5823 2962 5870; x_wconf 80' lang='lat' dir='ltr'><strong>xw,</strong></span> <span class='ocrx_word' id='word_1_839' title='bbox 3005 5807 3085 5861; x_wconf 82' lang='grc'><strong>15.</strong></span> <span class='ocrx_word' id='word_1_840' title='bbox 3191 5809 3210 5840; x_wconf 84' lang='grc'><strong>⁶</strong></span> <span class='ocrx_word' id='word_1_841' title='bbox 3247 5809 3433 5862; x_wconf 79' lang='lat' dir='ltr'><strong>Matth.</strong></span> <span class='ocrx_word' id='word_1_842' title='bbox 3475 5823 3552 5865; x_wconf 85' lang='grc' dir='ltr'>ιιι.</span> 
     </span>
    </p>
   </div>
   <div class='ocr_carea' id='block_1_117' title="bbox 3404 5970 3477 6031">
    <p class='ocr_par' dir='ltr' id='par_1_117' title="bbox 3404 5970 3477 6031">
     <span class='ocr_line' id='line_1_117' title="bbox 3404 5970 3477 6031; baseline 0.027 -2"><span class='ocrx_word' id='word_1_843' title='bbox 3404 5970 3477 6031; x_wconf 57' lang='lat'><strong>&#39;40</strong></span> 
     </span>
    </p>
   </div>
  </div>
