4420 6462
468 349 594 409 1201

1371 346 1738 407 I‘ANOI'HA
1789 351 2244 414 DOGMATICA.
2279 381 2335 390 -
2372 359 2518 416 ΤΙΤ.
2565 361 2718 418 XXV

3555 371 3682 433 1263

460 460 734 544 ιιερὶτῆρ
759 457 1282 544 μεταλήψίειιὶςτοῡ
1315 465 1678 544 ,Μίνω-ποτικοί)
1737 464 2005 540 σώματος
2044 471 2084 520 Λ
2115 467 2184 518 1).»

1916 481 2005 540 τος
2044 471 2084 520 Λ
2115 467 2655 544 Detransmutatione
2709 471 2967 544 Dominici
3008 478 3238 538 corporis
3265 486 3310 526 el
3371 480 3661 544 sanguinis.

531 530 628 580 καί
651 533 917 595 αἵματος,
947 528 1050 580 τοῦ
1087 527 1339 595 Νύσσης
1369 531 1435 581 ἐι
1470 531 1572 583 τοῦ
1603 527 2011 598 κατηχήτικυύ

525 603 729 665 .lo’yov.

532 691 738 755 Ὥσπερ
765 691 814 742 al
830 691 1149 759 δηλητήριον
1171 690 1544 762 δι’ἐπιϐουλῆς
1568 691 1842 752 λαϐόντες,
1868 693 2014 760 ἄλλῳ

459 795 496 846 φ
537 782 841 847 ρμάκῳτὴν
861 781 1176 849 σοοροποιὸν
1191 781 1415 849 δύναμιν
1434 781 1683 834 ἔσϐεσανο
1699 783 1802 852 χρὴ
1820 784 2012 838 δὲκαθ’

454 873 740 940 ὁμοιότητα
773 872 862 924 τοῦ
887 873 1129 943 ὀλεορὲου
1163 877 1256 927 καὶ
1286 879 1360 952 τὺ⁸
1379 877 1714 949 άλεξιτήριον
1743 883 1892 944 ἐντὸς
1919 882 2027 934 τῶν

455 962 804 1031 ἀνθρωπίνων
833 965 1081 1032 γενέσθαι
1121 967 1463 1037 σπλάγχνων,
1497 969 1572 1031 ὡς
1605 971 1672 1022 ἂν
1703 972 1769 1024 δι’
1804 974 2026 1026 ἐκείνων

455 1054 536 1117 ἐφ’
574 1046 717 1105 Sena»
773 1056 1200 1126 καταμερισθείη
1225 1059 1285 1109 τὸ
1313 1059 1469 1128 σῶμα
1510 1063 1542 1130 ὴ
1585 1061 1677 1113 τοῦ
1708 1063 2027 1131 βοηθοῦντος

455 1140 704 1210 δύναμις·
735 1143 875 1198 οὕτω
913 1145 1008 1197 τοῦ
1036 1146 1344 1209 διαλύοντος
1385 1149 1483 1218 τὴν
1513 1150 1672 1216 φύσιν
1709 1153 1865 1222 ἡμῶν
1894 1155 2030 1207 ἀπο-

457 1234 799 1302 γευσάμενοι,
835 1235 994 1287 πάλιν
1026 1238 1322 1304 ἀναγκαῖον
1359 1239 1432 1301 ὡς
1463 1242 1556 1292 καὶ
1580 1241 1671 1293 τοῦ
1707 1245 2028 1311 συνάγοντος

451 1324 512 1374 τὸ
535 1325 913 1395 διαλελυμένον
952 1329 1323 1398 ὲπεδεήθημεν
1349 1348 1363 1361 ο
1402 1331 1476 1394 ὼς
1524 1332 1588 1384 ἂν
1623 1336 1680 1385 έν
1710 1336 1842 1403 ἡμῖν
1873 1338 2024 1402 γενόο

455 1431 612 1480 μενον
641 1415 699 1466 τὸ
723 1418 962 1470 τοιοῦτον
1005 1420 1339 1490 ἁλεξιτήριον
1365 1422 1464 1492 τὴν
1508 1426 1924 1491 προεντεθεῖσαν
1950 1427 2028 1495 τῷ

452 1504 664 1572 σώματι
689 1504 782 1557 τοῦ
806 1506 1128 1578 δηλητηρίου
1170 1509 1372 1579 βλάϐην
1405 1513 1492 1564 διά
1523 1513 1620 1582 τῆς
1647 1516 1852 1577 οἰκείας
1881 1517 2026 1567 ἅντι-

451 1595 676 1659 παθείας
709 1595 998 1650 ἀπώσοιτο.
1029 1597 1093 1651 Τί
1126 1595 1218 1651 οὖν
1270 1601 1383 1661 ἐστι
1419 1601 1604 1659 τοῦτ-ος
1638 1603 1803 1654 Οὐδὲν
1843 1605 2028 1673 ἕτερον

450 1685 675 1755 ἧέκεῖνο
697 1688 755 1740 τὸ
787 1687 966 1758 σῶμα,
991 1689 1019 1742 ὃ
1048 1689 1142 1743 τοῦ
1174 1708 1231 1742 τε
1255 1690 1484 1744 θανάτου
1516 1696 1760 1762 κρεῖττον
1793 1694 2022 1765 ἐδείχθη,

2191 536 2426 616 (gregarii
2477 539 2658 608 A'yssw
2709 543 2973 606 pomi/iri.»
3034 536 3105 592 exi
3157 548 3392 597 oratione
3447 536 3685 600 riuum:-

2192 617 2317 659 lica.

2193 695 2310 758 Quo
2385 695 2544 748 modo
2633 697 2778 750 enim
2833 701 2923 766 qui
3001 715 3268 754 venenum
3331 717 3681 768 sumpserunt

2125 783 2250 834 dolo
2273 793 2326 836 et
2359 799 2426 838 ex
2450 785 2680 850 insidiis,
2732 788 2840 840 alio
2867 789 3264 843 medicamento
3323 794 3682 861 exs-tinguent

2128 885 2232 936 vim
2273 899 2394 953 qua!
2423 884 2578 938 affert
2631 885 2906 937 interitum
2928 921 2942 940 ,
2982 895 3191 952 oportet
3222 895 3398 938 autem
3433 889 3574 938 sicut
3596 903 3693 940 ex-

2130 977 2395 1034 itiale.ita
2450 976 2614 1027 etiam
2682 975 2921 1029 salutare
2977 976 3433 1029 medii-amentum
3477 977 3689 1030 admitti

2130 1069 2269 1121 intra
2322 1067 2534 1119 viscera
2568 1065 2828 1128 hominis,
2873 1074 2928 1116 ut
2977 1080 3070 1132 per
3106 1066 3194 1117 illa
3233 1066 3594 1118 distrilmatur
3639 1069 3692 1118 in

2130 1160 2444 1213 universum
2479 1171 2682 1224 corpus
2710 1156 2882 1208 virtus
2911 1154 3030 1222 ejus
3073 1156 3217 1222 quod
3268 1157 3372 1208 l‘ert
3402 1170 3557 1223 opem
3582 1173 3597 1208 :
3619 1160 3694 1208 ita

2127 1263 2250 1301 cum
2283 1247 2334 1299 id
2364 1246 2766 1316 gustaverimus
2794 1244 2939 1313 quod
2969 1253 3212 1297 nostram
3242 1245 3493 1298 dissolvit
3531 1254 3695 1297 natu-

2129 1353 2265 1399 ram,
2297 1353 2491 1391 rursus
2520 1351 2746 1389 necesse
2774 1345 2858 1388 est
2888 1345 2945 1388 ut
2965 1352 3104 1405 opus
3123 1337 3418 1389 habeamus
3449 1353 3513 1390 eo
3536 1337 3684 1404 quod

2127 1426 2273 1493 cogit
2308 1439 2370 1476 ae
2396 1425 2651 1478 conciliat
2677 1425 2728 1476 id
2765 1425 2906 1492 quod
2948 1435 3063 1478 erat
3091 1427 3444 1490 dissolutum,
3472 1438 3530 1479 ut
3559 1443 3686 1479 eum

2128 1517 2268 1568 intra
2304 1532 2402 1570 nos
2433 1516 2594 1571 fuerit
2623 1518 2722 1569 hoc
2741 1518 2979 1570 salutare
2994 1518 3686 1579 medicamentum,veneni

2125 1606 2408 1670 damnum,
2461 1608 2604 1676 quod
2629 1609 2844 1676 corpori
2877 1609 3052 1661 fuerat
3106 1607 3359 1670 inditum,
3418 1623 3512 1676 per
3559 1624 3691 1662 con-

2127 1699 2352 1748 trariam
2390 1700 2615 1765 repellat
2655 1700 3019 1751 allectionem.
3076 1697 3217 1761 Quid
3254 1698 3356 1751 hoc
3383 1713 3513 1765 ergo
3565 1700 3694 1752 est?

452 1778 542 1829 καὶ
569 1777 667 1846 τῆς
696 1778 838 1848 ζωῆς
874 1780 1030 1849 ἡμῶν
1063 1782 1388 1852 κατήρξατο.
1424 1783 1689 1853 Καθάπερ
1715 1785 1822 1853 γὰρ
1851 1786 2024 1855 μικρὰ
2056 1805 2097 1860 Β
2127 1785 2197 1840 Νίέ

1947 1786 2024 1855 ,ρὰ
2056 1805 2097 1860 Β
2127 1785 2265 1840 Nihil
2295 1786 2443 1840 aliud
2479 1803 2640 1854 quam
2671 1787 2802 1840 illud
2837 1802 3061 1856 corpus,
3105 1787 3252 1850 quod
3287 1800 3340 1839 et
3384 1795 3560 1841 morte
3597 1802 3692 1843 os-

450 1867 616 1936 ζύμη,
676 1868 857 1932 καθώς
901 1888 1063 1939 φησιν
1101 1873 1129 1924 ὁ
1179 1873 1516 1938 ’Λπὸστολος,
1557 1874 1677 1926 ὅλον
1702 1876 1762 1927 τι
1798 1875 2025 1946 φύραμα

452 1961 584 2030 1:93,;
609 1961 804 2031 ἑαυτὴν
859 1962 1211 2031 συνεξομοιοῖ,
1257 1963 1430 2026 οὕτως
1469 1963 1530 2015 τὸ
1568 1963 1888 2018 θανατισθὲν
1921 1966 2026 2017 ὑπὸ

448 2051 540 2102 τοῦ
581 2049 714 2104 Θεοῦ
743 2051 901 2119 σῶμα
927 2053 984 2102 έν
1012 2050 1088 2120 τῷ
1117 2052 1371 2122 ἡμετέρῳ
1407 2053 1718 2122 γενόμενον,
1749 2053 1868 2107 ὅλον
1889 2055 2027 2124 πρὸς

449 2142 609 2194 ἑαυτὸ
642 2147 926 2210 μεταποιεῖ
975 2137 1068 2194 καὶ
1101 2143 1472 2213 μετατίθησιν.
1519 2144 1604 2206 Ὠς
1638 2145 1746 2215 γὰρ
1773 2144 1865 2198 τού
1896 2145 2024 2214 φθο-

452 2232 668 2302 ροποιοῦ
734 2233 870 2297 πρὸς
927 2236 986 2286 τὸ
1042 2236 1278 2302 ὑγιαῖνον
1326 2235 1733 2306 άναμιχθέντος,
1777 2236 1921 2289 ἅπαν
1964 2237 2023 2289 τὸ

447 2323 755 2394 ἀιακραθὲν
810 2325 1240 2396 συνηχρείωται⁴
1299 2325 1469 2389 οὕτως
1524 2329 1616 2380 καὶ
1662 2327 1722 2380 τὸ
1760 2327 2024 2381 ἀθάνατον

451 2415 608 2485 σῶμα
673 2416 830 2486 ἐντῷ
862 2417 1177 2470 ἀναλαϐόντι
1223 2418 1353 2470 αύτδ
1397 2420 1706 2488 γενόμενον,
1755 2419 1888 2490 πρὸς
1926 2421 2024 2490 τὴν

448 2505 639 2558 ἑαυτοῦ
686 2505 845 2574 φύσιν
913 2509 1006 2559 καὶ
1051 2509 1110 2560 τὸ
1142 2511 1249 2558 πᾶν
1291 2509 1665 2577 μετεποίησεν.
1715 2509 1876 2561 Ἀλλὰ
1919 2511 2024 2578 μὴν

449 2597 547 2649 οὐκ
572 2597 715 2649 ἐστιν
747 2598 919 2660 ἄλλως
944 2599 1091 2660 ἐντός
1117 2615 1167 2650 τι
1188 2599 1468 2666 γίγνεσθαι
1501 2597 1592 2650 τοῦ
1630 2599 1896 2667 σώματος,
1948 2599 2023 2669 μὴ

449 2685 536 2738 διὰ
567 2687 818 2756 βρώσεως
841 2690 935 2740 καὶ
963 2689 1170 2750 πόσεως
1199 2692 1310 2752 τοῖς
1338 2688 1661 2758 σπλάγχνοις
1690 2689 2023 2758 καταμιγνύ-

453 2795 632 2847 μενον.
670 2780 879 2832 υύκοῦν
909 2781 1215 2848 ἐπάναγκες
1239 2784 1380 2834 κατὰ
1398 2781 1489 2833 τὸν
1518 2780 1738 2833 δυνατὸν
1771 2785 1837 2852 τῇ
1869 2783 2026 2849 φύσει

449 2867 648 2935 τρόπον
663 2868 761 2938 τὴν
777 2867 1037 2932 ζωοποιὺν
1057 2871 1282 2939 δύναμιν
1300 2868 1392 2920 τοῦ
1409 2868 1724 2940 Πνεύματος
1752 2871 2022 2934 δέξασθαι.

453 2957 626 3010 Μόνον
653 2958 708 3011 δὲ
730 2958 824 3012 τοῦ
856 2954 1117 3030 Θεοὸὁχου
1137 2959 1386 3030 σώματος
1417 2961 1626 3015 ἐκείνου
1648 2962 1850 3033 ταύτην
1877 2962 2027 3026 δεξα-

455 3047 618 3116 μένου
646 3048 746 3118 τὴν
785 3051 962 3119 χάριν,
985 3049 1159 3112 ἄλλως
1187 3051 1243 3103 δὲ
1269 3051 1567 3122 δειχθέντος
1602 3053 1676 3122 μὴ
1708 3049 1844 3106 εἶναι
1871 3053 2028 3106 δυνα-

450 3137 541 3188 τὸν
560 3140 618 3190 ὲν
642 3139 909 3210 ἀθανασία
964 3141 1215 3206 γενέσθαι
1267 3143 1326 3194 τὸ
1374 3144 1642 3213 ἡμέτερον
1668 3144 1846 3213 σῶμα,
1873 3145 1921 3196 εί
1953 3144 2027 3215 μὴ

449 3227 536 3278 διὰ
557 3231 656 3298 τῆς
685 3230 821 3298 πρὸς
845 3233 903 3282 τὸ
935 3231 1201 3286 ἀθάνατον
1233 3233 1512 3297 κοινωνίας
1545 3235 1603 3286 ἐν
1644 3235 1903 3305 μετουσία
1929 3239 2026 3306 τῆς

453 3319 759 3390 ἀφθαρσίας
781 3323 1069 3391 γενόμενον
1089 3339 1101 3351 °
1144 3323 1413 3392 σκοπῆσαι
1444 3326 1726 3394 προσήκει,
1768 3327 1881 3387 πῶς
1909 3326 2029 3393 ἐγέ-

452 3427 570 3463 νετο
595 3413 817 3465 δυνατὸν
874 3416 933 3467 τὸ
981 3415 1038 3467 ἓν
1074 3417 1248 3468 ἐκεῖνο
1275 3418 1432 3487 σῶμα
1457 3420 1578 3479 ταῖς,
1599 3424 1885 3481 τοσαύταις
1920 3419 2027 3470 τῶν

449 3505 653 3556 πιστῶν
695 3507 919 3574 μυριάσι
953 3488 1092 3560 κσῖτά
1130 3510 1307 3560 πᾶσαν
1351 3509 1445 3579 τὴν
1484 3511 1808 3579 οἰκουμένην
1854 3509 2026 3561 εἰσαεὶ

448 3596 962 3667 καταμεριζὸμενον,
999 3599 1116 3650 ὅλον
1150 3602 1206 3652 ἐν
1236 3602 1448 3671 ἑκάστῳ
1480 3599 1674 3653 aia-.05
1713 3601 1907 3670 μέρους
1937 3617 2027 3666 γε-

446 3687 652 3746 νέσθαι.
683 3689 774 3740 καὶ
825 3690 956 3742 αύτὸ
999 3691 1177 3760 μένειν
1205 3693 1287 3761 ἐφ’
1318 3693 1510 3745 ἑαυτοῦ
1541 3693 1589 3746 ὃ)
1602 3711 1679 3745 ον.
1715 3693 1922 3745 Οὐκοῦν
1953 3693 2027 3756 ὡς

447 3778 514 3831 ἂν
563 3779 699 3849 πρὸς
751 3781 814 3831 τὸ
845 3781 1132 3836 ἀκόλουθον
1167 3786 1296 3854 ἡμῖν
1325 3787 1358 3853 η
1385 3783 1562 3847 πίστις
1590 3784 1880 3853 βλέπουσα,
1920 3803 2026 3856 μη-

445 3867 637 3939 δεμίαν
691 3871 1024 3941 ἀμφιϐολίαν
1063 3876 1191 3946 περὶ
1233 3874 1326 3927 τοῦ
1370 3875 1730 3946 προκειμένου
1759 3877 2028 3946 νοήματος

448 3961 580 4030 ἔχοι,
615 3963 806 4034 μικρόν
841 3981 889 4016 τι
911 3968 1177 4036 προσήκει
1209 3965 1622 4036 παρασχολῆσαι
1653 3967 1742 4018 τὸν
1771 3967 1926 4034 λόγον
1948 3969 2028 4030 είς

447 4051 544 4121 τὴν
572 4054 916 4121 φυσιολογίαν
954 4054 1047 4108 τοῦ
1094 4055 1363 4126 σώματος.
1394 4057 1488 4119 Τίς
1516 4058 1622 4127 γάρ
1654 4059 1753 4111 οὐκ
1784 4056 1921 4113 οἶδεν
1945 4060 2027 4110 ὅτι

446 4147 479 4214 ἡ
509 4144 599 4198 τοῦ
628 4145 878 4215 σώματος
911 4148 1066 4217 ήμῶν
1086 4148 1245 4215 φύσις
1279 4149 1416 4219 αύτὴ
1453 4149 1573 4202 καθ’
1609 4150 1808 4220 ἑαυτὴν
1839 4152 1896 4203 ὲν
1923 4151 2029 4221 ἰδίᾳ

445 4235 550 4286 τινί
591 4235 884 4288 ὑποστάσει
923 4236 1066 4307 ζωὴν
1123 4240 1222 4292 οὐκ
1263 4239 1410 4308 ἔχει’
1453 4241 1585 4293 ἀλλά
1612 4241 1698 4294 διὰ
1742 4246 1837 4312 τῆς
1870 4245 2028 4313 emp-

446 4325 677 4396 ῥεούσης
703 4328 839 4396 αὐτῇ
891 4330 1172 4398 δυνάμεως
1201 4332 1411 4401 συνέχει
1437 4348 1494 4384 τε
1525 4335 1723 4404 ἑαυτὴν
1747 4335 1842 4388 καὶ
1871 4337 1929 4387 ὲν
1951 4335 2029 4405 τῷ

2125 1885 2339 1930 tensum
2381 1877 2482 1930 fuit
2513 1893 2635 1932 esse
2684 1879 2983 1946 potentius,
3045 1886 3100 1934 et
3158 1887 3360 1933 nostrze
3415 1882 3537 1933 vita:
3592 1879 3695 1932 fuit

2127 1966 2364 2020 initium.
2395 1967 2680 2032 Quomodo
2710 1971 2854 2022 enim
2888 1985 3076 2039 parum
3121 1970 3397 2032 fermenti,
3459 1979 3517 2023 ut
3558 1972 3694 2024 dicit

2124 2055 2419 2124 Apostolus
2444 2058 2484 2116 ‘,
2522 2057 2623 2112 sibi
2642 2059 2910 2112 assimilat
2929 2066 3097 2112 totam
3122 2061 3590 2129 eonspersionem.
3619 2063 3691 2116 ita

2128 2164 2326 2216 corpus
2349 2162 2380 2200 a
2414 2147 2520 2200 Deo
2544 2157 2715 2200 morte
2749 2147 3002 2201 allectum
3045 2164 3169 2202 eum
3213 2148 3376 2203 inierit
3421 2151 3562 2204 intra
3594 2167 3696 2204 no-

2131 2246 2328 2300 strum,
2359 2244 2531 2290 totum
2559 2237 2625 2290 ad
2653 2251 2711 2290 se
2743 2245 3076 2290 transmutat
3121 2248 3168 2292 et
3203 2239 3488 2294 transfert.
3538 2240 3688 2306 Quo-

2129 2329 2291 2381 modo
2328 2329 2472 2381 enim
2499 2345 2620 2382 eum
2659 2329 2802 2398 (ιιιωά
2833 2337 2916 2382 est
2947 2328 3189 2390 exitiale,
3242 2331 3462 2384 mistum
3522 2329 3691 2385 fuerit

2127 2436 2251 2473 cum
2312 2436 2468 2484 sano,
2536 2421 2795 2488 quidquid
2855 2429 2938 2474 est
2997 2429 3484 2489 contemperatum,
3532 2423 3695 2476 simul

2127 2510 2377 2564 redditur
2410 2509 2626 2574 inutile,
2661 2509 2733 2561 ita
2766 2513 2928 2561 etiam
2974 2524 3176 2576 corpus
3228 2509 3535 2563 immortale
3563 2523 3688 2561 cum

2129 2596 2291 2651 fuerit
2323 2597 2460 2650 intra
2493 2612 2617 2649 eum
2673 2597 2764 2664 qui
2802 2597 3059 2664 sumpsit.
3110 2597 3425 2650 universum
3472 2613 3693 2666 quoqu

2129 2699 2460 2744 transmutat
2509 2691 2560 2742 in
2597 2705 2749 2742 suam
2786 2697 3062 2742 naturam.
3131 2687 3236 2743 Sed
3296 2690 3412 2742 ﬁeri
3454 2705 3560 2742 non
3601 2706 3696 2758 po—

2127 2787 2237 2832 test
2270 2787 2328 2831 ut
2375 2779 2448 2832 sit
2497 2777 2702 2846 aliquid
2755 2777 2913 2830 aliter
2969 2778 3108 2830 intra
3161 2792 3384 2847 corpus,
3443 2778 3549 2832 nisi
3604 2795 3699 2848 per

2127 2885 2280 2924 csum
2325 2876 2381 2923 et
2415 2870 2693 2938 potionem
2745 2871 3043 2922 misceatur
3097 2869 3422 2924 visceribus.
3462 2869 3700 2925 Necesse

2127 2971 2211 3014 est
2233 2975 2385 3030 ergo,
2415 2976 2482 3014 eo
2519 2959 2679 3014 modo
2710 2973 2819 3028 quo
2855 2967 3050 3012 natura
3099 2968 3298 3028 potest,
3327 2958 3567 3029 Spiritus
3618 2964 3699 3014 vi-

2129 3052 2340 3105 viﬁcam
2389 3050 2672 3119 suscipere
2721 3049 2998 3102 virtutem.
3038 3046 3176 3101 Cum
3207 3055 3389 3100 autem
3421 3049 3596 3102 solum
3635 3049 3700 3101 il-

2053 3119 2095 3175 (ἶ
2130 3143 2220 3198 Iud
2255 3158 2457 3209 corpus
2508 3141 2648 3210 quod
2713 3140 2880 3194 Deum
2939 3138 3202 3207 suscepit,
3255 3139 3398 3190 hanc
3463 3139 3696 3207 gratiam

2131 3237 2422 3305 ai-eeperit,
2499 3241 2785 3286 ostensum
2840 3231 2912 3285 sit
2970 3239 3150 3282 autem
3194 3229 3355 3283 aliter
3406 3230 3522 3283 ﬁeri
3589 3245 3697 3282 non

2131 3306 2309 3396 posse,
2380 3332 2438 3376 ut
2481 3332 2727 3376 nostrum
2787 3337 2987 3390 corpus
3036 3321 3106 3372 sit
3163 3320 3217 3372 in
3262 3319 3698 3382 immortalitate,

2131 3421 2233 3472 nisi
2271 3433 2364 3489 per
2393 3415 2835 3469 communionem
2881 3429 3004 3465 cum
3051 3410 3338 3464 immortali
3383 3410 3583 3464 factum
3632 3411 3702 3464 sit

2132 3512 2399 3578 particeps
2427 3505 2889 3574 ineorruptionis:
2923 3512 3133 3570 Oportet
3159 3503 3528 3566 considerare,
3561 3517 3703 3571 quo-

2133 3602 2295 3654 modo
2343 3600 2457 3654 ﬁeri
2500 3597 2772 3668 potuerit,
2817 3604 2872 3648 ut
2921 3610 3088 3648 unum
3127 3593 3259 3646 illud
3292 3607 3523 3661 corpus,
3559 3592 3702 3661 quod

2133 3701 2242 3745 tam
2277 3690 2462 3744 multis
2493 3689 2728 3743 lidelium
2778 3687 3020 3741 millibus
3065 3686 3117 3738 in
3153 3685 3409 3738 universo
3441 3684 3572 3738 orbe
3605 3693 3707 3737 ter-

2133 3798 2316 3835 rarum
2349 3795 2560 3848 semper
2604 3778 2970 3841 distribuitur,
3021 3785 3191 3829 totum
3235 3791 3331 3844 per
3381 3782 3585 3844 partem
3638 3775 3708 3828 sit

2134 3877 2186 3928 in
2227 3885 2592 3942 unoquoque,
2637 3877 2691 3923 et
2731 3869 2908 3938 ipsum
2954 3866 3005 3919 in
3047 3883 3105 3922 se
3135 3875 3307 3918 totum
3359 3871 3597 3918 maneat.
3640 3861 3709 3919 Ut

2133 3985 2264 4038 ergo
2296 3967 2427 4022 ﬁdes
2471 3965 2541 4019 ad
2585 3965 2636 4019 id
2687 3963 2831 4034 quod
2887 3970 2972 4015 est
3014 3977 3357 4031 consequens
3407 3960 3706 4029 aspiciens,

2132 4059 2198 4113 de
2245 4072 2410 4113 sensu
2457 4055 2740 4125 proposito
2792 4051 2996 4106 nullam
3044 4051 3240 4104 habeat
3278 4050 3708 4113 dubitationem,

2129 4155 2343 4217 oportet
2377 4153 2620 4199 nostram
2658 4143 2961 4196 orationem
2994 4138 3285 4210 paulisper
3323 4139 3605 4194 immorari
3655 4140 3710 4192 in

2133 4238 2367 4292 naturali
2399 4234 2646 4303 corporis
2685 4233 3140 4287 consideratione.
3176 4230 3310 4296 Quis
3342 4232 3487 4286 enim
3535 4231 3712 4285 nescit

2133 4329 2278 4399 quod
2337 4326 2512 4381 nostri
2594 4325 2844 4392 corporis
2902 4333 3094 4377 natura
3167 4325 3281 4393 ipsa
3335 4339 3431 4393 per
3483 4339 3542 4377 se
3603 4338 3709 4376 non

445 4413 584 4472 εἶναι
616 4417 786 4488 μένει,
811 4421 1073 4492 ἀπαύστῳ
1095 4426 1301 4492 κινήσει
1322 4424 1381 4476 τὸ
1405 4425 1649 4477 ἐλλεῖπον
1677 4425 1809 4495 πρὸς
1832 4426 2028 4497 ἑαυτὴν
2057 4424 2099 4478 D
2138 4421 2190 4474 II:

1966 4426 2028 4497 ὴν
2057 4424 2099 4478 D
2138 4421 2300 4474 habet
2338 4420 2504 4470 vitam
2542 4418 2594 4469 in
2639 4416 2872 4485 quadam
2915 4416 3134 4485 propria
3178 4415 3424 4484 corporis
3459 4415 3711 4468 substan-

445 4509 804 4580 ἐφελκομένη,
861 4513 954 4565 καὶ
1005 4513 1065 4566 τὸ
1123 4516 1440 4584 περιττεῦον
1499 4515 2026 4586 ἀπωθουμένηςΚαὶ

449 4596 634 4672 ὥσπερ
667 4619 750 4666 τις
781 4604 947 4666 ἀσκὸς
971 4606 1136 4676 ὑγροῦ
1166 4624 1306 4672 τινος
1339 4609 1552 4681 πλήρης
1582 4609 1675 4670 ὢν,
1705 4611 1751 4661 εἰ
1780 4609 1917 4661 κατὰ
1935 4609 2029 4662 τὸν

444 4702 694 4772 πυθμένα
749 4701 810 4755 τὸ
855 4700 1172 4772 ἐγκείμενον
1199 4703 1296 4754 ύπε
1309 4701 1426 4766 ξίοι,
1457 4703 1557 4756 ούκ
1584 4703 1651 4756 ἂν
1683 4700 1941 4770 φυλάσσοι
1969 4698 2031 4749 τὸ

443 4797 572 4857 περὶ
599 4795 690 4848 τὸν
714 4797 877 4862 ὄγκον
904 4795 1095 4848 ἑαυτοῦ
1119 4795 1323 4862 σχῆμα,
1349 4794 1420 4862 μὴ
1444 4794 1802 4855 ἀντειπόντος
1826 4789 2030 4842 ἄνωθεν

443 4891 632 4961 ἐτέρου
691 4891 829 4961 πρὸς
877 4889 936 4942 τὸ
991 4887 1353 4958 κενούμενον·
1398 4886 1538 4938 ὥστε
1574 4886 1664 4938 τὸν
1701 4885 1909 4954 ὁρῶντα
1933 4881 2030 4952 τὴν

442 4981 656 5054 ὀγκώδη
674 4982 766 5034 τοῦ
795 4982 1014 5050 ἀγγείου
1047 4981 1235 5032 τούτου
1259 4977 1536 5048 περιοχὴν,
1566 4978 1762 5030 εἰδέναι
1787 4975 1862 5045 μὴ
1896 4974 2031 5026 ἰδίαν

443 5071 583 5128 εἶναι
615 5073 706 5127 τοῦ
733 5073 1093 5142 φαινομένου)
1119 5071 1250 5124 ἀλλὰ
1290 5070 1352 5121 τὸ
1392 5069 1600 5139 εἰσρέον
1630 5071 1684 5120 ἐν
1719 5065 1867 5134 αύτῷ
1889 5064 2031 5131 γινό-

447 5183 607 5232 μενον
652 5165 1002 5235 σχηματίζειν
1042 5163 1103 5216 τὸ
1139 5163 1391 5233 περιέχον
1425 5163 1512 5214 τὸν
1546 5159 1731 5227 ὄγκονο
1771 5156 1915 5213 οὓτω
1940 5157 2033 5210 καὶ

445 5260 478 5328 ἡ
501 5257 595 5310 τοῦ
645 5257 893 5327 σώματος
951 5257 1106 5327 ἡμῶν
1138 5253 1451 5325 κατασκευὴ
1483 5254 1612 5306 ἴδιον
1641 5252 1739 5320 μὲν
1772 5250 1909 5322 πρὸς

445 5352 645 5422 ἑαυτῆς
666 5350 923 5403 σύστασιν
944 5349 1095 5402 οὐδὲν
1124 5349 1253 5418 ἡμῖν
1275 5351 1550 5418 γνώριμον
1577 5346 1710 5414 ἔχει,
1738 5343 1827 5414 διὰ
1860 5343 1913 5395 δὲ
1937 5343 2035 5411 τῆς

443 5442 880 5512 ὲπεισαγομένης
937 5441 1239 5510 δυνάμεως,
1281 5442 1339 5494 ὲν
1385 5439 1462 5510 τῷ
1494 5435 1634 5492 εἶναι
1679 5439 1850 5508 μένει.
1887 5437 1950 5488 ’11
1978 5435 2034 5488 δὲ

443 5533 672 5603 δύναμις
702 5532 839 5604 αὕτη
875 5533 1046 5604 τροφὴ
1078 5532 1172 5584 καὶ
1199 5532 1312 5584 ἐστι
1335 5534 1428 5586 καὶ
1445 5532 1678 5600 λέγεται.
1715 5528 1836 5582 Ἐτι
1860 5529 1915 5580 δὲ
1940 5527 2036 5596 ούχ

445 5626 476 5694 ἡ
514 5625 650 5693 αὑτὴ
677 5626 810 5677 πᾶσι
843 5627 952 5686 τοῖς
983 5625 1335 5694 τρεφομένοις
1363 5624 1598 5694 σώμασι,
1628 5623 1764 5676 ἀλλά
1801 5639 1882 5684 τις
1907 5622 2036 5674 ἑκα-

450 5729 556 5780 στίέ)
603 5717 935 5787 κατάλληλος
979 5716 1130 5788 ’παρὰ
1177 5716 1270 5770 τοῦ
1313 5717 1602 5786 τὴνφύσιν
1629 5713 2037 5784 οἰκονομούντος

539 5856 552 5884 '
589 5852 606 5907 Ι
643 5852 749 5906 Cur
801 5869 851 5918 ν,
898 5855 949 5905 6.

2136 4517 2250 4580 tia,
2310 4513 2404 4568 sed
2459 4527 2554 4584 per
2622 4511 2914 4580 quamdam
2980 4512 3285 4562 alilueutem
3350 4508 3398 4562 ei
3451 4507 3710 4561 virtutem

2132 4615 2187 4660 et
2222 4606 2460 4676 seipsam
2499 4606 2776 4663 continet.
2808 4611 2861 4655 et
2894 4613 3074 4655 manet
3107 4603 3159 4654 i2.
3196 4601 3437 4656 e:sentia
3459 4641 3474 4659 ,
3519 4615 3714 4668 perpe-

2125 4706 2218 4752 tua
2247 4695 2489 4751 motione
2519 4691 2585 4746 ad
2618 4705 2677 4746 se
2708 4679 2990 4743 attrahcns
3026 4687 3075 4739 id
3124 4685 3268 4754 quod
3313 4684 3505 4749 deest,
3538 4694 3594 4739 et
3626 4699 3712 4738 re-

2128 4792 2333 4860 pellens
2384 4785 2610 4855 idqqu
2658 4789 2743 4836 est
2777 4779 3274 4851 sup:rvacaueum?
3323 4777 3388 4831 Et
3431 4777 3715 4845 quomodo

2130 4892 2251 4936 uter
2276 4878 2478 4948 aliquis
2507 4878 2688 4946 aliquo
2711 4876 2939 4928 humore
2960 4873 3176 4943 plenus,
3204 4871 3248 4924 si
3267 4871 3320 4924 in
3341 4870 3511 4923 fundo
3549 4875 3711 4921 exeat

2131 4974 2182 5027 id
2226 4971 2370 5042 quod
2419 4971 2471 5023 in
2511 4984 2578 5023 eo
2621 4976 2707 5023 est
2742 4968 3015 5037 positum,
3055 4966 3109 5019 in
3141 4963 3524 5034 magnitudine
3556 4977 3713 5015 suam

2133 5081 2242 5118 non
2276 5062 2576 5118 servaverit
2610 5060 2836 5131 ﬁguram
2858 5099 2872 5124 ,
2914 5059 3018 5112 nisi
3064 5071 3301 5126 superne
3337 5069 3439 5122 pro
3465 5068 3531 5107 eo
3568 5052 3716 5122 quod

2131 5159 2265 5213 exiit
2295 5154 2633 5227 ingrediatur
2666 5152 2812 5206 aliud
2845 5151 2912 5204 ad
2946 5150 2998 5204 id
3026 5149 3170 5219 quod
3197 5147 3550 5202 exinanitur:
3583 5145 3720 5198 adeo

2134 5259 2194 5303 ut
2245 5248 2338 5317 qui
2389 5245 2538 5300 videt
2585 5242 2961 5314 magnitudine
3013 5240 3311 5296 distentum
3359 5237 3522 5306 hujus
3569 5238 3720 5290 vasis

2135 5341 2400 5394 ambitum
2421 5377 2436 5401 ,
2467 5338 2606 5392 sciat
2635 5350 2759 5390 eum
2793 5350 2898 5388 non
2943 5347 3066 5388 esse
3107 5331 3391 5401 proprium
3420 5329 3539 5397 ejus
3574 5327 3721 5396 quod

2137 5439 2363 5501 apparet
2391 5473 2407 5498 ,
2438 5438 2533 5485 sed
2563 5430 2614 5483 id
2645 5428 2791 5499 quod
2821 5425 3029 5490 inﬂuit,
3063 5441 3186 5478 cum
3221 5425 3272 5476 in
3306 5439 3370 5481 eo
3404 5422 3567 5476 fuerit
3593 5421 3727 5490 ligu-

2138 5539 2260 5578 rare
2316 5522 2370 5577 id
2429 5521 2572 5592 quod
2617 5519 2859 5575 continet
2911 5518 3337 5586 magnitudinem
3376 5519 3385 5561 ς
3425 5521 3492 5564 ita
3557 5513 3722 5568 etiam

2138 5619 2390 5685 corporis
2440 5615 2612 5670 nostri
2666 5612 3006 5668 constructio
3067 5610 3201 5662 nihil
3279 5609 3500 5676 quidem
3558 5605 3725 5659 habet

2140 5712 2423 5781 proprium
2459 5709 2622 5763 nobis
2654 5705 2933 5776 cognitum
2984 5701 3054 5758 ad
3105 5702 3190 5757 sui
3234 5698 3723 5761 constitutionem,
