4420 6462
716 373 851 440 ἒ267

710 613 820 667 bus.
841 642 910 652 --
932 613 1236 680 Oportebat
1265 613 1411 665 enim
1482 620 1541 664 ut
1573 626 1682 664 non
1726 611 1904 666 solum
1948 611 2168 680 generis
2195 628 2296 664 no-

709 708 804 758 stri
836 705 1114 773 primitiae,
1152 704 1246 758 sed
1297 716 1351 757 et
1391 703 1649 771 quisquis
1689 703 1975 757 hominum
2022 705 2206 767 vellet,
2240 705 2293 758 in

708 799 855 851 illius
899 798 1099 851 summi
1149 797 1277 850 boni
1330 796 1812 865 participationem
1846 797 2080 851 veniens
2112 799 2295 852 denuo

707 898 1052 953 nasceretur,
1086 903 1341 956 novoque
1379 888 1616 943 subinde
1644 887 1795 951 cibo,
1830 888 1925 956 qui
1977 887 2292 958 hujusmodi

708 980 980 1032 nativitati
1013 987 1421 1034 consentaneus
1462 987 1630 1039 esset,
1666 979 1966 1045 enutritus,
2001 978 2295 1047 perfectio-

707 1072 796 1126 nis
826 1071 1048 1125 tnodum
1074 1071 1390 1141 attingeret.
1423 1069 1792 1135 Quamobrem
1839 1086 1934 1140 per
1967 1087 2122 1124 suam
2155 1071 2295 1123 nati—

707 1166 954 1229 vitatem,
1025 1164 1146 1219 sive
1213 1164 1680 1225 incarnationem,
1739 1163 2071 1232 baptismum
2143 1163 2294 1228 item,

706 1256 1046 1324 passionem,
1103 1260 1157 1307 et
1211 1253 1705 1315 resurrectionem,
1738 1254 2035 1305 humanum
2063 1267 2239 1322 genus
2264 1266 2294 1304 a

706 1350 869 1415 primi
913 1346 1160 1415 parentis
1209 1354 1456 1413 peccato,
1509 1354 1684 1397 morte
1717 1360 1941 1412 quoque
1987 1358 2051 1396 ac
2093 1358 2294 1396 corru—

708 1440 892 1507 ptione
946 1437 1238 1501 liberavit;
1288 1435 1834 1502 resurrectionisque
1889 1434 2068 1490 factus
2103 1434 2296 1504 primi-

706 1531 818 1592 tiae.
853 1531 1098 1598 seipsum
1142 1527 1284 1580 viam
1337 1541 1701 1595 normamque
1737 1534 1793 1580 et
1844 1527 2125 1596 exemplar
2157 1541 2294 1580 con-

705 1623 908 1684 stituit,
954 1629 1010 1674 ut
1057 1636 1160 1675 nos
1195 1635 1417 1689 quoque
1470 1619 1720 1687 vestigiis
1755 1618 1879 1687 ejus
1924 1618 2291 1684 adhaerentes,

703 1716 851 1785 quod
898 1714 1011 1783 ipse
1046 1723 1242 1765 natura
1273 1721 1381 1775 est,
1425 1710 1527 1764 hoc
1559 1711 1857 1779 adoptione
1889 1724 2162 1770 essemus.
2191 1709 2288 1762 tilii

1962 382 2334 444 EUTHYMU
2375 389 2732 448 ZIGABENI

777 521 1179 574 lncarnrttionis
1239 521 1311 572 eis
1369 522 1424 571 in
1464 519 1679 588 reliquis
1727 535 1760 570 α
1801 519 2013 573 Christo
2068 521 2353 573 homini-A

3814 410 3832 462 l
3844 410 3947 472 258

2442 517 2588 571 Ἔδει
2617 521 2674 573 δὲ
2711 520 2789 590 μὴ
2821 522 2983 590 μόνον
3013 525 3114 596 τὴν
3137 526 3395 599 ἀπαρχὴν
3417 531 3516 599 τῆς
3546 531 3822 604 ἡμετέρας
3847 538 3950 605 φύ-

2366 622 2505 670 σεως
2538 610 2596 662 ὲν
2621 616 2823 683 μετοχῇ
2881 617 3136 680 γενέσθαι
3177 619 3273 672 τοῦ
3322 623 3651 692 κρείττονος,
3694 628 3833 679 ἀλλὰ
3859 631 3951 681 καὶ

2364 698 2542 749 πάντα
2573 703 2662 751 τὸν
2691 702 3018 772 βουλόμενον
3050 708 3361 777 ἄνθρωπον,
3397 714 3492 764 καὶ
3529 714 3789 784 δευτέραν
3823 719 3951 785 γέν-

2363 805 2520 857 νησιν
2547 793 2898 862 γεννηθῆναι,
2940 799 3034 849 καὶ
3056 801 3334 869 τραφῆναι
3384 806 3593 874 τροφὴν
3625 807 3806 877 ξένην,
3858 814 3951 865 καὶ

2363 880 2430 948 τῇ
2458 882 2714 949 γεννήσει
2746 884 3077 955 πρόσφορον,
3111 890 3204 939 καὶ
3237 889 3381 943 οὕτω
3430 894 3634 960 φθάσαι
3663 897 3723 947 τὸ
3751 899 3950 969 μέτρον

2363 969 2459 1037 τῆς
2493 971 2853 1040 τελειότητος.
2895 977 2994 1028 Διὰ
3029 979 3126 1045 μὲν
3164 975 3258 1032 οὖν
3287 983 3385 1050 τῆς
3439 984 3607 1035 αὑτοῦ
3638 989 3950 1055 γεννήσεως

2364 1059 2482 1127 ήτοι
2517 1063 2870 1131 σαρκώσεως,
2906 1068 3121 1120 καὶτοῦ
3159 1069 3562 1138 βαπτίσματος,
3594 1078 3805 1145 καὶτοῦ
3843 1081 3950 1133 πά-

2363 1150 2512 1215 θους,
2543 1153 2760 1224 καὶτῆς
2810 1157 3188 1224 ἀναστάσεως,
3249 1163 3597 1234 ἠλευθέρωσε
3643 1167 3743 1237 τὴν
3787 1171 3949 1237 φύσιν

2361 1242 2460 1311 τῆς
2489 1244 2764 1314 ἁμαρτίας
2784 1248 2880 1300 τοῦ
2917 1253 3281 1319 προπάτορος,
3323 1255 3419 1307 τοῦ
3459 1255 3692 1310 θανάτου
3736 1263 3950 1330 καὶτῆς

2363 1335 2594 1406 φθορᾶς,
2648 1340 2742 1390 καὶ
2785 1341 2883 1410 τῆς
2938 1343 3294 1408 ἀναστάσεως
3328 1349 3556 1421 ἀπαρχὴ
3610 1352 3828 1418 γέγονε,
3857 1357 3951 1405 καὶ

2363 1427 2481 1480 ὁδὸν
2518 1430 2613 1482 καὶ
2643 1430 2813 1483 τύπον
2874 1435 3068 1486 ἑαυτὸν
3115 1439 3211 1488 καὶ
3264 1440 3636 1510 ὑπογραμμὸν
3683 1443 3948 1510 τέθεικεν,

2364 1518 2451 1571 ἵνα
2505 1522 2598 1574 καὶ
2639 1525 2799 1592 ἡμεῖς
2838 1529 2950 1589 τοῖς
2993 1529 3160 1580 αὑτοῦ
3217 1531 3693 1603 ἀκολουθήσαντες
3755 1536 3946 1605 ἴχνεσι,

2361 1610 2653 1682 γενώμεθα
2716 1615 2885 1678 θέσει,
2939 1618 3078 1689 ὅπερ
3143 1620 3308 1682 αὑτός
3357 1625 3474 1676 ἐστι
3503 1625 3684 1692 φύσει,
3715 1627 3824 1678 υἱοὶ
3854 1629 3950 1678 καὶ

2363 1705 2693 1777 κληρονόμοι
2721 1707 2880 1775 Θεοῦ,
2905 1711 3001 1764 καὶ
3037 1711 3205 1764 αὑτοῦ
3239 1715 3675 1786 συγκληρονόμοι
3704 1719 3732 1756 h
3757 1734 3770 1747 ·
3820 1719 3950 1771 ἔδω-

705 1807 994 1870 nimirum,
1023 1813 1078 1858 et
1106 1802 1353 1858 lueredes
1387 1800 1506 1866 Dei,
1551 1802 1841 1871 ipsiusque
1882 1799 2198 1855 cohaeredes
2249 1800 2450 1857 ¹.Βκεν

2249 1806 2288 1857 ¹.
2308 1800 2458 1853 Βκεν
2487 1793 2580 1850 οὖν
2611 1800 2765 1869 ἡμῖν,
2792 1801 2868 1864 ὼς
2900 1803 3060 1872 ἔφην,
3079 1803 3334 1873 γέννησιν
3357 1807 3641 1878 δευτέραν,
3664 1811 3731 1862 ἶν’
3763 1809 3948 1880 ὥσπερ

701 1899 876 1954 Nobis
905 1900 1091 1968 itaque
1122 1895 1448 1960 secundam,
1485 1903 1543 1948 ut
1566 1894 1707 1958 dixi,
1745 1893 2089 1948 nativitatem
2119 1892 2293 1960 dedit;

704 2002 765 2047 ut
792 1990 1261 2063 quemadmodum
1311 2004 1374 2042 ex
1422 1986 1636 2040 Adamo
1671 1986 1973 2056 procreati,
2030 1985 2292 2038 similitu-

703 2085 889 2138 dinem
941 2083 1066 2151 ejus
1128 2078 1540 2141 contraximus,
1598 2076 2185 2145 maledictionemque,
2240 2083 2296 2130 et

704 2175 1118 2244 corruptionem
1155 2171 1505 2226 hacreditario
1543 2168 1710 2222 veluti
1739 2167 1864 2236 jure
1896 2169 2040 2221 nacti
2075 2182 2292 2222 sumus:

706 2271 787 2326 sic
814 2285 879 2323 ex
927 2269 1049 2337 ipso
1077 2266 1272 2336 geniti,
1314 2264 1528 2319 similes
1550 2263 1602 2316 ei
1637 2260 1964 2325 efﬁciamur,
1993 2270 2160 2330 atque
2186 2261 2294 2314 im-

704 2362 1069 2417 mortalitatis
1122 2361 1322 2428 ipsius,
1377 2355 1923 2424 benedictionisque,
1978 2368 2042 2408 ac
2104 2354 2294 2424 glorize

702 2455 1082 2510 hereditatem
1126 2464 1557 2520 consequamur.

775 2547 1054 2600 Nativitas
1086 2560 1178 2613 per
1202 2544 1496 2604 Christum,
1540 2541 1788 2610 cibusqtse
1827 2539 2042 2607 duplex.
2076 2536 2291 2591 Eucha-

703 2641 872 2695 ristia:
902 2638 1195 2692 institutio.
1237 2635 1394 2689 Vetus
1431 2633 1647 2686 Pascha
1674 2630 1900 2686 comedit
1930 2628 2294 2684 Christus.—

701 2738 972 2789 tiaeterum
1031 2732 1300 2802 quoniam
1368 2728 1458 2782 hic
1496 2726 1671 2780 Adam
1711 2724 2018 2793 spiritualis
2053 2730 2160 2787 est,
2190 2734 2294 2790 par

701 2836 840 2888 erat,
875 2835 930 2878 ut
959 2831 1076 2877 tum
1107 2821 1374 2876 nativitas
1418 2818 1735 2890 spiritualis
1779 2824 1952 2878 esset,
1986 2823 2101 2869 tum
2140 2813 2292 2882 pari-

702 2929 786 2971 ter
818 2916 1103 2969 alimonia.
1139 2913 1343 2967 Verum
1391 2910 1518 2980 quia
1550 2907 1788 2978 duplicis
1826 2916 2041 2961 natura:
2072 2919 2288 2970 smnus,

694 3021 750 3066 et
798 3007 1119 3079 compositi,
1170 3005 1446 3074 duplicem
1503 3017 1725 3072 quoque
1784 3002 2154 3061 nativitatem,
2205 3007 2292 3051 at-

696 3115 804 3166 quc
838 3099 969 3151 item
1004 3094 1378 3163 compositum
1415 3091 1602 3145 cibum
1634 3105 1761 3145 esse
1793 3090 2110 3159 oportebat.
2141 3088 2290 3154 Quo-

701 3191 851 3241 circa

699 3277 1002 3348 Spiritum,
1061 3277 1163 3330 hoc
1220 3286 1327 3340 est,
1369 3291 1465 3344 per
1514 3283 1768 3328 sanctum
1833 3274 2107 3340 baptisma
2155 3271 2284 3324 data

701 3375 784 3424 est
834 3370 895 3418 ἐ
939 3365 1097 3418 cibus
1126 3372 1334 3427 autem,
1369 3365 1487 3434 ipse
1509 3375 1593 3419 est
1625 3367 1782 3434 panis
1814 3368 1959 3428 vitae,
2005 3366 2270 3418 Dominus

700 3465 892 3514 noster
936 3458 1099 3513 Jesus
1153 3458 1436 3522 Christus,
1481 3461 1574 3528 qui
1615 3461 1682 3514 de
1711 3461 1852 3513 cmlo
1889 3461 2176 3513 descendit
2206 3454 2226 3490 ³
2261 3499 2272 3510 .

698 3551 834 3604 Nam
867 3565 992 3604 cum
1033 3552 1405 3604 voluntariam
1459 3559 1693 3605 mortem
1726 3552 1901 3605 nostri
1933 3567 2097 3605 causa
2152 3568 2275 3605 sus-

697 3651 961 3711 cepturus
1008 3652 1174 3706 esset,
1214 3659 1275 3697 ea
1316 3655 1478 3698 nocte
1518 3659 1624 3713 qua
1672 3645 1919 3712 seipsum
1982 3644 2257 3705 tradebat,

700 3738 1090 3784 testamentum
1125 3745 1324 3783 novum
1355 3731 1561 3786 sanctis
1593 3732 1708 3785 suis
1739 3731 2032 3800 discipulis
2065 3741 2119 3784 et
2145 3746 2276 3800 apo-

698 3822 883 3884 stolis,
925 3831 1092 3891 atque
1135 3838 1233 3892 per
1282 3839 1379 3877 eos
1410 3823 1688 3878 universis
1721 3825 1812 3890 qui
1850 3825 1902 3876 in
1939 3825 2119 3891 ipsum
2151 3840 2274 3877 cre—

698 3913 910 3975 derent,
944 3913 1214 3968 condidit.
1249 3915 1437 3982 Itaque
1471 3915 1522 3966 in
1555 3924 1762 3968 sancta:
1791 3925 1842 3967 et
1880 3915 2114 3969 illustris
2145 3915 2274 3968 Sion

697 4005 1009 4069 emnaculo,
1050 4019 1176 4060 cum
1214 4015 1372 4060 vetus
1425 4005 1636 4059 Pascha
1667 4023 1792 4060 eum
1840 4006 2125 4073 discipulis
2163 4008 2277 4058 suis

697 4095 1109 4158 manducasset,
1173 4104 1506 4150 testamento
1551 4098 1720 4150 veteri
1755 4097 1994 4163 expleto,
2028 4096 2275 4162 discipu-

698 4187 878 4239 lorum
919 4188 1086 4256 pedes
1137 4187 1270 4240 lavit
1315 4188 1371 4253 ις
1425 4188 1527 4241 hoc
1564 4203 1665 4242 suo
1699 4189 1890 4256 utique
1939 4187 2082 4241 facto
2127 4202 2277 4256 sym-

699 4278 884 4332 bolum
933 4279 1182 4347 praebens
1231 4279 1409 4333 sancti
1455 4278 1852 4346 baptismatis:
1912 4289 2025 4331 tum
2081 4277 2278 4330 deinde

700 4367 961 4437 frangens
996 4385 1215 4438 panem,
1268 4369 1516 4438 porrexit
1555 4370 1658 4431 eis,
1708 4371 1936 4424 dicens:
1974 4369 2206 4437 Accipite
2229 4377 2278 4421 et

700 4459 973 4521 comedite,
1027 4461 1123 4513 hoc
1179 4469 1254 4513 est
1305 4475 1492 4527 corpus
1549 4477 1745 4520 meum,
1801 4460 1941 4529 quod
1989 4476 2086 4528 pro
2130 4460 2277 4514 vobis

699 4541 968 4619 frangitur
990 4551 1043 4604 in
1075 4552 1434 4605 remissionem
1466 4561 1803 4618 peccatorum
1855 4545 1896 4604 '.
1931 4551 2107 4604 Simili
2142 4566 2278 4621 quo-

698 4657 806 4708 que
841 4641 1006 4694 modo
1053 4643 1283 4696 calicem
1323 4643 1451 4696 vino
1499 4651 1553 4695 et
1595 4658 1734 4709 aqua
1783 4649 2148 4710 temperatum
2181 4657 2274 4695 ae—

695 4734 932 4802 cipiens,
966 4733 1270 4802 impertivit
1314 4735 1416 4795 eis.
1455 4733 1647 4788 dicens
1683 4753 1696 4788 :
1733 4734 1904 4788 Bibite
1944 4749 2010 4787 ea:
2041 4735 2137 4785 hoc
2163 4751 2274 4787 ont-

697 4841 787 4877 nes
816 4839 837 4877 :
890 4823 974 4875 hic
996 4831 1075 4875 est
1109 4824 1324 4892 sanguis
1374 4840 1518 4876 meus
1553 4826 1673 4877 novi
1705 4823 2028 4888 testamenti,
2061 4823 2152 4890 qui
2184 4839 2278 4889 pro

697 4915 842 4969 vobis
894 4914 1190 4982 eﬂunditur
1238 4917 1292 4969 in
1348 4917 1708 4970 remissionem
1769 4924 2144 4984 peccatorum;
2181 4915 2278 4966 hoc

696 5009 861 5077 facite
913 5010 967 5061 in
1019 5025 1188 5061 meam
1232 5011 1808 5062 commemorationem.
1858 5009 2279 5075 Quotiescunque

693 5101 832 5153 enim
871 5098 1210 5153 manducetis
1270 5115 1458 5167 partem
1495 5099 1649 5163 hunc,
1700 5111 1747 5152 et
1799 5099 2017 5152 calicem
2072 5100 2270 5152 bibitis.

694 5199 920 5243 mortem
961 5190 1176 5244 Domini
1223 5192 1560 5245 annuntiatis
1587 5190 1627 5244 '.

760 5294 1089 5351 Velutcnlm
1112 5292 1378 5363 quidquid
1397 5291 1701 5357 fecitDeus,
1743 5293 1793 5347 id
1822 5292 2059 5363 Spiritus
2100 5294 2274 5349 sancti

692 5378 1119 5447 fecitoliera,ita
1142 5394 1286 5431 nunc.
1320 5394 1539 5447 quoque
1579 5378 1828 5447 Spiritus
1865 5378 2038 5431 sancti
2083 5393 2277 5445 θροη-

694 5467 841 5518 tionc
861 5464 998 5517 facta
1019 5472 1168 5523 sunt,
1189 5477 1311 5532 quae
1334 5471 1540 5515 naturae
1563 5464 1782 5515 modum
1802 5462 2105 5526 excedunt,
2125 5477 2275 5530 qusc~

692 5565 798 5618 que
815 5549 915 5602 nisi
937 5547 1042 5600 ﬁde
1061 5547 1196 5607 sola,
1218 5562 1320 5601 nec
1336 5548 1454 5614 capi
1479 5558 1708 5616 queunt,
1726 5562 1824 5598 nec
1849 5547 2096 5617 intelligi.
2124 5545 2270 5610 Quo-

693 5638 844 5688 modo
905 5634 1030 5687 mi/ii
1087 5631 1285 5684 accidet
1347 5633 1505 5695 istud,
1579 5632 1757 5685 aiebat
1816 5631 1986 5702 Virgo
2050 5641 2264 5697 sancta,

768 5817 785 5846 ’
814 5819 971 5872 Rom.
1011 5834 1106 5878 vn.
1142 5819 1225 5872 i7.
1304 5820 1501 5875 ’Joan.
1529 5839 1606 5886 Ill,
1635 5827 1687 5880 3.
1765 5828 1782 5857 ³
1814 5827 1968 5880 Joan.
2003 5846 2073 5880 vn.
2107 5828 2194 5883 58.

685 5888 851 5946 Marc.
884 5906 992 5954 λιν,
1029 5890 1136 5953 21;
1180 5891 1290 5946 Luc
1349 5910 1456 5956 ut,
1504 5895 1595 5958 17;
1636 5898 1803 5952 [Cum
1833 5916 1909 5966 λι,
1947 5902 2136 5955 21-20.

2278 5830 2295 5861 ⁵
2324 5826 2480 5884 Juan.
2505 5845 2619 5894 XIII,
2679 5828 2698 5882 Ι
2741 5842 2895 5900 seqq.

2362 1889 2717 1962 γεννηθέντες
2745 1895 2808 1946 ὲκ
2837 1894 2937 1948 τοῦ
2989 1897 3182 1968 Ἀδὰμ,
3209 1899 3582 1972 ὡμοιώθημεν
3609 1904 3780 1974 αὐτῷ,
3817 1906 3950 1975 κλη-

2365 1987 2768 2055 ρονομήσαντες
2822 1988 2925 2058 τὴν
2978 1990 3228 2058 κατάραν
3265 1991 3361 2043 καὶ
3402 1994 3502 2060 τὴν
3547 1993 3773 2064 φθοράν,
3808 1994 3950 2047 οὕτω

2362 2077 2456 2130 καὶ
2490 2077 2548 2142 ἐξ
2581 2078 2750 2132 αὑτοῦ
2815 2081 3193 2149 γεννηθέντες,
3243 2083 3603 2154 όμοιωθῶμεν
3647 2085 3816 2155 αύτῷ,
3855 2087 3949 2138 καὶ

2363 2169 2906 2240 κληρονομήσωμενῖ
2947 2174 3050 2243 τήν
3083 2191 3143 2226 τε
3178 2175 3510 2245 ἀφθαρσίαν,
3546 2180 3641 2230 καὶ
3664 2178 3762 2249 τὴν
3795 2180 3946 2232 εὐλο-

2362 2261 2507 2328 γίαν,
2544 2262 2642 2315 καὶ
2673 2263 2775 2333 τὴν
2811 2263 2970 2328 δόξαν
2997 2265 3165 2318 αὑτοῦ

2443 2539 2662 2610 Ἐπειδὴ
2713 2539 2770 2594 δὲ
2807 2548 3180 2611 πνευματικός
3225 2545 3372 2598 ἐστιν
3410 2537 3566 2605 οὗτος
3675 2548 3705 2599 ό
3753 2549 3947 2619 Ἀδάμ,

2361 2630 2468 2684 ἔδει
2490 2632 2584 2683 καὶ
2610 2633 2712 2701 τὴν
2734 2633 2992 2705 γέννησιν
3027 2636 3409 2707 πνευματικὴν
3433 2633 3597 2703 εἶναι,
3626 2641 3826 2709 ὁμοίως
3851 2645 3945 2696 καὶ

2359 2719 2457 2790 τὴν
2491 2721 2718 2792 βρῶσιν.
2751 2723 2869 2776 ἀλλ’
2917 2725 3106 2794 ἐπειδὴ
3133 2725 3313 2779 διπλοῖ
3337 2728 3482 2790 τινές
3505 2730 3676 2797 ἐσμεν
3698 2731 3793 2782 καὶ
3822 2730 3946 2781 σύν-

2359 2811 2524 2876 θετοι,
2559 2813 2641 2865 δεῖ
2670 2814 2766 2866 καὶ
2799 2814 2898 2886 τήν
2930 2816 3186 2884 γέννησιν
3210 2816 3408 2885 διπλῆν
3435 2813 3594 2880 εἶναι,
3619 2819 3820 2886 ὁμοίως
3851 2819 3946 2870 καὶ

2357 2904 2457 2973 τὴν
2485 2904 2691 2974 βρῶσιν
2727 2907 3001 2962 σύνθετον.
3050 2908 3114 2960 Ἦ
3166 2909 3266 2978 μὲν
3305 2904 3399 2961 οὖν
3434 2910 3689 2977 γέννησις
3718 2913 3848 2979 ἡμῖν
3877 2910 3942 2961 δι’

2359 2994 2553 3057 ὓδατος
2578 2999 2674 3050 καὶ
2702 2997 3024 3070 Πνεύματος
3077 3000 3284 3052 δέδοται
3309 3015 3324 3030 ’
3385 3002 3528 3070 φημὶ
3574 3001 3629 3052 δὲ
3664 3001 3758 3053 τοῦ
3792 3003 3946 3070 ἁγίου

2362 3088 2740 3160 βαπτίσματος
2764 3106 2778 3120 ·
2806 3093 2840 3160 ἡ
2873 3091 2930 3144 δὲ
2962 3091 3164 3161 βρῶσις
3194 3092 3356 3150 αὐτὸς
3389 3095 3416 3145 ό
3447 3093 3612 3162 ἄρτος
3650 3094 3748 3163 τῆς
3778 3092 3949 3161 ζωῆς,

1093 3183 1356 3238 nativitas
1391 3182 1614 3251 quidem
1669 3181 1829 3234 nobis
1862 3196 1958 3250 per
1993 3193 2194 3249 aquam
2233 3183 2388 3237 eth
2412 3180 2618 3251 Κύριος
2645 3182 2803 3253 ἡμῶν

2233 3183 2388 3237 ειϐὁ
2412 3180 2618 3251 Κύριος
2645 3182 2803 3253 ἡμῶν
2845 3183 3054 3253 Ἰησοῦς
3110 3183 3367 3252 Χριστὸς,
3406 3184 3434 3234 ὀ
3467 3186 3530 3236 ἐκ
3572 3185 3664 3237 τοῦ
3714 3183 3948 3255 ούρανοῦ

2359 3275 2626 3337 καταόάς.
2649 3275 2877 3328 Μέλλων
2913 3276 3023 3346 γάρ
3052 3276 3144 3328 τὸν
3169 3277 3415 3330 ἑκούσιον
3433 3277 3574 3348 ὑπὲρ
3594 3278 3750 3346 ἡμῶν
3783 3296 3954 3331 κατα-

2376 3365 2630 3434 δέχεσθαι
2656 3368 2903 3433 θάνατον,
2945 3374 3001 3423 ἐν
3027 3374 3092 3438 τῇ
3134 3371 3308 3430 νυκτί,
3341 3371 3398 3420 ἐν
3509 3368 3700 3420 ἑαυτὸν
3731 3370 3949 3436 παρεδί-

2377 3459 2487 3521 δου,
2520 3459 2787 3530 διαθήκην
2823 3462 3016 3530 καινὴν
3057 3461 3264 3513 διέθετο
3287 3463 3399 3524 τοῖς
3447 3460 3622 3526 ἁγίοις
3647 3459 3811 3511 αὑτοῦ
3845 3478 3949 3528 μα-

2380 3551 2570 3618 θηταῖς
2603 3553 2697 3604 xui.
2753 3553 3091 3614 ἀποστόλοις,
3130 3554 3223 3604 καὶ
3275 3552 3343 3605 δι’
3371 3551 3550 3604 αὐτῶν
3585 3552 3716 3603 πᾶσι
3737 3553 3848 3612 τοῖς
3870 3551 3950 3612 είς

2379 3642 2540 3693 αὐτὸν
2568 3642 2931 3695 πιστεύουσιν.
2975 3645 3063 3695 Ἑν
3088 3641 3166 3711 τῷ
3197 3643 3430 3711 ὑπερῴῳ
3460 3642 3638 3694 τοίνυν
3662 3641 3762 3711 τῆς
3791 3641 3952 3708 ἁγίας

2379 3735 2473 3786 καὶ
2507 3734 2718 3797 ὲνὸὀξου
2758 3734 2919 3798 Σιὼν,
2951 3736 3012 3787 τὺ
3053 3735 3282 3787 παλαιὸν
3315 3735 3505 3802 Πάσχα
3674 3733 3811 3801 μετὰ
3843 3732 3954 3784 τῶν

2382 3825 2643 3893 μαθητῶν
2682 3826 2844 3878 αύτοῦ
2884 3827 3093 3896 φαγὼν,
3124 3828 3218 3881 καὶ
3257 3827 3555 3897 πληρώσας
3581 3826 3678 3894 τὴν
3712 3825 3954 3877 παλαιάν

2378 3919 2662 3988 διαθήκην.
2691 3919 2871 3972 νίπτει
2890 3920 2998 3973 τῶν
3028 3919 3286 3989 μαθητῶν
3314 3921 3441 3982 τοὺς
3472 3919 3659 3980 πόδας,
3685 3917 3957 3986 σύμϐολον

2378 4011 2471 4063 τοῦ
2503 4011 2657 4077 ἁγίου
2693 4010 3066 4079 βαπτίσματος
3116 4010 3513 4080 παρεχόμενος.
3565 4005 3696 4061 Εἶτα
3748 4008 3958 4068 κλάσας

2378 4102 2562 4168 ἄρτον,
2605 4099 2851 4152 ἐπεδίδου
2917 4100 3102 4161 αὐτοῖς
3158 4100 3370 4166 λέγων·
3418 4099 3675 4158 Λάϐετε,
3716 4096 3954 4165 ςράγετε,

2377 4185 2558 4237 τοῦτό
2594 4186 2706 4250 μού
2729 4185 2859 4237 ἐστι
2885 4184 2952 4236 τὸ
2979 4183 3170 4252 σῶμα,
3195 4183 3261 4236 τὸ
3281 4183 3436 4249 ὑπὲρ
3467 4183 3634 4252 ὑμῶν
3649 4181 3960 4249 γελώμενον

2378 4280 2466 4341 είς
2495 4277 2716 4344 ὄφεσιν
2756 4276 3073 4345 ἁμαρτιῶν.
3111 4277 3342 4345 Ὁμοίως
3389 4275 3449 4328 δὲ
3500 4274 3703 4338 λαϐὼν,
3737 4272 3830 4324 καὶ
3894 4271 3958 4323 τὸ

2381 4373 2644 4439 ποτήριον
2673 4369 2731 4434 ἐξ
2761 4371 2903 4423 οἴνου
2936 4371 3030 4422 καὶ
3063 4368 3276 4432 ὓδατος,
3311 4368 3618 4437 μετέδωκεν
3648 4368 3831 4427 αὐτοῖς
3864 4363 3958 4415 λέ-

2380 4477 2493 4528 γων
2517 4478 2530 4492 ·
2567 4461 2736 4513 Πίετε
2773 4460 2842 4524 ἐξ
2871 4459 3060 4514 αὑτοῦ
3079 4459 3338 4524 πάντες*
3369 4458 3549 4512 τοῦτό
3575 4457 3692 4524 μού
3733 4456 3864 4509 ἐστι
3892 4455 3960 4507 τὸ

2380 4550 2542 4622 αζιια,
2575 4554 2642 4606 τὸ
2666 4553 2776 4620 τῆς
2799 4570 2928 4606 sum
2940 4552 3015 4618 ἧς
3043 4553 3353 4618 διαθήκης,
3389 4552 3454 4603 τὸ
3480 4551 3632 4616 ὑπὲρ
3657 4547 3824 4615 ὑμῶν
3856 4547 3959 4598 ἐκ-

2382 4648 2743 4714 χυνόμενον,
2782 4646 2870 4708 εις
2890 4645 3112 4711 ἄφεσιν
3145 4639 3468 4710 ἁμαρτιῶν·
3521 4638 3698 4692 τοῦτο
3737 4635 3961 4689 ποιεῖτε

2380 4739 2466 4802 είς
2495 4735 2609 4802 τὴν
2633 4735 2790 4803 ἐμὴν
2814 4734 3175 4803 ἀνάμνησιν.
3217 4731 3452 4797 Ὁσάκις
3479 4731 3588 4799 γὰρ
3616 4729 3689 4782 ἂν
3719 4728 3962 4791 ἐσθίητε

2380 4828 2488 4881 τὸν
2515 4828 2698 4894 ἄρτον
2723 4825 2958 4888 τοῦτον,
2982 4825 3080 4880 καὶ
3111 4825 3176 4878 τὸ
3202 4823 3489 4890 ,ποτήριον
3515 4822 3690 4874 τοῦτο
3721 4821 3959 4882 πίνητε,

2380 4919 2488 4971 τὸν
2525 4916 2787 4971 θάνατον
2821 4917 2928 4972 τοῦ
2969 4916 3104 4970 Υίοῦ
3142 4914 3248 4968 τοῦ
3279 4911 3598 4981 ἀνθρώπου
3636 4909 3961 4976 καταγγέλ-

2378 5014 2536 5067 ⁸ιετις.

2459 5290 2664 5357 Ὥσπερ
2721 5288 2830 5357 γὰρ
2865 5287 3043 5341 πάντα
3069 5286 3170 5337 ὅσα
3197 5282 3455 5351 ἐποίησεν
3491 5283 3517 5334 ὁ
3556 5279 3711 5338 Θεδς.
3745 5281 3811 5346 τῇ
3860 5278 3957 5332 τοῦ

2379 5374 2536 5440 ἁγίου
2558 5372 2870 5440 Πνεύματος
2892 5371 3142 5438 ἐνεργείᾳ
3174 5369 3449 5432 ἐποίησεν,
3478 5365 3620 5416 οὕτω
3646 5365 3737 5415 καὶ
3773 5359 3868 5412 νῦν
3906 5362 3941 5431 ἡ

2378 5456 2469 5508 τοῦ
2487 5455 2797 5522 Ιινεύματος
2812 5455 3064 5523 ἐνέργεια
3082 5469 3146 5503 τι
3165 5451 3303 5519 ὑπὲρ
3324 5453 3392 5515 god
3405 5467 3483 5500 σιν
3507 5446 3818 5514 ἐργάζεται,
3835 5444 3946 5497 ἆοὺ

2375 5542 2598 5594 δύναται
2617 5541 2885 5610 χωρῆσαι,
2907 5541 2954 5590 εί
2978 5539 3053 5607 μὴ
3076 5538 3209 5607 μόνη
3231 5538 3262 5605 ἠ
3293 5540 3490 5595 πίστις.
3514 5530 3642 5596 Πῶς
3662 5530 3831 5583 ἔσται
3849 5543 3952 5594 μοι

2374 5628 2571 5692 τοῦτο,
2589 5643 2752 5696 φησιν
2771 5628 2802 5696 ἡ
2828 5622 2958 5691 ἁγία
2979 5622 3276 5693 Ιιαρθένος,
3296 5618 3428 5672 ἐπεὶ
3447 5616 3640 5684 ἄνδρα
3657 5616 3729 5668 οὺ
3748 5615 3960 5682 γινωσ-

3002 5825 3020 5856 ⁸
3056 5823 3245 5878 Matth.
3291 5838 3433 5888 χλιιι,
3483 5820 3573 5876 26.
3651 5817 3671 5849 ⁸
3698 5817 3828 5873 ibi].
3859 5818 3950 5871 9.7.
