  <div class='ocr_page' id='page_1' title='image "/cluster/home/n/w/nwhite01/storage/ocr_20150623/130/nnc1.0046979603/654.png"; bbox 0 0 4420 6462; ppageno 0'>
   <div class='ocr_carea' id='block_1_1' title="bbox 429 426 564 488">
    <p class='ocr_par' dir='ltr' id='par_1_1' title="bbox 429 426 564 488">
     <span class='ocr_line' id='line_1_1' title="bbox 429 426 564 488; baseline -0.03 1"><span class='ocrx_word' id='word_1_1' title='bbox 429 426 564 488; x_wconf 67' lang='lat'><strong>1%9</strong></span> 
     </span>
    </p>
   </div>
   <div class='ocr_carea' id='block_1_2' title="bbox 1318 429 2716 489">
    <p class='ocr_par' dir='ltr' id='par_1_2' title="bbox 1318 429 2716 489">
     <span class='ocr_line' id='line_1_2' title="bbox 1318 429 2716 489; baseline 0 -3"><span class='ocrx_word' id='word_1_2' title='bbox 1318 429 1688 488; x_wconf 60' lang='lat' dir='ltr'><strong>PANN‘LIA</strong></span> <span class='ocrx_word' id='word_1_3' title='bbox 1728 429 2197 488; x_wconf 75' lang='lat' dir='ltr'><strong>DOGMATICA.</strong></span> <span class='ocrx_word' id='word_1_4' title='bbox 2239 453 2304 465; x_wconf 88' lang='lat'><strong>-</strong></span> <span class='ocrx_word' id='word_1_5' title='bbox 2348 429 2490 489; x_wconf 84' lang='lat' dir='ltr'><strong>&#39;l‘l&#39;l‘.</strong></span> <span class='ocrx_word' id='word_1_6' title='bbox 2539 429 2716 487; x_wconf 71' lang='lat' dir='ltr'><strong>XXV.</strong></span> 
     </span>
    </p>
   </div>
   <div class='ocr_carea' id='block_1_3' title="bbox 3522 427 3653 488">
    <p class='ocr_par' dir='ltr' id='par_1_3' title="bbox 3522 427 3653 488">
     <span class='ocr_line' id='line_1_3' title="bbox 3522 427 3653 488; baseline -0.031 -2"><span class='ocrx_word' id='word_1_7' title='bbox 3522 427 3653 488; x_wconf 72' lang='lat'><strong>1270</strong></span> 
     </span>
    </p>
   </div>
   <div class='ocr_carea' id='block_1_4' title="bbox 427 539 2172 611">
    <p class='ocr_par' dir='ltr' id='par_1_4' title="bbox 427 539 2172 610">
     <span class='ocr_line' id='line_1_4' title="bbox 427 539 2172 610; baseline 0.002 -18"><span class='ocrx_word' id='word_1_8' title='bbox 427 558 529 602; x_wconf 83' lang='grc' dir='ltr'><strong>κω,</strong></span> <span class='ocrx_word' id='word_1_9' title='bbox 576 539 954 608; x_wconf 80' lang='grc' dir='ltr'>Ἀποκρίνεται</span> <span class='ocrx_word' id='word_1_10' title='bbox 986 541 1223 608; x_wconf 70' lang='grc' dir='ltr'>Γαϐριὴλ</span> <span class='ocrx_word' id='word_1_11' title='bbox 1256 545 1282 593; x_wconf 81' lang='lat'><strong>6</strong></span> <span class='ocrx_word' id='word_1_12' title='bbox 1329 546 1672 610; x_wconf 57' lang='lat' dir='ltr'><strong>dig/ﬁnale;</strong></span> <span class='ocrx_word' id='word_1_13' title='bbox 1701 561 1713 574; x_wconf 83' lang='lat'><strong><em>°</em></strong></span> <span class='ocrx_word' id='word_1_14' title='bbox 1746 543 1984 609; x_wconf 79' lang='grc' dir='ltr'><strong>Πνεῦμα</strong></span> <span class='ocrx_word' id='word_1_15' title='bbox 2017 551 2054 602; x_wconf 82' lang='grc' dir='ltr'><strong>Α</strong></span> <span class='ocrx_word' id='word_1_16' title='bbox 2084 561 2172 600; x_wconf 81' lang='lat' dir='ltr'><strong>au:</strong></span> 
     </span>
    </p>
   </div>
   <div class='ocr_carea' id='block_1_5' title="bbox 1906 539 3651 611">
    <p class='ocr_par' dir='ltr' id='par_1_5' title="bbox 1906 544 3651 611">
     <span class='ocr_line' id='line_1_5' title="bbox 1906 544 3651 611; baseline 0.001 -17"><span class='ocrx_word' id='word_1_17' title='bbox 1906 560 1984 609; x_wconf 87' lang='grc' dir='ltr'><strong>μα</strong></span> <span class='ocrx_word' id='word_1_18' title='bbox 2017 551 2054 602; x_wconf 82' lang='grc' dir='ltr'>Α</span> <span class='ocrx_word' id='word_1_19' title='bbox 2084 547 2331 600; x_wconf 70' lang='lat' dir='ltr'><strong>quoniam</strong></span> <span class='ocrx_word' id='word_1_20' title='bbox 2361 549 2529 597; x_wconf 68' lang='lat' dir='ltr'><strong>virum</strong></span> <span class='ocrx_word' id='word_1_21' title='bbox 2584 561 2687 596; x_wconf 84' lang='lat' dir='ltr'><strong>non</strong></span> <span class='ocrx_word' id='word_1_22' title='bbox 2738 544 3028 611; x_wconf 74' lang='lat' dir='ltr'><strong>cognosco‘</strong></span> <span class='ocrx_word' id='word_1_23' title='bbox 3069 546 3090 594; x_wconf 64' lang='grc' dir='ltr'><strong>ἱ)</strong></span> <span class='ocrx_word' id='word_1_24' title='bbox 3148 544 3246 595; x_wconf 76' lang='grc' dir='ltr'><strong>(Σιιὶ</strong></span> <span class='ocrx_word' id='word_1_25' title='bbox 3297 544 3515 596; x_wconf 76' lang='lat' dir='ltr'><strong>Gabriel</strong></span> <span class='ocrx_word' id='word_1_26' title='bbox 3569 563 3651 596; x_wconf 85' lang='lat' dir='ltr'><strong>ar-</strong></span> 
     </span>
    </p>
   </div>
   <div class='ocr_carea' id='block_1_6' title="bbox 427 631 1968 701">
    <p class='ocr_par' dir='ltr' id='par_1_6' title="bbox 427 631 1968 701">
     <span class='ocr_line' id='line_1_6' title="bbox 427 631 1968 701; baseline 0.002 -17"><span class='ocrx_word' id='word_1_27' title='bbox 427 632 595 698; x_wconf 68' lang='grc' dir='ltr'>ἅγιον</span> <span class='ocrx_word' id='word_1_28' title='bbox 613 631 1000 683; x_wconf 73' lang='grc' dir='ltr'><strong>ἐπελεύσεται</strong></span> <span class='ocrx_word' id='word_1_29' title='bbox 1023 633 1120 683; x_wconf 74' lang='grc' dir='ltr'><strong>ἐπὶ</strong></span> <span class='ocrx_word' id='word_1_30' title='bbox 1143 634 1235 696; x_wconf 84' lang='grc' dir='ltr'>σὲ,</span> <span class='ocrx_word' id='word_1_31' title='bbox 1256 633 1347 684; x_wconf 69' lang='grc' dir='ltr'><strong>καί</strong></span> <span class='ocrx_word' id='word_1_32' title='bbox 1369 634 1623 701; x_wconf 82' lang='grc' dir='ltr'>δύναμις</span> <span class='ocrx_word' id='word_1_33' title='bbox 1669 636 1682 653; x_wconf 88' lang='grc'><strong><em>⁹</em></strong></span> <span class='ocrx_word' id='word_1_34' title='bbox 1698 637 1852 701; x_wconf 66' lang='grc' dir='ltr'><strong>Υψίσ</strong></span> <span class='ocrx_word' id='word_1_35' title='bbox 1866 652 1968 687; x_wconf 83' lang='grc' dir='ltr'><strong>του</strong></span> 
     </span>
    </p>
   </div>
   <div class='ocr_carea' id='block_1_7' title="bbox 426 721 1979 792">
    <p class='ocr_par' dir='ltr' id='par_1_7' title="bbox 426 721 1979 792">
     <span class='ocr_line' id='line_1_7' title="bbox 426 721 1979 792; baseline 0.004 -21"><span class='ocrx_word' id='word_1_36' title='bbox 426 721 767 774; x_wconf 69' lang='grc' dir='ltr'><strong>ἐπισκιάσει</strong></span> <span class='ocrx_word' id='word_1_37' title='bbox 793 736 915 774; x_wconf 79' lang='grc' dir='ltr'>σοι.</span> <span class='ocrx_word' id='word_1_38' title='bbox 937 722 1046 772; x_wconf 70' lang='grc' dir='ltr'><strong>Καὶ</strong></span> <span class='ocrx_word' id='word_1_39' title='bbox 1074 721 1169 772; x_wconf 82' lang='grc' dir='ltr'>νῦν</span> <span class='ocrx_word' id='word_1_40' title='bbox 1199 724 1406 790; x_wconf 72' lang='grc' dir='ltr'>ἐρωτᾷς</span> <span class='ocrx_word' id='word_1_41' title='bbox 1435 725 1548 784; x_wconf 79' lang='grc' dir='ltr'><strong>πῶς</strong></span> <span class='ocrx_word' id='word_1_42' title='bbox 1583 726 1609 776; x_wconf 83' lang='lat'><strong>6</strong></span> <span class='ocrx_word' id='word_1_43' title='bbox 1641 725 1801 790; x_wconf 80' lang='grc' dir='ltr'>ἄρτος</span> <span class='ocrx_word' id='word_1_44' title='bbox 1834 726 1979 792; x_wconf 77' lang='grc' dir='ltr'>γίνεο</span> 
     </span>
    </p>
   </div>
   <div class='ocr_carea' id='block_1_8' title="bbox 425 808 1986 881">
    <p class='ocr_par' dir='ltr' id='par_1_8' title="bbox 425 808 1986 881">
     <span class='ocr_line' id='line_1_8' title="bbox 425 808 1986 881; baseline 0.002 -19"><span class='ocrx_word' id='word_1_45' title='bbox 425 827 493 862; x_wconf 82' lang='grc' dir='ltr'><strong>τα</strong></span> <span class='ocrx_word' id='word_1_46' title='bbox 541 811 699 869; x_wconf 79' lang='grc' dir='ltr'>σῶμα</span> <span class='ocrx_word' id='word_1_47' title='bbox 743 812 1006 878; x_wconf 79' lang='grc' dir='ltr'><strong>Χριστοῦ,</strong></span> <span class='ocrx_word' id='word_1_48' title='bbox 1037 814 1179 864; x_wconf 78' lang='grc' dir='ltr'><strong>καὶὸ</strong></span> <span class='ocrx_word' id='word_1_49' title='bbox 1224 810 1365 874; x_wconf 79' lang='grc' dir='ltr'>οἶνος</span> <span class='ocrx_word' id='word_1_50' title='bbox 1408 816 1497 865; x_wconf 70' lang='grc' dir='ltr'>καὶ</span> <span class='ocrx_word' id='word_1_51' title='bbox 1524 815 1582 864; x_wconf 76' lang='grc' dir='ltr'>τὸ</span> <span class='ocrx_word' id='word_1_52' title='bbox 1623 815 1786 880; x_wconf 68' lang='grc' dir='ltr'>ὕδωρ,</span> <span class='ocrx_word' id='word_1_53' title='bbox 1845 808 1986 881; x_wconf 79' lang='grc' dir='ltr'>αἷμα</span> 
     </span>
    </p>
   </div>
   <div class='ocr_carea' id='block_1_9' title="bbox 427 901 1984 974">
    <p class='ocr_par' dir='ltr' id='par_1_9' title="bbox 427 901 1984 974">
     <span class='ocr_line' id='line_1_9' title="bbox 427 901 1984 974; baseline 0.002 -21"><span class='ocrx_word' id='word_1_54' title='bbox 427 901 685 969; x_wconf 81' lang='grc' dir='ltr'>Χριστοῦ.</span> <span class='ocrx_word' id='word_1_55' title='bbox 715 904 870 968; x_wconf 79' lang='grc' dir='ltr'><strong>Λέγω</strong></span> <span class='ocrx_word' id='word_1_56' title='bbox 905 920 986 955; x_wconf 88' lang='grc' dir='ltr'><strong>σοι</strong></span> <span class='ocrx_word' id='word_1_57' title='bbox 1017 905 1168 969; x_wconf 80' lang='grc' dir='ltr'>κάγώ</span> <span class='ocrx_word' id='word_1_58' title='bbox 1199 921 1212 933; x_wconf 72' lang='grc' dir='ltr'><strong><em>ο</em></strong></span> <span class='ocrx_word' id='word_1_59' title='bbox 1266 906 1484 970; x_wconf 78' lang='grc' dir='ltr'>Πνεῦμα</span> <span class='ocrx_word' id='word_1_60' title='bbox 1520 905 1672 970; x_wconf 71' lang='grc' dir='ltr'>ἅγιον</span> <span class='ocrx_word' id='word_1_61' title='bbox 1715 907 1984 974; x_wconf 75' lang='grc' dir='ltr'><strong>ἐπιφοιτᾷ,</strong></span> 
     </span>
    </p>
   </div>
   <div class='ocr_carea' id='block_1_10' title="bbox 427 991 1716 1064">
    <p class='ocr_par' dir='ltr' id='par_1_10' title="bbox 427 991 1716 1064">
     <span class='ocr_line' id='line_1_10' title="bbox 427 991 1716 1064; baseline 0.005 -22"><span class='ocrx_word' id='word_1_62' title='bbox 427 996 518 1042; x_wconf 75' lang='grc' dir='ltr'>καὶ</span> <span class='ocrx_word' id='word_1_63' title='bbox 548 991 718 1044; x_wconf 82' lang='grc' dir='ltr'>ταῦτα</span> <span class='ocrx_word' id='word_1_64' title='bbox 741 996 883 1045; x_wconf 77' lang='grc' dir='ltr'>ποιεῖ</span> <span class='ocrx_word' id='word_1_65' title='bbox 911 994 979 1046; x_wconf 86' lang='grc' dir='ltr'><strong>τά</strong></span> <span class='ocrx_word' id='word_1_66' title='bbox 1009 995 1146 1064; x_wconf 81' lang='grc' dir='ltr'>ὑπὲρ</span> <span class='ocrx_word' id='word_1_67' title='bbox 1183 994 1338 1062; x_wconf 78' lang='grc' dir='ltr'>λόγον</span> <span class='ocrx_word' id='word_1_68' title='bbox 1371 999 1459 1046; x_wconf 71' lang='grc' dir='ltr'><strong>καὶ</strong></span> <span class='ocrx_word' id='word_1_69' title='bbox 1487 997 1716 1049; x_wconf 76' lang='grc' dir='ltr'>ἔννοιαν.</span> 
     </span>
    </p>
   </div>
   <div class='ocr_carea' id='block_1_11' title="bbox 502 1167 1990 1244">
    <p class='ocr_par' dir='ltr' id='par_1_11' title="bbox 502 1167 1990 1244">
     <span class='ocr_line' id='line_1_11' title="bbox 502 1167 1990 1244; baseline 0.006 -23"><span class='ocrx_word' id='word_1_70' title='bbox 502 1171 697 1238; x_wconf 83' lang='grc' dir='ltr'>Ἀρτος</span> <span class='ocrx_word' id='word_1_71' title='bbox 729 1171 781 1221; x_wconf 84' lang='grc' dir='ltr'>δὲ</span> <span class='ocrx_word' id='word_1_72' title='bbox 819 1172 913 1224; x_wconf 73' lang='grc' dir='ltr'>καὶ</span> <span class='ocrx_word' id='word_1_73' title='bbox 956 1167 1096 1233; x_wconf 75' lang='grc' dir='ltr'>οἶνος</span> <span class='ocrx_word' id='word_1_74' title='bbox 1138 1175 1640 1241; x_wconf 67' lang='grc' dir='ltr'>παραλαμϐάνεται·</span> <span class='ocrx_word' id='word_1_75' title='bbox 1695 1177 1793 1228; x_wconf 76' lang='grc' dir='ltr'>οἶδε</span> <span class='ocrx_word' id='word_1_76' title='bbox 1827 1175 1934 1244; x_wconf 76' lang='grc' dir='ltr'><strong>γὰρ</strong></span> <span class='ocrx_word' id='word_1_77' title='bbox 1963 1181 1990 1230; x_wconf 92' lang='lat'><strong>6</strong></span> 
     </span>
    </p>
   </div>
   <div class='ocr_carea' id='block_1_12' title="bbox 428 1261 1989 1339">
    <p class='ocr_par' dir='ltr' id='par_1_12' title="bbox 428 1261 1989 1339">
     <span class='ocr_line' id='line_1_12' title="bbox 428 1261 1989 1339; baseline 0.007 -29"><span class='ocrx_word' id='word_1_78' title='bbox 428 1261 558 1322; x_wconf 80' lang='grc' dir='ltr'>Θεὸς</span> <span class='ocrx_word' id='word_1_79' title='bbox 585 1264 683 1331; x_wconf 76' lang='grc' dir='ltr'>τὴν</span> <span class='ocrx_word' id='word_1_80' title='bbox 711 1263 1057 1332; x_wconf 79' lang='grc' dir='ltr'><strong>ἀνθρωπίνην</strong></span> <span class='ocrx_word' id='word_1_81' title='bbox 1099 1265 1384 1318; x_wconf 74' lang='grc' dir='ltr'>ἀσθένειαν</span> <span class='ocrx_word' id='word_1_82' title='bbox 1410 1283 1422 1296; x_wconf 79' lang='grc' dir='ltr'><strong><em>ο</em></strong></span> <span class='ocrx_word' id='word_1_83' title='bbox 1475 1267 1549 1329; x_wconf 83' lang='grc' dir='ltr'>ὡς</span> <span class='ocrx_word' id='word_1_84' title='bbox 1579 1269 1644 1319; x_wconf 85' lang='grc' dir='ltr'>τὰ</span> <span class='ocrx_word' id='word_1_85' title='bbox 1676 1269 1845 1320; x_wconf 83' lang='grc' dir='ltr'>πολλὰ</span> <span class='ocrx_word' id='word_1_86' title='bbox 1882 1273 1989 1339; x_wconf 69' lang='grc' dir='ltr'>γὰρ</span> 
     </span>
    </p>
   </div>
   <div class='ocr_carea' id='block_1_13' title="bbox 428 1352 1991 1430">
    <p class='ocr_par' dir='ltr' id='par_1_13' title="bbox 428 1352 1991 1430">
     <span class='ocr_line' id='line_1_13' title="bbox 428 1352 1991 1430; baseline 0.007 -27"><span class='ocrx_word' id='word_1_87' title='bbox 428 1352 597 1420; x_wconf 71' lang='grc' dir='ltr'>σιὰ-μὴ</span> <span class='ocrx_word' id='word_1_88' title='bbox 634 1355 775 1405; x_wconf 80' lang='grc' dir='ltr'><strong>κατά</strong></span> <span class='ocrx_word' id='word_1_89' title='bbox 799 1354 896 1423; x_wconf 79' lang='grc' dir='ltr'><strong>τὴν</strong></span> <span class='ocrx_word' id='word_1_90' title='bbox 927 1357 1221 1424; x_wconf 68' lang='grc' dir='ltr'>συνήθειαν</span> <span class='ocrx_word' id='word_1_91' title='bbox 1267 1361 1628 1427; x_wconf 83' lang='grc' dir='ltr'>τετριμμένα,</span> <span class='ocrx_word' id='word_1_92' title='bbox 1653 1361 1991 1430; x_wconf 77' lang='grc' dir='ltr'>ἀποστρέφε-</span> 
     </span>
    </p>
   </div>
   <div class='ocr_carea' id='block_1_14' title="bbox 429 1444 1993 1515">
    <p class='ocr_par' dir='ltr' id='par_1_14' title="bbox 429 1444 1993 1515">
     <span class='ocr_line' id='line_1_14' title="bbox 429 1444 1993 1515; baseline 0.006 -23"><span class='ocrx_word' id='word_1_93' title='bbox 429 1458 516 1492; x_wconf 78' lang='grc' dir='ltr'><strong>ται</strong></span> <span class='ocrx_word' id='word_1_94' title='bbox 541 1444 986 1510; x_wconf 74' lang='grc' dir='ltr'><strong>δυσχεραίνουσα·</strong></span> <span class='ocrx_word' id='word_1_95' title='bbox 1014 1449 1075 1514; x_wconf 83' lang='grc' dir='ltr'>τῇ</span> <span class='ocrx_word' id='word_1_96' title='bbox 1103 1446 1194 1496; x_wconf 78' lang='grc' dir='ltr'>οὖν</span> <span class='ocrx_word' id='word_1_97' title='bbox 1229 1449 1634 1512; x_wconf 73' lang='grc' dir='ltr'>συγκαταόἀσει</span> <span class='ocrx_word' id='word_1_98' title='bbox 1659 1451 1875 1515; x_wconf 72' lang='grc' dir='ltr'>συνήθει</span> <span class='ocrx_word' id='word_1_99' title='bbox 1905 1467 1993 1502; x_wconf 87' lang='grc' dir='ltr'>κε-</span> 
     </span>
    </p>
   </div>
   <div class='ocr_carea' id='block_1_15' title="bbox 431 1533 1991 1605">
    <p class='ocr_par' dir='ltr' id='par_1_15' title="bbox 431 1533 1991 1605">
     <span class='ocr_line' id='line_1_15' title="bbox 431 1533 1991 1605; baseline 0.007 -24"><span class='ocrx_word' id='word_1_100' title='bbox 431 1533 725 1598; x_wconf 78' lang='grc' dir='ltr'>χρημένος,</span> <span class='ocrx_word' id='word_1_101' title='bbox 781 1533 868 1584; x_wconf 80' lang='grc' dir='ltr'>διὰ</span> <span class='ocrx_word' id='word_1_102' title='bbox 898 1534 1007 1585; x_wconf 81' lang='grc' dir='ltr'>τῶν</span> <span class='ocrx_word' id='word_1_103' title='bbox 1059 1537 1304 1603; x_wconf 84' lang='grc' dir='ltr'>συνήθων</span> <span class='ocrx_word' id='word_1_104' title='bbox 1351 1541 1447 1604; x_wconf 80' lang='grc' dir='ltr'><strong>τῆς</strong></span> <span class='ocrx_word' id='word_1_105' title='bbox 1491 1540 1702 1605; x_wconf 82' lang='grc' dir='ltr'>φύσεως</span> <span class='ocrx_word' id='word_1_106' title='bbox 1760 1543 1903 1592; x_wconf 79' lang='grc' dir='ltr'>ποιεῖ</span> <span class='ocrx_word' id='word_1_107' title='bbox 1924 1542 1991 1592; x_wconf 74' lang='grc' dir='ltr'>τὰ</span> 
     </span>
    </p>
   </div>
   <div class='ocr_carea' id='block_1_16' title="bbox 435 1622 1988 1699">
    <p class='ocr_par' dir='ltr' id='par_1_16' title="bbox 435 1622 1988 1699">
     <span class='ocr_line' id='line_1_16' title="bbox 435 1622 1988 1699; baseline 0.009 -28"><span class='ocrx_word' id='word_1_108' title='bbox 435 1622 575 1690; x_wconf 78' lang='grc' dir='ltr'>ὑπὲρ</span> <span class='ocrx_word' id='word_1_109' title='bbox 626 1625 807 1689; x_wconf 82' lang='grc' dir='ltr'>φύσιν·</span> <span class='ocrx_word' id='word_1_110' title='bbox 873 1626 963 1675; x_wconf 67' lang='grc' dir='ltr'>καὶ</span> <span class='ocrx_word' id='word_1_111' title='bbox 1034 1625 1221 1694; x_wconf 82' lang='grc' dir='ltr'>ὥσπερ</span> <span class='ocrx_word' id='word_1_112' title='bbox 1274 1630 1362 1678; x_wconf 73' lang='grc' dir='ltr'>ἐπὶ</span> <span class='ocrx_word' id='word_1_113' title='bbox 1435 1629 1525 1681; x_wconf 56' lang='grc' dir='ltr'><strong>τοῦ</strong></span> <span class='ocrx_word' id='word_1_114' title='bbox 1583 1631 1988 1699; x_wconf 70' lang='grc' dir='ltr'><strong>βαπτίσματος,</strong></span> 
     </span>
    </p>
   </div>
   <div class='ocr_carea' id='block_1_17' title="bbox 432 1709 1993 1789">
    <p class='ocr_par' dir='ltr' id='par_1_17' title="bbox 432 1709 1993 1789">
     <span class='ocr_line' id='line_1_17' title="bbox 432 1709 1993 1789; baseline 0.008 -30"><span class='ocrx_word' id='word_1_115' title='bbox 432 1709 617 1775; x_wconf 76' lang='grc' dir='ltr'>ἐπειδὴ</span> <span class='ocrx_word' id='word_1_116' title='bbox 647 1710 765 1772; x_wconf 79' lang='grc' dir='ltr'>ἔθος</span> <span class='ocrx_word' id='word_1_117' title='bbox 790 1712 1104 1778; x_wconf 67' lang='grc' dir='ltr'>ἀνθρώποις</span> <span class='ocrx_word' id='word_1_118' title='bbox 1153 1714 1304 1767; x_wconf 77' lang='grc' dir='ltr'>ὕίατι</span> <span class='ocrx_word' id='word_1_119' title='bbox 1350 1715 1632 1781; x_wconf 74' lang='grc' dir='ltr'>λούεσθαι,</span> <span class='ocrx_word' id='word_1_120' title='bbox 1691 1722 1784 1772; x_wconf 75' lang='grc' dir='ltr'><strong>καὶ</strong></span> <span class='ocrx_word' id='word_1_121' title='bbox 1827 1722 1993 1789; x_wconf 78' lang='grc' dir='ltr'>ἐλαίῳ</span> 
     </span>
    </p>
   </div>
   <div class='ocr_carea' id='block_1_18' title="bbox 431 1799 1993 1880">
    <p class='ocr_par' dir='ltr' id='par_1_18' title="bbox 431 1799 1993 1880">
     <span class='ocr_line' id='line_1_18' title="bbox 431 1799 1993 1880; baseline 0.01 -32"><span class='ocrx_word' id='word_1_122' title='bbox 431 1799 699 1868; x_wconf 75' lang='grc' dir='ltr'>χρίεσθαι,</span> <span class='ocrx_word' id='word_1_123' title='bbox 738 1802 1024 1865; x_wconf 75' lang='grc' dir='ltr'>συνέζευξε</span> <span class='ocrx_word' id='word_1_124' title='bbox 1050 1803 1128 1870; x_wconf 85' lang='grc' dir='ltr'>τῷ</span> <span class='ocrx_word' id='word_1_125' title='bbox 1159 1806 1323 1874; x_wconf 77' lang='grc' dir='ltr'>ἐλαίῳ</span> <span class='ocrx_word' id='word_1_126' title='bbox 1375 1813 1471 1858; x_wconf 80' lang='grc' dir='ltr'><strong>καί</strong></span> <span class='ocrx_word' id='word_1_127' title='bbox 1514 1807 1664 1862; x_wconf 80' lang='grc' dir='ltr'>ὕδατι</span> <span class='ocrx_word' id='word_1_128' title='bbox 1710 1815 1810 1877; x_wconf 77' lang='grc' dir='ltr'><strong>τὴν</strong></span> <span class='ocrx_word' id='word_1_129' title='bbox 1833 1810 1993 1880; x_wconf 85' lang='grc' dir='ltr'>χάριν</span> 
     </span>
    </p>
   </div>
   <div class='ocr_carea' id='block_1_19' title="bbox 2089 634 3654 701">
    <p class='ocr_par' dir='ltr' id='par_1_19' title="bbox 2089 634 3654 701">
     <span class='ocr_line' id='line_1_19' title="bbox 2089 634 3654 701; baseline -0.001 -14"><span class='ocrx_word' id='word_1_130' title='bbox 2089 636 2383 701; x_wconf 75' lang='lat' dir='ltr'><strong>cbangelns</strong></span> <span class='ocrx_word' id='word_1_131' title='bbox 2414 652 2426 687; x_wconf 93' lang='lat'>:</span> <span class='ocrx_word' id='word_1_132' title='bbox 2454 634 2680 700; x_wconf 78' lang='lat' dir='ltr'><strong>Spiritus</strong></span> <span class='ocrx_word' id='word_1_133' title='bbox 2723 645 2933 687; x_wconf 81' lang='lat' dir='ltr'><strong>sanctus</strong></span> <span class='ocrx_word' id='word_1_134' title='bbox 2984 636 3309 698; x_wconf 65' lang='lat' dir='ltr'><strong>superveniet</strong></span> <span class='ocrx_word' id='word_1_135' title='bbox 3360 635 3413 686; x_wconf 84' lang='lat' dir='ltr'><strong>in</strong></span> <span class='ocrx_word' id='word_1_136' title='bbox 3460 644 3527 698; x_wconf 78' lang='lat' dir='ltr'><strong>te,</strong></span> <span class='ocrx_word' id='word_1_137' title='bbox 3607 646 3654 686; x_wconf 80' lang='lat' dir='ltr'><strong>et</strong></span> 
     </span>
    </p>
   </div>
   <div class='ocr_carea' id='block_1_20' title="bbox 2090 725 3656 792">
    <p class='ocr_par' dir='ltr' id='par_1_20' title="bbox 2090 725 3656 792">
     <span class='ocr_line' id='line_1_20' title="bbox 2090 725 3656 792; baseline -0.001 -15"><span class='ocrx_word' id='word_1_138' title='bbox 2090 726 2253 777; x_wconf 76' lang='lat' dir='ltr'><strong>virtus</strong></span> <span class='ocrx_word' id='word_1_139' title='bbox 2293 726 2554 778; x_wconf 78' lang='lat' dir='ltr'><strong>Altissimi</strong></span> <span class='ocrx_word' id='word_1_140' title='bbox 2580 726 2907 777; x_wconf 83' lang='lat' dir='ltr'><strong>obumbrabit</strong></span> <span class='ocrx_word' id='word_1_141' title='bbox 2938 727 3028 775; x_wconf 86' lang='lat' dir='ltr'><strong>tibi</strong></span> <span class='ocrx_word' id='word_1_142' title='bbox 3058 727 3094 775; x_wconf 80' lang='lat'><strong>&#39;.</strong></span> <span class='ocrx_word' id='word_1_143' title='bbox 3132 725 3210 777; x_wconf 88' lang='lat' dir='ltr'><strong>Tu</strong></span> <span class='ocrx_word' id='word_1_144' title='bbox 3239 739 3456 792; x_wconf 86' lang='lat' dir='ltr'><strong>quoque</strong></span> <span class='ocrx_word' id='word_1_145' title='bbox 3512 740 3656 776; x_wconf 89' lang='lat' dir='ltr'><strong>nunc</strong></span> 
     </span>
    </p>
   </div>
   <div class='ocr_carea' id='block_1_21' title="bbox 2089 816 3653 885">
    <p class='ocr_par' dir='ltr' id='par_1_21' title="bbox 2089 816 3653 885">
     <span class='ocr_line' id='line_1_21' title="bbox 2089 816 3653 885; baseline -0.001 -18"><span class='ocrx_word' id='word_1_146' title='bbox 2089 816 2310 885; x_wconf 72' lang='lat' dir='ltr'><strong>qureris,</strong></span> <span class='ocrx_word' id='word_1_147' title='bbox 2368 817 2459 884; x_wconf 85' lang='lat' dir='ltr'><strong>qui</strong></span> <span class='ocrx_word' id='word_1_148' title='bbox 2529 820 2682 883; x_wconf 81' lang='lat' dir='ltr'><strong>panis</strong></span> <span class='ocrx_word' id='word_1_149' title='bbox 2709 817 2796 869; x_wconf 81' lang='lat' dir='ltr'><strong>ﬁat</strong></span> <span class='ocrx_word' id='word_1_150' title='bbox 2839 831 3037 882; x_wconf 88' lang='lat' dir='ltr'><strong>corpus</strong></span> <span class='ocrx_word' id='word_1_151' title='bbox 3063 816 3288 879; x_wconf 79' lang='lat' dir='ltr'><strong>Christi,</strong></span> <span class='ocrx_word' id='word_1_152' title='bbox 3343 831 3405 869; x_wconf 90' lang='lat' dir='ltr'><strong>ac</strong></span> <span class='ocrx_word' id='word_1_153' title='bbox 3462 816 3653 867; x_wconf 90' lang='lat' dir='ltr'><strong>vinum</strong></span> 
     </span>
    </p>
   </div>
   <div class='ocr_carea' id='block_1_22' title="bbox 2088 909 3660 978">
    <p class='ocr_par' dir='ltr' id='par_1_22' title="bbox 2088 909 3660 978">
     <span class='ocr_line' id='line_1_22' title="bbox 2088 909 3660 978; baseline -0.003 -15"><span class='ocrx_word' id='word_1_154' title='bbox 2088 920 2143 963; x_wconf 85' lang='lat' dir='ltr'><strong>et</strong></span> <span class='ocrx_word' id='word_1_155' title='bbox 2171 924 2333 977; x_wconf 86' lang='lat' dir='ltr'><strong>aqua,</strong></span> <span class='ocrx_word' id='word_1_156' title='bbox 2360 910 2578 978; x_wconf 75' lang='lat' dir='ltr'><strong>sanguis</strong></span> <span class='ocrx_word' id='word_1_157' title='bbox 2606 910 2769 962; x_wconf 90' lang='lat' dir='ltr'><strong>illius.</strong></span> <span class='ocrx_word' id='word_1_158' title='bbox 2807 909 2920 976; x_wconf 81' lang='lat' dir='ltr'><strong>Ego</strong></span> <span class='ocrx_word' id='word_1_159' title='bbox 2959 925 3087 963; x_wconf 84' lang='lat' dir='ltr'><strong>vero</strong></span> <span class='ocrx_word' id='word_1_160' title='bbox 3119 909 3217 962; x_wconf 87' lang='lat' dir='ltr'><strong>tibi</strong></span> <span class='ocrx_word' id='word_1_161' title='bbox 3256 923 3457 976; x_wconf 91' lang='lat' dir='ltr'><strong>repono</strong></span> <span class='ocrx_word' id='word_1_162' title='bbox 3488 909 3660 975; x_wconf 79' lang='lat' dir='ltr'><strong>Spiri-</strong></span> 
     </span>
    </p>
   </div>
   <div class='ocr_carea' id='block_1_23' title="bbox 2092 1000 3662 1066">
    <p class='ocr_par' dir='ltr' id='par_1_23' title="bbox 2092 1000 3662 1066">
     <span class='ocr_line' id='line_1_23' title="bbox 2092 1000 3662 1066; baseline 0 -14"><span class='ocrx_word' id='word_1_163' title='bbox 2092 1008 2206 1053; x_wconf 95' lang='lat' dir='ltr'><strong>tum</strong></span> <span class='ocrx_word' id='word_1_164' title='bbox 2233 1008 2481 1052; x_wconf 89' lang='lat' dir='ltr'><strong>sanctum</strong></span> <span class='ocrx_word' id='word_1_165' title='bbox 2513 1001 2887 1066; x_wconf 80' lang='lat' dir='ltr'><strong>supervenire,</strong></span> <span class='ocrx_word' id='word_1_166' title='bbox 2913 1009 2964 1053; x_wconf 88' lang='lat' dir='ltr'><strong>et</strong></span> <span class='ocrx_word' id='word_1_167' title='bbox 2989 1016 3049 1052; x_wconf 84' lang='lat' dir='ltr'><strong>ca</strong></span> <span class='ocrx_word' id='word_1_168' title='bbox 3081 1000 3280 1061; x_wconf 81' lang='lat' dir='ltr'><strong>facere,</strong></span> <span class='ocrx_word' id='word_1_169' title='bbox 3307 1016 3425 1066; x_wconf 62' lang='lat' dir='ltr'><strong>qua:</strong></span> <span class='ocrx_word' id='word_1_170' title='bbox 3448 1013 3662 1054; x_wconf 86' lang='lat' dir='ltr'><strong>sermo-</strong></span> 
     </span>
    </p>
   </div>
   <div class='ocr_carea' id='block_1_24' title="bbox 2091 1093 3552 1160">
    <p class='ocr_par' dir='ltr' id='par_1_24' title="bbox 2091 1093 3552 1160">
     <span class='ocr_line' id='line_1_24' title="bbox 2091 1093 3552 1160; baseline 0 -15"><span class='ocrx_word' id='word_1_171' title='bbox 2091 1105 2213 1145; x_wconf 90' lang='lat' dir='ltr'><strong>nem</strong></span> <span class='ocrx_word' id='word_1_172' title='bbox 2252 1101 2687 1160; x_wconf 86' lang='lat' dir='ltr'><strong>conceptumque</strong></span> <span class='ocrx_word' id='word_1_173' title='bbox 2723 1109 2942 1145; x_wconf 88' lang='lat' dir='ltr'><strong>omnem</strong></span> <span class='ocrx_word' id='word_1_174' title='bbox 2982 1093 3169 1159; x_wconf 77' lang='lat' dir='ltr'><strong>procul</strong></span> <span class='ocrx_word' id='word_1_175' title='bbox 3200 1101 3552 1159; x_wconf 75' lang='lat' dir='ltr'><strong>exsuperant.</strong></span> 
     </span>
    </p>
   </div>
   <div class='ocr_carea' id='block_1_25' title="bbox 2163 1181 3662 1250">
    <p class='ocr_par' dir='ltr' id='par_1_25' title="bbox 2163 1181 3662 1250">
     <span class='ocr_line' id='line_1_25' title="bbox 2163 1181 3662 1250; baseline -0.001 -14"><span class='ocrx_word' id='word_1_176' title='bbox 2163 1181 2441 1250; x_wconf 79' lang='lat' dir='ltr'><strong>Curpanis</strong></span> <span class='ocrx_word' id='word_1_177' title='bbox 2486 1194 2531 1235; x_wconf 91' lang='lat' dir='ltr'><strong>et</strong></span> <span class='ocrx_word' id='word_1_178' title='bbox 2563 1185 2739 1235; x_wconf 78' lang='lat' dir='ltr'><strong>vinum</strong></span> <span class='ocrx_word' id='word_1_179' title='bbox 2801 1193 2867 1235; x_wconf 82' lang='lat' dir='ltr'><strong>ad</strong></span> <span class='ocrx_word' id='word_1_180' title='bbox 2930 1184 3324 1236; x_wconf 76' lang='lat' dir='ltr'><strong>Euclmristiam</strong></span> <span class='ocrx_word' id='word_1_181' title='bbox 3378 1184 3662 1234; x_wconf 78' lang='lat' dir='ltr'><strong>adhibean-</strong></span> 
     </span>
    </p>
   </div>
   <div class='ocr_carea' id='block_1_26' title="bbox 2096 1272 3658 1340">
    <p class='ocr_par' dir='ltr' id='par_1_26' title="bbox 2096 1272 3658 1340">
     <span class='ocr_line' id='line_1_26' title="bbox 2096 1272 3658 1340; baseline -0.002 -16"><span class='ocrx_word' id='word_1_182' title='bbox 2096 1283 2200 1325; x_wconf 88' lang='lat' dir='ltr'><strong>tur.</strong></span> <span class='ocrx_word' id='word_1_183' title='bbox 2232 1300 2300 1311; x_wconf 85' lang='lat'><strong>-—</strong></span> <span class='ocrx_word' id='word_1_184' title='bbox 2333 1274 2493 1327; x_wconf 80' lang='lat' dir='ltr'><strong>Panis</strong></span> <span class='ocrx_word' id='word_1_185' title='bbox 2535 1288 2694 1340; x_wconf 90' lang='lat' dir='ltr'><strong>porro</strong></span> <span class='ocrx_word' id='word_1_186' title='bbox 2748 1275 3041 1340; x_wconf 88' lang='lat' dir='ltr'><strong>vinumque</strong></span> <span class='ocrx_word' id='word_1_187' title='bbox 3098 1273 3452 1333; x_wconf 85' lang='lat' dir='ltr'><strong>adhibentur,</strong></span> <span class='ocrx_word' id='word_1_188' title='bbox 3510 1272 3658 1338; x_wconf 91' lang='lat' dir='ltr'><strong>quia,</strong></span> 
     </span>
    </p>
   </div>
   <div class='ocr_carea' id='block_1_27' title="bbox 2094 1364 3659 1433">
    <p class='ocr_par' dir='ltr' id='par_1_27' title="bbox 2094 1364 3659 1433">
     <span class='ocr_line' id='line_1_27' title="bbox 2094 1364 3659 1433; baseline -0.005 -15"><span class='ocrx_word' id='word_1_189' title='bbox 2094 1378 2219 1418; x_wconf 89' lang='lat' dir='ltr'><strong>cum</strong></span> <span class='ocrx_word' id='word_1_190' title='bbox 2254 1364 2361 1419; x_wconf 90' lang='lat' dir='ltr'><strong>Deo</strong></span> <span class='ocrx_word' id='word_1_191' title='bbox 2392 1365 2669 1433; x_wconf 84' lang='lat' dir='ltr'><strong>explorata</strong></span> <span class='ocrx_word' id='word_1_192' title='bbox 2711 1365 2781 1417; x_wconf 91' lang='lat' dir='ltr'><strong>sit</strong></span> <span class='ocrx_word' id='word_1_193' title='bbox 2820 1364 3167 1416; x_wconf 79' lang='lat' dir='ltr'><strong>imbecillitas</strong></span> <span class='ocrx_word' id='word_1_194' title='bbox 3220 1364 3477 1422; x_wconf 84' lang='lat' dir='ltr'><strong>humana.</strong></span> <span class='ocrx_word' id='word_1_195' title='bbox 3515 1378 3659 1429; x_wconf 72' lang='lat' dir='ltr'><strong>quu&#39;,</strong></span> 
     </span>
    </p>
   </div>
   <div class='ocr_carea' id='block_1_28' title="bbox 2099 1454 3659 1522">
    <p class='ocr_par' dir='ltr' id='par_1_28' title="bbox 2099 1454 3659 1522">
     <span class='ocr_line' id='line_1_28' title="bbox 2099 1454 3659 1522; baseline -0.003 -14"><span class='ocrx_word' id='word_1_196' title='bbox 2099 1465 2158 1508; x_wconf 83' lang='lat' dir='ltr'><strong>ut</strong></span> <span class='ocrx_word' id='word_1_197' title='bbox 2191 1455 2507 1522; x_wconf 85' lang='lat' dir='ltr'><strong>plurimum,</strong></span> <span class='ocrx_word' id='word_1_198' title='bbox 2546 1472 2606 1508; x_wconf 83' lang='lat' dir='ltr'><strong>ca</strong></span> <span class='ocrx_word' id='word_1_199' title='bbox 2638 1466 2918 1508; x_wconf 78' lang='lat' dir='ltr'><strong>aversetur</strong></span> <span class='ocrx_word' id='word_1_200' title='bbox 2945 1471 3064 1522; x_wconf 75' lang='lat' dir='ltr'><strong>qua:</strong></span> <span class='ocrx_word' id='word_1_201' title='bbox 3098 1471 3196 1507; x_wconf 88' lang='lat' dir='ltr'><strong>usu</strong></span> <span class='ocrx_word' id='word_1_202' title='bbox 3253 1456 3473 1504; x_wconf 86' lang='lat' dir='ltr'><strong>minimc</strong></span> <span class='ocrx_word' id='word_1_203' title='bbox 3538 1454 3659 1506; x_wconf 78' lang='lat' dir='ltr'><strong>trita</strong></span> 
     </span>
    </p>
   </div>
   <div class='ocr_carea' id='block_1_29' title="bbox 2097 1543 3665 1613">
    <p class='ocr_par' dir='ltr' id='par_1_29' title="bbox 2097 1543 3665 1613">
     <span class='ocr_line' id='line_1_29' title="bbox 2097 1543 3665 1613; baseline -0.004 -14"><span class='ocrx_word' id='word_1_204' title='bbox 2097 1557 2224 1600; x_wconf 90' lang='lat' dir='ltr'><strong>sunt</strong></span> <span class='ocrx_word' id='word_1_205' title='bbox 2256 1562 2270 1611; x_wconf 86' lang='lat'>;</span> <span class='ocrx_word' id='word_1_206' title='bbox 2299 1547 2425 1599; x_wconf 89' lang='lat' dir='ltr'><strong>hinc</strong></span> <span class='ocrx_word' id='word_1_207' title='bbox 2457 1545 2514 1598; x_wconf 82' lang='lat' dir='ltr'><strong>ﬁt</strong></span> <span class='ocrx_word' id='word_1_208' title='bbox 2540 1556 2597 1598; x_wconf 91' lang='lat' dir='ltr'><strong>ut</strong></span> <span class='ocrx_word' id='word_1_209' title='bbox 2631 1561 2730 1613; x_wconf 90' lang='lat' dir='ltr'><strong>pro</strong></span> <span class='ocrx_word' id='word_1_210' title='bbox 2791 1546 2948 1598; x_wconf 87' lang='lat' dir='ltr'><strong>solita</strong></span> <span class='ocrx_word' id='word_1_211' title='bbox 3009 1562 3104 1596; x_wconf 86' lang='lat' dir='ltr'><strong>sua</strong></span> <span class='ocrx_word' id='word_1_212' title='bbox 3151 1559 3276 1612; x_wconf 85' lang='lat' dir='ltr'><strong>erga</strong></span> <span class='ocrx_word' id='word_1_213' title='bbox 3331 1558 3430 1596; x_wconf 88' lang='lat' dir='ltr'><strong>nos</strong></span> <span class='ocrx_word' id='word_1_214' title='bbox 3487 1543 3665 1594; x_wconf 82' lang='lat' dir='ltr'><strong>indul-</strong></span> 
     </span>
    </p>
   </div>
   <div class='ocr_carea' id='block_1_30' title="bbox 2097 1637 3664 1707">
    <p class='ocr_par' dir='ltr' id='par_1_30' title="bbox 2097 1637 3664 1707">
     <span class='ocr_line' id='line_1_30' title="bbox 2097 1637 3664 1707; baseline -0.002 -18"><span class='ocrx_word' id='word_1_215' title='bbox 2097 1639 2295 1707; x_wconf 82' lang='lat' dir='ltr'><strong>gentia,</strong></span> <span class='ocrx_word' id='word_1_216' title='bbox 2325 1654 2418 1705; x_wconf 91' lang='lat' dir='ltr'><strong>per</strong></span> <span class='ocrx_word' id='word_1_217' title='bbox 2445 1653 2507 1691; x_wconf 90' lang='lat' dir='ltr'><strong>ea</strong></span> <span class='ocrx_word' id='word_1_218' title='bbox 2540 1653 2659 1706; x_wconf 54' lang='lat' dir='ltr'><strong>qua</strong></span> <span class='ocrx_word' id='word_1_219' title='bbox 2691 1647 2898 1691; x_wconf 79' lang='lat' dir='ltr'><strong>natura:</strong></span> <span class='ocrx_word' id='word_1_220' title='bbox 2934 1637 3221 1690; x_wconf 73' lang='lat' dir='ltr'><strong>familiaria</strong></span> <span class='ocrx_word' id='word_1_221' title='bbox 3257 1644 3405 1696; x_wconf 88' lang='lat' dir='ltr'><strong>sunt,</strong></span> <span class='ocrx_word' id='word_1_222' title='bbox 3443 1652 3529 1688; x_wconf 87' lang='lat' dir='ltr'><strong>res</strong></span> <span class='ocrx_word' id='word_1_223' title='bbox 3567 1651 3664 1686; x_wconf 86' lang='lat' dir='ltr'><strong>na-</strong></span> 
     </span>
    </p>
   </div>
   <div class='ocr_carea' id='block_1_31' title="bbox 2098 1727 3664 1794">
    <p class='ocr_par' dir='ltr' id='par_1_31' title="bbox 2098 1727 3664 1794">
     <span class='ocr_line' id='line_1_31' title="bbox 2098 1727 3664 1794; baseline -0.004 -11"><span class='ocrx_word' id='word_1_224' title='bbox 2098 1738 2220 1783; x_wconf 88' lang='lat' dir='ltr'><strong>tura</strong></span> <span class='ocrx_word' id='word_1_225' title='bbox 2250 1729 2599 1783; x_wconf 89' lang='lat' dir='ltr'><strong>sublimiores</strong></span> <span class='ocrx_word' id='word_1_226' title='bbox 2657 1729 2876 1781; x_wconf 82' lang='lat' dir='ltr'><strong>cﬂiciat.</strong></span> <span class='ocrx_word' id='word_1_227' title='bbox 2939 1729 3001 1781; x_wconf 67' lang='lat' dir='ltr'><strong>lit</strong></span> <span class='ocrx_word' id='word_1_228' title='bbox 3064 1730 3206 1780; x_wconf 85' lang='lat' dir='ltr'><strong>sicut</strong></span> <span class='ocrx_word' id='word_1_229' title='bbox 3260 1727 3311 1778; x_wconf 90' lang='lat' dir='ltr'><strong>in</strong></span> <span class='ocrx_word' id='word_1_230' title='bbox 3370 1727 3664 1794; x_wconf 75' lang='lat' dir='ltr'><strong>baptismo,</strong></span> 
     </span>
    </p>
   </div>
   <div class='ocr_carea' id='block_1_32' title="bbox 2095 1819 3662 1889">
    <p class='ocr_par' dir='ltr' id='par_1_32' title="bbox 2095 1819 3662 1889">
     <span class='ocr_line' id='line_1_32' title="bbox 2095 1819 3662 1889; baseline -0.003 -16"><span class='ocrx_word' id='word_1_231' title='bbox 2095 1819 2354 1889; x_wconf 88' lang='lat' dir='ltr'><strong>quoniam</strong></span> <span class='ocrx_word' id='word_1_232' title='bbox 2386 1821 2440 1872; x_wconf 89' lang='lat' dir='ltr'><strong>In</strong></span> <span class='ocrx_word' id='word_1_233' title='bbox 2471 1832 2621 1871; x_wconf 86' lang='lat' dir='ltr'><strong>more</strong></span> <span class='ocrx_word' id='word_1_234' title='bbox 2656 1819 2936 1871; x_wconf 86' lang='lat' dir='ltr'><strong>hominum</strong></span> <span class='ocrx_word' id='word_1_235' title='bbox 2987 1819 3224 1885; x_wconf 87' lang='lat' dir='ltr'><strong>positum</strong></span> <span class='ocrx_word' id='word_1_236' title='bbox 3277 1827 3380 1880; x_wconf 75' lang='grc' dir='ltr'>εει,</span> <span class='ocrx_word' id='word_1_237' title='bbox 3415 1826 3473 1868; x_wconf 87' lang='grc' dir='ltr'><strong>ιιι</strong></span> <span class='ocrx_word' id='word_1_238' title='bbox 3524 1832 3662 1882; x_wconf 86' lang='lat' dir='ltr'><strong>aqua</strong></span> 
     </span>
    </p>
   </div>
   <div class='ocr_carea' id='block_1_33' title="bbox 430 1886 2175 1978">
    <p class='ocr_par' dir='ltr' id='par_1_33' title="bbox 430 1886 2175 1970">
     <span class='ocr_line' id='line_1_33' title="bbox 430 1886 2175 1970; baseline 0.009 -31"><span class='ocrx_word' id='word_1_239' title='bbox 430 1888 524 1940; x_wconf 81' lang='grc' dir='ltr'><strong>τοῦ</strong></span> <span class='ocrx_word' id='word_1_240' title='bbox 563 1889 897 1957; x_wconf 78' lang='grc' dir='ltr'>Πνεῦματος,</span> <span class='ocrx_word' id='word_1_241' title='bbox 932 1895 1026 1946; x_wconf 82' lang='grc' dir='ltr'>καὶ</span> <span class='ocrx_word' id='word_1_242' title='bbox 1051 1895 1306 1963; x_wconf 80' lang='grc' dir='ltr'>ἐποίησεν</span> <span class='ocrx_word' id='word_1_243' title='bbox 1334 1898 1464 1950; x_wconf 79' lang='grc' dir='ltr'>αὐτὸ</span> <span class='ocrx_word' id='word_1_244' title='bbox 1499 1899 1724 1968; x_wconf 72' lang='grc' dir='ltr'>λουτρὸν</span> <span class='ocrx_word' id='word_1_245' title='bbox 1767 1903 1994 1970; x_wconf 79' lang='grc' dir='ltr'>ἀναγεν-</span> <span class='ocrx_word' id='word_1_246' title='bbox 2028 1886 2072 1942; x_wconf 75' lang='grc' dir='ltr'><strong>Β</strong></span> <span class='ocrx_word' id='word_1_247' title='bbox 2103 1886 2175 1964; x_wconf 49' lang='grc' dir='ltr'><strong>ι-ιῃ</strong></span> 
     </span>
    </p>
   </div>
   <div class='ocr_carea' id='block_1_34' title="bbox 1914 1886 3659 1978">
    <p class='ocr_par' dir='ltr' id='par_1_34' title="bbox 1914 1886 3659 1978">
     <span class='ocr_line' id='line_1_34' title="bbox 1914 1886 3659 1978; baseline -0.004 -13"><span class='ocrx_word' id='word_1_248' title='bbox 1914 1920 1994 1955; x_wconf 87' lang='grc' dir='ltr'>εν·</span> <span class='ocrx_word' id='word_1_249' title='bbox 2028 1886 2072 1942; x_wconf 73' lang='grc' dir='ltr'><strong>Β</strong></span> <span class='ocrx_word' id='word_1_250' title='bbox 2103 1886 2354 1965; x_wconf 67' lang='lat' dir='ltr'><strong>laventur</strong></span> <span class='ocrx_word' id='word_1_251' title='bbox 2389 1950 2404 1975; x_wconf 92' lang='lat'><strong>,</strong></span> <span class='ocrx_word' id='word_1_252' title='bbox 2465 1920 2521 1963; x_wconf 88' lang='lat' dir='ltr'><strong>et</strong></span> <span class='ocrx_word' id='word_1_253' title='bbox 2591 1918 2858 1978; x_wconf 83' lang='lat' dir='ltr'><strong>nngantur</strong></span> <span class='ocrx_word' id='word_1_254' title='bbox 2899 1909 3021 1961; x_wconf 88' lang='lat' dir='ltr'><strong>oleo</strong></span> <span class='ocrx_word' id='word_1_255' title='bbox 3048 1947 3063 1972; x_wconf 97' lang='lat'><strong>,</strong></span> <span class='ocrx_word' id='word_1_256' title='bbox 3145 1906 3378 1975; x_wconf 66' lang='lat' dir='ltr'><strong>Spiritus</strong></span> <span class='ocrx_word' id='word_1_257' title='bbox 3434 1909 3659 1975; x_wconf 76' lang='lat' dir='ltr'><strong>gratiam</strong></span> 
     </span>
    </p>
   </div>
   <div class='ocr_carea' id='block_1_35' title="bbox 434 1979 2179 2068">
    <p class='ocr_par' dir='ltr' id='par_1_35' title="bbox 434 1979 2179 2064">
     <span class='ocr_line' id='line_1_35' title="bbox 434 1979 2179 2064; baseline 0.012 -34"><span class='ocrx_word' id='word_1_258' title='bbox 434 1979 664 2046; x_wconf 79' lang='grc' dir='ltr'>νήσεωςο</span> <span class='ocrx_word' id='word_1_259' title='bbox 700 1983 894 2046; x_wconf 76' lang='grc' dir='ltr'>οὕτως,</span> <span class='ocrx_word' id='word_1_260' title='bbox 950 1983 1138 2055; x_wconf 77' lang='grc' dir='ltr'>ἐπειδὴ</span> <span class='ocrx_word' id='word_1_261' title='bbox 1168 1987 1292 2050; x_wconf 78' lang='grc' dir='ltr'>ἔθος</span> <span class='ocrx_word' id='word_1_262' title='bbox 1341 1992 1456 2052; x_wconf 79' lang='grc' dir='ltr'>τοῖς</span> <span class='ocrx_word' id='word_1_263' title='bbox 1484 1989 1795 2062; x_wconf 83' lang='grc' dir='ltr'>ἀνθρώποις</span> <span class='ocrx_word' id='word_1_264' title='bbox 1830 1996 1994 2064; x_wconf 81' lang='grc' dir='ltr'>ἄρτον</span> <span class='ocrx_word' id='word_1_265' title='bbox 2104 2016 2179 2056; x_wconf 64' lang='lat' dir='ltr'><strong>CLI?</strong></span> 
     </span>
    </p>
   </div>
   <div class='ocr_carea' id='block_1_36' title="bbox 1918 1979 3663 2068">
    <p class='ocr_par' dir='ltr' id='par_1_36' title="bbox 1918 1999 3663 2068">
     <span class='ocr_line' id='line_1_36' title="bbox 1918 1999 3663 2068; baseline 0.002 -22"><span class='ocrx_word' id='word_1_266' title='bbox 1918 2013 1994 2049; x_wconf 77' lang='grc' dir='ltr'><strong>ιον</strong></span> <span class='ocrx_word' id='word_1_267' title='bbox 2104 2016 2226 2056; x_wconf 90' lang='lat' dir='ltr'><strong>eum</strong></span> <span class='ocrx_word' id='word_1_268' title='bbox 2261 2002 2382 2055; x_wconf 83' lang='lat' dir='ltr'><strong>oleo</strong></span> <span class='ocrx_word' id='word_1_269' title='bbox 2409 2008 2462 2054; x_wconf 90' lang='lat' dir='ltr'><strong>et</strong></span> <span class='ocrx_word' id='word_1_270' title='bbox 2493 2015 2632 2068; x_wconf 89' lang='lat' dir='ltr'><strong>aqua</strong></span> <span class='ocrx_word' id='word_1_271' title='bbox 2675 1999 2971 2068; x_wconf 77' lang='lat' dir='ltr'><strong>copulavit,</strong></span> <span class='ocrx_word' id='word_1_272' title='bbox 3000 2008 3056 2051; x_wconf 90' lang='lat' dir='ltr'><strong>ut</strong></span> <span class='ocrx_word' id='word_1_273' title='bbox 3098 1999 3374 2052; x_wconf 78' lang='lat' dir='ltr'><strong>lavacrum</strong></span> <span class='ocrx_word' id='word_1_274' title='bbox 3436 2011 3663 2065; x_wconf 83' lang='lat' dir='ltr'><strong>regene-</strong></span> 
     </span>
    </p>
   </div>
   <div class='ocr_carea' id='block_1_37' title="bbox 434 2072 2179 2156">
    <p class='ocr_par' dir='ltr' id='par_1_37' title="bbox 434 2072 2179 2151">
     <span class='ocr_line' id='line_1_37' title="bbox 434 2072 2179 2151; baseline 0.012 -28"><span class='ocrx_word' id='word_1_275' title='bbox 434 2072 655 2136; x_wconf 74' lang='grc' dir='ltr'>ἐσθίειν,</span> <span class='ocrx_word' id='word_1_276' title='bbox 693 2072 834 2143; x_wconf 74' lang='grc' dir='ltr'>ὕδωρ</span> <span class='ocrx_word' id='word_1_277' title='bbox 865 2093 924 2128; x_wconf 80' lang='grc' dir='ltr'><strong>τε</strong></span> <span class='ocrx_word' id='word_1_278' title='bbox 961 2077 1054 2129; x_wconf 73' lang='grc' dir='ltr'><strong>καὶ</strong></span> <span class='ocrx_word' id='word_1_279' title='bbox 1083 2074 1226 2131; x_wconf 71' lang='grc' dir='ltr'>οἶνον</span> <span class='ocrx_word' id='word_1_280' title='bbox 1289 2081 1491 2143; x_wconf 83' lang='grc' dir='ltr'>πίνειν,</span> <span class='ocrx_word' id='word_1_281' title='bbox 1545 2086 1862 2151; x_wconf 74' lang='grc' dir='ltr'><strong>συνέζευξεν</strong></span> <span class='ocrx_word' id='word_1_282' title='bbox 1899 2090 1996 2143; x_wconf 82' lang='grc' dir='ltr'>αὐ-</span> <span class='ocrx_word' id='word_1_283' title='bbox 2105 2101 2179 2148; x_wconf 86' lang='lat' dir='ltr'><strong>rat</strong></span> 
     </span>
    </p>
   </div>
   <div class='ocr_carea' id='block_1_38' title="bbox 1919 2072 3664 2156">
    <p class='ocr_par' dir='ltr' id='par_1_38' title="bbox 1919 2089 3664 2156">
     <span class='ocr_line' id='line_1_38' title="bbox 1919 2089 3664 2156; baseline -0.002 -13"><span class='ocrx_word' id='word_1_284' title='bbox 1919 2090 1996 2143; x_wconf 81' lang='grc' dir='ltr'><strong>ιύ-</strong></span> <span class='ocrx_word' id='word_1_285' title='bbox 2105 2093 2330 2148; x_wconf 86' lang='lat' dir='ltr'><strong>rationis</strong></span> <span class='ocrx_word' id='word_1_286' title='bbox 2356 2093 2508 2145; x_wconf 90' lang='lat' dir='ltr'><strong>illum</strong></span> <span class='ocrx_word' id='word_1_287' title='bbox 2533 2091 2764 2146; x_wconf 81' lang='lat' dir='ltr'><strong>faceret.</strong></span> <span class='ocrx_word' id='word_1_288' title='bbox 2796 2090 3078 2144; x_wconf 82' lang='lat' dir='ltr'><strong>Consimili</strong></span> <span class='ocrx_word' id='word_1_289' title='bbox 3135 2090 3318 2151; x_wconf 90' lang='lat' dir='ltr'><strong>modo,</strong></span> <span class='ocrx_word' id='word_1_290' title='bbox 3388 2091 3515 2156; x_wconf 90' lang='lat' dir='ltr'><strong>quia</strong></span> <span class='ocrx_word' id='word_1_291' title='bbox 3568 2089 3664 2140; x_wconf 89' lang='lat' dir='ltr'><strong>ho-</strong></span> 
     </span>
    </p>
   </div>
   <div class='ocr_carea' id='block_1_39' title="bbox 431 2164 2176 2251">
    <p class='ocr_par' dir='ltr' id='par_1_39' title="bbox 431 2164 2175 2249">
     <span class='ocr_line' id='line_1_39' title="bbox 431 2164 2175 2249; baseline 0.014 -34"><span class='ocrx_word' id='word_1_292' title='bbox 431 2165 544 2224; x_wconf 81' lang='grc' dir='ltr'>τοῖς</span> <span class='ocrx_word' id='word_1_293' title='bbox 568 2164 668 2233; x_wconf 84' lang='grc' dir='ltr'><strong>τὴν</strong></span> <span class='ocrx_word' id='word_1_294' title='bbox 700 2166 868 2219; x_wconf 86' lang='grc' dir='ltr'>αὑτοῦ</span> <span class='ocrx_word' id='word_1_295' title='bbox 901 2166 1150 2239; x_wconf 80' lang='grc' dir='ltr'>θεότητα,</span> <span class='ocrx_word' id='word_1_296' title='bbox 1187 2173 1281 2224; x_wconf 76' lang='grc' dir='ltr'>καὶ</span> <span class='ocrx_word' id='word_1_297' title='bbox 1313 2178 1620 2243; x_wconf 84' lang='grc' dir='ltr'>πεποίηκεν</span> <span class='ocrx_word' id='word_1_298' title='bbox 1671 2180 1807 2232; x_wconf 79' lang='grc' dir='ltr'>αὐτὰ</span> <span class='ocrx_word' id='word_1_299' title='bbox 1835 2180 1993 2249; x_wconf 83' lang='grc' dir='ltr'>σῶμα</span> <span class='ocrx_word' id='word_1_300' title='bbox 2104 2186 2175 2238; x_wconf 87' lang='lat' dir='ltr'><strong>mi</strong></span> 
     </span>
    </p>
   </div>
   <div class='ocr_carea' id='block_1_40' title="bbox 1920 2164 3665 2251">
    <p class='ocr_par' dir='ltr' id='par_1_40' title="bbox 1920 2182 3665 2251">
     <span class='ocr_line' id='line_1_40' title="bbox 1920 2182 3665 2251; baseline -0.003 -12"><span class='ocrx_word' id='word_1_301' title='bbox 1920 2199 1993 2249; x_wconf 82' lang='grc' dir='ltr'><strong>μα</strong></span> <span class='ocrx_word' id='word_1_302' title='bbox 2104 2186 2310 2238; x_wconf 90' lang='lat' dir='ltr'><strong>minutn</strong></span> <span class='ocrx_word' id='word_1_303' title='bbox 2331 2184 2670 2237; x_wconf 88' lang='lat' dir='ltr'><strong>consuetudo</strong></span> <span class='ocrx_word' id='word_1_304' title='bbox 2695 2185 2798 2237; x_wconf 83' lang='lat' dir='ltr'><strong>fert</strong></span> <span class='ocrx_word' id='word_1_305' title='bbox 2831 2195 2886 2236; x_wconf 90' lang='lat' dir='ltr'><strong>ut</strong></span> <span class='ocrx_word' id='word_1_306' title='bbox 2918 2198 3110 2251; x_wconf 87' lang='lat' dir='ltr'><strong>panem</strong></span> <span class='ocrx_word' id='word_1_307' title='bbox 3148 2182 3332 2243; x_wconf 86' lang='lat' dir='ltr'><strong>edant,</strong></span> <span class='ocrx_word' id='word_1_308' title='bbox 3368 2183 3665 2248; x_wconf 87' lang='lat' dir='ltr'><strong>vinumque</strong></span> 
     </span>
    </p>
   </div>
   <div class='ocr_carea' id='block_1_41' title="bbox 433 2251 2178 2346">
    <p class='ocr_par' dir='ltr' id='par_1_41' title="bbox 433 2251 2156 2340">
     <span class='ocr_line' id='line_1_41' title="bbox 433 2251 2156 2340; baseline 0.015 -34"><span class='ocrx_word' id='word_1_309' title='bbox 433 2257 527 2307; x_wconf 79' lang='grc' dir='ltr'>καὶ</span> <span class='ocrx_word' id='word_1_310' title='bbox 553 2251 692 2324; x_wconf 78' lang='grc' dir='ltr'>αἷμα</span> <span class='ocrx_word' id='word_1_311' title='bbox 717 2259 905 2322; x_wconf 82' lang='grc' dir='ltr'>αὑτοῦ,</span> <span class='ocrx_word' id='word_1_312' title='bbox 936 2260 1019 2312; x_wconf 78' lang='grc' dir='ltr'><strong>ἵνα</strong></span> <span class='ocrx_word' id='word_1_313' title='bbox 1046 2261 1132 2313; x_wconf 82' lang='grc' dir='ltr'>διά</span> <span class='ocrx_word' id='word_1_314' title='bbox 1159 2265 1265 2316; x_wconf 82' lang='grc' dir='ltr'>τῶν</span> <span class='ocrx_word' id='word_1_315' title='bbox 1296 2268 1543 2335; x_wconf 73' lang='grc' dir='ltr'>συνήθων</span> <span class='ocrx_word' id='word_1_316' title='bbox 1583 2271 1673 2322; x_wconf 70' lang='grc' dir='ltr'><strong>καὶ</strong></span> <span class='ocrx_word' id='word_1_317' title='bbox 1708 2273 1850 2325; x_wconf 78' lang='grc' dir='ltr'>κατᾶ</span> <span class='ocrx_word' id='word_1_318' title='bbox 1888 2273 1992 2340; x_wconf 72' lang='lat' dir='ltr'><strong>cpti-</strong></span> <span class='ocrx_word' id='word_1_319' title='bbox 2102 2285 2156 2331; x_wconf 87' lang='lat' dir='ltr'><strong>cl</strong></span> 
     </span>
    </p>
   </div>
   <div class='ocr_carea' id='block_1_42' title="bbox 1919 2251 3664 2346">
    <p class='ocr_par' dir='ltr' id='par_1_42' title="bbox 1919 2273 3664 2346">
     <span class='ocr_line' id='line_1_42' title="bbox 1919 2273 3664 2346; baseline -0.005 -14"><span class='ocrx_word' id='word_1_320' title='bbox 1919 2273 1992 2324; x_wconf 68' lang='grc' dir='ltr'><strong>’ύ-</strong></span> <span class='ocrx_word' id='word_1_321' title='bbox 2102 2285 2156 2331; x_wconf 86' lang='lat' dir='ltr'><strong>et</strong></span> <span class='ocrx_word' id='word_1_322' title='bbox 2191 2293 2381 2346; x_wconf 89' lang='lat' dir='ltr'><strong>aquam</strong></span> <span class='ocrx_word' id='word_1_323' title='bbox 2410 2279 2632 2340; x_wconf 80' lang='lat' dir='ltr'><strong>bibant;</strong></span> <span class='ocrx_word' id='word_1_324' title='bbox 2672 2277 2874 2329; x_wconf 69' lang='lat' dir='ltr'><strong>idcirco</strong></span> <span class='ocrx_word' id='word_1_325' title='bbox 2911 2277 3196 2344; x_wconf 79' lang='lat' dir='ltr'><strong>conjuncta</strong></span> <span class='ocrx_word' id='word_1_326' title='bbox 3226 2289 3347 2326; x_wconf 87' lang='lat' dir='ltr'><strong>cum</strong></span> <span class='ocrx_word' id='word_1_327' title='bbox 3406 2273 3510 2325; x_wconf 85' lang='lat' dir='ltr'><strong>illis</strong></span> <span class='ocrx_word' id='word_1_328' title='bbox 3570 2287 3664 2325; x_wconf 71' lang='lat' dir='ltr'><strong>sun</strong></span> 
     </span>
    </p>
   </div>
   <div class='ocr_carea' id='block_1_43' title="bbox 435 2351 2180 2436">
    <p class='ocr_par' dir='ltr' id='par_1_43' title="bbox 435 2351 2180 2425">
     <span class='ocr_line' id='line_1_43' title="bbox 435 2351 2180 2425; baseline 0.014 -27"><span class='ocrx_word' id='word_1_329' title='bbox 435 2364 539 2411; x_wconf 90' lang='grc' dir='ltr'>σιν,</span> <span class='ocrx_word' id='word_1_330' title='bbox 577 2351 634 2401; x_wconf 82' lang='grc' dir='ltr'><strong>ὲν</strong></span> <span class='ocrx_word' id='word_1_331' title='bbox 657 2352 771 2415; x_wconf 85' lang='grc' dir='ltr'>τοῖς</span> <span class='ocrx_word' id='word_1_332' title='bbox 806 2352 945 2420; x_wconf 84' lang='grc' dir='ltr'>ὑπὲρ</span> <span class='ocrx_word' id='word_1_333' title='bbox 970 2354 1130 2421; x_wconf 80' lang='grc' dir='ltr'>φύσιν</span> <span class='ocrx_word' id='word_1_334' title='bbox 1159 2358 1469 2425; x_wconf 71' lang='grc' dir='ltr'>γενώμεθα.</span> <span class='ocrx_word' id='word_1_335' title='bbox 2104 2369 2180 2422; x_wconf 70' lang='lat' dir='ltr'><strong>dii</strong></span> 
     </span>
    </p>
   </div>
   <div class='ocr_carea' id='block_1_44' title="bbox 1918 2351 3663 2436">
    <p class='ocr_par' dir='ltr' id='par_1_44' title="bbox 2104 2364 3663 2436">
     <span class='ocr_line' id='line_1_44' title="bbox 2104 2364 3663 2436; baseline -0.003 -14"><span class='ocrx_word' id='word_1_336' title='bbox 2104 2369 2406 2431; x_wconf 86' lang='lat' dir='ltr'><strong>divinitate,</strong></span> <span class='ocrx_word' id='word_1_337' title='bbox 2444 2370 2554 2422; x_wconf 72' lang='lat' dir='ltr'><strong>litec</strong></span> <span class='ocrx_word' id='word_1_338' title='bbox 2584 2384 2781 2436; x_wconf 80' lang='lat' dir='ltr'><strong>corpus</strong></span> <span class='ocrx_word' id='word_1_339' title='bbox 2824 2377 2877 2420; x_wconf 81' lang='lat' dir='ltr'><strong>et</strong></span> <span class='ocrx_word' id='word_1_340' title='bbox 2930 2368 3249 2435; x_wconf 72' lang='lat' dir='ltr'><strong>sanguinein</strong></span> <span class='ocrx_word' id='word_1_341' title='bbox 3297 2380 3456 2418; x_wconf 85' lang='lat' dir='ltr'><strong>suum</strong></span> <span class='ocrx_word' id='word_1_342' title='bbox 3517 2364 3599 2418; x_wconf 80' lang='lat' dir='ltr'><strong>fee</strong></span> <span class='ocrx_word' id='word_1_343' title='bbox 3628 2375 3663 2426; x_wconf 81' lang='grc' dir='ltr'>Ι,</span> 
     </span>
    </p>
   </div>
   <div class='ocr_carea' id='block_1_45' title="bbox 436 2445 2958 2528">
    <p class='ocr_par' dir='ltr' id='par_1_45' title="bbox 436 2445 2958 2528">
     <span class='ocr_line' id='line_1_45' title="bbox 436 2445 2958 2528; baseline 0.004 -29"><span class='ocrx_word' id='word_1_344' title='bbox 436 2445 511 2500; x_wconf 87' lang='lat' dir='ltr'><strong>uti</strong></span> <span class='ocrx_word' id='word_1_345' title='bbox 550 2459 645 2513; x_wconf 90' lang='lat' dir='ltr'><strong>per</strong></span> <span class='ocrx_word' id='word_1_346' title='bbox 671 2445 862 2497; x_wconf 87' lang='lat' dir='ltr'><strong>usitata</strong></span> <span class='ocrx_word' id='word_1_347' title='bbox 885 2453 940 2498; x_wconf 89' lang='lat' dir='ltr'><strong>et</strong></span> <span class='ocrx_word' id='word_1_348' title='bbox 984 2458 1186 2500; x_wconf 76' lang='lat' dir='ltr'><strong>natura:</strong></span> <span class='ocrx_word' id='word_1_349' title='bbox 1224 2461 1587 2504; x_wconf 85' lang='lat' dir='ltr'><strong>consentanea</strong></span> <span class='ocrx_word' id='word_1_350' title='bbox 1638 2466 1986 2522; x_wconf 86' lang='lat' dir='ltr'><strong>assurgamus</strong></span> <span class='ocrx_word' id='word_1_351' title='bbox 2017 2458 2082 2511; x_wconf 89' lang='lat' dir='ltr'><strong>ad</strong></span> <span class='ocrx_word' id='word_1_352' title='bbox 2115 2475 2178 2512; x_wconf 88' lang='lat' dir='ltr'><strong>ea</strong></span> <span class='ocrx_word' id='word_1_353' title='bbox 2208 2474 2326 2528; x_wconf 73' lang='lat' dir='ltr'><strong>qua:</strong></span> <span class='ocrx_word' id='word_1_354' title='bbox 2349 2474 2508 2527; x_wconf 80' lang='lat' dir='ltr'><strong>supra</strong></span> <span class='ocrx_word' id='word_1_355' title='bbox 2541 2468 2784 2510; x_wconf 86' lang='lat' dir='ltr'><strong>naturam</strong></span> <span class='ocrx_word' id='word_1_356' title='bbox 2814 2469 2958 2510; x_wconf 90' lang='lat' dir='ltr'><strong>sunt.</strong></span> 
     </span>
    </p>
   </div>
   <div class='ocr_carea' id='block_1_46' title="bbox 505 2539 1998 2617">
    <p class='ocr_par' dir='ltr' id='par_1_46' title="bbox 505 2539 1998 2617">
     <span class='ocr_line' id='line_1_46' title="bbox 505 2539 1998 2617; baseline 0.009 -27"><span class='ocrx_word' id='word_1_357' title='bbox 505 2539 672 2608; x_wconf 84' lang='grc' dir='ltr'>Σῶμά</span> <span class='ocrx_word' id='word_1_358' title='bbox 696 2540 843 2592; x_wconf 76' lang='grc' dir='ltr'>ἐστιν</span> <span class='ocrx_word' id='word_1_359' title='bbox 875 2541 1090 2610; x_wconf 81' lang='grc' dir='ltr'>ἀληθῶς</span> <span class='ocrx_word' id='word_1_360' title='bbox 1132 2545 1406 2614; x_wconf 79' lang='grc' dir='ltr'><strong>ἡνωμένον</strong></span> <span class='ocrx_word' id='word_1_361' title='bbox 1443 2547 1680 2617; x_wconf 69' lang='grc' dir='ltr'>Θεότητι,</span> <span class='ocrx_word' id='word_1_362' title='bbox 1721 2549 1780 2600; x_wconf 72' lang='grc' dir='ltr'>τὸ</span> <span class='ocrx_word' id='word_1_363' title='bbox 1804 2551 1867 2601; x_wconf 82' lang='grc' dir='ltr'>ὲκ</span> <span class='ocrx_word' id='word_1_364' title='bbox 1900 2550 1998 2614; x_wconf 78' lang='grc' dir='ltr'>τῆς</span> 
     </span>
    </p>
   </div>
   <div class='ocr_carea' id='block_1_47' title="bbox 437 2632 1999 2712">
    <p class='ocr_par' dir='ltr' id='par_1_47' title="bbox 437 2632 1999 2712">
     <span class='ocr_line' id='line_1_47' title="bbox 437 2632 1999 2712; baseline 0.008 -28"><span class='ocrx_word' id='word_1_365' title='bbox 437 2632 592 2698; x_wconf 81' lang='grc' dir='ltr'>ἁγίας</span> <span class='ocrx_word' id='word_1_366' title='bbox 628 2634 907 2704; x_wconf 77' lang='grc' dir='ltr'>Παρθένου</span> <span class='ocrx_word' id='word_1_367' title='bbox 939 2636 1118 2702; x_wconf 76' lang='grc' dir='ltr'>σῶμα,</span> <span class='ocrx_word' id='word_1_368' title='bbox 1165 2640 1259 2705; x_wconf 75' lang='grc' dir='ltr'>οὐχ</span> <span class='ocrx_word' id='word_1_369' title='bbox 1292 2640 1371 2690; x_wconf 76' lang='grc' dir='ltr'>ὅτι</span> <span class='ocrx_word' id='word_1_370' title='bbox 1405 2640 1464 2690; x_wconf 85' lang='grc' dir='ltr'><strong>τὸ</strong></span> <span class='ocrx_word' id='word_1_371' title='bbox 1494 2640 1808 2709; x_wconf 66' lang='grc' dir='ltr'>ἀναληφθὲν</span> <span class='ocrx_word' id='word_1_372' title='bbox 1841 2643 1999 2712; x_wconf 83' lang='grc' dir='ltr'>σῶμα</span> 
     </span>
    </p>
   </div>
   <div class='ocr_carea' id='block_1_48' title="bbox 436 2725 1994 2802">
    <p class='ocr_par' dir='ltr' id='par_1_48' title="bbox 436 2725 1994 2802">
     <span class='ocr_line' id='line_1_48' title="bbox 436 2725 1994 2802; baseline 0.005 -26"><span class='ocrx_word' id='word_1_373' title='bbox 436 2726 496 2789; x_wconf 74' lang='grc' dir='ltr'><strong>ἐξ</strong></span> <span class='ocrx_word' id='word_1_374' title='bbox 554 2725 787 2794; x_wconf 85' lang='grc' dir='ltr'>οὐρανοῦ</span> <span class='ocrx_word' id='word_1_375' title='bbox 837 2728 1187 2797; x_wconf 77' lang='grc' dir='ltr'><strong>κατέρχεται,</strong></span> <span class='ocrx_word' id='word_1_376' title='bbox 1245 2729 1358 2781; x_wconf 84' lang='grc' dir='ltr'>ἀλλ’</span> <span class='ocrx_word' id='word_1_377' title='bbox 1412 2730 1493 2782; x_wconf 85' lang='grc' dir='ltr'>ὅτι</span> <span class='ocrx_word' id='word_1_378' title='bbox 1528 2730 1693 2793; x_wconf 75' lang='grc' dir='ltr'>αὐτὸς</span> <span class='ocrx_word' id='word_1_379' title='bbox 1752 2735 1780 2785; x_wconf 93' lang='lat'><strong>6</strong></span> <span class='ocrx_word' id='word_1_380' title='bbox 1833 2734 1994 2802; x_wconf 82' lang='grc' dir='ltr'>ἄρτος</span> 
     </span>
    </p>
   </div>
   <div class='ocr_carea' id='block_1_49' title="bbox 423 2817 2000 2898">
    <p class='ocr_par' dir='ltr' id='par_1_49' title="bbox 423 2817 2000 2898">
     <span class='ocr_line' id='line_1_49' title="bbox 423 2817 2000 2898; baseline 0.003 -20"><span class='ocrx_word' id='word_1_381' title='bbox 423 2824 516 2878; x_wconf 77' lang='grc' dir='ltr'>καὶ</span> <span class='ocrx_word' id='word_1_382' title='bbox 537 2817 682 2887; x_wconf 78' lang='grc' dir='ltr'>οἶνος</span> <span class='ocrx_word' id='word_1_383' title='bbox 703 2826 1126 2894; x_wconf 74' lang='grc' dir='ltr'>μεταποιοῦνται</span> <span class='ocrx_word' id='word_1_384' title='bbox 1207 2827 1285 2888; x_wconf 82' lang='grc' dir='ltr'><strong>είς</strong></span> <span class='ocrx_word' id='word_1_385' title='bbox 1309 2825 1471 2896; x_wconf 74' lang='grc' dir='ltr'>σῶμα</span> <span class='ocrx_word' id='word_1_386' title='bbox 1486 2827 1579 2881; x_wconf 73' lang='grc' dir='ltr'>καὶ</span> <span class='ocrx_word' id='word_1_387' title='bbox 1595 2825 1731 2898; x_wconf 71' lang='grc' dir='ltr'>αἷμα</span> <span class='ocrx_word' id='word_1_388' title='bbox 1750 2829 1908 2885; x_wconf 79' lang='grc' dir='ltr'>Θεοῦ.</span> <span class='ocrx_word' id='word_1_389' title='bbox 1935 2831 2000 2882; x_wconf 80' lang='grc' dir='ltr'><strong>Εἰ</strong></span> 
     </span>
    </p>
   </div>
   <div class='ocr_carea' id='block_1_50' title="bbox 423 2915 1998 2987">
    <p class='ocr_par' dir='ltr' id='par_1_50' title="bbox 423 2915 1998 2987">
     <span class='ocr_line' id='line_1_50' title="bbox 423 2915 1998 2987; baseline 0.003 -19"><span class='ocrx_word' id='word_1_390' title='bbox 423 2916 476 2968; x_wconf 77' lang='grc' dir='ltr'><strong>δὲ</strong></span> <span class='ocrx_word' id='word_1_391' title='bbox 493 2916 586 2968; x_wconf 73' lang='grc' dir='ltr'>τὸν</span> <span class='ocrx_word' id='word_1_392' title='bbox 604 2915 808 2986; x_wconf 76' lang='grc' dir='ltr'>τρόπον</span> <span class='ocrx_word' id='word_1_393' title='bbox 838 2917 1136 2985; x_wconf 80' lang='grc' dir='ltr'>ἐπιζητεῖς,</span> <span class='ocrx_word' id='word_1_394' title='bbox 1158 2917 1277 2979; x_wconf 76' lang='grc' dir='ltr'><strong>πῶς</strong></span> <span class='ocrx_word' id='word_1_395' title='bbox 1293 2917 1519 2984; x_wconf 78' lang='grc' dir='ltr'>γίνεται,</span> <span class='ocrx_word' id='word_1_396' title='bbox 1543 2921 1703 2987; x_wconf 84' lang='grc' dir='ltr'>ἀρκεῖ</span> <span class='ocrx_word' id='word_1_397' title='bbox 1722 2938 1801 2971; x_wconf 85' lang='grc' dir='ltr'><strong>σοι</strong></span> <span class='ocrx_word' id='word_1_398' title='bbox 1831 2920 1998 2972; x_wconf 81' lang='grc' dir='ltr'>ἀκοῦ-</span> 
     </span>
    </p>
   </div>
   <div class='ocr_carea' id='block_1_51' title="bbox 2181 2551 3668 2619">
    <p class='ocr_par' dir='ltr' id='par_1_51' title="bbox 2181 2551 3668 2619">
     <span class='ocr_line' id='line_1_51' title="bbox 2181 2551 3668 2619; baseline -0.005 -12"><span class='ocrx_word' id='word_1_399' title='bbox 2181 2552 2378 2619; x_wconf 82' lang='lat' dir='ltr'><strong>Corpus</strong></span> <span class='ocrx_word' id='word_1_400' title='bbox 2447 2552 2642 2606; x_wconf 79' lang='lat' dir='ltr'><strong>Christi</strong></span> <span class='ocrx_word' id='word_1_401' title='bbox 2697 2553 2749 2604; x_wconf 85' lang='lat' dir='ltr'><strong>in</strong></span> <span class='ocrx_word' id='word_1_402' title='bbox 2788 2551 3127 2604; x_wconf 49' lang='lat' dir='ltr'><strong>Eucliaiintia</strong></span> <span class='ocrx_word' id='word_1_403' title='bbox 3179 2568 3280 2603; x_wconf 80' lang='lat' dir='ltr'><strong>non</strong></span> <span class='ocrx_word' id='word_1_404' title='bbox 3336 2551 3668 2616; x_wconf 72' lang='grc' dir='ltr'>αίίιίιιιιὶυκε,</span> 
     </span>
    </p>
   </div>
   <div class='ocr_carea' id='block_1_52' title="bbox 2106 2642 3672 2710">
    <p class='ocr_par' dir='ltr' id='par_1_52' title="bbox 2106 2642 3672 2710">
     <span class='ocr_line' id='line_1_52' title="bbox 2106 2642 3672 2710; baseline -0.003 -11"><span class='ocrx_word' id='word_1_405' title='bbox 2106 2647 2193 2699; x_wconf 79' lang='lat' dir='ltr'><strong>sed</strong></span> <span class='ocrx_word' id='word_1_406' title='bbox 2216 2645 2588 2698; x_wconf 78' lang='lat' dir='ltr'><strong>elementorum</strong></span> <span class='ocrx_word' id='word_1_407' title='bbox 2628 2647 2976 2698; x_wconf 71' lang='lat' dir='ltr'><strong>conversione.</strong></span> <span class='ocrx_word' id='word_1_408' title='bbox 3008 2673 3077 2681; x_wconf 89' lang='lat'><strong>—</strong></span> <span class='ocrx_word' id='word_1_409' title='bbox 3125 2644 3336 2710; x_wconf 74' lang='lat' dir='ltr'><strong>Corpus</strong></span> <span class='ocrx_word' id='word_1_410' title='bbox 3386 2651 3469 2696; x_wconf 83' lang='lat' dir='ltr'><strong>est</strong></span> <span class='ocrx_word' id='word_1_411' title='bbox 3531 2642 3672 2696; x_wconf 79' lang='lat' dir='ltr'><strong>divi-</strong></span> 
     </span>
    </p>
   </div>
   <div class='ocr_carea' id='block_1_53' title="bbox 2109 2733 3672 2802">
    <p class='ocr_par' dir='ltr' id='par_1_53' title="bbox 2109 2733 3672 2802">
     <span class='ocr_line' id='line_1_53' title="bbox 2109 2733 3672 2802; baseline -0.003 -15"><span class='ocrx_word' id='word_1_412' title='bbox 2109 2737 2261 2787; x_wconf 88' lang='lat' dir='ltr'><strong>nitati</strong></span> <span class='ocrx_word' id='word_1_413' title='bbox 2300 2751 2424 2788; x_wconf 86' lang='lat' dir='ltr'><strong>vere</strong></span> <span class='ocrx_word' id='word_1_414' title='bbox 2457 2737 2690 2799; x_wconf 88' lang='lat' dir='ltr'><strong>unitum,</strong></span> <span class='ocrx_word' id='word_1_415' title='bbox 2721 2734 2865 2802; x_wconf 92' lang='lat' dir='ltr'><strong>quod</strong></span> <span class='ocrx_word' id='word_1_416' title='bbox 2897 2748 2961 2786; x_wconf 75' lang='lat' dir='ltr'><strong>ea</strong></span> <span class='ocrx_word' id='word_1_417' title='bbox 2990 2743 3176 2785; x_wconf 87' lang='lat' dir='ltr'><strong>sancta</strong></span> <span class='ocrx_word' id='word_1_418' title='bbox 3218 2733 3438 2800; x_wconf 87' lang='lat' dir='ltr'><strong>Virgine</strong></span> <span class='ocrx_word' id='word_1_419' title='bbox 3490 2743 3672 2786; x_wconf 90' lang='lat' dir='ltr'><strong>ortum</strong></span> 
     </span>
    </p>
   </div>
   <div class='ocr_carea' id='block_1_54' title="bbox 2107 2827 3694 2897">
    <p class='ocr_par' dir='ltr' id='par_1_54' title="bbox 2107 2827 3694 2897">
     <span class='ocr_line' id='line_1_54' title="bbox 2107 2827 3694 2897; baseline -0.004 -15"><span class='ocrx_word' id='word_1_420' title='bbox 2107 2829 2323 2893; x_wconf 85' lang='lat' dir='ltr'><strong>habuit,</strong></span> <span class='ocrx_word' id='word_1_421' title='bbox 2361 2845 2471 2884; x_wconf 91' lang='lat' dir='ltr'><strong>non</strong></span> <span class='ocrx_word' id='word_1_422' title='bbox 2513 2838 2573 2882; x_wconf 92' lang='lat' dir='ltr'><strong>ut</strong></span> <span class='ocrx_word' id='word_1_423' title='bbox 2601 2828 2736 2882; x_wconf 89' lang='lat' dir='ltr'><strong>illud</strong></span> <span class='ocrx_word' id='word_1_424' title='bbox 2783 2827 2928 2897; x_wconf 90' lang='lat' dir='ltr'><strong>quod</strong></span> <span class='ocrx_word' id='word_1_425' title='bbox 2976 2829 3026 2880; x_wconf 91' lang='lat' dir='ltr'><strong>in</strong></span> <span class='ocrx_word' id='word_1_426' title='bbox 3067 2827 3239 2881; x_wconf 77' lang='lat' dir='ltr'><strong>ccelos</strong></span> <span class='ocrx_word' id='word_1_427' title='bbox 3283 2833 3562 2895; x_wconf 88' lang='lat' dir='ltr'><strong>receptum</strong></span> <span class='ocrx_word' id='word_1_428' title='bbox 3591 2831 3694 2884; x_wconf 89' lang='lat' dir='ltr'><strong>est.</strong></span> 
     </span>
    </p>
   </div>
   <div class='ocr_carea' id='block_1_55' title="bbox 2103 2917 3694 2989">
    <p class='ocr_par' dir='ltr' id='par_1_55' title="bbox 2103 2917 3694 2989">
     <span class='ocr_line' id='line_1_55' title="bbox 2103 2917 3694 2989; baseline -0.004 -14"><span class='ocrx_word' id='word_1_429' title='bbox 2103 2936 2309 2989; x_wconf 85' lang='lat' dir='ltr'><strong>Corpus</strong></span> <span class='ocrx_word' id='word_1_430' title='bbox 2344 2921 2686 2981; x_wconf 73' lang='lat' dir='ltr'><strong>descendat;</strong></span> <span class='ocrx_word' id='word_1_431' title='bbox 2741 2919 2833 2972; x_wconf 84' lang='lat' dir='ltr'><strong>sed</strong></span> <span class='ocrx_word' id='word_1_432' title='bbox 2883 2920 3011 2988; x_wconf 86' lang='lat' dir='ltr'><strong>quia</strong></span> <span class='ocrx_word' id='word_1_433' title='bbox 3049 2918 3207 2986; x_wconf 85' lang='lat' dir='ltr'><strong>panis</strong></span> <span class='ocrx_word' id='word_1_434' title='bbox 3255 2917 3370 2986; x_wconf 90' lang='lat' dir='ltr'><strong>ipse</strong></span> <span class='ocrx_word' id='word_1_435' title='bbox 3422 2926 3475 2971; x_wconf 85' lang='lat' dir='ltr'><strong>et</strong></span> <span class='ocrx_word' id='word_1_436' title='bbox 3510 2917 3694 2968; x_wconf 81' lang='lat' dir='ltr'><strong>vinum</strong></span> 
     </span>
    </p>
   </div>
   <div class='ocr_carea' id='block_1_56' title="bbox 425 3003 2170 3079">
    <p class='ocr_par' dir='ltr' id='par_1_56' title="bbox 425 3007 2159 3078">
     <span class='ocr_line' id='line_1_56' title="bbox 425 3007 2159 3078; baseline 0.002 -19"><span class='ocrx_word' id='word_1_437' title='bbox 425 3023 535 3071; x_wconf 87' lang='grc' dir='ltr'>σαι,</span> <span class='ocrx_word' id='word_1_438' title='bbox 569 3008 652 3060; x_wconf 80' lang='grc' dir='ltr'>ὅτι</span> <span class='ocrx_word' id='word_1_439' title='bbox 700 3007 788 3059; x_wconf 76' lang='grc' dir='ltr'><strong>διὰ</strong></span> <span class='ocrx_word' id='word_1_440' title='bbox 847 3008 1165 3078; x_wconf 72' lang='grc' dir='ltr'>Πνεῦματος</span> <span class='ocrx_word' id='word_1_441' title='bbox 1208 3009 1390 3076; x_wconf 78' lang='grc' dir='ltr'>ἁγίου,</span> <span class='ocrx_word' id='word_1_442' title='bbox 1422 3008 1608 3077; x_wconf 77' lang='grc' dir='ltr'>ὥσπερ</span> <span class='ocrx_word' id='word_1_443' title='bbox 1656 3011 1751 3061; x_wconf 70' lang='grc' dir='ltr'><strong>καὶ</strong></span> <span class='ocrx_word' id='word_1_444' title='bbox 1794 3010 1857 3061; x_wconf 82' lang='grc' dir='ltr'>ἐκ</span> <span class='ocrx_word' id='word_1_445' title='bbox 1911 3010 2008 3076; x_wconf 72' lang='grc' dir='ltr'>τῆς</span> <span class='ocrx_word' id='word_1_446' title='bbox 2105 3011 2159 3064; x_wconf 87' lang='lat' dir='ltr'><strong>in</strong></span> 
     </span>
    </p>
   </div>
   <div class='ocr_carea' id='block_1_57' title="bbox 1951 3003 3696 3079">
    <p class='ocr_par' dir='ltr' id='par_1_57' title="bbox 1951 3003 3696 3079">
     <span class='ocr_line' id='line_1_57' title="bbox 1951 3003 3696 3079; baseline -0.003 -15"><span class='ocrx_word' id='word_1_447' title='bbox 1951 3010 2008 3076; x_wconf 75' lang='grc' dir='ltr'>ἧς</span> <span class='ocrx_word' id='word_1_448' title='bbox 2105 3011 2159 3064; x_wconf 90' lang='lat' dir='ltr'><strong>in</strong></span> <span class='ocrx_word' id='word_1_449' title='bbox 2204 3026 2413 3079; x_wconf 89' lang='lat' dir='ltr'><strong>corpus</strong></span> <span class='ocrx_word' id='word_1_450' title='bbox 2461 3019 2514 3064; x_wconf 87' lang='lat' dir='ltr'><strong>et</strong></span> <span class='ocrx_word' id='word_1_451' title='bbox 2567 3011 2894 3078; x_wconf 80' lang='lat' dir='ltr'><strong>sanguinem</strong></span> <span class='ocrx_word' id='word_1_452' title='bbox 2955 3009 3048 3061; x_wconf 80' lang='lat' dir='ltr'><strong>Dei</strong></span> <span class='ocrx_word' id='word_1_453' title='bbox 3108 3017 3581 3062; x_wconf 80' lang='lat' dir='ltr'><strong>transmutantnr.</strong></span> <span class='ocrx_word' id='word_1_454' title='bbox 3641 3003 3696 3058; x_wconf 87' lang='lat' dir='ltr'><strong>Si</strong></span> 
     </span>
    </p>
   </div>
   <div class='ocr_carea' id='block_1_58' title="bbox 425 3096 2170 3174">
    <p class='ocr_par' dir='ltr' id='par_1_58' title="bbox 425 3096 2163 3170">
     <span class='ocr_line' id='line_1_58' title="bbox 425 3096 2163 3170; baseline 0.005 -21"><span class='ocrx_word' id='word_1_455' title='bbox 425 3096 585 3167; x_wconf 85' lang='grc' dir='ltr'>ἁγίας</span> <span class='ocrx_word' id='word_1_456' title='bbox 613 3099 879 3152; x_wconf 85' lang='grc' dir='ltr'>Θεοτὸκου</span> <span class='ocrx_word' id='word_1_457' title='bbox 909 3099 998 3151; x_wconf 74' lang='grc' dir='ltr'><strong>διὰ</strong></span> <span class='ocrx_word' id='word_1_458' title='bbox 1040 3100 1356 3167; x_wconf 74' lang='grc' dir='ltr'>Πνεὺματος</span> <span class='ocrx_word' id='word_1_459' title='bbox 1404 3099 1558 3166; x_wconf 70' lang='grc' dir='ltr'>ἁγίου</span> <span class='ocrx_word' id='word_1_460' title='bbox 1606 3101 1800 3170; x_wconf 70' lang='grc' dir='ltr'>ἐαυτῷ,</span> <span class='ocrx_word' id='word_1_461' title='bbox 1829 3102 1923 3154; x_wconf 73' lang='grc' dir='ltr'><strong>καὶ</strong></span> <span class='ocrx_word' id='word_1_462' title='bbox 1950 3104 2007 3154; x_wconf 83' lang='grc' dir='ltr'><strong>ὲν</strong></span> <span class='ocrx_word' id='word_1_463' title='bbox 2103 3119 2163 3159; x_wconf 82' lang='lat' dir='ltr'><strong>re</strong></span> 
     </span>
    </p>
   </div>
   <div class='ocr_carea' id='block_1_59' title="bbox 1953 3096 3698 3174">
    <p class='ocr_par' dir='ltr' id='par_1_59' title="bbox 1953 3098 3698 3174">
     <span class='ocr_line' id='line_1_59' title="bbox 1953 3098 3698 3174; baseline -0.001 -21"><span class='ocrx_word' id='word_1_464' title='bbox 1953 3104 2007 3154; x_wconf 77' lang='grc' dir='ltr'><strong>ἐν</strong></span> <span class='ocrx_word' id='word_1_465' title='bbox 2103 3104 2381 3174; x_wconf 82' lang='lat' dir='ltr'><strong>requiras,</strong></span> <span class='ocrx_word' id='word_1_466' title='bbox 2437 3118 2682 3172; x_wconf 88' lang='lat' dir='ltr'><strong>quonam</strong></span> <span class='ocrx_word' id='word_1_467' title='bbox 2723 3111 2887 3171; x_wconf 88' lang='lat' dir='ltr'><strong>pacto</strong></span> <span class='ocrx_word' id='word_1_468' title='bbox 2941 3102 3088 3155; x_wconf 83' lang='lat' dir='ltr'><strong>istud</strong></span> <span class='ocrx_word' id='word_1_469' title='bbox 3339 3101 3451 3162; x_wconf 81' lang='lat' dir='ltr'><strong>fiat,</strong></span> <span class='ocrx_word' id='word_1_470' title='bbox 3487 3108 3572 3152; x_wconf 86' lang='lat' dir='ltr'><strong>sat</strong></span> <span class='ocrx_word' id='word_1_471' title='bbox 3605 3098 3698 3151; x_wconf 87' lang='lat' dir='ltr'><strong>tibi</strong></span> 
     </span>
    </p>
   </div>
   <div class='ocr_carea' id='block_1_60' title="bbox 427 3190 2172 3261">
    <p class='ocr_par' dir='ltr' id='par_1_60' title="bbox 427 3190 2172 3261">
     <span class='ocr_line' id='line_1_60' title="bbox 427 3190 2172 3261; baseline 0.003 -19"><span class='ocrx_word' id='word_1_472' title='bbox 427 3190 605 3259; x_wconf 78' lang='grc' dir='ltr'>ἑαυτῷ</span> <span class='ocrx_word' id='word_1_473' title='bbox 626 3193 652 3243; x_wconf 86' lang='lat'><strong>6</strong></span> <span class='ocrx_word' id='word_1_474' title='bbox 685 3191 890 3260; x_wconf 77' lang='grc' dir='ltr'>Κύριος</span> <span class='ocrx_word' id='word_1_475' title='bbox 924 3190 1101 3261; x_wconf 76' lang='grc' dir='ltr'>σάρκα</span> <span class='ocrx_word' id='word_1_476' title='bbox 1129 3193 1506 3260; x_wconf 73' lang='grc' dir='ltr'>ὑπεστήσατο·</span> <span class='ocrx_word' id='word_1_477' title='bbox 1531 3193 1626 3244; x_wconf 67' lang='grc' dir='ltr'>καὶ</span> <span class='ocrx_word' id='word_1_478' title='bbox 1663 3193 1823 3244; x_wconf 82' lang='grc' dir='ltr'>πλέον</span> <span class='ocrx_word' id='word_1_479' title='bbox 1856 3194 2008 3246; x_wconf 73' lang='grc' dir='ltr'>οὐδὲν</span> <span class='ocrx_word' id='word_1_480' title='bbox 2037 3194 2077 3249; x_wconf 81' lang='lat' dir='ltr'><strong>C</strong></span> <span class='ocrx_word' id='word_1_481' title='bbox 2107 3197 2172 3250; x_wconf 91' lang='lat' dir='ltr'><strong>sit</strong></span> 
     </span>
    </p>
   </div>
   <div class='ocr_carea' id='block_1_61' title="bbox 1953 3190 3698 3261">
    <p class='ocr_par' dir='ltr' id='par_1_61' title="bbox 1953 3192 3698 3261">
     <span class='ocr_line' id='line_1_61' title="bbox 1953 3192 3698 3261; baseline -0.003 -16"><span class='ocrx_word' id='word_1_482' title='bbox 1953 3194 2008 3246; x_wconf 77' lang='grc' dir='ltr'><strong>ὲν</strong></span> <span class='ocrx_word' id='word_1_483' title='bbox 2037 3194 2077 3249; x_wconf 70' lang='lat'><strong>(2</strong></span> <span class='ocrx_word' id='word_1_484' title='bbox 2107 3197 2178 3250; x_wconf 88' lang='lat' dir='ltr'><strong>sit</strong></span> <span class='ocrx_word' id='word_1_485' title='bbox 2216 3195 2432 3257; x_wconf 90' lang='lat' dir='ltr'><strong>audire,</strong></span> <span class='ocrx_word' id='word_1_486' title='bbox 2468 3196 2572 3247; x_wconf 92' lang='lat' dir='ltr'><strong>hoc</strong></span> <span class='ocrx_word' id='word_1_487' title='bbox 2608 3195 2722 3247; x_wconf 81' lang='lat' dir='ltr'><strong>ﬁeri</strong></span> <span class='ocrx_word' id='word_1_488' title='bbox 2753 3210 2848 3260; x_wconf 86' lang='lat' dir='ltr'><strong>per</strong></span> <span class='ocrx_word' id='word_1_489' title='bbox 2881 3192 3151 3261; x_wconf 85' lang='lat' dir='ltr'><strong>Spiiilum</strong></span> <span class='ocrx_word' id='word_1_490' title='bbox 3189 3199 3442 3243; x_wconf 84' lang='lat' dir='ltr'><strong>sanetum</strong></span> <span class='ocrx_word' id='word_1_491' title='bbox 3474 3209 3487 3254; x_wconf 85' lang='lat'>;</span> <span class='ocrx_word' id='word_1_492' title='bbox 3516 3205 3698 3258; x_wconf 83' lang='lat' dir='ltr'><strong>quem-</strong></span> 
     </span>
    </p>
   </div>
   <div class='ocr_carea' id='block_1_62' title="bbox 425 3279 2170 3352">
    <p class='ocr_par' dir='ltr' id='par_1_62' title="bbox 425 3279 2170 3352">
     <span class='ocr_line' id='line_1_62' title="bbox 425 3279 2170 3352; baseline 0.005 -21"><span class='ocrx_word' id='word_1_493' title='bbox 425 3279 788 3348; x_wconf 81' lang='grc' dir='ltr'>γινώσκομεν,</span> <span class='ocrx_word' id='word_1_494' title='bbox 818 3280 934 3332; x_wconf 86' lang='grc' dir='ltr'>ἀλλ’</span> <span class='ocrx_word' id='word_1_495' title='bbox 972 3281 1052 3332; x_wconf 82' lang='grc' dir='ltr'>ὅτι</span> <span class='ocrx_word' id='word_1_496' title='bbox 1082 3282 1110 3333; x_wconf 97' lang='lat'><strong>6</strong></span> <span class='ocrx_word' id='word_1_497' title='bbox 1141 3280 1302 3347; x_wconf 80' lang='grc' dir='ltr'>λόγος</span> <span class='ocrx_word' id='word_1_498' title='bbox 1328 3281 1423 3332; x_wconf 82' lang='grc' dir='ltr'><strong>τοῦ</strong></span> <span class='ocrx_word' id='word_1_499' title='bbox 1461 3281 1596 3333; x_wconf 86' lang='grc' dir='ltr'>Θεοῦ</span> <span class='ocrx_word' id='word_1_500' title='bbox 1624 3281 1834 3352; x_wconf 78' lang='grc' dir='ltr'>ἀληθής</span> <span class='ocrx_word' id='word_1_501' title='bbox 1864 3283 2000 3347; x_wconf 73' lang='grc' dir='ltr'>ἐστι,</span> <span class='ocrx_word' id='word_1_502' title='bbox 2109 3286 2170 3340; x_wconf 82' lang='lat' dir='ltr'><strong>ad</strong></span> 
     </span>
    </p>
   </div>
   <div class='ocr_carea' id='block_1_63' title="bbox 1957 3279 3702 3352">
    <p class='ocr_par' dir='ltr' id='par_1_63' title="bbox 1965 3282 3702 3347">
     <span class='ocr_line' id='line_1_63' title="bbox 1965 3282 3702 3347; baseline -0.004 -6"><span class='ocrx_word' id='word_1_503' title='bbox 1965 3302 2000 3347; x_wconf 86' lang='grc' dir='ltr'><strong>ι,</strong></span> <span class='ocrx_word' id='word_1_504' title='bbox 2109 3286 2409 3340; x_wconf 78' lang='lat' dir='ltr'><strong>admodum</strong></span> <span class='ocrx_word' id='word_1_505' title='bbox 2445 3297 2498 3340; x_wconf 87' lang='lat' dir='ltr'><strong>et</strong></span> <span class='ocrx_word' id='word_1_506' title='bbox 2545 3302 2608 3338; x_wconf 79' lang='lat' dir='ltr'><strong>ex</strong></span> <span class='ocrx_word' id='word_1_507' title='bbox 2679 3293 2871 3338; x_wconf 83' lang='lat' dir='ltr'><strong>sancta</strong></span> <span class='ocrx_word' id='word_1_508' title='bbox 2936 3283 3029 3335; x_wconf 74' lang='lat' dir='ltr'><strong>Dei</strong></span> <span class='ocrx_word' id='word_1_509' title='bbox 3097 3282 3381 3335; x_wconf 80' lang='lat' dir='ltr'><strong>Genitiire</strong></span> <span class='ocrx_word' id='word_1_510' title='bbox 3439 3283 3702 3334; x_wconf 86' lang='lat' dir='ltr'><strong>Dominus</strong></span> 
     </span>
    </p>
   </div>
   <div class='ocr_carea' id='block_1_64' title="bbox 423 3373 2168 3446">
    <p class='ocr_par' dir='ltr' id='par_1_64' title="bbox 423 3373 2168 3443">
     <span class='ocr_line' id='line_1_64' title="bbox 423 3373 2168 3443; baseline 0 -20"><span class='ocrx_word' id='word_1_511' title='bbox 423 3373 518 3425; x_wconf 70' lang='grc' dir='ltr'>καὶ</span> <span class='ocrx_word' id='word_1_512' title='bbox 548 3373 799 3443; x_wconf 78' lang='grc' dir='ltr'>ἐνεργὴς,</span> <span class='ocrx_word' id='word_1_513' title='bbox 827 3374 924 3424; x_wconf 75' lang='grc' dir='ltr'>καὶ</span> <span class='ocrx_word' id='word_1_514' title='bbox 954 3373 1388 3442; x_wconf 78' lang='grc' dir='ltr'>παντοδύναμος,</span> <span class='ocrx_word' id='word_1_515' title='bbox 1421 3375 1446 3423; x_wconf 91' lang='lat'><strong>6</strong></span> <span class='ocrx_word' id='word_1_516' title='bbox 1498 3374 1552 3425; x_wconf 79' lang='grc' dir='ltr'><strong>δὲ</strong></span> <span class='ocrx_word' id='word_1_517' title='bbox 1589 3374 1790 3442; x_wconf 77' lang='grc' dir='ltr'>τρόπος</span> <span class='ocrx_word' id='word_1_518' title='bbox 1843 3375 1996 3437; x_wconf 83' lang='grc' dir='ltr'>ἀνεξ-</span> <span class='ocrx_word' id='word_1_519' title='bbox 2113 3378 2168 3432; x_wconf 73' lang='lat' dir='ltr'><strong>sil</strong></span> 
     </span>
    </p>
   </div>
   <div class='ocr_carea' id='block_1_65' title="bbox 1957 3373 3702 3446">
    <p class='ocr_par' dir='ltr' id='par_1_65' title="bbox 1957 3373 3702 3446">
     <span class='ocr_line' id='line_1_65' title="bbox 1957 3373 3702 3446; baseline -0.008 -9"><span class='ocrx_word' id='word_1_520' title='bbox 1957 3375 1996 3437; x_wconf 76' lang='grc' dir='ltr'><strong>ξ·</strong></span> <span class='ocrx_word' id='word_1_521' title='bbox 2113 3378 2329 3446; x_wconf 86' lang='lat' dir='ltr'><strong>sibiipsi</strong></span> <span class='ocrx_word' id='word_1_522' title='bbox 2375 3391 2600 3430; x_wconf 88' lang='lat' dir='ltr'><strong>carnem</strong></span> <span class='ocrx_word' id='word_1_523' title='bbox 2649 3375 2975 3444; x_wconf 75' lang='lat' dir='ltr'><strong>assumpsit,</strong></span> <span class='ocrx_word' id='word_1_524' title='bbox 3029 3391 3151 3444; x_wconf 79' lang='lat' dir='ltr'><strong>qua:</strong></span> <span class='ocrx_word' id='word_1_525' title='bbox 3199 3376 3251 3426; x_wconf 94' lang='lat' dir='ltr'><strong>in</strong></span> <span class='ocrx_word' id='word_1_526' title='bbox 3301 3378 3484 3439; x_wconf 88' lang='lat' dir='ltr'><strong>seipso</strong></span> <span class='ocrx_word' id='word_1_527' title='bbox 3521 3373 3702 3426; x_wconf 87' lang='lat' dir='ltr'><strong>snhsi-</strong></span> 
     </span>
    </p>
   </div>
   <div class='ocr_carea' id='block_1_66' title="bbox 422 3462 2167 3537">
    <p class='ocr_par' dir='ltr' id='par_1_66' title="bbox 422 3462 2163 3535">
     <span class='ocr_line' id='line_1_66' title="bbox 422 3462 2163 3535; baseline 0.001 -21"><span class='ocrx_word' id='word_1_528' title='bbox 422 3462 733 3533; x_wconf 83' lang='grc' dir='ltr'>ερεύνητος.</span> <span class='ocrx_word' id='word_1_529' title='bbox 759 3464 833 3516; x_wconf 84' lang='grc' dir='ltr'>Θύ</span> <span class='ocrx_word' id='word_1_530' title='bbox 864 3465 1046 3533; x_wconf 83' lang='grc' dir='ltr'>χεῖρον</span> <span class='ocrx_word' id='word_1_531' title='bbox 1063 3464 1118 3515; x_wconf 82' lang='grc' dir='ltr'><strong>δὲ</strong></span> <span class='ocrx_word' id='word_1_532' title='bbox 1141 3466 1234 3516; x_wconf 69' lang='grc' dir='ltr'><strong>καὶ</strong></span> <span class='ocrx_word' id='word_1_533' title='bbox 1260 3463 1420 3517; x_wconf 88' lang='grc' dir='ltr'>τοῦτο</span> <span class='ocrx_word' id='word_1_534' title='bbox 1441 3466 1637 3528; x_wconf 83' lang='grc' dir='ltr'>εἰπεῖν,</span> <span class='ocrx_word' id='word_1_535' title='bbox 1674 3466 1777 3528; x_wconf 77' lang='grc' dir='ltr'>ὅτι,</span> <span class='ocrx_word' id='word_1_536' title='bbox 1813 3463 2002 3535; x_wconf 82' lang='grc' dir='ltr'>ὥσπερ</span> <span class='ocrx_word' id='word_1_537' title='bbox 2113 3480 2163 3526; x_wconf 72' lang='grc' dir='ltr'><strong>ει</strong></span> 
     </span>
    </p>
   </div>
   <div class='ocr_carea' id='block_1_67' title="bbox 1955 3462 3700 3537">
    <p class='ocr_par' dir='ltr' id='par_1_67' title="bbox 1955 3468 3700 3537">
     <span class='ocr_line' id='line_1_67' title="bbox 1955 3468 3700 3537; baseline -0.006 -10"><span class='ocrx_word' id='word_1_538' title='bbox 1955 3483 2002 3535; x_wconf 68' lang='lat' dir='ltr'><strong>ip</strong></span> <span class='ocrx_word' id='word_1_539' title='bbox 2113 3478 2282 3526; x_wconf 87' lang='lat' dir='ltr'><strong>stcret</strong></span> <span class='ocrx_word' id='word_1_540' title='bbox 2320 3487 2332 3523; x_wconf 89' lang='lat'>:</span> <span class='ocrx_word' id='word_1_541' title='bbox 2369 3484 2470 3523; x_wconf 86' lang='lat' dir='ltr'><strong>nec</strong></span> <span class='ocrx_word' id='word_1_542' title='bbox 2524 3469 2763 3534; x_wconf 77' lang='lat' dir='ltr'><strong>amplius</strong></span> <span class='ocrx_word' id='word_1_543' title='bbox 2796 3468 3103 3537; x_wconf 76' lang='lat' dir='ltr'><strong>quidquam</strong></span> <span class='ocrx_word' id='word_1_544' title='bbox 3157 3468 3318 3519; x_wconf 87' lang='lat' dir='ltr'><strong>nobis</strong></span> <span class='ocrx_word' id='word_1_545' title='bbox 3349 3475 3700 3535; x_wconf 73' lang='lat' dir='ltr'><strong>perSpN‘tum</strong></span> 
     </span>
    </p>
   </div>
   <div class='ocr_carea' id='block_1_68' title="bbox 423 3553 2168 3632">
    <p class='ocr_par' dir='ltr' id='par_1_68' title="bbox 423 3553 2168 3625">
     <span class='ocr_line' id='line_1_68' title="bbox 423 3553 2168 3625; baseline 0.001 -21"><span class='ocrx_word' id='word_1_546' title='bbox 423 3554 669 3619; x_wconf 81' lang='grc' dir='ltr'>φυσικῶς</span> <span class='ocrx_word' id='word_1_547' title='bbox 691 3554 781 3605; x_wconf 79' lang='grc' dir='ltr'><strong>διὰ</strong></span> <span class='ocrx_word' id='word_1_548' title='bbox 812 3555 908 3622; x_wconf 78' lang='grc' dir='ltr'><strong>τῆς</strong></span> <span class='ocrx_word' id='word_1_549' title='bbox 955 3553 1211 3624; x_wconf 76' lang='grc' dir='ltr'>βρώσεως</span> <span class='ocrx_word' id='word_1_550' title='bbox 1251 3557 1278 3606; x_wconf 90' lang='lat'><strong>6</strong></span> <span class='ocrx_word' id='word_1_551' title='bbox 1311 3555 1499 3625; x_wconf 80' lang='grc' dir='ltr'>ἄρτος,</span> <span class='ocrx_word' id='word_1_552' title='bbox 1536 3555 1632 3607; x_wconf 74' lang='grc' dir='ltr'>καὶ</span> <span class='ocrx_word' id='word_1_553' title='bbox 1667 3557 1695 3608; x_wconf 88' lang='grc' dir='ltr'>ὁ</span> <span class='ocrx_word' id='word_1_554' title='bbox 1739 3553 1882 3616; x_wconf 77' lang='grc' dir='ltr'>οἶνος</span> <span class='ocrx_word' id='word_1_555' title='bbox 1912 3555 2006 3608; x_wconf 65' lang='grc' dir='ltr'><strong>καὶ</strong></span> <span class='ocrx_word' id='word_1_556' title='bbox 2113 3579 2168 3617; x_wconf 71' lang='lat' dir='ltr'><strong>cs</strong></span> 
     </span>
    </p>
   </div>
   <div class='ocr_carea' id='block_1_69' title="bbox 1955 3553 3700 3632">
    <p class='ocr_par' dir='ltr' id='par_1_69' title="bbox 1955 3555 3700 3632">
     <span class='ocr_line' id='line_1_69' title="bbox 1955 3555 3700 3632; baseline -0.005 -14"><span class='ocrx_word' id='word_1_557' title='bbox 1955 3555 2006 3607; x_wconf 55' lang='grc' dir='ltr'>αἱ</span> <span class='ocrx_word' id='word_1_558' title='bbox 2113 3573 2196 3617; x_wconf 88' lang='lat' dir='ltr'><strong>est</strong></span> <span class='ocrx_word' id='word_1_559' title='bbox 2231 3574 2282 3616; x_wconf 91' lang='lat' dir='ltr'><strong>et</strong></span> <span class='ocrx_word' id='word_1_560' title='bbox 2318 3565 2693 3632; x_wconf 81' lang='lat' dir='ltr'><strong>exploratum,</strong></span> <span class='ocrx_word' id='word_1_561' title='bbox 2726 3575 2890 3629; x_wconf 79' lang='lat' dir='ltr'><strong>quam</strong></span> <span class='ocrx_word' id='word_1_562' title='bbox 2953 3560 3100 3628; x_wconf 88' lang='lat' dir='ltr'><strong>quod</strong></span> <span class='ocrx_word' id='word_1_563' title='bbox 3166 3558 3259 3612; x_wconf 80' lang='lat' dir='ltr'><strong>Dei</strong></span> <span class='ocrx_word' id='word_1_564' title='bbox 3308 3573 3490 3612; x_wconf 84' lang='lat' dir='ltr'><strong>sermo</strong></span> <span class='ocrx_word' id='word_1_565' title='bbox 3544 3574 3700 3611; x_wconf 83' lang='lat' dir='ltr'><strong>verax</strong></span> 
     </span>
    </p>
   </div>
   <div class='ocr_carea' id='block_1_70' title="bbox 423 3642 2168 3725">
    <p class='ocr_par' dir='ltr' id='par_1_70' title="bbox 423 3642 2168 3716">
     <span class='ocr_line' id='line_1_70' title="bbox 423 3642 2168 3716; baseline 0.001 -21"><span class='ocrx_word' id='word_1_566' title='bbox 423 3644 482 3695; x_wconf 64' lang='grc' dir='ltr'>τὸ</span> <span class='ocrx_word' id='word_1_567' title='bbox 527 3643 671 3714; x_wconf 75' lang='grc' dir='ltr'>ὕδωρ</span> <span class='ocrx_word' id='word_1_568' title='bbox 721 3643 808 3697; x_wconf 66' lang='grc' dir='ltr'><strong>διὰ</strong></span> <span class='ocrx_word' id='word_1_569' title='bbox 841 3646 939 3714; x_wconf 77' lang='grc' dir='ltr'>τῆς</span> <span class='ocrx_word' id='word_1_570' title='bbox 993 3645 1207 3709; x_wconf 81' lang='grc' dir='ltr'>πόσεως</span> <span class='ocrx_word' id='word_1_571' title='bbox 1255 3649 1332 3708; x_wconf 81' lang='grc' dir='ltr'>εἰς</span> <span class='ocrx_word' id='word_1_572' title='bbox 1389 3646 1548 3714; x_wconf 78' lang='grc' dir='ltr'>σῶμα</span> <span class='ocrx_word' id='word_1_573' title='bbox 1581 3647 1674 3698; x_wconf 67' lang='grc' dir='ltr'><strong>καὶ</strong></span> <span class='ocrx_word' id='word_1_574' title='bbox 1720 3642 1859 3716; x_wconf 74' lang='grc' dir='ltr'>αἷμα</span> <span class='ocrx_word' id='word_1_575' title='bbox 1912 3646 2004 3698; x_wconf 89' lang='grc' dir='ltr'><strong>τοῦ</strong></span> <span class='ocrx_word' id='word_1_576' title='bbox 2114 3656 2168 3710; x_wconf 57' lang='lat' dir='ltr'><strong>(sn</strong></span> 
     </span>
    </p>
   </div>
   <div class='ocr_carea' id='block_1_71' title="bbox 1960 3642 3705 3725">
    <p class='ocr_par' dir='ltr' id='par_1_71' title="bbox 1960 3646 3705 3725">
     <span class='ocr_line' id='line_1_71' title="bbox 1960 3646 3705 3725; baseline -0.008 -14"><span class='ocrx_word' id='word_1_577' title='bbox 1960 3646 2004 3697; x_wconf 65' lang='lat'><strong>&gt;5</strong></span> <span class='ocrx_word' id='word_1_578' title='bbox 2114 3655 2417 3725; x_wconf 71' lang='lat' dir='ltr'><strong>efﬁcaxque</strong></span> <span class='ocrx_word' id='word_1_579' title='bbox 2450 3663 2552 3718; x_wconf 81' lang='lat' dir='ltr'><strong>est,</strong></span> <span class='ocrx_word' id='word_1_580' title='bbox 2592 3663 2757 3722; x_wconf 89' lang='lat' dir='ltr'><strong>atque</strong></span> <span class='ocrx_word' id='word_1_581' title='bbox 2816 3653 3001 3705; x_wconf 85' lang='lat' dir='ltr'><strong>omnia</strong></span> <span class='ocrx_word' id='word_1_582' title='bbox 3057 3659 3274 3720; x_wconf 83' lang='lat' dir='ltr'><strong>potest;</strong></span> <span class='ocrx_word' id='word_1_583' title='bbox 3323 3650 3519 3704; x_wconf 89' lang='lat' dir='ltr'><strong>modus</strong></span> <span class='ocrx_word' id='word_1_584' title='bbox 3575 3664 3705 3702; x_wconf 82' lang='lat' dir='ltr'><strong>vero</strong></span> 
     </span>
    </p>
   </div>
   <div class='ocr_carea' id='block_1_72' title="bbox 2112 3741 3706 3817">
    <p class='ocr_par' dir='ltr' id='par_1_72' title="bbox 2112 3741 3706 3817">
     <span class='ocr_line' id='line_1_72' title="bbox 2112 3741 3706 3817; baseline -0.004 -17"><span class='ocrx_word' id='word_1_585' title='bbox 2112 3747 2440 3817; x_wconf 87' lang='lat' dir='ltr'><strong>investigari</strong></span> <span class='ocrx_word' id='word_1_586' title='bbox 2501 3761 2731 3815; x_wconf 77' lang='lat' dir='ltr'><strong>prorsus</strong></span> <span class='ocrx_word' id='word_1_587' title='bbox 2792 3745 2984 3814; x_wconf 87' lang='lat' dir='ltr'><strong>nequit</strong></span> <span class='ocrx_word' id='word_1_588' title='bbox 3042 3745 3085 3796; x_wconf 83' lang='lat'><strong>&#39;.</strong></span> <span class='ocrx_word' id='word_1_589' title='bbox 3142 3743 3276 3796; x_wconf 88' lang='lat' dir='ltr'><strong>llhtd</strong></span> <span class='ocrx_word' id='word_1_590' title='bbox 3329 3757 3463 3795; x_wconf 80' lang='lat' dir='ltr'><strong>vero</strong></span> <span class='ocrx_word' id='word_1_591' title='bbox 3523 3741 3706 3795; x_wconf 86' lang='lat' dir='ltr'><strong>dicere</strong></span> 
     </span>
    </p>
   </div>
   <div class='ocr_carea' id='block_1_73' title="bbox 2115 3834 3707 3906">
    <p class='ocr_par' dir='ltr' id='par_1_73' title="bbox 2115 3834 3707 3906">
     <span class='ocr_line' id='line_1_73' title="bbox 2115 3834 3707 3906; baseline -0.003 -15"><span class='ocrx_word' id='word_1_592' title='bbox 2115 3840 2360 3892; x_wconf 90' lang='lat' dir='ltr'><strong>alienum</strong></span> <span class='ocrx_word' id='word_1_593' title='bbox 2395 3853 2504 3892; x_wconf 92' lang='lat' dir='ltr'><strong>non</strong></span> <span class='ocrx_word' id='word_1_594' title='bbox 2541 3847 2647 3899; x_wconf 89' lang='lat' dir='ltr'><strong>est,</strong></span> <span class='ocrx_word' id='word_1_595' title='bbox 2684 3837 3148 3906; x_wconf 83' lang='lat' dir='ltr'><strong>quemadmodum</strong></span> <span class='ocrx_word' id='word_1_596' title='bbox 3183 3835 3509 3888; x_wconf 85' lang='lat' dir='ltr'><strong>naturaliter</strong></span> <span class='ocrx_word' id='word_1_597' title='bbox 3550 3834 3707 3904; x_wconf 74' lang='lat' dir='ltr'><strong>panis</strong></span> 
     </span>
    </p>
   </div>
   <div class='ocr_carea' id='block_1_74' title="bbox 2110 3927 3696 4000">
    <p class='ocr_par' dir='ltr' id='par_1_74' title="bbox 2110 3927 3696 4000">
     <span class='ocr_line' id='line_1_74' title="bbox 2110 3927 3696 4000; baseline -0.003 -17"><span class='ocrx_word' id='word_1_598' title='bbox 2110 3947 2203 4000; x_wconf 61' lang='lat' dir='ltr'><strong>per</strong></span> <span class='ocrx_word' id='word_1_599' title='bbox 2251 3931 2671 3992; x_wconf 86' lang='lat' dir='ltr'><strong>comestiouem,</strong></span> <span class='ocrx_word' id='word_1_600' title='bbox 2716 3929 3012 3997; x_wconf 61' lang='lat' dir='ltr'><strong>vinumque</strong></span> <span class='ocrx_word' id='word_1_601' title='bbox 3053 3937 3107 3981; x_wconf 80' lang='lat' dir='ltr'><strong>et</strong></span> <span class='ocrx_word' id='word_1_602' title='bbox 3165 3943 3308 3995; x_wconf 83' lang='lat' dir='ltr'><strong>aqua</strong></span> <span class='ocrx_word' id='word_1_603' title='bbox 3371 3942 3468 3994; x_wconf 87' lang='lat' dir='ltr'><strong>per</strong></span> <span class='ocrx_word' id='word_1_604' title='bbox 3520 3927 3696 3993; x_wconf 88' lang='lat' dir='ltr'><strong>potio-</strong></span> 
     </span>
    </p>
   </div>
   <div class='ocr_carea' id='block_1_75' title="bbox 2121 4018 3709 4091">
    <p class='ocr_par' dir='ltr' id='par_1_75' title="bbox 2121 4018 3709 4091">
     <span class='ocr_line' id='line_1_75' title="bbox 2121 4018 3709 4091; baseline -0.005 -15"><span class='ocrx_word' id='word_1_605' title='bbox 2121 4038 2266 4087; x_wconf 85' lang='lat' dir='ltr'><strong>nem,</strong></span> <span class='ocrx_word' id='word_1_606' title='bbox 2306 4023 2360 4075; x_wconf 91' lang='lat' dir='ltr'><strong>iu</strong></span> <span class='ocrx_word' id='word_1_607' title='bbox 2417 4037 2619 4091; x_wconf 78' lang='lat' dir='ltr'><strong>corpus</strong></span> <span class='ocrx_word' id='word_1_608' title='bbox 2661 4031 2714 4074; x_wconf 89' lang='lat' dir='ltr'><strong>ct</strong></span> <span class='ocrx_word' id='word_1_609' title='bbox 2765 4019 3091 4089; x_wconf 79' lang='lat' dir='ltr'><strong>sanguinem</strong></span> <span class='ocrx_word' id='word_1_610' title='bbox 3145 4018 3489 4072; x_wconf 78' lang='lat' dir='ltr'><strong>couicdentis</strong></span> <span class='ocrx_word' id='word_1_611' title='bbox 3524 4026 3578 4070; x_wconf 80' lang='lat' dir='ltr'><strong>et</strong></span> <span class='ocrx_word' id='word_1_612' title='bbox 3629 4018 3709 4070; x_wconf 82' lang='lat' dir='ltr'><strong>bi-</strong></span> 
     </span>
    </p>
   </div>
   <div class='ocr_carea' id='block_1_76' title="bbox 2121 4109 3707 4187">
    <p class='ocr_par' dir='ltr' id='par_1_76' title="bbox 2121 4109 3707 4187">
     <span class='ocr_line' id='line_1_76' title="bbox 2121 4109 3707 4187; baseline -0.004 -20"><span class='ocrx_word' id='word_1_613' title='bbox 2121 4115 2301 4169; x_wconf 88' lang='lat' dir='ltr'><strong>bentis</strong></span> <span class='ocrx_word' id='word_1_614' title='bbox 2333 4123 2808 4174; x_wconf 86' lang='lat' dir='ltr'><strong>transmutantur.</strong></span> <span class='ocrx_word' id='word_1_615' title='bbox 2854 4121 2912 4164; x_wconf 92' lang='lat' dir='ltr'><strong>nt</strong></span> <span class='ocrx_word' id='word_1_616' title='bbox 2946 4127 3046 4187; x_wconf 81' lang='lat' dir='ltr'><strong>nec</strong></span> <span class='ocrx_word' id='word_1_617' title='bbox 3081 4126 3282 4179; x_wconf 85' lang='lat' dir='ltr'><strong>corpus</strong></span> <span class='ocrx_word' id='word_1_618' title='bbox 3327 4115 3460 4163; x_wconf 83' lang='lat' dir='ltr'><strong>tiant</strong></span> <span class='ocrx_word' id='word_1_619' title='bbox 3505 4109 3650 4162; x_wconf 82' lang='lat' dir='ltr'><strong>aliud</strong></span> <span class='ocrx_word' id='word_1_620' title='bbox 3682 4125 3707 4160; x_wconf 89' lang='lat' dir='ltr'><strong>a</strong></span> 
     </span>
    </p>
   </div>
   <div class='ocr_carea' id='block_1_77' title="bbox 425 3735 2008 3808">
    <p class='ocr_par' dir='ltr' id='par_1_77' title="bbox 425 3735 2008 3808">
     <span class='ocr_line' id='line_1_77' title="bbox 425 3735 2008 3808; baseline 0.001 -20"><span class='ocrx_word' id='word_1_621' title='bbox 425 3735 701 3800; x_wconf 74' lang='grc' dir='ltr'>ἐσθίοντος</span> <span class='ocrx_word' id='word_1_622' title='bbox 749 3739 841 3790; x_wconf 69' lang='grc' dir='ltr'><strong>καὶ</strong></span> <span class='ocrx_word' id='word_1_623' title='bbox 891 3739 1140 3800; x_wconf 80' lang='grc' dir='ltr'>πίνοντος</span> <span class='ocrx_word' id='word_1_624' title='bbox 1189 3739 1641 3808; x_wconf 77' lang='grc' dir='ltr'>μεταϐάλλονται,</span> <span class='ocrx_word' id='word_1_625' title='bbox 1691 3741 1786 3792; x_wconf 70' lang='grc' dir='ltr'><strong>καὶ</strong></span> <span class='ocrx_word' id='word_1_626' title='bbox 1829 3739 1890 3791; x_wconf 78' lang='grc' dir='ltr'><strong>οὐ</strong></span> <span class='ocrx_word' id='word_1_627' title='bbox 1923 3738 2008 3805; x_wconf 83' lang='grc' dir='ltr'><strong>γί-</strong></span> 
     </span>
    </p>
   </div>
   <div class='ocr_carea' id='block_1_78' title="bbox 423 3830 2013 3902">
    <p class='ocr_par' dir='ltr' id='par_1_78' title="bbox 423 3830 2013 3902">
     <span class='ocr_line' id='line_1_78' title="bbox 423 3830 2013 3902; baseline 0.003 -23"><span class='ocrx_word' id='word_1_628' title='bbox 423 3846 606 3881; x_wconf 80' lang='grc' dir='ltr'>νονται</span> <span class='ocrx_word' id='word_1_629' title='bbox 633 3839 660 3865; x_wconf 82' lang='grc' dir='ltr'><strong>ιι</strong></span> <span class='ocrx_word' id='word_1_630' title='bbox 692 3830 876 3899; x_wconf 76' lang='grc' dir='ltr'>ἕτερον</span> <span class='ocrx_word' id='word_1_631' title='bbox 913 3831 1072 3901; x_wconf 76' lang='grc' dir='ltr'>σῶμα</span> <span class='ocrx_word' id='word_1_632' title='bbox 1127 3832 1279 3902; x_wconf 72' lang='grc' dir='ltr'>παρὰ</span> <span class='ocrx_word' id='word_1_633' title='bbox 1311 3833 1372 3884; x_wconf 66' lang='grc' dir='ltr'><strong>τ’)</strong></span> <span class='ocrx_word' id='word_1_634' title='bbox 1403 3841 1667 3902; x_wconf 68' lang='grc' dir='ltr'>προτερον</span> <span class='ocrx_word' id='word_1_635' title='bbox 1709 3831 1874 3885; x_wconf 73' lang='grc' dir='ltr'>αὐτοῦ</span> <span class='ocrx_word' id='word_1_636' title='bbox 1911 3831 2013 3884; x_wconf 81' lang='grc' dir='ltr'>σῶ-</span> 
     </span>
    </p>
   </div>
   <div class='ocr_carea' id='block_1_79' title="bbox 427 3921 2005 3992">
    <p class='ocr_par' dir='ltr' id='par_1_79' title="bbox 427 3921 2005 3992">
     <span class='ocr_line' id='line_1_79' title="bbox 427 3921 2005 3992; baseline 0.003 -21"><span class='ocrx_word' id='word_1_637' title='bbox 427 3938 532 3981; x_wconf 74' lang='grc' dir='ltr'><strong>μαο</strong></span> <span class='ocrx_word' id='word_1_638' title='bbox 571 3921 743 3984; x_wconf 75' lang='grc' dir='ltr'>οὕτως</span> <span class='ocrx_word' id='word_1_639' title='bbox 791 3926 818 3976; x_wconf 94' lang='lat'><strong>6</strong></span> <span class='ocrx_word' id='word_1_640' title='bbox 868 3925 967 3992; x_wconf 77' lang='grc' dir='ltr'><strong>τῆς</strong></span> <span class='ocrx_word' id='word_1_641' title='bbox 1003 3923 1320 3992; x_wconf 74' lang='grc' dir='ltr'>προθέσεως</span> <span class='ocrx_word' id='word_1_642' title='bbox 1510 3926 1692 3988; x_wconf 72' lang='grc' dir='ltr'>ἄρτος,</span> <span class='ocrx_word' id='word_1_643' title='bbox 1730 3923 1870 3985; x_wconf 71' lang='grc' dir='ltr'>οτνός</span> <span class='ocrx_word' id='word_1_644' title='bbox 1921 3941 2005 3987; x_wconf 87' lang='grc' dir='ltr'><strong>τε,</strong></span> 
     </span>
    </p>
   </div>
   <div class='ocr_carea' id='block_1_80' title="bbox 425 4013 2007 4086">
    <p class='ocr_par' dir='ltr' id='par_1_80' title="bbox 425 4013 2007 4086">
     <span class='ocr_line' id='line_1_80' title="bbox 425 4013 2007 4086; baseline 0.004 -23"><span class='ocrx_word' id='word_1_645' title='bbox 425 4015 516 4064; x_wconf 75' lang='grc' dir='ltr'>καὶ</span> <span class='ocrx_word' id='word_1_646' title='bbox 550 4013 693 4083; x_wconf 79' lang='grc' dir='ltr'>ὕδωρ</span> <span class='ocrx_word' id='word_1_647' title='bbox 722 4015 807 4068; x_wconf 64' lang='grc' dir='ltr'><strong>διὰ</strong></span> <span class='ocrx_word' id='word_1_648' title='bbox 861 4016 960 4085; x_wconf 80' lang='grc' dir='ltr'><strong>τῆς</strong></span> <span class='ocrx_word' id='word_1_649' title='bbox 990 4017 1335 4082; x_wconf 80' lang='grc' dir='ltr'>ἐπικλήσεως</span> <span class='ocrx_word' id='word_1_650' title='bbox 1367 4017 1460 4069; x_wconf 68' lang='grc' dir='ltr'><strong>καὶ</strong></span> <span class='ocrx_word' id='word_1_651' title='bbox 1493 4021 1887 4086; x_wconf 53' lang='grc' dir='ltr'>ἐπιςοιτήσειος</span> <span class='ocrx_word' id='word_1_652' title='bbox 1915 4017 2007 4069; x_wconf 85' lang='grc' dir='ltr'><strong>τοῦ</strong></span> 
     </span>
    </p>
   </div>
   <div class='ocr_carea' id='block_1_81' title="bbox 425 4092 2012 4180">
    <p class='ocr_par' dir='ltr' id='par_1_81' title="bbox 425 4106 2012 4180">
     <span class='ocr_line' id='line_1_81' title="bbox 425 4106 2012 4180; baseline 0.003 -24"><span class='ocrx_word' id='word_1_653' title='bbox 425 4106 580 4172; x_wconf 75' lang='grc' dir='ltr'>ἁγίου</span> <span class='ocrx_word' id='word_1_654' title='bbox 626 4107 968 4177; x_wconf 81' lang='grc' dir='ltr'>Πνεύματος,</span> <span class='ocrx_word' id='word_1_655' title='bbox 1011 4111 1313 4179; x_wconf 61' lang='grc' dir='ltr'>ὑπερφυῶς</span> <span class='ocrx_word' id='word_1_656' title='bbox 1365 4110 1794 4180; x_wconf 72' lang='grc' dir='ltr'>μεταποιοῦνται</span> <span class='ocrx_word' id='word_1_657' title='bbox 1833 4113 1911 4171; x_wconf 79' lang='grc' dir='ltr'>εἰς</span> <span class='ocrx_word' id='word_1_658' title='bbox 1953 4110 2012 4161; x_wconf 77' lang='grc' dir='ltr'><strong>το</strong></span> 
     </span>
    </p>
   </div>
   <div class='ocr_carea' id='block_1_82' title="bbox 425 4198 2170 4275">
    <p class='ocr_par' dir='ltr' id='par_1_82' title="bbox 425 4198 2170 4272">
     <span class='ocr_line' id='line_1_82' title="bbox 425 4198 2170 4272; baseline 0.006 -23"><span class='ocrx_word' id='word_1_659' title='bbox 425 4199 584 4268; x_wconf 83' lang='grc' dir='ltr'>σῶμα</span> <span class='ocrx_word' id='word_1_660' title='bbox 617 4200 712 4253; x_wconf 83' lang='grc' dir='ltr'><strong>τοῦ</strong></span> <span class='ocrx_word' id='word_1_661' title='bbox 749 4201 986 4272; x_wconf 78' lang='grc' dir='ltr'>Χριστοῦ</span> <span class='ocrx_word' id='word_1_662' title='bbox 1036 4203 1127 4255; x_wconf 68' lang='grc' dir='ltr'><strong>καὶ</strong></span> <span class='ocrx_word' id='word_1_663' title='bbox 1153 4202 1214 4255; x_wconf 79' lang='grc' dir='ltr'><strong>τὸ</strong></span> <span class='ocrx_word' id='word_1_664' title='bbox 1249 4198 1415 4270; x_wconf 72' lang='grc' dir='ltr'>αἷμα,</span> <span class='ocrx_word' id='word_1_665' title='bbox 1447 4205 1542 4256; x_wconf 70' lang='grc' dir='ltr'>καὶ</span> <span class='ocrx_word' id='word_1_666' title='bbox 1591 4203 1695 4255; x_wconf 63' lang='grc' dir='ltr'><strong>οὐκ</strong></span> <span class='ocrx_word' id='word_1_667' title='bbox 1751 4203 1858 4254; x_wconf 72' lang='grc' dir='ltr'>εἰσὶ</span> <span class='ocrx_word' id='word_1_668' title='bbox 1895 4201 2007 4267; x_wconf 78' lang='grc' dir='ltr'>δύο,</span> <span class='ocrx_word' id='word_1_669' title='bbox 2119 4219 2170 4259; x_wconf 78' lang='lat' dir='ltr'><strong>ct</strong></span> 
     </span>
    </p>
   </div>
   <div class='ocr_carea' id='block_1_83' title="bbox 1966 4198 3711 4275">
    <p class='ocr_par' dir='ltr' id='par_1_83' title="bbox 1966 4201 3711 4275">
     <span class='ocr_line' id='line_1_83' title="bbox 1966 4201 3711 4275; baseline -0.003 -16"><span class='ocrx_word' id='word_1_670' title='bbox 1966 4219 2007 4267; x_wconf 79' lang='grc' dir='ltr'><strong>ο,</strong></span> <span class='ocrx_word' id='word_1_671' title='bbox 2119 4219 2351 4275; x_wconf 82' lang='lat' dir='ltr'><strong>corpore</strong></span> <span class='ocrx_word' id='word_1_672' title='bbox 2381 4205 2503 4273; x_wconf 87' lang='lat' dir='ltr'><strong>ejus</strong></span> <span class='ocrx_word' id='word_1_673' title='bbox 2540 4205 2690 4274; x_wconf 92' lang='lat' dir='ltr'><strong>quod</strong></span> <span class='ocrx_word' id='word_1_674' title='bbox 2737 4205 2892 4274; x_wconf 88' lang='lat' dir='ltr'><strong>prius</strong></span> <span class='ocrx_word' id='word_1_675' title='bbox 2927 4203 3184 4257; x_wconf 80' lang='lat' dir='ltr'><strong>exstabat</strong></span> <span class='ocrx_word' id='word_1_676' title='bbox 3221 4220 3234 4256; x_wconf 92' lang='lat'><strong>:</strong></span> <span class='ocrx_word' id='word_1_677' title='bbox 3265 4202 3346 4257; x_wconf 92' lang='lat' dir='ltr'><strong>sic</strong></span> <span class='ocrx_word' id='word_1_678' title='bbox 3391 4216 3586 4270; x_wconf 86' lang='lat' dir='ltr'><strong>panem</strong></span> <span class='ocrx_word' id='word_1_679' title='bbox 3619 4201 3711 4267; x_wconf 88' lang='lat' dir='ltr'><strong>qui</strong></span> 
     </span>
    </p>
   </div>
   <div class='ocr_carea' id='block_1_84' title="bbox 421 4290 2166 4366">
    <p class='ocr_par' dir='ltr' id='par_1_84' title="bbox 421 4291 2166 4350">
     <span class='ocr_line' id='line_1_84' title="bbox 421 4291 2166 4350; baseline 0.003 -6"><span class='ocrx_word' id='word_1_680' title='bbox 421 4292 537 4344; x_wconf 79' lang='grc' dir='ltr'>ἀλλ’</span> <span class='ocrx_word' id='word_1_681' title='bbox 570 4291 628 4344; x_wconf 83' lang='grc' dir='ltr'><strong>ἓν</strong></span> <span class='ocrx_word' id='word_1_682' title='bbox 790 4294 884 4348; x_wconf 74' lang='grc' dir='ltr'>καὶ</span> <span class='ocrx_word' id='word_1_683' title='bbox 909 4293 972 4347; x_wconf 82' lang='grc' dir='ltr'>τὸ</span> <span class='ocrx_word' id='word_1_684' title='bbox 1000 4294 1154 4350; x_wconf 82' lang='grc' dir='ltr'>αὑτό.</span> <span class='ocrx_word' id='word_1_685' title='bbox 2120 4295 2166 4349; x_wconf 86' lang='lat' dir='ltr'><strong>in</strong></span> 
     </span>
    </p>
   </div>
   <div class='ocr_carea' id='block_1_85' title="bbox 1966 4290 3711 4366">
    <p class='ocr_par' dir='ltr' id='par_1_85' title="bbox 2120 4290 3711 4366">
     <span class='ocr_line' id='line_1_85' title="bbox 2120 4290 3711 4366; baseline -0.004 -17"><span class='ocrx_word' id='word_1_686' title='bbox 2120 4295 2174 4349; x_wconf 92' lang='lat' dir='ltr'><strong>in</strong></span> <span class='ocrx_word' id='word_1_687' title='bbox 2217 4297 2462 4365; x_wconf 77' lang='lat' dir='ltr'><strong>prothesi</strong></span> <span class='ocrx_word' id='word_1_688' title='bbox 2496 4303 2839 4366; x_wconf 71' lang='lat' dir='ltr'><strong>praeparatus</strong></span> <span class='ocrx_word' id='word_1_689' title='bbox 2868 4290 2994 4357; x_wconf 75' lang='lat' dir='ltr'><strong>fuit,</strong></span> <span class='ocrx_word' id='word_1_690' title='bbox 3030 4293 3222 4346; x_wconf 83' lang='lat' dir='ltr'><strong>vinum</strong></span> <span class='ocrx_word' id='word_1_691' title='bbox 3251 4295 3382 4347; x_wconf 88' lang='lat' dir='ltr'><strong>item</strong></span> <span class='ocrx_word' id='word_1_692' title='bbox 3424 4300 3479 4347; x_wconf 90' lang='lat' dir='ltr'><strong>et</strong></span> <span class='ocrx_word' id='word_1_693' title='bbox 3513 4305 3711 4360; x_wconf 88' lang='lat' dir='ltr'><strong>aquam</strong></span> 
     </span>
    </p>
   </div>
   <div class='ocr_carea' id='block_1_86' title="bbox 422 4385 3715 4460">
    <p class='ocr_par' dir='ltr' id='par_1_86' title="bbox 422 4385 3715 4460">
     <span class='ocr_line' id='line_1_86' title="bbox 422 4385 3715 4460; baseline -0.002 -18"><span class='ocrx_word' id='word_1_694' title='bbox 422 4403 520 4456; x_wconf 87' lang='lat' dir='ltr'><strong>per</strong></span> <span class='ocrx_word' id='word_1_695' title='bbox 574 4386 816 4457; x_wconf 88' lang='lat' dir='ltr'><strong>Spiritus</strong></span> <span class='ocrx_word' id='word_1_696' title='bbox 871 4391 1051 4445; x_wconf 83' lang='lat' dir='ltr'><strong>sancti</strong></span> <span class='ocrx_word' id='word_1_697' title='bbox 1098 4390 1504 4445; x_wconf 85' lang='lat' dir='ltr'><strong>invocationem</strong></span> <span class='ocrx_word' id='word_1_698' title='bbox 1559 4397 1615 4445; x_wconf 90' lang='lat' dir='ltr'><strong>et</strong></span> <span class='ocrx_word' id='word_1_699' title='bbox 1665 4390 1990 4454; x_wconf 83' lang='lat' dir='ltr'><strong>adventum,</strong></span> <span class='ocrx_word' id='word_1_700' title='bbox 2045 4390 2210 4444; x_wconf 88' lang='lat' dir='ltr'><strong>modo</strong></span> <span class='ocrx_word' id='word_1_701' title='bbox 2268 4392 2366 4460; x_wconf 90' lang='lat' dir='ltr'><strong>qui</strong></span> <span class='ocrx_word' id='word_1_702' title='bbox 2439 4400 2652 4444; x_wconf 71' lang='lat' dir='ltr'><strong>natura:</strong></span> <span class='ocrx_word' id='word_1_703' title='bbox 2697 4389 2901 4443; x_wconf 88' lang='lat' dir='ltr'><strong>viribus</strong></span> <span class='ocrx_word' id='word_1_704' title='bbox 2973 4397 3026 4443; x_wconf 88' lang='lat' dir='ltr'><strong>et</strong></span> <span class='ocrx_word' id='word_1_705' title='bbox 3071 4387 3386 4442; x_wconf 87' lang='lat' dir='ltr'><strong>conditione</strong></span> <span class='ocrx_word' id='word_1_706' title='bbox 3428 4385 3715 4441; x_wconf 84' lang='lat' dir='ltr'><strong>sublimior</strong></span> 
     </span>
    </p>
   </div>
   <div class='ocr_carea' id='block_1_87' title="bbox 422 4481 3391 4555">
    <p class='ocr_par' dir='ltr' id='par_1_87' title="bbox 422 4481 3391 4555">
     <span class='ocr_line' id='line_1_87' title="bbox 422 4481 3391 4555; baseline -0.001 -21"><span class='ocrx_word' id='word_1_707' title='bbox 422 4488 528 4540; x_wconf 86' lang='lat' dir='ltr'><strong>est.</strong></span> <span class='ocrx_word' id='word_1_708' title='bbox 563 4483 616 4535; x_wconf 90' lang='lat' dir='ltr'><strong>in</strong></span> <span class='ocrx_word' id='word_1_709' title='bbox 654 4482 866 4537; x_wconf 87' lang='lat' dir='ltr'><strong>Christi</strong></span> <span class='ocrx_word' id='word_1_710' title='bbox 924 4499 1132 4555; x_wconf 87' lang='lat' dir='ltr'><strong>corpus</strong></span> <span class='ocrx_word' id='word_1_711' title='bbox 1177 4493 1232 4537; x_wconf 85' lang='lat' dir='ltr'><strong>et</strong></span> <span class='ocrx_word' id='word_1_712' title='bbox 1269 4486 1594 4552; x_wconf 83' lang='lat' dir='ltr'><strong>sanguinem</strong></span> <span class='ocrx_word' id='word_1_713' title='bbox 1645 4485 1917 4545; x_wconf 86' lang='lat' dir='ltr'><strong>converti,</strong></span> <span class='ocrx_word' id='word_1_714' title='bbox 1963 4493 2022 4535; x_wconf 90' lang='lat' dir='ltr'><strong>nt</strong></span> <span class='ocrx_word' id='word_1_715' title='bbox 2061 4499 2409 4555; x_wconf 74' lang='lat' dir='ltr'><strong>nequaquam</strong></span> <span class='ocrx_word' id='word_1_716' title='bbox 2439 4487 2547 4539; x_wconf 89' lang='lat' dir='ltr'><strong>duo</strong></span> <span class='ocrx_word' id='word_1_717' title='bbox 2570 4484 2705 4545; x_wconf 89' lang='lat' dir='ltr'><strong>sint,</strong></span> <span class='ocrx_word' id='word_1_718' title='bbox 2734 4483 2830 4536; x_wconf 86' lang='lat' dir='ltr'><strong>sed</strong></span> <span class='ocrx_word' id='word_1_719' title='bbox 2870 4497 3037 4535; x_wconf 90' lang='lat' dir='ltr'><strong>unum</strong></span> <span class='ocrx_word' id='word_1_720' title='bbox 3105 4493 3158 4534; x_wconf 91' lang='lat' dir='ltr'><strong>et</strong></span> <span class='ocrx_word' id='word_1_721' title='bbox 3225 4481 3391 4534; x_wconf 91' lang='lat' dir='ltr'><strong>idem.</strong></span> 
     </span>
    </p>
   </div>
   <div class='ocr_carea' id='block_1_88' title="bbox 499 4563 2244 4637">
    <p class='ocr_par' dir='ltr' id='par_1_88' title="bbox 499 4565 2102 4637">
     <span class='ocr_line' id='line_1_88' title="bbox 499 4565 2102 4637; baseline -0.008 -10"><span class='ocrx_word' id='word_1_722' title='bbox 499 4571 711 4627; x_wconf 85' lang='grc' dir='ltr'>Γίνεται</span> <span class='ocrx_word' id='word_1_723' title='bbox 744 4572 926 4626; x_wconf 85' lang='grc' dir='ltr'>τοίνυν</span> <span class='ocrx_word' id='word_1_724' title='bbox 963 4579 1074 4632; x_wconf 86' lang='grc' dir='ltr'>τοῖς</span> <span class='ocrx_word' id='word_1_725' title='bbox 1119 4569 1300 4621; x_wconf 85' lang='grc' dir='ltr'>πίστει</span> <span class='ocrx_word' id='word_1_726' title='bbox 1339 4568 1508 4634; x_wconf 80' lang='grc' dir='ltr'>ἀξίως</span> <span class='ocrx_word' id='word_1_727' title='bbox 1562 4565 2008 4637; x_wconf 76' lang='grc' dir='ltr'>μεταλαμϐάνου-</span> <span class='ocrx_word' id='word_1_728' title='bbox 2063 4572 2102 4624; x_wconf 84' lang='grc' dir='ltr'>ι)</span> 
     </span>
    </p>
   </div>
   <div class='ocr_carea' id='block_1_89' title="bbox 1969 4563 3714 4637">
    <p class='ocr_par' dir='ltr' id='par_1_89' title="bbox 1969 4563 3714 4637">
     <span class='ocr_line' id='line_1_89' title="bbox 1969 4563 3714 4637; baseline 0.004 -22"><span class='ocrx_word' id='word_1_729' title='bbox 1969 4580 2008 4615; x_wconf 76' lang='grc' dir='ltr'>ι·</span> <span class='ocrx_word' id='word_1_730' title='bbox 2063 4572 2102 4624; x_wconf 85' lang='grc' dir='ltr'><strong><em>υ</em></strong></span> <span class='ocrx_word' id='word_1_731' title='bbox 2396 4563 2669 4629; x_wconf 86' lang='lat' dir='ltr'><strong>Quocirca</strong></span> <span class='ocrx_word' id='word_1_732' title='bbox 2711 4565 2822 4621; x_wconf 91' lang='lat' dir='ltr'><strong>illis</strong></span> <span class='ocrx_word' id='word_1_733' title='bbox 2875 4565 2969 4630; x_wconf 85' lang='lat' dir='ltr'><strong>qui</strong></span> <span class='ocrx_word' id='word_1_734' title='bbox 3009 4582 3134 4621; x_wconf 90' lang='lat' dir='ltr'><strong>cum</strong></span> <span class='ocrx_word' id='word_1_735' title='bbox 3171 4567 3278 4621; x_wconf 84' lang='lat' dir='ltr'><strong>tide</strong></span> <span class='ocrx_word' id='word_1_736' title='bbox 3323 4569 3490 4637; x_wconf 80' lang='lat' dir='ltr'><strong>digne</strong></span> <span class='ocrx_word' id='word_1_737' title='bbox 3532 4569 3714 4623; x_wconf 91' lang='lat' dir='ltr'><strong>susci-</strong></span> 
     </span>
    </p>
   </div>
   <div class='ocr_carea' id='block_1_90' title="bbox 430 4657 2018 4732">
    <p class='ocr_par' dir='ltr' id='par_1_90' title="bbox 430 4657 2018 4732">
     <span class='ocr_line' id='line_1_90' title="bbox 430 4657 2018 4732; baseline -0.004 -15"><span class='ocrx_word' id='word_1_738' title='bbox 430 4681 537 4725; x_wconf 87' lang='grc' dir='ltr'>σιν,</span> <span class='ocrx_word' id='word_1_739' title='bbox 576 4667 657 4726; x_wconf 79' lang='grc' dir='ltr'><strong>εἰς</strong></span> <span class='ocrx_word' id='word_1_740' title='bbox 681 4664 880 4731; x_wconf 79' lang='grc' dir='ltr'>ἄφεσιν</span> <span class='ocrx_word' id='word_1_741' title='bbox 909 4660 1219 4732; x_wconf 83' lang='grc' dir='ltr'>ἁμαρτιῶν,</span> <span class='ocrx_word' id='word_1_742' title='bbox 1251 4661 1347 4712; x_wconf 77' lang='grc' dir='ltr'>καὶ</span> <span class='ocrx_word' id='word_1_743' title='bbox 1374 4661 1454 4722; x_wconf 84' lang='grc' dir='ltr'><strong>είς</strong></span> <span class='ocrx_word' id='word_1_744' title='bbox 1484 4659 1629 4728; x_wconf 80' lang='grc' dir='ltr'>ζωὴν</span> <span class='ocrx_word' id='word_1_745' title='bbox 1654 4657 1892 4718; x_wconf 85' lang='grc' dir='ltr'>αίὼνιον,</span> <span class='ocrx_word' id='word_1_746' title='bbox 1923 4661 2018 4712; x_wconf 70' lang='grc' dir='ltr'>καὶ</span> 
     </span>
    </p>
   </div>
   <div class='ocr_carea' id='block_1_91' title="bbox 430 4751 2016 4824">
    <p class='ocr_par' dir='ltr' id='par_1_91' title="bbox 430 4751 2016 4824">
     <span class='ocr_line' id='line_1_91' title="bbox 430 4751 2016 4824; baseline -0.003 -17"><span class='ocrx_word' id='word_1_747' title='bbox 430 4756 508 4818; x_wconf 89' lang='grc' dir='ltr'><strong>είς</strong></span> <span class='ocrx_word' id='word_1_748' title='bbox 541 4755 916 4824; x_wconf 79' lang='grc' dir='ltr'>φυλακτήριον</span> <span class='ocrx_word' id='word_1_749' title='bbox 945 4753 1125 4822; x_wconf 81' lang='grc' dir='ltr'>ψυχῆς</span> <span class='ocrx_word' id='word_1_750' title='bbox 1159 4770 1219 4804; x_wconf 87' lang='grc' dir='ltr'><strong>τε</strong></span> <span class='ocrx_word' id='word_1_751' title='bbox 1250 4752 1344 4804; x_wconf 75' lang='grc' dir='ltr'>καὶ</span> <span class='ocrx_word' id='word_1_752' title='bbox 1381 4751 1636 4821; x_wconf 85' lang='grc' dir='ltr'>σώματος</span> <span class='ocrx_word' id='word_1_753' title='bbox 1674 4769 1688 4783; x_wconf 77' lang='grc' dir='ltr'><strong><em>ο</em></strong></span> <span class='ocrx_word' id='word_1_754' title='bbox 1727 4754 1838 4814; x_wconf 83' lang='grc' dir='ltr'>τοῖς</span> <span class='ocrx_word' id='word_1_755' title='bbox 1865 4751 1920 4802; x_wconf 80' lang='grc' dir='ltr'><strong>δὲ</strong></span> <span class='ocrx_word' id='word_1_756' title='bbox 1959 4752 2016 4802; x_wconf 81' lang='grc' dir='ltr'><strong>ὲν</strong></span> 
     </span>
    </p>
   </div>
   <div class='ocr_carea' id='block_1_92' title="bbox 431 4843 2018 4916">
    <p class='ocr_par' dir='ltr' id='par_1_92' title="bbox 431 4843 2018 4916">
     <span class='ocr_line' id='line_1_92' title="bbox 431 4843 2018 4916; baseline -0.003 -18"><span class='ocrx_word' id='word_1_757' title='bbox 431 4846 661 4916; x_wconf 72' lang='grc' dir='ltr'>ἀπιστία</span> <span class='ocrx_word' id='word_1_758' title='bbox 685 4845 920 4908; x_wconf 84' lang='grc' dir='ltr'>ἀναξίως</span> <span class='ocrx_word' id='word_1_759' title='bbox 951 4843 1296 4914; x_wconf 82' lang='grc' dir='ltr'>μετέχουσιν,</span> <span class='ocrx_word' id='word_1_760' title='bbox 1322 4845 1403 4904; x_wconf 78' lang='grc' dir='ltr'><strong>εἰς</strong></span> <span class='ocrx_word' id='word_1_761' title='bbox 1433 4843 1658 4895; x_wconf 85' lang='grc' dir='ltr'>κόλασιν</span> <span class='ocrx_word' id='word_1_762' title='bbox 1708 4844 1800 4895; x_wconf 77' lang='grc' dir='ltr'>καὶ</span> <span class='ocrx_word' id='word_1_763' title='bbox 1844 4861 2018 4911; x_wconf 76' lang='grc' dir='ltr'>τιμω-</span> 
     </span>
    </p>
   </div>
   <div class='ocr_carea' id='block_1_93' title="bbox 435 4933 2019 5009">
    <p class='ocr_par' dir='ltr' id='par_1_93' title="bbox 435 4933 2019 5009">
     <span class='ocr_line' id='line_1_93' title="bbox 435 4933 2019 5009; baseline -0.003 -20"><span class='ocrx_word' id='word_1_764' title='bbox 435 4939 575 5008; x_wconf 87' lang='grc' dir='ltr'>ρίαν,</span> <span class='ocrx_word' id='word_1_765' title='bbox 604 4937 856 5009; x_wconf 80' lang='grc' dir='ltr'>καθάπερ</span> <span class='ocrx_word' id='word_1_766' title='bbox 889 4937 986 4990; x_wconf 64' lang='grc' dir='ltr'><strong>καὶ</strong></span> <span class='ocrx_word' id='word_1_767' title='bbox 1019 4937 1046 4988; x_wconf 87' lang='lat'><strong>6</strong></span> <span class='ocrx_word' id='word_1_768' title='bbox 1070 4935 1164 4988; x_wconf 84' lang='grc' dir='ltr'><strong>τοῦ</strong></span> <span class='ocrx_word' id='word_1_769' title='bbox 1198 4935 1406 5005; x_wconf 79' lang='grc' dir='ltr'>Κυρίου</span> <span class='ocrx_word' id='word_1_770' title='bbox 1436 4935 1689 4999; x_wconf 81' lang='grc' dir='ltr'>θάνατος,</span> <span class='ocrx_word' id='word_1_771' title='bbox 1746 4937 1859 4996; x_wconf 85' lang='grc' dir='ltr'>τοῖς</span> <span class='ocrx_word' id='word_1_772' title='bbox 1921 4933 2019 5002; x_wconf 75' lang='grc' dir='ltr'>μὲν</span> 
     </span>
    </p>
   </div>
   <div class='ocr_carea' id='block_1_94' title="bbox 433 5025 2019 5101">
    <p class='ocr_par' dir='ltr' id='par_1_94' title="bbox 433 5025 2019 5101">
     <span class='ocr_line' id='line_1_94' title="bbox 433 5025 2019 5101; baseline -0.006 -18"><span class='ocrx_word' id='word_1_773' title='bbox 433 5030 758 5083; x_wconf 84' lang='grc' dir='ltr'>πιστεύουσι</span> <span class='ocrx_word' id='word_1_774' title='bbox 789 5029 983 5097; x_wconf 85' lang='grc' dir='ltr'>γέγονε</span> <span class='ocrx_word' id='word_1_775' title='bbox 1009 5027 1124 5101; x_wconf 80' lang='grc' dir='ltr'><strong>ζωὴ</strong></span> <span class='ocrx_word' id='word_1_776' title='bbox 1148 5029 1242 5082; x_wconf 58' lang='grc' dir='ltr'><strong>καλ⁹</strong></span> <span class='ocrx_word' id='word_1_777' title='bbox 1269 5026 1549 5095; x_wconf 63' lang='grc' dir='ltr'>ἀφθαρσία</span> <span class='ocrx_word' id='word_1_778' title='bbox 1584 5027 1665 5088; x_wconf 86' lang='grc' dir='ltr'><strong>είς</strong></span> <span class='ocrx_word' id='word_1_779' title='bbox 1716 5025 2019 5079; x_wconf 76' lang='grc' dir='ltr'>ἀπόλαυσιν</span> 
     </span>
    </p>
   </div>
   <div class='ocr_carea' id='block_1_95' title="bbox 430 5115 2021 5192">
    <p class='ocr_par' dir='ltr' id='par_1_95' title="bbox 430 5115 2021 5192">
     <span class='ocr_line' id='line_1_95' title="bbox 430 5115 2021 5192; baseline -0.006 -16"><span class='ocrx_word' id='word_1_780' title='bbox 430 5124 529 5192; x_wconf 77' lang='grc' dir='ltr'>τῆς</span> <span class='ocrx_word' id='word_1_781' title='bbox 564 5121 788 5175; x_wconf 79' lang='grc' dir='ltr'>αἰωνίου</span> <span class='ocrx_word' id='word_1_782' title='bbox 825 5121 1233 5192; x_wconf 84' lang='grc' dir='ltr'>μακαριότητος</span> <span class='ocrx_word' id='word_1_783' title='bbox 1259 5135 1271 5149; x_wconf 87' lang='grc'><strong>·</strong></span> <span class='ocrx_word' id='word_1_784' title='bbox 1302 5121 1415 5176; x_wconf 86' lang='grc' dir='ltr'>τοῖς</span> <span class='ocrx_word' id='word_1_785' title='bbox 1456 5117 1513 5170; x_wconf 79' lang='grc' dir='ltr'><strong>δὲ</strong></span> <span class='ocrx_word' id='word_1_786' title='bbox 1574 5117 1877 5179; x_wconf 72' lang='grc' dir='ltr'>ἀπειθοῦσι,</span> <span class='ocrx_word' id='word_1_787' title='bbox 1926 5115 2021 5167; x_wconf 72' lang='grc' dir='ltr'><strong>καὶ</strong></span> 
     </span>
    </p>
   </div>
   <div class='ocr_carea' id='block_1_96' title="bbox 431 5207 2021 5285">
    <p class='ocr_par' dir='ltr' id='par_1_96' title="bbox 431 5207 2021 5285">
     <span class='ocr_line' id='line_1_96' title="bbox 431 5207 2021 5285; baseline -0.006 -17"><span class='ocrx_word' id='word_1_788' title='bbox 431 5218 544 5279; x_wconf 72' lang='grc' dir='ltr'>τοῖς</span> <span class='ocrx_word' id='word_1_789' title='bbox 588 5214 982 5285; x_wconf 81' lang='grc' dir='ltr'>κυριοκτόνοις,</span> <span class='ocrx_word' id='word_1_790' title='bbox 1035 5215 1115 5279; x_wconf 85' lang='grc' dir='ltr'><strong>είς</strong></span> <span class='ocrx_word' id='word_1_791' title='bbox 1162 5214 1384 5267; x_wconf 86' lang='grc' dir='ltr'>κόλασιν</span> <span class='ocrx_word' id='word_1_792' title='bbox 1427 5212 1522 5266; x_wconf 70' lang='grc' dir='ltr'>καὶ</span> <span class='ocrx_word' id='word_1_793' title='bbox 1569 5210 1840 5282; x_wconf 86' lang='grc' dir='ltr'>τιμωρίαν</span> <span class='ocrx_word' id='word_1_794' title='bbox 1891 5207 2021 5262; x_wconf 86' lang='grc' dir='ltr'>αἰὼ-</span> 
     </span>
    </p>
   </div>
   <div class='ocr_carea' id='block_1_97' title="bbox 433 5324 649 5364">
    <p class='ocr_par' dir='ltr' id='par_1_97' title="bbox 433 5324 649 5364">
     <span class='ocr_line' id='line_1_97' title="bbox 433 5324 649 5364; baseline 0.019 -4"><span class='ocrx_word' id='word_1_795' title='bbox 433 5324 566 5360; x_wconf 89' lang='grc' dir='ltr'>νιον.</span> <span class='ocrx_word' id='word_1_796' title='bbox 645 5361 649 5364; x_wconf 91' lang='grc'>.</span> 
     </span>
    </p>
   </div>
   <div class='ocr_carea' id='block_1_98' title="bbox 506 5391 2022 5465">
    <p class='ocr_par' dir='ltr' id='par_1_98' title="bbox 506 5391 2022 5465">
     <span class='ocr_line' id='line_1_98' title="bbox 506 5391 2022 5465; baseline -0.004 -15"><span class='ocrx_word' id='word_1_797' title='bbox 506 5397 624 5450; x_wconf 82' lang='grc' dir='ltr'>Οὐκ</span> <span class='ocrx_word' id='word_1_798' title='bbox 674 5395 790 5450; x_wconf 74' lang='grc' dir='ltr'>ἔστι</span> <span class='ocrx_word' id='word_1_799' title='bbox 913 5395 1087 5458; x_wconf 83' lang='grc' dir='ltr'>τύπος</span> <span class='ocrx_word' id='word_1_800' title='bbox 1283 5396 1310 5446; x_wconf 89' lang='lat'><strong>6</strong></span> <span class='ocrx_word' id='word_1_801' title='bbox 1358 5394 1522 5465; x_wconf 82' lang='grc' dir='ltr'>ἄρτος</span> <span class='ocrx_word' id='word_1_802' title='bbox 1553 5395 1649 5447; x_wconf 71' lang='grc' dir='ltr'><strong>καὶ</strong></span> <span class='ocrx_word' id='word_1_803' title='bbox 1677 5394 1706 5445; x_wconf 86' lang='lat'><strong>6</strong></span> <span class='ocrx_word' id='word_1_804' title='bbox 1742 5391 1884 5456; x_wconf 75' lang='grc' dir='ltr'>οἶνος</span> <span class='ocrx_word' id='word_1_805' title='bbox 1929 5391 2022 5445; x_wconf 89' lang='grc' dir='ltr'><strong>τοῦ</strong></span> 
     </span>
    </p>
   </div>
   <div class='ocr_carea' id='block_1_99' title="bbox 435 5487 2016 5559">
    <p class='ocr_par' dir='ltr' id='par_1_99' title="bbox 435 5487 2016 5559">
     <span class='ocr_line' id='line_1_99' title="bbox 435 5487 2016 5559; baseline -0.004 -16"><span class='ocrx_word' id='word_1_806' title='bbox 435 5491 687 5559; x_wconf 83' lang='grc' dir='ltr'>σώματος</span> <span class='ocrx_word' id='word_1_807' title='bbox 743 5490 838 5543; x_wconf 81' lang='grc' dir='ltr'>καὶ</span> <span class='ocrx_word' id='word_1_808' title='bbox 876 5489 1111 5559; x_wconf 77' lang='grc' dir='ltr'>αἵματος</span> <span class='ocrx_word' id='word_1_809' title='bbox 1160 5487 1252 5540; x_wconf 89' lang='grc' dir='ltr'><strong>τοῦ</strong></span> <span class='ocrx_word' id='word_1_810' title='bbox 1302 5487 1540 5558; x_wconf 79' lang='grc' dir='ltr'>Χριστοῦ</span> <span class='ocrx_word' id='word_1_811' title='bbox 1598 5487 1698 5557; x_wconf 83' lang='grc' dir='ltr'>(μὴ</span> <span class='ocrx_word' id='word_1_812' title='bbox 1759 5487 2016 5555; x_wconf 80' lang='grc' dir='ltr'>γένοιτο),</span> 
     </span>
    </p>
   </div>
   <div class='ocr_carea' id='block_1_100' title="bbox 438 5580 2022 5651">
    <p class='ocr_par' dir='ltr' id='par_1_100' title="bbox 438 5580 2022 5651">
     <span class='ocr_line' id='line_1_100' title="bbox 438 5580 2022 5651; baseline -0.002 -14"><span class='ocrx_word' id='word_1_813' title='bbox 438 5583 552 5637; x_wconf 80' lang='grc' dir='ltr'>ἀλλ’</span> <span class='ocrx_word' id='word_1_814' title='bbox 583 5582 714 5636; x_wconf 73' lang='grc' dir='ltr'>αὐτὸ</span> <span class='ocrx_word' id='word_1_815' title='bbox 747 5583 807 5634; x_wconf 76' lang='grc' dir='ltr'>τὸ</span> <span class='ocrx_word' id='word_1_816' title='bbox 853 5583 1013 5651; x_wconf 85' lang='grc' dir='ltr'>σῶμα</span> <span class='ocrx_word' id='word_1_817' title='bbox 1058 5580 1153 5634; x_wconf 89' lang='grc' dir='ltr'><strong>τοῦ</strong></span> <span class='ocrx_word' id='word_1_818' title='bbox 1196 5581 1406 5650; x_wconf 86' lang='grc' dir='ltr'>Κυρίου</span> <span class='ocrx_word' id='word_1_819' title='bbox 1452 5580 1816 5650; x_wconf 81' lang='grc' dir='ltr'>τεθεωμένον,</span> <span class='ocrx_word' id='word_1_820' title='bbox 1858 5580 2022 5634; x_wconf 81' lang='grc' dir='ltr'>αὑτοῦ</span> 
     </span>
    </p>
   </div>
   <div class='ocr_carea' id='block_1_101' title="bbox 438 5671 2025 5743">
    <p class='ocr_par' dir='ltr' id='par_1_101' title="bbox 438 5671 2025 5743">
     <span class='ocr_line' id='line_1_101' title="bbox 438 5671 2025 5743; baseline -0.003 -16"><span class='ocrx_word' id='word_1_821' title='bbox 438 5673 530 5727; x_wconf 88' lang='grc' dir='ltr'><strong>τοῦ</strong></span> <span class='ocrx_word' id='word_1_822' title='bbox 563 5673 770 5743; x_wconf 83' lang='grc' dir='ltr'>Κυρίου</span> <span class='ocrx_word' id='word_1_823' title='bbox 793 5673 1082 5736; x_wconf 79' lang='grc' dir='ltr'>εἰπόντος’</span> <span class='ocrx_word' id='word_1_824' title='bbox 1140 5671 1323 5727; x_wconf 84' lang='grc' dir='ltr'>Τοῦτό</span> <span class='ocrx_word' id='word_1_825' title='bbox 1375 5673 1492 5743; x_wconf 84' lang='grc' dir='ltr'>μού</span> <span class='ocrx_word' id='word_1_826' title='bbox 1548 5674 1698 5739; x_wconf 87' lang='grc' dir='ltr'>ἐστι,</span> <span class='ocrx_word' id='word_1_827' title='bbox 1748 5675 1810 5726; x_wconf 73' lang='grc' dir='ltr'><strong>οὐ</strong></span> <span class='ocrx_word' id='word_1_828' title='bbox 1853 5672 2025 5733; x_wconf 74' lang='grc' dir='ltr'>τύπος</span> 
     </span>
    </p>
   </div>
   <div class='ocr_carea' id='block_1_102' title="bbox 552 5890 1320 5963">
    <p class='ocr_par' dir='ltr' id='par_1_102' title="bbox 552 5890 1320 5963">
     <span class='ocr_line' id='line_1_102' title="bbox 552 5890 1320 5963; baseline 0.01 -17"><span class='ocrx_word' id='word_1_829' title='bbox 552 5890 729 5949; x_wconf 78' lang='lat' dir='ltr'><strong>’Luc.</strong></span> <span class='ocrx_word' id='word_1_830' title='bbox 773 5913 808 5963; x_wconf 89' lang='lat' dir='ltr'><strong>i,</strong></span> <span class='ocrx_word' id='word_1_831' title='bbox 847 5895 935 5953; x_wconf 73' lang='grc'><strong>55.</strong></span> <span class='ocrx_word' id='word_1_832' title='bbox 1013 5898 1032 5928; x_wconf 81' lang='grc'>³</span> <span class='ocrx_word' id='word_1_833' title='bbox 1066 5896 1201 5952; x_wconf 77' lang='lat' dir='ltr'><strong>ibid.</strong></span> <span class='ocrx_word' id='word_1_834' title='bbox 1228 5896 1320 5955; x_wconf 77' lang='grc'><strong>56.</strong></span> 
     </span>
    </p>
   </div>
   <div class='ocr_carea' id='block_1_103' title="bbox 2133 4654 3719 4724">
    <p class='ocr_par' dir='ltr' id='par_1_103' title="bbox 2133 4654 3719 4724">
     <span class='ocr_line' id='line_1_103' title="bbox 2133 4654 3719 4724; baseline 0.001 -16"><span class='ocrx_word' id='word_1_835' title='bbox 2133 4655 2319 4724; x_wconf 87' lang='lat' dir='ltr'><strong>piunt,</strong></span> <span class='ocrx_word' id='word_1_836' title='bbox 2352 4654 2409 4708; x_wconf 86' lang='lat' dir='ltr'><strong>in</strong></span> <span class='ocrx_word' id='word_1_837' title='bbox 2444 4655 2826 4709; x_wconf 86' lang='lat' dir='ltr'><strong>remissionem</strong></span> <span class='ocrx_word' id='word_1_838' title='bbox 2858 4665 3236 4724; x_wconf 85' lang='lat' dir='ltr'><strong>peccatorum,</strong></span> <span class='ocrx_word' id='word_1_839' title='bbox 3269 4665 3323 4709; x_wconf 91' lang='lat' dir='ltr'><strong>et</strong></span> <span class='ocrx_word' id='word_1_840' title='bbox 3349 4659 3517 4709; x_wconf 89' lang='lat' dir='ltr'><strong>vitam</strong></span> <span class='ocrx_word' id='word_1_841' title='bbox 3557 4666 3719 4710; x_wconf 84' lang='lat' dir='ltr'><strong>n-ter-</strong></span> 
     </span>
    </p>
   </div>
   <div class='ocr_carea' id='block_1_104' title="bbox 2134 4741 3720 4815">
    <p class='ocr_par' dir='ltr' id='par_1_104' title="bbox 2134 4741 3720 4815">
     <span class='ocr_line' id='line_1_104' title="bbox 2134 4741 3720 4815; baseline 0 -17"><span class='ocrx_word' id='word_1_842' title='bbox 2134 4760 2257 4798; x_wconf 90' lang='lat' dir='ltr'><strong>nam</strong></span> <span class='ocrx_word' id='word_1_843' title='bbox 2290 4745 2455 4809; x_wconf 89' lang='lat' dir='ltr'><strong>cedit,</strong></span> <span class='ocrx_word' id='word_1_844' title='bbox 2485 4759 2702 4800; x_wconf 87' lang='lat' dir='ltr'><strong>necnon</strong></span> <span class='ocrx_word' id='word_1_845' title='bbox 2730 4741 2931 4799; x_wconf 70' lang='lat' dir='ltr'><strong>anima:</strong></span> <span class='ocrx_word' id='word_1_846' title='bbox 2963 4746 3331 4815; x_wconf 82' lang='lat' dir='ltr'><strong>corporisque</strong></span> <span class='ocrx_word' id='word_1_847' title='bbox 3379 4748 3720 4815; x_wconf 66' lang='lat' dir='ltr'><strong>prtesidium;</strong></span> 
     </span>
    </p>
   </div>
   <div class='ocr_carea' id='block_1_105' title="bbox 2136 4837 3720 4907">
    <p class='ocr_par' dir='ltr' id='par_1_105' title="bbox 2136 4837 3720 4907">
     <span class='ocr_line' id='line_1_105' title="bbox 2136 4837 3720 4907; baseline 0.002 -18"><span class='ocrx_word' id='word_1_848' title='bbox 2136 4837 2246 4892; x_wconf 90' lang='lat' dir='ltr'><strong>illis</strong></span> <span class='ocrx_word' id='word_1_849' title='bbox 2285 4847 2474 4890; x_wconf 86' lang='lat' dir='ltr'><strong>contra</strong></span> <span class='ocrx_word' id='word_1_850' title='bbox 2512 4838 2604 4905; x_wconf 92' lang='lat' dir='ltr'><strong>qui</strong></span> <span class='ocrx_word' id='word_1_851' title='bbox 2660 4838 2711 4890; x_wconf 90' lang='lat' dir='ltr'><strong>in</strong></span> <span class='ocrx_word' id='word_1_852' title='bbox 2760 4838 3154 4892; x_wconf 86' lang='lat' dir='ltr'><strong>incredulitate</strong></span> <span class='ocrx_word' id='word_1_853' title='bbox 3199 4838 3422 4907; x_wconf 82' lang='lat' dir='ltr'><strong>indigne</strong></span> <span class='ocrx_word' id='word_1_854' title='bbox 3469 4851 3720 4901; x_wconf 78' lang='lat' dir='ltr'><strong>sumunt,</strong></span> 
     </span>
    </p>
   </div>
   <div class='ocr_carea' id='block_1_106' title="bbox 2136 4929 3725 5002">
    <p class='ocr_par' dir='ltr' id='par_1_106' title="bbox 2136 4929 3725 5002">
     <span class='ocr_line' id='line_1_106' title="bbox 2136 4929 3725 5002; baseline 0.002 -20"><span class='ocrx_word' id='word_1_855' title='bbox 2136 4929 2189 4982; x_wconf 91' lang='lat' dir='ltr'><strong>in</strong></span> <span class='ocrx_word' id='word_1_856' title='bbox 2244 4943 2462 4997; x_wconf 70' lang='lat' dir='ltr'><strong>pinnam</strong></span> <span class='ocrx_word' id='word_1_857' title='bbox 2495 4937 2550 4982; x_wconf 86' lang='lat' dir='ltr'><strong>et</strong></span> <span class='ocrx_word' id='word_1_858' title='bbox 2591 4929 2925 4998; x_wconf 88' lang='lat' dir='ltr'><strong>supplicium</strong></span> <span class='ocrx_word' id='word_1_859' title='bbox 2960 4949 2972 4984; x_wconf 92' lang='lat'>:</span> <span class='ocrx_word' id='word_1_860' title='bbox 3034 4930 3180 4983; x_wconf 90' lang='lat' dir='ltr'><strong>haud</strong></span> <span class='ocrx_word' id='word_1_861' title='bbox 3223 4945 3388 4985; x_wconf 86' lang='lat' dir='ltr'><strong>secus</strong></span> <span class='ocrx_word' id='word_1_862' title='bbox 3415 4941 3582 5002; x_wconf 86' lang='lat' dir='ltr'><strong>atque</strong></span> <span class='ocrx_word' id='word_1_863' title='bbox 3621 4933 3725 4985; x_wconf 90' lang='lat' dir='ltr'><strong>Do-</strong></span> 
     </span>
    </p>
   </div>
   <div class='ocr_carea' id='block_1_107' title="bbox 2138 5020 3722 5089">
    <p class='ocr_par' dir='ltr' id='par_1_107' title="bbox 2138 5020 3722 5089">
     <span class='ocr_line' id='line_1_107' title="bbox 2138 5020 3722 5089; baseline 0.003 -19"><span class='ocrx_word' id='word_1_864' title='bbox 2138 5021 2272 5071; x_wconf 91' lang='lat' dir='ltr'><strong>mini</strong></span> <span class='ocrx_word' id='word_1_865' title='bbox 2309 5034 2481 5084; x_wconf 90' lang='lat' dir='ltr'><strong>mors,</strong></span> <span class='ocrx_word' id='word_1_866' title='bbox 2538 5020 2897 5074; x_wconf 86' lang='lat' dir='ltr'><strong>credentibus</strong></span> <span class='ocrx_word' id='word_1_867' title='bbox 2946 5020 3170 5089; x_wconf 90' lang='lat' dir='ltr'><strong>quidem</strong></span> <span class='ocrx_word' id='word_1_868' title='bbox 3220 5022 3334 5074; x_wconf 87' lang='lat' dir='ltr'><strong>vita</strong></span> <span class='ocrx_word' id='word_1_869' title='bbox 3366 5031 3422 5074; x_wconf 87' lang='lat' dir='ltr'><strong>et</strong></span> <span class='ocrx_word' id='word_1_870' title='bbox 3465 5023 3722 5075; x_wconf 82' lang='lat' dir='ltr'><strong>incorru-</strong></span> 
     </span>
    </p>
   </div>
   <div class='ocr_carea' id='block_1_108' title="bbox 2136 5111 3724 5181">
    <p class='ocr_par' dir='ltr' id='par_1_108' title="bbox 2136 5111 3724 5181">
     <span class='ocr_line' id='line_1_108' title="bbox 2136 5111 3724 5181; baseline 0.003 -20"><span class='ocrx_word' id='word_1_871' title='bbox 2136 5111 2251 5181; x_wconf 84' lang='lat' dir='ltr'><strong>ptio</strong></span> <span class='ocrx_word' id='word_1_872' title='bbox 2283 5119 2388 5172; x_wconf 91' lang='lat' dir='ltr'><strong>est,</strong></span> <span class='ocrx_word' id='word_1_873' title='bbox 2420 5111 2488 5164; x_wconf 87' lang='lat' dir='ltr'><strong>ad</strong></span> <span class='ocrx_word' id='word_1_874' title='bbox 2537 5121 2757 5166; x_wconf 61' lang='lat' dir='ltr'><strong>aeternas</strong></span> <span class='ocrx_word' id='word_1_875' title='bbox 2807 5112 3090 5167; x_wconf 81' lang='lat' dir='ltr'><strong>felicitatis</strong></span> <span class='ocrx_word' id='word_1_876' title='bbox 3123 5116 3604 5179; x_wconf 86' lang='lat' dir='ltr'><strong>consecutionem;</strong></span> <span class='ocrx_word' id='word_1_877' title='bbox 3637 5115 3724 5167; x_wconf 84' lang='lat' dir='ltr'><strong>in-</strong></span> 
     </span>
    </p>
   </div>
   <div class='ocr_carea' id='block_1_109' title="bbox 2137 5195 3723 5272">
    <p class='ocr_par' dir='ltr' id='par_1_109' title="bbox 2137 5195 3723 5272">
     <span class='ocr_line' id='line_1_109' title="bbox 2137 5195 3723 5272; baseline 0.002 -17"><span class='ocrx_word' id='word_1_878' title='bbox 2137 5202 2382 5256; x_wconf 88' lang='lat' dir='ltr'><strong>credulis</strong></span> <span class='ocrx_word' id='word_1_879' title='bbox 2434 5218 2562 5256; x_wconf 85' lang='lat' dir='ltr'><strong>vero</strong></span> <span class='ocrx_word' id='word_1_880' title='bbox 2606 5211 2659 5256; x_wconf 85' lang='lat' dir='ltr'><strong>et</strong></span> <span class='ocrx_word' id='word_1_881' title='bbox 2707 5203 2777 5257; x_wconf 88' lang='lat' dir='ltr'><strong>iis</strong></span> <span class='ocrx_word' id='word_1_882' title='bbox 2813 5205 2906 5272; x_wconf 88' lang='lat' dir='ltr'><strong>qui</strong></span> <span class='ocrx_word' id='word_1_883' title='bbox 2957 5195 3249 5259; x_wconf 83' lang='lat' dir='ltr'><strong>DOminum</strong></span> <span class='ocrx_word' id='word_1_884' title='bbox 3304 5206 3723 5270; x_wconf 77' lang='lat' dir='ltr'><strong>interfecerunt,</strong></span> 
     </span>
    </p>
   </div>
   <div class='ocr_carea' id='block_1_110' title="bbox 2140 5295 3332 5367">
    <p class='ocr_par' dir='ltr' id='par_1_110' title="bbox 2140 5295 3332 5367">
     <span class='ocr_line' id='line_1_110' title="bbox 2140 5295 3332 5367; baseline 0.003 -19"><span class='ocrx_word' id='word_1_885' title='bbox 2140 5295 2206 5348; x_wconf 90' lang='lat' dir='ltr'><strong>ad</strong></span> <span class='ocrx_word' id='word_1_886' title='bbox 2239 5310 2460 5365; x_wconf 58' lang='lat' dir='ltr'><strong>poenam</strong></span> <span class='ocrx_word' id='word_1_887' title='bbox 2491 5305 2547 5350; x_wconf 92' lang='lat' dir='ltr'><strong>et</strong></span> <span class='ocrx_word' id='word_1_888' title='bbox 2573 5296 2872 5351; x_wconf 87' lang='lat' dir='ltr'><strong>vindictam</strong></span> <span class='ocrx_word' id='word_1_889' title='bbox 2915 5299 3332 5367; x_wconf 87' lang='lat' dir='ltr'><strong>sempiternam.</strong></span> 
     </span>
    </p>
   </div>
   <div class='ocr_carea' id='block_1_111' title="bbox 2214 5386 3731 5460">
    <p class='ocr_par' dir='ltr' id='par_1_111' title="bbox 2214 5386 3731 5460">
     <span class='ocr_line' id='line_1_111' title="bbox 2214 5386 3731 5460; baseline 0 -19"><span class='ocrx_word' id='word_1_890' title='bbox 2214 5386 2419 5442; x_wconf 76' lang='lat' dir='ltr'><strong>Christi</strong></span> <span class='ocrx_word' id='word_1_891' title='bbox 2474 5406 2653 5442; x_wconf 76' lang='lat' dir='ltr'><strong>rerum</strong></span> <span class='ocrx_word' id='word_1_892' title='bbox 2709 5406 2922 5458; x_wconf 72' lang='lat' dir='ltr'><strong>corpus,</strong></span> <span class='ocrx_word' id='word_1_893' title='bbox 2981 5407 3084 5444; x_wconf 82' lang='lat' dir='ltr'><strong>non</strong></span> <span class='ocrx_word' id='word_1_894' title='bbox 3135 5389 3548 5460; x_wconf 48' lang='lat' dir='ltr'><strong>ﬁgura—Nec</strong></span> <span class='ocrx_word' id='word_1_895' title='bbox 3599 5406 3731 5443; x_wconf 87' lang='lat' dir='ltr'><strong>vero</strong></span> 
     </span>
    </p>
   </div>
   <div class='ocr_carea' id='block_1_112' title="bbox 2143 5481 3729 5554">
    <p class='ocr_par' dir='ltr' id='par_1_112' title="bbox 2143 5481 3729 5554">
     <span class='ocr_line' id='line_1_112' title="bbox 2143 5481 3729 5554; baseline 0.002 -22"><span class='ocrx_word' id='word_1_896' title='bbox 2143 5481 2301 5549; x_wconf 88' lang='lat' dir='ltr'><strong>panis</strong></span> <span class='ocrx_word' id='word_1_897' title='bbox 2336 5490 2391 5535; x_wconf 86' lang='lat' dir='ltr'><strong>et</strong></span> <span class='ocrx_word' id='word_1_898' title='bbox 2442 5482 2652 5546; x_wconf 87' lang='lat' dir='ltr'><strong>vinum,</strong></span> <span class='ocrx_word' id='word_1_899' title='bbox 2694 5481 2900 5538; x_wconf 87' lang='lat' dir='ltr'><strong>Christi</strong></span> <span class='ocrx_word' id='word_1_900' title='bbox 2953 5485 3208 5552; x_wconf 84' lang='lat' dir='ltr'><strong>corporis</strong></span> <span class='ocrx_word' id='word_1_901' title='bbox 3257 5492 3309 5538; x_wconf 90' lang='lat' dir='ltr'><strong>ct</strong></span> <span class='ocrx_word' id='word_1_902' title='bbox 3348 5482 3638 5554; x_wconf 86' lang='lat' dir='ltr'><strong>sanguinis</strong></span> <span class='ocrx_word' id='word_1_903' title='bbox 3673 5483 3729 5535; x_wconf 78' lang='lat' dir='ltr'><strong>ii-</strong></span> 
     </span>
    </p>
   </div>
   <div class='ocr_carea' id='block_1_113' title="bbox 2145 5576 3732 5647">
    <p class='ocr_par' dir='ltr' id='par_1_113' title="bbox 2145 5576 3732 5647">
     <span class='ocr_line' id='line_1_113' title="bbox 2145 5576 3732 5647; baseline 0.003 -22"><span class='ocrx_word' id='word_1_904' title='bbox 2145 5590 2276 5642; x_wconf 80' lang='lat' dir='ltr'><strong>gnra</strong></span> <span class='ocrx_word' id='word_1_905' title='bbox 2313 5585 2441 5630; x_wconf 91' lang='lat' dir='ltr'><strong>sunt</strong></span> <span class='ocrx_word' id='word_1_906' title='bbox 2476 5576 2640 5645; x_wconf 91' lang='lat' dir='ltr'><strong>(absit</strong></span> <span class='ocrx_word' id='word_1_907' title='bbox 2666 5581 2726 5641; x_wconf 70' lang='grc' dir='ltr'><strong>ἓ),</strong></span> <span class='ocrx_word' id='word_1_908' title='bbox 2758 5577 2853 5632; x_wconf 88' lang='lat' dir='ltr'><strong>sed</strong></span> <span class='ocrx_word' id='word_1_909' title='bbox 2905 5579 3082 5647; x_wconf 85' lang='lat' dir='ltr'><strong>ipsum</strong></span> <span class='ocrx_word' id='word_1_910' title='bbox 3119 5577 3332 5631; x_wconf 86' lang='lat' dir='ltr'><strong>Domini</strong></span> <span class='ocrx_word' id='word_1_911' title='bbox 3377 5593 3582 5646; x_wconf 88' lang='lat' dir='ltr'><strong>corpus</strong></span> <span class='ocrx_word' id='word_1_912' title='bbox 3620 5579 3732 5629; x_wconf 82' lang='lat' dir='ltr'><strong>dci-</strong></span> 
     </span>
    </p>
   </div>
   <div class='ocr_carea' id='block_1_114' title="bbox 2147 5669 3731 5740">
    <p class='ocr_par' dir='ltr' id='par_1_114' title="bbox 2147 5669 3731 5740">
     <span class='ocr_line' id='line_1_114' title="bbox 2147 5669 3731 5740; baseline 0.001 -19"><span class='ocrx_word' id='word_1_913' title='bbox 2147 5677 2254 5723; x_wconf 87' lang='lat' dir='ltr'><strong>tatc</strong></span> <span class='ocrx_word' id='word_1_914' title='bbox 2288 5669 2534 5724; x_wconf 75' lang='lat' dir='ltr'><strong>dolatum</strong></span> <span class='ocrx_word' id='word_1_915' title='bbox 2558 5688 2572 5738; x_wconf 88' lang='lat'><strong>;</strong></span> <span class='ocrx_word' id='word_1_916' title='bbox 2598 5688 2722 5724; x_wconf 75' lang='lat' dir='ltr'><strong>cum</strong></span> <span class='ocrx_word' id='word_1_917' title='bbox 2750 5672 2868 5740; x_wconf 89' lang='lat' dir='ltr'><strong>ipse</strong></span> <span class='ocrx_word' id='word_1_918' title='bbox 2895 5671 3167 5727; x_wconf 86' lang='lat' dir='ltr'><strong>Dominus</strong></span> <span class='ocrx_word' id='word_1_919' title='bbox 3201 5670 3451 5727; x_wconf 80' lang='lat' dir='ltr'><strong>dixerit:</strong></span> <span class='ocrx_word' id='word_1_920' title='bbox 3483 5670 3596 5723; x_wconf 85' lang='lat' dir='ltr'><strong>Hoc</strong></span> <span class='ocrx_word' id='word_1_921' title='bbox 3632 5682 3731 5731; x_wconf 74' lang='lat' dir='ltr'><strong>esi,</strong></span> 
     </span>
    </p>
   </div>
  </div>
