4420 6462
732 425 877 490 1275

1959 419 2346 482 EUTHYMII
2388 422 2755 482 ZIGABENI

3864 424 3994 488 1276

724 534 1154 589 confutationem
1182 528 1331 598 ingeo
1360 531 1537 598 titulo,
1558 531 1647 599 qui
1679 530 1934 586 adversus
1969 530 2308 586 Sabellianos
2340 542 2384 598 Α
2418 552 2469 586 σι

2253 549 2308 586 os
2340 542 2384 598 Α
2418 552 2504 586 σιν
2567 534 3005 605 δογματιζούσης
3051 537 3456 604 τριπρόσωπον.
3497 540 3762 609 Εὑρήσεις
3796 543 3852 594 δὲ
3895 546 3991 607 τὰς

729 626 1022 693 inscriptus
1043 631 1150 686 est,
1182 623 1439 692 reperies.

797 905 1038 958 Divinam
1071 904 1218 956 aiunt
1257 909 1500 954 naturam
1544 900 1704 955 facile
1766 900 1901 956 verti
1990 909 2046 956 et
2111 899 2311 954 mutari

728 1000 778 1050 in
825 998 1189 1064 quodcunque
1219 993 1473 1055 voluerit,
1511 1002 1567 1046 ut
1610 1008 1733 1046 cum
1777 993 1994 1056 animis,
2048 1008 2168 1062 qua:
2199 994 2312 1058 ipsa

727 1093 838 1143 sint
883 1090 1078 1156 dignm,
1137 1086 1518 1154 conjungatur.
1586 1084 1746 1152 Atqui
1801 1085 1934 1138 verti
2009 1085 2315 1152 mutarique

726 1194 905 1232 rerum
943 1186 1348 1244 procreatarum
1383 1173 1658 1241 preprium
1688 1181 1794 1226 est.
1837 1172 2107 1240 Quidquid
2170 1173 2313 1226 enim

725 1279 966 1323 creatum
1019 1276 1122 1327 est,
1157 1266 1206 1318 id
1243 1275 1297 1318 et
1327 1263 1587 1315 mutabile
1622 1273 1724 1316 est.
1753 1263 1885 1317 Nam
1921 1279 2042 1332 qua:
2075 1279 2104 1317 a
2147 1273 2314 1316 muta-

723 1367 867 1418 tione
898 1363 1170 1414 duxerunt
1222 1359 1459 1421 initium,
1492 1357 1544 1410 id
1587 1366 1702 1420 est,
1745 1371 1864 1424 qua:
1893 1372 1957 1409 ex
1991 1356 2161 1411 nihilo
2193 1371 2316 1424 pro-

724 1454 865 1507 fecta
892 1463 1045 1514 sunt,
1094 1466 1154 1502 ea
1213 1453 1370 1518 plane
1420 1447 1810 1502 mutationibus
1875 1449 2315 1516 corruptiOuique

723 1554 849 1599 sunt
878 1543 1135 1605 obnoxia,
1181 1552 1239 1593 ut
1280 1555 1400 1608 qua:
1439 1537 1637 1592 mundo
1682 1540 2053 1604 continentur,
2089 1548 2142 1594 et
2195 1555 2316 1608 quae

724 1638 1000 1706 proposito
1030 1643 1308 1687 mutantur
1341 1645 1396 1686 et
1425 1632 1719 1696 voluntate,
1738 1631 1924 1700 quales
1950 1641 2080 1686 sunt
2137 1634 2312 1703 angeli

726 1740 780 1782 et
813 1730 1028 1791 animtc,
1069 1735 1179 1777 ttnn
1219 1727 1286 1777 ad
1319 1723 1544 1786 bonum,
1599 1731 1709 1775 tum
1767 1721 1834 1775 ad
1897 1721 2117 1777 malum.
2174 1723 2318 1790 Quo-

725 1822 875 1874 niam
932 1828 1112 1872 autem
1144 1815 1286 1870 Deus
1319 1821 1538 1868 creatus
1575 1826 1683 1867 non
1711 1821 1816 1878 est,
1848 1820 1901 1869 et
1957 1813 2313 1870 immutabilis

2417 625 2516 679 τοῦ
2569 627 2808 692 ἀσεϐοῦς
2859 627 3054 680 τούτου
3110 628 3382 695 δόγματος
3433 631 3752 700 ἀνατροπὰς
3807 635 3864 686 ἐν
3914 635 3994 702 τῷ

2416 721 2794 788 προγραφέντι
2826 720 2980 772 κατὰ
3017 717 3138 772 τῶν
3159 721 3546 774 Σαϐελιανῶν
3567 724 3754 792 rit-itii,
3777 724 3872 777 καὶ
3900 724 3996 794 ζὴ-

2413 824 2581 877 τησον
2606 811 2721 862 ἐκεῖ
2749 810 2995 873 ταύτας.³

2484 901 2778 968 Λέγουσιν,
2807 901 2890 954 ὅτι
2920 901 3203 972 τρέπεται,
3227 904 3324 957 καὶ
3356 905 3754 972 μεταϐάλλεται
3789 906 3989 974 ῥαδέως

2413 995 2447 1062 ἠ
2481 993 2602 1046 Θεία
2633 993 2794 1062 φύσις
2825 993 2962 1063 πρὸς
2993 993 3021 1046 ὃ
3054 993 3121 1047 ἂν
3147 993 3413 1063 βούλοιτο,
3435 996 3523 1047 ἵνα
3549 1000 3835 1066 συγκραῡῇ
3868 1001 3992 1060 ταῖς

2415 1085 2592 1150 ἀξίαις
2623 1089 2760 1154 αὐτῇ
2800 1087 3023 1154 ψυχαῖς.
3053 1085 3159 1138 Καὶ
3195 1086 3301 1155 μὴν
3329 1086 3434 1139 τῶν
3462 1088 3698 1140 κτιστῶν
3732 1090 3764 1158 ἡ
3792 1092 3994 1159 τροπή.

2417 1181 2534 1232 Πᾶν
2567 1178 2677 1248 γὰρ
2733 1179 2953 1231 κτιστὸν
3009 1178 3108 1230 καὶ
3171 1180 3424 1245 τρεπτόν.
3458 1173 3559 1231 Ὧν
3612 1183 3720 1250 γὰρ
3746 1182 3805 1233 τὸ
3852 1175 3996 1235 εἶναι.

2418 1271 2526 1322 ἀπὸ
2554 1269 2768 1339 τροπῆς
2799 1268 3024 1338 ἤρξατο,
3076 1271 3359 1322 τουτέστιν
3407 1271 3514 1321 ἀπὺ
3551 1270 3643 1322 τοῦ
3700 1272 3778 1342 μὴ
3826 1268 3991 1335 eius,

2414 1361 2590 1414 ταῦτα
2619 1361 2838 1423 πάντως
2873 1364 2940 1430 τῇ
2972 1363 3155 1430 τροπῇ
3187 1361 3539 1414 ὑποκείσεται
3568 1363 3598 1432 ἢ
3628 1364 3990 1432 φθειρόμενα,

2417 1455 2494 1514 ὡς
2532 1453 2600 1505 τὰ
2626 1453 2923 1521 ὲγκόσμια,
2969 1453 3001 1520 ἢ
3036 1456 3176 1506 κατὰ
3225 1454 3550 1524 προαίρεσιν
3605 1454 3989 1520 ἀλλοιούμενα,

2416 1545 2493 1608 ὡς
2530 1544 2757 1612 άγγελοι
2789 1546 2884 1598 καὶ
2923 1546 3118 1614 ψυχαὶ,
3172 1545 3314 1597 κατά
3353 1562 3413 1597 τε
3445 1545 3542 1614 τὴν
3592 1549 3685 1598 ἐπὶ
3731 1547 3792 1598 τὸ
3830 1547 3998 1599 καλὸν

2421 1637 2733 1706 προκοπὴν,
2781 1638 2878 1688 καὶ
2904 1637 3005 1706 τὴν
3045 1637 3139 1689 ἐπὶ
3172 1637 3233 1689 τὸ
3264 1637 3434 1689 κακὸν
3467 1638 3706 1704 κίνησιν.
3755 1639 3908 1690 Ἐπεὶ
3939 1639 3996 1689 δὲ

2418 1731 2447 1782 ό
2469 1728 2601 1790 Θεὸς
2627 1729 2900 1790 άκτιστος,
2936 1729 3156 1791 πάντως
3195 1729 3291 1781 καὶ
3323 1729 3614 1799 ἄτρεπτος.
3648 1725 3749 1779 Ὧν
3796 1730 3902 1796 γάρ
3932 1728 3995 1780 τὸ

2417 1816 2561 1873 εἶναι
2604 1819 2872 1886 ἐναντίον,
2905 1819 3115 1873 τούτων
3145 1821 3239 1873 καὶ
3269 1822 3296 1872 ὁ
3348 1820 3446 1873 τοῦ
3490 1821 3610 1881 πῶς
3666 1815 3808 1872 εἶναι
3833 1820 3991 1886 λόγος

721 1923 806 1967 est
836 1908 1082 1965 omnino.
1115 1906 1362 1972 Quorum
1394 1903 1541 1958 enim
1601 1904 1840 1984 essentia
1894 1904 2310 1970 contraria'est,
2344 1878 2385 1935 Β
2413 1915 2466 1966 ιν

2248 1914 2310 1970 ιι,
2344 1878 2385 1935 Β
2413 1914 2682 1976 ἐναντίος,
2711 1914 2820 1966 Καὶ
2846 1878 2971 1966 παῦ’
3003 1913 3192 1983 ἕτερον
3220 1912 3276 1964 δὲ
3296 1913 3454 1980 λόγον
3493 1915 3526 1982 ἠ
3557 1878 3656 1982 μ-ὲν
3695 1912 3874 1984 τροπὴ

721 2017 911 2057 eorum
944 2008 998 2055 ει
1022 1997 1275 2054 essentia:
1334 1994 1578 2051 conditio
1641 1981 1915 2049 contraria
1968 2005 2072 2051 est.
2139 1997 2317 2065 Atque

723 2096 828 2149 alia
863 2093 1081 2162 quidem
1122 2089 1332 2144 ratione
1358 2087 1586 2141 mutatio
1614 2096 1792 2141 motus
1821 2097 1904 2141 est
1940 2101 2112 2157 genus
2151 2087 2316 2143 rebus

721 2190 1052 2244 rouveuicns
1119 2182 1464 2253 procreatis;
1534 2179 1677 2233 Deus
1737 2189 1922 2232 autem
1994 2189 2185 2232 natura
2235 2190 2320 2235 est

721 2281 1036 2344 immobilis,
1112 2273 1586 2347 prtcstantiorque,
1668 2287 1832 2340 quam
1898 2281 1958 2324 ut
2014 2271 2066 2324 in
2143 2273 2310 2325 ullum

718 2390 781 2427 cx
838 2373 944 2426 illis
987 2384 1081 2424 sex
1142 2375 1384 2421 motuum
1447 2363 1761 2432 generibus,
1839 2361 1905 2415 de
1953 2363 2150 2431 quibus
2200 2364 2314 2432 phi-

721 2466 928 2532 losoplti
979 2465 1280 2532 disptttant,
1322 2458 1501 2521 cadat,

2412 2005 2618 2075 νήσεως
2654 1999 2797 2068 εἶδός
2825 2006 2965 2070 ἐστι,
3003 2007 3367 2075 προσήκουσα
3396 2007 3508 2066 τοῖς
3542 2008 3778 2066 κτιστοίς
3804 2022 3820 2037 ·
3872 2007 3900 2057 ὁ
3933 2005 3992 2057 δὲ

2411 2091 2545 2153 Θεὸς
2583 2093 2725 2146 κατὰ
2754 2095 2918 2163 φύσιν
2949 2094 3208 2163 ἀκίνητός
3241 2095 3378 2156 ἐστι,
3417 2096 3509 2146 καὶ
3541 2095 3684 2163 ὑπὲρ
3716 2095 3812 2164 τὴν
3841 2096 3993 2162 παρὰ

2423 2186 2540 2247 τοῖς
2556 2185 2870 2254 φιλοσόφοις
2891 2187 3055 2256 ἐξαχῆ
3079 2187 3320 2254 κίνησιν,
3345 2187 3416 2248 ὡς
3439 2189 3638 2249 ἄποσος
3664 2189 3756 2239 καὶ
3777 2188 3989 2252 ἄποιος,

2411 2277 2556 2327 κατά
2584 2293 2644 2326 τε
2683 2279 2860 2348 ἀρχὴν
2887 2281 2981 2331 καὶ
3007 2278 3182 2340 τέλος.
3210 2278 3271 2330 Εἰ
3296 2278 3347 2329 ae
3372 2278 3640 2349 ἄτρεπτος
3663 2277 3802 2328 κατᾶ
3826 2277 3990 2344 φύσιν

2413 2369 2440 2419 ὁ
2475 2367 2628 2431 Θεὸς,
2661 2369 2878 2433 πάντως
2901 2373 2996 2422 καὶ
3024 2370 3421 2440 ἁμετάδ).τ,τος.

1585 2456 1784 2524 quippe
1853 2455 1944 2525 qui
2009 2458 2331 2523 quantitatis
2405 2469 2459 2513 et
2521 2463 2797 2529 qualitatis
2857 2473 2941 2516 est
2996 2478 3227 2532 expers,
3311 2475 3364 2516 et
3438 2463 3678 2517 inﬁnitus
3727 2475 3988 2532 quantum

717 2560 782 2614 ad
823 2557 1144 2627 principium
1198 2553 1469 2619 finemque
1516 2550 1771 2618 pertinet.
1822 2548 1976 2614 Quod
2024 2550 2069 2604 si
2112 2549 2404 2606 immobilis
2443 2563 2527 2609 est
2579 2565 2772 2610 natura
2811 2556 2988 2623 Deus,
3022 2569 3073 2611 et
3114 2557 3463 2611 immutabilis
3488 2557 3729 2628 oumino.

789 2653 987 2704 Dicunt
1051 2660 1236 2702 semen
1318 2655 1370 2697 ct
1438 2641 1679 2695 Verbum
1745 2642 1797 2696 in
1873 2641 1971 2695 Dei
2021 2640 2317 2697 Genitricis

717 2756 928 2798 uterum
962 2738 1324 2794 descendisse.
1359 2734 1549 2789 Procul
1595 2733 1871 2802 rejiciatur
1908 2732 2122 2786 nefaria
2178 2734 2315 2786 isto-

717 2852 836 2890 rum
907 2836 1173 2900 impietas,
1266 2844 1497 2898 quorum
1557 2841 1736 2881 sermo
1801 2841 1930 2880 vere
1990 2839 2173 2881 semen
2229 2834 2316 2880 est

727 2927 948 2990 diaboli,
1001 2925 1146 2993 quod
1185 2923 1236 2974 in
1279 2921 1491 2974 anilitas
1521 2920 1759 2988 ipsorum
1803 2917 2006 2972 cadens
2039 2919 2182 2986 COgil
2215 2932 2311 2970 eos

723 3022 827 3074 tale
867 3033 1128 3073 venenum
1179 3013 1472 3067 effundere.
1518 3011 1812 3078 Cujusuam
1863 3024 2069 3073 semen,
2115 3016 2172 3063 ut
2205 3009 2306 3076 ipsi

2488 2650 2781 2718 Λέγουσιν,
2807 2650 2888 2703 ὅτι
2929 2651 3157 2720 σπέρμα
3188 2649 3283 2703 καὶ
3311 2651 3482 2717 Λόγος
3531 2650 3726 2702 ἔπεσεν
3753 2652 3846 2704 ἐπὶ
3889 2651 3992 2724 τὴν

2413 2743 2579 2813 νηδὺν
2601 2744 2698 2813 τῆς
2716 2745 3087 2813 θεομήτορος.
3112 2745 3331 2812 ’Ἄπαγε
3365 2746 3462 2814 τῆς
3491 2746 3726 2814 ἐσχάτης
3754 2745 3995 2815 βλασφη-

2415 2841 2566 2906 μίας.
2603 2833 2665 2888 '0
2702 2835 2860 2902 λόγος
2885 2837 3066 2888 αὐτῶν
3101 2829 3260 2900 οὗτος
3316 2837 3409 2889 τοῦ
3449 2837 3702 2889 διαϐόλου
3767 2840 3994 2906 σπέρμα

2412 2926 2583 2989 ὄντως
2613 2928 2752 2989 ἐστὶ,
2783 2927 2875 2978 καὶ
2905 2927 3025 2988 ταῖς
3067 2927 3271 2996 ψυχαῖς
3313 2928 3494 2979 αὐτῶν
3521 2928 3785 2996 ἐμπεσὸν,
3820 2931 3962 2994 αναγ
3981 2961 3994 2968 -

2417 3019 2576 3080 κὰζει
2627 3018 2856 3082 τούτους
2913 3021 3096 3086 ἐκχεῖν
3131 3019 3377 3071 τοιοῦτον
3435 3021 3532 3072 ἰόν.
3587 3021 3746 3083 Τίνος
3799 3022 3903 3092 γὰρ
3931 3022 3995 3072 τ’)

721 3120 1001 3179 nugantur
1055 3105 1348 3176 (propitius
1379 3103 1533 3156 nobis
1569 3103 1640 3155 sit
1685 3100 1961 3163 Christus,
2016 3111 2072 3154 et
2119 3100 2311 3154 castis—
2342 3127 2382 3181 ο
2421 3127 2466 3160 σε

2250 3104 2311 3153 lS-
2342 3127 2382 3181 ο
2421 3108 2644 3179 σπέρμα
2676 3111 2736 3160 τὸ
2762 3112 2827 3179 τῇ
2861 3109 3170 3179 παρθενικῇ
3203 3111 3382 3178 νηδύϊ,
3415 3110 3598 3173 καθὼς
3645 3112 3799 3164 αὐτοὶ
3827 3111 3995 3180 φλυα-

717 3206 852 3257 sima
877 3198 1292 3266 Zilateripsiusl)
1329 3194 1573 3249 cedidit?
1611 3192 1966 3248 liumiuisne?
2004 3193 2222 3246 Minime
2262 3192 2314 3246 id

730 3301 937 3355 dicunt,
971 3312 1093 3349 cum
1139 3294 1239 3361 ipsi
1277 3304 1493 3360 quoque
1544 3281 1808 3358 virginem
1834 3289 2040 3344 Christi
2088 3289 2315 3343 Matrem

722 3390 1016 3442 fateantur.
1069 3386 1151 3436 Au
1185 3383 1349 3438 cceli?
1387 3382 1460 3436 At
1514 3381 1616 3433 hoc
1648 3378 1692 3432 si
1747 3377 2009 3442 dixerint,
2080 3395 2318 3449 Oppone-

723 3498 840 3533 mus
883 3480 988 3531 illis
1031 3496 1092 3529 ea
1123 3491 1245 3545 qua:
1280 3476 1541 3526 adversus
1569 3472 1712 3536 illos,
1745 3472 1836 3539 qui
1887 3471 2088 3525 Christi
2133 3473 2314 3526 ortum

720 3591 782 3625 ex
832 3573 1050 3640 Virgine
1091 3578 1289 3638 negant
1334 3566 1687 3632 exstitisse,et
1719 3565 1937 3618 cceleste
1997 3563 2161 3617 fuis:e
2193 3581 2318 3618 cor-

718 3681 820 3731 pus
891 3665 1058 3732 ipsius
1131 3661 1421 3723 allirmaut,
1486 3656 1917 3719 elaboravimus,
1983 3668 2038 3709 et
2085 3662 2318 3724 septimo

715 3757 893 3826 capite
951 3756 1094 3810 illius
1157 3754 1335 3814 tituli,
1395 3751 1486 3818 qui
1552 3758 1634 3802 est
1690 3747 1943 3798 adversus
2014 3749 2317 3811 Armenios,

719 3855 1094 3915 continentur,
1144 3861 1199 3904 et
1257 3850 1308 3902 iu
1364 3848 1542 3915 capite
1629 3845 1696 3897 de
1749 3843 1840 3896 Dei
1903 3842 2199 3911 Genitrice,
2265 3858 2320 3902 et

712 3961 833 4013 qua:
873 3942 1129 4010 deinceps
1164 3946 1463 4008 sequuntur
1519 3937 1570 3988 in
1631 3935 1786 3987 titulo
1836 3934 2103 3989 Adversus
2168 3934 2314 3988 Pau-

712 4040 957 4100 licianos,
1006 4035 1202 4104 quibus
1243 4033 1295 4087 iu
1345 4033 1480 4087 locis
1515 4031 1770 4104 impietas
1825 4033 2062 4087 istorum
2128 4039 2316 4097 aperte

624 4149 625 4152 ‘
715 4128 1059 4185 confutatur.

791 4396 1004 4468 Negant
1050 4397 1301 4451 divinum
1338 4396 1668 4468 baptismum
1714 4412 1870 4466 posse
1903 4397 2116 4453 radices
2166 4397 2314 4454 evel-

2421 3201 2626 3268 ροῦσιν,
2653 3202 2898 3267 ἐμπεσόν
2931 3218 2944 3266 ;
2995 3202 3130 3253 Ἀλλ’
3183 3203 3340 3263 ἵλεως
3377 3205 3508 3271 ἡμῖν
3545 3206 3637 3254 καὶ
3691 3206 3717 3254 ό
3756 3202 3997 3270 Χριστὶς

2418 3293 2527 3360 εἴη,
2566 3295 2664 3344 καὶ
2698 3293 3142 3363 ἡπανάχραντος
3187 3295 3352 3347 αὑτοῦ
3386 3295 3610 3364 Μήτηρ.
3681 3294 3998 3364 ’Δνορώπου

2421 3384 2520 3453 μὲν
2550 3385 2656 3452 γὰρ
2704 3384 2880 3435 εἰπεῖν
2914 3387 3015 3436 οὐκ
3072 3385 3138 3438 ἂν
3177 3387 3374 3454 ἔχοιεν.
3435 3388 3708 3453 ιιαρηένον
3755 3391 3864 3456 γὰρ
3905 3405 4000 3438 κα.

2420 3478 2576 3536 αὐτοὶ
2630 3476 2836 3545 ταύτην
2869 3479 3255 3546 ὁμολογοῦσιν.
3317 3479 3582 3545 Οὐράνιον
3617 3479 3668 3530 δὲ
3702 3482 3899 3547 εἰπεῖν,
3949 3481 4000 3530 εἰ

2417 3569 2787 3637 τολμήσουσιν
2826 3569 2976 3632 αὐτὸ,
3041 3571 3407 3638 ἀντιθήσομεν
3439 3575 3625 3633 αὐτοῖς
3677 3572 3773 3639 τὴν
3825 3589 4002 3639 πονη-

2421 3662 2608 3712 θεῖσαν
2639 3663 2772 3728 ἡμῖν
2797 3662 3114 3731 ἀνατροπὴν
3140 3663 3247 3714 τῶν
3277 3663 3613 3715 ἀθετούειτων
3640 3664 3735 3732 τὴν
3760 3666 3822 3715 ἐκ
3851 3666 3892 3716 Π
3912 3668 3998 3732 τρ-

2421 3751 2576 3803 θένου
2613 3751 2865 3820 γέννησιν
2893 3751 2987 3803 τοῦ
3021 3751 3281 3820 Χριστοῦ,
3318 3754 3410 3804 καὶ
3445 3755 3702 3824 οὐράνιον
3738 3753 3904 3804 αὑτοῦ
3939 3754 4000 3804 τὸ

2422 3843 2583 3912 σῶμα
2615 3842 2949 3911 ληρούντων,
2999 3843 3120 3912 ἥτις
3147 3844 3374 3912 ἕϐδομόν
3418 3847 3534 3897 ἐστι
3574 3848 3871 3913 κεφαλαιο)
3906 3846 3998 3896 τοῦ

2415 3934 2570 3987 κατὰ
2607 3933 2937 4002 Ἀρμενίων
2964 3933 3169 3997 τίτλον,
3222 3935 3676 4004 παραπέμπουεα
3731 3938 3823 3984 καὶ
3863 3939 4001 4003 πρὶς

2415 4026 2475 4079 τὸ
2503 4027 2631 4096 περὶ
2661 4027 2756 4094 τῆς
2785 4025 3050 4078 Θεοτόκου
3084 4026 3401 4093 κεφάλαιον,
3435 4030 3526 4078 καὶ
3561 4029 3622 4078 τὺ
3651 4027 3773 4095 ἑξῆς
3804 4026 3996 4086 αὑτοῦ,

2421 4116 2651 4185 κείμενα
2696 4116 2755 4167 ὲν
2797 4114 2876 4184 τῷ
2929 4114 3083 4167 κατὰ
3129 4112 3247 4166 τῶν
3315 4115 3742 4168 Παυλικιὰνων
3810 4117 3998 4185 τίτὶῳ,

2417 4207 2514 4259 καὶ
2560 4205 2753 4275 σαφῶς
2819 4204 3126 4273 ἐλέγχοντα
3190 4203 3292 4275 τὴν
3347 4203 3610 4258 ἀσέϐειαν
3674 4205 3784 4257 τῶν
3824 4206 3998 4268 οὕτως

2419 4299 2678 4370 ἑχόντων.

2489 4392 2784 4460 Λέγουσιν,
2820 4390 2903 4444 ὅτι
2941 4389 3002 4442 τὺ
3049 4389 3196 4441 θεῖον
3229 4387 3512 4458 βάπτισμα
3544 4388 3642 4450 τὰς
3679 4388 3836 4457 ῥίζας
3890 4389 4003 4440 τιτν

712 4502 822 4545 tere
866 4501 1239 4559 peccatorum.
1285 4489 1390 4543 Sed
1418 4489 1682 4546 Dominus
1726 4499 1910 4546 noster
1960 4487 2121 4544 Jesus
2157 4490 2316 4544 Chri-
2348 4475 2392 4531 Ῑ)
2421 4483 2456 4538 ά

2254 4492 2316 4544 τί-
2348 4475 2392 4531 D
2421 4483 2840 4553 ἁμαρτημάτων
2861 4482 3118 4552 άνασπᾷν
3145 4480 3206 4532 οὐ
3231 4479 3476 4533 δύναται.
3507 4480 3642 4548 Φησὶ
3671 4479 3725 4531 δὲ
3747 4481 3775 4531 ὁ
3797 4481 3999 4550 Κύριος

711 4594 829 4640 rtus
861 4585 938 4636 ait
975 4599 989 4634 :
1029 4582 1150 4636 Nisi
1186 4582 1303 4650 quis
1342 4591 1555 4636 renatus
1601 4581 1761 4652 fuerit
1799 4599 1864 4636 e1:
1900 4599 2062 4652 aqua,
2100 4591 2151 4636 et
2189 4581 2311 4650 Spi-

712 4678 821 4730 ritu
866 4685 1072 4741 sancto,
1103 4690 1206 4725 non
1238 4673 1460 4726 intrabit
1523 4675 1580 4726 in
1636 4691 1856 4744 regnum
1901 4674 1995 4726 Dei
2023 4676 2060 4728 ¹.
2127 4667 2315 4741 Itaque

713 4787 836 4823 cum
903 4768 1040 4836 ignis
1073 4768 1290 4819 divinus
1352 4766 1690 4833 sil-Spiritus
1721 4780 1965 4833 sanctus,
2001 4783 2123 4820 nam
2172 4776 2223 4820 et
2260 4768 2312 4819 iu

710 4865 894 4932 specie
981 4863 1266 4930 iguearum
1363 4860 1682 4927 linguarum
1770 4877 1932 4930 super
2019 4861 2314 4931 discipulos

710 4957 1009 5017 descendit,
1065 4955 1129 5008 de
1196 4969 1308 5022 quo
1362 4961 1417 5006 et
1473 4951 1789 5007 Praecursor
1851 4951 2064 5007 dicebat
2121 4954 2312 5016 turbis,

709 5047 915 5099 Christi
963 5045 1262 5099 testificatus
1305 5044 1686 5099 excellentiam
1721 5061 1736 5099 :
1772 5042 1874 5097 Ille
1902 5062 1988 5098 vos
2020 5046 2313 5112 baptizabit

710 5143 764 5192 in
829 5139 1032 5206 Spiritu
1073 5151 1283 5204 sancto,
1342 5149 1392 5194 et
1441 5141 1558 5209 igne
1585 5140 1626 5202 ⁸,
1683 5138 2139 5205 quemadmodum
2176 5138 2315 5208 ignis

709 5233 961 5287 sensibus
1013 5233 1314 5302 expositus,
1359 5232 1401 5285 si
1435 5232 1626 5284 silvam
1675 5230 1920 5298 corripit,
1960 5230 2138 5284 omnia
2164 5247 2314 5290 cont-

710 5325 887 5390 burit,
945 5341 1066 5397 quzc
1105 5335 1241 5379 sunt
1275 5339 1443 5393 super
1496 5305 1700 5377 faciem
1743 5332 1920 5387 terrae,
1994 5331 2048 5378 ει
2103 5323 2314 5378 radices

708 5420 972 5484 exsiccet,
1033 5428 1086 5474 et
1147 5418 1322 5474 locqu
1383 5431 1414 5471 a
1473 5416 1730 5471 sordibus
1790 5417 2209 5486 expurgat;sic
2257 5426 2310 5472 et

710 5511 949 5582 Spiritus
1007 5522 1252 5576 sanctus,
1311 5525 1376 5566 ac
1432 5510 1601 5564 multo
1655 5511 1819 5565 etiam
1879 5511 2050 5580 magis
2109 5529 2122 5564 :
2170 5512 2310 5582 ignis

707 5603 852 5654 enim
896 5614 978 5657 est
1010 5617 1339 5658 consumens
1383 5601 1685 5670 nequitiam
1750 5615 1941 5655 eorum
1992 5603 2081 5671 qui
2133 5602 2307 5670 bapti-

707 5705 922 5749 zantur.
952 5693 1061 5750 Has
1090 5699 1234 5752 enim
1270 5695 1511 5751 arbitror
1544 5698 1612 5749 ab
1649 5695 1768 5750 istis
1801 5695 2012 5749 radices
2046 5707 2300 5765 peccato-

783 5875 984 5932 'Joau.
1023 5891 1107 5943 tu,
1150 5878 1200 5930 5.
1287 5878 1304 5908 '
1339 5875 1479 5932 Luc.
1516 5894 1595 5943 ill,
1645 5878 1733 5932 16.

2417 4577 2579 4646 ἡμῶν
2623 4576 2829 4642 Ίησιῦς
2855 4576 3115 4644 Χριστὸς.
3153 4576 3235 4626 ὅτι
3290 4573 3431 4626 Ἐὰν
3478 4572 3562 4641 μή
3592 4590 3682 4637 τις
3735 4574 4002 4640 γεννηθῂ

2419 4669 2496 4722 δι’
2546 4667 2766 4731 ὓδατος
2825 4668 2927 4720 καὶ
2981 4668 3355 4734 Πνεύματος,
3395 4667 3468 4717 οὐ
3503 4666 3583 4732 μὴ
3641 4663 3885 4729 εισέλθῃ
3916 4667 4004 4730 εἰς

2417 4760 2535 4829 τὴν
2561 4760 2900 4824 ,βασιλείαν
2961 4762 3070 4814 τοῦ
3125 4757 3298 4814 Θεοῦ.
3356 4756 3510 4809 Ἐπεὶ
3542 4756 3597 4809 δὲ
3630 4755 3774 4808 θεῖον
3804 4754 3914 4826 πῦρ
3941 4758 4005 4808 τὸ

2419 4853 2649 4922 Πνεῦμα
2682 4857 2744 4907 τὸ
2775 4853 2936 4921 ἅγιον
2963 4869 2976 4884 ”
3037 4854 3132 4905 καὶ
3181 4852 3290 4922 γὰρ
3323 4851 3417 4903 καὶ
3449 4853 3506 4903 ὲν
3569 4851 3700 4902 εῖδει
3756 4849 4005 4919 πυρίνων

2417 4947 2682 5015 γλωσσῶν
2709 4947 2983 5017 κατῆλθεν
3027 4947 3125 4999 ἐπὶ
3156 4949 3286 5010 τοὺς
3325 4943 3594 5014 μαθητὰς.
3636 4943 3768 5012 περὶ
3809 4936 3872 4995 οὗ
3907 4944 4003 4996 καὶ

2416 5039 2444 5092 ὁ
2473 5039 2786 5109 Ιιρόδρομος
2820 5037 2974 5106 ἔλεγε
3003 5038 3117 5099 τοῖς
3145 5035 3324 5105 ὀχλοσς
3350 5034 3646 5104 μαρτυρῶν
3673 5035 3749 5104 τῷ
3776 5037 4003 5104 Χριστῷ

2415 5130 2477 5182 τὸ
2537 5130 2880 5200 ὑπερφερὲς,
2942 5129 3025 5181 ὅτι
3074 5128 3342 5192 Ἐκεῖνος
3386 5125 3540 5194 ὑμᾶς
3598 5128 3891 5191 ,ϐαπτίσει
3936 5129 4004 5178 ἐν

2414 5225 2719 5295 Πνεύματι
2760 5226 2905 5292 ἁγίῳ
2938 5224 3033 5277 καὶ
3071 5224 3217 5290 πυρί
3238 5240 3249 5252 ·
3288 5221 3478 5292 ὥσπερ
3509 5222 3566 5275 τὸ
3597 5223 3855 5290 αἰσθητὸν
3888 5220 4003 5288 πῦρ

2415 5318 2815 5388 ἐπιλαϐόμενον
2843 5315 3236 5386 ὑλομανοῦντος
3279 5316 3503 5385 χωρίου,
3541 5315 3609 5367 τὰ
3646 5315 3746 5384 μὲν
3784 5317 3877 5366 ἐπὶ
3903 5314 4001 5365 τ’μῦ

2413 5411 2714 5483 προσώπου
2741 5411 2842 5479 τῆς
2869 5411 2972 5480 γῆς
2996 5412 3177 5463 πάντα
3222 5410 3580 5479 καταφλέγει,
3612 5410 3708 5473 τὰς
3738 5410 3794 5463 δὲ
3845 5408 4001 5477 ῥίζας

2411 5504 2623 5558 τούτων
2655 5501 3042 5572 ἀποξηραίνει,
3093 5503 3188 5555 καὶ
3245 5502 3490 5569 καθαρὸν
3537 5503 3638 5572 τῆς
3693 5504 3758 5554 ὲκ
3792 5501 4004 5554 τούτων

2413 5599 2592 5670 λύμης
2623 5595 2923 5668 ἐργάζεται
2950 5598 3010 5650 τὸ
3062 5597 3298 5668 χωρίον’
3351 5597 3500 5651 οὕτω
3537 5598 3630 5650 καὶ
3685 5597 3746 5648 τὸ
3773 5596 4002 5666 Πνεῦμα

2413 5692 2476 5746 τὸ
2514 5693 2692 5760 ἅγιον,
2739 5691 2942 5761 μᾶλλον
2981 5690 3038 5744 δὲ
3096 5690 3280 5761 πολλῷ
3337 5691 3521 5746 πλέον.
3552 5690 3668 5760 Πῦρ
3719 5690 3831 5762 γάρ
3882 5692 4001 5743 ἐστι
