4420 6462
388 381 518 444 12ἳῖ

1233 388 1611 446 ΡΛΝΟΡΜΑ
1653 383 2115 452 ΒΟΟΠΑΤΙΕΑ.
2155 418 2221 428 -
2264 397 2412 456 ΤΙΤ.
2458 399 2664 462 XXVI.

3489 405 3625 472 i278

385 498 777 551 καταναλίσκον
836 497 932 568 τὴν
997 498 1303 565 μοχθηρίαν
1354 500 1462 550 τῶν
1505 499 1945 568 βαπτιζομένων.
1979 511 2020 563 Α
2052 519 2130 556 rnt

1882 519 1945 554 ιν.
1979 511 2020 563 Α
2052 519 2167 556 rum
2194 507 2521 562 existimari.
2574 511 2724 575 Quod
2782 513 2826 565 si
2877 524 2931 566 et
2982 528 3117 580 aqua
3163 523 3352 579 purgat
3408 530 3627 569 onnnuo

384 588 477 637 xu".
522 587 627 637 τῶν
658 586 910 654 πονηρῶν
945 586 1113 650 ἕξεων
1161 589 1537 654 ἀφανιστικόν.
1599 587 1812 650 Ταύτας
1844 589 1951 654 γάρ

383 670 540 741 οἶμαι
581 675 738 742 ῥίζας
768 676 876 725 τῶν
906 676 1327 742 ἁμαρτημάτων
1379 677 1620 737 ἐκείνους
1646 677 1851 744 λέγειν.
1891 678 1954 729 Et

383 766 437 816 δὲ
478 767 650 817 καὶτὸ
688 765 832 834 ὕδωρ
866 767 1119 835 καθαίρει
1148 767 1427 828 παντελῶς
1465 768 1531 818 τὰ
1578 766 1808 835 σώματα
1843 768 1954 820 τῶν

383 857 704 924 ἀνθρώπων,
740 858 820 921 τίς
851 859 1154 928 ἀμφιϐαλεῖ
1204 861 1331 928 περὶ
1356 858 1448 910 τοῦ
1506 860 1662 924 ἁγίου
1697 860 1950 927 Πνεύμαο

384 965 495 1009 τος,
527 950 599 1010 ὡς
623 950 723 1001 οὐκ
752 952 1097 1019 ἀσυγκρίτως
1123 951 1284 1002 πλέον
1315 951 1678 1017 ἀποκαθαίρει
1707 951 1773 1002 τά
1808 951 1956 1016 στίγ-

390 1057 556 1106 ματα,
591 1044 683 1092 καὶ
724 1042 819 1101 τὰς
874 1042 1122 1108 κηλῖδας,
1168 1043 1263 1093 καὶ
1312 1044 1438 1102 τοὺς
1492 1041 1801 1109 μολυσμοῦς
1849 1041 1956 1093 τῶν

387 1132 574 1200 ψυχῶν
608 1149 622 1194 ;
662 1135 767 1182 Καὶ
796 1133 855 1184 οῦ
889 1132 1143 1201 καθαίρει
1173 1133 1353 1201 μόνον,
1394 1131 1527 1183 ἀλλά
1578 1133 1671 1183 καὶ
1703 1131 1959 1199 λαμπρύ-

390 1237 500 1274 νει·
543 1224 662 1274 eoas
694 1223 1006 1291 λαμπρύνει
1069 1224 1252 1291 μόνον,
1323 1223 1458 1275 ἀλλά
1496 1225 1587 1274 καὶ
1615 1223 1760 1273 θείου
1798 1222 1957 1290 χαρί-

2053 609 2280 663 corpora
2317 598 2620 662 hominum,
2650 603 2769 668 quis
2803 603 3011 656 dubitet
3045 604 3172 672 quin
3223 604 3457 672 Spiritus
3501 621 3630 657 San-

2052 695 2170 738 ctus
2215 687 2384 742 multo
2413 691 2586 758 magis
2620 693 2738 745 sine
2771 695 2876 744 ulla
2903 697 3303 761 comparatione
3327 697 3628 754 cicatrices.

2053 783 2104 824 et
2137 777 2395 840 maculas,
2419 790 2474 831 et
2509 783 2701 834 sordes
2732 784 3031 835 animarum
3054 795 3312 852 expurget
3336 800 3396 835 ac
3421 787 3631 836 deleat?

2053 862 2239 931 Neque
2289 867 2461 920 solmn
2503 883 2767 939 expurget
2811 884 2864 926 ct
2907 875 3105 936 deleat,
3144 891 3326 926 verum
3367 877 3527 925 etiam
3568 876 3628 925 il-

2055 953 2290 1023 lustret;
2331 975 2430 1012 nec
2461 961 2688 1016 illustret
2726 969 2904 1027 modo,
2962 969 3052 1019 sed
3093 982 3311 1017 munera
3355 966 3630 1027 largiatur,

2058 1055 2114 1097 ιιι
2143 1046 2338 1102 docent
2361 1055 2610 1119 apostoli,
2642 1058 2693 1108 in
2734 1059 3027 1125 primisque
3058 1058 3256 1110 Paulus
3290 1060 3338 1109 in
3373 1058 3628 1108 distribu-

2061 1138 2297 1193 tionibus
2318 1145 2613 1209 gratiarum
2655 1146 2892 1214 Spiritus
2921 1151 3116 1212 sancti,
3164 1151 3359 1217 quibus
3397 1150 3635 1201 alliciun-

2062 1237 2149 1280 tttr
2175 1231 2252 1283 illi
2282 1234 2372 1298 qui
2409 1236 2771 1303 haplizantur.

394 1332 605 1383 σματος
640 1316 805 1378 ἀξιοῖ,
831 1314 1013 1377 καθὼς
1052 1316 1397 1367 διδάσκουσιν
1447 1317 1495 1365 οί
1531 1315 1842 1373 ἀπόστολοι,
1878 1316 1973 1367 καὶ
1999 1318 2232 1386 μάλιστα
2290 1326 2500 1389 Παῦλος
2533 1331 2588 1379 ἐν
2622 1334 2740 1392 ταῖς
2784 1332 3088 1402 διαιρέσεσι
3153 1335 3264 1384 τῶν
3320 1334 3415 1384 τοῦ
3483 1335 3635 1398 ἁγίου

389 1407 704 1472 Πνεύματος
731 1407 1109 1474 χαρισμάτων,
1143 1404 1178 1457 ἂ
1211 1407 1322 1467 τοῖς
1355 1405 1774 1474 βαπτιζομένοις
1814 1409 2224 1476 ἐπεμερίζοντο.

457 1498 624 1548 Φασὶν
654 1495 886 1548 ἕκαστον
915 1497 1027 1548 τῶν
1062 1498 1400 1564 τικτομένων
1442 1498 1646 1548 παίδων
1679 1498 1860 1548 ’ἐλκειν
1893 1500 1958 1550 ὲκ

387 1585 481 1637 τοῦ
520 1586 864 1655 προπάτορος
898 1586 1090 1652 Ἀδὰμ,
1127 1587 1316 1655 ὥσπερ
1340 1588 1436 1654 τὴν
1482 1585 1665 1651 φύσιν,
1713 1585 1853 1638 οὕτω
1894 1588 1958 1656 δὴ

393 1676 490 1724 καὶ
521 1675 617 1741 τὴν
653 1674 790 1742 πρὸς
837 1675 964 1735 τοὺς
1011 1675 1273 1742 δαίμονας
1305 1675 1599 1738 δουλείαν,
1635 1677 1729 1727 καὶ
1767 1664 1960 1728 συνουὲ

2138 1507 2300 1559 Aiun‘t
2356 1524 2549 1575 pueros
2589 1527 2777 1566 omnes
2827 1515 2916 1582 qui
2984 1526 3304 1578 nascuntur,
3363 1518 3574 1568 lraltt'rc
3611 1534 3636 1568 a

2067 1595 2243 1660 primo
2273 1609 2499 1664 parente
2538 1603 2708 1654 Adam
2755 1614 2810 1657 ut
2843 1617 3115 1669 naturam,
3149 1608 3226 1659 sic
3252 1610 3412 1660 etiam
3471 1610 3641 1661 servi-

2070 1693 2237 1738 tutem
2271 1703 2395 1742 cum
2435 1691 2791 1758 daemonibus,
2820 1707 2872 1749 et
2908 1714 3031 1751 cum
3068 1708 3262 1750 natura
3293 1699 3637 1764 conjuncmm

395 1768 664 1834 σιωμένον
717 1766 907 1836 φέρειν
950 1766 1182 1834 δαίμονα
1239 1767 1595 1820 συνοικοῦντα
1637 1767 1834 1838 τούτῳ,
1867 1769 1961 1820 καὶ
1996 1825 2033 1878 Β
2067 1776 2140 1828 dm

399 1859 663 1878 _.,,L_r_4.-
699 1857 801 1878 l,,_,
831 1876 889 1878 ,η
961 1859 1235 1878 )1‘,,,_,9,
1281 1861 1328 1878 ελ
1370 1861 1454 1878 ,,,,\
1495 1859 1542 1878 Al
1584 1859 1629 1878 ..ν
1689 1877 1699 1878 γ
1772 1859 1929 1878 ΛΡᾼΑγ

1895 1769 2365 1878 ιαὶϐιιαξιηοηειιι
2445 1797 2630 1836 secum
2709 1789 3137 1852 coliabitantcm,
3205 1800 3257 1842 et
3319 1802 3640 1857 potestatem

397 1857 916 1923 κατεξουσιάζοντα,
954 1859 1237 1910 ἀδυνατεῖν
1275 1861 1330 1910 δὲ
1367 1861 1462 1911 καὶ
1489 1859 1552 1910 τὸ
1582 1859 1738 1926 ἀγιον
1771 1859 1964 1929 βάπτι-

394 1966 528 2017 σμα,
585 1951 678 2001 καὶ
731 1951 912 2001 πᾶσαν
959 1949 1126 2018 ἄλλην
1179 1949 1466 2017 θειοτάτην
1525 1951 1788 2020 ἐργασίαν
1825 1951 1961 2019 πρὸς

393 2041 656 2091 ἀπέλασιν
685 2041 872 2101 αὑτοῦ,
905 2042 1071 2109 μόνην
1100 2041 1155 2092 δὲ
1190 2041 1378 2091 τοῦτον
1408 2041 1630 2104 ἐξωθεῖν
1654 2043 1753 2108 τὴν
1781 2044 1964 2094 ἐπιτε-

391 2134 633 2202 ταμένην
661 2135 754 2184 καὶ
804 2134 1100 2185 σπουδαέαν
1136 2135 1303 2202 εὐχὴν
1335 2135 1422 2187 διὰ
1455 2136 1552 2202 τῆς
1605 2133 1696 2186 τοῦ
1729 2135 1962 2203 εὐχομέ-

393 2243 484 2278 νου
514 2226 806 2295 χρέμψεώς
824 2244 881 2277 τε
901 2228 993 2278 καὶ
1017 2226 1397 2287 ἀποπτύσεως.
1429 2227 1632 2278 Τούτου
1664 2226 1718 2278 δὲ
1753 2225 1960 2278 ἀπελα-

393 2319 597 2381 θέντος,
644 2321 930 2387 ἐπιφοιτᾷν
977 2318 1253 2386 αἰιθητῶς
1283 2320 1374 2369 καὶ
1399 2318 1608 2387 ὁρατῶς
1637 2319 1695 2368 τὸ
1738 2318 1960 2387 Πνεῦμα

391 2411 452 2462 τὸ
480 2411 635 2476 ἅγιον
687 2412 788 2478 τὴν
827 2412 1035 2461 οἰκείαν
1099 2411 1408 2477 παρουσίαν
1458 2413 1748 2478 σημαῖνον,
1782 2409 1878 2460 καὶ
1906 2409 1966 2460 τὸ

396 2501 553 2569 σῶμα
597 2503 695 2570 τῆς
735 2501 844 2552 τῶν
905 2500 1095 2558 παθῶν
1147 2504 1414 2570 κινήσεως
1470 2499 1821 2570 ἐλευθεροῦν,
1873 2504 1968 2553 καὶ

393 2594 664 2647 ἀπάθειαν
710 2592 1091 2663 χαριζόμενον,
1142 2595 1215 2656 ὡς
1276 2595 1475 2663 μηκέτι
1520 2594 1732 2644 δεῖσθαι
1780 2593 1968 2646 λοιπὸν

402 2686 541 2754 μήτε
567 2686 821 2754 νηστείας
858 2686 1158 2753 πιεζούσης
1205 2685 1265 2738 τὸ
1323 2687 1507 2754 σῶμα,
1538 2687 1678 2754 μήτε
1709 2686 1970 2738 διδασκα-

395 2777 512 2839 λίας
545 2777 893 2848 χαλινούσης,
925 2779 1017 2831 καὶ
1042 2779 1249 2848 βαίνειν
1289 2779 1529 2832 εῦτακτα
1580 2779 1967 2848 παιδευούσης.

397 2870 473 2921 Οὐ
499 2870 655 2923 τοῦτο
678 2871 734 2923 δὲ
769 2870 951 2938 μόνον,
982 2871 1121 2923 ἀλλά
1151 2872 1242 2924 τὸν
1275 2873 1371 2940 τῆς
1404 2872 1666 2940 τοιαύτης
1696 2872 1971 2932 ἀπαθείας

396 2963 736 3028 τετυχηκότα
767 2961 831 3012 τά
864 2979 925 3012 τε
962 2961 1224 3030 μέλλοντα
1251 2965 1511 3031 προορᾷν,
1554 2964 1650 3015 καὶ
1694 2963 1794 3032 τὴν
1819 2962 1971 3013 θείαν

398 3052 602 3121 Τριάδα
657 3054 765 3113 τοῖς
807 3053 1105 3121 ὀφθαλμοῖς
1153 3055 1400 3123 θεωρεῖν.
1452 3056 1649 3116 Μόνοις
1695 3057 1803 3123 γὰρ
1859 3058 1973 3116 τοῖς

2062 1882 2428 1936 exercentem,
2478 1889 2579 1929 nec
2624 1889 2870 1931 8:tlLt'lUtIl
2926 1882 3276 1948 baptismum,
3311 1891 3366 1934 et
3427 1898 3643 1935 Omnem

2065 1959 2226 2012 aliam
2259 1962 2494 2016 divinam
2539 1970 2807 2021 actionem
2853 1987 3012 2037 posse
3042 1973 3190 2025 illum
3216 1974 3509 2041 expellere,
3549 1975 3643 2026 sed

2067 2055 2432 2117 precationem
2465 2059 2630 2111 solam
2658 2063 2775 2128 ejus
2802 2079 2920 2114 cum
2961 2082 3149 2131 magna
3202 2067 3469 2131 precantis
3518 2069 3644 2117 all'e-

2066 2146 2244 2197 etiam:
2275 2159 2325 2199 et
2359 2160 2669 2218 contemptu
2693 2155 2979 2222 diligenter
3007 2159 3300 2210 adhibitam
3332 2159 3379 2211 id
3401 2159 3639 2212 vlli-cere.

2068 2234 2320 2290 immune
2354 2251 2531 2293 autem
2584 2243 2754 2308 ejecto
2783 2245 3040 2311 Spiritum
3084 2257 3327 2299 sanctum
3373 2249 3450 2300 sit:
3492 2263 3642 2301 acre-

2067 2329 2217 2389 dere,
2272 2341 2330 2383 ιιι
2414 2337 2685 2388 sentiatur
2764 2348 2818 2390 et
2903 2340 3174 2402 \‘idealttr,
3261 2344 3647 2408 propriumque

2069 2422 2357 2476 adventum
2395 2425 2720 2494 signiﬁcare,
2765 2439 2820 2481 et
2867 2445 3061 2498 corpus
3094 2446 3121 2481 a
3180 2433 3645 2496 perturbationum

2071 2527 2217 2568 motu
2254 2516 2513 2583 liberare,
2557 2530 2611 2574 et
2664 2522 3117 2590 impatibilitatem
3177 2524 3383 2592 largiri,
3418 2524 3554 2575 adeo
3589 2534 3650 2578 ut

2071 2607 2329 2677 deinceps
2384 2611 2432 2664 ei
2466 2627 2568 2665 nec
2607 2613 2828 2680 jejuniis
2871 2616 2943 2668 sit
2995 2630 3152 2682 opus,
3193 2617 3391 2683 quibus
3451 2631 3650 2683 τοιιιιιε

2072 2695 2291 2770 alﬂigat,
2337 2716 2509 2770 neque
2538 2703 2822 2772 disciplina
2907 2719 3025 2771 quae
3060 2715 3334 2769 coerceat,
3377 2715 3429 2758 et
3461 2708 3653 2759 ordine

2074 2793 2279 2862 ingredi
2320 2793 2534 2848 doceat.
2563 2795 2827 2850 Praeterea
2869 2799 2958 2866 qui
3017 2800 3344 2852 vacuitatem
3394 2800 3535 2851 hanc
3584 2801 3650 2851 ab

2073 2883 2449 2938 aﬂeetionibus
2482 2886 2556 2938 sit
2593 2894 2898 2951 assecutus,
2959 2895 3071 2940 tum
3117 2901 3180 2941 ea
3245 2903 3363 2954 quae
3426 2898 3651 2940 ventura

2075 2986 2222 3038 sunt,
2311 2977 2632 3043 praevidere,
2673 2988 2782 3030 tum
2817 2979 3054 3032 divinam
3118 2977 3437 3030 Trinitatem
3486 2979 3656 3034 oculis

2081 3069 2278 3122 intueri
2308 3086 2324 3122 :
2372 3086 2533 3123 sensu
2561 3072 2705 3123 enim
2739 3072 2806 3123 ab
2835 3071 3100 3140 ejusmodi
3129 3073 3302 3124 solum
3345 3073 3655 3126 hominibus

396 3147 665 3205 τοιούτοις
719 3145 998 3212 αἰσθητοῖς
1054 3144 1261 3212 ταύτην
1315 3146 1735 3212 ἐμφανίζεσθαι.
1797 3147 2141 3214 Τοῦτουοο

1915 3165 1972 3198 το
2002 3154 2050 3213 D
2079 3163 2482 3230 comprehendi.
2510 3163 2631 3216 Hmc
2656 3162 2725 3215 illi
2754 3164 3013 3217 sentiunt.
3037 3162 3142 3216 Nos
3162 3174 3337 3215 autem
3363 3167 3652 3231 responde-

404 3238 504 3306 μὲν
535 3233 627 3290 οὖν
661 3237 888 3289 ἐκείνων
918 3239 977 3288 τὸ
1008 3239 1184 3305 δόγμα
1211 3256 1223 3267 °
1254 3240 1410 3306 ἡμεῖς
1441 3240 1494 3290 δὲ
1524 3241 1661 3307 πρὸς
1693 3241 1849 3291 τοῦτο
1884 3241 1970 3293 λέ-

403 3346 594 3396 γομεν,
657 3329 737 3380 ὅτι
787 3329 836 3379 oi
891 3330 954 3380 ἐκ
994 3330 1087 3380 τοῦ
1133 3332 1565 3398 πρωτοπλαστον
1605 3335 1974 3402 καταγόμενοι

401 3421 601 3482 πάντες
626 3421 883 3492 τοιαύτην
916 3421 1167 3473 ἕλκουσιν
1202 3423 1261 3485 ἐξ
1303 3424 1467 3476 αὑτοῦ
1514 3424 1610 3494 τὴν
1640 3425 1824 3491 φύσιν,
1858 3426 1975 3476 οἷαν

403 3513 572 3581 αὐτὴν
604 3507 749 3580 εἶχεν
781 3514 966 3577 αὐτὸς,
1000 3514 1087 3566 ὅτε
1118 3515 1213 3565 τοῦ
1244 3518 1438 3584 γεννᾷν
1466 3518 1691 3584 ἤρξατο.
1724 3518 1974 3585 Γέννημα

403 3608 511 3674 γαρ
545 3605 689 3657 ἆπαν
718 3606 830 3656 ἴσον
877 3607 954 3674 τῷ
995 3609 1348 3678 γεγεννηκότι
1384 3611 1525 3660 κατά
1561 3611 1658 3677 τὴν
1693 3612 1878 3676 φύσιν.
1915 3611 1976 3662 Ei

406 3699 506 3768 μὲν
550 3696 644 3751 οῦν
676 3700 798 3752 κατ’
831 3699 1006 3769 ἀρχὰς
1047 3703 1074 3752 ὁ
1122 3701 1258 3763 Θεὸς
1303 3703 1369 3769 τῇ
1412 3700 1572 3769 φύσει
1625 3702 1720 3752 τοῦ
1764 3719 1978 3771 πρωτο-

405 3794 646 3848 πλάστου
681 3795 911 3862 δαίμονα
964 3794 1378 3863 συνεκλήρωσε,
1439 3799 1532 3846 καὶ
1575 3796 1772 3864 δούλην
1807 3797 1978 3865 αὐτὴν

405 3885 497 3936 τοῦ
559 3888 1016 3948 συνουσιωθέντος
1067 3885 1321 3954 δαίμονος
1372 3887 1692 3955 ἐποιήσατο,
1751 3891 1977 3951 εἰκότως

406 3980 501 4031 καὶ
561 3980 610 4030 οἱ
650 3978 709 4041 ἐξ
738 3980 903 4030 αὑτοῦ
968 3979 1300 4048 δαιμονιώδη
1345 3979 1438 4032 καὶ
1470 3980 1666 4049 δούλην
1721 3982 1981 4047 δαίμονος

406 4071 573 4142 αὐτὴν
600 4071 921 4139 διεδέχοντο.
956 4071 1015 4122 Εί
1052 4071 1095 4122 δ’
1130 4071 1426 4140 ἐλευθέραν
1467 4074 1560 4123 καὶ
1604 4073 1966 4136 αὐτεξούσιον

407 4167 580 4234 αὐτὴν
605 4165 1005 4226 κατεσκεύασε,
1034 4163 1296 4232 ληροῦσιν
1327 4164 1609 4233 ἄντικρυς,
1640 4167 1732 4216 καὶ
1769 4165 1981 4234 μωραίο

409 4276 612 4311 νουσιν·
673 4258 733 4310 Εἰ
772 4259 877 4326 Ta?
913 4259 988 4325 μὴ
1043 4257 1310 4326 ἐλευθέρα
1359 4257 1456 4308 καὶ
1491 4258 1843 4320 αύτεξούσιος
1890 4254 1980 4328 ἦν,

408 4352 508 4404 οὐκ
536 4352 600 4403 ἂν
639 4349 716 4416 τῷ
751 4350 1027 4422 γεννάρχῃ
1068 4349 1166 4418 τὴν
1208 4349 1430 4419 ἐντολὴν
1460 4349 1855 4418 ἐνομοθέτησεν
1909 4346 1982 4402 ὧν

407 4457 465 4492 τε
520 4439 893 4508 μεταληπτέον
948 4438 1095 4506 αύτῴ
1164 4438 1367 4506 φυτῶν,
1421 4440 1516 4491 καὶ
1572 4433 1632 4491 οῦ
1677 4439 1752 4508 μὴ
1813 4457 1983 4510 προσ-

408 4534 630 4586 απτὲον.

479 4626 540 4679 Εἰ
573 4625 766 4694 δούλην
799 4626 892 4677 τοῦ
943 4625 1140 4693 ἐχθροῦ
1175 4625 1274 4684 τὴν
1320 4627 1484 4694 φύσιν
1539 4626 1699 4695 ἡμῶν
1754 4628 1782 4679 ὀ
1848 4628 1981 4690 Θεὸς

409 4719 654 4788 ἐποίησε,
675 4719 855 4770 πάντα
890 4718 945 4770 δὲ
977 4720 1044 4770 τὰ
1077 4718 1427 4786 πραττόμενα
1457 4723 1598 4772 κατὰ
1629 4720 1793 4787 φύσιν
1822 4723 1984 4790 ἀνέγ-

411 4811 585 4880 κλητα
643 4809 738 4862 καὶ
802 4807 1154 4877 ἀτιμώρητα,
1200 4809 1388 4860 λοιπὸν
1431 4806 1555 4859 οὒτε
1607 4809 1983 4878 κρίσις-ἐσται

409 4903 518 4956 τῶν
591 4901 1021 4971 ἁμαρτανόντων
1071 4901 1195 4955 οὕτε
1251 4902 1497 4963 κόλασις.
1571 4904 1800 4971 Ἔχουσι
1871 4905 1979 4975 γὰρ

413 4996 642 5066 ἰσχυραν
667 4995 971 5062 ἀπολογίαν
1002 4995 1138 5064 πρὸς
1179 4994 1268 5048 τὸν
1308 4995 1463 5058 Θεὸν,
1514 4997 1597 5049 ὅτι
1630 4996 1700 5048 Σὺ
1743 4998 1843 5067 τὴν
1885 4997 1988 5065 φύ-

413 5103 495 5138 σιν
542 5086 703 5154 ἡμῶν
765 5089 830 5156 τῇ
886 5085 1102 5156 δουλείᾳ
1134 5085 1244 5140 τῶν
1296 5084 1566 5154 δαιμόνων
1619 5087 1929 5151 ῦπέζευξας
1967 5103 1982 5117 '

411 5181 711 5245 ἀναγκαῖον
742 5178 799 5230 δὲ
849 5181 963 5241 τοῖς
1002 5179 1213 5243 δούλοις
1271 5181 1456 5233 ἐκεῖνα
1514 5181 1806 5251 πράττειν,
1841 5182 1985 5252 ἆπερ

414 5274 462 5324 οἱ
498 5271 857 5334 δεσπόζοντες
909 5273 1313 5327 ἐπιτάττουσιν.

488 5365 550 5419 Et
615 5365 715 5434 τὴν
797 5366 961 5433 φύσιν
1042 5366 1199 5436 ἡμῶν
1286 5368 1314 5419 ὁ
1397 5368 1529 5432 Θεὸς
1618 5369 1813 5437 δούλην
1879 5371 1989 5423 τῶν

413 5458 686 5529 δαιμόνιον
760 5459 1057 5527 ἐποίησεν,
1156 5461 1205 5510 ot
1281 5460 1535 5530 δαίμονες
1610 5461 1666 5514 δὲ
1745 5463 1991 5516 κινοῦσιν

417 5555 567 5622 ἡμᾶς
619 5550 713 5604 ἐπὶ
770 5553 879 5604 πᾶν
947 5552 1142 5616 κακὸν,
1195 5552 1556 5623 εὑρεθήσεται
1603 5557 1823 5609 πάντων
1879 5557 1989 5609 τῶν

418 5645 782 5716 ἀνθρωπίνων
852 5643 1042 5697 κακῶν
1095 5645 1269 5707 αἴτιος
1336 5647 1364 5698 ὁ
1436 5647 1592 5710 Θεὸς.
1649 5648 1811 5703 Ἀλλά
1882 5650 1989 5720 μὴν

421 5740 665 5800 ἀναίτιος
725 5739 926 5800 παντὸς
983 5738 1156 5791 κακοῦ
1225 5739 1253 5790 ὁ
1286 5739 1441 5802 Θεός.
1497 5742 1664 5793 Ούδέν
1716 5743 1826 5812 γὰρ
1890 5761 1991 5796 κα-

425 5837 518 5888 κὸν
547 5835 609 5886 ἐκ
645 5832 737 5885 τοῦ
772 5832 932 5903 φύσει
970 5833 1199 5900 ἀγαθοῦ.
1243 5835 1357 5887 Οὐκ
1406 5837 1510 5904 ἄρα
1564 5839 1590 5889 ὁ
1622 5835 1753 5900 Θεὸς
1801 5837 1996 5910 δούλην

2081 3267 2222 3315 mus,
2251 3268 2458 3315 omnes,
2490 3256 2579 3322 qui
2621 3270 2647 3306 a
2680 3257 2851 3321 primo
2878 3268 3099 3323 parente
3131 3255 3336 3307 ducunt
3368 3258 3655 3323 Origincnt,

2083 3343 2241 3397 talem
2281 3347 2348 3396 ab
2399 3347 2512 3414 ipso
2561 3356 2803 3397 naturam
2865 3349 3099 3408 trahere,
3162 3350 3372 3414 qualem
3431 3349 3661 3399 habebat

2085 3438 2366 3504 ipse.cum
2399 3437 2661 3504 inciperet
2709 3454 2987 3504 generare.
3041 3440 3230 3492 Oumis
3285 3442 3427 3492 enim
3484 3442 3659 3507 ptolers

2080 3529 2311 3593 genitori
2357 3542 2455 3579 suo
2511 3537 2700 3579 natura
2765 3544 2861 3596 par
2918 3540 2971 3581 et
3028 3531 3220 3584 similis
3250 3541 3350 3584 est.
3405 3532 3581 3595 ρειαί-ο
3614 3534 3656 3582 si

2081 3616 2345 3684 principio
2381 3619 2518 3671 Deus
2570 3630 2776 3670 natura:
2839 3619 2996 3686 primi
3065 3623 3303 3688 parentis
3356 3624 3658 3676 «Ιίυιυοιιρίιι

2081 3707 2347 3767 attribuit,
2396 3718 2449 3760 et
2503 3710 2820 3762 servitutem
2889 3709 3026 3764 hanc
3097 3714 3363 3767 daemonis
3426 3717 3659 3768 essentia

2082 3799 2356 3865 coajuncti
2391 3802 2690 3867 constituit,
2726 3803 2918 3856 merito
2951 3813 3001 3856 et
3030 3809 3228 3872 posteri
3287 3808 3453 3875 ipsius
3491 3808 3664 3861 servi-

2084 3900 2249 3946 tutem
2283 3895 2543 3948 daemonis
2572 3906 2948 3964 susceperunt,
2985 3909 3342 3969 naturamque
3371 3903 3663 3953 daemonia-

2083 3999 2225 4037 cam.
2262 3986 2414 4050 Quod
2456 3986 2500 4039 si
2537 3986 2677 4038 illam
2711 3985 2933 4040 liberam
2990 4000 3041 4041 et
3094 3992 3174 4043 sui
3211 3990 3349 4057 juris
3408 3993 3659 4054 iu:~tituit,

2085 4087 2356 4169 negantur
2390 4086 2443 4129 et
2489 4078 2784 4130 insaniunt.
2817 4078 2951 4131 Nam
3005 4083 3047 4133 si
3092 4082 3257 4136 libera
3328 4096 3378 4137 et
3405 4101 3484 4136 sm
3529 4086 3664 4152 juris

2085 4167 2197 4220 non
2234 4167 2558 4231 exstitisset,
2624 4171 2797 4236 primo
2830 4173 3043 4240 generis
3084 4177 3288 4239 parenti
3351 4177 3661 4227 mandatum

2087 4272 2192 4310 non
2229 4260 2488 4322 dedisset,
2524 4263 2719 4328 quibus
2742 4279 2770 4316 e
2799 4264 2995 4332 plantis
3031 4267 3169 4319 vesci
3232 4268 3472 4332 deberet,
3534 4279 3588 4322 et
3637 4286 3664 4320 a

2085 4350 2277 4417 quibus
2305 4351 2600 4407 abstinere.

2169 4647 2223 4702 Si
2262 4659 2509 4700 naturam
2539 4658 2779 4724 nostram
2810 4650 3014 4702 inimici
3043 4663 3256 4703 servam
3295 4653 3432 4705 Deus
3465 4657 3665 4707 eonSti~

2093 4742 2216 4805 luit,
2240 4741 2418 4794 omnia
2442 4752 2621 4793 autem
2654 4757 2772 4809 qua:
2818 4757 2845 4792 a
2879 4743 3030 4794 nobis
3056 4750 3246 4795 natura
3280 4745 3432 4804 liunt,
3461 4761 3560 4796 nee
3617 4749 3669 4798 in

2093 4833 2295 4885 crimen
2327 4836 2501 4884 vocari
2534 4842 2782 4898 possunt,
2813 4848 2909 4887 nec
2934 4834 3199 4903 sopplicio
3228 4836 3388 4900 allici,
3428 4840 3674 4903 sequitur

2093 4936 2152 4977 ut
2186 4940 2284 4978 nec
2317 4924 2602 4992 judicimn,
2641 4940 2739 4977 nec
2769 4924 3170 4980 animadversio
3224 4929 3564 4994 νερειαηιίυιιι
3603 4932 3674 4982 sit

2093 5017 2294 5071 futura.
2373 5017 2486 5071 llac
2552 5018 2694 5071 enim
2760 5018 2932 5073 valida
3017 5020 3331 5075 deieusioue
3404 5025 3668 5078 adversus

2097 5109 2266 5162 Deum
2327 5115 2402 5163 uti
2455 5120 2747 5180 poterunt:
2820 5110 2898 5164 Tu
2953 5121 3200 5169 naturam
3268 5122 3508 5167 nostram
3561 5131 3672 5168 ser-

2098 5202 2255 5254 vituti
2317 5204 2619 5254 dmmonum
2674 5202 2971 5268 subjeeisti.
3031 5202 3431 5258 .Necessariu:n
3495 5216 3676 5258 autem

2099 5304 2225 5358 est.
2286 5305 2342 5348 ut
2398 5296 2538 5347 servi
2610 5292 2812 5348 faciant
2883 5312 2944 5349 ea
2994 5312 3113 5364 qua:
3187 5297 3388 5350 domini
3462 5297 3673 5366 jnbent.

2175 5388 2230 5441 Si
2295 5399 2540 5442 naturam
2606 5400 2847 5442 nostram
2908 5389 3214 5442 ἀιιτιιιοιιιιιη
3272 5404 3487 5442 servam
3543 5389 3684 5443 Deus

2103 5480 2408 5546 constituit,
2443 5483 2714 5533 daemones
2782 5464 2964 5533 autem
3009 5496 3104 5533 nos
3155 5482 3220 5533 ad
3275 5494 3437 5533 omne
3494 5480 3686 5534 vitium

2097 5574 2404 5641 impellunt,
2461 5574 2714 5627 vitiorum
2776 5577 3023 5625 onniun
3093 5585 3284 5626 auctor
3343 5582 3427 5626 est
3501 5574 3663 5629 Deus.

2100 5667 2262 5736 Atqui
2341 5665 2538 5720 nullius
2618 5664 2744 5718 mali
2829 5664 2970 5718 Deus
3053 5676 3136 5719 est
3214 5679 3402 5720 causa.
3467 5664 3687 5719 Nullum

2098 5764 2240 5817 enim
2297 5761 2496 5815 malum
2547 5761 2614 5814 ab
2652 5763 2836 5828 coqui
2880 5773 3072 5812 natura
3132 5763 3305 5815 bonus
3353 5769 3462 5826 est,
3519 5761 3690 5829 proli-

2111 5857 2332 5910 t-iscitur
2429 5854 2542 5909 Non
2640 5854 2805 5920 igitur
2881 5853 3184 5908 dwmonmn
3265 5869 3478 5909 servam
3552 5853 3693 5906 Deus
