4420 6462
370 436 506 497 1985

435 544 722 608 Λέγουσιν,
743 542 827 592 ὅτι
861 538 1205 592 συνοικοῦσιν
1227 537 1283 585 ἐν
1313 535 1390 600 τῷ
1409 531 1681 600 ἀνθρώπῳ
1699 527 1758 579 τὸ
1778 524 1944 576 11νεί-
1973 525 2020 582 Λ

369 635 448 701 μά
477 651 535 684 τε
591 634 650 685 τὸ
675 633 829 700 ἆγιον
855 631 949 684 καὶ
987 632 1015 682 ό
1044 629 1276 695 δαίμων.
1348 623 1511 677 ’Λλλέι
1544 620 1659 681 πῶς
1696 617 1950 682 συνοική-

365 742 550 776 σουσιν
579 725 827 792 ἀλλήλοις
863 723 1017 784 Θεὸς,
1047 721 1142 772 καὶ
1174 719 1407 784 δαίμων,
1436 715 1496 764 τὸ
1533 709 1946 779 καθαρώτατον,

368 816 459 865 καὶ
495 813 712 865 πάντων
737 810 1180 878 ἁκαθαρτὸτατον
1203 822 1218 871 ;
1248 807 1308 858 τὸ
1333 804 1470 872 φῶς,
1495 803 1590 853 καίι
1617 801 1678 850 τδ
1714 799 1906 858 σκότος
1933 813 1947 860 ;

367 906 414 955 οι
447 905 586 955 κατὰ
616 904 912 970 διάμετρον
943 901 1195 969 ἀλλήλοις
1216 896 1590 964 ἐχθραίνοντες
1613 907 1626 954 ;
1651 892 1824 942 Ὅπου
1844 890 1950 954 γὰρ

371 991 702 1059 ἐπιδημήσει
757 991 816 1041 τὸ
851 991 1073 1056 Πνεῦμα
1107 988 1166 1040 τὸ
1222 987 1400 1052 ἆγιον,
1459 979 1785 1050 δραπετεύει
1839 978 1945 1036 πᾶς

368 1082 578 1148 δαίμων
607 1080 823 1146 φεύγων
859 1081 1025 1142 ὀξέως
1091 1079 1185 1129 καὶ
1225 1073 1661 1144 ἀμεταστρεπτὶ,
1696 1069 1948 1134 καθάπερ

369 1175 476 1224 ἀπὸ
503 1174 689 1239 πυρός.
716 1173 846 1232 Θεὸς
884 1171 979 1239 μὲν
1013 1171 1122 1236 γὰρ
1145 1170 1205 1219 τὸ
1234 1165 1461 1230 Πνεῦμα
1493 1164 1553 1215 τὸ
1599 1163 1776 1226 ἅγιονο
1809 1161 1857 1211 εἰ
1891 1159 1948 1210 δὲ

369 1266 521 1326 Θεὸς,
555 1267 648 1314 καὶ
672 1264 780 1331 πῦρ
801 1261 1198 1313 καταναλίσκον
1223 1261 1316 1326 τὴν
1347 1256 1456 1307 τῶν
1487 1255 1757 1323 δαιμόνων
1800 1251 1950 1318 ἰσχύν

373 1349 478 1409 Καλ
511 1358 570 1408 τὸ
607 1358 704 1424 μὲν
755 1358 946 1416 σκότος
999 1355 1186 1404 λύεται
1221 1355 1288 1420 τῇ
1322 1349 1596 1420 παρουσίᾳ
1628 1346 1719 1397 τοῦ
1752 1347 1948 1414 φωτὺ”,

369 1449 471 1498 όδέ
511 1448 748 1514 πονηρθις
803 1447 1015 1514 δαίμων
1073 1446 1354 1496 ἐλαύνεται
1408 1440 1831 1508 βασανιζόμενος
1884 1438 1948 1505 τῇ

374 1536 600 1603 μάστιγι
633 1537 730 1601 τῆς
780 1535 1108 1601 ἐνοικήσεως
1143 1533 1237 1584 τοῦ
1277 1532 1432 1598 ἁγίου
1455 1530 1771 1595 Πνεύματος
1793 1541 1807 1554 ⁶
1839 1527 1950 1586 τοῖς

369 1629 476 1695 γὰρ
504 1626 643 1691 ἄγαν
675 1626 942 1686 ἐναντίοις
972 1627 1069 1676 οὐκ
1125 1624 1241 1674 ἔστι
1278 1622 1594 1687 συνοίκησις
1622 1635 1633 1646 ·
1669 1616 1949 1684 φθείρεται

371 1719 500 1788 γὰρ,
536 1718 563 1786 ἢ
601 1717 885 1782 ἐξωθεῖται
907 1717 965 1766 τὸ
988 1716 1396 1782 ἀσθενέστερον.

1293 420 1664 482 ΡΛΝΟΙῚᾸΛ
1713 414 2174 476 DOGMATiCA.
2215 437 2276 446 --
2313 413 2462 472 ΤιΤ.
2514 411 2729 470 XXVI.

3502 400 3637 463 12:26

2121 522 2310 575 Dicunt
2338 521 2389 574 in
2424 520 2640 574 homine
2675 527 2727 572 et
2760 526 3004 571 sanctum
3035 515 3322 585 Spiritum,
3357 521 3409 564 ct
3438 513 3634 565 dzcmo-

2055 628 2176 669 nem
2208 613 2472 676 habitare,
2526 613 2576 664 id
2613 621 2715 674 est,
2759 624 2870 663 rem
2908 608 3147 662 omnium
3188 604 3553 674 purissimam,
3584 615 3638 656 et

2055 719 2166 757 rem
2187 704 2428 757 Omnium
2456 703 2897 769 impurissimatn,
2938 702 3108 751 lucem
3141 709 3195 750 et
3232 700 3505 756 tenebras,
3527 695 3640 747 dia-

2059 806 2230 848 metro
2263 796 2403 847 inter
2450 808 2508 846 se
2533 794 2922 859 discrepantes.
2965 787 3062 841 Ubi
3096 789 3239 840 enim
3297 797 3381 839 est
3407 786 3640 850 Spiritus

2053 896 2294 947 sanctus,
2317 886 2491 936 omnis
2516 884 2639 936 inde
2675 883 2875 936 recedit
2897 883 3125 940 daamon,
3153 888 3406 938 tauquam
3427 877 3492 929 ab
3520 878 3642 943 igne

2055 977 2123 1028 ita
2155 978 2398 1030 celeriter
2425 976 2725 1043 aulugiens,
2779 983 2835 1024 ut
2867 989 2970 1024 non
3005 972 3275 1039 respiciat.
3328 969 3469 1020 Deus
3497 968 3639 1019 enim

2052 1074 2134 1115 est
2164 1063 2396 1130 Spiritus
2427 1071 2668 1116 sanctus.
2699 1062 2848 1124 Quod
2883 1062 2924 1112 si
2975 1060 3116 1113 Deus
3156 1069 3258 1122 est,
3293 1068 3372 1110 est
3395 1069 3448 1109 et
3505 1057 3642 1122 ignis

2055 1167 2378 1206 consumens
2406 1168 2566 1206 omne
2612 1153 2914 1205 drcmouum
2947 1150 3127 1202 robur.
3163 1150 3238 1202 Ae
3261 1147 3644 1212 teuebrm'qui-

2055 1245 2174 1296 dem
2206 1243 2355 1308 ~lueis
2409 1245 2690 1309 prmscntia
2741 1244 3090 1310 dissipantur.
3156 1239 3324 1292 Porro
3367 1239 3645 1306 improbus

2055 1335 2261 1386 daemon
2297 1335 2645 1388 inliabitantis
2678 1335 2912 1401 Spiritus
2939 1333 3152 1400 ﬂagello
3203 1333 3520 1384 verberatus
3546 1347 3642 1382 cx-

2054 1424 2266 1491 pellitur
2296 1444 2308 1478 :
2341 1427 2614 1478 contraria
2637 1426 2781 1477 enim
2801 1424 2960 1476 simul
2989 1423 3231 1475 habitare
3261 1438 3366 1474 non
3400 1428 3644 1489 possunt,

2055 1530 2175 1567 nam
2229 1516 2594 1584 corrumpitur
2627 1523 2680 1568 et
2709 1513 3016 1567 extruditur
3040 1513 3090 1565 id
3113 1513 3254 1582 quod
3285 1521 3369 1567 est
3404 1509 3648 1565 imbecil-

2054 1607 2180 1659 lius.

443 1812 732 1877 Λέγουσιν,
768 1807 1037 1874 ὅτιφύσει
1071 1806 1140 1857 τὰ
1169 1807 1337 1867 κακὲ,
1362 1805 1641 1856 τουτέστιν
1683 1805 1738 1855 αί
1772 1805 1947 1873 ἁμαρ·
1979 1851 2022 1910 Β
2121 1810 2188 1863 Νε

1902 1821 1947 1854 5-
1979 1851 2022 1910 Β
2121 1810 2328 1864 Natura
2359 1811 2542 1864 dicunt
2571 1824 2690 1865 esse
2737 1808 2903 1875 mala,
2968 1809 3020 1863 id
3046 1817 3128 1864 est
3172 1817 3414 1878 peccata.
3443 1809 3647 1874 Quibus

367 1905 499 1957 τῖαι.
548 1902 689 1972 Πρὸς
719 1901 812 1962 οὓς
872 1900 1248 1968 ἀντιλέγομεν,
1282 1898 1342 1949 El
1403 1897 1560 1964 φύσει
1597 1898 1663 1948 τὰ
1725 1897 1946 1948 τοιαῦτα

369 1997 536 2058 κακὰ,
578 1996 676 2062 τῆς
713 1992 930 2060 φύσεως
988 1991 1046 2044 δὲ
1114 1988 1447 2060 δημιουργὸς
1499 1989 1525 2040 ὁ
1562 1989 1713 2048 Θεὸς,
1776 1989 1948 2048 αἴτιος

370 2088 475 2156 ἄρα.
504 2085 611 2136 τῶν
647 2084 876 2136 κακιῖινό
910 2082 1064 2144 Θεὸς,
1110 2085 1203 2133 καί
1234 2080 1356 2131 οὔτε
1384 2081 1586 2148 κρίσις,
1639 2079 1760 2129 οἰτε
1796 2079 1951 2128 κάλα-

374 2196 455 2240 σις
486 2179 636 2229 ἔσται
667 2177 775 2229 τῶν
810 2174 1257 2244 ἁμαρτανόντων,
1288 2174 1467 2236 καθὼς
1505 2173 1765 2238 ἀνωτέρω
1811 2188 1945 2238 προ-

371 2272 686 2338 δεδήλωται.
723 2269 830 2322 Καὶ
882 2267 1099 2336 ψευδεῖς
1145 2266 1243 2335 μὲν
1294 2266 1350 2317 αἱ
1380 2267 1491 2325 τοῖς
1543 2263 1950 2332 ἁμαρτάνουσιν

373 2363 735 2432 ἠπειλημέναι
768 2360 1040 2423 κολάσεις,
1071 2358 1355 2427 ἀπατηλὸς
1411 2357 1466 2409 δὲ
1500 2357 1597 2424 τῆς
1652 2355 1953 2424 μελλούσης

373 2457 608 2524 κρίσεως
659 2453 898 2521 όφόόος.
953 2451 1032 2503 Τὰ
1060 2451 1167 2519 γὰρ
1225 2453 1290 2520 τῇ
1327 2452 1426 2519 τῇς
1463 2451 1676 2516 φύσεως
1735 2449 1951 2517 ἀνάγκῃ

374 2548 634 2615 γινόμενα
667 2543 1010 2611 συγγνωστὰ,
1035 2543 1140 2595 κᾶν
1175 2542 1260 2612 εἴη
1288 2541 1638 2610 παγχάλεπα.
1670 2541 1778 2592 Καὶ
1796 2539 1848 2592 εἴ
1873 2558 1955 2603 τις

378 2637 611 2704 φυσικὴν
641 2631 778 2687 εἶναι
816 2635 1096 2687 πιστεύσει
1125 2634 1226 2703 τὴν
1268 2634 1573 2703 ἁμαρτίαν,
1629 2632 1957 2701 μετελεύσεο

377 2743 467 2779 ται
489 2728 704 2787 πάντως
733 2724 939 2794 ταύτην
971 2724 1144 2786 ἀδεῶς
1169 2723 1256 2776 διὰ
1285 2723 1384 2792 τὴν
1413 2722 1673 2792 λιτότητα
1711 2722 1805 2773 καὶ
1834 2723 1942 2791 ήδοι

378 2823 474 2887 νὴν
502 2819 695 2886 αὐτῆς,
724 2819 799 2878 ὡς
832 2817 1250 2886 ἀνεπιτίμητον,
1313 2815 1408 2867 καὶ
1441 2815 1539 2885 τὴν
1571 2815 1831 2866 πλατεῖαν
1864 2816 1958 2866 καὶ

377 2910 823 2982 εὒρύχωρονόδζν
858 2909 1264 2978 ἁνθαιρήσεται.
1309 2907 1446 2959 Ἀλλ’
1477 2909 1524 2958 εί
1554 2906 1755 2974 ἀληθὴς
1785 2908 1812 2957 ὸ
1841 2905 1956 2957 Κύ-

381 3023 512 3074 ριος,
561 3006 592 3073 ἡ
653 3002 1036 3072 αὑτοαλήθεια,
1115 3001 1264 3068 Ἐγὼ
1325 3003 1468 3068 γὰρ,
1535 3000 1722 3068 φησὶν,
1779 2999 1957 3066 είμίὴ

378 3097 653 3163 ἀλήθειαο
710 3095 928 3156 πάντως
971 3092 1149 3164 ἀληθῆ
1181 3094 1275 3144 καὶ
1310 3092 1376 3143 τὰ
1433 3091 1562 3160 περὶ
1603 3091 1713 3142 τῶν
1769 3091 1958 3142 αἰωνί-

2053 1903 2441 1970 respondemus
2475 1920 2488 1956 :
2527 1902 2582 1956 Si
2612 1911 2798 1955 natura
2825 1909 2952 1955 sunt
2982 1899 3287 1968 ltujusmodi
3317 1901 3474 1962 mala,
3513 1903 3649 1954 Deus

2051 2005 2230 2048 autem
2259 2005 2464 2048 naturze
2485 1994 2706 2048 eﬂ'cctor
2728 2000 2830 2057 est,
2862 1993 2999 2047 Deus
3026 1993 3290 2046 malorum
3327 2001 3408 2046 est
3427 2007 3639 2046 anetor.

2051 2085 2161 2140 1\'ec
2184 2086 2472 2155 judicium,
2499 2101 2596 2140 nec
2629 2085 3026 2138 animadversio
3068 2085 3172 2138 erit
3198 2085 3250 2137 in
3279 2098 3371 2137 eos
3408 2085 3497 2152 qui
3528 2099 3652 2152 pec-

2055 2189 2199 2242 cant,
2233 2188 2290 2231 ut
2319 2188 2442 2232 ante
2472 2178 2807 2232 declaratum
2836 2185 2939 2231 est.
2972 2177 3034 2230 Et
3067 2176 3213 2230 falsa
3243 2185 3366 2228 sunt
3389 2176 3646 2229 adversus

2054 2279 2367 2337 peccatores
2384 2269 2766 2337 suppliciorum
2789 2271 2965 2332 milite,
2983 2270 3259 2335 inanisque
3283 2268 3413 2320 [utut
3432 2267 3444 2320 i
3464 2268 3649 2335 judicii

2059 2363 2245 2417 timor.
2276 2363 2406 2427 Qua:
2439 2363 2582 2415 enim
2607 2373 2811 2414 naturze
2844 2363 3167 2415 necessitate
3211 2361 3649 2423 cummittnntur,

2057 2454 2180 2509 licet
2203 2457 2520 2524 gravissima
2545 2455 2674 2516 sint,
2699 2454 2910 2508 veniant
2944 2463 3238 2506 merentur.
3274 2453 3423 2517 Quod
3457 2454 3497 2505 si
3533 2468 3654 2520 quis

2058 2547 2320 2600 naturalia
2384 2547 2677 2601 crediderit
2709 2561 2827 2600 esse
2865 2555 3104 2614 peccata,
3134 2546 3198 2598 iis
3227 2559 3349 2598 sese
3366 2546 3480 2596 sine
3509 2555 3656 2598 metu

2061 2650 2281 2707 propter
2309 2639 2620 2693 facilitatem
2671 2638 3110 2707 voluptatemque
3154 2637 3326 2699 dabit,
3368 2645 3424 2689 ut
3460 2653 3656 2704 pr0po-

2059 2733 2158 2784 sita
2196 2732 2530 2800 impunitatis
2579 2745 2674 2798 spe
2707 2745 2800 2799 per
2853 2731 2992 2781 viam
3023 2734 3184 2781 latam
3249 2739 3302 2779 et
3336 2729 3548 2796 planam
3579 2729 3658 2780 itt-

2061 2824 2236 2876 cedat.
2270 2825 2337 2876 At
2358 2825 2400 2876 si
2427 2839 2586 2876 verax
2613 2833 2693 2876 est
2713 2822 2989 2882 Dominus,
3019 2821 3110 2888 qui
3155 2829 3237 2874 est
3267 2821 3379 2889 ipsa
3408 2823 3606 2874 veritas
3644 2839 3658 2874 :

2062 2911 2174 2983 Ego
2205 2916 2365 2978 enim,
2400 2915 2596 2984 inquit,
2634 2931 2750 2967 sum
2780 2915 2971 2965 veritas
3005 2913 3044 2973 ¹,
3082 2926 3206 2965 vera
3235 2911 3394 2979 plane
3443 2922 3570 2966 sunt
3598 2930 3660 2966 ca

2061 3022 2180 3077 quze
2242 3007 2307 3061 de
2359 3007 2700 3076 sempiternis
2755 3004 3032 3072 suppliciis
3079 3012 3448 3056 memorantur
3485 3019 3500 3056 :
3537 3019 3660 3057 nam

2064 3102 2180 3171 ipse
2213 3103 2278 3154 de
2307 3101 2410 3153 illis
2442 3100 2652 3152 locutus
2683 3107 2785 3150 est.
2816 3097 2967 3162 Quod
3002 3097 3044 3150 si
3070 3110 3197 3149 vera
3228 3105 3354 3150 sunt
3395 3095 3664 3165 ejusmodi

378 3207 453 3241 ων
483 3189 782 3240 κολάσεων.
830 3186 1002 3248 Αὐτός
1035 3187 1142 3254 γὰρ
1171 3184 1379 3248 ἐδίδαξε
1413 3184 1504 3236 καὶ
1552 3187 1680 3252 περὶ
1727 3185 1954 3237 τούτων.
1987 3212 2030 3269 C
2063 3211 2123 3250 su

1916 3202 1954 3237 τι
1987 3212 2030 3269 c
2063 3194 2345 3263 supplicia,
2389 3201 2443 3246 et
2491 3191 2754 3258 judicium
2795 3189 2901 3242 erit
2949 3189 3210 3243 adversus
3248 3189 3366 3242 illos
3419 3189 3510 3257 qui
3538 3202 3661 3257 pec-

381 3280 442 3332 Ei
475 3279 530 3330 δὲ
562 3276 783 3344 ἀληθεῖς
808 3277 863 3328 αἱ
890 3276 1135 3328 τοιαῦται
1177 3275 1450 3337 κολάσεις,
1521 3275 1676 3327 ἔσται
1711 3275 1803 3325 καὶ
1839 3272 1960 3342 κρί-

383 3389 464 3434 σις
493 3369 600 3423 τῶν
631 3368 1076 3439 ἁμαρτανόντων.
1103 3369 1163 3420 Εἰ
1191 3368 1244 3419 δὲ
1268 3368 1445 3436 κρίσις
1472 3366 1621 3419 ἔσται
1648 3368 1755 3419 τῶν
1781 3368 1963 3436 ἁμαρ-

378 3465 671 3526 τανόντων,
709 3463 768 3514 οὐ
801 3459 1047 3530 φ’ὒσειτα
1081 3461 1249 3524 κακὰ,
1285 3460 1562 3512 τουτέστιν
1586 3461 1639 3512 αἱ
1668 3459 1958 3528 ἁμαρτίαι.

385 3559 444 3610 lii
477 3558 533 3610 δὲ
562 3556 636 3626 μὴ
664 3556 848 3623 φύσει,
907 3552 1229 3624 προαιρέσει
1277 3554 1516 3618 πάντως,
1569 3555 1660 3605 καὶ
1689 3552 1960 3622 ῥᾳθυμία,

381 3651 448 3703 δι’
477 3652 541 3720 ἢν
581 3649 1032 3718 κατακρίνονται,
1067 3649 1162 3699 καὶ
1189 3647 1513 3708 κολάζονται
1550 3646 1750 3708 πάντες
1787 3647 1835 3698 οί
1863 3650 1955 3715 ὲρο

383 3743 545 3810 γαται
594 3743 694 3812 τῆς
731 3740 1030 3810 ἁμαρτίας.

455 3833 748 3900 Λέγουσιν,
781 3833 860 3884 ὅτι
888 3829 1142 3900 μετὰτὴν
1171 3830 1322 3899 παρὰ
1368 3830 1480 3891 τοῖς
1513 3829 1739 3890 τελείοις
1785 3829 1966 3881 αὐτῶν

385 3925 659 3977 ἀπάθειαν
702 3922 962 3990 τοιαύτης
990 3921 1306 3974 αἰσθάνεται
1349 3923 1379 3991 ἡ
1418 3920 1565 3990 ψυχὴ
1599 3921 1818 3988 τούτων,
1850 3937 1934 3974 κοι

386 4017 583 4079 νωνίας
652 4015 1010 4087 ἐγγινομένης
1061 4015 1200 4084 αὐτῇ
1254 4015 1407 4083 παρὰ
1465 4011 1561 4066 τοῦ
1627 4012 1964 4083 ἐπουρανίου

385 4112 646 4181 νυμφίου,
693 4109 814 4172 οἵας
846 4107 1163 4162 αίσθάνεται
1182 4107 1320 4178 γυνὴ
1351 4107 1797 4171 συνουσιάζοντος
1827 4109 1966 4177 αὐτη

385 4206 479 4258 τοῦ
508 4205 724 4274 ἀνδρός.
756 4203 819 4254 ’Ὠ
856 4202 952 4272 τῆς
990 4201 1264 4272 προδήλου
1291 4199 1758 4269 φρενοόλαϐείαςί
1794 4201 1841 4252 εί
1869 4201 1970 4270 τὴν

387 4297 695 4364 ἁγνοτάτην
740 4293 839 4348 καὶ
891 4292 1279 4361 ἁπαθεστάτην
1341 4290 1435 4344 τοῦ
1471 4290 1727 4361 Σωτῆρος
1777 4291 1971 4344 ἕνωσιν

389 4388 818 4460 ἑμτταθεστάτην
867 4386 1206 4455 ἡδυπάθειαν
1229 4384 1453 4449 οἴονται,
1485 4384 1578 4435 καὶ
1608 4384 1970 4454 καθυϐρίζου-

391 4500 476 4536 σιν
534 4482 699 4551 ηδονῇ
763 4480 1005 4548 ρεύσεως
1044 4478 1383 4545 παιδογόνων
1426 4476 1632 4546 μορίων
1682 4475 1971 4546 τολμηρῶς

389 4576 560 4644 αὐτὴν
597 4574 1052 4644 παρεικάζοντες.

460 4672 755 4736 Λέγουσιν,
813 4668 894 4720 ὃτι
926 4669 959 4738 ὴ
995 4665 1142 4736 ψυχὴ
1176 4667 1268 4720 τοῦ
1301 4669 1432 4738 παρ’
1473 4669 1658 4730 αὐτοῖς
1709 4669 1787 4730 εἰς
1827 4667 1971 4720 ἀπά-

390 4765 544 4815 θειαν
578 4759 882 4828 ἐφθακότος
912 4758 1319 4826 μεταϐάλλεται
1363 4761 1445 4820 εἰς
1481 4760 1577 4828 τὴν
1607 4759 1759 4812 θείαν
1791 4761 1974 4828 φύσιν.

404 4852 542 4903 Ἀλλ’
579 4851 626 4902 εί
677 4847 836 4900 τοῦτο
887 4844 954 4918 ἦν
989 4847 1212 4916 ἀληθὲς,
1261 4847 1474 4913 ἐγίνετο
1548 4848 1614 4900 ἂν
1660 4850 1755 4900 καὶ
1805 4851 1980 4917 φύσει

391 4945 523 5008 Θεὸς
568 4943 596 4994 ὁ
652 4939 1018 5010 μεταϐληθεὶς
1075 4939 1156 5001 είς
1194 4937 1292 5007 τὴν
1327 4938 1478 4991 θείαν
1529 4939 1710 5006 φύσιν.
1753 4939 1818 4994 Ἡ
1873 4943 1982 5013 γὰρ

393 5040 513 5093 θεία
564 5037 725 5107 φύσις
779 5035 942 5104 φύσει
976 5034 1132 5097 Θεός.
1167 5035 1277 5087 Καὶ
1310 5033 1433 5086 ἐπεὶ
1466 5035 1696 5097 πολλοὺς
1733 5035 1984 5102 λέγουσιν

393 5136 454 5199 ἐξ
494 5134 676 5186 αὐτῶν
716 5132 942 5200 φθάνειν
972 5132 1054 5192 είς
1082 5128 1374 5194 ἀπάθειαν,
1412 5129 1506 5182 κα)⁸
1541 5130 1979 5198 μεταϐάλλεσθαι

395 5232 473 5290 εἰς
501 5229 600 5298 τὴν
632 5225 784 5278 θείαν
813 5225 998 5292 φύσιν,
1031 5223 1219 5276 πολλοὶ
1249 5226 1357 5295 ἄρα
1389 5225 1548 5292 φύσει
1579 5223 1712 5288 θεοὶ,
1758 5228 1853 5277 καὶ
1881 5226 1980 5294 τὴν

407 5322 728 5392 Ἑλληνικὴν
754 5319 1047 5373 πολυθεῖαν
1078 5320 1508 5390 ὑπερϐάλλοντες
1527 5318 1705 5388 πολλῴ
1722 5318 1800 5388 τῷ
1827 5319 1983 5389 ἀριθ-

398 5414 506 5485 μῷ,
539 5415 634 5466 καὶ
660 5412 782 5465 οὐδὲ
811 5410 1333 5480 καταλαμϐάνεσθαι
1362 5411 1670 5480 δυναμένῳ.

467 5506 702 5574 Λέγουσι
735 5506 960 5559 δυνατὸν
976 5501 1119 5558 εἶναι
1153 5505 1411 5571 δέξασθαι
1437 5506 1575 5574 μετὰ
1606 5505 1703 5574 τὴν
1727 5508 1855 5576 παρ’
1881 5510 1982 5559 αὐ-

393 5602 504 5663 τοῖς
544 5597 817 5651 ἀπάθειαν
871 5598 960 5650 τὸν
1010 5596 1300 5667 ἄνθρωπον
1328 5597 1501 5668 αὐτὴν
1549 5597 1648 5667 τὴν
1681 5599 1982 5651 ὑπόστασιν

397 5691 489 5745 τοῦ
523 5691 680 5759 ἁγίου
718 5690 1035 5760 Πνεύματος
1058 5690 1357 5760 αἰσθητῶς,
1383 5690 1477 5743 καὶ
1505 5692 1561 5744 ἐν
1595 5690 1745 5762 πάσῃ
1779 5691 1984 5762 πληρο-

472 5871 486 5900 ¹
519 5869 678 5925 Juan.
736 5886 848 5935 XIV,
883 5871 933 5922 6.

2066 3296 2210 3341 cant.
2251 3285 2315 3338 Et
2339 3285 2383 3337 si
2444 3284 2702 3336 adversus
2732 3295 2824 3334 eos
2857 3281 2948 3349 qui
2985 3289 3211 3348 peccant
3245 3281 3347 3335 erit
3376 3281 3660 3350 judicium,

2067 3380 2226 3443 mala,
2269 3380 2318 3432 id
2349 3387 2432 3431 est
2463 3387 2702 3446 peccata,
2726 3385 2915 3428 natura
2940 3391 3044 3427 non
3083 3385 3228 3429 sunt.
3257 3374 3410 3439 Quod
3443 3376 3484 3428 si
3509 3386 3665 3428 natu-

2067 3491 2121 3529 ra
2141 3489 2245 3527 non
2275 3483 2421 3535 sunt,
2453 3489 2478 3525 a
2510 3471 2783 3526 voluntate
2814 3469 3066 3523 nimirum
3097 3479 3146 3522 et
3179 3470 3387 3538 ignavia
3425 3469 3670 3531 proﬁcis-

2067 3579 2281 3631 cuntur,
2309 3580 2362 3622 et
2397 3567 2598 3620 idcirco
2631 3564 2927 3635 puniuntur
2944 3575 3134 3616 omnes
3153 3561 3381 3629 Operarii
3414 3561 3639 3629 fuiquita

2069 3659 2158 3713 tis.

2140 3843 2333 3895 Dicunt
2359 3839 2566 3892 animas
2591 3851 2777 3892 eorum
2820 3835 2908 3904 qui
2933 3835 3072 3902 apud
3099 3835 3245 3902 ipsos
3262 3835 3488 3902 perfecti
3517 3844 3670 3902 sunt,

2070 3944 2190 4004 post
2243 3932 2694 4001 impatibilitatem
2749 3929 2911 3984 talem
2947 3944 3009 3982 ex
3060 3927 3298 3982 cmlestis
3352 3927 3547 3996 Sponsi
3583 3943 3672 3982 so-

2072 4027 2274 4081 cietate
2331 4026 2664 4096 voluptatem
2715 4027 2938 4087 sentire,
3003 4022 3213 4092 qualem
3280 4020 3537 4076 mulieres
3600 4037 3664 4076 ex

2073 4123 2313 4178 virorum
2339 4120 2628 4177 concubitu
2659 4119 2921 4174 sentiunt.
2953 4116 3208 4171 Homines
3228 4117 3389 4186 plane
3440 4117 3670 4171 demen-

2072 4214 2288 4279 tissimi,
2309 4215 2403 4283 qui
2437 4212 2744 4268 Servatoris
2771 4211 3213 4280 conjunctionem
3252 4209 3396 4263 illam
3426 4211 3672 4265 castissi-

2072 4287 2239 4371 mam,
2266 4314 2321 4360 et
2349 4307 2416 4359 ab
2451 4306 2597 4358 omni
2645 4303 3051 4372 perturbatione
3082 4301 3491 4366 alienissimam,
3546 4317 3672 4371 per—

2075 4399 2445 4453 turbalionum
2485 4407 2647 4468 atque
2680 4396 2957 4450 libidinum
2983 4395 3195 4463 plenam
3227 4395 3590 4458 arbitrantur,
3621 4407 3676 4450 et

2078 4506 2271 4559 magna
2301 4506 2422 4545 cum
2452 4489 2752 4558 ignominia
2781 4486 3072 4553 voluptatis
3113 4484 3278 4538 [luxui
3309 4487 3575 4555 pudendis
3606 4502 3672 4540 ex

2009 4564 2051 4616 θ
2085 4585 2328 4652 partibus
2360 4582 2705 4650 provenit-nti
2739 4581 2968 4633 similem
3007 4581 3206 4631 audent
3236 4578 3527 4630 aﬂirmarc!

2139 4674 2334 4726 Dicunt
2363 4676 2623 4735 animam,
2648 4687 2765 4740 qua?
2787 4670 2924 4739 apud
2954 4670 3098 4738 ipsos
3121 4670 3577 4738 itupalibilitatetn
3605 4673 3676 4726 sit

2069 4775 2340 4829 assecuta,
2374 4767 2425 4818 itt
2461 4777 2719 4818 naturam
2747 4765 2981 4816 divinant
3024 4764 3287 4814 converti.
3326 4765 3477 4828 Quod
3505 4768 3552 4815 si
3588 4783 3672 4817 ve.

2073 4877 2190 4914 rum
2226 4870 2394 4926 esset,
2427 4869 2625 4912 natura
2680 4857 2924 4928 profecto
2970 4860 3122 4911 lieret
3177 4857 3314 4911 Deus
3357 4859 3463 4922 ille,
3497 4860 3586 4927 qui
3621 4861 3672 4912 in

2074 4961 2327 5004 naturam
2354 4948 2596 5002 divinam
2649 4947 3238 5002 convertitur.l\'atura
3293 4948 3438 5001 enim
3497 4950 3678 5002 divina

2077 5042 2218 5097 Deus
2250 5053 2336 5097 est
2369 5041 2658 5096 naturalis.
2700 5037 2768 5095 Et
2813 5041 3069 5110 quoniam
3104 5056 3168 5095 ex
3223 5040 3464 5109 ipsorum
3515 5057 3682 5110 grege

2080 5136 2276 5190 multos
2306 5144 2558 5190 asserunt
2594 5133 2659 5188 ad
2698 5134 3158 5203 itnpatibilitatem
3183 5135 3499 5203 pervenire,
3534 5145 3588 5190 et
3624 5137 3676 5190 in

2080 5241 2327 5283 naturam
2382 5229 2620 5283 divinam
2655 5230 2923 5291 converti,
2971 5229 3298 5282 multierunt
3353 5237 3544 5282 natura
3583 5231 3677 5294 dii,

2080 5322 2168 5389 qui
2202 5337 2428 5376 numero
2485 5322 2719 5387 infinito,
2757 5321 2982 5376 deorum
3037 5335 3174 5391 quos
3227 5331 3415 5390 gentes
3469 5325 3677 5376 conlin-

2081 5426 2215 5481 gunt
2248 5422 2512 5484 superent
2534 5414 2958 5469 multitudinem.

2154 5504 2299 5562 Fieri
2334 5523 2492 5578 posse
2538 5507 2751 5576 dicunt,
2785 5519 2842 5562 ut
2876 5504 3038 5561 humo
3073 5517 3192 5576 post
3226 5504 3682 5575 impatibilitatem

2086 5614 2248 5670 quam
2277 5600 2378 5671 ipsi
2408 5602 2648 5666 tradunt,
2700 5601 2869 5671 ipsam
2911 5600 3149 5670 Spiritus
3187 5599 3362 5654 sancti
3395 5611 3684 5667 personam

2089 5708 2252 5750 sensu
2283 5695 2568 5765 percipiat,
2609 5695 2740 5750 etin
2773 5694 2920 5750 omni
2970 5693 3324 5763 plenitudine.
3369 5690 3478 5747 Nos
3503 5699 3686 5745 autem
