  <div class='ocr_page' id='page_1' title='image "/cluster/home/n/w/nwhite01/storage/ocr_20150623/130/nnc1.0046979603/663.png"; bbox 0 0 4420 6462; ppageno 0'>
   <div class='ocr_carea' id='block_1_1' title="bbox 809 387 946 449">
    <p class='ocr_par' dir='ltr' id='par_1_1' title="bbox 809 387 946 449">
     <span class='ocr_line' id='line_1_1' title="bbox 809 387 946 449; baseline -0.007 -1"><span class='ocrx_word' id='word_1_1' title='bbox 809 387 946 449; x_wconf 72' lang='grc'>1287</span> 
     </span>
    </p>
   </div>
   <div class='ocr_carea' id='block_1_2' title="bbox 2040 335 2832 448">
    <p class='ocr_par' dir='ltr' id='par_1_2' title="bbox 2040 335 2832 448">
     <span class='ocr_line' id='line_1_2' title="bbox 2040 335 2832 448; baseline 0.001 -1"><span class='ocrx_word' id='word_1_2' title='bbox 2040 335 2426 448; x_wconf 56' lang='grc' dir='ltr'><strong>έυΤΗΥΜῙΙ</strong></span> <span class='ocrx_word' id='word_1_3' title='bbox 2469 387 2832 448; x_wconf 83' lang='lat' dir='ltr'><strong>ZIGABENI</strong></span> 
     </span>
    </p>
   </div>
   <div class='ocr_carea' id='block_1_3' title="bbox 3939 386 4073 448">
    <p class='ocr_par' dir='ltr' id='par_1_3' title="bbox 3939 386 4073 448">
     <span class='ocr_line' id='line_1_3' title="bbox 3939 386 4073 448; baseline -0.015 0"><span class='ocrx_word' id='word_1_4' title='bbox 3939 386 4073 448; x_wconf 72' lang='lat'>19.88</span> 
     </span>
    </p>
   </div>
   <div class='ocr_carea' id='block_1_4' title="bbox 800 498 2545 572">
    <p class='ocr_par' dir='ltr' id='par_1_4' title="bbox 800 498 2545 570">
     <span class='ocr_line' id='line_1_4' title="bbox 800 498 2545 570; baseline -0.004 -15"><span class='ocrx_word' id='word_1_5' title='bbox 800 504 867 555; x_wconf 92' lang='lat' dir='ltr'><strong>ad</strong></span> <span class='ocrx_word' id='word_1_6' title='bbox 893 503 1037 568; x_wconf 85' lang='lat' dir='ltr'><strong>ipsos</strong></span> <span class='ocrx_word' id='word_1_7' title='bbox 1069 517 1081 552; x_wconf 93' lang='lat'><strong>:</strong></span> <span class='ocrx_word' id='word_1_8' title='bbox 1116 498 1172 552; x_wconf 88' lang='lat' dir='ltr'><strong>Si</strong></span> <span class='ocrx_word' id='word_1_9' title='bbox 1203 513 1352 562; x_wconf 77' lang='lat' dir='ltr'><strong>vera,</strong></span> <span class='ocrx_word' id='word_1_10' title='bbox 1379 499 1678 566; x_wconf 79' lang='lat' dir='ltr'><strong>inquimus,</strong></span> <span class='ocrx_word' id='word_1_11' title='bbox 1711 509 1851 554; x_wconf 83' lang='lat' dir='ltr'><strong>esset</strong></span> <span class='ocrx_word' id='word_1_12' title='bbox 1885 500 2026 568; x_wconf 83' lang='lat' dir='ltr'><strong>apud</strong></span> <span class='ocrx_word' id='word_1_13' title='bbox 2061 517 2153 554; x_wconf 76' lang='lat' dir='ltr'><strong>vos</strong></span> <span class='ocrx_word' id='word_1_14' title='bbox 2178 503 2387 570; x_wconf 80' lang='lat' dir='ltr'><strong>impati-</strong></span> <span class='ocrx_word' id='word_1_15' title='bbox 2424 505 2467 560; x_wconf 79' lang='grc' dir='ltr'><strong>Α</strong></span> <span class='ocrx_word' id='word_1_16' title='bbox 2498 519 2545 568; x_wconf 67' lang='lat' dir='ltr'><strong>qu</strong></span> 
     </span>
    </p>
   </div>
   <div class='ocr_carea' id='block_1_5' title="bbox 2328 498 4073 572">
    <p class='ocr_par' dir='ltr' id='par_1_5' title="bbox 2328 499 4073 572">
     <span class='ocr_line' id='line_1_5' title="bbox 2328 499 4073 572; baseline 0.001 -20"><span class='ocrx_word' id='word_1_17' title='bbox 2328 503 2387 552; x_wconf 78' lang='lat' dir='ltr'><strong>ti-</strong></span> <span class='ocrx_word' id='word_1_18' title='bbox 2424 505 2467 560; x_wconf 79' lang='grc' dir='ltr'><strong>Α</strong></span> <span class='ocrx_word' id='word_1_19' title='bbox 2498 502 2686 572; x_wconf 78' lang='grc' dir='ltr'><strong>φορίᾳ.</strong></span> <span class='ocrx_word' id='word_1_20' title='bbox 2716 501 2901 568; x_wconf 63' lang='grc' dir='ltr'><strong>Φαμὲν</strong></span> <span class='ocrx_word' id='word_1_21' title='bbox 2930 500 2986 553; x_wconf 72' lang='grc' dir='ltr'><strong>δὲ</strong></span> <span class='ocrx_word' id='word_1_22' title='bbox 3011 500 3174 570; x_wconf 79' lang='grc' dir='ltr'><strong>ἡμεῖς</strong></span> <span class='ocrx_word' id='word_1_23' title='bbox 3214 501 3350 572; x_wconf 78' lang='grc' dir='ltr'><strong>πρδς</strong></span> <span class='ocrx_word' id='word_1_24' title='bbox 3382 501 3580 563; x_wconf 79' lang='grc' dir='ltr'><strong>αὐτοὺς</strong></span> <span class='ocrx_word' id='word_1_25' title='bbox 3603 514 3618 531; x_wconf 88' lang='grc'>⁶</span> <span class='ocrx_word' id='word_1_26' title='bbox 3651 500 3713 552; x_wconf 85' lang='lat' dir='ltr'><strong>El</strong></span> <span class='ocrx_word' id='word_1_27' title='bbox 3747 500 3848 568; x_wconf 80' lang='grc' dir='ltr'><strong>μὲν</strong></span> <span class='ocrx_word' id='word_1_28' title='bbox 3868 499 4073 566; x_wconf 65' lang='grc' dir='ltr'><strong>ἀληθὴς</strong></span> 
     </span>
    </p>
   </div>
   <div class='ocr_carea' id='block_1_6' title="bbox 803 591 2392 655">
    <p class='ocr_par' dir='ltr' id='par_1_6' title="bbox 803 591 2392 655">
     <span class='ocr_line' id='line_1_6' title="bbox 803 591 2392 655; baseline 0.001 -12"><span class='ocrx_word' id='word_1_29' title='bbox 803 591 1008 655; x_wconf 83' lang='lat' dir='ltr'><strong>billtas,</strong></span> <span class='ocrx_word' id='word_1_30' title='bbox 1041 604 1105 643; x_wconf 88' lang='lat' dir='ltr'><strong>ac</strong></span> <span class='ocrx_word' id='word_1_31' title='bbox 1144 604 1248 642; x_wconf 90' lang='lat' dir='ltr'><strong>non</strong></span> <span class='ocrx_word' id='word_1_32' title='bbox 1272 592 1490 642; x_wconf 91' lang='lat' dir='ltr'><strong>omnino</strong></span> <span class='ocrx_word' id='word_1_33' title='bbox 1515 591 1674 655; x_wconf 83' lang='lat' dir='ltr'><strong>falsa,</strong></span> <span class='ocrx_word' id='word_1_34' title='bbox 1709 606 1830 644; x_wconf 91' lang='lat' dir='ltr'><strong>cum</strong></span> <span class='ocrx_word' id='word_1_35' title='bbox 1866 593 1998 644; x_wconf 92' lang='lat' dir='ltr'><strong>lides</strong></span> <span class='ocrx_word' id='word_1_36' title='bbox 2035 603 2215 644; x_wconf 80' lang='lat' dir='ltr'><strong>vestra</strong></span> <span class='ocrx_word' id='word_1_37' title='bbox 2241 592 2392 644; x_wconf 79' lang='lat' dir='ltr'><strong>adul-</strong></span> 
     </span>
    </p>
   </div>
   <div class='ocr_carea' id='block_1_7' title="bbox 802 681 2397 750">
    <p class='ocr_par' dir='ltr' id='par_1_7' title="bbox 802 681 2397 750">
     <span class='ocr_line' id='line_1_7' title="bbox 802 681 2397 750; baseline -0.001 -16"><span class='ocrx_word' id='word_1_38' title='bbox 802 683 982 735; x_wconf 82' lang='lat' dir='ltr'><strong>terina</strong></span> <span class='ocrx_word' id='word_1_39' title='bbox 1008 693 1168 749; x_wconf 89' lang='lat' dir='ltr'><strong>atque</strong></span> <span class='ocrx_word' id='word_1_40' title='bbox 1189 681 1431 749; x_wconf 91' lang='lat' dir='ltr'><strong>improba</strong></span> <span class='ocrx_word' id='word_1_41' title='bbox 1471 683 1769 750; x_wconf 88' lang='lat' dir='ltr'><strong>rejiciatur,</strong></span> <span class='ocrx_word' id='word_1_42' title='bbox 1804 683 1870 734; x_wconf 89' lang='lat' dir='ltr'><strong>ad</strong></span> <span class='ocrx_word' id='word_1_43' title='bbox 1911 682 2012 736; x_wconf 87' lang='lat' dir='ltr'><strong>hoc</strong></span> <span class='ocrx_word' id='word_1_44' title='bbox 2041 682 2206 734; x_wconf 87' lang='lat' dir='ltr'><strong>etiam</strong></span> <span class='ocrx_word' id='word_1_45' title='bbox 2235 689 2397 749; x_wconf 85' lang='lat' dir='ltr'><strong>caput</strong></span> 
     </span>
    </p>
   </div>
   <div class='ocr_carea' id='block_1_8' title="bbox 804 770 2398 839">
    <p class='ocr_par' dir='ltr' id='par_1_8' title="bbox 804 770 2398 839">
     <span class='ocr_line' id='line_1_8' title="bbox 804 770 2398 839; baseline -0.002 -15"><span class='ocrx_word' id='word_1_46' title='bbox 804 773 1285 839; x_wconf 84' lang='lat' dir='ltr'><strong>responderemus.</strong></span> <span class='ocrx_word' id='word_1_47' title='bbox 1341 770 1533 822; x_wconf 84' lang='lat' dir='ltr'><strong>Verum</strong></span> <span class='ocrx_word' id='word_1_48' title='bbox 1563 772 1689 839; x_wconf 84' lang='lat' dir='ltr'><strong>quia</strong></span> <span class='ocrx_word' id='word_1_49' title='bbox 1713 786 1836 824; x_wconf 91' lang='lat' dir='ltr'><strong>cum</strong></span> <span class='ocrx_word' id='word_1_50' title='bbox 1856 771 1979 824; x_wconf 86' lang='lat' dir='ltr'><strong>aliis</strong></span> <span class='ocrx_word' id='word_1_51' title='bbox 2025 770 2219 823; x_wconf 69' lang='lat' dir='ltr'><strong>vestris</strong></span> <span class='ocrx_word' id='word_1_52' title='bbox 2241 783 2398 821; x_wconf 81' lang='lat' dir='ltr'><strong>exer-</strong></span> 
     </span>
    </p>
   </div>
   <div class='ocr_carea' id='block_1_9' title="bbox 802 864 2396 933">
    <p class='ocr_par' dir='ltr' id='par_1_9' title="bbox 802 864 2396 933">
     <span class='ocr_line' id='line_1_9' title="bbox 802 864 2396 933; baseline -0.001 -16"><span class='ocrx_word' id='word_1_53' title='bbox 802 865 1150 917; x_wconf 82' lang='lat' dir='ltr'><strong>citationibus</strong></span> <span class='ocrx_word' id='word_1_54' title='bbox 1170 874 1224 916; x_wconf 88' lang='lat' dir='ltr'><strong>et</strong></span> <span class='ocrx_word' id='word_1_55' title='bbox 1244 865 1342 917; x_wconf 89' lang='lat' dir='ltr'><strong>ista</strong></span> <span class='ocrx_word' id='word_1_56' title='bbox 1366 864 1628 930; x_wconf 86' lang='lat' dir='ltr'><strong>impressa</strong></span> <span class='ocrx_word' id='word_1_57' title='bbox 1648 874 1806 929; x_wconf 87' lang='lat' dir='ltr'><strong>est,et</strong></span> <span class='ocrx_word' id='word_1_58' title='bbox 1828 864 2134 933; x_wconf 74' lang='lat' dir='ltr'><strong>exploditur</strong></span> <span class='ocrx_word' id='word_1_59' title='bbox 2153 873 2211 915; x_wconf 89' lang='lat' dir='ltr'><strong>ut</strong></span> <span class='ocrx_word' id='word_1_60' title='bbox 2237 877 2396 924; x_wconf 76' lang='lat' dir='ltr'><strong>vana,</strong></span> 
     </span>
    </p>
   </div>
   <div class='ocr_carea' id='block_1_10' title="bbox 801 952 2394 1022">
    <p class='ocr_par' dir='ltr' id='par_1_10' title="bbox 801 952 2394 1022">
     <span class='ocr_line' id='line_1_10' title="bbox 801 952 2394 1022; baseline -0.001 -17"><span class='ocrx_word' id='word_1_61' title='bbox 801 966 962 1021; x_wconf 86' lang='lat' dir='ltr'><strong>atque</strong></span> <span class='ocrx_word' id='word_1_62' title='bbox 1035 956 1390 1022; x_wconf 68' lang='lat' dir='ltr'><strong>improbatur,</strong></span> <span class='ocrx_word' id='word_1_63' title='bbox 1446 969 1906 1020; x_wconf 81' lang='lat' dir='ltr'><strong>supervacaneum</strong></span> <span class='ocrx_word' id='word_1_64' title='bbox 1955 965 2038 1007; x_wconf 92' lang='lat' dir='ltr'><strong>est</strong></span> <span class='ocrx_word' id='word_1_65' title='bbox 2081 969 2143 1008; x_wconf 89' lang='lat' dir='ltr'><strong>ea</strong></span> <span class='ocrx_word' id='word_1_66' title='bbox 2207 952 2394 1005; x_wconf 88' lang='lat' dir='ltr'><strong>conari</strong></span> 
     </span>
    </p>
   </div>
   <div class='ocr_carea' id='block_1_11' title="bbox 803 1045 2396 1112">
    <p class='ocr_par' dir='ltr' id='par_1_11' title="bbox 803 1045 2396 1112">
     <span class='ocr_line' id='line_1_11' title="bbox 803 1045 2396 1112; baseline 0.001 -15"><span class='ocrx_word' id='word_1_67' title='bbox 803 1045 1109 1105; x_wconf 67' lang='lat' dir='ltr'><strong>confutare,</strong></span> <span class='ocrx_word' id='word_1_68' title='bbox 1137 1060 1256 1111; x_wconf 77' lang='lat' dir='ltr'><strong>qua:</strong></span> <span class='ocrx_word' id='word_1_69' title='bbox 1288 1059 1378 1112; x_wconf 83' lang='lat' dir='ltr'><strong>per</strong></span> <span class='ocrx_word' id='word_1_70' title='bbox 1404 1059 1460 1096; x_wconf 86' lang='lat' dir='ltr'><strong>se</strong></span> <span class='ocrx_word' id='word_1_71' title='bbox 1494 1055 1754 1098; x_wconf 89' lang='lat' dir='ltr'><strong>corruunt</strong></span> <span class='ocrx_word' id='word_1_72' title='bbox 1807 1057 1857 1098; x_wconf 91' lang='lat' dir='ltr'><strong>et</strong></span> <span class='ocrx_word' id='word_1_73' title='bbox 1887 1047 2033 1098; x_wconf 90' lang='lat' dir='ltr'><strong>nulla</strong></span> <span class='ocrx_word' id='word_1_74' title='bbox 2067 1057 2215 1100; x_wconf 88' lang='lat' dir='ltr'><strong>sunt.</strong></span> <span class='ocrx_word' id='word_1_75' title='bbox 2249 1045 2396 1098; x_wconf 85' lang='lat' dir='ltr'><strong>Dici-</strong></span> 
     </span>
    </p>
   </div>
   <div class='ocr_carea' id='block_1_12' title="bbox 805 1137 2395 1205">
    <p class='ocr_par' dir='ltr' id='par_1_12' title="bbox 805 1137 2395 1205">
     <span class='ocr_line' id='line_1_12' title="bbox 805 1137 2395 1205; baseline 0.001 -19"><span class='ocrx_word' id='word_1_76' title='bbox 805 1151 923 1188; x_wconf 89' lang='lat' dir='ltr'><strong>mus</strong></span> <span class='ocrx_word' id='word_1_77' title='bbox 973 1145 1175 1198; x_wconf 88' lang='lat' dir='ltr'><strong>autem,</strong></span> <span class='ocrx_word' id='word_1_78' title='bbox 1235 1137 1301 1188; x_wconf 91' lang='lat' dir='ltr'><strong>ad</strong></span> <span class='ocrx_word' id='word_1_79' title='bbox 1355 1151 1449 1188; x_wconf 86' lang='lat' dir='ltr'><strong>eos</strong></span> <span class='ocrx_word' id='word_1_80' title='bbox 1497 1138 1588 1205; x_wconf 91' lang='lat' dir='ltr'><strong>qui</strong></span> <span class='ocrx_word' id='word_1_81' title='bbox 1638 1147 2008 1204; x_wconf 77' lang='lat' dir='ltr'><strong>expurgantur</strong></span> <span class='ocrx_word' id='word_1_82' title='bbox 2069 1149 2125 1191; x_wconf 90' lang='lat' dir='ltr'><strong>ut</strong></span> <span class='ocrx_word' id='word_1_83' title='bbox 2174 1140 2395 1202; x_wconf 90' lang='lat' dir='ltr'><strong>debent,</strong></span> 
     </span>
    </p>
   </div>
   <div class='ocr_carea' id='block_1_13' title="bbox 801 1226 2396 1298">
    <p class='ocr_par' dir='ltr' id='par_1_13' title="bbox 801 1226 2396 1298">
     <span class='ocr_line' id='line_1_13' title="bbox 801 1226 2396 1298; baseline 0.001 -19"><span class='ocrx_word' id='word_1_84' title='bbox 801 1226 1015 1280; x_wconf 86' lang='lat' dir='ltr'><strong>Patrem</strong></span> <span class='ocrx_word' id='word_1_85' title='bbox 1043 1240 1095 1280; x_wconf 90' lang='lat' dir='ltr'><strong>et</strong></span> <span class='ocrx_word' id='word_1_86' title='bbox 1119 1227 1311 1279; x_wconf 80' lang='lat' dir='ltr'><strong>Filium</strong></span> <span class='ocrx_word' id='word_1_87' title='bbox 1339 1229 1596 1282; x_wconf 83' lang='lat' dir='ltr'><strong>accedere</strong></span> <span class='ocrx_word' id='word_1_88' title='bbox 1624 1246 1636 1281; x_wconf 92' lang='lat'>:</span> <span class='ocrx_word' id='word_1_89' title='bbox 1675 1227 1784 1296; x_wconf 81' lang='lat' dir='ltr'><strong>Ego</strong></span> <span class='ocrx_word' id='word_1_90' title='bbox 1815 1232 1983 1294; x_wconf 80' lang='lat' dir='ltr'><strong>enim,</strong></span> <span class='ocrx_word' id='word_1_91' title='bbox 2020 1231 2191 1298; x_wconf 88' lang='lat' dir='ltr'><strong>inquit</strong></span> <span class='ocrx_word' id='word_1_92' title='bbox 2215 1230 2396 1281; x_wconf 83' lang='lat' dir='ltr'><strong>Domi-</strong></span> 
     </span>
    </p>
   </div>
   <div class='ocr_carea' id='block_1_14' title="bbox 802 1319 2393 1387">
    <p class='ocr_par' dir='ltr' id='par_1_14' title="bbox 802 1319 2393 1387">
     <span class='ocr_line' id='line_1_14' title="bbox 802 1319 2393 1387; baseline -0.002 -14"><span class='ocrx_word' id='word_1_93' title='bbox 802 1333 976 1384; x_wconf 84' lang='lat' dir='ltr'><strong>nus._et</strong></span> <span class='ocrx_word' id='word_1_94' title='bbox 1012 1319 1170 1371; x_wconf 77' lang='lat' dir='ltr'><strong>Pater</strong></span> <span class='ocrx_word' id='word_1_95' title='bbox 1226 1322 1292 1370; x_wconf 82' lang='lat' dir='ltr'><strong>ad</strong></span> <span class='ocrx_word' id='word_1_96' title='bbox 1314 1335 1428 1371; x_wconf 85' lang='lat' dir='ltr'><strong>eum</strong></span> <span class='ocrx_word' id='word_1_97' title='bbox 1475 1321 1760 1384; x_wconf 75' lang='lat' dir='ltr'><strong>veniemus,</strong></span> <span class='ocrx_word' id='word_1_98' title='bbox 1796 1330 1845 1373; x_wconf 85' lang='lat' dir='ltr'><strong>et</strong></span> <span class='ocrx_word' id='word_1_99' title='bbox 1904 1323 2228 1372; x_wconf 79' lang='lat' dir='ltr'><strong>mansionem</strong></span> <span class='ocrx_word' id='word_1_100' title='bbox 2251 1321 2393 1387; x_wconf 87' lang='lat' dir='ltr'><strong>apud</strong></span> 
     </span>
    </p>
   </div>
   <div class='ocr_carea' id='block_1_15' title="bbox 800 1409 2390 1480">
    <p class='ocr_par' dir='ltr' id='par_1_15' title="bbox 800 1409 2390 1480">
     <span class='ocr_line' id='line_1_15' title="bbox 800 1409 2390 1480; baseline -0.003 -16"><span class='ocrx_word' id='word_1_101' title='bbox 800 1429 915 1465; x_wconf 80' lang='lat' dir='ltr'><strong>eum</strong></span> <span class='ocrx_word' id='word_1_102' title='bbox 936 1413 1186 1480; x_wconf 74' lang='lat' dir='ltr'><strong>faciemus</strong></span> <span class='ocrx_word' id='word_1_103' title='bbox 1239 1412 1278 1464; x_wconf 82' lang='grc'><strong>⁸.</strong></span> <span class='ocrx_word' id='word_1_104' title='bbox 1312 1411 1412 1464; x_wconf 86' lang='lat' dir='ltr'><strong>Ubi</strong></span> <span class='ocrx_word' id='word_1_105' title='bbox 1453 1421 1630 1464; x_wconf 88' lang='lat' dir='ltr'><strong>autem</strong></span> <span class='ocrx_word' id='word_1_106' title='bbox 1677 1412 1834 1464; x_wconf 85' lang='lat' dir='ltr'><strong>Pater</strong></span> <span class='ocrx_word' id='word_1_107' title='bbox 1889 1422 1942 1464; x_wconf 90' lang='lat' dir='ltr'><strong>et</strong></span> <span class='ocrx_word' id='word_1_108' title='bbox 1992 1410 2160 1464; x_wconf 86' lang='lat' dir='ltr'><strong>Filius</strong></span> <span class='ocrx_word' id='word_1_109' title='bbox 2186 1418 2289 1474; x_wconf 88' lang='lat' dir='ltr'><strong>est,</strong></span> <span class='ocrx_word' id='word_1_110' title='bbox 2319 1409 2390 1461; x_wconf 86' lang='lat' dir='ltr'><strong>ibi</strong></span> 
     </span>
    </p>
   </div>
   <div class='ocr_carea' id='block_1_16' title="bbox 805 1498 2390 1571">
    <p class='ocr_par' dir='ltr' id='par_1_16' title="bbox 805 1498 2390 1571">
     <span class='ocr_line' id='line_1_16' title="bbox 805 1498 2390 1571; baseline -0.003 -16"><span class='ocrx_word' id='word_1_111' title='bbox 805 1517 1025 1571; x_wconf 85' lang='lat' dir='ltr'><strong>prorsus</strong></span> <span class='ocrx_word' id='word_1_112' title='bbox 1068 1512 1151 1554; x_wconf 84' lang='lat' dir='ltr'><strong>est</strong></span> <span class='ocrx_word' id='word_1_113' title='bbox 1182 1500 1417 1566; x_wconf 80' lang='lat' dir='ltr'><strong>Spiritus</strong></span> <span class='ocrx_word' id='word_1_114' title='bbox 1449 1510 1689 1556; x_wconf 84' lang='lat' dir='ltr'><strong>sanctus.</strong></span> <span class='ocrx_word' id='word_1_115' title='bbox 1721 1501 1833 1554; x_wconf 85' lang='lat' dir='ltr'><strong>lloc</strong></span> <span class='ocrx_word' id='word_1_116' title='bbox 1867 1516 1996 1554; x_wconf 79' lang='lat' dir='ltr'><strong>vero</strong></span> <span class='ocrx_word' id='word_1_117' title='bbox 2023 1510 2225 1554; x_wconf 77' lang='lat' dir='ltr'><strong>sauch</strong></span> <span class='ocrx_word' id='word_1_118' title='bbox 2266 1498 2390 1552; x_wconf 81' lang='lat' dir='ltr'><strong>Tri-</strong></span> 
     </span>
    </p>
   </div>
   <div class='ocr_carea' id='block_1_17' title="bbox 799 1590 2393 1657">
    <p class='ocr_par' dir='ltr' id='par_1_17' title="bbox 799 1590 2393 1657">
     <span class='ocr_line' id='line_1_17' title="bbox 799 1590 2393 1657; baseline -0.003 -12"><span class='ocrx_word' id='word_1_119' title='bbox 799 1596 986 1645; x_wconf 84' lang='lat' dir='ltr'><strong>nitatis</strong></span> <span class='ocrx_word' id='word_1_120' title='bbox 1015 1592 1342 1645; x_wconf 83' lang='lat' dir='ltr'><strong>domicilium</strong></span> <span class='ocrx_word' id='word_1_121' title='bbox 1379 1594 1449 1644; x_wconf 90' lang='lat' dir='ltr'><strong>ita</strong></span> <span class='ocrx_word' id='word_1_122' title='bbox 1475 1592 1554 1657; x_wconf 87' lang='lat' dir='ltr'><strong>ﬁt,</strong></span> <span class='ocrx_word' id='word_1_123' title='bbox 1591 1603 1648 1646; x_wconf 95' lang='lat' dir='ltr'><strong>ut</strong></span> <span class='ocrx_word' id='word_1_124' title='bbox 1702 1593 1937 1647; x_wconf 84' lang='lat' dir='ltr'><strong>hominis</strong></span> <span class='ocrx_word' id='word_1_125' title='bbox 1967 1592 2209 1645; x_wconf 86' lang='lat' dir='ltr'><strong>conditio</strong></span> <span class='ocrx_word' id='word_1_126' title='bbox 2253 1590 2393 1656; x_wconf 80' lang='lat' dir='ltr'><strong>pati-</strong></span> 
     </span>
    </p>
   </div>
   <div class='ocr_carea' id='block_1_18' title="bbox 802 1683 2386 1750">
    <p class='ocr_par' dir='ltr' id='par_1_18' title="bbox 802 1683 2386 1750">
     <span class='ocr_line' id='line_1_18' title="bbox 802 1683 2386 1750; baseline -0.002 -15"><span class='ocrx_word' id='word_1_127' title='bbox 802 1695 908 1746; x_wconf 93' lang='lat' dir='ltr'><strong>tur,</strong></span> <span class='ocrx_word' id='word_1_128' title='bbox 950 1699 1053 1735; x_wconf 90' lang='lat' dir='ltr'><strong>non</strong></span> <span class='ocrx_word' id='word_1_129' title='bbox 1098 1692 1278 1734; x_wconf 90' lang='lat' dir='ltr'><strong>autem</strong></span> <span class='ocrx_word' id='word_1_130' title='bbox 1317 1693 1374 1734; x_wconf 89' lang='lat' dir='ltr'><strong>ut</strong></span> <span class='ocrx_word' id='word_1_131' title='bbox 1427 1692 1619 1735; x_wconf 89' lang='lat' dir='ltr'><strong>natura</strong></span> <span class='ocrx_word' id='word_1_132' title='bbox 1651 1697 1708 1736; x_wconf 87' lang='lat' dir='ltr'><strong>se</strong></span> <span class='ocrx_word' id='word_1_133' title='bbox 1743 1683 1904 1735; x_wconf 80' lang='lat' dir='ltr'><strong>habet</strong></span> <span class='ocrx_word' id='word_1_134' title='bbox 1941 1684 2053 1750; x_wconf 89' lang='lat' dir='ltr'><strong>ipsa</strong></span> <span class='ocrx_word' id='word_1_135' title='bbox 2103 1683 2386 1743; x_wconf 80' lang='lat' dir='ltr'><strong>Divinitas,</strong></span> 
     </span>
    </p>
   </div>
   <div class='ocr_carea' id='block_1_19' title="bbox 2502 587 4068 660">
    <p class='ocr_par' dir='ltr' id='par_1_19' title="bbox 2502 587 4068 660">
     <span class='ocr_line' id='line_1_19' title="bbox 2502 587 4068 660; baseline -0.003 -20"><span class='ocrx_word' id='word_1_136' title='bbox 2502 587 2569 660; x_wconf 85' lang='grc' dir='ltr'><strong>ἦν</strong></span> <span class='ocrx_word' id='word_1_137' title='bbox 2603 593 2636 660; x_wconf 75' lang='grc' dir='ltr'><strong>ὴ</strong></span> <span class='ocrx_word' id='word_1_138' title='bbox 2662 592 2806 660; x_wconf 79' lang='grc' dir='ltr'><strong>παρ’</strong></span> <span class='ocrx_word' id='word_1_139' title='bbox 2832 592 2964 660; x_wconf 82' lang='grc' dir='ltr'><strong>ὑμῖν</strong></span> <span class='ocrx_word' id='word_1_140' title='bbox 2996 591 3256 654; x_wconf 85' lang='grc' dir='ltr'><strong>ἀπάθεια,</strong></span> <span class='ocrx_word' id='word_1_141' title='bbox 3289 593 3382 644; x_wconf 75' lang='grc' dir='ltr'><strong>καὶ</strong></span> <span class='ocrx_word' id='word_1_142' title='bbox 3413 591 3473 643; x_wconf 81' lang='grc' dir='ltr'><strong>οὐ</strong></span> <span class='ocrx_word' id='word_1_143' title='bbox 3501 592 3676 659; x_wconf 85' lang='grc' dir='ltr'><strong>πάντη</strong></span> <span class='ocrx_word' id='word_1_144' title='bbox 3723 588 3946 657; x_wconf 78' lang='grc' dir='ltr'><strong>ψευδὴς,</strong></span> <span class='ocrx_word' id='word_1_145' title='bbox 3974 589 4068 638; x_wconf 68' lang='grc' dir='ltr'><strong>ἅτε</strong></span> 
     </span>
    </p>
   </div>
   <div class='ocr_carea' id='block_1_20' title="bbox 2499 673 4074 747">
    <p class='ocr_par' dir='ltr' id='par_1_20' title="bbox 2499 673 4074 747">
     <span class='ocr_line' id='line_1_20' title="bbox 2499 673 4074 747; baseline -0.006 -13"><span class='ocrx_word' id='word_1_146' title='bbox 2499 679 2600 747; x_wconf 78' lang='grc' dir='ltr'><strong>τῆς</strong></span> <span class='ocrx_word' id='word_1_147' title='bbox 2628 679 2754 732; x_wconf 82' lang='grc' dir='ltr'><strong>καθ’</strong></span> <span class='ocrx_word' id='word_1_148' title='bbox 2788 679 2942 747; x_wconf 79' lang='grc' dir='ltr'><strong>ὑμᾶς</strong></span> <span class='ocrx_word' id='word_1_149' title='bbox 2985 681 3222 741; x_wconf 83' lang='grc' dir='ltr'><strong>πίστεως</strong></span> <span class='ocrx_word' id='word_1_150' title='bbox 3260 679 3551 743; x_wconf 79' lang='grc' dir='ltr'><strong>κακοδόξου</strong></span> <span class='ocrx_word' id='word_1_151' title='bbox 3591 681 3685 732; x_wconf 83' lang='grc' dir='ltr'><strong>καὶ</strong></span> <span class='ocrx_word' id='word_1_152' title='bbox 3717 673 4074 742; x_wconf 75' lang='grc' dir='ltr'><strong>διαδεδλημι-</strong></span> 
     </span>
    </p>
   </div>
   <div class='ocr_carea' id='block_1_21' title="bbox 2501 762 4076 838">
    <p class='ocr_par' dir='ltr' id='par_1_21' title="bbox 2501 762 4076 838">
     <span class='ocr_line' id='line_1_21' title="bbox 2501 762 4076 838; baseline -0.011 -8"><span class='ocrx_word' id='word_1_153' title='bbox 2501 783 2598 835; x_wconf 85' lang='grc' dir='ltr'><strong>νης</strong></span> <span class='ocrx_word' id='word_1_154' title='bbox 2635 767 3015 837; x_wconf 78' lang='grc' dir='ltr'><strong>ὑπαρχούσης.</strong></span> <span class='ocrx_word' id='word_1_155' title='bbox 3051 767 3476 838; x_wconf 75' lang='grc' dir='ltr'><strong>ἀντειρήκειμιν</strong></span> <span class='ocrx_word' id='word_1_156' title='bbox 3498 770 3565 821; x_wconf 76' lang='grc' dir='ltr'><strong>ἂν</strong></span> <span class='ocrx_word' id='word_1_157' title='bbox 3613 770 3706 821; x_wconf 77' lang='grc' dir='ltr'><strong>καὶ</strong></span> <span class='ocrx_word' id='word_1_158' title='bbox 3745 767 3882 832; x_wconf 69' lang='grc' dir='ltr'><strong>πρὸς</strong></span> <span class='ocrx_word' id='word_1_159' title='bbox 3926 762 4076 816; x_wconf 82' lang='grc' dir='ltr'><strong>τουτὶ</strong></span> 
     </span>
    </p>
   </div>
   <div class='ocr_carea' id='block_1_22' title="bbox 2496 856 4067 928">
    <p class='ocr_par' dir='ltr' id='par_1_22' title="bbox 2496 856 4067 928">
     <span class='ocr_line' id='line_1_22' title="bbox 2496 856 4067 928; baseline 0.009 -21"><span class='ocrx_word' id='word_1_160' title='bbox 2496 856 2558 908; x_wconf 81' lang='grc' dir='ltr'><strong>τὸ</strong></span> <span class='ocrx_word' id='word_1_161' title='bbox 2592 858 2907 924; x_wconf 84' lang='grc' dir='ltr'><strong>κεφάλαιον·</strong></span> <span class='ocrx_word' id='word_1_162' title='bbox 2941 858 3064 912; x_wconf 73' lang='grc' dir='ltr'><strong>ἐπεὶ</strong></span> <span class='ocrx_word' id='word_1_163' title='bbox 3109 858 3164 909; x_wconf 80' lang='grc' dir='ltr'><strong>δὲ</strong></span> <span class='ocrx_word' id='word_1_164' title='bbox 3199 859 3338 927; x_wconf 84' lang='grc' dir='ltr'><strong>μετά</strong></span> <span class='ocrx_word' id='word_1_165' title='bbox 3369 859 3466 928; x_wconf 81' lang='grc' dir='ltr'><strong>τῆς</strong></span> <span class='ocrx_word' id='word_1_166' title='bbox 3511 859 3675 928; x_wconf 73' lang='grc' dir='ltr'><strong>ἄλλης</strong></span> <span class='ocrx_word' id='word_1_167' title='bbox 3707 859 3860 927; x_wconf 75' lang='grc' dir='ltr'><strong>ὑμῶν</strong></span> <span class='ocrx_word' id='word_1_168' title='bbox 3886 859 4067 927; x_wconf 79' lang='grc' dir='ltr'><strong>ἀσκή-</strong></span> 
     </span>
    </p>
   </div>
   <div class='ocr_carea' id='block_1_23' title="bbox 2500 947 4072 1019">
    <p class='ocr_par' dir='ltr' id='par_1_23' title="bbox 2500 947 4072 1019">
     <span class='ocr_line' id='line_1_23' title="bbox 2500 947 4072 1019; baseline 0.004 -24"><span class='ocrx_word' id='word_1_169' title='bbox 2500 961 2639 1005; x_wconf 82' lang='grc' dir='ltr'><strong>σεως</strong></span> <span class='ocrx_word' id='word_1_170' title='bbox 2669 947 3167 1015; x_wconf 80' lang='grc' dir='ltr'><strong>παρακεχάρακται</strong></span> <span class='ocrx_word' id='word_1_171' title='bbox 3197 948 3292 997; x_wconf 83' lang='grc' dir='ltr'><strong>καὶ</strong></span> <span class='ocrx_word' id='word_1_172' title='bbox 3321 947 3482 1017; x_wconf 79' lang='grc' dir='ltr'><strong>αὕτη,</strong></span> <span class='ocrx_word' id='word_1_173' title='bbox 3539 950 3634 999; x_wconf 71' lang='grc' dir='ltr'><strong>καὶ</strong></span> <span class='ocrx_word' id='word_1_174' title='bbox 3661 950 3918 1017; x_wconf 78' lang='grc' dir='ltr'><strong>ἀδόκιμος</strong></span> <span class='ocrx_word' id='word_1_175' title='bbox 3948 953 4072 1019; x_wconf 78' lang='grc' dir='ltr'><strong>κρί-</strong></span> 
     </span>
    </p>
   </div>
   <div class='ocr_carea' id='block_1_24' title="bbox 2496 1038 4072 1109">
    <p class='ocr_par' dir='ltr' id='par_1_24' title="bbox 2496 1038 4072 1109">
     <span class='ocr_line' id='line_1_24' title="bbox 2496 1038 4072 1109; baseline 0.004 -24"><span class='ocrx_word' id='word_1_176' title='bbox 2496 1052 2668 1098; x_wconf 83' lang='grc' dir='ltr'><strong>νεται,</strong></span> <span class='ocrx_word' id='word_1_177' title='bbox 2743 1038 3003 1105; x_wconf 82' lang='grc' dir='ltr'><strong>περιττὸν</strong></span> <span class='ocrx_word' id='word_1_178' title='bbox 3065 1038 3374 1105; x_wconf 77' lang='grc' dir='ltr'><strong>ἀντιλέγειν</strong></span> <span class='ocrx_word' id='word_1_179' title='bbox 3419 1041 3512 1091; x_wconf 75' lang='grc' dir='ltr'><strong>ἐπὶ</strong></span> <span class='ocrx_word' id='word_1_180' title='bbox 3560 1041 3669 1091; x_wconf 84' lang='grc' dir='ltr'><strong>τῶν</strong></span> <span class='ocrx_word' id='word_1_181' title='bbox 3726 1041 3936 1092; x_wconf 76' lang='grc' dir='ltr'><strong>οἴκοθεν</strong></span> <span class='ocrx_word' id='word_1_182' title='bbox 3973 1045 4072 1109; x_wconf 74' lang='grc' dir='ltr'><strong>τὴν</strong></span> 
     </span>
    </p>
   </div>
   <div class='ocr_carea' id='block_1_25' title="bbox 2501 1129 4070 1201">
    <p class='ocr_par' dir='ltr' id='par_1_25' title="bbox 2501 1129 4070 1201">
     <span class='ocr_line' id='line_1_25' title="bbox 2501 1129 4070 1201; baseline 0.002 -21"><span class='ocrx_word' id='word_1_183' title='bbox 2501 1129 2820 1196; x_wconf 79' lang='grc' dir='ltr'><strong>ἀνατροπὴν</strong></span> <span class='ocrx_word' id='word_1_184' title='bbox 2853 1129 3106 1196; x_wconf 85' lang='grc' dir='ltr'><strong>ἐχόντων.</strong></span> <span class='ocrx_word' id='word_1_185' title='bbox 3168 1130 3420 1197; x_wconf 78' lang='grc' dir='ltr'><strong>Λέγομεν</strong></span> <span class='ocrx_word' id='word_1_186' title='bbox 3452 1130 3528 1190; x_wconf 79' lang='grc' dir='ltr'><strong>δὲ,</strong></span> <span class='ocrx_word' id='word_1_187' title='bbox 3582 1131 3675 1182; x_wconf 76' lang='grc' dir='ltr'><strong>καὶ</strong></span> <span class='ocrx_word' id='word_1_188' title='bbox 3715 1134 4070 1201; x_wconf 80' lang='grc' dir='ltr'><strong>πιστεύομεν,</strong></span> 
     </span>
    </p>
   </div>
   <div class='ocr_carea' id='block_1_26' title="bbox 2497 1218 4072 1290">
    <p class='ocr_par' dir='ltr' id='par_1_26' title="bbox 2497 1218 4072 1290">
     <span class='ocr_line' id='line_1_26' title="bbox 2497 1218 4072 1290; baseline 0.004 -22"><span class='ocrx_word' id='word_1_189' title='bbox 2497 1219 2578 1269; x_wconf 84' lang='grc' dir='ltr'><strong>ὅτι</strong></span> <span class='ocrx_word' id='word_1_190' title='bbox 2615 1218 2750 1286; x_wconf 80' lang='grc' dir='ltr'><strong>πρὸς</strong></span> <span class='ocrx_word' id='word_1_191' title='bbox 2780 1218 2870 1269; x_wconf 79' lang='grc' dir='ltr'><strong>τὸν</strong></span> <span class='ocrx_word' id='word_1_192' title='bbox 2901 1219 3314 1288; x_wconf 66' lang='grc' dir='ltr'><strong>κεκαθαρμένον</strong></span> <span class='ocrx_word' id='word_1_193' title='bbox 3345 1220 3418 1282; x_wconf 82' lang='grc' dir='ltr'><strong>ὡς</strong></span> <span class='ocrx_word' id='word_1_194' title='bbox 3466 1221 3569 1290; x_wconf 76' lang='grc' dir='ltr'><strong>χρὴ</strong></span> <span class='ocrx_word' id='word_1_195' title='bbox 3591 1220 3948 1289; x_wconf 74' lang='grc' dir='ltr'><strong>καθαίρεσθαι</strong></span> <span class='ocrx_word' id='word_1_196' title='bbox 3983 1226 4072 1289; x_wconf 82' lang='grc' dir='ltr'><strong>γί-</strong></span> 
     </span>
    </p>
   </div>
   <div class='ocr_carea' id='block_1_27' title="bbox 2499 1306 4069 1374">
    <p class='ocr_par' dir='ltr' id='par_1_27' title="bbox 2499 1306 4069 1374">
     <span class='ocr_line' id='line_1_27' title="bbox 2499 1306 4069 1374; baseline 0.001 -17"><span class='ocrx_word' id='word_1_197' title='bbox 2499 1307 2648 1357; x_wconf 76' lang='grc' dir='ltr'><strong>νεταί</strong></span> <span class='ocrx_word' id='word_1_198' title='bbox 2702 1324 2784 1368; x_wconf 89' lang='grc' dir='ltr'><strong>τις</strong></span> <span class='ocrx_word' id='word_1_199' title='bbox 2815 1306 3083 1374; x_wconf 81' lang='grc' dir='ltr'><strong>ἐπιδημία</strong></span> <span class='ocrx_word' id='word_1_200' title='bbox 3114 1307 3331 1359; x_wconf 81' lang='grc' dir='ltr'><strong>καὶτοῦ</strong></span> <span class='ocrx_word' id='word_1_201' title='bbox 3387 1310 3599 1374; x_wconf 83' lang='grc' dir='ltr'><strong>Πατρὸς</strong></span> <span class='ocrx_word' id='word_1_202' title='bbox 3636 1311 3728 1360; x_wconf 80' lang='grc' dir='ltr'><strong>καὶ</strong></span> <span class='ocrx_word' id='word_1_203' title='bbox 3770 1310 3864 1360; x_wconf 87' lang='grc' dir='ltr'><strong>τοῦ</strong></span> <span class='ocrx_word' id='word_1_204' title='bbox 3917 1309 4069 1373; x_wconf 80' lang='grc' dir='ltr'><strong>Υίοῦ,</strong></span> 
     </span>
    </p>
   </div>
   <div class='ocr_carea' id='block_1_28' title="bbox 2497 1393 4072 1464">
    <p class='ocr_par' dir='ltr' id='par_1_28' title="bbox 2497 1393 4072 1464">
     <span class='ocr_line' id='line_1_28' title="bbox 2497 1393 4072 1464; baseline 0.003 -20"><span class='ocrx_word' id='word_1_205' title='bbox 2497 1393 2677 1456; x_wconf 85' lang='grc' dir='ltr'><strong>καθὼς</strong></span> <span class='ocrx_word' id='word_1_206' title='bbox 2730 1396 2948 1462; x_wconf 72' lang='grc' dir='ltr'><strong>εἴρηκεν</strong></span> <span class='ocrx_word' id='word_1_207' title='bbox 3001 1396 3029 1446; x_wconf 99' lang='lat'><strong>6</strong></span> <span class='ocrx_word' id='word_1_208' title='bbox 3064 1396 3290 1464; x_wconf 77' lang='grc' dir='ltr'><strong>Κύριος,</strong></span> <span class='ocrx_word' id='word_1_209' title='bbox 3345 1397 3424 1447; x_wconf 85' lang='grc' dir='ltr'><strong>ὅτι</strong></span> <span class='ocrx_word' id='word_1_210' title='bbox 3498 1396 3646 1464; x_wconf 69' lang='grc' dir='ltr'><strong>Ἐγὼ</strong></span> <span class='ocrx_word' id='word_1_211' title='bbox 3679 1398 3775 1448; x_wconf 77' lang='grc' dir='ltr'><strong>καὶ</strong></span> <span class='ocrx_word' id='word_1_212' title='bbox 3807 1401 3838 1448; x_wconf 85' lang='grc' dir='ltr'><strong>ό</strong></span> <span class='ocrx_word' id='word_1_213' title='bbox 3872 1399 4072 1464; x_wconf 74' lang='grc' dir='ltr'><strong>Πατὴρ</strong></span> 
     </span>
    </p>
   </div>
   <div class='ocr_carea' id='block_1_29' title="bbox 2495 1482 4071 1554">
    <p class='ocr_par' dir='ltr' id='par_1_29' title="bbox 2495 1482 4071 1554">
     <span class='ocr_line' id='line_1_29' title="bbox 2495 1482 4071 1554; baseline 0.003 -20"><span class='ocrx_word' id='word_1_214' title='bbox 2495 1483 2886 1549; x_wconf 70' lang='grc' dir='ltr'><strong>ἐλευσόμεθα,</strong></span> <span class='ocrx_word' id='word_1_215' title='bbox 2919 1482 3019 1535; x_wconf 73' lang='grc' dir='ltr'><strong>καὶ</strong></span> <span class='ocrx_word' id='word_1_216' title='bbox 3066 1483 3268 1551; x_wconf 79' lang='grc' dir='ltr'><strong>μονὴν</strong></span> <span class='ocrx_word' id='word_1_217' title='bbox 3321 1483 3459 1551; x_wconf 81' lang='grc' dir='ltr'><strong>παρ’</strong></span> <span class='ocrx_word' id='word_1_218' title='bbox 3507 1485 3669 1549; x_wconf 78' lang='grc' dir='ltr'><strong>αὐτῷ</strong></span> <span class='ocrx_word' id='word_1_219' title='bbox 3713 1487 4071 1554; x_wconf 76' lang='grc' dir='ltr'><strong>ποιήσομεν.</strong></span> 
     </span>
    </p>
   </div>
   <div class='ocr_carea' id='block_1_30' title="bbox 2499 1571 4072 1641">
    <p class='ocr_par' dir='ltr' id='par_1_30' title="bbox 2499 1571 4072 1641">
     <span class='ocr_line' id='line_1_30' title="bbox 2499 1571 4072 1641; baseline 0.003 -19"><span class='ocrx_word' id='word_1_220' title='bbox 2499 1571 2672 1623; x_wconf 76' lang='grc' dir='ltr'><strong>Ὀπου</strong></span> <span class='ocrx_word' id='word_1_221' title='bbox 2703 1571 2760 1622; x_wconf 78' lang='grc' dir='ltr'><strong>δὲ</strong></span> <span class='ocrx_word' id='word_1_222' title='bbox 2791 1573 2818 1622; x_wconf 93' lang='lat'><strong>6</strong></span> <span class='ocrx_word' id='word_1_223' title='bbox 2858 1572 3050 1641; x_wconf 79' lang='grc' dir='ltr'><strong>Πατὴρ</strong></span> <span class='ocrx_word' id='word_1_224' title='bbox 3075 1573 3168 1624; x_wconf 78' lang='grc' dir='ltr'><strong>καὶ</strong></span> <span class='ocrx_word' id='word_1_225' title='bbox 3200 1574 3228 1623; x_wconf 94' lang='lat'><strong>6</strong></span> <span class='ocrx_word' id='word_1_226' title='bbox 3259 1573 3404 1637; x_wconf 75' lang='grc' dir='ltr'><strong>Υἱὸς,</strong></span> <span class='ocrx_word' id='word_1_227' title='bbox 3440 1576 3564 1626; x_wconf 81' lang='grc' dir='ltr'><strong>ἐκεῖ</strong></span> <span class='ocrx_word' id='word_1_228' title='bbox 3615 1576 3832 1637; x_wconf 82' lang='grc' dir='ltr'><strong>πάντως</strong></span> <span class='ocrx_word' id='word_1_229' title='bbox 3888 1580 3978 1628; x_wconf 78' lang='grc' dir='ltr'><strong>καὶ</strong></span> <span class='ocrx_word' id='word_1_230' title='bbox 4008 1579 4072 1627; x_wconf 76' lang='grc' dir='ltr'><strong>τὸ</strong></span> 
     </span>
    </p>
   </div>
   <div class='ocr_carea' id='block_1_31' title="bbox 2496 1661 4070 1733">
    <p class='ocr_par' dir='ltr' id='par_1_31' title="bbox 2496 1661 4070 1733">
     <span class='ocr_line' id='line_1_31' title="bbox 2496 1661 4070 1733; baseline 0.002 -21"><span class='ocrx_word' id='word_1_231' title='bbox 2496 1661 2719 1728; x_wconf 80' lang='grc' dir='ltr'><strong>Πνεῦμα</strong></span> <span class='ocrx_word' id='word_1_232' title='bbox 2745 1661 2805 1712; x_wconf 83' lang='grc' dir='ltr'><strong>τὸ</strong></span> <span class='ocrx_word' id='word_1_233' title='bbox 2839 1662 3014 1728; x_wconf 77' lang='grc' dir='ltr'><strong>ἅγιον.</strong></span> <span class='ocrx_word' id='word_1_234' title='bbox 3051 1662 3112 1714; x_wconf 80' lang='grc' dir='ltr'>Ἡ</span> <span class='ocrx_word' id='word_1_235' title='bbox 3142 1661 3196 1713; x_wconf 84' lang='grc' dir='ltr'><strong>δέ</strong></span> <span class='ocrx_word' id='word_1_236' title='bbox 3225 1662 3323 1731; x_wconf 79' lang='grc' dir='ltr'><strong>τῆς</strong></span> <span class='ocrx_word' id='word_1_237' title='bbox 3349 1664 3508 1728; x_wconf 82' lang='grc' dir='ltr'><strong>ἁγίας</strong></span> <span class='ocrx_word' id='word_1_238' title='bbox 3540 1663 3767 1732; x_wconf 80' lang='grc' dir='ltr'><strong>Τριάδος</strong></span> <span class='ocrx_word' id='word_1_239' title='bbox 3797 1666 4070 1733; x_wconf 81' lang='grc' dir='ltr'><strong>ἐνοίκησις</strong></span> 
     </span>
    </p>
   </div>
   <div class='ocr_carea' id='block_1_32' title="bbox 797 1753 2542 1842">
    <p class='ocr_par' dir='ltr' id='par_1_32' title="bbox 797 1753 2537 1842">
     <span class='ocr_line' id='line_1_32' title="bbox 797 1753 2537 1842; baseline 0.001 -20"><span class='ocrx_word' id='word_1_240' title='bbox 797 1787 958 1842; x_wconf 86' lang='lat' dir='ltr'><strong>quam</strong></span> <span class='ocrx_word' id='word_1_241' title='bbox 993 1782 1178 1839; x_wconf 85' lang='lat' dir='ltr'><strong>utpote</strong></span> <span class='ocrx_word' id='word_1_242' title='bbox 1232 1771 1499 1825; x_wconf 88' lang='lat' dir='ltr'><strong>inﬁnitam</strong></span> <span class='ocrx_word' id='word_1_243' title='bbox 1550 1781 1606 1826; x_wconf 88' lang='lat' dir='ltr'><strong>et</strong></span> <span class='ocrx_word' id='word_1_244' title='bbox 1659 1772 2164 1841; x_wconf 83' lang='lat' dir='ltr'><strong>incomprehensam</strong></span> <span class='ocrx_word' id='word_1_245' title='bbox 2230 1771 2388 1824; x_wconf 77' lang='lat' dir='ltr'><strong>nulla:</strong></span> <span class='ocrx_word' id='word_1_246' title='bbox 2421 1819 2462 1842; x_wconf 59' lang='grc' dir='ltr'><strong>η</strong></span> <span class='ocrx_word' id='word_1_247' title='bbox 2492 1753 2537 1803; x_wconf 72' lang='grc' dir='ltr'><strong>ὠ</strong></span> 
     </span>
    </p>
   </div>
   <div class='ocr_carea' id='block_1_33' title="bbox 2323 1753 4068 1842">
    <p class='ocr_par' dir='ltr' id='par_1_33' title="bbox 2326 1753 4068 1842">
     <span class='ocr_line' id='line_1_33' title="bbox 2326 1753 4068 1842; baseline 0.002 -39"><span class='ocrx_word' id='word_1_248' title='bbox 2326 1772 2388 1823; x_wconf 66' lang='grc' dir='ltr'>ιω</span> <span class='ocrx_word' id='word_1_249' title='bbox 2421 1819 2462 1842; x_wconf 52' lang='grc' dir='ltr'>ἢ</span> <span class='ocrx_word' id='word_1_250' title='bbox 2492 1753 2567 1814; x_wconf 83' lang='grc' dir='ltr'><strong>ὡς</strong></span> <span class='ocrx_word' id='word_1_251' title='bbox 2597 1753 2824 1804; x_wconf 75' lang='grc' dir='ltr'><strong>δυνατὸν</strong></span> <span class='ocrx_word' id='word_1_252' title='bbox 2858 1753 3137 1823; x_wconf 78' lang='grc' dir='ltr'><strong>ἀνθρώπῳ</strong></span> <span class='ocrx_word' id='word_1_253' title='bbox 3163 1757 3356 1824; x_wconf 81' lang='grc' dir='ltr'><strong>χωρεῖν</strong></span> <span class='ocrx_word' id='word_1_254' title='bbox 3385 1755 3558 1824; x_wconf 78' lang='grc' dir='ltr'><strong>αὐτὴν</strong></span> <span class='ocrx_word' id='word_1_255' title='bbox 3582 1757 3812 1822; x_wconf 80' lang='grc' dir='ltr'><strong>γίνεται,</strong></span> <span class='ocrx_word' id='word_1_256' title='bbox 3849 1757 3942 1809; x_wconf 75' lang='grc' dir='ltr'><strong>καὶ</strong></span> <span class='ocrx_word' id='word_1_257' title='bbox 3973 1759 4068 1825; x_wconf 77' lang='grc' dir='ltr'><strong>οὐχ</strong></span> 
     </span>
    </p>
   </div>
   <div class='ocr_carea' id='block_1_34' title="bbox 803 1865 1496 1932">
    <p class='ocr_par' dir='ltr' id='par_1_34' title="bbox 803 1865 1496 1932">
     <span class='ocr_line' id='line_1_34' title="bbox 803 1865 1496 1932; baseline 0.003 -16"><span class='ocrx_word' id='word_1_258' title='bbox 803 1879 888 1918; x_wconf 86' lang='lat' dir='ltr'><strong>res</strong></span> <span class='ocrx_word' id='word_1_259' title='bbox 918 1865 1141 1932; x_wconf 87' lang='lat' dir='ltr'><strong>capiunt</strong></span> <span class='ocrx_word' id='word_1_260' title='bbox 1178 1872 1496 1932; x_wconf 60' lang='lat' dir='ltr'><strong>procreatae.</strong></span> 
     </span>
    </p>
   </div>
   <div class='ocr_carea' id='block_1_35' title="bbox 873 2036 2385 2098">
    <p class='ocr_par' dir='ltr' id='par_1_35' title="bbox 873 2036 2385 2098">
     <span class='ocr_line' id='line_1_35' title="bbox 873 2036 2385 2098; baseline -0.003 -5"><span class='ocrx_word' id='word_1_261' title='bbox 873 2040 1038 2093; x_wconf 83' lang='lat' dir='ltr'><strong>Binas</strong></span> <span class='ocrx_word' id='word_1_262' title='bbox 1055 2040 1200 2092; x_wconf 88' lang='lat' dir='ltr'><strong>aiunt</strong></span> <span class='ocrx_word' id='word_1_263' title='bbox 1221 2038 1489 2092; x_wconf 84' lang='lat' dir='ltr'><strong>hominem</strong></span> <span class='ocrx_word' id='word_1_264' title='bbox 1513 2037 1712 2091; x_wconf 67' lang='lat' dir='ltr'><strong>habere</strong></span> <span class='ocrx_word' id='word_1_265' title='bbox 1731 2036 1940 2090; x_wconf 85' lang='lat' dir='ltr'><strong>animas</strong></span> <span class='ocrx_word' id='word_1_266' title='bbox 1976 2037 2194 2098; x_wconf 78' lang='lat' dir='ltr'><strong>debere,</strong></span> <span class='ocrx_word' id='word_1_267' title='bbox 2221 2051 2385 2088; x_wconf 90' lang='lat' dir='ltr'><strong>unam</strong></span> 
     </span>
    </p>
   </div>
   <div class='ocr_carea' id='block_1_36' title="bbox 800 2131 2383 2192">
    <p class='ocr_par' dir='ltr' id='par_1_36' title="bbox 800 2131 2383 2192">
     <span class='ocr_line' id='line_1_36' title="bbox 800 2131 2383 2192; baseline -0.004 -6"><span class='ocrx_word' id='word_1_268' title='bbox 800 2134 1054 2186; x_wconf 82' lang='lat' dir='ltr'><strong>munibus</strong></span> <span class='ocrx_word' id='word_1_269' title='bbox 1087 2132 1395 2185; x_wconf 86' lang='lat' dir='ltr'><strong>hominibus</strong></span> <span class='ocrx_word' id='word_1_270' title='bbox 1422 2143 1790 2192; x_wconf 86' lang='lat' dir='ltr'><strong>communem,</strong></span> <span class='ocrx_word' id='word_1_271' title='bbox 1814 2131 2042 2182; x_wconf 80' lang='lat' dir='ltr'><strong>alteram</strong></span> <span class='ocrx_word' id='word_1_272' title='bbox 2086 2131 2383 2181; x_wconf 66' lang='lat' dir='ltr'><strong>calestem.</strong></span> 
     </span>
    </p>
   </div>
   <div class='ocr_carea' id='block_1_37' title="bbox 799 2221 2386 2290">
    <p class='ocr_par' dir='ltr' id='par_1_37' title="bbox 799 2221 2386 2290">
     <span class='ocr_line' id='line_1_37' title="bbox 799 2221 2386 2290; baseline -0.005 -11"><span class='ocrx_word' id='word_1_273' title='bbox 799 2226 856 2280; x_wconf 87' lang='lat' dir='ltr'><strong>Si</strong></span> <span class='ocrx_word' id='word_1_274' title='bbox 892 2226 1063 2279; x_wconf 86' lang='lat' dir='ltr'><strong>libros</strong></span> <span class='ocrx_word' id='word_1_275' title='bbox 1089 2225 1174 2278; x_wconf 86' lang='lat' dir='ltr'><strong>isti</strong></span> <span class='ocrx_word' id='word_1_276' title='bbox 1199 2222 1484 2288; x_wconf 80' lang='lat' dir='ltr'><strong>Mosaicos,</strong></span> <span class='ocrx_word' id='word_1_277' title='bbox 1519 2229 1572 2276; x_wconf 88' lang='lat' dir='ltr'><strong>et</strong></span> <span class='ocrx_word' id='word_1_278' title='bbox 1603 2222 1740 2276; x_wconf 89' lang='lat' dir='ltr'><strong>alios</strong></span> <span class='ocrx_word' id='word_1_279' title='bbox 1767 2221 2112 2290; x_wconf 83' lang='lat' dir='ltr'><strong>propheticos</strong></span> <span class='ocrx_word' id='word_1_280' title='bbox 2135 2221 2386 2275; x_wconf 87' lang='lat' dir='ltr'><strong>admitte-</strong></span> 
     </span>
    </p>
   </div>
   <div class='ocr_carea' id='block_1_38' title="bbox 801 2313 2377 2385">
    <p class='ocr_par' dir='ltr' id='par_1_38' title="bbox 801 2313 2377 2385">
     <span class='ocr_line' id='line_1_38' title="bbox 801 2313 2377 2385; baseline -0.006 -12"><span class='ocrx_word' id='word_1_281' title='bbox 801 2330 938 2382; x_wconf 83' lang='lat' dir='ltr'><strong>rent,</strong></span> <span class='ocrx_word' id='word_1_282' title='bbox 965 2333 1029 2371; x_wconf 84' lang='lat' dir='ltr'><strong>ex</strong></span> <span class='ocrx_word' id='word_1_283' title='bbox 1072 2317 1178 2371; x_wconf 87' lang='lat' dir='ltr'><strong>illis</strong></span> <span class='ocrx_word' id='word_1_284' title='bbox 1209 2323 1524 2385; x_wconf 78' lang='lat' dir='ltr'><strong>argumenta</strong></span> <span class='ocrx_word' id='word_1_285' title='bbox 1556 2329 1920 2377; x_wconf 84' lang='lat' dir='ltr'><strong>sumeremus,</strong></span> <span class='ocrx_word' id='word_1_286' title='bbox 1947 2313 2144 2383; x_wconf 80' lang='lat' dir='ltr'><strong>quibus</strong></span> <span class='ocrx_word' id='word_1_287' title='bbox 2161 2313 2377 2380; x_wconf 73' lang='lat' dir='ltr'><strong>opinio-</strong></span> 
     </span>
    </p>
   </div>
   <div class='ocr_carea' id='block_1_39' title="bbox 801 2403 2386 2463">
    <p class='ocr_par' dir='ltr' id='par_1_39' title="bbox 801 2403 2386 2463">
     <span class='ocr_line' id='line_1_39' title="bbox 801 2403 2386 2463; baseline -0.004 -1"><span class='ocrx_word' id='word_1_288' title='bbox 801 2424 922 2463; x_wconf 81' lang='lat' dir='ltr'><strong>nem</strong></span> <span class='ocrx_word' id='word_1_289' title='bbox 967 2407 1122 2460; x_wconf 84' lang='lat' dir='ltr'><strong>istam</strong></span> <span class='ocrx_word' id='word_1_290' title='bbox 1167 2406 1354 2460; x_wconf 76' lang='lat' dir='ltr'><strong>falsam</strong></span> <span class='ocrx_word' id='word_1_291' title='bbox 1397 2421 1518 2460; x_wconf 82' lang='lat' dir='ltr'><strong>esse</strong></span> <span class='ocrx_word' id='word_1_292' title='bbox 1551 2406 2072 2460; x_wconf 84' lang='lat' dir='ltr'><strong>demOnstrarcmus.</strong></span> <span class='ocrx_word' id='word_1_293' title='bbox 2114 2403 2269 2456; x_wconf 82' lang='lat' dir='ltr'><strong>Nunc</strong></span> <span class='ocrx_word' id='word_1_294' title='bbox 2290 2417 2386 2456; x_wconf 82' lang='lat' dir='ltr'><strong>au-</strong></span> 
     </span>
    </p>
   </div>
   <div class='ocr_carea' id='block_1_40' title="bbox 799 2495 2384 2568">
    <p class='ocr_par' dir='ltr' id='par_1_40' title="bbox 799 2495 2384 2568">
     <span class='ocr_line' id='line_1_40' title="bbox 799 2495 2384 2568; baseline -0.004 -15"><span class='ocrx_word' id='word_1_295' title='bbox 799 2511 908 2553; x_wconf 75' lang='lat' dir='ltr'><strong>tem</strong></span> <span class='ocrx_word' id='word_1_296' title='bbox 941 2498 1523 2568; x_wconf 74' lang='lat' dir='ltr'><strong>quoniamevangelica</strong></span> <span class='ocrx_word' id='word_1_297' title='bbox 1551 2506 1756 2550; x_wconf 79' lang='lat' dir='ltr'><strong>tantum</strong></span> <span class='ocrx_word' id='word_1_298' title='bbox 1786 2508 1840 2551; x_wconf 85' lang='lat' dir='ltr'><strong>et</strong></span> <span class='ocrx_word' id='word_1_299' title='bbox 1874 2498 2166 2566; x_wconf 85' lang='lat' dir='ltr'><strong>apostolica</strong></span> <span class='ocrx_word' id='word_1_300' title='bbox 2184 2495 2384 2562; x_wconf 82' lang='lat' dir='ltr'><strong>scripta</strong></span> 
     </span>
    </p>
   </div>
   <div class='ocr_carea' id='block_1_41' title="bbox 798 2587 2384 2656">
    <p class='ocr_par' dir='ltr' id='par_1_41' title="bbox 798 2587 2384 2656">
     <span class='ocr_line' id='line_1_41' title="bbox 798 2587 2384 2656; baseline -0.004 -11"><span class='ocrx_word' id='word_1_301' title='bbox 798 2609 858 2647; x_wconf 88' lang='lat' dir='ltr'><strong>se</strong></span> <span class='ocrx_word' id='word_1_302' title='bbox 910 2591 1200 2644; x_wconf 85' lang='lat' dir='ltr'><strong>admittere</strong></span> <span class='ocrx_word' id='word_1_303' title='bbox 1239 2589 1588 2652; x_wconf 90' lang='lat' dir='ltr'><strong>conﬁtentur,</strong></span> <span class='ocrx_word' id='word_1_304' title='bbox 1622 2590 1845 2642; x_wconf 89' lang='lat' dir='ltr'><strong>amliant</strong></span> <span class='ocrx_word' id='word_1_305' title='bbox 1883 2588 2010 2656; x_wconf 91' lang='lat' dir='ltr'><strong>quid</strong></span> <span class='ocrx_word' id='word_1_306' title='bbox 2035 2587 2292 2641; x_wconf 78' lang='lat' dir='ltr'><strong>Dominus</strong></span> <span class='ocrx_word' id='word_1_307' title='bbox 2314 2587 2384 2638; x_wconf 86' lang='lat' dir='ltr'><strong>ad</strong></span> 
     </span>
    </p>
   </div>
   <div class='ocr_carea' id='block_1_42' title="bbox 799 2679 2385 2752">
    <p class='ocr_par' dir='ltr' id='par_1_42' title="bbox 799 2679 2385 2752">
     <span class='ocr_line' id='line_1_42' title="bbox 799 2679 2385 2752; baseline -0.004 -14"><span class='ocrx_word' id='word_1_308' title='bbox 799 2684 1232 2752; x_wconf 83' lang='lat' dir='ltr'><strong>apostolosdicat</strong></span> <span class='ocrx_word' id='word_1_309' title='bbox 1273 2680 1512 2747; x_wconf 82' lang='lat' dir='ltr'><strong>:Nolite,</strong></span> <span class='ocrx_word' id='word_1_310' title='bbox 1565 2684 1756 2750; x_wconf 86' lang='lat' dir='ltr'><strong>Inquit,</strong></span> <span class='ocrx_word' id='word_1_311' title='bbox 1791 2683 1971 2734; x_wconf 82' lang='lat' dir='ltr'><strong>timere</strong></span> <span class='ocrx_word' id='word_1_312' title='bbox 1995 2696 2082 2733; x_wconf 85' lang='lat' dir='ltr'><strong>eos</strong></span> <span class='ocrx_word' id='word_1_313' title='bbox 2136 2682 2225 2745; x_wconf 88' lang='lat' dir='ltr'><strong>qui</strong></span> <span class='ocrx_word' id='word_1_314' title='bbox 2249 2679 2385 2732; x_wconf 88' lang='lat' dir='ltr'><strong>occi-</strong></span> 
     </span>
    </p>
   </div>
   <div class='ocr_carea' id='block_1_43' title="bbox 798 2774 2381 2840">
    <p class='ocr_par' dir='ltr' id='par_1_43' title="bbox 798 2774 2381 2840">
     <span class='ocr_line' id='line_1_43' title="bbox 798 2774 2381 2840; baseline -0.002 -14"><span class='ocrx_word' id='word_1_315' title='bbox 798 2778 928 2826; x_wconf 75' lang='lat' dir='ltr'><strong>dum</strong></span> <span class='ocrx_word' id='word_1_316' title='bbox 954 2791 1164 2840; x_wconf 86' lang='lat' dir='ltr'><strong>corpus,</strong></span> <span class='ocrx_word' id='word_1_317' title='bbox 1194 2776 1425 2825; x_wconf 85' lang='lat' dir='ltr'><strong>animam</strong></span> <span class='ocrx_word' id='word_1_318' title='bbox 1475 2784 1648 2825; x_wconf 86' lang='lat' dir='ltr'><strong>autem</strong></span> <span class='ocrx_word' id='word_1_319' title='bbox 1699 2788 1812 2824; x_wconf 18' lang='lat' dir='ltr'><strong>non,</strong></span> <span class='ocrx_word' id='word_1_320' title='bbox 1856 2781 2070 2836; x_wconf 84' lang='lat' dir='ltr'><strong>possunt</strong></span> <span class='ocrx_word' id='word_1_321' title='bbox 2118 2774 2381 2836; x_wconf 82' lang='lat' dir='ltr'><strong>occidere;</strong></span> 
     </span>
    </p>
   </div>
   <div class='ocr_carea' id='block_1_44' title="bbox 796 2867 2384 2933">
    <p class='ocr_par' dir='ltr' id='par_1_44' title="bbox 796 2867 2384 2933">
     <span class='ocr_line' id='line_1_44' title="bbox 796 2867 2384 2933; baseline -0.001 -14"><span class='ocrx_word' id='word_1_322' title='bbox 796 2884 914 2919; x_wconf 85' lang='lat' dir='ltr'><strong>eum</strong></span> <span class='ocrx_word' id='word_1_323' title='bbox 951 2868 1122 2933; x_wconf 90' lang='lat' dir='ltr'><strong>potius</strong></span> <span class='ocrx_word' id='word_1_324' title='bbox 1169 2867 1366 2927; x_wconf 83' lang='lat' dir='ltr'><strong>timete,</strong></span> <span class='ocrx_word' id='word_1_325' title='bbox 1416 2867 1504 2932; x_wconf 85' lang='lat' dir='ltr'><strong>qui</strong></span> <span class='ocrx_word' id='word_1_326' title='bbox 1540 2874 1708 2929; x_wconf 77' lang='lat' dir='ltr'><strong>potest</strong></span> <span class='ocrx_word' id='word_1_327' title='bbox 1737 2875 1788 2918; x_wconf 88' lang='lat' dir='ltr'><strong>et</strong></span> <span class='ocrx_word' id='word_1_328' title='bbox 1843 2867 2077 2917; x_wconf 81' lang='lat' dir='ltr'><strong>animant</strong></span> <span class='ocrx_word' id='word_1_329' title='bbox 2112 2877 2162 2918; x_wconf 84' lang='lat' dir='ltr'><strong>et</strong></span> <span class='ocrx_word' id='word_1_330' title='bbox 2196 2879 2384 2931; x_wconf 80' lang='lat' dir='ltr'><strong>corpus</strong></span> 
     </span>
    </p>
   </div>
   <div class='ocr_carea' id='block_1_45' title="bbox 796 2954 2384 3025">
    <p class='ocr_par' dir='ltr' id='par_1_45' title="bbox 796 2954 2384 3025">
     <span class='ocr_line' id='line_1_45' title="bbox 796 2954 2384 3025; baseline -0.001 -16"><span class='ocrx_word' id='word_1_331' title='bbox 796 2957 1009 3025; x_wconf 83' lang='lat' dir='ltr'><strong>perdere</strong></span> <span class='ocrx_word' id='word_1_332' title='bbox 1033 2957 1073 3007; x_wconf 82' lang='grc'><strong>³.</strong></span> <span class='ocrx_word' id='word_1_333' title='bbox 1131 2955 1195 3007; x_wconf 68' lang='lat' dir='ltr'><strong>lit</strong></span> <span class='ocrx_word' id='word_1_334' title='bbox 1212 2954 1412 3008; x_wconf 78' lang='lat' dir='ltr'><strong>Paulus</strong></span> <span class='ocrx_word' id='word_1_335' title='bbox 1435 2957 1709 3022; x_wconf 68' lang='lat' dir='ltr'><strong>apostolus</strong></span> <span class='ocrx_word' id='word_1_336' title='bbox 1731 2955 1784 3008; x_wconf 86' lang='lat' dir='ltr'><strong>in</strong></span> <span class='ocrx_word' id='word_1_337' title='bbox 1809 2954 2020 3009; x_wconf 86' lang='lat' dir='ltr'><strong>Troade</strong></span> <span class='ocrx_word' id='word_1_338' title='bbox 2043 2971 2165 3010; x_wconf 88' lang='lat' dir='ltr'><strong>cum</strong></span> <span class='ocrx_word' id='word_1_339' title='bbox 2197 2967 2384 3008; x_wconf 89' lang='lat' dir='ltr'><strong>omnes</strong></span> 
     </span>
    </p>
   </div>
   <div class='ocr_carea' id='block_1_46' title="bbox 800 3043 2382 3114">
    <p class='ocr_par' dir='ltr' id='par_1_46' title="bbox 800 3043 2382 3114">
     <span class='ocr_line' id='line_1_46' title="bbox 800 3043 2382 3114; baseline -0.003 -16"><span class='ocrx_word' id='word_1_340' title='bbox 800 3046 1100 3114; x_wconf 69' lang='lat' dir='ltr'><strong>Eutychen:</strong></span> <span class='ocrx_word' id='word_1_341' title='bbox 1134 3057 1404 3097; x_wconf 91' lang='lat' dir='ltr'><strong>mortuum</strong></span> <span class='ocrx_word' id='word_1_342' title='bbox 1470 3045 1847 3099; x_wconf 67' lang='lat' dir='ltr'><strong>existimarent</strong></span> <span class='ocrx_word' id='word_1_343' title='bbox 1885 3063 1898 3098; x_wconf 90' lang='lat'><strong>:</strong></span> <span class='ocrx_word' id='word_1_344' title='bbox 1940 3043 2142 3109; x_wconf 78' lang='lat' dir='ltr'><strong>Nolite,</strong></span> <span class='ocrx_word' id='word_1_345' title='bbox 2183 3043 2382 3112; x_wconf 86' lang='lat' dir='ltr'><strong>inquit,</strong></span> 
     </span>
    </p>
   </div>
   <div class='ocr_carea' id='block_1_47' title="bbox 2417 1819 4071 1920">
    <p class='ocr_par' dir='ltr' id='par_1_47' title="bbox 2417 1819 4071 1920">
     <span class='ocr_line' id='line_1_47' title="bbox 2417 1819 4071 1920; baseline 0.002 -24"><span class='ocrx_word' id='word_1_346' title='bbox 2417 1819 2465 1879; x_wconf 72' lang='grc' dir='ltr'><strong>Β</strong></span> <span class='ocrx_word' id='word_1_347' title='bbox 2491 1843 2568 1905; x_wconf 85' lang='grc' dir='ltr'><strong>ὡς</strong></span> <span class='ocrx_word' id='word_1_348' title='bbox 2600 1845 2716 1912; x_wconf 72' lang='grc' dir='ltr'><strong>ἔχει</strong></span> <span class='ocrx_word' id='word_1_349' title='bbox 2740 1819 3016 1914; x_wconf 28' lang='grc' dir='ltr'><strong>φύσεωςνὴ</strong></span> <span class='ocrx_word' id='word_1_350' title='bbox 3313 1819 3621 1914; x_wconf 76' lang='grc' dir='ltr'><strong>Ἀχὼρητος</strong></span> <span class='ocrx_word' id='word_1_351' title='bbox 3638 1847 3746 1916; x_wconf 86' lang='grc' dir='ltr'><strong>γάρ</strong></span> <span class='ocrx_word' id='word_1_352' title='bbox 3763 1847 3902 1917; x_wconf 81' lang='grc' dir='ltr'><strong>αὕτη</strong></span> <span class='ocrx_word' id='word_1_353' title='bbox 3923 1819 4071 1920; x_wconf 71' lang='grc' dir='ltr'><strong>πάσῇ</strong></span> 
     </span>
    </p>
   </div>
   <div class='ocr_carea' id='block_1_48' title="bbox 2487 1932 3882 2004">
    <p class='ocr_par' dir='ltr' id='par_1_48' title="bbox 2487 1932 3882 2004">
     <span class='ocr_line' id='line_1_48' title="bbox 2487 1932 3882 2004; baseline 0.003 -19"><span class='ocrx_word' id='word_1_354' title='bbox 2487 1938 2554 2004; x_wconf 79' lang='grc' dir='ltr'><strong>τῇ</strong></span> <span class='ocrx_word' id='word_1_355' title='bbox 2592 1935 2766 1985; x_wconf 79' lang='grc' dir='ltr'><strong>κτίσει</strong></span> <span class='ocrx_word' id='word_1_356' title='bbox 2791 1933 2878 1986; x_wconf 87' lang='grc' dir='ltr'><strong>διά</strong></span> <span class='ocrx_word' id='word_1_357' title='bbox 2911 1932 2972 1985; x_wconf 79' lang='grc' dir='ltr'><strong>τὸ</strong></span> <span class='ocrx_word' id='word_1_358' title='bbox 3003 1933 3234 2003; x_wconf 84' lang='grc' dir='ltr'><strong>ἀπειρον</strong></span> <span class='ocrx_word' id='word_1_359' title='bbox 3260 1934 3430 2003; x_wconf 77' lang='grc' dir='ltr'><strong>αὐτῆς</strong></span> <span class='ocrx_word' id='word_1_360' title='bbox 3473 1933 3571 1987; x_wconf 80' lang='grc' dir='ltr'><strong>καὶ</strong></span> <span class='ocrx_word' id='word_1_361' title='bbox 3609 1937 3882 2003; x_wconf 84' lang='grc' dir='ltr'><strong>ἀόριστον.</strong></span> 
     </span>
    </p>
   </div>
   <div class='ocr_carea' id='block_1_49' title="bbox 2559 2023 4068 2096">
    <p class='ocr_par' dir='ltr' id='par_1_49' title="bbox 2559 2023 4068 2096">
     <span class='ocr_line' id='line_1_49' title="bbox 2559 2023 4068 2096; baseline 0 -20"><span class='ocrx_word' id='word_1_362' title='bbox 2559 2025 2800 2091; x_wconf 79' lang='grc' dir='ltr'><strong>Λέγουσι</strong></span> <span class='ocrx_word' id='word_1_363' title='bbox 2837 2023 2931 2076; x_wconf 83' lang='grc' dir='ltr'><strong>δύο</strong></span> <span class='ocrx_word' id='word_1_364' title='bbox 2953 2024 3130 2093; x_wconf 73' lang='grc' dir='ltr'><strong>ψυχὰς</strong></span> <span class='ocrx_word' id='word_1_365' title='bbox 3163 2023 3402 2091; x_wconf 73' lang='grc' dir='ltr'><strong>ὀφείὶειν</strong></span> <span class='ocrx_word' id='word_1_366' title='bbox 3459 2024 3605 2093; x_wconf 77' lang='grc' dir='ltr'><strong>ἔχειν</strong></span> <span class='ocrx_word' id='word_1_367' title='bbox 3636 2025 3728 2077; x_wconf 82' lang='grc' dir='ltr'><strong>τὸν</strong></span> <span class='ocrx_word' id='word_1_368' title='bbox 3761 2027 4068 2096; x_wconf 84' lang='grc' dir='ltr'><strong>ἄνθρωπον,</strong></span> 
     </span>
    </p>
   </div>
   <div class='ocr_carea' id='block_1_50' title="bbox 2490 2115 4065 2187">
    <p class='ocr_par' dir='ltr' id='par_1_50' title="bbox 2490 2115 4065 2187">
     <span class='ocr_line' id='line_1_50' title="bbox 2490 2115 4065 2187; baseline 0.002 -21"><span class='ocrx_word' id='word_1_369' title='bbox 2490 2116 2618 2184; x_wconf 86' lang='grc' dir='ltr'><strong>μίαν</strong></span> <span class='ocrx_word' id='word_1_370' title='bbox 2646 2115 2748 2185; x_wconf 82' lang='grc' dir='ltr'><strong>μὲν</strong></span> <span class='ocrx_word' id='word_1_371' title='bbox 2772 2117 2872 2184; x_wconf 71' lang='grc' dir='ltr'><strong>τὴν</strong></span> <span class='ocrx_word' id='word_1_372' title='bbox 2899 2116 3087 2186; x_wconf 80' lang='grc' dir='ltr'><strong>κοινὴν</strong></span> <span class='ocrx_word' id='word_1_373' title='bbox 3119 2115 3450 2183; x_wconf 77' lang='grc' dir='ltr'><strong>ἀνθρώποις,</strong></span> <span class='ocrx_word' id='word_1_374' title='bbox 3477 2116 3673 2185; x_wconf 79' lang='grc' dir='ltr'><strong>ἑτέραν</strong></span> <span class='ocrx_word' id='word_1_375' title='bbox 3695 2117 3752 2169; x_wconf 82' lang='grc' dir='ltr'><strong>δέ</strong></span> <span class='ocrx_word' id='word_1_376' title='bbox 3779 2117 3879 2186; x_wconf 86' lang='grc' dir='ltr'><strong>τὴν</strong></span> <span class='ocrx_word' id='word_1_377' title='bbox 3907 2118 4065 2187; x_wconf 75' lang='grc' dir='ltr'><strong>οὑράο</strong></span> 
     </span>
    </p>
   </div>
   <div class='ocr_carea' id='block_1_51' title="bbox 2489 2201 4068 2274">
    <p class='ocr_par' dir='ltr' id='par_1_51' title="bbox 2489 2201 4068 2274">
     <span class='ocr_line' id='line_1_51' title="bbox 2489 2201 4068 2274; baseline 0.004 -18"><span class='ocrx_word' id='word_1_378' title='bbox 2489 2222 2623 2260; x_wconf 92' lang='grc' dir='ltr'><strong>νιον.</strong></span> <span class='ocrx_word' id='word_1_379' title='bbox 2659 2207 2718 2257; x_wconf 84' lang='lat' dir='ltr'><strong>El</strong></span> <span class='ocrx_word' id='word_1_380' title='bbox 2754 2205 2852 2274; x_wconf 80' lang='grc' dir='ltr'><strong>μὲν</strong></span> <span class='ocrx_word' id='word_1_381' title='bbox 2881 2201 2974 2258; x_wconf 87' lang='grc' dir='ltr'><strong>οῦν</strong></span> <span class='ocrx_word' id='word_1_382' title='bbox 3005 2205 3249 2274; x_wconf 77' lang='grc' dir='ltr'><strong>ἐδέχοντο</strong></span> <span class='ocrx_word' id='word_1_383' title='bbox 3295 2207 3393 2269; x_wconf 86' lang='grc' dir='ltr'><strong>τάς</strong></span> <span class='ocrx_word' id='word_1_384' title='bbox 3422 2223 3480 2258; x_wconf 85' lang='grc' dir='ltr'><strong>τε</strong></span> <span class='ocrx_word' id='word_1_385' title='bbox 3515 2209 3812 2270; x_wconf 79' lang='grc' dir='ltr'><strong>Μωσαῖκάς</strong></span> <span class='ocrx_word' id='word_1_386' title='bbox 3848 2212 3940 2261; x_wconf 71' lang='grc' dir='ltr'><strong>καὶ</strong></span> <span class='ocrx_word' id='word_1_387' title='bbox 3969 2215 4068 2274; x_wconf 72' lang='grc' dir='ltr'><strong>τὰς</strong></span> 
     </span>
    </p>
   </div>
   <div class='ocr_carea' id='block_1_52' title="bbox 2489 2295 4070 2370">
    <p class='ocr_par' dir='ltr' id='par_1_52' title="bbox 2489 2295 4070 2370">
     <span class='ocr_line' id='line_1_52' title="bbox 2489 2295 4070 2370; baseline 0.004 -22"><span class='ocrx_word' id='word_1_388' title='bbox 2489 2297 2656 2357; x_wconf 72' lang='grc' dir='ltr'><strong>ἄλλας</strong></span> <span class='ocrx_word' id='word_1_389' title='bbox 2707 2295 3057 2366; x_wconf 79' lang='grc' dir='ltr'><strong>προφητικάς</strong></span> <span class='ocrx_word' id='word_1_390' title='bbox 3110 2296 3347 2362; x_wconf 75' lang='grc' dir='ltr'><strong>βίϐλους,</strong></span> <span class='ocrx_word' id='word_1_391' title='bbox 3386 2296 3595 2348; x_wconf 81' lang='grc' dir='ltr'><strong>ἐκεῖθεν</strong></span> <span class='ocrx_word' id='word_1_392' title='bbox 3627 2299 3692 2350; x_wconf 84' lang='grc' dir='ltr'><strong>ἀν</strong></span> <span class='ocrx_word' id='word_1_393' title='bbox 3723 2299 3904 2364; x_wconf 65' lang='grc' dir='ltr'><strong>αὺτοῖς</strong></span> <span class='ocrx_word' id='word_1_394' title='bbox 3928 2319 4070 2370; x_wconf 66' lang='grc' dir='ltr'><strong>παρ-</strong></span> 
     </span>
    </p>
   </div>
   <div class='ocr_carea' id='block_1_53' title="bbox 2485 2387 4066 2460">
    <p class='ocr_par' dir='ltr' id='par_1_53' title="bbox 2485 2387 4066 2460">
     <span class='ocr_line' id='line_1_53' title="bbox 2485 2387 4066 2460; baseline 0.004 -22"><span class='ocrx_word' id='word_1_395' title='bbox 2485 2387 2774 2456; x_wconf 81' lang='grc' dir='ltr'><strong>ηγάγομεν</strong></span> <span class='ocrx_word' id='word_1_396' title='bbox 2807 2388 2902 2450; x_wconf 82' lang='grc' dir='ltr'><strong>τὰς</strong></span> <span class='ocrx_word' id='word_1_397' title='bbox 2935 2387 3239 2454; x_wconf 75' lang='grc' dir='ltr'><strong>ἀποδείξεις</strong></span> <span class='ocrx_word' id='word_1_398' title='bbox 3287 2388 3602 2458; x_wconf 81' lang='grc' dir='ltr'><strong>ἐλέγχοντες</strong></span> <span class='ocrx_word' id='word_1_399' title='bbox 3652 2391 3712 2442; x_wconf 86' lang='grc' dir='ltr'><strong>τὸ</strong></span> <span class='ocrx_word' id='word_1_400' title='bbox 3745 2391 3939 2460; x_wconf 75' lang='grc' dir='ltr'><strong>ψεῦδος</strong></span> <span class='ocrx_word' id='word_1_401' title='bbox 3972 2394 4066 2444; x_wconf 86' lang='grc' dir='ltr'><strong>τοῦ</strong></span> 
     </span>
    </p>
   </div>
   <div class='ocr_carea' id='block_1_54' title="bbox 2485 2479 4067 2550">
    <p class='ocr_par' dir='ltr' id='par_1_54' title="bbox 2485 2479 4067 2550">
     <span class='ocr_line' id='line_1_54' title="bbox 2485 2479 4067 2550; baseline 0.004 -20"><span class='ocrx_word' id='word_1_402' title='bbox 2485 2480 2726 2531; x_wconf 82' lang='grc' dir='ltr'><strong>τοιούτου</strong></span> <span class='ocrx_word' id='word_1_403' title='bbox 2755 2479 3046 2550; x_wconf 86' lang='grc' dir='ltr'><strong>δόγματος·</strong></span> <span class='ocrx_word' id='word_1_404' title='bbox 3068 2481 3188 2532; x_wconf 78' lang='grc' dir='ltr'><strong>ἐπεὶ</strong></span> <span class='ocrx_word' id='word_1_405' title='bbox 3201 2480 3257 2534; x_wconf 83' lang='grc' dir='ltr'><strong>δέ</strong></span> <span class='ocrx_word' id='word_1_406' title='bbox 3278 2481 3448 2543; x_wconf 85' lang='grc' dir='ltr'><strong>τάςτε</strong></span> <span class='ocrx_word' id='word_1_407' title='bbox 3473 2481 3833 2549; x_wconf 75' lang='grc' dir='ltr'><strong>εὐαγγελικάς</strong></span> <span class='ocrx_word' id='word_1_408' title='bbox 3866 2486 4067 2547; x_wconf 70' lang='grc' dir='ltr'><strong>καὶτὰς</strong></span> 
     </span>
    </p>
   </div>
   <div class='ocr_carea' id='block_1_55' title="bbox 2485 2571 4064 2643">
    <p class='ocr_par' dir='ltr' id='par_1_55' title="bbox 2485 2571 4064 2643">
     <span class='ocr_line' id='line_1_55' title="bbox 2485 2571 4064 2643; baseline 0.003 -21"><span class='ocrx_word' id='word_1_409' title='bbox 2485 2571 2854 2632; x_wconf 82' lang='grc' dir='ltr'><strong>άποστολικάς</strong></span> <span class='ocrx_word' id='word_1_410' title='bbox 2883 2572 3018 2633; x_wconf 86' lang='grc' dir='ltr'><strong>τέως</strong></span> <span class='ocrx_word' id='word_1_411' title='bbox 3041 2571 3402 2641; x_wconf 83' lang='grc' dir='ltr'><strong>ὁμολογοῦσιν</strong></span> <span class='ocrx_word' id='word_1_412' title='bbox 3452 2573 3794 2636; x_wconf 74' lang='grc' dir='ltr'><strong>ἀσπάζεσθαι</strong></span> <span class='ocrx_word' id='word_1_413' title='bbox 3829 2575 4064 2643; x_wconf 70' lang='grc' dir='ltr'><strong>βίϐλους,</strong></span> 
     </span>
    </p>
   </div>
   <div class='ocr_carea' id='block_1_56' title="bbox 2486 2659 4067 2734">
    <p class='ocr_par' dir='ltr' id='par_1_56' title="bbox 2486 2659 4067 2734">
     <span class='ocr_line' id='line_1_56' title="bbox 2486 2659 4067 2734; baseline 0.003 -20"><span class='ocrx_word' id='word_1_414' title='bbox 2486 2664 2649 2730; x_wconf 79' lang='grc' dir='ltr'><strong>φησὶν</strong></span> <span class='ocrx_word' id='word_1_415' title='bbox 2676 2665 2704 2716; x_wconf 88' lang='lat'><strong>6</strong></span> <span class='ocrx_word' id='word_1_416' title='bbox 2733 2663 2939 2734; x_wconf 75' lang='grc' dir='ltr'><strong>Κύριος</strong></span> <span class='ocrx_word' id='word_1_417' title='bbox 2978 2664 3115 2733; x_wconf 85' lang='grc' dir='ltr'><strong>πρὸς</strong></span> <span class='ocrx_word' id='word_1_418' title='bbox 3163 2666 3288 2725; x_wconf 70' lang='grc' dir='ltr'><strong>τοὺς</strong></span> <span class='ocrx_word' id='word_1_419' title='bbox 3321 2665 3655 2726; x_wconf 78' lang='grc' dir='ltr'><strong>ἀποστόλους</strong></span> <span class='ocrx_word' id='word_1_420' title='bbox 3677 2659 3821 2732; x_wconf 45' lang='lat' dir='ltr'><strong>&quot;Mi;</strong></span> <span class='ocrx_word' id='word_1_421' title='bbox 3868 2667 4067 2733; x_wconf 62' lang='grc' dir='ltr'><strong>φοϐεῖ-</strong></span> 
     </span>
    </p>
   </div>
   <div class='ocr_carea' id='block_1_57' title="bbox 2484 2753 4059 2824">
    <p class='ocr_par' dir='ltr' id='par_1_57' title="bbox 2484 2753 4059 2824">
     <span class='ocr_line' id='line_1_57' title="bbox 2484 2753 4059 2824; baseline 0.001 -18"><span class='ocrx_word' id='word_1_422' title='bbox 2484 2758 2595 2807; x_wconf 85' lang='grc' dir='ltr'><strong>σθε</strong></span> <span class='ocrx_word' id='word_1_423' title='bbox 2623 2754 2743 2807; x_wconf 79' lang='grc' dir='ltr'><strong>ἀπὸ</strong></span> <span class='ocrx_word' id='word_1_424' title='bbox 2801 2753 2920 2806; x_wconf 85' lang='grc' dir='ltr'><strong>τῶν</strong></span> <span class='ocrx_word' id='word_1_425' title='bbox 2946 2755 3429 2808; x_wconf 78' lang='grc' dir='ltr'><strong>ἀποκτεινόντων</strong></span> <span class='ocrx_word' id='word_1_426' title='bbox 3482 2755 3547 2807; x_wconf 90' lang='grc' dir='ltr'><strong>τὸ</strong></span> <span class='ocrx_word' id='word_1_427' title='bbox 3582 2754 3754 2824; x_wconf 83' lang='grc' dir='ltr'><strong>σῶμα</strong></span> <span class='ocrx_word' id='word_1_428' title='bbox 3777 2795 3790 2818; x_wconf 87' lang='grc'><strong>,</strong></span> <span class='ocrx_word' id='word_1_429' title='bbox 3827 2757 3940 2824; x_wconf 78' lang='grc' dir='ltr'><strong>τὴν</strong></span> <span class='ocrx_word' id='word_1_430' title='bbox 3989 2757 4059 2808; x_wconf 77' lang='grc' dir='ltr'><strong>δὲ</strong></span> 
     </span>
    </p>
   </div>
   <div class='ocr_carea' id='block_1_58' title="bbox 2485 2845 4062 2916">
    <p class='ocr_par' dir='ltr' id='par_1_58' title="bbox 2485 2845 4062 2916">
     <span class='ocr_line' id='line_1_58' title="bbox 2485 2845 4062 2916; baseline 0.003 -18"><span class='ocrx_word' id='word_1_431' title='bbox 2485 2845 2699 2914; x_wconf 63' lang='grc' dir='ltr'><strong>ψυχὴν</strong></span> <span class='ocrx_word' id='word_1_432' title='bbox 2739 2845 2826 2913; x_wconf 79' lang='grc' dir='ltr'><strong>μὴ</strong></span> <span class='ocrx_word' id='word_1_433' title='bbox 2891 2845 3249 2914; x_wconf 80' lang='grc' dir='ltr'><strong>δυναμένων</strong></span> <span class='ocrx_word' id='word_1_434' title='bbox 3305 2847 3678 2900; x_wconf 77' lang='grc' dir='ltr'><strong>ἀποκτεῖναι·</strong></span> <span class='ocrx_word' id='word_1_435' title='bbox 3760 2849 4062 2916; x_wconf 68' lang='grc' dir='ltr'><strong>φοεήθητε</strong></span> 
     </span>
    </p>
   </div>
   <div class='ocr_carea' id='block_1_59' title="bbox 2489 2934 4063 3007">
    <p class='ocr_par' dir='ltr' id='par_1_59' title="bbox 2489 2934 4063 3007">
     <span class='ocr_line' id='line_1_59' title="bbox 2489 2934 4063 3007; baseline 0.003 -18"><span class='ocrx_word' id='word_1_436' title='bbox 2489 2938 2556 2989; x_wconf 77' lang='grc' dir='ltr'><strong>δὲ</strong></span> <span class='ocrx_word' id='word_1_437' title='bbox 2631 2934 2876 3006; x_wconf 71' lang='grc' dir='ltr'><strong>μᾶλλον</strong></span> <span class='ocrx_word' id='word_1_438' title='bbox 2946 2939 3053 2990; x_wconf 80' lang='grc' dir='ltr'><strong>τὸν</strong></span> <span class='ocrx_word' id='word_1_439' title='bbox 3125 2937 3468 3006; x_wconf 79' lang='grc' dir='ltr'><strong>δυνάμενον</strong></span> <span class='ocrx_word' id='word_1_440' title='bbox 3527 2940 3624 2990; x_wconf 75' lang='grc' dir='ltr'><strong>καὶ</strong></span> <span class='ocrx_word' id='word_1_441' title='bbox 3683 2941 3892 3007; x_wconf 67' lang='grc' dir='ltr'><strong>Ψυχὴν</strong></span> <span class='ocrx_word' id='word_1_442' title='bbox 3961 2942 4063 2993; x_wconf 74' lang='grc' dir='ltr'><strong>καὶ</strong></span> 
     </span>
    </p>
   </div>
   <div class='ocr_carea' id='block_1_60' title="bbox 2485 3025 4063 3097">
    <p class='ocr_par' dir='ltr' id='par_1_60' title="bbox 2485 3025 4063 3097">
     <span class='ocr_line' id='line_1_60' title="bbox 2485 3025 4063 3097; baseline 0.002 -16"><span class='ocrx_word' id='word_1_443' title='bbox 2485 3025 2656 3097; x_wconf 83' lang='grc' dir='ltr'><strong>σῶμα</strong></span> <span class='ocrx_word' id='word_1_444' title='bbox 2697 3029 3014 3082; x_wconf 77' lang='grc' dir='ltr'><strong>ἀπολέσαι.</strong></span> <span class='ocrx_word' id='word_1_445' title='bbox 3077 3030 3185 3082; x_wconf 71' lang='grc' dir='ltr'><strong>Καὶ</strong></span> <span class='ocrx_word' id='word_1_446' title='bbox 3239 3026 3448 3090; x_wconf 73' lang='grc' dir='ltr'><strong>Παῦλος</strong></span> <span class='ocrx_word' id='word_1_447' title='bbox 3495 3029 3553 3081; x_wconf 90' lang='grc' dir='ltr'><strong>δέ</strong></span> <span class='ocrx_word' id='word_1_448' title='bbox 3583 3033 3610 3081; x_wconf 89' lang='grc' dir='ltr'>ὁ</span> <span class='ocrx_word' id='word_1_449' title='bbox 3643 3032 3964 3096; x_wconf 69' lang='grc' dir='ltr'><strong>ἀπόστιλος,</strong></span> <span class='ocrx_word' id='word_1_450' title='bbox 4005 3035 4063 3084; x_wconf 81' lang='grc' dir='ltr'><strong>ἐν</strong></span> 
     </span>
    </p>
   </div>
   <div class='ocr_carea' id='block_1_61' title="bbox 799 3121 2544 3220">
    <p class='ocr_par' dir='ltr' id='par_1_61' title="bbox 799 3121 2544 3218">
     <span class='ocr_line' id='line_1_61' title="bbox 799 3121 2544 3218; baseline -0.001 -27"><span class='ocrx_word' id='word_1_451' title='bbox 799 3138 1117 3203; x_wconf 82' lang='lat' dir='ltr'><strong>perturbari,</strong></span> <span class='ocrx_word' id='word_1_452' title='bbox 1148 3139 1327 3188; x_wconf 85' lang='lat' dir='ltr'><strong>anima</strong></span> <span class='ocrx_word' id='word_1_453' title='bbox 1353 3139 1489 3190; x_wconf 83' lang='lat' dir='ltr'><strong>enim</strong></span> <span class='ocrx_word' id='word_1_454' title='bbox 1521 3137 1634 3205; x_wconf 82' lang='lat' dir='ltr'><strong>ejus</strong></span> <span class='ocrx_word' id='word_1_455' title='bbox 1666 3139 1719 3191; x_wconf 85' lang='lat' dir='ltr'><strong>in</strong></span> <span class='ocrx_word' id='word_1_456' title='bbox 1753 3140 1863 3206; x_wconf 84' lang='lat' dir='ltr'><strong>ipso</strong></span> <span class='ocrx_word' id='word_1_457' title='bbox 1891 3150 1969 3191; x_wconf 86' lang='lat' dir='ltr'><strong>est</strong></span> <span class='ocrx_word' id='word_1_458' title='bbox 2000 3139 2040 3193; x_wconf 91' lang='grc'><strong>³.</strong></span> <span class='ocrx_word' id='word_1_459' title='bbox 2073 3140 2189 3191; x_wconf 76' lang='lat' dir='ltr'><strong>Alia</strong></span> <span class='ocrx_word' id='word_1_460' title='bbox 2212 3138 2375 3191; x_wconf 89' lang='lat' dir='ltr'><strong>multa</strong></span> <span class='ocrx_word' id='word_1_461' title='bbox 2407 3159 2450 3218; x_wconf 66' lang='grc' dir='ltr'>ο</span> <span class='ocrx_word' id='word_1_462' title='bbox 2488 3121 2544 3190; x_wconf 74' lang='lat' dir='ltr'><strong>TI</strong></span> 
     </span>
    </p>
   </div>
   <div class='ocr_carea' id='block_1_62' title="bbox 2318 3121 4063 3220">
    <p class='ocr_par' dir='ltr' id='par_1_62' title="bbox 2318 3121 4063 3220">
     <span class='ocr_line' id='line_1_62' title="bbox 2318 3121 4063 3220; baseline 0.001 -48"><span class='ocrx_word' id='word_1_463' title='bbox 2318 3148 2375 3191; x_wconf 65' lang='grc' dir='ltr'><strong>ω</strong></span> <span class='ocrx_word' id='word_1_464' title='bbox 2407 3159 2450 3218; x_wconf 74' lang='lat' dir='ltr'><strong><em>C</em></strong></span> <span class='ocrx_word' id='word_1_465' title='bbox 2488 3121 2727 3191; x_wconf 78' lang='grc' dir='ltr'><strong>Τρωάδι,</strong></span> <span class='ocrx_word' id='word_1_466' title='bbox 2775 3123 2993 3173; x_wconf 74' lang='grc' dir='ltr'><strong>πάντων</strong></span> <span class='ocrx_word' id='word_1_467' title='bbox 3033 3121 3411 3189; x_wconf 78' lang='grc' dir='ltr'><strong>ὑπειληφότων</strong></span> <span class='ocrx_word' id='word_1_468' title='bbox 3443 3122 3694 3176; x_wconf 82' lang='grc' dir='ltr'><strong>τεθνάναι</strong></span> <span class='ocrx_word' id='word_1_469' title='bbox 3748 3123 3836 3173; x_wconf 74' lang='grc' dir='ltr'><strong>τὸν</strong></span> <span class='ocrx_word' id='word_1_470' title='bbox 3888 3122 4063 3220; x_wconf 50' lang='lat' dir='ltr'><strong>£9th-</strong></span> 
     </span>
    </p>
   </div>
   <div class='ocr_carea' id='block_1_63' title="bbox 795 3212 2540 3300">
    <p class='ocr_par' dir='ltr' id='par_1_63' title="bbox 795 3212 2540 3300">
     <span class='ocr_line' id='line_1_63' title="bbox 795 3212 2540 3300; baseline -0.001 -17"><span class='ocrx_word' id='word_1_471' title='bbox 795 3229 1100 3283; x_wconf 69' lang='lat' dir='ltr'><strong>otnittimns</strong></span> <span class='ocrx_word' id='word_1_472' title='bbox 1159 3228 1488 3292; x_wconf 79' lang='lat' dir='ltr'><strong>testimonia,</strong></span> <span class='ocrx_word' id='word_1_473' title='bbox 1535 3229 1730 3297; x_wconf 86' lang='lat' dir='ltr'><strong>quibus</strong></span> <span class='ocrx_word' id='word_1_474' title='bbox 1758 3229 1976 3298; x_wconf 87' lang='lat' dir='ltr'><strong>planum</strong></span> <span class='ocrx_word' id='word_1_475' title='bbox 2020 3231 2081 3284; x_wconf 83' lang='lat' dir='ltr'><strong>ﬁt</strong></span> <span class='ocrx_word' id='word_1_476' title='bbox 2134 3231 2380 3300; x_wconf 78' lang='lat' dir='ltr'><strong>singulos</strong></span> <span class='ocrx_word' id='word_1_477' title='bbox 2415 3212 2450 3218; x_wconf 38' lang='grc'>⁷</span> <span class='ocrx_word' id='word_1_478' title='bbox 2484 3229 2540 3282; x_wconf 77' lang='grc' dir='ltr'><strong>χε</strong></span> 
     </span>
    </p>
   </div>
   <div class='ocr_carea' id='block_1_64' title="bbox 2320 3212 4065 3300">
    <p class='ocr_par' dir='ltr' id='par_1_64' title="bbox 2320 3212 4065 3284">
     <span class='ocr_line' id='line_1_64' title="bbox 2320 3212 4065 3284; baseline 0.001 -20"><span class='ocrx_word' id='word_1_479' title='bbox 2320 3246 2380 3284; x_wconf 68' lang='grc' dir='ltr'><strong>οε</strong></span> <span class='ocrx_word' id='word_1_480' title='bbox 2415 3212 2450 3218; x_wconf 55' lang='grc'>⁷</span> <span class='ocrx_word' id='word_1_481' title='bbox 2484 3229 2597 3282; x_wconf 87' lang='grc' dir='ltr'><strong>χον,</strong></span> <span class='ocrx_word' id='word_1_482' title='bbox 2634 3215 2761 3281; x_wconf 76' lang='grc' dir='ltr'><strong>ἔφη·</strong></span> <span class='ocrx_word' id='word_1_483' title='bbox 2803 3212 2899 3278; x_wconf 78' lang='grc' dir='ltr'><strong>Μὴ</strong></span> <span class='ocrx_word' id='word_1_484' title='bbox 2944 3212 3313 3280; x_wconf 79' lang='grc' dir='ltr'><strong>θορυϐεῖσθε,</strong></span> <span class='ocrx_word' id='word_1_485' title='bbox 3364 3216 3400 3281; x_wconf 79' lang='grc' dir='ltr'><strong><em>ἠ</em></strong></span> <span class='ocrx_word' id='word_1_486' title='bbox 3437 3214 3544 3283; x_wconf 78' lang='grc' dir='ltr'><strong>γὰρ</strong></span> <span class='ocrx_word' id='word_1_487' title='bbox 3576 3213 3745 3281; x_wconf 72' lang='grc' dir='ltr'><strong><em>ψυχὴ</em></strong></span> <span class='ocrx_word' id='word_1_488' title='bbox 3778 3212 3961 3268; x_wconf 84' lang='grc' dir='ltr'><strong>αὐτοῦ</strong></span> <span class='ocrx_word' id='word_1_489' title='bbox 3996 3215 4065 3267; x_wconf 83' lang='grc' dir='ltr'><strong>ἐν</strong></span> 
     </span>
    </p>
   </div>
   <div class='ocr_carea' id='block_1_65' title="bbox 801 3321 1812 3390">
    <p class='ocr_par' dir='ltr' id='par_1_65' title="bbox 801 3321 1812 3390">
     <span class='ocr_line' id='line_1_65' title="bbox 801 3321 1812 3390; baseline 0 -14"><span class='ocrx_word' id='word_1_490' title='bbox 801 3321 1048 3376; x_wconf 85' lang='lat' dir='ltr'><strong>homines</strong></span> <span class='ocrx_word' id='word_1_491' title='bbox 1074 3321 1310 3390; x_wconf 71' lang='lat' dir='ltr'><strong>singulas</strong></span> <span class='ocrx_word' id='word_1_492' title='bbox 1340 3321 1550 3372; x_wconf 88' lang='lat' dir='ltr'><strong>animas</strong></span> <span class='ocrx_word' id='word_1_493' title='bbox 1589 3321 1812 3376; x_wconf 85' lang='lat' dir='ltr'><strong>habere.</strong></span> 
     </span>
    </p>
   </div>
   <div class='ocr_carea' id='block_1_66' title="bbox 874 3584 2377 3654">
    <p class='ocr_par' dir='ltr' id='par_1_66' title="bbox 874 3584 2377 3654">
     <span class='ocr_line' id='line_1_66' title="bbox 874 3584 2377 3654; baseline 0 -12"><span class='ocrx_word' id='word_1_494' title='bbox 874 3586 1207 3642; x_wconf 84' lang='lat' dir='ltr'><strong>Clericorum</strong></span> <span class='ocrx_word' id='word_1_495' title='bbox 1267 3586 1529 3640; x_wconf 79' lang='lat' dir='ltr'><strong>simulant</strong></span> <span class='ocrx_word' id='word_1_496' title='bbox 1607 3584 1948 3652; x_wconf 85' lang='lat' dir='ltr'><strong>electionem,</strong></span> <span class='ocrx_word' id='word_1_497' title='bbox 2005 3587 2377 3654; x_wconf 85' lang='lat' dir='ltr'><strong>diaconorum,</strong></span> 
     </span>
    </p>
   </div>
   <div class='ocr_carea' id='block_1_67' title="bbox 803 3678 2380 3750">
    <p class='ocr_par' dir='ltr' id='par_1_67' title="bbox 803 3678 2380 3750">
     <span class='ocr_line' id='line_1_67' title="bbox 803 3678 2380 3750; baseline 0.001 -17"><span class='ocrx_word' id='word_1_498' title='bbox 803 3679 1253 3748; x_wconf 80' lang='lat' dir='ltr'><strong>sacerdotumque</strong></span> <span class='ocrx_word' id='word_1_499' title='bbox 1309 3679 1536 3748; x_wconf 74' lang='lat' dir='ltr'><strong>gradum</strong></span> <span class='ocrx_word' id='word_1_500' title='bbox 1587 3678 1923 3745; x_wconf 81' lang='lat' dir='ltr'><strong>invadentes,</strong></span> <span class='ocrx_word' id='word_1_501' title='bbox 1956 3689 2012 3734; x_wconf 93' lang='lat' dir='ltr'><strong>ut</strong></span> <span class='ocrx_word' id='word_1_502' title='bbox 2057 3692 2380 3750; x_wconf 84' lang='lat' dir='ltr'><strong>potestatem</strong></span> 
     </span>
    </p>
   </div>
   <div class='ocr_carea' id='block_1_68' title="bbox 801 3771 2381 3842">
    <p class='ocr_par' dir='ltr' id='par_1_68' title="bbox 801 3771 2381 3842">
     <span class='ocr_line' id='line_1_68' title="bbox 801 3771 2381 3842; baseline 0.002 -16"><span class='ocrx_word' id='word_1_503' title='bbox 801 3775 976 3827; x_wconf 77' lang='lat' dir='ltr'><strong>solum</strong></span> <span class='ocrx_word' id='word_1_504' title='bbox 999 3773 1284 3839; x_wconf 83' lang='lat' dir='ltr'><strong>quamdam</strong></span> <span class='ocrx_word' id='word_1_505' title='bbox 1301 3782 1356 3824; x_wconf 93' lang='lat' dir='ltr'><strong>et</strong></span> <span class='ocrx_word' id='word_1_506' title='bbox 1381 3771 1758 3825; x_wconf 81' lang='lat' dir='ltr'><strong>auctoritatem</strong></span> <span class='ocrx_word' id='word_1_507' title='bbox 1776 3775 2381 3842; x_wconf 6' lang='lat' dir='ltr'><strong>arrogent.Quinqetiam</strong></span> 
     </span>
    </p>
   </div>
   <div class='ocr_carea' id='block_1_69' title="bbox 803 3861 2384 3931">
    <p class='ocr_par' dir='ltr' id='par_1_69' title="bbox 803 3861 2384 3931">
     <span class='ocr_line' id='line_1_69' title="bbox 803 3861 2384 3931; baseline 0.003 -15"><span class='ocrx_word' id='word_1_508' title='bbox 803 3865 1189 3917; x_wconf 81' lang='lat' dir='ltr'><strong>monachorum</strong></span> <span class='ocrx_word' id='word_1_509' title='bbox 1245 3862 1486 3914; x_wconf 86' lang='lat' dir='ltr'><strong>habitum</strong></span> <span class='ocrx_word' id='word_1_510' title='bbox 1540 3861 1793 3930; x_wconf 90' lang='lat' dir='ltr'><strong>induunt,</strong></span> <span class='ocrx_word' id='word_1_511' title='bbox 1829 3871 1888 3916; x_wconf 92' lang='lat' dir='ltr'><strong>ut</strong></span> <span class='ocrx_word' id='word_1_512' title='bbox 1942 3865 2162 3931; x_wconf 82' lang='lat' dir='ltr'><strong>lateant,</strong></span> <span class='ocrx_word' id='word_1_513' title='bbox 2203 3865 2384 3920; x_wconf 79' lang='lat' dir='ltr'><strong>inulti-</strong></span> 
     </span>
    </p>
   </div>
   <div class='ocr_carea' id='block_1_70' title="bbox 802 3953 1471 4024">
    <p class='ocr_par' dir='ltr' id='par_1_70' title="bbox 802 3953 1471 4024">
     <span class='ocr_line' id='line_1_70' title="bbox 802 3953 1471 4024; baseline 0 -17"><span class='ocrx_word' id='word_1_514' title='bbox 802 3956 1148 4023; x_wconf 84' lang='lat' dir='ltr'><strong>tudinemque</strong></span> <span class='ocrx_word' id='word_1_515' title='bbox 1176 3953 1471 4024; x_wconf 82' lang='lat' dir='ltr'><strong>decipiant.</strong></span> 
     </span>
    </p>
   </div>
   <div class='ocr_carea' id='block_1_71' title="bbox 879 4113 2385 4188">
    <p class='ocr_par' dir='ltr' id='par_1_71' title="bbox 879 4113 2385 4188">
     <span class='ocr_line' id='line_1_71' title="bbox 879 4113 2385 4188; baseline 0.004 -21"><span class='ocrx_word' id='word_1_516' title='bbox 879 4115 916 4167; x_wconf 75' lang='grc' dir='ltr'><strong>Α</strong></span> <span class='ocrx_word' id='word_1_517' title='bbox 951 4128 1201 4166; x_wconf 89' lang='lat' dir='ltr'><strong>manuum</strong></span> <span class='ocrx_word' id='word_1_518' title='bbox 1251 4113 1528 4170; x_wconf 88' lang='lat' dir='ltr'><strong>laboribus</strong></span> <span class='ocrx_word' id='word_1_519' title='bbox 1556 4116 1867 4181; x_wconf 89' lang='lat' dir='ltr'><strong>abhorrent,</strong></span> <span class='ocrx_word' id='word_1_520' title='bbox 1913 4116 2160 4188; x_wconf 74' lang='lat' dir='ltr'><strong>neglecto</strong></span> <span class='ocrx_word' id='word_1_521' title='bbox 2190 4132 2385 4186; x_wconf 70' lang='lat' dir='ltr'><strong>magno</strong></span> 
     </span>
    </p>
   </div>
   <div class='ocr_carea' id='block_1_72' title="bbox 799 4205 2383 4276">
    <p class='ocr_par' dir='ltr' id='par_1_72' title="bbox 799 4205 2383 4276">
     <span class='ocr_line' id='line_1_72' title="bbox 799 4205 2383 4276; baseline 0.004 -17"><span class='ocrx_word' id='word_1_522' title='bbox 799 4205 989 4274; x_wconf 73' lang='lat' dir='ltr'><strong>Paulo,</strong></span> <span class='ocrx_word' id='word_1_523' title='bbox 1015 4209 1103 4276; x_wconf 88' lang='lat' dir='ltr'><strong>qui</strong></span> <span class='ocrx_word' id='word_1_524' title='bbox 1129 4207 1264 4261; x_wconf 89' lang='lat' dir='ltr'><strong>dicit</strong></span> <span class='ocrx_word' id='word_1_525' title='bbox 1286 4225 1298 4260; x_wconf 94' lang='lat'>:</span> <span class='ocrx_word' id='word_1_526' title='bbox 1319 4206 1375 4260; x_wconf 88' lang='lat' dir='ltr'><strong>Si</strong></span> <span class='ocrx_word' id='word_1_527' title='bbox 1397 4209 1512 4276; x_wconf 83' lang='lat' dir='ltr'><strong>quis</strong></span> <span class='ocrx_word' id='word_1_528' title='bbox 1533 4225 1632 4261; x_wconf 83' lang='lat' dir='ltr'><strong>non</strong></span> <span class='ocrx_word' id='word_1_529' title='bbox 1651 4209 1876 4275; x_wconf 78' lang='lat' dir='ltr'><strong>laborat,</strong></span> <span class='ocrx_word' id='word_1_530' title='bbox 1896 4225 1998 4263; x_wconf 80' lang='lat' dir='ltr'><strong>non</strong></span> <span class='ocrx_word' id='word_1_531' title='bbox 2041 4214 2317 4264; x_wconf 79' lang='lat' dir='ltr'><strong>manducet</strong></span> <span class='ocrx_word' id='word_1_532' title='bbox 2341 4212 2383 4266; x_wconf 74' lang='grc'><strong>⁵.</strong></span> 
     </span>
    </p>
   </div>
   <div class='ocr_carea' id='block_1_73' title="bbox 2479 3302 4062 3375">
    <p class='ocr_par' dir='ltr' id='par_1_73' title="bbox 2479 3302 4062 3375">
     <span class='ocr_line' id='line_1_73' title="bbox 2479 3302 4062 3375; baseline -0.001 -17"><span class='ocrx_word' id='word_1_533' title='bbox 2479 3302 2878 3371; x_wconf 40' lang='lat' dir='ltr'><strong>annisenim:</strong></span> <span class='ocrx_word' id='word_1_534' title='bbox 2913 3305 2997 3356; x_wconf 83' lang='grc' dir='ltr'><strong>ἵνα</strong></span> <span class='ocrx_word' id='word_1_535' title='bbox 3020 3309 3116 3367; x_wconf 77' lang='grc' dir='ltr'><strong>τὰς</strong></span> <span class='ocrx_word' id='word_1_536' title='bbox 3134 3304 3298 3366; x_wconf 76' lang='grc' dir='ltr'><strong>ἄλλας</strong></span> <span class='ocrx_word' id='word_1_537' title='bbox 3329 3305 3633 3375; x_wconf 68' lang='grc' dir='ltr'><strong>μαρτυρίας</strong></span> <span class='ocrx_word' id='word_1_538' title='bbox 3656 3306 3856 3368; x_wconf 55' lang='lat' dir='ltr'><strong>mili;</strong></span> <span class='ocrx_word' id='word_1_539' title='bbox 3891 3306 4062 3367; x_wconf 49' lang='grc' dir='ltr'><strong>οὖσα,</strong></span> 
     </span>
    </p>
   </div>
   <div class='ocr_carea' id='block_1_74' title="bbox 2481 3395 4067 3468">
    <p class='ocr_par' dir='ltr' id='par_1_74' title="bbox 2481 3395 4067 3468">
     <span class='ocr_line' id='line_1_74' title="bbox 2481 3395 4067 3468; baseline -0.001 -19"><span class='ocrx_word' id='word_1_540' title='bbox 2481 3399 2754 3466; x_wconf 67' lang='grc' dir='ltr'><strong>ἐάσωμεν,</strong></span> <span class='ocrx_word' id='word_1_541' title='bbox 2785 3396 2842 3447; x_wconf 75' lang='grc' dir='ltr'><strong>αἱ</strong></span> <span class='ocrx_word' id='word_1_542' title='bbox 2879 3397 3010 3466; x_wconf 82' lang='grc' dir='ltr'><strong>μίαν</strong></span> <span class='ocrx_word' id='word_1_543' title='bbox 3053 3395 3234 3466; x_wconf 73' lang='grc' dir='ltr'><strong>ψυχὴν</strong></span> <span class='ocrx_word' id='word_1_544' title='bbox 3281 3397 3500 3466; x_wconf 79' lang='grc' dir='ltr'><strong>ἑκάστῳ</strong></span> <span class='ocrx_word' id='word_1_545' title='bbox 3552 3396 3831 3465; x_wconf 81' lang='grc' dir='ltr'><strong>ἀνθρώπῳ</strong></span> <span class='ocrx_word' id='word_1_546' title='bbox 3899 3414 4067 3468; x_wconf 68' lang='grc' dir='ltr'><strong>προσ-</strong></span> 
     </span>
    </p>
   </div>
   <div class='ocr_carea' id='block_1_75' title="bbox 2486 3488 2858 3559">
    <p class='ocr_par' dir='ltr' id='par_1_75' title="bbox 2486 3488 2858 3559">
     <span class='ocr_line' id='line_1_75' title="bbox 2486 3488 2858 3559; baseline -0.005 -16"><span class='ocrx_word' id='word_1_547' title='bbox 2486 3488 2858 3559; x_wconf 85' lang='grc' dir='ltr'><strong>μαρτυροῦσι.</strong></span> 
     </span>
    </p>
   </div>
   <div class='ocr_carea' id='block_1_76' title="bbox 2553 3578 4061 3651">
    <p class='ocr_par' dir='ltr' id='par_1_76' title="bbox 2553 3578 4061 3651">
     <span class='ocr_line' id='line_1_76' title="bbox 2553 3578 4061 3651; baseline -0.001 -19"><span class='ocrx_word' id='word_1_548' title='bbox 2553 3581 2664 3650; x_wconf 79' lang='grc' dir='ltr'><strong>Τὴν</strong></span> <span class='ocrx_word' id='word_1_549' title='bbox 2699 3579 2807 3631; x_wconf 81' lang='grc' dir='ltr'><strong>τῶν</strong></span> <span class='ocrx_word' id='word_1_550' title='bbox 2838 3578 3116 3650; x_wconf 84' lang='grc' dir='ltr'><strong>κληρικῶν</strong></span> <span class='ocrx_word' id='word_1_551' title='bbox 3143 3579 3522 3650; x_wconf 80' lang='grc' dir='ltr'><strong>ὑποκρίνονται</strong></span> <span class='ocrx_word' id='word_1_552' title='bbox 3546 3578 3879 3648; x_wconf 72' lang='grc' dir='ltr'><strong>χειροτονίαν</strong></span> <span class='ocrx_word' id='word_1_553' title='bbox 3923 3580 4061 3651; x_wconf 76' lang='grc' dir='ltr'><strong>βαθ-</strong></span> 
     </span>
    </p>
   </div>
   <div class='ocr_carea' id='block_1_77' title="bbox 2486 3670 4067 3742">
    <p class='ocr_par' dir='ltr' id='par_1_77' title="bbox 2486 3670 4067 3742">
     <span class='ocr_line' id='line_1_77' title="bbox 2486 3670 4067 3742; baseline 0 -20"><span class='ocrx_word' id='word_1_554' title='bbox 2486 3671 2588 3740; x_wconf 89' lang='grc' dir='ltr'><strong>μοῦ</strong></span> <span class='ocrx_word' id='word_1_555' title='bbox 2631 3670 2821 3742; x_wconf 78' lang='grc' dir='ltr'><strong>ἱερέων</strong></span> <span class='ocrx_word' id='word_1_556' title='bbox 2858 3672 2951 3723; x_wconf 80' lang='grc' dir='ltr'><strong>καὶ</strong></span> <span class='ocrx_word' id='word_1_557' title='bbox 2991 3671 3252 3723; x_wconf 82' lang='grc' dir='ltr'><strong>διακόνων</strong></span> <span class='ocrx_word' id='word_1_558' title='bbox 3322 3670 3692 3732; x_wconf 78' lang='grc' dir='ltr'><strong>ἐπιϐαίνοντες</strong></span> <span class='ocrx_word' id='word_1_559' title='bbox 3717 3711 3732 3732; x_wconf 89' lang='grc'><strong>,</strong></span> <span class='ocrx_word' id='word_1_560' title='bbox 3773 3673 3856 3723; x_wconf 77' lang='grc' dir='ltr'><strong>ἵνα</strong></span> <span class='ocrx_word' id='word_1_561' title='bbox 3903 3671 4067 3738; x_wconf 81' lang='grc' dir='ltr'><strong>μόνον</strong></span> 
     </span>
    </p>
   </div>
   <div class='ocr_carea' id='block_1_78' title="bbox 2484 3762 4065 3831">
    <p class='ocr_par' dir='ltr' id='par_1_78' title="bbox 2484 3762 4065 3831">
     <span class='ocr_line' id='line_1_78' title="bbox 2484 3762 4065 3831; baseline -0.003 -15"><span class='ocrx_word' id='word_1_562' title='bbox 2484 3765 2733 3827; x_wconf 74' lang='grc' dir='ltr'><strong>ἐξουσίαν</strong></span> <span class='ocrx_word' id='word_1_563' title='bbox 2758 3763 2879 3816; x_wconf 88' lang='grc' dir='ltr'><strong>τινά</strong></span> <span class='ocrx_word' id='word_1_564' title='bbox 2904 3764 2999 3814; x_wconf 80' lang='grc' dir='ltr'><strong>καὶ</strong></span> <span class='ocrx_word' id='word_1_565' title='bbox 3027 3762 3312 3814; x_wconf 76' lang='grc' dir='ltr'><strong>αὑθεντίαν</strong></span> <span class='ocrx_word' id='word_1_566' title='bbox 3340 3763 3550 3824; x_wconf 80' lang='grc' dir='ltr'><strong>ἑαυτοῖς</strong></span> <span class='ocrx_word' id='word_1_567' title='bbox 3577 3765 4065 3831; x_wconf 72' lang='grc' dir='ltr'><strong>περιποιησωνται.</strong></span> 
     </span>
    </p>
   </div>
   <div class='ocr_carea' id='block_1_79' title="bbox 2484 3850 4065 3923">
    <p class='ocr_par' dir='ltr' id='par_1_79' title="bbox 2484 3850 4065 3923">
     <span class='ocr_line' id='line_1_79' title="bbox 2484 3850 4065 3923; baseline -0.002 -17"><span class='ocrx_word' id='word_1_568' title='bbox 2484 3853 2594 3907; x_wconf 79' lang='grc' dir='ltr'><strong>Ναὶ</strong></span> <span class='ocrx_word' id='word_1_569' title='bbox 2641 3851 2749 3923; x_wconf 78' lang='grc' dir='ltr'><strong>μὴν</strong></span> <span class='ocrx_word' id='word_1_570' title='bbox 2789 3851 2974 3904; x_wconf 79' lang='grc' dir='ltr'><strong>καὶτὸ</strong></span> <span class='ocrx_word' id='word_1_571' title='bbox 3027 3852 3134 3902; x_wconf 85' lang='grc' dir='ltr'><strong>τῶν</strong></span> <span class='ocrx_word' id='word_1_572' title='bbox 3186 3851 3435 3920; x_wconf 81' lang='grc' dir='ltr'><strong>μοναχῶν</strong></span> <span class='ocrx_word' id='word_1_573' title='bbox 3471 3851 3792 3903; x_wconf 80' lang='grc' dir='ltr'><strong>ὑποδύονται</strong></span> <span class='ocrx_word' id='word_1_574' title='bbox 3841 3850 4065 3919; x_wconf 76' lang='grc' dir='ltr'><strong>σχῆμα,</strong></span> 
     </span>
    </p>
   </div>
   <div class='ocr_carea' id='block_1_80' title="bbox 2485 3939 4068 4010">
    <p class='ocr_par' dir='ltr' id='par_1_80' title="bbox 2485 3939 4068 4010">
     <span class='ocr_line' id='line_1_80' title="bbox 2485 3939 4068 4010; baseline -0.001 -16"><span class='ocrx_word' id='word_1_575' title='bbox 2485 3942 2769 3998; x_wconf 86' lang='grc' dir='ltr'><strong>λανθάνειν</strong></span> <span class='ocrx_word' id='word_1_576' title='bbox 2796 3941 2884 3994; x_wconf 79' lang='grc' dir='ltr'><strong>διὰ</strong></span> <span class='ocrx_word' id='word_1_577' title='bbox 2919 3940 3112 3992; x_wconf 81' lang='grc' dir='ltr'><strong>τούτου</strong></span> <span class='ocrx_word' id='word_1_578' title='bbox 3144 3939 3497 4010; x_wconf 78' lang='grc' dir='ltr'><strong>βουλόμενοι,</strong></span> <span class='ocrx_word' id='word_1_579' title='bbox 3550 3943 3640 3991; x_wconf 74' lang='grc' dir='ltr'><strong>καὶ</strong></span> <span class='ocrx_word' id='word_1_580' title='bbox 3676 3940 3799 4001; x_wconf 69' lang='grc' dir='ltr'><strong>τοὺς</strong></span> <span class='ocrx_word' id='word_1_581' title='bbox 3841 3943 4068 4004; x_wconf 67' lang='grc' dir='ltr'><strong>πολλοὺς</strong></span> 
     </span>
    </p>
   </div>
   <div class='ocr_carea' id='block_1_81' title="bbox 2485 4036 2725 4105">
    <p class='ocr_par' dir='ltr' id='par_1_81' title="bbox 2485 4036 2725 4105">
     <span class='ocr_line' id='line_1_81' title="bbox 2485 4036 2725 4105; baseline -0.008 -16"><span class='ocrx_word' id='word_1_582' title='bbox 2485 4036 2725 4105; x_wconf 77' lang='grc' dir='ltr'><strong>ἀπατᾷν.</strong></span> 
     </span>
    </p>
   </div>
   <div class='ocr_carea' id='block_1_82' title="bbox 2559 4122 4066 4196">
    <p class='ocr_par' dir='ltr' id='par_1_82' title="bbox 2559 4122 4066 4196">
     <span class='ocr_line' id='line_1_82' title="bbox 2559 4122 4066 4196; baseline -0.003 -17"><span class='ocrx_word' id='word_1_583' title='bbox 2559 4127 2669 4196; x_wconf 80' lang='grc' dir='ltr'><strong>Τὴν</strong></span> <span class='ocrx_word' id='word_1_584' title='bbox 2692 4125 2778 4177; x_wconf 76' lang='grc' dir='ltr'><strong>διά</strong></span> <span class='ocrx_word' id='word_1_585' title='bbox 2797 4125 2906 4176; x_wconf 82' lang='grc' dir='ltr'><strong>τῶν</strong></span> <span class='ocrx_word' id='word_1_586' title='bbox 2933 4124 3131 4193; x_wconf 78' lang='grc' dir='ltr'><strong>χειρῶν</strong></span> <span class='ocrx_word' id='word_1_587' title='bbox 3152 4122 3415 4192; x_wconf 78' lang='grc' dir='ltr'><strong>ἐργασίαν</strong></span> <span class='ocrx_word' id='word_1_588' title='bbox 3433 4123 3872 4191; x_wconf 72' lang='grc' dir='ltr'><strong>ἀποστρέφονται</strong></span> <span class='ocrx_word' id='word_1_589' title='bbox 3897 4141 4066 4175; x_wconf 78' lang='grc' dir='ltr'><strong>κατα-</strong></span> 
     </span>
    </p>
   </div>
   <div class='ocr_carea' id='block_1_83' title="bbox 2488 4211 4066 4285">
    <p class='ocr_par' dir='ltr' id='par_1_83' title="bbox 2488 4211 4066 4285">
     <span class='ocr_line' id='line_1_83' title="bbox 2488 4211 4066 4285; baseline -0.004 -17"><span class='ocrx_word' id='word_1_590' title='bbox 2488 4213 2816 4285; x_wconf 82' lang='grc' dir='ltr'><strong>φρονοῦντες</strong></span> <span class='ocrx_word' id='word_1_591' title='bbox 2855 4211 2950 4264; x_wconf 82' lang='grc' dir='ltr'><strong>τοῦ</strong></span> <span class='ocrx_word' id='word_1_592' title='bbox 2985 4212 3223 4280; x_wconf 86' lang='grc' dir='ltr'><strong>μεγάλου</strong></span> <span class='ocrx_word' id='word_1_593' title='bbox 3261 4211 3474 4263; x_wconf 78' lang='grc' dir='ltr'><strong>Παύλου</strong></span> <span class='ocrx_word' id='word_1_594' title='bbox 3519 4212 3768 4278; x_wconf 85' lang='grc' dir='ltr'><strong>λέγοντος</strong></span> <span class='ocrx_word' id='word_1_595' title='bbox 3795 4227 3813 4244; x_wconf 79' lang='grc' dir='ltr'><strong>ο</strong></span> <span class='ocrx_word' id='word_1_596' title='bbox 3855 4213 3929 4265; x_wconf 74' lang='grc' dir='ltr'><strong>ει</strong></span> <span class='ocrx_word' id='word_1_597' title='bbox 3978 4230 4066 4278; x_wconf 82' lang='grc' dir='ltr'><strong>τις</strong></span> 
     </span>
    </p>
   </div>
   <div class='ocr_carea' id='block_1_84' title="bbox 802 4298 2547 4373">
    <p class='ocr_par' dir='ltr' id='par_1_84' title="bbox 802 4298 2547 4371">
     <span class='ocr_line' id='line_1_84' title="bbox 802 4298 2547 4371; baseline 0.003 -22"><span class='ocrx_word' id='word_1_598' title='bbox 802 4298 864 4350; x_wconf 83' lang='lat' dir='ltr'><strong>Et</strong></span> <span class='ocrx_word' id='word_1_599' title='bbox 892 4315 1106 4353; x_wconf 89' lang='lat' dir='ltr'><strong>rursum</strong></span> <span class='ocrx_word' id='word_1_600' title='bbox 1143 4316 1156 4352; x_wconf 91' lang='lat'><strong>:</strong></span> <span class='ocrx_word' id='word_1_601' title='bbox 1193 4303 1384 4353; x_wconf 83' lang='lat' dir='ltr'><strong>Manus</strong></span> <span class='ocrx_word' id='word_1_602' title='bbox 1425 4302 1506 4352; x_wconf 79' lang='lat' dir='ltr'><strong>Ita:</strong></span> <span class='ocrx_word' id='word_1_603' title='bbox 1541 4301 2082 4366; x_wconf 81' lang='lat' dir='ltr'><strong>ministraruutmihi,</strong></span> <span class='ocrx_word' id='word_1_604' title='bbox 2119 4312 2166 4355; x_wconf 84' lang='lat' dir='ltr'><strong>et</strong></span> <span class='ocrx_word' id='word_1_605' title='bbox 2199 4303 2263 4355; x_wconf 93' lang='lat' dir='ltr'><strong>iis</strong></span> <span class='ocrx_word' id='word_1_606' title='bbox 2294 4303 2383 4371; x_wconf 87' lang='lat' dir='ltr'><strong>qui</strong></span> <span class='ocrx_word' id='word_1_607' title='bbox 2488 4312 2547 4362; x_wconf 73' lang='grc' dir='ltr'><strong>οί</strong></span> 
     </span>
    </p>
   </div>
   <div class='ocr_carea' id='block_1_85' title="bbox 2322 4298 4067 4373">
    <p class='ocr_par' dir='ltr' id='par_1_85' title="bbox 2322 4303 4067 4373">
     <span class='ocr_line' id='line_1_85' title="bbox 2322 4303 4067 4373; baseline -0.005 -11"><span class='ocrx_word' id='word_1_608' title='bbox 2322 4303 2383 4354; x_wconf 70' lang='grc' dir='ltr'><strong>ἀἱ</strong></span> <span class='ocrx_word' id='word_1_609' title='bbox 2488 4312 2560 4362; x_wconf 84' lang='grc' dir='ltr'><strong>οὐ</strong></span> <span class='ocrx_word' id='word_1_610' title='bbox 2591 4310 2750 4362; x_wconf 76' lang='grc' dir='ltr'><strong>θέλει</strong></span> <span class='ocrx_word' id='word_1_611' title='bbox 2775 4303 3150 4373; x_wconf 74' lang='grc' dir='ltr'><strong>ἐργάζεσθαι,</strong></span> <span class='ocrx_word' id='word_1_612' title='bbox 3205 4303 3365 4371; x_wconf 79' lang='grc' dir='ltr'><strong>μηδὲ</strong></span> <span class='ocrx_word' id='word_1_613' title='bbox 3409 4303 3656 4356; x_wconf 71' lang='grc' dir='ltr'><strong>ἐσθιέτω</strong></span> <span class='ocrx_word' id='word_1_614' title='bbox 3685 4320 3700 4334; x_wconf 86' lang='grc'><strong>·</strong></span> <span class='ocrx_word' id='word_1_615' title='bbox 3746 4306 3836 4356; x_wconf 75' lang='lat' dir='ltr'><strong>aut</strong></span> <span class='ocrx_word' id='word_1_616' title='bbox 3882 4307 4067 4356; x_wconf 63' lang='lat' dir='ltr'><strong>stili»-</strong></span> 
     </span>
    </p>
   </div>
   <div class='ocr_carea' id='block_1_86' title="bbox 801 4391 2546 4467">
    <p class='ocr_par' dir='ltr' id='par_1_86' title="bbox 801 4391 2546 4467">
     <span class='ocr_line' id='line_1_86' title="bbox 801 4391 2546 4467; baseline 0.005 -25"><span class='ocrx_word' id='word_1_617' title='bbox 801 4408 998 4444; x_wconf 70' lang='lat' dir='ltr'><strong>mecum</strong></span> <span class='ocrx_word' id='word_1_618' title='bbox 1027 4400 1176 4445; x_wconf 85' lang='lat' dir='ltr'><strong>erant</strong></span> <span class='ocrx_word' id='word_1_619' title='bbox 1224 4393 1266 4445; x_wconf 82' lang='lat'><strong>&#39;.</strong></span> <span class='ocrx_word' id='word_1_620' title='bbox 1325 4391 1435 4446; x_wconf 84' lang='lat' dir='ltr'><strong>Nec</strong></span> <span class='ocrx_word' id='word_1_621' title='bbox 1467 4392 1911 4447; x_wconf 73' lang='lat' dir='ltr'><strong>animadvertunt</strong></span> <span class='ocrx_word' id='word_1_622' title='bbox 1943 4395 2193 4450; x_wconf 84' lang='lat' dir='ltr'><strong>homines</strong></span> <span class='ocrx_word' id='word_1_623' title='bbox 2213 4396 2383 4467; x_wconf 76' lang='lat' dir='ltr'><strong>ignari</strong></span> <span class='ocrx_word' id='word_1_624' title='bbox 2489 4404 2546 4454; x_wconf 69' lang='lat' dir='ltr'><strong>At</strong></span> 
     </span>
    </p>
   </div>
   <div class='ocr_carea' id='block_1_87' title="bbox 2324 4391 4069 4467">
    <p class='ocr_par' dir='ltr' id='par_1_87' title="bbox 2324 4393 4069 4467">
     <span class='ocr_line' id='line_1_87' title="bbox 2324 4393 4069 4467; baseline -0.002 -17"><span class='ocrx_word' id='word_1_625' title='bbox 2324 4397 2383 4450; x_wconf 84' lang='lat' dir='ltr'><strong>tri</strong></span> <span class='ocrx_word' id='word_1_626' title='bbox 2489 4403 2557 4454; x_wconf 81' lang='lat' dir='ltr'><strong>Al</strong></span> <span class='ocrx_word' id='word_1_627' title='bbox 2590 4399 2779 4467; x_wconf 65' lang='lat' dir='ltr'><strong>xsipet;</strong></span> <span class='ocrx_word' id='word_1_628' title='bbox 2820 4393 2995 4451; x_wconf 84' lang='grc' dir='ltr'><strong>αὗται</strong></span> <span class='ocrx_word' id='word_1_629' title='bbox 3039 4394 3416 4462; x_wconf 75' lang='grc' dir='ltr'><strong>ὃιηκίνησαν</strong></span> <span class='ocrx_word' id='word_1_630' title='bbox 3442 4394 3605 4462; x_wconf 76' lang='grc' dir='ltr'><strong>ἐμοὶ,</strong></span> <span class='ocrx_word' id='word_1_631' title='bbox 3657 4395 3751 4446; x_wconf 77' lang='grc' dir='ltr'><strong>καὶ</strong></span> <span class='ocrx_word' id='word_1_632' title='bbox 3798 4393 3919 4458; x_wconf 84' lang='grc' dir='ltr'><strong>τοῖς</strong></span> <span class='ocrx_word' id='word_1_633' title='bbox 3945 4396 4069 4446; x_wconf 74' lang='grc' dir='ltr'><strong>σὺν</strong></span> 
     </span>
    </p>
   </div>
   <div class='ocr_carea' id='block_1_88' title="bbox 799 4476 2544 4584">
    <p class='ocr_par' dir='ltr' id='par_1_88' title="bbox 799 4484 2544 4584">
     <span class='ocr_line' id='line_1_88' title="bbox 799 4484 2544 4584; baseline 0.005 -48"><span class='ocrx_word' id='word_1_634' title='bbox 799 4500 862 4536; x_wconf 80' lang='lat' dir='ltr'><strong>es</strong></span> <span class='ocrx_word' id='word_1_635' title='bbox 891 4484 1080 4536; x_wconf 88' lang='lat' dir='ltr'><strong>inertia</strong></span> <span class='ocrx_word' id='word_1_636' title='bbox 1126 4494 1289 4552; x_wconf 88' lang='lat' dir='ltr'><strong>atque</strong></span> <span class='ocrx_word' id='word_1_637' title='bbox 1316 4484 1427 4538; x_wconf 87' lang='lat' dir='ltr'><strong>otio</strong></span> <span class='ocrx_word' id='word_1_638' title='bbox 1453 4493 1566 4537; x_wconf 89' lang='lat' dir='ltr'><strong>tum</strong></span> <span class='ocrx_word' id='word_1_639' title='bbox 1592 4487 1748 4539; x_wconf 90' lang='lat' dir='ltr'><strong>solita</strong></span> <span class='ocrx_word' id='word_1_640' title='bbox 1785 4487 1916 4542; x_wconf 79' lang='lat' dir='ltr'><strong>vitia</strong></span> <span class='ocrx_word' id='word_1_641' title='bbox 1941 4489 2234 4556; x_wconf 88' lang='lat' dir='ltr'><strong>proﬁcisci,</strong></span> <span class='ocrx_word' id='word_1_642' title='bbox 2269 4498 2378 4542; x_wconf 89' lang='lat' dir='ltr'><strong>tum</strong></span> <span class='ocrx_word' id='word_1_643' title='bbox 2408 4525 2460 4584; x_wconf 66' lang='grc' dir='ltr'><strong>Β</strong></span> <span class='ocrx_word' id='word_1_644' title='bbox 2493 4494 2544 4561; x_wconf 55' lang='grc' dir='ltr'><strong>ἐι</strong></span> 
     </span>
    </p>
   </div>
   <div class='ocr_carea' id='block_1_89' title="bbox 2322 4476 4067 4584">
    <p class='ocr_par' dir='ltr' id='par_1_89' title="bbox 2328 4476 4067 4584">
     <span class='ocr_line' id='line_1_89' title="bbox 2328 4476 4067 4584; baseline -0.001 -44"><span class='ocrx_word' id='word_1_645' title='bbox 2328 4504 2378 4542; x_wconf 93' lang='lat' dir='ltr'><strong>m</strong></span> <span class='ocrx_word' id='word_1_646' title='bbox 2408 4525 2460 4584; x_wconf 67' lang='grc' dir='ltr'><strong>Β</strong></span> <span class='ocrx_word' id='word_1_647' title='bbox 2493 4493 2657 4561; x_wconf 79' lang='grc' dir='ltr'><strong>ἐμοί·</strong></span> <span class='ocrx_word' id='word_1_648' title='bbox 2693 4476 2787 4542; x_wconf 74' lang='grc' dir='ltr'><strong>καὶ</strong></span> <span class='ocrx_word' id='word_1_649' title='bbox 2818 4487 3156 4555; x_wconf 74' lang='grc' dir='ltr'><strong>ἀγνοοῦντες,</strong></span> <span class='ocrx_word' id='word_1_650' title='bbox 3184 4486 3258 4548; x_wconf 83' lang='grc' dir='ltr'><strong>ὡς</strong></span> <span class='ocrx_word' id='word_1_651' title='bbox 3288 4486 3483 4548; x_wconf 83' lang='grc' dir='ltr'><strong>ἔοικεν,</strong></span> <span class='ocrx_word' id='word_1_652' title='bbox 3516 4487 3598 4538; x_wconf 85' lang='grc' dir='ltr'><strong>ὃτι</strong></span> <span class='ocrx_word' id='word_1_653' title='bbox 3626 4487 3658 4554; x_wconf 80' lang='grc' dir='ltr'><strong>ὴ</strong></span> <span class='ocrx_word' id='word_1_654' title='bbox 3684 4490 3846 4554; x_wconf 75' lang='grc' dir='ltr'><strong>ἀργία</strong></span> <span class='ocrx_word' id='word_1_655' title='bbox 3876 4488 3969 4538; x_wconf 81' lang='grc' dir='ltr'><strong>καί</strong></span> <span class='ocrx_word' id='word_1_656' title='bbox 3999 4492 4067 4539; x_wconf 67' lang='grc' dir='ltr'><strong>τὰ</strong></span> 
     </span>
    </p>
   </div>
   <div class='ocr_carea' id='block_1_90' title="bbox 801 4573 2546 4652">
    <p class='ocr_par' dir='ltr' id='par_1_90' title="bbox 801 4573 2546 4646">
     <span class='ocr_line' id='line_1_90' title="bbox 801 4573 2546 4646; baseline 0.003 -19"><span class='ocrx_word' id='word_1_657' title='bbox 801 4574 1011 4627; x_wconf 84' lang='lat' dir='ltr'><strong>insolita</strong></span> <span class='ocrx_word' id='word_1_658' title='bbox 1037 4573 1192 4639; x_wconf 85' lang='lat' dir='ltr'><strong>disci,</strong></span> <span class='ocrx_word' id='word_1_659' title='bbox 1225 4583 1335 4626; x_wconf 91' lang='lat' dir='ltr'><strong>tum</strong></span> <span class='ocrx_word' id='word_1_660' title='bbox 1367 4576 1612 4643; x_wconf 89' lang='lat' dir='ltr'><strong>corporis</strong></span> <span class='ocrx_word' id='word_1_661' title='bbox 1639 4577 1880 4630; x_wconf 87' lang='lat' dir='ltr'><strong>membra</strong></span> <span class='ocrx_word' id='word_1_662' title='bbox 1918 4577 2023 4633; x_wconf 82' lang='lat' dir='ltr'><strong>illis</strong></span> <span class='ocrx_word' id='word_1_663' title='bbox 2057 4593 2182 4633; x_wconf 83' lang='lat' dir='ltr'><strong>esse</strong></span> <span class='ocrx_word' id='word_1_664' title='bbox 2201 4581 2378 4646; x_wconf 83' lang='lat' dir='ltr'><strong>oneri,</strong></span> <span class='ocrx_word' id='word_1_665' title='bbox 2408 4573 2453 4584; x_wconf 81' lang='grc'><strong>”</strong></span> <span class='ocrx_word' id='word_1_666' title='bbox 2492 4601 2546 4635; x_wconf 73' lang='grc' dir='ltr'><strong>σι.</strong></span> 
     </span>
    </p>
   </div>
   <div class='ocr_carea' id='block_1_91' title="bbox 2323 4573 4068 4652">
    <p class='ocr_par' dir='ltr' id='par_1_91' title="bbox 2323 4573 4068 4652">
     <span class='ocr_line' id='line_1_91' title="bbox 2323 4573 4068 4652; baseline -0.001 -22"><span class='ocrx_word' id='word_1_667' title='bbox 2323 4581 2378 4646; x_wconf 69' lang='lat' dir='ltr'><strong>ri,</strong></span> <span class='ocrx_word' id='word_1_668' title='bbox 2408 4573 2453 4584; x_wconf 59' lang='grc'><strong><em>⁸</em></strong></span> <span class='ocrx_word' id='word_1_669' title='bbox 2492 4584 2695 4652; x_wconf 79' lang='grc' dir='ltr'><strong>συνήθη</strong></span> <span class='ocrx_word' id='word_1_670' title='bbox 2726 4579 2871 4648; x_wconf 84' lang='grc' dir='ltr'><strong>πάθη</strong></span> <span class='ocrx_word' id='word_1_671' title='bbox 2910 4579 3068 4641; x_wconf 77' lang='grc' dir='ltr'><strong>κινεῖ,</strong></span> <span class='ocrx_word' id='word_1_672' title='bbox 3113 4579 3204 4628; x_wconf 78' lang='grc' dir='ltr'><strong>καὶ</strong></span> <span class='ocrx_word' id='word_1_673' title='bbox 3228 4575 3294 4628; x_wconf 76' lang='grc' dir='ltr'><strong>τά</strong></span> <span class='ocrx_word' id='word_1_674' title='bbox 3325 4576 3400 4645; x_wconf 82' lang='grc' dir='ltr'><strong>μὴ</strong></span> <span class='ocrx_word' id='word_1_675' title='bbox 3444 4579 3649 4646; x_wconf 77' lang='grc' dir='ltr'><strong>συνήθη</strong></span> <span class='ocrx_word' id='word_1_676' title='bbox 3679 4579 3940 4640; x_wconf 67' lang='grc' dir='ltr'><strong>διδάσκει,</strong></span> <span class='ocrx_word' id='word_1_677' title='bbox 3973 4583 4068 4629; x_wconf 76' lang='grc' dir='ltr'><strong>καὶ</strong></span> 
     </span>
    </p>
   </div>
   <div class='ocr_carea' id='block_1_92' title="bbox 799 4669 4067 4742">
    <p class='ocr_par' dir='ltr' id='par_1_92' title="bbox 799 4669 4067 4742">
     <span class='ocr_line' id='line_1_92' title="bbox 799 4669 4067 4742; baseline 0.001 -23"><span class='ocrx_word' id='word_1_678' title='bbox 799 4669 890 4736; x_wconf 89' lang='lat' dir='ltr'><strong>qui</strong></span> <span class='ocrx_word' id='word_1_679' title='bbox 931 4669 1010 4722; x_wconf 91' lang='lat' dir='ltr'><strong>eis</strong></span> <span class='ocrx_word' id='word_1_680' title='bbox 1043 4682 1147 4720; x_wconf 84' lang='grc' dir='ltr'><strong>ηοιι</strong></span> <span class='ocrx_word' id='word_1_681' title='bbox 1187 4676 1429 4720; x_wconf 87' lang='lat' dir='ltr'><strong>utuntur.</strong></span> <span class='ocrx_word' id='word_1_682' title='bbox 2486 4678 2567 4728; x_wconf 74' lang='grc' dir='ltr'><strong>ὅτι</strong></span> <span class='ocrx_word' id='word_1_683' title='bbox 2604 4675 2671 4725; x_wconf 74' lang='grc' dir='ltr'><strong>τὰ</strong></span> <span class='ocrx_word' id='word_1_684' title='bbox 2699 4674 2834 4742; x_wconf 80' lang='grc' dir='ltr'><strong>μέλη</strong></span> <span class='ocrx_word' id='word_1_685' title='bbox 2859 4669 2952 4724; x_wconf 86' lang='grc' dir='ltr'><strong>τοῦ</strong></span> <span class='ocrx_word' id='word_1_686' title='bbox 2986 4670 3236 4741; x_wconf 80' lang='grc' dir='ltr'><strong>σώματος</strong></span> <span class='ocrx_word' id='word_1_687' title='bbox 3269 4670 3465 4738; x_wconf 82' lang='grc' dir='ltr'><strong>φορτία</strong></span> <span class='ocrx_word' id='word_1_688' title='bbox 3492 4673 3606 4731; x_wconf 85' lang='grc' dir='ltr'><strong>τοῖς</strong></span> <span class='ocrx_word' id='word_1_689' title='bbox 3631 4673 3705 4739; x_wconf 80' lang='grc' dir='ltr'><strong>μὴ</strong></span> <span class='ocrx_word' id='word_1_690' title='bbox 3739 4672 4067 4739; x_wconf 75' lang='grc' dir='ltr'><strong>χρωμένοις.</strong></span> 
     </span>
    </p>
   </div>
   <div class='ocr_carea' id='block_1_93' title="bbox 869 4759 2614 4833">
    <p class='ocr_par' dir='ltr' id='par_1_93' title="bbox 869 4760 2614 4832">
     <span class='ocr_line' id='line_1_93' title="bbox 869 4760 2614 4832; baseline 0.003 -19"><span class='ocrx_word' id='word_1_691' title='bbox 869 4760 1294 4823; x_wconf 78' lang='lat' dir='ltr'><strong>Postulmitibns,</strong></span> <span class='ocrx_word' id='word_1_692' title='bbox 1346 4769 1399 4814; x_wconf 89' lang='lat' dir='ltr'><strong>et</strong></span> <span class='ocrx_word' id='word_1_693' title='bbox 1436 4761 1643 4829; x_wconf 76' lang='lat' dir='ltr'><strong>egenis,</strong></span> <span class='ocrx_word' id='word_1_694' title='bbox 1676 4777 1737 4816; x_wconf 92' lang='lat' dir='ltr'><strong>ac</strong></span> <span class='ocrx_word' id='word_1_695' title='bbox 1768 4763 2115 4832; x_wconf 86' lang='lat' dir='ltr'><strong>pauperibus,</strong></span> <span class='ocrx_word' id='word_1_696' title='bbox 2173 4775 2265 4818; x_wconf 90' lang='lat' dir='ltr'><strong>aut</strong></span> <span class='ocrx_word' id='word_1_697' title='bbox 2329 4767 2382 4819; x_wconf 91' lang='lat' dir='ltr'><strong>in</strong></span> <span class='ocrx_word' id='word_1_698' title='bbox 2556 4766 2614 4818; x_wconf 62' lang='grc' dir='ltr'><strong>Νι</strong></span> 
     </span>
    </p>
   </div>
   <div class='ocr_carea' id='block_1_94' title="bbox 2321 4759 4066 4833">
    <p class='ocr_par' dir='ltr' id='par_1_94' title="bbox 2329 4759 4066 4833">
     <span class='ocr_line' id='line_1_94' title="bbox 2329 4759 4066 4833; baseline -0.005 -14"><span class='ocrx_word' id='word_1_699' title='bbox 2329 4767 2382 4819; x_wconf 89' lang='lat' dir='ltr'><strong>in</strong></span> <span class='ocrx_word' id='word_1_700' title='bbox 2556 4761 2922 4833; x_wconf 86' lang='grc' dir='ltr'><strong>Νομοθετοῦσι</strong></span> <span class='ocrx_word' id='word_1_701' title='bbox 2977 4761 3051 4832; x_wconf 88' lang='grc' dir='ltr'><strong>μὴ</strong></span> <span class='ocrx_word' id='word_1_702' title='bbox 3101 4760 3209 4811; x_wconf 84' lang='grc' dir='ltr'><strong>δεῖν</strong></span> <span class='ocrx_word' id='word_1_703' title='bbox 3274 4759 3613 4828; x_wconf 70' lang='grc' dir='ltr'><strong>μεταδιδόναι</strong></span> <span class='ocrx_word' id='word_1_704' title='bbox 3674 4761 3782 4822; x_wconf 63' lang='grc' dir='ltr'><strong>τοῖς</strong></span> <span class='ocrx_word' id='word_1_705' title='bbox 3834 4777 4066 4828; x_wconf 67' lang='grc' dir='ltr'><strong>προπαι-</strong></span> 
     </span>
    </p>
   </div>
   <div class='ocr_carea' id='block_1_95' title="bbox 797 4851 2542 4926">
    <p class='ocr_par' dir='ltr' id='par_1_95' title="bbox 797 4853 2542 4926">
     <span class='ocr_line' id='line_1_95' title="bbox 797 4853 2542 4926; baseline 0.002 -21"><span class='ocrx_word' id='word_1_706' title='bbox 797 4854 980 4922; x_wconf 86' lang='lat' dir='ltr'><strong>aliqua</strong></span> <span class='ocrx_word' id='word_1_707' title='bbox 1033 4853 1346 4906; x_wconf 86' lang='lat' dir='ltr'><strong>calamitate</strong></span> <span class='ocrx_word' id='word_1_708' title='bbox 1406 4855 1717 4909; x_wconf 90' lang='lat' dir='ltr'><strong>constitutis</strong></span> <span class='ocrx_word' id='word_1_709' title='bbox 1750 4856 1882 4908; x_wconf 90' lang='lat' dir='ltr'><strong>nihil</strong></span> <span class='ocrx_word' id='word_1_710' title='bbox 1937 4857 2380 4926; x_wconf 86' lang='lat' dir='ltr'><strong>impertiendum,</strong></span> <span class='ocrx_word' id='word_1_711' title='bbox 2482 4875 2542 4909; x_wconf 85' lang='grc' dir='ltr'><strong>το</strong></span> 
     </span>
    </p>
   </div>
   <div class='ocr_carea' id='block_1_96' title="bbox 2322 4851 4067 4926">
    <p class='ocr_par' dir='ltr' id='par_1_96' title="bbox 2322 4851 4067 4924">
     <span class='ocr_line' id='line_1_96' title="bbox 2322 4851 4067 4924; baseline -0.005 -13"><span class='ocrx_word' id='word_1_712' title='bbox 2322 4873 2380 4922; x_wconf 86' lang='lat' dir='ltr'><strong>n,</strong></span> <span class='ocrx_word' id='word_1_713' title='bbox 2482 4857 2704 4920; x_wconf 85' lang='grc' dir='ltr'><strong>τοῦσιν,</strong></span> <span class='ocrx_word' id='word_1_714' title='bbox 2752 4855 2784 4924; x_wconf 87' lang='grc' dir='ltr'>ἢ</span> <span class='ocrx_word' id='word_1_715' title='bbox 2833 4856 2945 4915; x_wconf 78' lang='grc' dir='ltr'><strong>τοῖς</strong></span> <span class='ocrx_word' id='word_1_716' title='bbox 2992 4852 3166 4914; x_wconf 75' lang='grc' dir='ltr'><strong>ἄλλως</strong></span> <span class='ocrx_word' id='word_1_717' title='bbox 3202 4852 3398 4920; x_wconf 79' lang='grc' dir='ltr'><strong>πένησι</strong></span> <span class='ocrx_word' id='word_1_718' title='bbox 3449 4852 3540 4903; x_wconf 74' lang='grc' dir='ltr'><strong>καὶ</strong></span> <span class='ocrx_word' id='word_1_719' title='bbox 3586 4853 3853 4919; x_wconf 80' lang='grc' dir='ltr'><strong>πτωχοῖς,</strong></span> <span class='ocrx_word' id='word_1_720' title='bbox 3887 4851 3919 4920; x_wconf 74' lang='grc' dir='ltr'>ἢ</span> <span class='ocrx_word' id='word_1_721' title='bbox 3951 4856 4067 4915; x_wconf 81' lang='grc' dir='ltr'><strong>τοῖς</strong></span> 
     </span>
    </p>
   </div>
   <div class='ocr_carea' id='block_1_97' title="bbox 798 4942 2543 5015">
    <p class='ocr_par' dir='ltr' id='par_1_97' title="bbox 798 4946 2543 5010">
     <span class='ocr_line' id='line_1_97' title="bbox 798 4946 2543 5010; baseline 0.002 -13"><span class='ocrx_word' id='word_1_722' title='bbox 798 4955 890 4999; x_wconf 84' lang='lat' dir='ltr'><strong>aut</strong></span> <span class='ocrx_word' id='word_1_723' title='bbox 938 4946 1391 4999; x_wconf 90' lang='lat' dir='ltr'><strong>commodandum</strong></span> <span class='ocrx_word' id='word_1_724' title='bbox 1450 4959 1571 5001; x_wconf 86' lang='lat' dir='ltr'><strong>esse</strong></span> <span class='ocrx_word' id='word_1_725' title='bbox 1608 4949 1818 5010; x_wconf 86' lang='lat' dir='ltr'><strong>dicunt,</strong></span> <span class='ocrx_word' id='word_1_726' title='bbox 1853 4950 1947 5002; x_wconf 90' lang='lat' dir='ltr'><strong>sed</strong></span> <span class='ocrx_word' id='word_1_727' title='bbox 2003 4952 2383 5008; x_wconf 87' lang='lat' dir='ltr'><strong>tantummodo</strong></span> <span class='ocrx_word' id='word_1_728' title='bbox 2484 4967 2543 5002; x_wconf 73' lang='grc' dir='ltr'><strong>κα</strong></span> 
     </span>
    </p>
   </div>
   <div class='ocr_carea' id='block_1_98' title="bbox 2321 4942 4066 5015">
    <p class='ocr_par' dir='ltr' id='par_1_98' title="bbox 2321 4942 4066 5015">
     <span class='ocr_line' id='line_1_98' title="bbox 2321 4942 4066 5015; baseline -0.007 -10"><span class='ocrx_word' id='word_1_729' title='bbox 2321 4952 2383 5004; x_wconf 79' lang='lat' dir='ltr'><strong>d0</strong></span> <span class='ocrx_word' id='word_1_730' title='bbox 2484 4947 2605 5002; x_wconf 82' lang='grc' dir='ltr'><strong>καθ’</strong></span> <span class='ocrx_word' id='word_1_731' title='bbox 2656 4945 2960 5014; x_wconf 75' lang='grc' dir='ltr'><strong>οἱανδήτινα</strong></span> <span class='ocrx_word' id='word_1_732' title='bbox 3007 4944 3326 5013; x_wconf 79' lang='grc' dir='ltr'><strong>περίστασιν</strong></span> <span class='ocrx_word' id='word_1_733' title='bbox 3382 4942 3651 5011; x_wconf 54' lang='grc' dir='ltr'><strong>δεομένοις</strong></span> <span class='ocrx_word' id='word_1_734' title='bbox 3695 4942 4066 5015; x_wconf 75' lang='grc' dir='ltr'><strong>ἐλεημοσύνης</strong></span> 
     </span>
    </p>
   </div>
   <div class='ocr_carea' id='block_1_99' title="bbox 798 5036 2543 5112">
    <p class='ocr_par' dir='ltr' id='par_1_99' title="bbox 798 5037 2543 5112">
     <span class='ocr_line' id='line_1_99' title="bbox 798 5037 2543 5112; baseline 0.002 -23"><span class='ocrx_word' id='word_1_735' title='bbox 798 5037 1173 5092; x_wconf 85' lang='lat' dir='ltr'><strong>admonendos</strong></span> <span class='ocrx_word' id='word_1_736' title='bbox 1219 5052 1484 5107; x_wconf 86' lang='lat' dir='ltr'><strong>pauperes</strong></span> <span class='ocrx_word' id='word_1_737' title='bbox 1530 5040 1723 5108; x_wconf 77' lang='lat' dir='ltr'><strong>spiritu</strong></span> <span class='ocrx_word' id='word_1_738' title='bbox 1750 5055 1780 5092; x_wconf 87' lang='lat' dir='ltr'><strong>a</strong></span> <span class='ocrx_word' id='word_1_739' title='bbox 1816 5041 2046 5095; x_wconf 88' lang='lat' dir='ltr'><strong>Domino</strong></span> <span class='ocrx_word' id='word_1_740' title='bbox 2072 5044 2260 5097; x_wconf 87' lang='lat' dir='ltr'><strong>beatos</strong></span> <span class='ocrx_word' id='word_1_741' title='bbox 2287 5058 2382 5112; x_wconf 83' lang='lat' dir='ltr'><strong>ap-</strong></span> <span class='ocrx_word' id='word_1_742' title='bbox 2485 5059 2543 5094; x_wconf 81' lang='grc' dir='ltr'><strong>κο</strong></span> 
     </span>
    </p>
   </div>
   <div class='ocr_carea' id='block_1_100' title="bbox 2322 5036 4067 5112">
    <p class='ocr_par' dir='ltr' id='par_1_100' title="bbox 2323 5036 4067 5112">
     <span class='ocr_line' id='line_1_100' title="bbox 2323 5036 4067 5112; baseline -0.004 -18"><span class='ocrx_word' id='word_1_743' title='bbox 2323 5058 2382 5112; x_wconf 81' lang='lat' dir='ltr'><strong>p-</strong></span> <span class='ocrx_word' id='word_1_744' title='bbox 2485 5042 2580 5094; x_wconf 77' lang='grc' dir='ltr'><strong>καὶ</strong></span> <span class='ocrx_word' id='word_1_745' title='bbox 2619 5039 2963 5110; x_wconf 82' lang='grc' dir='ltr'><strong>μεταδόσεως</strong></span> <span class='ocrx_word' id='word_1_746' title='bbox 2987 5079 3001 5104; x_wconf 92' lang='grc'><strong>,</strong></span> <span class='ocrx_word' id='word_1_747' title='bbox 3044 5036 3159 5089; x_wconf 77' lang='grc' dir='ltr'><strong>ἀλλ’</strong></span> <span class='ocrx_word' id='word_1_748' title='bbox 3191 5037 3374 5097; x_wconf 83' lang='grc' dir='ltr'><strong>αὐτοῖς</strong></span> <span class='ocrx_word' id='word_1_749' title='bbox 3409 5037 3619 5105; x_wconf 75' lang='grc' dir='ltr'><strong>μόνοις,</strong></span> <span class='ocrx_word' id='word_1_750' title='bbox 3665 5036 3910 5102; x_wconf 78' lang='grc' dir='ltr'><strong>λέγοντες</strong></span> <span class='ocrx_word' id='word_1_751' title='bbox 3938 5039 4067 5088; x_wconf 65' lang='grc' dir='ltr'><strong>ἐαυ-</strong></span> 
     </span>
    </p>
   </div>
   <div class='ocr_carea' id='block_1_101' title="bbox 798 5127 2543 5200">
    <p class='ocr_par' dir='ltr' id='par_1_101' title="bbox 798 5129 2541 5200">
     <span class='ocr_line' id='line_1_101' title="bbox 798 5129 2541 5200; baseline 0.003 -19"><span class='ocrx_word' id='word_1_752' title='bbox 798 5129 1008 5200; x_wconf 82' lang='lat' dir='ltr'><strong>pellari.</strong></span> <span class='ocrx_word' id='word_1_753' title='bbox 1045 5129 1152 5198; x_wconf 78' lang='lat' dir='ltr'><strong>Ego</strong></span> <span class='ocrx_word' id='word_1_754' title='bbox 1188 5143 1317 5183; x_wconf 80' lang='lat' dir='ltr'><strong>vero</strong></span> <span class='ocrx_word' id='word_1_755' title='bbox 1347 5130 1425 5184; x_wconf 89' lang='lat' dir='ltr'><strong>sic</strong></span> <span class='ocrx_word' id='word_1_756' title='bbox 1455 5131 1589 5184; x_wconf 83' lang='lat' dir='ltr'><strong>istos</strong></span> <span class='ocrx_word' id='word_1_757' title='bbox 1631 5132 1966 5200; x_wconf 87' lang='lat' dir='ltr'><strong>compellabo</strong></span> <span class='ocrx_word' id='word_1_758' title='bbox 1995 5151 2006 5186; x_wconf 86' lang='lat'><strong>:</strong></span> <span class='ocrx_word' id='word_1_759' title='bbox 2039 5132 2083 5186; x_wconf 93' lang='grc' dir='ltr'><strong>Ο</strong></span> <span class='ocrx_word' id='word_1_760' title='bbox 2110 5135 2206 5188; x_wconf 86' lang='lat' dir='ltr'><strong>viri</strong></span> <span class='ocrx_word' id='word_1_761' title='bbox 2233 5135 2381 5200; x_wconf 90' lang='lat' dir='ltr'><strong>boni,</strong></span> <span class='ocrx_word' id='word_1_762' title='bbox 2480 5153 2541 5187; x_wconf 87' lang='grc' dir='ltr'><strong>το</strong></span> 
     </span>
    </p>
   </div>
   <div class='ocr_carea' id='block_1_102' title="bbox 2321 5127 4066 5200">
    <p class='ocr_par' dir='ltr' id='par_1_102' title="bbox 2321 5127 4066 5200">
     <span class='ocr_line' id='line_1_102' title="bbox 2321 5127 4066 5200; baseline -0.007 -14"><span class='ocrx_word' id='word_1_763' title='bbox 2321 5135 2381 5200; x_wconf 76' lang='lat' dir='ltr'><strong>ll,</strong></span> <span class='ocrx_word' id='word_1_764' title='bbox 2480 5137 2606 5196; x_wconf 75' lang='grc' dir='ltr'><strong>τοὺς</strong></span> <span class='ocrx_word' id='word_1_765' title='bbox 2640 5129 2780 5185; x_wconf 75' lang='grc' dir='ltr'><strong>εἶναι</strong></span> <span class='ocrx_word' id='word_1_766' title='bbox 2810 5131 2937 5191; x_wconf 79' lang='grc' dir='ltr'><strong>τοὺς</strong></span> <span class='ocrx_word' id='word_1_767' title='bbox 2969 5129 3219 5197; x_wconf 75' lang='grc' dir='ltr'><strong>πτωχοὺς</strong></span> <span class='ocrx_word' id='word_1_768' title='bbox 3250 5128 3330 5198; x_wconf 85' lang='grc' dir='ltr'><strong>τῷ</strong></span> <span class='ocrx_word' id='word_1_769' title='bbox 3369 5128 3642 5197; x_wconf 81' lang='grc' dir='ltr'><strong>πνεύματι</strong></span> <span class='ocrx_word' id='word_1_770' title='bbox 3663 5168 3678 5193; x_wconf 91' lang='grc'><strong>,</strong></span> <span class='ocrx_word' id='word_1_771' title='bbox 3717 5127 3811 5190; x_wconf 81' lang='grc' dir='ltr'><strong>οὓς</strong></span> <span class='ocrx_word' id='word_1_772' title='bbox 3839 5131 4066 5196; x_wconf 53' lang='grc' dir='ltr'><strong>εέμακά.</strong></span> 
     </span>
    </p>
   </div>
   <div class='ocr_carea' id='block_1_103' title="bbox 799 5217 2544 5295">
    <p class='ocr_par' dir='ltr' id='par_1_103' title="bbox 799 5222 2536 5295">
     <span class='ocr_line' id='line_1_103' title="bbox 799 5222 2536 5295; baseline 0 -19"><span class='ocrx_word' id='word_1_773' title='bbox 799 5222 1024 5276; x_wconf 88' lang='lat' dir='ltr'><strong>nescitis</strong></span> <span class='ocrx_word' id='word_1_774' title='bbox 1056 5222 1338 5276; x_wconf 87' lang='lat' dir='ltr'><strong>Dominum</strong></span> <span class='ocrx_word' id='word_1_775' title='bbox 1373 5223 1695 5292; x_wconf 68' lang='lat' dir='ltr'><strong>praecepisse</strong></span> <span class='ocrx_word' id='word_1_776' title='bbox 1753 5233 1811 5276; x_wconf 91' lang='lat' dir='ltr'><strong>ut</strong></span> <span class='ocrx_word' id='word_1_777' title='bbox 1855 5225 2108 5279; x_wconf 92' lang='lat' dir='ltr'><strong>omnibus</strong></span> <span class='ocrx_word' id='word_1_778' title='bbox 2150 5229 2383 5294; x_wconf 88' lang='lat' dir='ltr'><strong>petenti-</strong></span> <span class='ocrx_word' id='word_1_779' title='bbox 2485 5241 2536 5295; x_wconf 91' lang='grc' dir='ltr'><strong>ρι</strong></span> 
     </span>
    </p>
   </div>
   <div class='ocr_carea' id='block_1_104' title="bbox 2319 5217 4064 5295">
    <p class='ocr_par' dir='ltr' id='par_1_104' title="bbox 2319 5217 4064 5295">
     <span class='ocr_line' id='line_1_104' title="bbox 2319 5217 4064 5295; baseline -0.017 -15"><span class='ocrx_word' id='word_1_780' title='bbox 2319 5229 2383 5280; x_wconf 84' lang='lat' dir='ltr'><strong>li-</strong></span> <span class='ocrx_word' id='word_1_781' title='bbox 2485 5241 2633 5295; x_wconf 72' lang='grc' dir='ltr'><strong>ριτεν</strong></span> <span class='ocrx_word' id='word_1_782' title='bbox 2685 5223 2714 5273; x_wconf 93' lang='lat'><strong>6</strong></span> <span class='ocrx_word' id='word_1_783' title='bbox 2763 5221 2989 5290; x_wconf 74' lang='grc' dir='ltr'><strong>Κύριος.</strong></span> <span class='ocrx_word' id='word_1_784' title='bbox 3059 5220 3197 5284; x_wconf 81' lang='grc' dir='ltr'><strong>Ἐγὼ</strong></span> <span class='ocrx_word' id='word_1_785' title='bbox 3243 5219 3299 5270; x_wconf 86' lang='grc' dir='ltr'><strong>δέ</strong></span> <span class='ocrx_word' id='word_1_786' title='bbox 3336 5219 3500 5288; x_wconf 79' lang='grc' dir='ltr'><strong>φαίην</strong></span> <span class='ocrx_word' id='word_1_787' title='bbox 3533 5218 3600 5270; x_wconf 78' lang='grc' dir='ltr'><strong>ἂν</strong></span> <span class='ocrx_word' id='word_1_788' title='bbox 3639 5217 3771 5286; x_wconf 69' lang='grc' dir='ltr'><strong>πρὸς</strong></span> <span class='ocrx_word' id='word_1_789' title='bbox 3823 5219 4020 5282; x_wconf 49' lang='lat' dir='ltr'><strong>absus,-</strong></span> <span class='ocrx_word' id='word_1_790' title='bbox 4049 5237 4064 5250; x_wconf 91' lang='lat'><strong>.</strong></span> 
     </span>
    </p>
   </div>
   <div class='ocr_carea' id='block_1_105' title="bbox 800 5304 2545 5382">
    <p class='ocr_par' dir='ltr' id='par_1_105' title="bbox 800 5311 2545 5382">
     <span class='ocr_line' id='line_1_105' title="bbox 800 5311 2545 5382; baseline 0 -14"><span class='ocrx_word' id='word_1_791' title='bbox 800 5317 900 5368; x_wconf 91' lang='lat' dir='ltr'><strong>bus</strong></span> <span class='ocrx_word' id='word_1_792' title='bbox 925 5315 1228 5366; x_wconf 80' lang='lat' dir='ltr'><strong>tribuamus</strong></span> <span class='ocrx_word' id='word_1_793' title='bbox 1263 5329 1276 5365; x_wconf 91' lang='lat'><strong>:</strong></span> <span class='ocrx_word' id='word_1_794' title='bbox 1315 5311 1472 5366; x_wconf 82' lang='lat' dir='ltr'><strong>Omni</strong></span> <span class='ocrx_word' id='word_1_795' title='bbox 1510 5314 1680 5379; x_wconf 88' lang='lat' dir='ltr'><strong>enim,</strong></span> <span class='ocrx_word' id='word_1_796' title='bbox 1705 5314 1899 5382; x_wconf 91' lang='lat' dir='ltr'><strong>inquit,</strong></span> <span class='ocrx_word' id='word_1_797' title='bbox 1932 5317 2176 5382; x_wconf 81' lang='lat' dir='ltr'><strong>petentia</strong></span> <span class='ocrx_word' id='word_1_798' title='bbox 2206 5327 2254 5368; x_wconf 87' lang='lat' dir='ltr'><strong>te</strong></span> <span class='ocrx_word' id='word_1_799' title='bbox 2284 5317 2383 5369; x_wconf 91' lang='lat' dir='ltr'><strong>tri-</strong></span> <span class='ocrx_word' id='word_1_800' title='bbox 2492 5318 2545 5368; x_wconf 80' lang='grc' dir='ltr'><strong>Ἀ</strong></span> 
     </span>
    </p>
   </div>
   <div class='ocr_carea' id='block_1_106' title="bbox 2322 5304 4067 5382">
    <p class='ocr_par' dir='ltr' id='par_1_106' title="bbox 2322 5304 4067 5381">
     <span class='ocr_line' id='line_1_106' title="bbox 2322 5304 4067 5381; baseline -0.002 -15"><span class='ocrx_word' id='word_1_801' title='bbox 2322 5317 2383 5369; x_wconf 71' lang='grc' dir='ltr'><strong>-ἱ-</strong></span> <span class='ocrx_word' id='word_1_802' title='bbox 2492 5316 2630 5368; x_wconf 77' lang='grc' dir='ltr'><strong>Ἀλλ’</strong></span> <span class='ocrx_word' id='word_1_803' title='bbox 2661 5315 2688 5365; x_wconf 93' lang='lat'><strong>6</strong></span> <span class='ocrx_word' id='word_1_804' title='bbox 2720 5313 2953 5381; x_wconf 80' lang='grc' dir='ltr'><strong>Κύριος,</strong></span> <span class='ocrx_word' id='word_1_805' title='bbox 2992 5304 3037 5362; x_wconf 81' lang='grc' dir='ltr'>ὦ</span> <span class='ocrx_word' id='word_1_806' title='bbox 3068 5304 3215 5362; x_wconf 67' lang='grc' dir='ltr'><strong>οῦτοι</strong></span> <span class='ocrx_word' id='word_1_807' title='bbox 3240 5350 3254 5374; x_wconf 93' lang='grc'><strong>,</strong></span> <span class='ocrx_word' id='word_1_808' title='bbox 3291 5311 3426 5362; x_wconf 82' lang='grc' dir='ltr'><strong>πᾶσι</strong></span> <span class='ocrx_word' id='word_1_809' title='bbox 3457 5313 3565 5370; x_wconf 88' lang='grc' dir='ltr'><strong>τοῖς</strong></span> <span class='ocrx_word' id='word_1_810' title='bbox 3592 5310 3862 5377; x_wconf 79' lang='grc' dir='ltr'><strong>δεομένοις</strong></span> <span class='ocrx_word' id='word_1_811' title='bbox 3900 5328 4067 5379; x_wconf 84' lang='grc' dir='ltr'><strong>μετα-</strong></span> 
     </span>
    </p>
   </div>
   <div class='ocr_carea' id='block_1_107' title="bbox 793 5398 2538 5478">
    <p class='ocr_par' dir='ltr' id='par_1_107' title="bbox 793 5403 2538 5478">
     <span class='ocr_line' id='line_1_107' title="bbox 793 5403 2538 5478; baseline 0 -20"><span class='ocrx_word' id='word_1_812' title='bbox 793 5407 888 5459; x_wconf 83' lang='lat' dir='ltr'><strong>bue</strong></span> <span class='ocrx_word' id='word_1_813' title='bbox 921 5405 963 5458; x_wconf 84' lang='lat'><strong>‘.</strong></span> <span class='ocrx_word' id='word_1_814' title='bbox 1014 5403 1202 5458; x_wconf 83' lang='lat' dir='ltr'><strong>Vestra</strong></span> <span class='ocrx_word' id='word_1_815' title='bbox 1231 5415 1410 5457; x_wconf 89' lang='lat' dir='ltr'><strong>autem</strong></span> <span class='ocrx_word' id='word_1_816' title='bbox 1440 5405 1697 5474; x_wconf 86' lang='lat' dir='ltr'><strong>iniquitas</strong></span> <span class='ocrx_word' id='word_1_817' title='bbox 1731 5406 1893 5460; x_wconf 84' lang='lat' dir='ltr'><strong>celari</strong></span> <span class='ocrx_word' id='word_1_818' title='bbox 1916 5423 2021 5460; x_wconf 91' lang='lat' dir='ltr'><strong>non</strong></span> <span class='ocrx_word' id='word_1_819' title='bbox 2059 5419 2256 5477; x_wconf 85' lang='lat' dir='ltr'><strong>potest,</strong></span> <span class='ocrx_word' id='word_1_820' title='bbox 2286 5410 2378 5478; x_wconf 90' lang='lat' dir='ltr'><strong>qui</strong></span> <span class='ocrx_word' id='word_1_821' title='bbox 2483 5409 2538 5460; x_wconf 60' lang='grc' dir='ltr'><strong>δίη</strong></span> 
     </span>
    </p>
   </div>
   <div class='ocr_carea' id='block_1_108' title="bbox 2323 5398 4068 5478">
    <p class='ocr_par' dir='ltr' id='par_1_108' title="bbox 2327 5398 4068 5474">
     <span class='ocr_line' id='line_1_108' title="bbox 2327 5398 4068 5474; baseline -0.002 -13"><span class='ocrx_word' id='word_1_822' title='bbox 2327 5410 2378 5463; x_wconf 92' lang='lat' dir='ltr'><strong>ui</strong></span> <span class='ocrx_word' id='word_1_823' title='bbox 2483 5408 2682 5460; x_wconf 75' lang='grc' dir='ltr'><strong>διδόναι</strong></span> <span class='ocrx_word' id='word_1_824' title='bbox 2707 5403 3026 5474; x_wconf 79' lang='grc' dir='ltr'><strong>προσέταξε·</strong></span> <span class='ocrx_word' id='word_1_825' title='bbox 3049 5402 3232 5454; x_wconf 78' lang='grc' dir='ltr'><strong>Παντὶ</strong></span> <span class='ocrx_word' id='word_1_826' title='bbox 3259 5402 3390 5469; x_wconf 80' lang='grc' dir='ltr'><strong>γὰρ,</strong></span> <span class='ocrx_word' id='word_1_827' title='bbox 3414 5402 3567 5468; x_wconf 71' lang='grc' dir='ltr'><strong>φησι,</strong></span> <span class='ocrx_word' id='word_1_828' title='bbox 3591 5398 3666 5464; x_wconf 85' lang='grc' dir='ltr'><strong>τῷ</strong></span> <span class='ocrx_word' id='word_1_829' title='bbox 3681 5401 4068 5458; x_wconf 72' lang='grc' dir='ltr'><strong>αιτοῦντίσοσ</strong></span> 
     </span>
    </p>
   </div>
   <div class='ocr_carea' id='block_1_109' title="bbox 795 5494 2540 5568">
    <p class='ocr_par' dir='ltr' id='par_1_109' title="bbox 795 5497 2540 5565">
     <span class='ocr_line' id='line_1_109' title="bbox 795 5497 2540 5565; baseline 0.003 -17"><span class='ocrx_word' id='word_1_830' title='bbox 795 5511 858 5548; x_wconf 88' lang='lat' dir='ltr'><strong>ea</strong></span> <span class='ocrx_word' id='word_1_831' title='bbox 909 5510 1031 5564; x_wconf 79' lang='lat' dir='ltr'><strong>qua:</strong></span> <span class='ocrx_word' id='word_1_832' title='bbox 1073 5506 1195 5549; x_wconf 91' lang='lat' dir='ltr'><strong>sunt</strong></span> <span class='ocrx_word' id='word_1_833' title='bbox 1228 5510 1522 5565; x_wconf 83' lang='lat' dir='ltr'><strong>pauperum</strong></span> <span class='ocrx_word' id='word_1_834' title='bbox 1585 5497 1651 5550; x_wconf 85' lang='lat' dir='ltr'><strong>ad</strong></span> <span class='ocrx_word' id='word_1_835' title='bbox 1682 5511 1776 5551; x_wconf 84' lang='lat' dir='ltr'><strong>vos</strong></span> <span class='ocrx_word' id='word_1_836' title='bbox 1821 5499 2055 5560; x_wconf 83' lang='lat' dir='ltr'><strong>trahitis,</strong></span> <span class='ocrx_word' id='word_1_837' title='bbox 2084 5509 2139 5553; x_wconf 91' lang='lat' dir='ltr'><strong>et</strong></span> <span class='ocrx_word' id='word_1_838' title='bbox 2187 5501 2383 5553; x_wconf 61' lang='lat' dir='ltr'><strong>vestris</strong></span> <span class='ocrx_word' id='word_1_839' title='bbox 2484 5501 2540 5554; x_wconf 82' lang='grc' dir='ltr'><strong><em>δί</em></strong></span> 
     </span>
    </p>
   </div>
   <div class='ocr_carea' id='block_1_110' title="bbox 2320 5494 4065 5568">
    <p class='ocr_par' dir='ltr' id='par_1_110' title="bbox 2320 5494 4065 5568">
     <span class='ocr_line' id='line_1_110' title="bbox 2320 5494 4065 5568; baseline -0.002 -16"><span class='ocrx_word' id='word_1_840' title='bbox 2320 5501 2383 5553; x_wconf 72' lang='lat' dir='ltr'><strong>ris</strong></span> <span class='ocrx_word' id='word_1_841' title='bbox 2484 5501 2678 5554; x_wconf 83' lang='grc' dir='ltr'><strong>δίδου.</strong></span> <span class='ocrx_word' id='word_1_842' title='bbox 2719 5498 2911 5568; x_wconf 80' lang='grc' dir='ltr'><strong>Ὑμεῖς</strong></span> <span class='ocrx_word' id='word_1_843' title='bbox 2946 5496 3000 5548; x_wconf 85' lang='grc' dir='ltr'><strong>δέ</strong></span> <span class='ocrx_word' id='word_1_844' title='bbox 3033 5496 3096 5548; x_wconf 78' lang='grc' dir='ltr'><strong>οὐ</strong></span> <span class='ocrx_word' id='word_1_845' title='bbox 3147 5494 3411 5562; x_wconf 74' lang='grc' dir='ltr'><strong>λελήθατε</strong></span> <span class='ocrx_word' id='word_1_846' title='bbox 3441 5495 3578 5565; x_wconf 79' lang='grc' dir='ltr'><strong>πρὸς</strong></span> <span class='ocrx_word' id='word_1_847' title='bbox 3611 5495 3833 5556; x_wconf 79' lang='grc' dir='ltr'><strong>ἑαυτοὺς</strong></span> <span class='ocrx_word' id='word_1_848' title='bbox 3863 5496 3931 5548; x_wconf 79' lang='grc' dir='ltr'><strong>τά</strong></span> <span class='ocrx_word' id='word_1_849' title='bbox 3957 5496 4065 5548; x_wconf 84' lang='grc' dir='ltr'><strong>τῶν</strong></span> 
     </span>
    </p>
   </div>
   <div class='ocr_carea' id='block_1_111' title="bbox 796 5586 2541 5662">
    <p class='ocr_par' dir='ltr' id='par_1_111' title="bbox 796 5589 2541 5660">
     <span class='ocr_line' id='line_1_111' title="bbox 796 5589 2541 5660; baseline 0.002 -19"><span class='ocrx_word' id='word_1_850' title='bbox 796 5589 1118 5653; x_wconf 73' lang='lat' dir='ltr'><strong>coaunodis,</strong></span> <span class='ocrx_word' id='word_1_851' title='bbox 1152 5589 1726 5660; x_wconf 72' lang='lat' dir='ltr'><strong>voluptatibus,atque</strong></span> <span class='ocrx_word' id='word_1_852' title='bbox 1747 5591 1958 5646; x_wconf 89' lang='lat' dir='ltr'><strong>deliciis</strong></span> <span class='ocrx_word' id='word_1_853' title='bbox 2000 5601 2209 5646; x_wconf 91' lang='lat' dir='ltr'><strong>tantum</strong></span> <span class='ocrx_word' id='word_1_854' title='bbox 2247 5607 2380 5646; x_wconf 89' lang='lat' dir='ltr'><strong>con-</strong></span> <span class='ocrx_word' id='word_1_855' title='bbox 2486 5611 2541 5645; x_wconf 82' lang='grc' dir='ltr'><strong>πε</strong></span> 
     </span>
    </p>
   </div>
   <div class='ocr_carea' id='block_1_112' title="bbox 2321 5586 4066 5662">
    <p class='ocr_par' dir='ltr' id='par_1_112' title="bbox 2321 5586 4066 5662">
     <span class='ocr_line' id='line_1_112' title="bbox 2321 5586 4066 5662; baseline -0.004 -15"><span class='ocrx_word' id='word_1_856' title='bbox 2321 5609 2380 5646; x_wconf 89' lang='lat' dir='ltr'><strong>n-</strong></span> <span class='ocrx_word' id='word_1_857' title='bbox 2486 5597 2733 5662; x_wconf 78' lang='grc' dir='ltr'><strong>πενήτων</strong></span> <span class='ocrx_word' id='word_1_858' title='bbox 2773 5590 3128 5661; x_wconf 77' lang='grc' dir='ltr'><strong>μεθέλκοντες</strong></span> <span class='ocrx_word' id='word_1_859' title='bbox 3151 5625 3169 5650; x_wconf 88' lang='grc'><strong>,</strong></span> <span class='ocrx_word' id='word_1_860' title='bbox 3225 5587 3321 5639; x_wconf 79' lang='grc' dir='ltr'><strong>καὶ</strong></span> <span class='ocrx_word' id='word_1_861' title='bbox 3367 5586 3501 5658; x_wconf 73' lang='grc' dir='ltr'><strong>πρὸς</strong></span> <span class='ocrx_word' id='word_1_862' title='bbox 3534 5587 3703 5658; x_wconf 87' lang='grc' dir='ltr'><strong>μόνην</strong></span> <span class='ocrx_word' id='word_1_863' title='bbox 3731 5587 3829 5656; x_wconf 78' lang='grc' dir='ltr'><strong>τὴν</strong></span> <span class='ocrx_word' id='word_1_864' title='bbox 3856 5590 4066 5640; x_wconf 76' lang='grc' dir='ltr'><strong>οἰκείαν</strong></span> 
     </span>
    </p>
   </div>
   <div class='ocr_carea' id='block_1_113' title="bbox 866 5766 3923 5840">
    <p class='ocr_par' dir='ltr' id='par_1_113' title="bbox 866 5766 3923 5840">
     <span class='ocr_line' id='line_1_113' title="bbox 866 5766 3923 5840; baseline -0 -16"><span class='ocrx_word' id='word_1_865' title='bbox 866 5771 882 5803; x_wconf 78' lang='grc'>⁸</span> <span class='ocrx_word' id='word_1_866' title='bbox 907 5767 1065 5824; x_wconf 83' lang='lat' dir='ltr'><strong>Joan.</strong></span> <span class='ocrx_word' id='word_1_867' title='bbox 1104 5785 1212 5836; x_wconf 77' lang='lat' dir='ltr'><strong>xw,</strong></span> <span class='ocrx_word' id='word_1_868' title='bbox 1247 5769 1337 5824; x_wconf 77' lang='lat'><strong>23.</strong></span> <span class='ocrx_word' id='word_1_869' title='bbox 1415 5772 1434 5801; x_wconf 84' lang='grc'>¹</span> <span class='ocrx_word' id='word_1_870' title='bbox 1467 5769 1658 5826; x_wconf 67' lang='lat' dir='ltr'><strong>Matth.</strong></span> <span class='ocrx_word' id='word_1_871' title='bbox 1701 5787 1752 5837; x_wconf 74' lang='grc' dir='ltr'><strong>ι,</strong></span> <span class='ocrx_word' id='word_1_872' title='bbox 1783 5771 1874 5828; x_wconf 71' lang='lat'><strong>28.</strong></span> <span class='ocrx_word' id='word_1_873' title='bbox 1953 5774 1972 5804; x_wconf 87' lang='grc'><em>³</em></span> <span class='ocrx_word' id='word_1_874' title='bbox 1998 5777 2118 5828; x_wconf 84' lang='lat' dir='ltr'><strong>Act.</strong></span> <span class='ocrx_word' id='word_1_875' title='bbox 2154 5792 2244 5840; x_wconf 78' lang='lat' dir='ltr'><strong>xx,</strong></span> <span class='ocrx_word' id='word_1_876' title='bbox 2285 5775 2370 5830; x_wconf 76' lang='lat'><strong>10.</strong></span> <span class='ocrx_word' id='word_1_877' title='bbox 2451 5775 2472 5808; x_wconf 70' lang='grc'><strong><em>⁵</em></strong></span> <span class='ocrx_word' id='word_1_878' title='bbox 2497 5770 2950 5837; x_wconf 77' lang='lat' dir='ltr'><strong>ll&#39;l‘bess.|u,l0.</strong></span> <span class='ocrx_word' id='word_1_879' title='bbox 3027 5771 3048 5802; x_wconf 82' lang='lat'>&#39;</span> <span class='ocrx_word' id='word_1_880' title='bbox 3075 5769 3197 5823; x_wconf 86' lang='lat' dir='ltr'><strong>Act.</strong></span> <span class='ocrx_word' id='word_1_881' title='bbox 3222 5767 3428 5831; x_wconf 61' lang='lat'><strong>“.34.</strong></span> <span class='ocrx_word' id='word_1_882' title='bbox 3509 5767 3531 5796; x_wconf 85' lang='grc'>⁶</span> <span class='ocrx_word' id='word_1_883' title='bbox 3556 5766 3690 5823; x_wconf 87' lang='lat' dir='ltr'><strong>Luc.</strong></span> <span class='ocrx_word' id='word_1_884' title='bbox 3715 5783 3790 5832; x_wconf 70' lang='grc' dir='ltr'><strong>γι,</strong></span> <span class='ocrx_word' id='word_1_885' title='bbox 3832 5767 3923 5825; x_wconf 74' lang='lat'><strong>30.</strong></span> 
     </span>
    </p>
   </div>
  </div>
