  <div class='ocr_page' id='page_1' title='image "/cluster/home/n/w/nwhite01/storage/ocr_20150623/130/nnc1.0046979603/664.png"; bbox 0 0 4420 6462; ppageno 0'>
   <div class='ocr_carea' id='block_1_1' title="bbox 432 390 568 460">
    <p class='ocr_par' dir='ltr' id='par_1_1' title="bbox 432 390 568 460">
     <span class='ocr_line' id='line_1_1' title="bbox 432 390 568 460; baseline 0.044 -5"><span class='ocrx_word' id='word_1_1' title='bbox 432 390 568 460; x_wconf 77' lang='lat'>1289</span> 
     </span>
    </p>
   </div>
   <div class='ocr_carea' id='block_1_2' title="bbox 1329 395 2789 456">
    <p class='ocr_par' dir='ltr' id='par_1_2' title="bbox 1329 395 2789 456">
     <span class='ocr_line' id='line_1_2' title="bbox 1329 395 2789 456; baseline -0.001 -2"><span class='ocrx_word' id='word_1_2' title='bbox 1329 396 1703 456; x_wconf 76' lang='lat' dir='ltr'>PANOI’LIA</span> <span class='ocrx_word' id='word_1_3' title='bbox 1750 396 2211 455; x_wconf 76' lang='lat' dir='ltr'>DOGMATICA.</span> <span class='ocrx_word' id='word_1_4' title='bbox 2252 420 2319 430; x_wconf 91' lang='lat'><strong>—</strong></span> <span class='ocrx_word' id='word_1_5' title='bbox 2354 395 2503 454; x_wconf 77' lang='lat' dir='ltr'><strong>Tl&#39;l‘.</strong></span> <span class='ocrx_word' id='word_1_6' title='bbox 2544 395 2789 453; x_wconf 78' lang='lat' dir='ltr'><strong>XXVII.</strong></span> 
     </span>
    </p>
   </div>
   <div class='ocr_carea' id='block_1_3' title="bbox 3558 393 3695 459">
    <p class='ocr_par' dir='ltr' id='par_1_3' title="bbox 3558 393 3695 459">
     <span class='ocr_line' id='line_1_3' title="bbox 3558 393 3695 459; baseline -0.022 0"><span class='ocrx_word' id='word_1_7' title='bbox 3558 393 3695 459; x_wconf 70' lang='lat'>1290</span> 
     </span>
    </p>
   </div>
   <div class='ocr_carea' id='block_1_4' title="bbox 426 502 2171 574">
    <p class='ocr_par' dir='ltr' id='par_1_4' title="bbox 426 503 2171 574">
     <span class='ocr_line' id='line_1_4' title="bbox 426 503 2171 574; baseline -0.002 -15"><span class='ocrx_word' id='word_1_8' title='bbox 426 508 728 559; x_wconf 70' lang='grc' dir='ltr'>εὐπάθειαν</span> <span class='ocrx_word' id='word_1_9' title='bbox 757 504 1017 574; x_wconf 77' lang='grc' dir='ltr'>ὁρῶντες,</span> <span class='ocrx_word' id='word_1_10' title='bbox 1043 504 1137 556; x_wconf 80' lang='grc' dir='ltr'>καὶ</span> <span class='ocrx_word' id='word_1_11' title='bbox 1167 503 1381 572; x_wconf 68' lang='grc' dir='ltr'>τρυφὴν</span> <span class='ocrx_word' id='word_1_12' title='bbox 1414 506 1625 565; x_wconf 74' lang='grc' dir='ltr'>ἑαυτοῖς</span> <span class='ocrx_word' id='word_1_13' title='bbox 1653 505 2004 572; x_wconf 75' lang='grc' dir='ltr'>παρασκευά⁴</span> <span class='ocrx_word' id='word_1_14' title='bbox 2043 512 2081 566; x_wconf 74' lang='grc' dir='ltr'><strong>Α</strong></span> <span class='ocrx_word' id='word_1_15' title='bbox 2114 519 2171 556; x_wconf 92' lang='lat' dir='ltr'>sn</span> 
     </span>
    </p>
   </div>
   <div class='ocr_carea' id='block_1_5' title="bbox 1951 502 3696 574">
    <p class='ocr_par' dir='ltr' id='par_1_5' title="bbox 1951 502 3696 571">
     <span class='ocr_line' id='line_1_5' title="bbox 1951 502 3696 571; baseline 0.001 -15"><span class='ocrx_word' id='word_1_16' title='bbox 1951 505 2004 556; x_wconf 68' lang='grc' dir='ltr'>ἀι</span> <span class='ocrx_word' id='word_1_17' title='bbox 2043 512 2081 566; x_wconf 72' lang='grc' dir='ltr'><strong>Α</strong></span> <span class='ocrx_word' id='word_1_18' title='bbox 2114 503 2310 557; x_wconf 88' lang='lat' dir='ltr'><strong>sulitis.</strong></span> <span class='ocrx_word' id='word_1_19' title='bbox 2348 504 2630 569; x_wconf 74' lang='lat' dir='ltr'><strong>Quomodo</strong></span> <span class='ocrx_word' id='word_1_20' title='bbox 2664 503 2831 565; x_wconf 77' lang='lat' dir='ltr'><strong>enim,</strong></span> <span class='ocrx_word' id='word_1_21' title='bbox 2860 512 2947 554; x_wconf 88' lang='lat' dir='ltr'><strong>aut</strong></span> <span class='ocrx_word' id='word_1_22' title='bbox 2991 502 3132 554; x_wconf 77' lang='lat' dir='ltr'><strong>unde</strong></span> <span class='ocrx_word' id='word_1_23' title='bbox 3164 516 3256 553; x_wconf 76' lang='lat' dir='ltr'>vos</span> <span class='ocrx_word' id='word_1_24' title='bbox 3296 517 3560 571; x_wconf 87' lang='lat' dir='ltr'><strong>pauperes</strong></span> <span class='ocrx_word' id='word_1_25' title='bbox 3583 505 3696 570; x_wconf 84' lang='lat' dir='ltr'><strong>spi-</strong></span> 
     </span>
    </p>
   </div>
   <div class='ocr_carea' id='block_1_6' title="bbox 424 594 2010 664">
    <p class='ocr_par' dir='ltr' id='par_1_6' title="bbox 424 594 2010 664">
     <span class='ocr_line' id='line_1_6' title="bbox 424 594 2010 664; baseline -0.001 -17"><span class='ocrx_word' id='word_1_26' title='bbox 424 598 629 659; x_wconf 76' lang='grc' dir='ltr'>ζοντες.</span> <span class='ocrx_word' id='word_1_27' title='bbox 674 596 795 656; x_wconf 79' lang='grc' dir='ltr'>Πῶς</span> <span class='ocrx_word' id='word_1_28' title='bbox 834 596 978 663; x_wconf 76' lang='grc' dir='ltr'>γὰρ,</span> <span class='ocrx_word' id='word_1_29' title='bbox 1016 596 1050 664; x_wconf 73' lang='grc' dir='ltr'>ἢ</span> <span class='ocrx_word' id='word_1_30' title='bbox 1089 594 1255 646; x_wconf 86' lang='grc' dir='ltr'>πόθεν</span> <span class='ocrx_word' id='word_1_31' title='bbox 1290 596 1448 662; x_wconf 80' lang='grc' dir='ltr'>ὑμεῖς</span> <span class='ocrx_word' id='word_1_32' title='bbox 1477 595 1685 661; x_wconf 68' lang='grc' dir='ltr'>πτωχοὶ</span> <span class='ocrx_word' id='word_1_33' title='bbox 1723 595 1926 662; x_wconf 81' lang='grc' dir='ltr'>μᾶλλον</span> <span class='ocrx_word' id='word_1_34' title='bbox 1954 596 2010 645; x_wconf 89' lang='grc' dir='ltr'>ἐν</span> 
     </span>
    </p>
   </div>
   <div class='ocr_carea' id='block_1_7' title="bbox 422 682 2008 751">
    <p class='ocr_par' dir='ltr' id='par_1_7' title="bbox 422 682 2008 751">
     <span class='ocr_line' id='line_1_7' title="bbox 422 682 2008 751; baseline -0.001 -16"><span class='ocrx_word' id='word_1_35' title='bbox 422 685 646 751; x_wconf 75' lang='grc' dir='ltr'>ἀρεταῖς</span> <span class='ocrx_word' id='word_1_36' title='bbox 696 682 881 746; x_wconf 72' lang='grc' dir='ltr'>ὄντες,</span> <span class='ocrx_word' id='word_1_37' title='bbox 936 687 1028 735; x_wconf 78' lang='grc' dir='ltr'>καὶ</span> <span class='ocrx_word' id='word_1_38' title='bbox 1079 682 1433 743; x_wconf 79' lang='grc' dir='ltr'>πλουτοῦντες</span> <span class='ocrx_word' id='word_1_39' title='bbox 1487 684 1546 735; x_wconf 91' lang='grc' dir='ltr'>ἐν</span> <span class='ocrx_word' id='word_1_40' title='bbox 1603 683 1739 735; x_wconf 75' lang='grc' dir='ltr'>πᾶσι</span> <span class='ocrx_word' id='word_1_41' title='bbox 1785 685 2008 747; x_wconf 81' lang='grc' dir='ltr'>κακοῖς;</span> 
     </span>
    </p>
   </div>
   <div class='ocr_carea' id='block_1_8' title="bbox 426 770 2013 843">
    <p class='ocr_par' dir='ltr' id='par_1_8' title="bbox 426 770 2013 843">
     <span class='ocr_line' id='line_1_8' title="bbox 426 770 2013 843; baseline 0.003 -21"><span class='ocrx_word' id='word_1_42' title='bbox 426 770 643 840; x_wconf 78' lang='grc' dir='ltr'>Σαπρον</span> <span class='ocrx_word' id='word_1_43' title='bbox 671 772 782 843; x_wconf 76' lang='grc' dir='ltr'>γὰρ</span> <span class='ocrx_word' id='word_1_44' title='bbox 819 773 1040 843; x_wconf 79' lang='grc' dir='ltr'>δένδρον</span> <span class='ocrx_word' id='word_1_45' title='bbox 1072 773 1135 825; x_wconf 89' lang='grc' dir='ltr'>ού</span> <span class='ocrx_word' id='word_1_46' title='bbox 1185 775 1331 825; x_wconf 87' lang='grc' dir='ltr'>ποιεῖ</span> <span class='ocrx_word' id='word_1_47' title='bbox 1362 774 1611 842; x_wconf 74' lang='grc' dir='ltr'>καρποὺς</span> <span class='ocrx_word' id='word_1_48' title='bbox 1658 774 1888 836; x_wconf 80' lang='grc' dir='ltr'>καλοὺς,</span> <span class='ocrx_word' id='word_1_49' title='bbox 1922 776 2013 826; x_wconf 78' lang='grc' dir='ltr'>καὶ</span> 
     </span>
    </p>
   </div>
   <div class='ocr_carea' id='block_1_9' title="bbox 427 862 2015 933">
    <p class='ocr_par' dir='ltr' id='par_1_9' title="bbox 427 862 2015 933">
     <span class='ocr_line' id='line_1_9' title="bbox 427 862 2015 933; baseline 0.001 -20"><span class='ocrx_word' id='word_1_50' title='bbox 427 862 718 928; x_wconf 77' lang='grc' dir='ltr'>κακόδοξος</span> <span class='ocrx_word' id='word_1_51' title='bbox 753 863 814 914; x_wconf 84' lang='grc' dir='ltr'>ού</span> <span class='ocrx_word' id='word_1_52' title='bbox 856 863 1081 916; x_wconf 83' lang='grc' dir='ltr'>δύναται</span> <span class='ocrx_word' id='word_1_53' title='bbox 1126 865 1497 933; x_wconf 77' lang='grc' dir='ltr'>καρποφορεῖν</span> <span class='ocrx_word' id='word_1_54' title='bbox 1527 866 1751 933; x_wconf 84' lang='grc' dir='ltr'>ἀρετήν.</span> <span class='ocrx_word' id='word_1_55' title='bbox 1796 865 2015 933; x_wconf 78' lang='grc' dir='ltr'>Πτωχὸς</span> 
     </span>
    </p>
   </div>
   <div class='ocr_carea' id='block_1_10' title="bbox 424 953 2007 1026">
    <p class='ocr_par' dir='ltr' id='par_1_10' title="bbox 424 953 2007 1026">
     <span class='ocr_line' id='line_1_10' title="bbox 424 953 2007 1026; baseline 0.002 -21"><span class='ocrx_word' id='word_1_56' title='bbox 424 953 483 1005; x_wconf 75' lang='grc' dir='ltr'>δὲ</span> <span class='ocrx_word' id='word_1_57' title='bbox 514 953 590 1023; x_wconf 81' lang='grc' dir='ltr'>τῷ</span> <span class='ocrx_word' id='word_1_58' title='bbox 619 954 892 1019; x_wconf 87' lang='grc' dir='ltr'>πνεύματι</span> <span class='ocrx_word' id='word_1_59' title='bbox 934 956 1042 1016; x_wconf 82' lang='grc' dir='ltr'>πᾶς</span> <span class='ocrx_word' id='word_1_60' title='bbox 1076 956 1103 1006; x_wconf 87' lang='grc' dir='ltr'><strong>ὁ</strong></span> <span class='ocrx_word' id='word_1_61' title='bbox 1135 955 1226 1007; x_wconf 84' lang='grc' dir='ltr'>διὰ</span> <span class='ocrx_word' id='word_1_62' title='bbox 1259 955 1393 1007; x_wconf 73' lang='grc' dir='ltr'>Θεὸν</span> <span class='ocrx_word' id='word_1_63' title='bbox 1434 955 1709 1016; x_wconf 86' lang='grc' dir='ltr'>ταπεινός.</span> <span class='ocrx_word' id='word_1_64' title='bbox 1765 956 1854 1007; x_wconf 86' lang='grc' dir='ltr'>Δεῖ</span> <span class='ocrx_word' id='word_1_65' title='bbox 1899 958 2007 1026; x_wconf 71' lang='grc' dir='ltr'>γὰρ</span> 
     </span>
    </p>
   </div>
   <div class='ocr_carea' id='block_1_11' title="bbox 427 1043 1934 1115">
    <p class='ocr_par' dir='ltr' id='par_1_11' title="bbox 427 1043 1934 1115">
     <span class='ocr_line' id='line_1_11' title="bbox 427 1043 1934 1115; baseline 0.003 -19"><span class='ocrx_word' id='word_1_66' title='bbox 427 1043 720 1097; x_wconf 86' lang='grc' dir='ltr'>πιστεῦσαι</span> <span class='ocrx_word' id='word_1_67' title='bbox 752 1044 969 1114; x_wconf 82' lang='grc' dir='ltr'>πρῶτον</span> <span class='ocrx_word' id='word_1_68' title='bbox 992 1086 1006 1110; x_wconf 92' lang='grc'>,</span> <span class='ocrx_word' id='word_1_69' title='bbox 1038 1043 1163 1100; x_wconf 77' lang='grc' dir='ltr'>εἶτα</span> <span class='ocrx_word' id='word_1_70' title='bbox 1190 1045 1300 1097; x_wconf 85' lang='grc' dir='ltr'>τῶν</span> <span class='ocrx_word' id='word_1_71' title='bbox 1329 1045 1539 1114; x_wconf 83' lang='grc' dir='ltr'><strong>ἀρετῶν</strong></span> <span class='ocrx_word' id='word_1_72' title='bbox 1566 1045 1934 1115; x_wconf 83' lang='grc' dir='ltr'>ἀπάρξασθαι.</span> 
     </span>
    </p>
   </div>
   <div class='ocr_carea' id='block_1_12' title="bbox 2112 593 3747 661">
    <p class='ocr_par' dir='ltr' id='par_1_12' title="bbox 2112 593 3747 661">
     <span class='ocr_line' id='line_1_12' title="bbox 2112 593 3747 661; baseline -0.002 -16"><span class='ocrx_word' id='word_1_73' title='bbox 2112 595 2238 658; x_wconf 90' lang='lat' dir='ltr'><strong>ritu,</strong></span> <span class='ocrx_word' id='word_1_74' title='bbox 2270 595 2438 661; x_wconf 86' lang='lat' dir='ltr'><strong>quiin</strong></span> <span class='ocrx_word' id='word_1_75' title='bbox 2463 595 2753 645; x_wconf 76' lang='lat' dir='ltr'>virtutibus</span> <span class='ocrx_word' id='word_1_76' title='bbox 2795 594 2974 659; x_wconf 78' lang='lat' dir='ltr'>potius</span> <span class='ocrx_word' id='word_1_77' title='bbox 3019 593 3205 659; x_wconf 84' lang='lat' dir='ltr'><strong>inopes</strong></span> <span class='ocrx_word' id='word_1_78' title='bbox 3241 594 3391 654; x_wconf 86' lang='lat' dir='ltr'><strong>estis,</strong></span> <span class='ocrx_word' id='word_1_79' title='bbox 3441 594 3563 646; x_wconf 90' lang='lat' dir='ltr'><strong>etin</strong></span> <span class='ocrx_word' id='word_1_80' title='bbox 3587 610 3701 645; x_wconf 87' lang='lat' dir='ltr'><strong>om-</strong></span> <span class='ocrx_word' id='word_1_81' title='bbox 3743 610 3747 613; x_wconf 95' lang='grc'><strong>·</strong></span> 
     </span>
    </p>
   </div>
   <div class='ocr_carea' id='block_1_13' title="bbox 2113 684 3701 739">
    <p class='ocr_par' dir='ltr' id='par_1_13' title="bbox 2113 684 3701 739">
     <span class='ocr_line' id='line_1_13' title="bbox 2113 684 3701 739; baseline -0.002 0"><span class='ocrx_word' id='word_1_82' title='bbox 2113 687 2273 739; x_wconf 85' lang='lat' dir='ltr'><strong>nibus</strong></span> <span class='ocrx_word' id='word_1_83' title='bbox 2337 686 2482 739; x_wconf 87' lang='lat' dir='ltr'><strong>vitiis</strong></span> <span class='ocrx_word' id='word_1_84' title='bbox 2536 685 2864 737; x_wconf 80' lang='lat' dir='ltr'><strong>aliundalis?</strong></span> <span class='ocrx_word' id='word_1_85' title='bbox 2924 685 3059 737; x_wconf 81' lang='lat' dir='ltr'><strong>Mala</strong></span> <span class='ocrx_word' id='word_1_86' title='bbox 3093 687 3239 737; x_wconf 84' lang='lat' dir='ltr'><strong>enini</strong></span> <span class='ocrx_word' id='word_1_87' title='bbox 3289 685 3452 738; x_wconf 85' lang='lat' dir='ltr'><strong>arbor</strong></span> <span class='ocrx_word' id='word_1_88' title='bbox 3494 684 3701 738; x_wconf 76' lang='lat' dir='ltr'><strong>[ructus</strong></span> 
     </span>
    </p>
   </div>
   <div class='ocr_carea' id='block_1_14' title="bbox 2115 777 3701 846">
    <p class='ocr_par' dir='ltr' id='par_1_14' title="bbox 2115 777 3701 846">
     <span class='ocr_line' id='line_1_14' title="bbox 2115 777 3701 846; baseline 0.001 -17"><span class='ocrx_word' id='word_1_89' title='bbox 2115 777 2284 829; x_wconf 85' lang='lat' dir='ltr'><strong>bonos</strong></span> <span class='ocrx_word' id='word_1_90' title='bbox 2316 792 2421 830; x_wconf 92' lang='lat' dir='ltr'><strong>non</strong></span> <span class='ocrx_word' id='word_1_91' title='bbox 2462 778 2612 841; x_wconf 88' lang='lat' dir='ltr'><strong>facit,</strong></span> <span class='ocrx_word' id='word_1_92' title='bbox 2650 788 2701 831; x_wconf 87' lang='lat' dir='ltr'>et</span> <span class='ocrx_word' id='word_1_93' title='bbox 2735 779 3010 846; x_wconf 80' lang='lat' dir='ltr'><strong>quiprave</strong></span> <span class='ocrx_word' id='word_1_94' title='bbox 3048 778 3327 831; x_wconf 89' lang='lat' dir='ltr'><strong>institutus</strong></span> <span class='ocrx_word' id='word_1_95' title='bbox 3362 787 3439 831; x_wconf 88' lang='lat' dir='ltr'><strong>est</strong></span> <span class='ocrx_word' id='word_1_96' title='bbox 3485 780 3701 831; x_wconf 71' lang='lat' dir='ltr'><strong>Virtutis</strong></span> 
     </span>
    </p>
   </div>
   <div class='ocr_carea' id='block_1_15' title="bbox 2118 866 3700 937">
    <p class='ocr_par' dir='ltr' id='par_1_15' title="bbox 2118 866 3700 937">
     <span class='ocr_line' id='line_1_15' title="bbox 2118 866 3700 937; baseline 0.002 -18"><span class='ocrx_word' id='word_1_97' title='bbox 2118 866 2351 920; x_wconf 86' lang='lat' dir='ltr'><strong>fructum</strong></span> <span class='ocrx_word' id='word_1_98' title='bbox 2385 868 2528 921; x_wconf 84' lang='lat' dir='ltr'><strong>ferre</strong></span> <span class='ocrx_word' id='word_1_99' title='bbox 2551 883 2656 920; x_wconf 91' lang='lat' dir='ltr'>non</span> <span class='ocrx_word' id='word_1_100' title='bbox 2691 876 2895 936; x_wconf 84' lang='lat' dir='ltr'><strong>potest.</strong></span> <span class='ocrx_word' id='word_1_101' title='bbox 2942 868 3156 935; x_wconf 79' lang='lat' dir='ltr'>Pauper</span> <span class='ocrx_word' id='word_1_102' title='bbox 3185 880 3268 922; x_wconf 87' lang='lat' dir='ltr'><strong>est</strong></span> <span class='ocrx_word' id='word_1_103' title='bbox 3301 869 3516 937; x_wconf 89' lang='lat' dir='ltr'><strong>spiritu,</strong></span> <span class='ocrx_word' id='word_1_104' title='bbox 3550 870 3700 937; x_wconf 90' lang='lat' dir='ltr'><strong>quis-</strong></span> 
     </span>
    </p>
   </div>
   <div class='ocr_carea' id='block_1_16' title="bbox 2114 960 3699 1028">
    <p class='ocr_par' dir='ltr' id='par_1_16' title="bbox 2114 960 3699 1028">
     <span class='ocr_line' id='line_1_16' title="bbox 2114 960 3699 1028; baseline 0.005 -22"><span class='ocrx_word' id='word_1_105' title='bbox 2114 960 2237 1028; x_wconf 86' lang='lat' dir='ltr'><strong>quis</strong></span> <span class='ocrx_word' id='word_1_106' title='bbox 2290 970 2510 1027; x_wconf 78' lang='lat' dir='ltr'><strong>prapter</strong></span> <span class='ocrx_word' id='word_1_107' title='bbox 2541 960 2707 1013; x_wconf 88' lang='lat' dir='ltr'><strong>Deum</strong></span> <span class='ocrx_word' id='word_1_108' title='bbox 2744 960 2963 1015; x_wconf 82' lang='lat' dir='ltr'>humilis</span> <span class='ocrx_word' id='word_1_109' title='bbox 3021 970 3123 1013; x_wconf 81' lang='lat' dir='ltr'><strong>est.</strong></span> <span class='ocrx_word' id='word_1_110' title='bbox 3175 960 3462 1015; x_wconf 89' lang='lat' dir='ltr'><strong>llumilitas</strong></span> <span class='ocrx_word' id='word_1_111' title='bbox 3519 970 3699 1016; x_wconf 85' lang='lat' dir='ltr'><strong>autem</strong></span> 
     </span>
    </p>
   </div>
   <div class='ocr_carea' id='block_1_17' title="bbox 2116 1051 3704 1119">
    <p class='ocr_par' dir='ltr' id='par_1_17' title="bbox 2116 1051 3704 1119">
     <span class='ocr_line' id='line_1_17' title="bbox 2116 1051 3704 1119; baseline 0.003 -16"><span class='ocrx_word' id='word_1_112' title='bbox 2116 1051 2394 1119; x_wconf 84' lang='lat' dir='ltr'>animique</span> <span class='ocrx_word' id='word_1_113' title='bbox 2419 1052 2708 1103; x_wconf 80' lang='lat' dir='ltr'><strong>subniissio</strong></span> <span class='ocrx_word' id='word_1_114' title='bbox 2732 1054 2989 1104; x_wconf 85' lang='lat' dir='ltr'><strong>virtutum</strong></span> <span class='ocrx_word' id='word_1_115' title='bbox 3015 1063 3097 1104; x_wconf 91' lang='lat' dir='ltr'><strong>est</strong></span> <span class='ocrx_word' id='word_1_116' title='bbox 3126 1051 3569 1106; x_wconf 78' lang='lat' dir='ltr'>fundamentum:</span> <span class='ocrx_word' id='word_1_117' title='bbox 3602 1066 3704 1107; x_wconf 87' lang='lat' dir='ltr'>nec</span> 
     </span>
    </p>
   </div>
   <div class='ocr_carea' id='block_1_18' title="bbox 431 1135 3701 1213">
    <p class='ocr_par' dir='ltr' id='par_1_18' title="bbox 431 1135 3701 1213">
     <span class='ocr_line' id='line_1_18' title="bbox 431 1135 3701 1213; baseline 0.003 -27"><span class='ocrx_word' id='word_1_118' title='bbox 431 1135 562 1194; x_wconf 83' lang='lat' dir='ltr'><strong>illud</strong></span> <span class='ocrx_word' id='word_1_119' title='bbox 634 1140 925 1191; x_wconf 87' lang='lat' dir='ltr'><strong>obscurum</strong></span> <span class='ocrx_word' id='word_1_120' title='bbox 961 1149 1067 1205; x_wconf 90' lang='lat' dir='ltr'><strong>est,</strong></span> <span class='ocrx_word' id='word_1_121' title='bbox 1102 1139 1312 1192; x_wconf 81' lang='lat' dir='ltr'><strong>fidelem</strong></span> <span class='ocrx_word' id='word_1_122' title='bbox 1376 1152 1495 1192; x_wconf 77' lang='lat' dir='ltr'><strong>esse</strong></span> <span class='ocrx_word' id='word_1_123' title='bbox 1524 1140 1615 1206; x_wconf 85' lang='lat' dir='ltr'>qui</span> <span class='ocrx_word' id='word_1_124' title='bbox 1677 1150 1897 1207; x_wconf 80' lang='lat' dir='ltr'>propter</span> <span class='ocrx_word' id='word_1_125' title='bbox 1928 1140 2095 1193; x_wconf 87' lang='lat' dir='ltr'><strong>Deum</strong></span> <span class='ocrx_word' id='word_1_126' title='bbox 2138 1142 2353 1195; x_wconf 76' lang='lat' dir='ltr'><strong>humilis</strong></span> <span class='ocrx_word' id='word_1_127' title='bbox 2386 1155 2490 1198; x_wconf 89' lang='lat' dir='ltr'><strong>est.</strong></span> <span class='ocrx_word' id='word_1_128' title='bbox 2527 1144 2761 1195; x_wconf 73' lang='lat' dir='ltr'><strong>Primum</strong></span> <span class='ocrx_word' id='word_1_129' title='bbox 2793 1144 2937 1196; x_wconf 91' lang='lat' dir='ltr'><strong>enim</strong></span> <span class='ocrx_word' id='word_1_130' title='bbox 2968 1153 3177 1213; x_wconf 75' lang='lat' dir='ltr'><strong>oportet</strong></span> <span class='ocrx_word' id='word_1_131' title='bbox 3211 1143 3456 1209; x_wconf 82' lang='lat' dir='ltr'>credere,</span> <span class='ocrx_word' id='word_1_132' title='bbox 3510 1144 3701 1198; x_wconf 88' lang='lat' dir='ltr'><strong>deinde</strong></span> 
     </span>
    </p>
   </div>
   <div class='ocr_carea' id='block_1_19' title="bbox 432 1230 888 1287">
    <p class='ocr_par' dir='ltr' id='par_1_19' title="bbox 432 1230 888 1287">
     <span class='ocr_line' id='line_1_19' title="bbox 432 1230 888 1287; baseline 0.015 -7"><span class='ocrx_word' id='word_1_133' title='bbox 432 1230 662 1285; x_wconf 81' lang='lat' dir='ltr'><strong>virtutes</strong></span> <span class='ocrx_word' id='word_1_134' title='bbox 689 1233 888 1287; x_wconf 89' lang='lat' dir='ltr'><strong>colere.</strong></span> 
     </span>
    </p>
   </div>
   <div class='ocr_carea' id='block_1_20' title="bbox 500 1319 2013 1391">
    <p class='ocr_par' dir='ltr' id='par_1_20' title="bbox 500 1319 2013 1391">
     <span class='ocr_line' id='line_1_20' title="bbox 500 1319 2013 1391; baseline 0.003 -20"><span class='ocrx_word' id='word_1_135' title='bbox 500 1319 704 1372; x_wconf 79' lang='grc' dir='ltr'>Ᾱύουσι</span> <span class='ocrx_word' id='word_1_136' title='bbox 758 1322 848 1372; x_wconf 83' lang='grc' dir='ltr'>τὸν</span> <span class='ocrx_word' id='word_1_137' title='bbox 898 1321 1077 1390; x_wconf 83' lang='grc' dir='ltr'><strong>γάμον</strong></span> <span class='ocrx_word' id='word_1_138' title='bbox 1107 1323 1285 1374; x_wconf 80' lang='grc' dir='ltr'>καίτοι</span> <span class='ocrx_word' id='word_1_139' title='bbox 1332 1321 1427 1373; x_wconf 88' lang='grc' dir='ltr'>τοῦ</span> <span class='ocrx_word' id='word_1_140' title='bbox 1480 1323 1687 1391; x_wconf 82' lang='grc' dir='ltr'>Κυρίου</span> <span class='ocrx_word' id='word_1_141' title='bbox 1727 1323 2013 1389; x_wconf 84' lang='grc' dir='ltr'>λέγοντος,</span> 
     </span>
    </p>
   </div>
   <div class='ocr_carea' id='block_1_21' title="bbox 430 1411 2015 1480">
    <p class='ocr_par' dir='ltr' id='par_1_21' title="bbox 430 1411 2015 1480">
     <span class='ocr_line' id='line_1_21' title="bbox 430 1411 2015 1480; baseline 0.002 -17"><span class='ocrx_word' id='word_1_142' title='bbox 430 1411 511 1463; x_wconf 82' lang='grc' dir='ltr'>ὃτι</span> <span class='ocrx_word' id='word_1_143' title='bbox 530 1414 586 1463; x_wconf 80' lang='grc' dir='ltr'><strong><em>Ἃ</em></strong></span> <span class='ocrx_word' id='word_1_144' title='bbox 610 1414 642 1464; x_wconf 82' lang='grc' dir='ltr'><em>ὀ</em></span> <span class='ocrx_word' id='word_1_145' title='bbox 672 1414 817 1477; x_wconf 86' lang='grc' dir='ltr'>Θεός</span> <span class='ocrx_word' id='word_1_146' title='bbox 843 1412 1230 1475; x_wconf 74' lang='grc' dir='ltr'>συνέζευξεν,</span> <span class='ocrx_word' id='word_1_147' title='bbox 1257 1412 1570 1479; x_wconf 76' lang='grc' dir='ltr'>ἅνθρωπος</span> <span class='ocrx_word' id='word_1_148' title='bbox 1588 1413 1676 1480; x_wconf 82' lang='grc' dir='ltr'>μὴ</span> <span class='ocrx_word' id='word_1_149' title='bbox 1704 1413 2015 1479; x_wconf 78' lang='grc' dir='ltr'>χωριζέτω,</span> 
     </span>
    </p>
   </div>
   <div class='ocr_carea' id='block_1_22' title="bbox 431 1503 2012 1573">
    <p class='ocr_par' dir='ltr' id='par_1_22' title="bbox 431 1503 2012 1573">
     <span class='ocr_line' id='line_1_22' title="bbox 431 1503 2012 1573; baseline 0.001 -18"><span class='ocrx_word' id='word_1_150' title='bbox 431 1505 526 1555; x_wconf 75' lang='grc' dir='ltr'>καὶ</span> <span class='ocrx_word' id='word_1_151' title='bbox 566 1503 658 1555; x_wconf 76' lang='grc' dir='ltr'>τὸν</span> <span class='ocrx_word' id='word_1_152' title='bbox 702 1506 760 1555; x_wconf 89' lang='grc' dir='ltr'>ἐν</span> <span class='ocrx_word' id='word_1_153' title='bbox 807 1506 962 1573; x_wconf 83' lang='grc' dir='ltr'>Κανᾷ</span> <span class='ocrx_word' id='word_1_154' title='bbox 993 1506 1169 1571; x_wconf 80' lang='grc' dir='ltr'>γάμον</span> <span class='ocrx_word' id='word_1_155' title='bbox 1202 1507 1269 1573; x_wconf 76' lang='grc' dir='ltr'>τῇ</span> <span class='ocrx_word' id='word_1_156' title='bbox 1319 1504 1595 1573; x_wconf 71' lang='grc' dir='ltr'>παρουσία</span> <span class='ocrx_word' id='word_1_157' title='bbox 1640 1506 2012 1572; x_wconf 74' lang='grc' dir='ltr'>τιμήσαντος,</span> 
     </span>
    </p>
   </div>
   <div class='ocr_carea' id='block_1_23' title="bbox 432 1591 2016 1661">
    <p class='ocr_par' dir='ltr' id='par_1_23' title="bbox 432 1591 2016 1661">
     <span class='ocr_line' id='line_1_23' title="bbox 432 1591 2016 1661; baseline 0.001 -20"><span class='ocrx_word' id='word_1_158' title='bbox 432 1593 526 1642; x_wconf 76' lang='grc' dir='ltr'>καὶ</span> <span class='ocrx_word' id='word_1_159' title='bbox 583 1591 679 1641; x_wconf 88' lang='grc' dir='ltr'>τοῦ</span> <span class='ocrx_word' id='word_1_160' title='bbox 733 1593 1009 1661; x_wconf 80' lang='grc' dir='ltr'>μακαρίου</span> <span class='ocrx_word' id='word_1_161' title='bbox 1071 1591 1284 1643; x_wconf 88' lang='grc' dir='ltr'>Παύλου</span> <span class='ocrx_word' id='word_1_162' title='bbox 1338 1591 1676 1659; x_wconf 58' lang='grc' dir='ltr'>γράφοντος,</span> <span class='ocrx_word' id='word_1_163' title='bbox 1740 1592 1934 1659; x_wconf 84' lang='grc' dir='ltr'>Τίμιος</span> <span class='ocrx_word' id='word_1_164' title='bbox 1986 1595 2016 1643; x_wconf 92' lang='lat' dir='ltr'>o&#39;</span> 
     </span>
    </p>
   </div>
   <div class='ocr_carea' id='block_1_24' title="bbox 430 1680 2015 1749">
    <p class='ocr_par' dir='ltr' id='par_1_24' title="bbox 430 1680 2015 1749">
     <span class='ocr_line' id='line_1_24' title="bbox 430 1680 2015 1749; baseline 0 -17"><span class='ocrx_word' id='word_1_165' title='bbox 430 1681 641 1749; x_wconf 76' lang='grc' dir='ltr'>γάμος,</span> <span class='ocrx_word' id='word_1_166' title='bbox 675 1681 774 1733; x_wconf 76' lang='grc' dir='ltr'>καὶ</span> <span class='ocrx_word' id='word_1_167' title='bbox 803 1682 840 1747; x_wconf 79' lang='grc' dir='ltr'><strong><em>ἠ</em></strong></span> <span class='ocrx_word' id='word_1_168' title='bbox 866 1682 1038 1747; x_wconf 80' lang='grc' dir='ltr'>κοίτη</span> <span class='ocrx_word' id='word_1_169' title='bbox 1062 1682 1375 1749; x_wconf 64' lang='grc' dir='ltr'>ἀμίαντος.</span> <span class='ocrx_word' id='word_1_170' title='bbox 1414 1681 1707 1734; x_wconf 77' lang='grc' dir='ltr'>Κάνταῦθα</span> <span class='ocrx_word' id='word_1_171' title='bbox 1737 1680 2015 1749; x_wconf 72' lang='grc' dir='ltr'>προδήλως</span> 
     </span>
    </p>
   </div>
   <div class='ocr_carea' id='block_1_25' title="bbox 429 1770 2013 1841">
    <p class='ocr_par' dir='ltr' id='par_1_25' title="bbox 429 1770 2013 1841">
     <span class='ocr_line' id='line_1_25' title="bbox 429 1770 2013 1841; baseline 0 -20"><span class='ocrx_word' id='word_1_172' title='bbox 429 1770 802 1822; x_wconf 88' lang='grc' dir='ltr'>ἐναντιοῦνται</span> <span class='ocrx_word' id='word_1_173' title='bbox 832 1771 912 1839; x_wconf 83' lang='grc' dir='ltr'>τῷ</span> <span class='ocrx_word' id='word_1_174' title='bbox 942 1787 1000 1821; x_wconf 86' lang='grc' dir='ltr'>τε</span> <span class='ocrx_word' id='word_1_175' title='bbox 1032 1771 1255 1841; x_wconf 80' lang='grc' dir='ltr'>Χριστῷ</span> <span class='ocrx_word' id='word_1_176' title='bbox 1300 1774 1393 1822; x_wconf 77' lang='grc' dir='ltr'>καὶ</span> <span class='ocrx_word' id='word_1_177' title='bbox 1423 1774 1536 1833; x_wconf 88' lang='grc' dir='ltr'>τοῖς</span> <span class='ocrx_word' id='word_1_178' title='bbox 1576 1772 1897 1834; x_wconf 80' lang='grc' dir='ltr'>ἀποστόλοις</span> <span class='ocrx_word' id='word_1_179' title='bbox 1917 1812 1932 1837; x_wconf 94' lang='grc'>,</span> <span class='ocrx_word' id='word_1_180' title='bbox 1963 1771 2013 1822; x_wconf 83' lang='grc' dir='ltr'>οἳ</span> 
     </span>
    </p>
   </div>
   <div class='ocr_carea' id='block_1_26' title="bbox 427 1861 1734 1931">
    <p class='ocr_par' dir='ltr' id='par_1_26' title="bbox 427 1861 1734 1931">
     <span class='ocr_line' id='line_1_26' title="bbox 427 1861 1734 1931; baseline -0.001 -16"><span class='ocrx_word' id='word_1_181' title='bbox 427 1865 539 1925; x_wconf 87' lang='grc' dir='ltr'>τοῖς</span> <span class='ocrx_word' id='word_1_182' title='bbox 574 1861 1024 1931; x_wconf 83' lang='grc' dir='ltr'>βδελυσσομένοις</span> <span class='ocrx_word' id='word_1_183' title='bbox 1055 1865 1146 1915; x_wconf 81' lang='grc' dir='ltr'>τον</span> <span class='ocrx_word' id='word_1_184' title='bbox 1173 1863 1351 1930; x_wconf 84' lang='grc' dir='ltr'>γάμον</span> <span class='ocrx_word' id='word_1_185' title='bbox 1384 1862 1734 1931; x_wconf 81' lang='grc' dir='ltr'>ἐπιτιμῶσιν.</span> 
     </span>
    </p>
   </div>
   <div class='ocr_carea' id='block_1_27' title="bbox 513 1952 2012 2023">
    <p class='ocr_par' dir='ltr' id='par_1_27' title="bbox 513 1952 2012 2023">
     <span class='ocr_line' id='line_1_27' title="bbox 513 1952 2012 2023; baseline -0.002 -17"><span class='ocrx_word' id='word_1_186' title='bbox 513 1954 902 2023; x_wconf 80' lang='grc' dir='ltr'>Ἐπιτρέπουσι</span> <span class='ocrx_word' id='word_1_187' title='bbox 964 1956 1080 2016; x_wconf 83' lang='grc' dir='ltr'>τοῖς</span> <span class='ocrx_word' id='word_1_188' title='bbox 1145 1954 1490 2023; x_wconf 79' lang='grc' dir='ltr'>βουλομένοις</span> <span class='ocrx_word' id='word_1_189' title='bbox 1562 1954 1893 2006; x_wconf 80' lang='grc' dir='ltr'>ἀποκόπτειν</span> <span class='ocrx_word' id='word_1_190' title='bbox 1945 1952 2012 2003; x_wconf 70' lang='grc' dir='ltr'>τὰ</span> 
     </span>
    </p>
   </div>
   <div class='ocr_carea' id='block_1_28' title="bbox 426 2043 2014 2114">
    <p class='ocr_par' dir='ltr' id='par_1_28' title="bbox 426 2043 2014 2114">
     <span class='ocr_line' id='line_1_28' title="bbox 426 2043 2014 2114; baseline -0.003 -16"><span class='ocrx_word' id='word_1_191' title='bbox 426 2046 723 2114; x_wconf 76' lang='grc' dir='ltr'>παιδογόνα</span> <span class='ocrx_word' id='word_1_192' title='bbox 784 2045 996 2114; x_wconf 85' lang='grc' dir='ltr'>μόρια,</span> <span class='ocrx_word' id='word_1_193' title='bbox 1056 2046 1154 2098; x_wconf 74' lang='grc' dir='ltr'>καὶ</span> <span class='ocrx_word' id='word_1_194' title='bbox 1210 2047 1654 2114; x_wconf 75' lang='grc' dir='ltr'>παραχαράττειν</span> <span class='ocrx_word' id='word_1_195' title='bbox 1714 2043 1854 2096; x_wconf 83' lang='grc' dir='ltr'>οῦτω</span> <span class='ocrx_word' id='word_1_196' title='bbox 1917 2043 2014 2112; x_wconf 81' lang='grc' dir='ltr'>τὴν</span> 
     </span>
    </p>
   </div>
   <div class='ocr_carea' id='block_1_29' title="bbox 428 2133 2014 2208">
    <p class='ocr_par' dir='ltr' id='par_1_29' title="bbox 428 2133 2014 2208">
     <span class='ocr_line' id='line_1_29' title="bbox 428 2133 2014 2208; baseline -0.001 -19"><span class='ocrx_word' id='word_1_197' title='bbox 428 2138 591 2207; x_wconf 80' lang='grc' dir='ltr'>φύσιν</span> <span class='ocrx_word' id='word_1_198' title='bbox 618 2178 634 2199; x_wconf 85' lang='grc'>,</span> <span class='ocrx_word' id='word_1_199' title='bbox 694 2137 791 2189; x_wconf 74' lang='grc' dir='ltr'>καὶ</span> <span class='ocrx_word' id='word_1_200' title='bbox 840 2137 1283 2208; x_wconf 75' lang='grc' dir='ltr'>ἀκρωτηριάζειν</span> <span class='ocrx_word' id='word_1_201' title='bbox 1313 2136 1421 2188; x_wconf 81' lang='grc' dir='ltr'>τῶν</span> <span class='ocrx_word' id='word_1_202' title='bbox 1452 2138 1545 2188; x_wconf 75' lang='grc' dir='ltr'>ἐπὶ</span> <span class='ocrx_word' id='word_1_203' title='bbox 1601 2135 1706 2204; x_wconf 76' lang='grc' dir='ltr'>γῆς</span> <span class='ocrx_word' id='word_1_204' title='bbox 1754 2134 1847 2187; x_wconf 89' lang='grc' dir='ltr'>τοῦ</span> <span class='ocrx_word' id='word_1_205' title='bbox 1877 2133 2014 2187; x_wconf 73' lang='grc' dir='ltr'>θεοῦ</span> 
     </span>
    </p>
   </div>
   <div class='ocr_carea' id='block_1_30' title="bbox 432 2226 2016 2298">
    <p class='ocr_par' dir='ltr' id='par_1_30' title="bbox 432 2226 2016 2298">
     <span class='ocr_line' id='line_1_30' title="bbox 432 2226 2016 2298; baseline -0.002 -18"><span class='ocrx_word' id='word_1_206' title='bbox 432 2229 751 2298; x_wconf 78' lang='grc' dir='ltr'>κτισμάτων</span> <span class='ocrx_word' id='word_1_207' title='bbox 794 2229 852 2280; x_wconf 83' lang='grc' dir='ltr'>τὸ</span> <span class='ocrx_word' id='word_1_208' title='bbox 896 2228 1234 2297; x_wconf 80' lang='grc' dir='ltr'>τιμιώτατον</span> <span class='ocrx_word' id='word_1_209' title='bbox 1255 2269 1271 2294; x_wconf 93' lang='grc'>,</span> <span class='ocrx_word' id='word_1_210' title='bbox 1304 2228 1446 2294; x_wconf 80' lang='grc' dir='ltr'>λέγω</span> <span class='ocrx_word' id='word_1_211' title='bbox 1474 2226 1537 2296; x_wconf 82' lang='grc' dir='ltr'>δὴ</span> <span class='ocrx_word' id='word_1_212' title='bbox 1572 2226 1660 2278; x_wconf 83' lang='grc' dir='ltr'>τὸν</span> <span class='ocrx_word' id='word_1_213' title='bbox 1693 2227 1979 2294; x_wconf 86' lang='grc' dir='ltr'>ἄνθρωπον</span> <span class='ocrx_word' id='word_1_214' title='bbox 2000 2266 2016 2291; x_wconf 94' lang='grc'>,</span> 
     </span>
    </p>
   </div>
   <div class='ocr_carea' id='block_1_31' title="bbox 428 2318 2016 2389">
    <p class='ocr_par' dir='ltr' id='par_1_31' title="bbox 428 2318 2016 2389">
     <span class='ocr_line' id='line_1_31' title="bbox 428 2318 2016 2389; baseline -0.001 -18"><span class='ocrx_word' id='word_1_215' title='bbox 428 2319 488 2371; x_wconf 82' lang='grc' dir='ltr'>ὃν</span> <span class='ocrx_word' id='word_1_216' title='bbox 522 2322 675 2389; x_wconf 88' lang='grc' dir='ltr'>παρά</span> <span class='ocrx_word' id='word_1_217' title='bbox 714 2319 810 2371; x_wconf 86' lang='grc' dir='ltr'>τοῦ</span> <span class='ocrx_word' id='word_1_218' title='bbox 874 2318 1011 2371; x_wconf 75' lang='grc' dir='ltr'>Θεοῦ</span> <span class='ocrx_word' id='word_1_219' title='bbox 1043 2318 1249 2371; x_wconf 80' lang='grc' dir='ltr'>τέλειον</span> <span class='ocrx_word' id='word_1_220' title='bbox 1281 2320 1371 2371; x_wconf 75' lang='grc' dir='ltr'>καὶ</span> <span class='ocrx_word' id='word_1_221' title='bbox 1409 2318 1569 2370; x_wconf 73' lang='grc' dir='ltr'>καλὸν</span> <span class='ocrx_word' id='word_1_222' title='bbox 1611 2318 1915 2369; x_wconf 75' lang='grc' dir='ltr'>πλασθέντα</span> <span class='ocrx_word' id='word_1_223' title='bbox 1942 2318 2016 2380; x_wconf 85' lang='grc' dir='ltr'>ὠς</span> 
     </span>
    </p>
   </div>
   <div class='ocr_carea' id='block_1_32' title="bbox 430 2409 2014 2481">
    <p class='ocr_par' dir='ltr' id='par_1_32' title="bbox 430 2409 2014 2481">
     <span class='ocr_line' id='line_1_32' title="bbox 430 2409 2014 2481; baseline -0.004 -16"><span class='ocrx_word' id='word_1_224' title='bbox 430 2413 597 2481; x_wconf 80' lang='grc' dir='ltr'>ἀτελῆ</span> <span class='ocrx_word' id='word_1_225' title='bbox 630 2413 884 2473; x_wconf 83' lang='grc' dir='ltr'>πάντως,</span> <span class='ocrx_word' id='word_1_226' title='bbox 930 2412 964 2477; x_wconf 80' lang='grc' dir='ltr'>ἢ</span> <span class='ocrx_word' id='word_1_227' title='bbox 999 2410 1077 2479; x_wconf 84' lang='grc' dir='ltr'>μὴ</span> <span class='ocrx_word' id='word_1_228' title='bbox 1116 2410 1297 2465; x_wconf 73' lang='grc' dir='ltr'>καλῶς</span> <span class='ocrx_word' id='word_1_229' title='bbox 1338 2410 1725 2477; x_wconf 78' lang='grc' dir='ltr'>πεπλασμένον</span> <span class='ocrx_word' id='word_1_230' title='bbox 1771 2409 2014 2477; x_wconf 83' lang='grc' dir='ltr'>ἐπιδιορ-</span> 
     </span>
    </p>
   </div>
   <div class='ocr_carea' id='block_1_33' title="bbox 432 2498 2018 2571">
    <p class='ocr_par' dir='ltr' id='par_1_33' title="bbox 432 2498 2018 2571">
     <span class='ocr_line' id='line_1_33' title="bbox 432 2498 2018 2571; baseline -0.002 -16"><span class='ocrx_word' id='word_1_231' title='bbox 432 2503 651 2555; x_wconf 88' lang='grc' dir='ltr'>θοῦνται</span> <span class='ocrx_word' id='word_1_232' title='bbox 676 2544 691 2569; x_wconf 95' lang='grc'>,</span> <span class='ocrx_word' id='word_1_233' title='bbox 729 2503 825 2555; x_wconf 75' lang='grc' dir='ltr'>καὶ</span> <span class='ocrx_word' id='word_1_234' title='bbox 864 2503 1283 2571; x_wconf 71' lang='grc' dir='ltr'>ἀπαρτίζουσιν,</span> <span class='ocrx_word' id='word_1_235' title='bbox 1310 2500 1383 2563; x_wconf 86' lang='grc' dir='ltr'>ὡς</span> <span class='ocrx_word' id='word_1_236' title='bbox 1411 2501 1593 2562; x_wconf 74' lang='grc' dir='ltr'>αὐτοῖς</span> <span class='ocrx_word' id='word_1_237' title='bbox 1634 2500 1802 2551; x_wconf 82' lang='grc' dir='ltr'>δοκεῖ.</span> <span class='ocrx_word' id='word_1_238' title='bbox 1846 2498 1925 2569; x_wconf 80' lang='grc' dir='ltr'>Τῇ</span> <span class='ocrx_word' id='word_1_239' title='bbox 1961 2500 2018 2552; x_wconf 78' lang='grc' dir='ltr'>δὲ</span> 
     </span>
    </p>
   </div>
   <div class='ocr_carea' id='block_1_34' title="bbox 432 2592 2020 2665">
    <p class='ocr_par' dir='ltr' id='par_1_34' title="bbox 432 2592 2020 2665">
     <span class='ocr_line' id='line_1_34' title="bbox 432 2592 2020 2665; baseline -0.003 -17"><span class='ocrx_word' id='word_1_240' title='bbox 432 2595 663 2665; x_wconf 74' lang='grc' dir='ltr'>ἀληθείᾳ</span> <span class='ocrx_word' id='word_1_241' title='bbox 724 2593 996 2665; x_wconf 83' lang='grc' dir='ltr'>πηροῦσι,</span> <span class='ocrx_word' id='word_1_242' title='bbox 1050 2595 1145 2646; x_wconf 80' lang='grc' dir='ltr'>καὶ</span> <span class='ocrx_word' id='word_1_243' title='bbox 1199 2595 1393 2660; x_wconf 78' lang='grc' dir='ltr'>ἄγονον</span> <span class='ocrx_word' id='word_1_244' title='bbox 1461 2594 1552 2644; x_wconf 72' lang='grc' dir='ltr'>καὶ</span> <span class='ocrx_word' id='word_1_245' title='bbox 1600 2592 1869 2660; x_wconf 79' lang='grc' dir='ltr'>ἄκαρπον,</span> <span class='ocrx_word' id='word_1_246' title='bbox 1898 2593 2020 2643; x_wconf 81' lang='grc' dir='ltr'>ὅσον</span> 
     </span>
    </p>
   </div>
   <div class='ocr_carea' id='block_1_35' title="bbox 435 2682 2021 2757">
    <p class='ocr_par' dir='ltr' id='par_1_35' title="bbox 435 2682 2021 2757">
     <span class='ocr_line' id='line_1_35' title="bbox 435 2682 2021 2757; baseline -0.004 -17"><span class='ocrx_word' id='word_1_247' title='bbox 435 2687 579 2741; x_wconf 81' lang='grc' dir='ltr'>κατὰ</span> <span class='ocrx_word' id='word_1_248' title='bbox 612 2688 712 2757; x_wconf 81' lang='grc' dir='ltr'>τὴν</span> <span class='ocrx_word' id='word_1_249' title='bbox 750 2688 848 2739; x_wconf 92' lang='grc' dir='ltr'>τοῦ</span> <span class='ocrx_word' id='word_1_250' title='bbox 883 2688 1134 2755; x_wconf 73' lang='grc' dir='ltr'>σώματος</span> <span class='ocrx_word' id='word_1_251' title='bbox 1167 2687 1351 2755; x_wconf 79' lang='grc' dir='ltr'>φύσιν,</span> <span class='ocrx_word' id='word_1_252' title='bbox 1384 2684 1813 2753; x_wconf 78' lang='grc' dir='ltr'>ἀπεργάζονται,</span> <span class='ocrx_word' id='word_1_253' title='bbox 1843 2682 2021 2735; x_wconf 85' lang='grc' dir='ltr'>καίτοι</span> 
     </span>
    </p>
   </div>
   <div class='ocr_carea' id='block_1_36' title="bbox 435 2776 2023 2847">
    <p class='ocr_par' dir='ltr' id='par_1_36' title="bbox 435 2776 2023 2847">
     <span class='ocr_line' id='line_1_36' title="bbox 435 2776 2023 2847; baseline -0.004 -16"><span class='ocrx_word' id='word_1_254' title='bbox 435 2782 545 2832; x_wconf 81' lang='grc' dir='ltr'>τῶν</span> <span class='ocrx_word' id='word_1_255' title='bbox 576 2779 738 2832; x_wconf 85' lang='grc' dir='ltr'>θείων</span> <span class='ocrx_word' id='word_1_256' title='bbox 769 2782 1087 2834; x_wconf 82' lang='grc' dir='ltr'>ἀποστόλων</span> <span class='ocrx_word' id='word_1_257' title='bbox 1123 2780 1334 2847; x_wconf 80' lang='grc' dir='ltr'>Πέτρου</span> <span class='ocrx_word' id='word_1_258' title='bbox 1371 2777 1463 2829; x_wconf 63' lang='grc' dir='ltr'>καὶ</span> <span class='ocrx_word' id='word_1_259' title='bbox 1515 2777 1727 2828; x_wconf 84' lang='grc' dir='ltr'>Παύλου</span> <span class='ocrx_word' id='word_1_260' title='bbox 1759 2776 1857 2841; x_wconf 71' lang='grc' dir='ltr'>τὴν</span> <span class='ocrx_word' id='word_1_261' title='bbox 1888 2777 2023 2827; x_wconf 56' lang='grc' dir='ltr'>ἀπο.</span> 
     </span>
    </p>
   </div>
   <div class='ocr_carea' id='block_1_37' title="bbox 438 2866 2021 2940">
    <p class='ocr_par' dir='ltr' id='par_1_37' title="bbox 438 2866 2021 2940">
     <span class='ocr_line' id='line_1_37' title="bbox 438 2866 2021 2940; baseline -0.004 -19"><span class='ocrx_word' id='word_1_262' title='bbox 438 2872 613 2940; x_wconf 78' lang='grc' dir='ltr'>κοπὴν</span> <span class='ocrx_word' id='word_1_263' title='bbox 649 2870 757 2922; x_wconf 84' lang='grc' dir='ltr'>τῶν</span> <span class='ocrx_word' id='word_1_264' title='bbox 788 2870 1097 2939; x_wconf 73' lang='grc' dir='ltr'>εἰρημένων</span> <span class='ocrx_word' id='word_1_265' title='bbox 1134 2868 1341 2936; x_wconf 65' lang='grc' dir='ltr'>μορίων</span> <span class='ocrx_word' id='word_1_266' title='bbox 1376 2868 1795 2936; x_wconf 83' lang='grc' dir='ltr'>ἀποτρεπόντων</span> <span class='ocrx_word' id='word_1_267' title='bbox 1825 2866 1881 2915; x_wconf 81' lang='grc' dir='ltr'>ἐν</span> <span class='ocrx_word' id='word_1_268' title='bbox 1913 2868 2021 2925; x_wconf 81' lang='grc' dir='ltr'>τοῖς</span> 
     </span>
    </p>
   </div>
   <div class='ocr_carea' id='block_1_38' title="bbox 439 2956 2023 3027">
    <p class='ocr_par' dir='ltr' id='par_1_38' title="bbox 439 2956 2023 3027">
     <span class='ocr_line' id='line_1_38' title="bbox 439 2956 2023 3027; baseline -0.005 -14"><span class='ocrx_word' id='word_1_269' title='bbox 439 2966 658 3015; x_wconf 81' lang='grc' dir='ltr'>κανόσιν</span> <span class='ocrx_word' id='word_1_270' title='bbox 702 2962 884 3013; x_wconf 80' lang='grc' dir='ltr'>αὐτῶν</span> <span class='ocrx_word' id='word_1_271' title='bbox 908 3001 922 3025; x_wconf 95' lang='grc'>,</span> <span class='ocrx_word' id='word_1_272' title='bbox 954 2961 1041 3013; x_wconf 84' lang='grc' dir='ltr'>ἵνα</span> <span class='ocrx_word' id='word_1_273' title='bbox 1081 2962 1207 3022; x_wconf 75' lang='grc' dir='ltr'>τοὺς</span> <span class='ocrx_word' id='word_1_274' title='bbox 1242 2959 1433 3021; x_wconf 83' lang='grc' dir='ltr'>ἀλλους</span> <span class='ocrx_word' id='word_1_275' title='bbox 1470 2958 1719 3027; x_wconf 89' lang='grc' dir='ltr'>Πατέρας</span> <span class='ocrx_word' id='word_1_276' title='bbox 1748 2956 2023 3025; x_wconf 81' lang='grc' dir='ltr'>ἐάσωμεν,</span> 
     </span>
    </p>
   </div>
   <div class='ocr_carea' id='block_1_39' title="bbox 439 3050 2025 3123">
    <p class='ocr_par' dir='ltr' id='par_1_39' title="bbox 439 3050 2025 3123">
     <span class='ocr_line' id='line_1_39' title="bbox 439 3050 2025 3123; baseline -0.005 -16"><span class='ocrx_word' id='word_1_277' title='bbox 439 3057 534 3108; x_wconf 74' lang='grc' dir='ltr'>καὶ</span> <span class='ocrx_word' id='word_1_278' title='bbox 565 3056 694 3117; x_wconf 80' lang='grc' dir='ltr'>τοὺς</span> <span class='ocrx_word' id='word_1_279' title='bbox 723 3055 1044 3123; x_wconf 83' lang='grc' dir='ltr'>νομοθέτας,</span> <span class='ocrx_word' id='word_1_280' title='bbox 1081 3054 1194 3105; x_wconf 71' lang='grc' dir='ltr'>ὅσοι</span> <span class='ocrx_word' id='word_1_281' title='bbox 1224 3054 1320 3105; x_wconf 75' lang='grc' dir='ltr'>καὶ</span> <span class='ocrx_word' id='word_1_282' title='bbox 1350 3050 1588 3121; x_wconf 69' lang='grc' dir='ltr'>φοϐερὰν</span> <span class='ocrx_word' id='word_1_283' title='bbox 1611 3050 1881 3119; x_wconf 80' lang='grc' dir='ltr'>τιμωρίαν</span> <span class='ocrx_word' id='word_1_284' title='bbox 1912 3051 2025 3110; x_wconf 84' lang='grc' dir='ltr'>τοῖς</span> 
     </span>
    </p>
   </div>
   <div class='ocr_carea' id='block_1_40' title="bbox 437 3145 1407 3216">
    <p class='ocr_par' dir='ltr' id='par_1_40' title="bbox 437 3145 1407 3216">
     <span class='ocr_line' id='line_1_40' title="bbox 437 3145 1407 3216; baseline -0.003 -16"><span class='ocrx_word' id='word_1_285' title='bbox 437 3147 711 3216; x_wconf 83' lang='grc' dir='ltr'>τολμῶσιν</span> <span class='ocrx_word' id='word_1_286' title='bbox 743 3145 1081 3215; x_wconf 73' lang='grc' dir='ltr'>εὐνουχίζειν</span> <span class='ocrx_word' id='word_1_287' title='bbox 1111 3145 1407 3215; x_wconf 85' lang='grc' dir='ltr'>ὡρίσαντο.</span> 
     </span>
    </p>
   </div>
   <div class='ocr_carea' id='block_1_41' title="bbox 526 3230 2027 3310">
    <p class='ocr_par' dir='ltr' id='par_1_41' title="bbox 526 3230 2027 3310">
     <span class='ocr_line' id='line_1_41' title="bbox 526 3230 2027 3310; baseline -0.008 -14"><span class='ocrx_word' id='word_1_288' title='bbox 526 3241 847 3310; x_wconf 74' lang='grc' dir='ltr'>Ὀμνύουσιν</span> <span class='ocrx_word' id='word_1_289' title='bbox 902 3238 1074 3299; x_wconf 80' lang='grc' dir='ltr'>ἀδεῶς</span> <span class='ocrx_word' id='word_1_290' title='bbox 1105 3277 1119 3301; x_wconf 95' lang='grc'>,</span> <span class='ocrx_word' id='word_1_291' title='bbox 1170 3237 1263 3289; x_wconf 82' lang='grc' dir='ltr'>καὶ</span> <span class='ocrx_word' id='word_1_292' title='bbox 1307 3236 1661 3305; x_wconf 71' lang='grc' dir='ltr'>ἐπιορκοῦσι,</span> <span class='ocrx_word' id='word_1_293' title='bbox 1710 3236 1802 3287; x_wconf 74' lang='grc' dir='ltr'>καὶ</span> <span class='ocrx_word' id='word_1_294' title='bbox 1852 3230 2027 3285; x_wconf 89' lang='grc' dir='ltr'>ταῦτα</span> 
     </span>
    </p>
   </div>
   <div class='ocr_carea' id='block_1_42' title="bbox 437 3316 2025 3399">
    <p class='ocr_par' dir='ltr' id='par_1_42' title="bbox 437 3316 2025 3399">
     <span class='ocr_line' id='line_1_42' title="bbox 437 3316 2025 3399; baseline -0.008 -13"><span class='ocrx_word' id='word_1_295' title='bbox 437 3332 531 3387; x_wconf 80' lang='grc' dir='ltr'>τοῦ</span> <span class='ocrx_word' id='word_1_296' title='bbox 578 3332 785 3399; x_wconf 72' lang='grc' dir='ltr'>Κυρίου</span> <span class='ocrx_word' id='word_1_297' title='bbox 830 3328 990 3398; x_wconf 79' lang='grc' dir='ltr'>ἡμῶν</span> <span class='ocrx_word' id='word_1_298' title='bbox 1048 3329 1225 3396; x_wconf 74' lang='grc' dir='ltr'>Ἰησοῦ</span> <span class='ocrx_word' id='word_1_299' title='bbox 1274 3327 1513 3397; x_wconf 76' lang='grc' dir='ltr'>Χριστοῦ</span> <span class='ocrx_word' id='word_1_300' title='bbox 1569 3316 1914 3386; x_wconf 68' lang='grc' dir='ltr'>κωλνόσαιῖτες</span> <span class='ocrx_word' id='word_1_301' title='bbox 1964 3324 2025 3375; x_wconf 87' lang='grc' dir='ltr'>ού</span> 
     </span>
    </p>
   </div>
   <div class='ocr_carea' id='block_1_43' title="bbox 440 3417 2021 3494">
    <p class='ocr_par' dir='ltr' id='par_1_43' title="bbox 440 3417 2021 3494">
     <span class='ocr_line' id='line_1_43' title="bbox 440 3417 2021 3494; baseline -0.004 -18"><span class='ocrx_word' id='word_1_302' title='bbox 440 3425 606 3494; x_wconf 84' lang='grc' dir='ltr'>μόνον</span> <span class='ocrx_word' id='word_1_303' title='bbox 650 3424 750 3492; x_wconf 83' lang='grc' dir='ltr'>τὴν</span> <span class='ocrx_word' id='word_1_304' title='bbox 804 3421 1118 3491; x_wconf 85' lang='grc' dir='ltr'>ἐπιορκίαν,</span> <span class='ocrx_word' id='word_1_305' title='bbox 1170 3421 1307 3473; x_wconf 75' lang='grc' dir='ltr'>ἀλλὰ</span> <span class='ocrx_word' id='word_1_306' title='bbox 1356 3422 1450 3473; x_wconf 73' lang='grc' dir='ltr'>καὶ</span> <span class='ocrx_word' id='word_1_307' title='bbox 1500 3419 1557 3471; x_wconf 72' lang='grc' dir='ltr'>τὸ</span> <span class='ocrx_word' id='word_1_308' title='bbox 1608 3419 1744 3478; x_wconf 80' lang='grc' dir='ltr'>ὅλως</span> <span class='ocrx_word' id='word_1_309' title='bbox 1781 3417 2021 3486; x_wconf 81' lang='grc' dir='ltr'>ὀμνύειν.</span> 
     </span>
    </p>
   </div>
   <div class='ocr_carea' id='block_1_44' title="bbox 442 3506 2027 3585">
    <p class='ocr_par' dir='ltr' id='par_1_44' title="bbox 442 3506 2027 3585">
     <span class='ocr_line' id='line_1_44' title="bbox 442 3506 2027 3585; baseline -0.008 -16"><span class='ocrx_word' id='word_1_310' title='bbox 442 3519 574 3569; x_wconf 73' lang='grc' dir='ltr'>’Ὀτε</span> <span class='ocrx_word' id='word_1_311' title='bbox 607 3514 663 3568; x_wconf 81' lang='grc' dir='ltr'>δὲ</span> <span class='ocrx_word' id='word_1_312' title='bbox 694 3515 1066 3585; x_wconf 78' lang='grc' dir='ltr'>κρατηθῶσιν,</span> <span class='ocrx_word' id='word_1_313' title='bbox 1096 3514 1170 3574; x_wconf 85' lang='grc' dir='ltr'>ὡς</span> <span class='ocrx_word' id='word_1_314' title='bbox 1207 3512 1497 3581; x_wconf 73' lang='grc' dir='ltr'>αἱρετικοὶ,</span> <span class='ocrx_word' id='word_1_315' title='bbox 1528 3510 1648 3561; x_wconf 82' lang='grc' dir='ltr'>τότε</span> <span class='ocrx_word' id='word_1_316' title='bbox 1676 3508 1770 3561; x_wconf 63' lang='grc' dir='ltr'>καὶ⁵</span> <span class='ocrx_word' id='word_1_317' title='bbox 1792 3508 1889 3578; x_wconf 82' lang='grc' dir='ltr'>τὴν</span> <span class='ocrx_word' id='word_1_318' title='bbox 1920 3506 2027 3557; x_wconf 84' lang='grc' dir='ltr'>τῶν</span> 
     </span>
    </p>
   </div>
   <div class='ocr_carea' id='block_1_45' title="bbox 439 3600 2024 3674">
    <p class='ocr_par' dir='ltr' id='par_1_45' title="bbox 439 3600 2024 3674">
     <span class='ocr_line' id='line_1_45' title="bbox 439 3600 2024 3674; baseline -0.007 -14"><span class='ocrx_word' id='word_1_319' title='bbox 439 3607 814 3661; x_wconf 78' lang='grc' dir='ltr'>Μασαλιανῶν</span> <span class='ocrx_word' id='word_1_320' title='bbox 845 3608 1029 3658; x_wconf 87' lang='grc' dir='ltr'>πίστιν</span> <span class='ocrx_word' id='word_1_321' title='bbox 1055 3603 1384 3674; x_wconf 85' lang='grc' dir='ltr'>ἀρνοῦνται,</span> <span class='ocrx_word' id='word_1_322' title='bbox 1421 3602 1513 3653; x_wconf 71' lang='grc' dir='ltr'>καὶ</span> <span class='ocrx_word' id='word_1_323' title='bbox 1547 3600 2024 3670; x_wconf 77' lang='grc' dir='ltr'>ἁναθεματίζουσι,</span> 
     </span>
    </p>
   </div>
   <div class='ocr_carea' id='block_1_46' title="bbox 441 3692 2026 3772">
    <p class='ocr_par' dir='ltr' id='par_1_46' title="bbox 441 3692 2026 3772">
     <span class='ocr_line' id='line_1_46' title="bbox 441 3692 2026 3772; baseline -0.008 -18"><span class='ocrx_word' id='word_1_324' title='bbox 441 3705 533 3754; x_wconf 79' lang='grc' dir='ltr'>καὶ</span> <span class='ocrx_word' id='word_1_325' title='bbox 564 3704 663 3772; x_wconf 85' lang='grc' dir='ltr'>τὴν</span> <span class='ocrx_word' id='word_1_326' title='bbox 703 3702 935 3770; x_wconf 83' lang='grc' dir='ltr'>ἄρνησιν</span> <span class='ocrx_word' id='word_1_327' title='bbox 963 3701 1145 3770; x_wconf 81' lang='grc' dir='ltr'>ὅρκοις</span> <span class='ocrx_word' id='word_1_328' title='bbox 1174 3696 1454 3768; x_wconf 63' lang='grc' dir='ltr'>βεϐαιοῦσι</span> <span class='ocrx_word' id='word_1_329' title='bbox 1502 3696 1772 3766; x_wconf 59' lang='grc' dir='ltr'>φρικτοίς,</span> <span class='ocrx_word' id='word_1_330' title='bbox 1793 3692 2026 3762; x_wconf 76' lang='grc' dir='ltr'>οἰόμενοι</span> 
     </span>
    </p>
   </div>
   <div class='ocr_carea' id='block_1_47' title="bbox 443 3786 2025 3864">
    <p class='ocr_par' dir='ltr' id='par_1_47' title="bbox 443 3786 2025 3864">
     <span class='ocr_line' id='line_1_47' title="bbox 443 3786 2025 3864; baseline -0.01 -16"><span class='ocrx_word' id='word_1_331' title='bbox 443 3795 689 3864; x_wconf 85' lang='grc' dir='ltr'>μηδόλως</span> <span class='ocrx_word' id='word_1_332' title='bbox 721 3794 1063 3863; x_wconf 74' lang='grc' dir='ltr'>ἁμαρτάνειν</span> <span class='ocrx_word' id='word_1_333' title='bbox 1098 3792 1185 3844; x_wconf 77' lang='grc' dir='ltr'>διὰ</span> <span class='ocrx_word' id='word_1_334' title='bbox 1229 3791 1329 3857; x_wconf 83' lang='grc' dir='ltr'>τὴν</span> <span class='ocrx_word' id='word_1_335' title='bbox 1360 3788 1718 3857; x_wconf 74' lang='grc' dir='ltr'>ἐπικειμένην</span> <span class='ocrx_word' id='word_1_336' title='bbox 1758 3786 2025 3852; x_wconf 89' lang='grc' dir='ltr'>ἀνάγκην,</span> 
     </span>
    </p>
   </div>
   <div class='ocr_carea' id='block_1_48' title="bbox 446 3876 2029 3956">
    <p class='ocr_par' dir='ltr' id='par_1_48' title="bbox 446 3876 2029 3956">
     <span class='ocr_line' id='line_1_48' title="bbox 446 3876 2029 3956; baseline -0.008 -17"><span class='ocrx_word' id='word_1_337' title='bbox 446 3892 537 3940; x_wconf 76' lang='grc' dir='ltr'>καὶ</span> <span class='ocrx_word' id='word_1_338' title='bbox 571 3889 664 3940; x_wconf 70' lang='grc' dir='ltr'>τόν</span> <span class='ocrx_word' id='word_1_339' title='bbox 699 3888 866 3956; x_wconf 76' lang='grc' dir='ltr'>φόϐον</span> <span class='ocrx_word' id='word_1_340' title='bbox 900 3888 1009 3938; x_wconf 83' lang='grc' dir='ltr'>τῶν</span> <span class='ocrx_word' id='word_1_341' title='bbox 1051 3885 1456 3953; x_wconf 82' lang='grc' dir='ltr'>κατασχόντων.</span> <span class='ocrx_word' id='word_1_342' title='bbox 1487 3882 1597 3935; x_wconf 75' lang='lat' dir='ltr'><strong>Kal.</strong></span> <span class='ocrx_word' id='word_1_343' title='bbox 1627 3879 1764 3931; x_wconf 84' lang='grc' dir='ltr'>ἄλλα</span> <span class='ocrx_word' id='word_1_344' title='bbox 1811 3876 1869 3930; x_wconf 84' lang='grc' dir='ltr'>δέ</span> <span class='ocrx_word' id='word_1_345' title='bbox 1908 3893 2029 3928; x_wconf 86' lang='grc' dir='ltr'>τινα</span> 
     </span>
    </p>
   </div>
   <div class='ocr_carea' id='block_1_49' title="bbox 445 3970 2029 4051">
    <p class='ocr_par' dir='ltr' id='par_1_49' title="bbox 445 3970 2029 4051">
     <span class='ocr_line' id='line_1_49' title="bbox 445 3970 2029 4051; baseline -0.006 -19"><span class='ocrx_word' id='word_1_346' title='bbox 445 3981 833 4051; x_wconf 78' lang='grc' dir='ltr'>μυθολογοῦσιν</span> <span class='ocrx_word' id='word_1_347' title='bbox 863 3978 1056 4044; x_wconf 71' lang='grc' dir='ltr'>ἀνάξια</span> <span class='ocrx_word' id='word_1_348' title='bbox 1095 3979 1317 4048; x_wconf 83' lang='grc' dir='ltr'>μνήμης</span> <span class='ocrx_word' id='word_1_349' title='bbox 1342 4018 1358 4041; x_wconf 88' lang='grc'>,</span> <span class='ocrx_word' id='word_1_350' title='bbox 1415 3976 1491 4046; x_wconf 83' lang='grc' dir='ltr'>μὴ</span> <span class='ocrx_word' id='word_1_351' title='bbox 1539 3975 1621 4025; x_wconf 76' lang='grc' dir='ltr'>ὅτι</span> <span class='ocrx_word' id='word_1_352' title='bbox 1652 3989 1713 4040; x_wconf 78' lang='grc' dir='ltr'>γε</span> <span class='ocrx_word' id='word_1_353' title='bbox 1766 3970 2029 4041; x_wconf 75' lang='grc' dir='ltr'>ἀντιρρή-</span> 
     </span>
    </p>
   </div>
   <div class='ocr_carea' id='block_1_50' title="bbox 444 4064 2025 4141">
    <p class='ocr_par' dir='ltr' id='par_1_50' title="bbox 444 4064 2025 4141">
     <span class='ocr_line' id='line_1_50' title="bbox 444 4064 2025 4141; baseline -0.008 -14"><span class='ocrx_word' id='word_1_354' title='bbox 444 4092 578 4136; x_wconf 86' lang='grc' dir='ltr'>σεως</span> <span class='ocrx_word' id='word_1_355' title='bbox 608 4074 696 4126; x_wconf 74' lang='grc' dir='ltr'>διὰ</span> <span class='ocrx_word' id='word_1_356' title='bbox 732 4076 790 4125; x_wconf 70' lang='grc' dir='ltr'>τό</span> <span class='ocrx_word' id='word_1_357' title='bbox 822 4074 1227 4141; x_wconf 74' lang='grc' dir='ltr'>εὐανατρεπτον</span> <span class='ocrx_word' id='word_1_358' title='bbox 1259 4070 1441 4122; x_wconf 75' lang='grc' dir='ltr'>αὐτῶν</span> <span class='ocrx_word' id='word_1_359' title='bbox 1488 4068 1585 4120; x_wconf 74' lang='grc' dir='ltr'>καὶ</span> <span class='ocrx_word' id='word_1_360' title='bbox 1640 4064 2025 4131; x_wconf 79' lang='grc' dir='ltr'>αὑτέλεγκτον.</span> 
     </span>
    </p>
   </div>
   <div class='ocr_carea' id='block_1_51' title="bbox 1032 4205 1451 4261">
    <p class='ocr_par' dir='ltr' id='par_1_51' title="bbox 1032 4205 1451 4261">
     <span class='ocr_line' id='line_1_51' title="bbox 1032 4205 1451 4261; baseline -0.005 0"><span class='ocrx_word' id='word_1_361' title='bbox 1032 4209 1284 4261; x_wconf 86' lang='grc' dir='ltr'>ΤΙΤΛΟΣ</span> <span class='ocrx_word' id='word_1_362' title='bbox 1326 4205 1451 4260; x_wconf 82' lang='lat' dir='ltr'><strong>KZ&#39;.</strong></span> 
     </span>
    </p>
   </div>
   <div class='ocr_carea' id='block_1_52' title="bbox 440 4295 2028 4371">
    <p class='ocr_par' dir='ltr' id='par_1_52' title="bbox 440 4295 2028 4371">
     <span class='ocr_line' id='line_1_52' title="bbox 440 4295 2028 4371; baseline -0.007 -13"><span class='ocrx_word' id='word_1_363' title='bbox 440 4303 602 4359; x_wconf 81' lang='grc' dir='ltr'>Κατὰ</span> <span class='ocrx_word' id='word_1_364' title='bbox 640 4304 1010 4371; x_wconf 69' lang='grc' dir='ltr'>Βογομίλων.</span> <span class='ocrx_word' id='word_1_365' title='bbox 1048 4303 1244 4368; x_wconf 79' lang='grc' dir='ltr'>Βόγον</span> <span class='ocrx_word' id='word_1_366' title='bbox 1268 4300 1385 4367; x_wconf 82' lang='grc' dir='ltr'>μὲν</span> <span class='ocrx_word' id='word_1_367' title='bbox 1414 4298 1525 4367; x_wconf 62' lang='grc' dir='ltr'>γὰρ</span> <span class='ocrx_word' id='word_1_368' title='bbox 1582 4299 1621 4365; x_wconf 73' lang='grc' dir='ltr'><strong><em>ἡ</em></strong></span> <span class='ocrx_word' id='word_1_369' title='bbox 1669 4295 1789 4371; x_wconf 81' lang='grc' dir='ltr'>τῶν</span> <span class='ocrx_word' id='word_1_370' title='bbox 1835 4297 2028 4371; x_wconf 64' lang='grc' dir='ltr'>Βουλτ</span> 
     </span>
    </p>
   </div>
   <div class='ocr_carea' id='block_1_53' title="bbox 508 4366 2027 4443">
    <p class='ocr_par' dir='ltr' id='par_1_53' title="bbox 508 4366 2027 4443">
     <span class='ocr_line' id='line_1_53' title="bbox 508 4366 2027 4443; baseline -0.007 -18"><span class='ocrx_word' id='word_1_371' title='bbox 508 4366 1010 4443; x_wconf 68' lang='grc' dir='ltr'>γάρων’γξιώσσα</span> <span class='ocrx_word' id='word_1_372' title='bbox 1057 4366 1235 4424; x_wconf 66' lang='grc' dir='ltr'>καλεῖ</span> <span class='ocrx_word' id='word_1_373' title='bbox 1264 4366 1370 4443; x_wconf 67' lang='grc' dir='ltr'>τὸν</span> <span class='ocrx_word' id='word_1_374' title='bbox 1407 4366 1578 4433; x_wconf 78' lang='grc' dir='ltr'>θεὸν,</span> <span class='ocrx_word' id='word_1_375' title='bbox 1627 4370 1823 4443; x_wconf 57' lang='grc' dir='ltr'>Μίλοξ·</span> <span class='ocrx_word' id='word_1_376' title='bbox 1851 4366 1919 4443; x_wconf 61' lang='grc' dir='ltr'>δέ</span> <span class='ocrx_word' id='word_1_377' title='bbox 1958 4366 2027 4443; x_wconf 71' lang='grc' dir='ltr'>τό</span> 
     </span>
    </p>
   </div>
   <div class='ocr_carea' id='block_1_54' title="bbox 512 4436 2029 4511">
    <p class='ocr_par' dir='ltr' id='par_1_54' title="bbox 512 4436 2029 4511">
     <span class='ocr_line' id='line_1_54' title="bbox 512 4436 2029 4511; baseline -0.005 -15"><span class='ocrx_word' id='word_1_378' title='bbox 512 4436 799 4511; x_wconf 60' lang='grc' dir='ltr'>ἑλέησονί.</span> <span class='ocrx_word' id='word_1_379' title='bbox 828 4445 936 4509; x_wconf 78' lang='grc' dir='ltr'>Εῖη</span> <span class='ocrx_word' id='word_1_380' title='bbox 992 4443 1043 4494; x_wconf 79' lang='grc' dir='ltr'>δ’</span> <span class='ocrx_word' id='word_1_381' title='bbox 1083 4442 1160 4495; x_wconf 82' lang='grc' dir='ltr'>ἂν</span> <span class='ocrx_word' id='word_1_382' title='bbox 1206 4442 1539 4509; x_wconf 72' lang='grc' dir='ltr'>Βογόμιλος</span> <span class='ocrx_word' id='word_1_383' title='bbox 1581 4439 1708 4491; x_wconf 84' lang='grc' dir='ltr'>κατ’</span> <span class='ocrx_word' id='word_1_384' title='bbox 1744 4436 1969 4500; x_wconf 81' lang='grc' dir='ltr'>αὐτοὺς</span> <span class='ocrx_word' id='word_1_385' title='bbox 1996 4438 2029 4488; x_wconf 86' lang='grc' dir='ltr'>ό</span> 
     </span>
    </p>
   </div>
   <div class='ocr_carea' id='block_1_55' title="bbox 512 4510 1618 4579">
    <p class='ocr_par' dir='ltr' id='par_1_55' title="bbox 512 4510 1618 4579">
     <span class='ocr_line' id='line_1_55' title="bbox 512 4510 1618 4579; baseline -0.006 -11"><span class='ocrx_word' id='word_1_386' title='bbox 512 4515 619 4568; x_wconf 83' lang='grc' dir='ltr'>τοῦ</span> <span class='ocrx_word' id='word_1_387' title='bbox 655 4514 804 4569; x_wconf 74' lang='grc' dir='ltr'>θεοῦ</span> <span class='ocrx_word' id='word_1_388' title='bbox 835 4514 943 4567; x_wconf 80' lang='grc' dir='ltr'>τὸν</span> <span class='ocrx_word' id='word_1_389' title='bbox 972 4512 1152 4565; x_wconf 74' lang='grc' dir='ltr'>ἔλεον</span> <span class='ocrx_word' id='word_1_390' title='bbox 1177 4510 1618 4579; x_wconf 78' lang='grc' dir='ltr'>ἐπισπώμενος.</span> 
     </span>
    </p>
   </div>
   <div class='ocr_carea' id='block_1_56' title="bbox 525 4620 2027 4696">
    <p class='ocr_par' dir='ltr' id='par_1_56' title="bbox 525 4620 2027 4696">
     <span class='ocr_line' id='line_1_56' title="bbox 525 4620 2027 4696; baseline -0.005 -17"><span class='ocrx_word' id='word_1_391' title='bbox 525 4628 593 4679; x_wconf 78' lang='grc' dir='ltr'>’Π</span> <span class='ocrx_word' id='word_1_392' title='bbox 616 4628 723 4679; x_wconf 83' lang='grc' dir='ltr'>τῶν</span> <span class='ocrx_word' id='word_1_393' title='bbox 756 4625 1073 4696; x_wconf 80' lang='grc' dir='ltr'>Βογομίλων</span> <span class='ocrx_word' id='word_1_394' title='bbox 1104 4620 1315 4695; x_wconf 75' lang='grc' dir='ltr'>αἵρεσις</span> <span class='ocrx_word' id='word_1_395' title='bbox 1340 4624 1403 4676; x_wconf 89' lang='grc' dir='ltr'>ού</span> <span class='ocrx_word' id='word_1_396' title='bbox 1436 4625 1543 4693; x_wconf 77' lang='grc' dir='ltr'>πρὸ</span> <span class='ocrx_word' id='word_1_397' title='bbox 1568 4622 1763 4675; x_wconf 86' lang='grc' dir='ltr'>πολλοῦ</span> <span class='ocrx_word' id='word_1_398' title='bbox 1798 4623 2027 4690; x_wconf 79' lang='grc' dir='ltr'>συνέστη</span> 
     </span>
    </p>
   </div>
   <div class='ocr_carea' id='block_1_57' title="bbox 441 4715 2032 4789">
    <p class='ocr_par' dir='ltr' id='par_1_57' title="bbox 441 4715 2032 4789">
     <span class='ocr_line' id='line_1_57' title="bbox 441 4715 2032 4789; baseline -0.003 -17"><span class='ocrx_word' id='word_1_399' title='bbox 441 4721 541 4789; x_wconf 84' lang='grc' dir='ltr'>τῆς</span> <span class='ocrx_word' id='word_1_400' title='bbox 572 4719 694 4771; x_wconf 81' lang='grc' dir='ltr'>καθ’</span> <span class='ocrx_word' id='word_1_401' title='bbox 727 4721 875 4789; x_wconf 81' lang='grc' dir='ltr'>ἡμᾶς</span> <span class='ocrx_word' id='word_1_402' title='bbox 916 4720 1110 4787; x_wconf 77' lang='grc' dir='ltr'>γενεᾶς</span> <span class='ocrx_word' id='word_1_403' title='bbox 1133 4758 1148 4782; x_wconf 95' lang='grc'>,</span> <span class='ocrx_word' id='word_1_404' title='bbox 1184 4717 1349 4787; x_wconf 88' lang='grc' dir='ltr'>μέρος</span> <span class='ocrx_word' id='word_1_405' title='bbox 1381 4716 1517 4769; x_wconf 78' lang='grc' dir='ltr'>οὖσα</span> <span class='ocrx_word' id='word_1_406' title='bbox 1557 4717 1658 4785; x_wconf 73' lang='grc' dir='ltr'>τῆς</span> <span class='ocrx_word' id='word_1_407' title='bbox 1704 4716 1814 4768; x_wconf 79' lang='grc' dir='ltr'>τῶν</span> <span class='ocrx_word' id='word_1_408' title='bbox 1844 4715 2032 4768; x_wconf 82' lang='grc' dir='ltr'>Μασα-</span> 
     </span>
    </p>
   </div>
   <div class='ocr_carea' id='block_1_58' title="bbox 440 4805 2032 4879">
    <p class='ocr_par' dir='ltr' id='par_1_58' title="bbox 440 4805 2032 4879">
     <span class='ocr_line' id='line_1_58' title="bbox 440 4805 2032 4879; baseline -0.005 -16"><span class='ocrx_word' id='word_1_409' title='bbox 440 4811 644 4865; x_wconf 83' lang='grc' dir='ltr'>λιανὼν</span> <span class='ocrx_word' id='word_1_410' title='bbox 670 4850 685 4875; x_wconf 95' lang='grc'>,</span> <span class='ocrx_word' id='word_1_411' title='bbox 720 4812 819 4863; x_wconf 80' lang='grc' dir='ltr'>καὶ</span> <span class='ocrx_word' id='word_1_412' title='bbox 874 4809 1270 4879; x_wconf 82' lang='grc' dir='ltr'>συμφερομένη</span> <span class='ocrx_word' id='word_1_413' title='bbox 1318 4808 1387 4860; x_wconf 90' lang='grc' dir='ltr'>τά</span> <span class='ocrx_word' id='word_1_414' title='bbox 1430 4806 1603 4859; x_wconf 81' lang='grc' dir='ltr'>πολλὰ</span> <span class='ocrx_word' id='word_1_415' title='bbox 1643 4808 1755 4869; x_wconf 86' lang='grc' dir='ltr'>τοῖς</span> <span class='ocrx_word' id='word_1_416' title='bbox 1806 4805 2032 4859; x_wconf 87' lang='grc' dir='ltr'>ἐκείνων</span> 
     </span>
    </p>
   </div>
   <div class='ocr_carea' id='block_1_59' title="bbox 439 4894 2029 4972">
    <p class='ocr_par' dir='ltr' id='par_1_59' title="bbox 439 4894 2029 4972">
     <span class='ocr_line' id='line_1_59' title="bbox 439 4894 2029 4972; baseline -0.006 -16"><span class='ocrx_word' id='word_1_417' title='bbox 439 4904 698 4972; x_wconf 76' lang='grc' dir='ltr'>δόγμασι,</span> <span class='ocrx_word' id='word_1_418' title='bbox 731 4906 853 4955; x_wconf 72' lang='grc' dir='ltr'>τινα</span> <span class='ocrx_word' id='word_1_419' title='bbox 884 4901 941 4953; x_wconf 84' lang='grc' dir='ltr'>δέ</span> <span class='ocrx_word' id='word_1_420' title='bbox 970 4902 1065 4953; x_wconf 75' lang='grc' dir='ltr'>καὶ</span> <span class='ocrx_word' id='word_1_421' title='bbox 1095 4896 1561 4969; x_wconf 83' lang='grc' dir='ltr'>προσεξευροῦσα,</span> <span class='ocrx_word' id='word_1_422' title='bbox 1593 4899 1686 4949; x_wconf 75' lang='grc' dir='ltr'>καὶ</span> <span class='ocrx_word' id='word_1_423' title='bbox 1723 4897 1819 4962; x_wconf 84' lang='grc' dir='ltr'>τὴν</span> <span class='ocrx_word' id='word_1_424' title='bbox 1850 4894 2029 4965; x_wconf 87' lang='grc' dir='ltr'>λύμην</span> 
     </span>
    </p>
   </div>
   <div class='ocr_carea' id='block_1_60' title="bbox 441 4985 2029 5065">
    <p class='ocr_par' dir='ltr' id='par_1_60' title="bbox 441 4985 2029 5065">
     <span class='ocr_line' id='line_1_60' title="bbox 441 4985 2029 5065; baseline -0.007 -17"><span class='ocrx_word' id='word_1_425' title='bbox 441 4996 749 5065; x_wconf 76' lang='grc' dir='ltr'>αύξήσασα.</span> <span class='ocrx_word' id='word_1_426' title='bbox 780 4992 1094 5061; x_wconf 76' lang='grc' dir='ltr'>Διεγνώσθη</span> <span class='ocrx_word' id='word_1_427' title='bbox 1120 4991 1175 5043; x_wconf 88' lang='grc' dir='ltr'>δὲ</span> <span class='ocrx_word' id='word_1_428' title='bbox 1209 4991 1346 5043; x_wconf 84' lang='grc' dir='ltr'>κατὰ</span> <span class='ocrx_word' id='word_1_429' title='bbox 1376 4990 1502 5051; x_wconf 83' lang='grc' dir='ltr'>τοὺς</span> <span class='ocrx_word' id='word_1_430' title='bbox 1526 4988 1751 5057; x_wconf 76' lang='grc' dir='ltr'>χρόνους</span> <span class='ocrx_word' id='word_1_431' title='bbox 1791 4985 2029 5050; x_wconf 65' lang='grc' dir='ltr'>Ἀλεξίο)</span> 
     </span>
    </p>
   </div>
   <div class='ocr_carea' id='block_1_61' title="bbox 439 5079 2031 5159">
    <p class='ocr_par' dir='ltr' id='par_1_61' title="bbox 439 5079 2031 5159">
     <span class='ocr_line' id='line_1_61' title="bbox 439 5079 2031 5159; baseline -0.009 -16"><span class='ocrx_word' id='word_1_432' title='bbox 439 5091 536 5143; x_wconf 87' lang='grc' dir='ltr'>τοῦ</span> <span class='ocrx_word' id='word_1_433' title='bbox 568 5088 998 5159; x_wconf 78' lang='grc' dir='ltr'>θεοκυὸερνήτου</span> <span class='ocrx_word' id='word_1_434' title='bbox 1036 5084 1300 5156; x_wconf 84' lang='grc' dir='ltr'>βασιλέως</span> <span class='ocrx_word' id='word_1_435' title='bbox 1330 5084 1509 5153; x_wconf 77' lang='grc' dir='ltr'>ἡμῶν,</span> <span class='ocrx_word' id='word_1_436' title='bbox 1544 5083 1601 5143; x_wconf 83' lang='grc' dir='ltr'>ὃς</span> <span class='ocrx_word' id='word_1_437' title='bbox 1632 5082 1901 5151; x_wconf 79' lang='grc' dir='ltr'>εὐτέχνως</span> <span class='ocrx_word' id='word_1_438' title='bbox 1938 5079 2031 5131; x_wconf 72' lang='grc' dir='ltr'>καὶ</span> 
     </span>
    </p>
   </div>
   <div class='ocr_carea' id='block_1_62' title="bbox 443 5172 2035 5252">
    <p class='ocr_par' dir='ltr' id='par_1_62' title="bbox 443 5172 2035 5252">
     <span class='ocr_line' id='line_1_62' title="bbox 443 5172 2035 5252; baseline -0.008 -16"><span class='ocrx_word' id='word_1_439' title='bbox 443 5186 587 5238; x_wconf 72' lang='grc' dir='ltr'>πάνυ</span> <span class='ocrx_word' id='word_1_440' title='bbox 621 5182 941 5252; x_wconf 81' lang='grc' dir='ltr'>θαυμασίως</span> <span class='ocrx_word' id='word_1_441' title='bbox 971 5179 1063 5232; x_wconf 79' lang='grc' dir='ltr'>τὸν</span> <span class='ocrx_word' id='word_1_442' title='bbox 1086 5178 1314 5248; x_wconf 71' lang='grc' dir='ltr'>ἔξαρχον</span> <span class='ocrx_word' id='word_1_443' title='bbox 1338 5177 1507 5247; x_wconf 75' lang='grc' dir='ltr'>αὐτῆς</span> <span class='ocrx_word' id='word_1_444' title='bbox 1541 5174 1837 5244; x_wconf 86' lang='grc' dir='ltr'>θηρεύσας·</span> <span class='ocrx_word' id='word_1_445' title='bbox 1872 5172 2035 5225; x_wconf 84' lang='grc' dir='ltr'>Βασί-</span> 
     </span>
    </p>
   </div>
   <div class='ocr_carea' id='block_1_63' title="bbox 441 5265 2035 5347">
    <p class='ocr_par' dir='ltr' id='par_1_63' title="bbox 441 5265 2035 5347">
     <span class='ocr_line' id='line_1_63' title="bbox 441 5265 2035 5347; baseline -0.009 -18"><span class='ocrx_word' id='word_1_446' title='bbox 441 5277 585 5340; x_wconf 87' lang='grc' dir='ltr'>λειος</span> <span class='ocrx_word' id='word_1_447' title='bbox 614 5271 682 5347; x_wconf 80' lang='grc' dir='ltr'>ἦν</span> <span class='ocrx_word' id='word_1_448' title='bbox 715 5267 869 5335; x_wconf 75' lang='grc' dir='ltr'>οὗτος</span> <span class='ocrx_word' id='word_1_449' title='bbox 908 5277 935 5325; x_wconf 90' lang='grc' dir='ltr'>ὁ</span> <span class='ocrx_word' id='word_1_450' title='bbox 988 5273 1170 5343; x_wconf 72' lang='grc' dir='ltr'>ἰατρὸς</span> <span class='ocrx_word' id='word_1_451' title='bbox 1192 5270 1380 5339; x_wconf 71' lang='grc' dir='ltr'>,ἀνὴρ</span> <span class='ocrx_word' id='word_1_452' title='bbox 1410 5268 1651 5338; x_wconf 83' lang='grc' dir='ltr'>ὀλέθριος</span> <span class='ocrx_word' id='word_1_453' title='bbox 1685 5266 1909 5337; x_wconf 74' lang='grc' dir='ltr'>μᾶλλον,</span> <span class='ocrx_word' id='word_1_454' title='bbox 1943 5265 2035 5316; x_wconf 79' lang='grc' dir='ltr'>καὶ</span> 
     </span>
    </p>
   </div>
   <div class='ocr_carea' id='block_1_64' title="bbox 443 5361 2034 5441">
    <p class='ocr_par' dir='ltr' id='par_1_64' title="bbox 443 5361 2034 5441">
     <span class='ocr_line' id='line_1_64' title="bbox 443 5361 2034 5441; baseline -0.008 -16"><span class='ocrx_word' id='word_1_455' title='bbox 443 5373 666 5441; x_wconf 73' lang='grc' dir='ltr'>λοιμὸς,</span> <span class='ocrx_word' id='word_1_456' title='bbox 704 5370 799 5424; x_wconf 75' lang='grc' dir='ltr'>καὶ</span> <span class='ocrx_word' id='word_1_457' title='bbox 845 5369 1053 5439; x_wconf 77' lang='grc' dir='ltr'>φθορᾶς</span> <span class='ocrx_word' id='word_1_458' title='bbox 1103 5369 1333 5435; x_wconf 74' lang='grc' dir='ltr'>μεστὸς,</span> <span class='ocrx_word' id='word_1_459' title='bbox 1374 5367 1466 5417; x_wconf 70' lang='grc' dir='ltr'>καὶ</span> <span class='ocrx_word' id='word_1_460' title='bbox 1506 5363 1683 5430; x_wconf 78' lang='grc' dir='ltr'>πάσης</span> <span class='ocrx_word' id='word_1_461' title='bbox 1716 5363 1915 5424; x_wconf 83' lang='grc' dir='ltr'>κακίας</span> <span class='ocrx_word' id='word_1_462' title='bbox 1942 5361 2034 5430; x_wconf 79' lang='grc' dir='ltr'>δρ-</span> 
     </span>
    </p>
   </div>
   <div class='ocr_carea' id='block_1_65' title="bbox 443 5451 2030 5529">
    <p class='ocr_par' dir='ltr' id='par_1_65' title="bbox 443 5451 2030 5529">
     <span class='ocr_line' id='line_1_65' title="bbox 443 5451 2030 5529; baseline -0.009 -13"><span class='ocrx_word' id='word_1_463' title='bbox 443 5480 611 5529; x_wconf 86' lang='grc' dir='ltr'>γανον</span> <span class='ocrx_word' id='word_1_464' title='bbox 635 5476 648 5491; x_wconf 81' lang='grc'><em>’</em></span> <span class='ocrx_word' id='word_1_465' title='bbox 701 5462 799 5513; x_wconf 76' lang='grc' dir='ltr'>καὶ</span> <span class='ocrx_word' id='word_1_466' title='bbox 850 5460 986 5528; x_wconf 71' lang='grc' dir='ltr'>πρὸς</span> <span class='ocrx_word' id='word_1_467' title='bbox 1024 5456 1217 5509; x_wconf 77' lang='grc' dir='ltr'>ἑαυτὸν</span> <span class='ocrx_word' id='word_1_468' title='bbox 1266 5452 1630 5524; x_wconf 77' lang='grc' dir='ltr'>μεταγαγὼν,</span> <span class='ocrx_word' id='word_1_469' title='bbox 1667 5454 1760 5504; x_wconf 74' lang='grc' dir='ltr'>καὶ</span> <span class='ocrx_word' id='word_1_470' title='bbox 1794 5451 2030 5519; x_wconf 84' lang='grc' dir='ltr'>ἐντίμως</span> 
     </span>
    </p>
   </div>
   <div class='ocr_carea' id='block_1_66' title="bbox 444 5542 2033 5622">
    <p class='ocr_par' dir='ltr' id='par_1_66' title="bbox 444 5542 2033 5622">
     <span class='ocr_line' id='line_1_66' title="bbox 444 5542 2033 5622; baseline -0.009 -14"><span class='ocrx_word' id='word_1_471' title='bbox 444 5553 846 5622; x_wconf 78' lang='grc' dir='ltr'>ὑποδεξάμενος</span> <span class='ocrx_word' id='word_1_472' title='bbox 870 5592 885 5617; x_wconf 91' lang='grc'>,</span> <span class='ocrx_word' id='word_1_473' title='bbox 930 5554 1026 5604; x_wconf 64' lang='grc' dir='ltr'>καὶ⁵</span> <span class='ocrx_word' id='word_1_474' title='bbox 1056 5549 1155 5617; x_wconf 68' lang='grc' dir='ltr'>τῆς</span> <span class='ocrx_word' id='word_1_475' title='bbox 1186 5547 1319 5619; x_wconf 81' lang='grc' dir='ltr'>παρ’</span> <span class='ocrx_word' id='word_1_476' title='bbox 1352 5546 1531 5616; x_wconf 77' lang='grc' dir='ltr'>ἐαυτῷ</span> <span class='ocrx_word' id='word_1_477' title='bbox 1561 5544 1831 5613; x_wconf 82' lang='grc' dir='ltr'>καθέδρας</span> <span class='ocrx_word' id='word_1_478' title='bbox 1870 5542 2033 5606; x_wconf 76' lang='grc' dir='ltr'>ἀξιώ-</span> 
     </span>
    </p>
   </div>
   <div class='ocr_carea' id='block_1_67' title="bbox 446 5638 2034 5717">
    <p class='ocr_par' dir='ltr' id='par_1_67' title="bbox 446 5638 2034 5717">
     <span class='ocr_line' id='line_1_67' title="bbox 446 5638 2034 5717; baseline -0.008 -15"><span class='ocrx_word' id='word_1_479' title='bbox 446 5665 568 5715; x_wconf 86' lang='grc' dir='ltr'>σας,</span> <span class='ocrx_word' id='word_1_480' title='bbox 595 5648 692 5702; x_wconf 72' lang='grc' dir='ltr'>καὶ</span> <span class='ocrx_word' id='word_1_481' title='bbox 725 5648 884 5716; x_wconf 76' lang='grc' dir='ltr'>λόγου</span> <span class='ocrx_word' id='word_1_482' title='bbox 917 5646 1183 5717; x_wconf 69' lang='grc' dir='ltr'>μεταδοὺς</span> <span class='ocrx_word' id='word_1_483' title='bbox 1220 5644 1394 5713; x_wconf 74' lang='grc' dir='ltr'>ἡδέος,</span> <span class='ocrx_word' id='word_1_484' title='bbox 1441 5644 1533 5695; x_wconf 65' lang='grc' dir='ltr'>καὶ</span> <span class='ocrx_word' id='word_1_485' title='bbox 1573 5638 1882 5711; x_wconf 87' lang='grc' dir='ltr'>προσηνοῦς</span> <span class='ocrx_word' id='word_1_486' title='bbox 1913 5640 2034 5707; x_wconf 75' lang='grc' dir='ltr'>ὀμι-</span> 
     </span>
    </p>
   </div>
   <div class='ocr_carea' id='block_1_68' title="bbox 525 5821 2027 5895">
    <p class='ocr_par' dir='ltr' id='par_1_68' title="bbox 525 5821 2027 5895">
     <span class='ocr_line' id='line_1_68' title="bbox 525 5821 2027 5895; baseline -0.015 1"><span class='ocrx_word' id='word_1_487' title='bbox 525 5834 757 5895; x_wconf 70' lang='lat' dir='ltr'><strong>‘ﬂattlt.</strong></span> <span class='ocrx_word' id='word_1_488' title='bbox 783 5832 971 5894; x_wconf 71' lang='lat' dir='ltr'><strong>Xix,6.</strong></span> <span class='ocrx_word' id='word_1_489' title='bbox 1052 5831 1071 5860; x_wconf 84' lang='lat'><strong>&#39;</strong></span> <span class='ocrx_word' id='word_1_490' title='bbox 1116 5829 1282 5885; x_wconf 84' lang='lat' dir='ltr'><strong>Hebr.</strong></span> <span class='ocrx_word' id='word_1_491' title='bbox 1314 5843 1433 5889; x_wconf 77' lang='lat' dir='ltr'><strong>xm,</strong></span> <span class='ocrx_word' id='word_1_492' title='bbox 1473 5828 1525 5879; x_wconf 72' lang='grc'>6.</span> <span class='ocrx_word' id='word_1_493' title='bbox 1606 5827 1625 5857; x_wconf 85' lang='grc'>³</span> <span class='ocrx_word' id='word_1_494' title='bbox 1648 5825 1839 5880; x_wconf 83' lang='lat' dir='ltr'><strong>Matth.</strong></span> <span class='ocrx_word' id='word_1_495' title='bbox 1864 5821 2027 5887; x_wconf 65' lang='lat' dir='ltr'><strong>v,54.</strong></span> 
     </span>
    </p>
   </div>
   <div class='ocr_carea' id='block_1_69' title="bbox 766 5925 1512 5996">
    <p class='ocr_par' dir='ltr' id='par_1_69' title="bbox 766 5925 1512 5996">
     <span class='ocr_line' id='line_1_69' title="bbox 766 5925 1512 5996; baseline -0.013 -1"><span class='ocrx_word' id='word_1_496' title='bbox 766 5935 1043 5996; x_wconf 75' lang='grc' dir='ltr'>ΡΑτιιοι.</span> <span class='ocrx_word' id='word_1_497' title='bbox 1090 5928 1209 5990; x_wconf 82' lang='lat' dir='ltr'><strong>Gn.</strong></span> <span class='ocrx_word' id='word_1_498' title='bbox 1258 5925 1512 5990; x_wconf 71' lang='lat' dir='ltr'><strong>CXXX.</strong></span> 
     </span>
    </p>
   </div>
   <div class='ocr_carea' id='block_1_70' title="bbox 2055 4545 2107 4605">
    <p class='ocr_par' dir='ltr' id='par_1_70' title="bbox 2055 4545 2107 4605">
     <span class='ocr_line' id='line_1_70' title="bbox 2055 4545 2107 4605; baseline 0 0"><span class='ocrx_word' id='word_1_499' title='bbox 2055 4545 2107 4605; x_wconf 92' lang='lat' dir='ltr'><strong>D</strong></span> 
     </span>
    </p>
   </div>
   <div class='ocr_carea' id='block_1_71' title="bbox 2184 1326 3700 1397">
    <p class='ocr_par' dir='ltr' id='par_1_71' title="bbox 2184 1326 3700 1397">
     <span class='ocr_line' id='line_1_71' title="bbox 2184 1326 3700 1397; baseline 0.003 -17"><span class='ocrx_word' id='word_1_500' title='bbox 2184 1326 2411 1396; x_wconf 84' lang='lat' dir='ltr'><strong>Nuptias</strong></span> <span class='ocrx_word' id='word_1_501' title='bbox 2442 1328 2767 1395; x_wconf 73' lang='lat' dir='ltr'>dissolvunt,</span> <span class='ocrx_word' id='word_1_502' title='bbox 2794 1331 3043 1397; x_wconf 78' lang='lat' dir='ltr'>quamvis</span> <span class='ocrx_word' id='word_1_503' title='bbox 3071 1334 3325 1385; x_wconf 85' lang='lat' dir='ltr'><strong>Dominus</strong></span> <span class='ocrx_word' id='word_1_504' title='bbox 3352 1331 3497 1385; x_wconf 83' lang='lat' dir='ltr'><strong>dicat</strong></span> <span class='ocrx_word' id='word_1_505' title='bbox 3524 1348 3538 1384; x_wconf 89' lang='lat'><strong>:</strong></span> <span class='ocrx_word' id='word_1_506' title='bbox 3571 1330 3700 1394; x_wconf 81' lang='lat' dir='ltr'><strong>Qua:</strong></span> 
     </span>
    </p>
   </div>
   <div class='ocr_carea' id='block_1_72' title="bbox 2121 1420 3701 1489">
    <p class='ocr_par' dir='ltr' id='par_1_72' title="bbox 2121 1420 3701 1489">
     <span class='ocr_line' id='line_1_72' title="bbox 2121 1420 3701 1489; baseline 0.002 -18"><span class='ocrx_word' id='word_1_507' title='bbox 2121 1420 2255 1472; x_wconf 80' lang='lat' dir='ltr'><strong>Deus</strong></span> <span class='ocrx_word' id='word_1_508' title='bbox 2277 1420 2576 1487; x_wconf 77' lang='lat' dir='ltr'><strong>conjunxit,</strong></span> <span class='ocrx_word' id='word_1_509' title='bbox 2612 1422 2765 1473; x_wconf 83' lang='lat' dir='ltr'><strong>homo</strong></span> <span class='ocrx_word' id='word_1_510' title='bbox 2805 1439 2909 1474; x_wconf 84' lang='lat' dir='ltr'>non</span> <span class='ocrx_word' id='word_1_511' title='bbox 2937 1426 3172 1489; x_wconf 76' lang='lat' dir='ltr'><strong>sepuret&#39;</strong></span> <span class='ocrx_word' id='word_1_512' title='bbox 3200 1442 3212 1489; x_wconf 90' lang='lat'>;</span> <span class='ocrx_word' id='word_1_513' title='bbox 3241 1433 3288 1475; x_wconf 85' lang='lat' dir='ltr'>et</span> <span class='ocrx_word' id='word_1_514' title='bbox 3340 1425 3390 1474; x_wconf 89' lang='lat' dir='ltr'><strong>in</strong></span> <span class='ocrx_word' id='word_1_515' title='bbox 3432 1424 3577 1475; x_wconf 81' lang='lat' dir='ltr'><strong>Caua</strong></span> <span class='ocrx_word' id='word_1_516' title='bbox 3597 1423 3701 1476; x_wconf 86' lang='lat' dir='ltr'>Ga-</span> 
     </span>
    </p>
   </div>
   <div class='ocr_carea' id='block_1_73' title="bbox 2116 1510 3702 1578">
    <p class='ocr_par' dir='ltr' id='par_1_73' title="bbox 2116 1510 3702 1578">
     <span class='ocr_line' id='line_1_73' title="bbox 2116 1510 3702 1578; baseline 0.002 -18"><span class='ocrx_word' id='word_1_517' title='bbox 2116 1510 2267 1563; x_wconf 66' lang='lat' dir='ltr'><strong>lilznaa</strong></span> <span class='ocrx_word' id='word_1_518' title='bbox 2319 1512 2602 1577; x_wconf 72' lang='lat' dir='ltr'><strong>przesentia</strong></span> <span class='ocrx_word' id='word_1_519' title='bbox 2651 1526 2745 1563; x_wconf 87' lang='lat' dir='ltr'>sua</span> <span class='ocrx_word' id='word_1_520' title='bbox 2805 1514 3017 1578; x_wconf 87' lang='lat' dir='ltr'><strong>nuptias</strong></span> <span class='ocrx_word' id='word_1_521' title='bbox 3065 1512 3371 1575; x_wconf 77' lang='lat' dir='ltr'><strong>honorarit;</strong></span> <span class='ocrx_word' id='word_1_522' title='bbox 3405 1522 3459 1565; x_wconf 83' lang='lat' dir='ltr'><strong>et</strong></span> <span class='ocrx_word' id='word_1_523' title='bbox 3512 1512 3702 1564; x_wconf 87' lang='lat' dir='ltr'><strong>beatus</strong></span> 
     </span>
    </p>
   </div>
   <div class='ocr_carea' id='block_1_74' title="bbox 2117 1601 3704 1667">
    <p class='ocr_par' dir='ltr' id='par_1_74' title="bbox 2117 1601 3704 1667">
     <span class='ocr_line' id='line_1_74' title="bbox 2117 1601 3704 1667; baseline 0.001 -16"><span class='ocrx_word' id='word_1_524' title='bbox 2117 1601 2409 1665; x_wconf 72' lang='lat' dir='ltr'>Apostolus</span> <span class='ocrx_word' id='word_1_525' title='bbox 2435 1601 2581 1653; x_wconf 87' lang='lat' dir='ltr'><strong>dicat</strong></span> <span class='ocrx_word' id='word_1_526' title='bbox 2616 1620 2628 1653; x_wconf 91' lang='lat'>:</span> <span class='ocrx_word' id='word_1_527' title='bbox 2674 1601 3003 1654; x_wconf 69' lang='lat' dir='ltr'><strong>Venerabile:</strong></span> <span class='ocrx_word' id='word_1_528' title='bbox 3022 1604 3236 1667; x_wconf 78' lang='lat' dir='ltr'><strong>nuptia&#39;,</strong></span> <span class='ocrx_word' id='word_1_529' title='bbox 3267 1614 3312 1655; x_wconf 80' lang='grc' dir='ltr'>ει</span> <span class='ocrx_word' id='word_1_530' title='bbox 3341 1615 3486 1654; x_wconf 83' lang='lat' dir='ltr'><strong>torus</strong></span> <span class='ocrx_word' id='word_1_531' title='bbox 3514 1604 3704 1654; x_wconf 79' lang='lat' dir='ltr'><strong>imma—</strong></span> 
     </span>
    </p>
   </div>
   <div class='ocr_carea' id='block_1_75' title="bbox 2121 1691 3702 1761">
    <p class='ocr_par' dir='ltr' id='par_1_75' title="bbox 2121 1691 3702 1761">
     <span class='ocr_line' id='line_1_75' title="bbox 2121 1691 3702 1761; baseline -0.001 -19"><span class='ocrx_word' id='word_1_532' title='bbox 2121 1693 2329 1746; x_wconf 79' lang='lat' dir='ltr'><strong>culatus</strong></span> <span class='ocrx_word' id='word_1_533' title='bbox 2360 1696 2403 1746; x_wconf 82' lang='lat'><strong>’.</strong></span> <span class='ocrx_word' id='word_1_534' title='bbox 2465 1693 2529 1746; x_wconf 85' lang='lat' dir='ltr'><strong>Et</strong></span> <span class='ocrx_word' id='word_1_535' title='bbox 2564 1694 2650 1746; x_wconf 86' lang='lat' dir='ltr'><strong>ltic</strong></span> <span class='ocrx_word' id='word_1_536' title='bbox 2679 1704 2866 1761; x_wconf 75' lang='lat' dir='ltr'><strong>aperte</strong></span> <span class='ocrx_word' id='word_1_537' title='bbox 2899 1702 3007 1744; x_wconf 84' lang='lat' dir='ltr'><strong>tuin</strong></span> <span class='ocrx_word' id='word_1_538' title='bbox 3050 1692 3268 1745; x_wconf 82' lang='lat' dir='ltr'>Christo</span> <span class='ocrx_word' id='word_1_539' title='bbox 3301 1702 3410 1742; x_wconf 88' lang='lat' dir='ltr'><strong>tuin</strong></span> <span class='ocrx_word' id='word_1_540' title='bbox 3441 1691 3702 1758; x_wconf 72' lang='lat' dir='ltr'>apostolis</span> 
     </span>
    </p>
   </div>
   <div class='ocr_carea' id='block_1_76' title="bbox 2120 1781 3702 1854">
    <p class='ocr_par' dir='ltr' id='par_1_76' title="bbox 2120 1781 3702 1854">
     <span class='ocr_line' id='line_1_76' title="bbox 2120 1781 3702 1854; baseline -0.002 -17"><span class='ocrx_word' id='word_1_541' title='bbox 2120 1786 2477 1839; x_wconf 83' lang='lat' dir='ltr'>adversantur</span> <span class='ocrx_word' id='word_1_542' title='bbox 2506 1788 2595 1854; x_wconf 82' lang='lat' dir='ltr'>qui</span> <span class='ocrx_word' id='word_1_543' title='bbox 2631 1786 2844 1853; x_wconf 79' lang='lat' dir='ltr'><strong>nuptias</strong></span> <span class='ocrx_word' id='word_1_544' title='bbox 2882 1785 3185 1838; x_wconf 85' lang='lat' dir='ltr'><strong>maledictis</strong></span> <span class='ocrx_word' id='word_1_545' title='bbox 3240 1784 3475 1836; x_wconf 77' lang='lat' dir='ltr'><strong>alticiuiit</strong></span> <span class='ocrx_word' id='word_1_546' title='bbox 3521 1792 3576 1835; x_wconf 83' lang='lat' dir='ltr'>et</span> <span class='ocrx_word' id='word_1_547' title='bbox 3609 1781 3702 1835; x_wconf 87' lang='lat' dir='ltr'><strong>de-</strong></span> 
     </span>
    </p>
   </div>
   <div class='ocr_carea' id='block_1_77' title="bbox 2120 1883 2411 1929">
    <p class='ocr_par' dir='ltr' id='par_1_77' title="bbox 2120 1883 2411 1929">
     <span class='ocr_line' id='line_1_77' title="bbox 2120 1883 2411 1929; baseline 0 -1"><span class='ocrx_word' id='word_1_548' title='bbox 2120 1883 2357 1929; x_wconf 86' lang='lat' dir='ltr'><strong>testantu</strong></span> <span class='ocrx_word' id='word_1_549' title='bbox 2368 1891 2411 1928; x_wconf 88' lang='lat' dir='ltr'>r.</span> 
     </span>
    </p>
   </div>
   <div class='ocr_carea' id='block_1_78' title="bbox 2189 1965 3705 2034">
    <p class='ocr_par' dir='ltr' id='par_1_78' title="bbox 2189 1965 3705 2034">
     <span class='ocr_line' id='line_1_78' title="bbox 2189 1965 3705 2034; baseline -0.001 -14"><span class='ocrx_word' id='word_1_550' title='bbox 2189 1967 2538 2027; x_wconf 81' lang='lat' dir='ltr'><strong>Permittunt,</strong></span> <span class='ocrx_word' id='word_1_551' title='bbox 2568 1977 2623 2017; x_wconf 91' lang='lat' dir='ltr'><strong>nt</strong></span> <span class='ocrx_word' id='word_1_552' title='bbox 2671 1968 2759 2034; x_wconf 75' lang='lat' dir='ltr'><strong>qui</strong></span> <span class='ocrx_word' id='word_1_553' title='bbox 2794 1965 2999 2029; x_wconf 91' lang='lat' dir='ltr'><strong>volunt,</strong></span> <span class='ocrx_word' id='word_1_554' title='bbox 3030 1975 3211 2034; x_wconf 87' lang='lat' dir='ltr'><strong>partes</strong></span> <span class='ocrx_word' id='word_1_555' title='bbox 3235 1967 3480 2034; x_wconf 82' lang='lat' dir='ltr'><strong>corporis</strong></span> <span class='ocrx_word' id='word_1_556' title='bbox 3533 1970 3705 2021; x_wconf 77' lang='lat' dir='ltr'><strong>susei-</strong></span> 
     </span>
    </p>
   </div>
   <div class='ocr_carea' id='block_1_79' title="bbox 2118 2057 3701 2126">
    <p class='ocr_par' dir='ltr' id='par_1_79' title="bbox 2118 2057 3701 2126">
     <span class='ocr_line' id='line_1_79' title="bbox 2118 2057 3701 2126; baseline 0.001 -17"><span class='ocrx_word' id='word_1_557' title='bbox 2118 2057 2328 2126; x_wconf 86' lang='lat' dir='ltr'><strong>pieudis</strong></span> <span class='ocrx_word' id='word_1_558' title='bbox 2384 2057 2568 2109; x_wconf 80' lang='lat' dir='ltr'><strong>liberis</strong></span> <span class='ocrx_word' id='word_1_559' title='bbox 2622 2061 2957 2111; x_wconf 81' lang='lat' dir='ltr'><strong>necessarias</strong></span> <span class='ocrx_word' id='word_1_560' title='bbox 2996 2067 3298 2125; x_wconf 86' lang='lat' dir='ltr'><strong>atnputent,</strong></span> <span class='ocrx_word' id='word_1_561' title='bbox 3348 2073 3521 2126; x_wconf 80' lang='lat' dir='ltr'><strong>eaque</strong></span> <span class='ocrx_word' id='word_1_562' title='bbox 3579 2071 3701 2110; x_wconf 80' lang='lat' dir='ltr'><strong>nota</strong></span> 
     </span>
    </p>
   </div>
   <div class='ocr_carea' id='block_1_80' title="bbox 2117 2147 3705 2216">
    <p class='ocr_par' dir='ltr' id='par_1_80' title="bbox 2117 2147 3705 2216">
     <span class='ocr_line' id='line_1_80' title="bbox 2117 2147 3705 2216; baseline -0.001 -15"><span class='ocrx_word' id='word_1_563' title='bbox 2117 2158 2368 2201; x_wconf 84' lang='lat' dir='ltr'><strong>naturain</strong></span> <span class='ocrx_word' id='word_1_564' title='bbox 2403 2147 2656 2211; x_wconf 80' lang='lat' dir='ltr'><strong>alliciant,</strong></span> <span class='ocrx_word' id='word_1_565' title='bbox 2688 2149 3068 2215; x_wconf 80' lang='lat' dir='ltr'><strong>Immineuupie</strong></span> <span class='ocrx_word' id='word_1_566' title='bbox 3100 2149 3241 2201; x_wconf 81' lang='lat' dir='ltr'><strong>inter</strong></span> <span class='ocrx_word' id='word_1_567' title='bbox 3275 2163 3358 2201; x_wconf 90' lang='lat' dir='ltr'>res</span> <span class='ocrx_word' id='word_1_568' title='bbox 3389 2164 3415 2200; x_wconf 90' lang='lat' dir='ltr'>a</span> <span class='ocrx_word' id='word_1_569' title='bbox 3446 2150 3552 2202; x_wconf 85' lang='lat' dir='ltr'><strong>Deo</strong></span> <span class='ocrx_word' id='word_1_570' title='bbox 3583 2162 3705 2216; x_wconf 80' lang='lat' dir='ltr'>pm-</span> 
     </span>
    </p>
   </div>
   <div class='ocr_carea' id='block_1_81' title="bbox 2119 2240 3702 2309">
    <p class='ocr_par' dir='ltr' id='par_1_81' title="bbox 2119 2240 3702 2309">
     <span class='ocr_line' id='line_1_81' title="bbox 2119 2240 3702 2309; baseline -0.001 -16"><span class='ocrx_word' id='word_1_571' title='bbox 2119 2250 2331 2293; x_wconf 85' lang='lat' dir='ltr'><strong>creatas</strong></span> <span class='ocrx_word' id='word_1_572' title='bbox 2354 2240 2863 2307; x_wconf 76' lang='lat' dir='ltr'><strong>pnestantissimum</strong></span> <span class='ocrx_word' id='word_1_573' title='bbox 2894 2240 3163 2305; x_wconf 89' lang='lat' dir='ltr'><strong>mutileut,</strong></span> <span class='ocrx_word' id='word_1_574' title='bbox 3191 2252 3702 2309; x_wconf 78' lang='lat' dir='ltr'><strong>eutnqnc,tauquam</strong></span> 
     </span>
    </p>
   </div>
   <div class='ocr_carea' id='block_1_82' title="bbox 2121 2332 3704 2402">
    <p class='ocr_par' dir='ltr' id='par_1_82' title="bbox 2121 2332 3704 2402">
     <span class='ocr_line' id='line_1_82' title="bbox 2121 2332 3704 2402; baseline -0.001 -17"><span class='ocrx_word' id='word_1_575' title='bbox 2121 2332 2468 2402; x_wconf 76' lang='lat' dir='ltr'><strong>imperfectus</strong></span> <span class='ocrx_word' id='word_1_576' title='bbox 2495 2334 2718 2385; x_wconf 90' lang='lat' dir='ltr'><strong>omnino</strong></span> <span class='ocrx_word' id='word_1_577' title='bbox 2750 2332 2839 2395; x_wconf 87' lang='lat' dir='ltr'><strong>sit,</strong></span> <span class='ocrx_word' id='word_1_578' title='bbox 2878 2344 2969 2384; x_wconf 82' lang='lat' dir='ltr'>aut</span> <span class='ocrx_word' id='word_1_579' title='bbox 3024 2333 3160 2385; x_wconf 87' lang='lat' dir='ltr'><strong>male</strong></span> <span class='ocrx_word' id='word_1_580' title='bbox 3211 2333 3497 2394; x_wconf 86' lang='lat' dir='ltr'><strong>formatus,</strong></span> <span class='ocrx_word' id='word_1_581' title='bbox 3546 2348 3704 2402; x_wconf 85' lang='lat' dir='ltr'><strong>quem</strong></span> 
     </span>
    </p>
   </div>
   <div class='ocr_carea' id='block_1_83' title="bbox 2120 2422 3708 2492">
    <p class='ocr_par' dir='ltr' id='par_1_83' title="bbox 2120 2422 3708 2492">
     <span class='ocr_line' id='line_1_83' title="bbox 2120 2422 3708 2492; baseline 0.002 -17"><span class='ocrx_word' id='word_1_582' title='bbox 2120 2432 2302 2476; x_wconf 85' lang='lat' dir='ltr'><strong>tamen</strong></span> <span class='ocrx_word' id='word_1_583' title='bbox 2341 2422 2426 2475; x_wconf 83' lang='lat' dir='ltr'><strong>ille</strong></span> <span class='ocrx_word' id='word_1_584' title='bbox 2460 2423 2754 2492; x_wconf 87' lang='lat' dir='ltr'><strong>perlectum</strong></span> <span class='ocrx_word' id='word_1_585' title='bbox 2788 2434 2841 2477; x_wconf 90' lang='lat' dir='ltr'>et</span> <span class='ocrx_word' id='word_1_586' title='bbox 2878 2426 3074 2477; x_wconf 78' lang='lat' dir='ltr'><strong>licitum</strong></span> <span class='ocrx_word' id='word_1_587' title='bbox 3132 2424 3280 2488; x_wconf 88' lang='lat' dir='ltr'><strong>fecit,</strong></span> <span class='ocrx_word' id='word_1_588' title='bbox 3336 2426 3612 2491; x_wconf 70' lang='lat' dir='ltr'><strong>corrigunt</strong></span> <span class='ocrx_word' id='word_1_589' title='bbox 3653 2436 3708 2480; x_wconf 89' lang='lat' dir='ltr'>et.</span> 
     </span>
    </p>
   </div>
   <div class='ocr_carea' id='block_1_84' title="bbox 2120 2514 3703 2584">
    <p class='ocr_par' dir='ltr' id='par_1_84' title="bbox 2120 2514 3703 2584">
     <span class='ocr_line' id='line_1_84' title="bbox 2120 2514 3703 2584; baseline 0.002 -19"><span class='ocrx_word' id='word_1_590' title='bbox 2120 2516 2430 2577; x_wconf 86' lang='lat' dir='ltr'><strong>emendent,</strong></span> <span class='ocrx_word' id='word_1_591' title='bbox 2470 2526 2529 2568; x_wconf 93' lang='lat' dir='ltr'><strong>ut</strong></span> <span class='ocrx_word' id='word_1_592' title='bbox 2560 2516 2657 2584; x_wconf 92' lang='lat' dir='ltr'>ipsi</span> <span class='ocrx_word' id='word_1_593' title='bbox 2684 2526 2891 2584; x_wconf 88' lang='lat' dir='ltr'><strong>putant.</strong></span> <span class='ocrx_word' id='word_1_594' title='bbox 2928 2514 3098 2581; x_wconf 88' lang='lat' dir='ltr'><strong>Quem</strong></span> <span class='ocrx_word' id='word_1_595' title='bbox 3148 2528 3326 2570; x_wconf 86' lang='lat' dir='ltr'><strong>tamen</strong></span> <span class='ocrx_word' id='word_1_596' title='bbox 3382 2532 3566 2571; x_wconf 87' lang='lat' dir='ltr'><strong>revera</strong></span> <span class='ocrx_word' id='word_1_597' title='bbox 3588 2535 3703 2568; x_wconf 84' lang='lat' dir='ltr'>mu-</span> 
     </span>
    </p>
   </div>
   <div class='ocr_carea' id='block_1_85' title="bbox 2124 2606 3706 2677">
    <p class='ocr_par' dir='ltr' id='par_1_85' title="bbox 2124 2606 3706 2677">
     <span class='ocr_line' id='line_1_85' title="bbox 2124 2606 3706 2677; baseline 0.003 -19"><span class='ocrx_word' id='word_1_598' title='bbox 2124 2606 2304 2671; x_wconf 84' lang='lat' dir='ltr'><strong>tilant,</strong></span> <span class='ocrx_word' id='word_1_599' title='bbox 2339 2607 2795 2676; x_wconf 72' lang='lat' dir='ltr'><strong>inl&#39;emtndumque</strong></span> <span class='ocrx_word' id='word_1_600' title='bbox 2842 2622 2895 2661; x_wconf 85' lang='lat' dir='ltr'>et</span> <span class='ocrx_word' id='word_1_601' title='bbox 2925 2609 2990 2661; x_wconf 86' lang='lat' dir='ltr'>ad</span> <span class='ocrx_word' id='word_1_602' title='bbox 3028 2611 3419 2677; x_wconf 81' lang='lat' dir='ltr'><strong>procreandum</strong></span> <span class='ocrx_word' id='word_1_603' title='bbox 3464 2611 3706 2663; x_wconf 84' lang='lat' dir='ltr'><strong>inutilent</strong></span> 
     </span>
    </p>
   </div>
   <div class='ocr_carea' id='block_1_86' title="bbox 2127 2700 3707 2772">
    <p class='ocr_par' dir='ltr' id='par_1_86' title="bbox 2127 2700 3707 2772">
     <span class='ocr_line' id='line_1_86' title="bbox 2127 2700 3707 2772; baseline 0.006 -23"><span class='ocrx_word' id='word_1_604' title='bbox 2127 2700 2379 2753; x_wconf 88' lang='lat' dir='ltr'><strong>reddunt.</strong></span> <span class='ocrx_word' id='word_1_605' title='bbox 2412 2702 2571 2767; x_wconf 77' lang='lat' dir='ltr'><strong>Atqui</strong></span> <span class='ocrx_word' id='word_1_606' title='bbox 2607 2701 2717 2753; x_wconf 91' lang='lat' dir='ltr'><strong>divi</strong></span> <span class='ocrx_word' id='word_1_607' title='bbox 2765 2702 2991 2769; x_wconf 81' lang='lat' dir='ltr'><strong>apostoli</strong></span> <span class='ocrx_word' id='word_1_608' title='bbox 3029 2700 3221 2755; x_wconf 83' lang='lat' dir='ltr'><strong>Petrus</strong></span> <span class='ocrx_word' id='word_1_609' title='bbox 3260 2714 3312 2754; x_wconf 74' lang='lat' dir='ltr'>et</span> <span class='ocrx_word' id='word_1_610' title='bbox 3339 2704 3536 2757; x_wconf 81' lang='lat' dir='ltr'><strong>Paulus</strong></span> <span class='ocrx_word' id='word_1_611' title='bbox 3560 2704 3707 2772; x_wconf 87' lang='lat' dir='ltr'><strong>ejus-</strong></span> 
     </span>
    </p>
   </div>
   <div class='ocr_carea' id='block_1_87' title="bbox 2127 2790 3709 2862">
    <p class='ocr_par' dir='ltr' id='par_1_87' title="bbox 2127 2790 3709 2862">
     <span class='ocr_line' id='line_1_87' title="bbox 2127 2790 3709 2862; baseline 0.005 -20"><span class='ocrx_word' id='word_1_612' title='bbox 2127 2790 2267 2842; x_wconf 92' lang='lat' dir='ltr'><strong>modi</strong></span> <span class='ocrx_word' id='word_1_613' title='bbox 2300 2792 2541 2843; x_wconf 77' lang='lat' dir='ltr'><strong>memlira</strong></span> <span class='ocrx_word' id='word_1_614' title='bbox 2564 2793 2678 2845; x_wconf 88' lang='lat' dir='ltr'><strong>suis</strong></span> <span class='ocrx_word' id='word_1_615' title='bbox 2704 2792 2755 2843; x_wconf 93' lang='lat' dir='ltr'>in</span> <span class='ocrx_word' id='word_1_616' title='bbox 2784 2792 3084 2846; x_wconf 90' lang='lat' dir='ltr'><strong>cauouibus</strong></span> <span class='ocrx_word' id='word_1_617' title='bbox 3107 2794 3391 2860; x_wconf 79' lang='lat' dir='ltr'><strong>prohibent</strong></span> <span class='ocrx_word' id='word_1_618' title='bbox 3412 2798 3709 2862; x_wconf 73' lang='lat' dir='ltr'><strong>amputari,</strong></span> 
     </span>
    </p>
   </div>
   <div class='ocr_carea' id='block_1_88' title="bbox 2129 2880 3708 2956">
    <p class='ocr_par' dir='ltr' id='par_1_88' title="bbox 2129 2880 3708 2956">
     <span class='ocr_line' id='line_1_88' title="bbox 2129 2880 3708 2956; baseline 0.004 -24"><span class='ocrx_word' id='word_1_619' title='bbox 2129 2880 2345 2934; x_wconf 87' lang='lat' dir='ltr'><strong>utalios</strong></span> <span class='ocrx_word' id='word_1_620' title='bbox 2376 2881 2564 2935; x_wconf 84' lang='lat' dir='ltr'><strong>Patres</strong></span> <span class='ocrx_word' id='word_1_621' title='bbox 2626 2896 3015 2949; x_wconf 65' lang='lat' dir='ltr'><strong>praetereamus</strong></span> <span class='ocrx_word' id='word_1_622' title='bbox 3066 2893 3119 2937; x_wconf 88' lang='lat' dir='ltr'>et</span> <span class='ocrx_word' id='word_1_623' title='bbox 3173 2886 3579 2953; x_wconf 82' lang='lat' dir='ltr'><strong>legumlatores,</strong></span> <span class='ocrx_word' id='word_1_624' title='bbox 3616 2890 3708 2956; x_wconf 85' lang='lat' dir='ltr'><strong>qui</strong></span> 
     </span>
    </p>
   </div>
   <div class='ocr_carea' id='block_1_89' title="bbox 2128 2969 3707 3047">
    <p class='ocr_par' dir='ltr' id='par_1_89' title="bbox 2128 2969 3707 3047">
     <span class='ocr_line' id='line_1_89' title="bbox 2128 2969 3707 3047; baseline 0.004 -23"><span class='ocrx_word' id='word_1_625' title='bbox 2128 2969 2181 3024; x_wconf 93' lang='lat' dir='ltr'><strong>id</strong></span> <span class='ocrx_word' id='word_1_626' title='bbox 2204 2970 2383 3026; x_wconf 87' lang='lat' dir='ltr'><strong>facere</strong></span> <span class='ocrx_word' id='word_1_627' title='bbox 2433 2973 2695 3028; x_wconf 86' lang='lat' dir='ltr'><strong>audentes</strong></span> <span class='ocrx_word' id='word_1_628' title='bbox 2756 2974 3094 3044; x_wconf 73' lang='lat' dir='ltr'><strong>gravissimis</strong></span> <span class='ocrx_word' id='word_1_629' title='bbox 3136 2976 3367 3030; x_wconf 84' lang='lat' dir='ltr'><strong>multant</strong></span> <span class='ocrx_word' id='word_1_630' title='bbox 3403 2979 3707 3047; x_wconf 84' lang='lat' dir='ltr'>suppliciis.</span> 
     </span>
    </p>
   </div>
   <div class='ocr_carea' id='block_1_90' title="bbox 2197 3242 3713 3319">
    <p class='ocr_par' dir='ltr' id='par_1_90' title="bbox 2197 3242 3713 3319">
     <span class='ocr_line' id='line_1_90' title="bbox 2197 3242 3713 3319; baseline 0.005 -22"><span class='ocrx_word' id='word_1_631' title='bbox 2197 3242 2391 3298; x_wconf 86' lang='lat' dir='ltr'><strong>.lurant</strong></span> <span class='ocrx_word' id='word_1_632' title='bbox 2459 3255 2514 3298; x_wconf 90' lang='lat' dir='ltr'>et</span> <span class='ocrx_word' id='word_1_633' title='bbox 2583 3249 2830 3315; x_wconf 84' lang='lat' dir='ltr'><strong>pejerant</strong></span> <span class='ocrx_word' id='word_1_634' title='bbox 2887 3247 3006 3302; x_wconf 91' lang='lat' dir='ltr'><strong>sine</strong></span> <span class='ocrx_word' id='word_1_635' title='bbox 3075 3248 3184 3301; x_wconf 92' lang='lat' dir='ltr'><strong>ullo</strong></span> <span class='ocrx_word' id='word_1_636' title='bbox 3236 3257 3404 3310; x_wconf 86' lang='lat' dir='ltr'><strong>metu.</strong></span> <span class='ocrx_word' id='word_1_637' title='bbox 3466 3266 3713 3319; x_wconf 83' lang='lat' dir='ltr'><strong>quanms</strong></span> 
     </span>
    </p>
   </div>
   <div class='ocr_carea' id='block_1_91' title="bbox 2130 3332 3713 3402">
    <p class='ocr_par' dir='ltr' id='par_1_91' title="bbox 2130 3332 3713 3402">
     <span class='ocr_line' id='line_1_91' title="bbox 2130 3332 3713 3402; baseline 0.004 -18"><span class='ocrx_word' id='word_1_638' title='bbox 2130 3333 2386 3387; x_wconf 85' lang='lat' dir='ltr'><strong>Dominus</strong></span> <span class='ocrx_word' id='word_1_639' title='bbox 2415 3343 2600 3388; x_wconf 86' lang='lat' dir='ltr'><strong>noster</strong></span> <span class='ocrx_word' id='word_1_640' title='bbox 2628 3332 2783 3389; x_wconf 83' lang='lat' dir='ltr'><strong>Jesus</strong></span> <span class='ocrx_word' id='word_1_641' title='bbox 2817 3334 3069 3391; x_wconf 82' lang='lat' dir='ltr'><strong>Christus</strong></span> <span class='ocrx_word' id='word_1_642' title='bbox 3116 3349 3280 3402; x_wconf 80' lang='lat' dir='ltr'><strong>vetet,</strong></span> <span class='ocrx_word' id='word_1_643' title='bbox 3314 3355 3420 3392; x_wconf 91' lang='lat' dir='ltr'><strong>nou</strong></span> <span class='ocrx_word' id='word_1_644' title='bbox 3451 3342 3625 3394; x_wconf 88' lang='lat' dir='ltr'><strong>solum</strong></span> <span class='ocrx_word' id='word_1_645' title='bbox 3648 3358 3713 3394; x_wconf 71' lang='lat' dir='ltr'>ne.</span> 
     </span>
    </p>
   </div>
   <div class='ocr_carea' id='block_1_92' title="bbox 2127 3424 3713 3497">
    <p class='ocr_par' dir='ltr' id='par_1_92' title="bbox 2127 3424 3713 3497">
     <span class='ocr_line' id='line_1_92' title="bbox 2127 3424 3713 3497; baseline 0.005 -20"><span class='ocrx_word' id='word_1_646' title='bbox 2127 3424 2451 3494; x_wconf 87' lang='lat' dir='ltr'><strong>pejeremus,</strong></span> <span class='ocrx_word' id='word_1_647' title='bbox 2513 3428 2608 3478; x_wconf 85' lang='lat' dir='ltr'>sed</span> <span class='ocrx_word' id='word_1_648' title='bbox 2640 3427 2801 3479; x_wconf 90' lang='lat' dir='ltr'><strong>etiam</strong></span> <span class='ocrx_word' id='word_1_649' title='bbox 2837 3443 2902 3481; x_wconf 89' lang='lat' dir='ltr'>ne</span> <span class='ocrx_word' id='word_1_650' title='bbox 2927 3427 3170 3495; x_wconf 88' lang='lat' dir='ltr'><strong>juremus</strong></span> <span class='ocrx_word' id='word_1_651' title='bbox 3199 3430 3417 3484; x_wconf 87' lang='lat' dir='ltr'><strong>omnino</strong></span> <span class='ocrx_word' id='word_1_652' title='bbox 3459 3432 3499 3484; x_wconf 85' lang='grc'>³.</span> <span class='ocrx_word' id='word_1_653' title='bbox 3558 3431 3713 3497; x_wconf 84' lang='lat' dir='ltr'><strong>Quod</strong></span> 
     </span>
    </p>
   </div>
   <div class='ocr_carea' id='block_1_93' title="bbox 2127 3515 3711 3585">
    <p class='ocr_par' dir='ltr' id='par_1_93' title="bbox 2127 3515 3711 3585">
     <span class='ocr_line' id='line_1_93' title="bbox 2127 3515 3711 3585; baseline 0.004 -17"><span class='ocrx_word' id='word_1_654' title='bbox 2127 3515 2172 3568; x_wconf 88' lang='lat' dir='ltr'><strong>si</strong></span> <span class='ocrx_word' id='word_1_655' title='bbox 2228 3524 2287 3568; x_wconf 92' lang='lat' dir='ltr'><strong>ut</strong></span> <span class='ocrx_word' id='word_1_656' title='bbox 2320 3516 2557 3569; x_wconf 69' lang='lat' dir='ltr'><strong>haeretici</strong></span> <span class='ocrx_word' id='word_1_657' title='bbox 2612 3528 3000 3585; x_wconf 79' lang='lat' dir='ltr'><strong>coarguuntur,</strong></span> <span class='ocrx_word' id='word_1_658' title='bbox 3044 3529 3174 3573; x_wconf 88' lang='lat' dir='ltr'><strong>tunc</strong></span> <span class='ocrx_word' id='word_1_659' title='bbox 3213 3532 3263 3575; x_wconf 84' lang='lat' dir='ltr'><strong>et</strong></span> <span class='ocrx_word' id='word_1_660' title='bbox 3294 3520 3711 3575; x_wconf 77' lang='lat' dir='ltr'><strong>Masalianoruni</strong></span> 
     </span>
    </p>
   </div>
   <div class='ocr_carea' id='block_1_94' title="bbox 2128 3607 3713 3685">
    <p class='ocr_par' dir='ltr' id='par_1_94' title="bbox 2128 3607 3713 3685">
     <span class='ocr_line' id='line_1_94' title="bbox 2128 3607 3713 3685; baseline 0.004 -23"><span class='ocrx_word' id='word_1_661' title='bbox 2128 3607 2287 3662; x_wconf 84' lang='lat' dir='ltr'><strong>tidem</strong></span> <span class='ocrx_word' id='word_1_662' title='bbox 2344 3612 2616 3681; x_wconf 76' lang='lat' dir='ltr'><strong>abnegant</strong></span> <span class='ocrx_word' id='word_1_663' title='bbox 2671 3621 2726 3663; x_wconf 88' lang='lat' dir='ltr'><strong>et</strong></span> <span class='ocrx_word' id='word_1_664' title='bbox 2766 3612 3123 3676; x_wconf 83' lang='lat' dir='ltr'><strong>detestantur,</strong></span> <span class='ocrx_word' id='word_1_665' title='bbox 3187 3613 3713 3685; x_wconf 72' lang='lat' dir='ltr'><strong>abnegationemque</strong></span> 
     </span>
    </p>
   </div>
   <div class='ocr_carea' id='block_1_95' title="bbox 2125 3697 3714 3773">
    <p class='ocr_par' dir='ltr' id='par_1_95' title="bbox 2125 3697 3714 3773">
     <span class='ocr_line' id='line_1_95' title="bbox 2125 3697 3714 3773; baseline 0.002 -22"><span class='ocrx_word' id='word_1_666' title='bbox 2125 3697 2475 3767; x_wconf 80' lang='lat' dir='ltr'><strong>jurejurando</strong></span> <span class='ocrx_word' id='word_1_667' title='bbox 2509 3700 2851 3762; x_wconf 86' lang='lat' dir='ltr'><strong>contirmaut,</strong></span> <span class='ocrx_word' id='word_1_668' title='bbox 2900 3716 3066 3770; x_wconf 76' lang='lat' dir='ltr'><strong>seque</strong></span> <span class='ocrx_word' id='word_1_669' title='bbox 3103 3702 3247 3755; x_wconf 91' lang='lat' dir='ltr'><strong>nullo</strong></span> <span class='ocrx_word' id='word_1_670' title='bbox 3298 3705 3458 3757; x_wconf 87' lang='lat' dir='ltr'><strong>modo</strong></span> <span class='ocrx_word' id='word_1_671' title='bbox 3490 3720 3714 3773; x_wconf 73' lang='lat' dir='ltr'><strong>peccare</strong></span> 
     </span>
    </p>
   </div>
   <div class='ocr_carea' id='block_1_96' title="bbox 2129 3791 3712 3862">
    <p class='ocr_par' dir='ltr' id='par_1_96' title="bbox 2129 3791 3712 3862">
     <span class='ocr_line' id='line_1_96' title="bbox 2129 3791 3712 3862; baseline 0.003 -19"><span class='ocrx_word' id='word_1_672' title='bbox 2129 3800 2339 3857; x_wconf 86' lang='lat' dir='ltr'><strong>putant,</strong></span> <span class='ocrx_word' id='word_1_673' title='bbox 2376 3791 2519 3859; x_wconf 89' lang='lat' dir='ltr'><strong>quod</strong></span> <span class='ocrx_word' id='word_1_674' title='bbox 2570 3792 2896 3846; x_wconf 86' lang='lat' dir='ltr'><strong>necessitate</strong></span> <span class='ocrx_word' id='word_1_675' title='bbox 2939 3791 3112 3846; x_wconf 89' lang='lat' dir='ltr'><strong>coacti</strong></span> <span class='ocrx_word' id='word_1_676' title='bbox 3164 3793 3273 3847; x_wconf 89' lang='lat' dir='ltr'><strong>sint</strong></span> <span class='ocrx_word' id='word_1_677' title='bbox 3323 3802 3376 3845; x_wconf 85' lang='lat' dir='ltr'>et</span> <span class='ocrx_word' id='word_1_678' title='bbox 3407 3798 3712 3862; x_wconf 66' lang='lat' dir='ltr'><strong>t&#39;ogettliunt</strong></span> 
     </span>
    </p>
   </div>
   <div class='ocr_carea' id='block_1_97' title="bbox 2130 3880 3712 3951">
    <p class='ocr_par' dir='ltr' id='par_1_97' title="bbox 2130 3880 3712 3951">
     <span class='ocr_line' id='line_1_97' title="bbox 2130 3880 3712 3951; baseline 0.003 -20"><span class='ocrx_word' id='word_1_679' title='bbox 2130 3891 2299 3933; x_wconf 91' lang='lat' dir='ltr'><strong>metu.</strong></span> <span class='ocrx_word' id='word_1_680' title='bbox 2350 3880 2499 3933; x_wconf 86' lang='lat' dir='ltr'><strong>Alias</strong></span> <span class='ocrx_word' id='word_1_681' title='bbox 2540 3890 2800 3947; x_wconf 58' lang='lat' dir='ltr'><strong>prieterea</strong></span> <span class='ocrx_word' id='word_1_682' title='bbox 2832 3897 3003 3951; x_wconf 80' lang='lat' dir='ltr'><strong>nugas</strong></span> <span class='ocrx_word' id='word_1_683' title='bbox 3068 3884 3383 3951; x_wconf 83' lang='lat' dir='ltr'><strong>confingunt</strong></span> <span class='ocrx_word' id='word_1_684' title='bbox 3438 3900 3558 3951; x_wconf 73' lang='lat' dir='ltr'><strong>quze</strong></span> <span class='ocrx_word' id='word_1_685' title='bbox 3606 3896 3712 3936; x_wconf 88' lang='lat' dir='ltr'>tam</span> 
     </span>
    </p>
   </div>
   <div class='ocr_carea' id='block_1_98' title="bbox 2131 3971 3716 4044">
    <p class='ocr_par' dir='ltr' id='par_1_98' title="bbox 2131 3971 3716 4044">
     <span class='ocr_line' id='line_1_98' title="bbox 2131 3971 3716 4044; baseline 0.004 -22"><span class='ocrx_word' id='word_1_686' title='bbox 2131 3971 2286 4025; x_wconf 82' lang='lat' dir='ltr'><strong>facile</strong></span> <span class='ocrx_word' id='word_1_687' title='bbox 2327 3972 2594 4025; x_wconf 75' lang='lat' dir='ltr'><strong>confutari</strong></span> <span class='ocrx_word' id='word_1_688' title='bbox 2658 3975 2939 4041; x_wconf 87' lang='lat' dir='ltr'><strong>evertique</strong></span> <span class='ocrx_word' id='word_1_689' title='bbox 2979 3987 3229 4043; x_wconf 78' lang='lat' dir='ltr'><strong>possunt,</strong></span> <span class='ocrx_word' id='word_1_690' title='bbox 3289 3987 3346 4028; x_wconf 90' lang='lat' dir='ltr'>ut</span> <span class='ocrx_word' id='word_1_691' title='bbox 3386 3992 3477 4029; x_wconf 78' lang='lat' dir='ltr'>eas</span> <span class='ocrx_word' id='word_1_692' title='bbox 3539 3977 3716 4044; x_wconf 68' lang='lat' dir='ltr'><strong>pigeat</strong></span> 
     </span>
    </p>
   </div>
   <div class='ocr_carea' id='block_1_99' title="bbox 2129 4079 2578 4119">
    <p class='ocr_par' dir='ltr' id='par_1_99' title="bbox 2129 4079 2578 4119">
     <span class='ocr_line' id='line_1_99' title="bbox 2129 4079 2578 4119; baseline -0.002 0"><span class='ocrx_word' id='word_1_693' title='bbox 2129 4079 2245 4119; x_wconf 75' lang='lat' dir='ltr'>COIII</span> <span class='ocrx_word' id='word_1_694' title='bbox 2256 4080 2491 4118; x_wconf 85' lang='lat' dir='ltr'><strong>memora</strong></span> <span class='ocrx_word' id='word_1_695' title='bbox 2503 4080 2578 4118; x_wconf 87' lang='lat' dir='ltr'>re.</span> 
     </span>
    </p>
   </div>
   <div class='ocr_carea' id='block_1_100' title="bbox 2635 4196 3188 4256">
    <p class='ocr_par' dir='ltr' id='par_1_100' title="bbox 2635 4196 3188 4256">
     <span class='ocr_line' id='line_1_100' title="bbox 2635 4196 3188 4256; baseline 0.013 -7"><span class='ocrx_word' id='word_1_696' title='bbox 2635 4196 2939 4254; x_wconf 82' lang='lat' dir='ltr'>TITULUS</span> <span class='ocrx_word' id='word_1_697' title='bbox 2979 4200 3188 4256; x_wconf 73' lang='lat' dir='ltr'>XXVII.</span> 
     </span>
    </p>
   </div>
   <div class='ocr_carea' id='block_1_101' title="bbox 2132 4292 3715 4365">
    <p class='ocr_par' dir='ltr' id='par_1_101' title="bbox 2132 4292 3715 4365">
     <span class='ocr_line' id='line_1_101' title="bbox 2132 4292 3715 4365; baseline 0.003 -20"><span class='ocrx_word' id='word_1_698' title='bbox 2132 4294 2395 4347; x_wconf 74' lang='lat' dir='ltr'><strong>Adversus</strong></span> <span class='ocrx_word' id='word_1_699' title='bbox 2463 4292 2791 4361; x_wconf 77' lang='lat' dir='ltr'><strong>Bogontilus.</strong></span> <span class='ocrx_word' id='word_1_700' title='bbox 2831 4311 2849 4344; x_wconf 87' lang='grc' dir='ltr'>ι</span> <span class='ocrx_word' id='word_1_701' title='bbox 2890 4293 3000 4362; x_wconf 85' lang='lat' dir='ltr'>Bog</span> <span class='ocrx_word' id='word_1_702' title='bbox 3043 4314 3060 4345; x_wconf 75' lang='grc' dir='ltr'>ι</span> <span class='ocrx_word' id='word_1_703' title='bbox 3126 4306 3302 4348; x_wconf 69' lang='lat' dir='ltr'><strong>autem</strong></span> <span class='ocrx_word' id='word_1_704' title='bbox 3362 4296 3715 4365; x_wconf 74' lang='lat' dir='ltr'><strong>Bulgarorum</strong></span> 
     </span>
    </p>
   </div>
   <div class='ocr_carea' id='block_1_102' title="bbox 2201 4365 3711 4433">
    <p class='ocr_par' dir='ltr' id='par_1_102' title="bbox 2201 4365 3711 4433">
     <span class='ocr_line' id='line_1_102' title="bbox 2201 4365 3711 4433; baseline 0.003 -18"><span class='ocrx_word' id='word_1_705' title='bbox 2201 4366 2381 4433; x_wconf 80' lang='lat' dir='ltr'>lingua</span> <span class='ocrx_word' id='word_1_706' title='bbox 2416 4382 2433 4413; x_wconf 81' lang='grc' dir='ltr'>ι</span> <span class='ocrx_word' id='word_1_707' title='bbox 2459 4365 2619 4415; x_wconf 84' lang='lat' dir='ltr'><strong>Deum</strong></span> <span class='ocrx_word' id='word_1_708' title='bbox 2646 4384 2661 4412; x_wconf 73' lang='grc' dir='ltr'>ι</span> <span class='ocrx_word' id='word_1_709' title='bbox 2688 4365 3005 4431; x_wconf 72' lang='lat' dir='ltr'><strong>significat.&lt;</strong></span> <span class='ocrx_word' id='word_1_710' title='bbox 3028 4366 3199 4418; x_wconf 64' lang='lat' dir='ltr'><strong>Mileti</strong></span> <span class='ocrx_word' id='word_1_711' title='bbox 3230 4372 3711 4429; x_wconf 66' lang='lat' dir='ltr'><strong>vero,tmiscrere.n</strong></span> 
     </span>
    </p>
   </div>
   <div class='ocr_carea' id='block_1_103' title="bbox 2202 4433 3720 4504">
    <p class='ocr_par' dir='ltr' id='par_1_103' title="bbox 2202 4433 3720 4504">
     <span class='ocr_line' id='line_1_103' title="bbox 2202 4433 3720 4504; baseline 0.004 -20"><span class='ocrx_word' id='word_1_712' title='bbox 2202 4444 2258 4485; x_wconf 83' lang='lat' dir='ltr'><strong>ut</strong></span> <span class='ocrx_word' id='word_1_713' title='bbox 2299 4452 2315 4483; x_wconf 85' lang='grc' dir='ltr'>ι</span> <span class='ocrx_word' id='word_1_714' title='bbox 2360 4433 2659 4500; x_wconf 69' lang='lat' dir='ltr'><strong>Bogomilus</strong></span> <span class='ocrx_word' id='word_1_715' title='bbox 2703 4454 2719 4483; x_wconf 72' lang='grc' dir='ltr'>ι</span> <span class='ocrx_word' id='word_1_716' title='bbox 2755 4434 2895 4501; x_wconf 76' lang='lat' dir='ltr'><strong>apud</strong></span> <span class='ocrx_word' id='word_1_717' title='bbox 2959 4451 3045 4487; x_wconf 83' lang='lat' dir='ltr'>eos</span> <span class='ocrx_word' id='word_1_718' title='bbox 3068 4437 3110 4488; x_wconf 78' lang='lat' dir='ltr'>is</span> <span class='ocrx_word' id='word_1_719' title='bbox 3144 4438 3209 4489; x_wconf 82' lang='lat' dir='ltr'>sit</span> <span class='ocrx_word' id='word_1_720' title='bbox 3254 4439 3343 4504; x_wconf 82' lang='lat' dir='ltr'>qui</span> <span class='ocrx_word' id='word_1_721' title='bbox 3394 4438 3484 4490; x_wconf 80' lang='lat' dir='ltr'><strong>Dei</strong></span> <span class='ocrx_word' id='word_1_722' title='bbox 3512 4442 3720 4490; x_wconf 75' lang='lat' dir='ltr'><strong>miseri-</strong></span> 
     </span>
    </p>
   </div>
   <div class='ocr_carea' id='block_1_104' title="bbox 2205 4504 2729 4570">
    <p class='ocr_par' dir='ltr' id='par_1_104' title="bbox 2205 4504 2729 4570">
     <span class='ocr_line' id='line_1_104' title="bbox 2205 4504 2729 4570; baseline 0 -15"><span class='ocrx_word' id='word_1_723' title='bbox 2205 4505 2437 4556; x_wconf 83' lang='lat' dir='ltr'><strong>cordiam</strong></span> <span class='ocrx_word' id='word_1_724' title='bbox 2461 4504 2729 4570; x_wconf 74' lang='lat' dir='ltr'><strong>implorat.</strong></span> 
     </span>
    </p>
   </div>
   <div class='ocr_carea' id='block_1_105' title="bbox 2204 4619 3715 4689">
    <p class='ocr_par' dir='ltr' id='par_1_105' title="bbox 2204 4619 3715 4689">
     <span class='ocr_line' id='line_1_105' title="bbox 2204 4619 3715 4689; baseline 0 -16"><span class='ocrx_word' id='word_1_725' title='bbox 2204 4619 2599 4689; x_wconf 79' lang='lat' dir='ltr'><strong>Bogoniilorum</strong></span> <span class='ocrx_word' id='word_1_726' title='bbox 2636 4619 2861 4671; x_wconf 68' lang='lat' dir='ltr'><strong>limresis</strong></span> <span class='ocrx_word' id='word_1_727' title='bbox 2907 4619 3049 4671; x_wconf 84' lang='lat' dir='ltr'><strong>haud</strong></span> <span class='ocrx_word' id='word_1_728' title='bbox 3094 4619 3264 4671; x_wconf 89' lang='lat' dir='ltr'><strong>multo</strong></span> <span class='ocrx_word' id='word_1_729' title='bbox 3317 4630 3440 4671; x_wconf 88' lang='lat' dir='ltr'><strong>ante</strong></span> <span class='ocrx_word' id='word_1_730' title='bbox 3485 4621 3715 4682; x_wconf 74' lang='lat' dir='ltr'><strong>exstitit.</strong></span> 
     </span>
    </p>
   </div>
   <div class='ocr_carea' id='block_1_106' title="bbox 2128 4704 3719 4777">
    <p class='ocr_par' dir='ltr' id='par_1_106' title="bbox 2128 4704 3719 4777">
     <span class='ocr_line' id='line_1_106' title="bbox 2128 4704 3719 4777; baseline -0.004 -12"><span class='ocrx_word' id='word_1_731' title='bbox 2128 4722 2285 4765; x_wconf 72' lang='lat' dir='ltr'><strong>a-tate</strong></span> <span class='ocrx_word' id='word_1_732' title='bbox 2322 4721 2526 4773; x_wconf 86' lang='lat' dir='ltr'><strong>nostra,</strong></span> <span class='ocrx_word' id='word_1_733' title='bbox 2576 4704 3103 4777; x_wconf 64' lang='lat' dir='ltr'><strong>Masaliituorumqne</strong></span> <span class='ocrx_word' id='word_1_734' title='bbox 3132 4724 3257 4777; x_wconf 85' lang='lat' dir='ltr'><strong>pars</strong></span> <span class='ocrx_word' id='word_1_735' title='bbox 3282 4710 3399 4771; x_wconf 88' lang='lat' dir='ltr'><strong>fuit,</strong></span> <span class='ocrx_word' id='word_1_736' title='bbox 3449 4722 3504 4764; x_wconf 88' lang='lat' dir='ltr'><strong>et</strong></span> <span class='ocrx_word' id='word_1_737' title='bbox 3532 4712 3719 4763; x_wconf 56' lang='lat' dir='ltr'><strong>multis</strong></span> 
     </span>
    </p>
   </div>
   <div class='ocr_carea' id='block_1_107' title="bbox 2132 4802 3720 4872">
    <p class='ocr_par' dir='ltr' id='par_1_107' title="bbox 2132 4802 3720 4872">
     <span class='ocr_line' id='line_1_107' title="bbox 2132 4802 3720 4872; baseline -0.001 -15"><span class='ocrx_word' id='word_1_738' title='bbox 2132 4805 2183 4857; x_wconf 93' lang='lat' dir='ltr'><strong>in</strong></span> <span class='ocrx_word' id='word_1_739' title='bbox 2204 4806 2365 4858; x_wconf 86' lang='lat' dir='ltr'><strong>rebus</strong></span> <span class='ocrx_word' id='word_1_740' title='bbox 2411 4802 2668 4857; x_wconf 86' lang='lat' dir='ltr'><strong>convenit</strong></span> <span class='ocrx_word' id='word_1_741' title='bbox 2696 4817 2817 4854; x_wconf 82' lang='lat' dir='ltr'>(‘Ulll</span> <span class='ocrx_word' id='word_1_742' title='bbox 2879 4802 3091 4854; x_wconf 90' lang='lat' dir='ltr'><strong>illorum</strong></span> <span class='ocrx_word' id='word_1_743' title='bbox 3150 4802 3429 4867; x_wconf 86' lang='lat' dir='ltr'><strong>institutis,</strong></span> <span class='ocrx_word' id='word_1_744' title='bbox 3474 4807 3720 4872; x_wconf 70' lang='lat' dir='ltr'><strong>quaedam</strong></span> 
     </span>
    </p>
   </div>
   <div class='ocr_carea' id='block_1_108' title="bbox 2131 4896 3717 4965">
    <p class='ocr_par' dir='ltr' id='par_1_108' title="bbox 2131 4896 3717 4965">
     <span class='ocr_line' id='line_1_108' title="bbox 2131 4896 3717 4965; baseline -0.001 -16"><span class='ocrx_word' id='word_1_745' title='bbox 2131 4908 2314 4950; x_wconf 86' lang='lat' dir='ltr'><strong>tamen</strong></span> <span class='ocrx_word' id='word_1_746' title='bbox 2345 4899 2459 4965; x_wconf 86' lang='lat' dir='ltr'><strong>ipsa</strong></span> <span class='ocrx_word' id='word_1_747' title='bbox 2491 4911 2705 4964; x_wconf 70' lang='lat' dir='ltr'><strong>quoque</strong></span> <span class='ocrx_word' id='word_1_748' title='bbox 2726 4896 3077 4963; x_wconf 76' lang='lat' dir='ltr'><strong>excogitavit,</strong></span> <span class='ocrx_word' id='word_1_749' title='bbox 3119 4906 3172 4946; x_wconf 90' lang='lat' dir='ltr'>et</span> <span class='ocrx_word' id='word_1_750' title='bbox 3190 4908 3416 4963; x_wconf 83' lang='lat' dir='ltr'><strong>&#39;pestctn</strong></span> <span class='ocrx_word' id='word_1_751' title='bbox 3478 4897 3717 4949; x_wconf 76' lang='lat' dir='ltr'><strong>adauxit.</strong></span> 
     </span>
    </p>
   </div>
   <div class='ocr_carea' id='block_1_109' title="bbox 2130 4985 3723 5055">
    <p class='ocr_par' dir='ltr' id='par_1_109' title="bbox 2130 4985 3723 5055">
     <span class='ocr_line' id='line_1_109' title="bbox 2130 4985 3723 5055; baseline 0.001 -15"><span class='ocrx_word' id='word_1_752' title='bbox 2130 4985 2403 5040; x_wconf 83' lang='lat' dir='ltr'><strong>Patefaeta</strong></span> <span class='ocrx_word' id='word_1_753' title='bbox 2433 4997 2517 5040; x_wconf 88' lang='lat' dir='ltr'>est</span> <span class='ocrx_word' id='word_1_754' title='bbox 2546 4995 2728 5039; x_wconf 89' lang='lat' dir='ltr'><strong>autem</strong></span> <span class='ocrx_word' id='word_1_755' title='bbox 2779 4986 2971 5039; x_wconf 76' lang='lat' dir='ltr'><strong>Alexio</strong></span> <span class='ocrx_word' id='word_1_756' title='bbox 3007 4985 3340 5055; x_wconf 78' lang='lat' dir='ltr'><strong>imperatore</strong></span> <span class='ocrx_word' id='word_1_757' title='bbox 3400 4998 3585 5041; x_wconf 87' lang='lat' dir='ltr'><strong>nostro</strong></span> <span class='ocrx_word' id='word_1_758' title='bbox 3638 5004 3723 5042; x_wconf 82' lang='lat' dir='ltr'><strong>re-</strong></span> 
     </span>
    </p>
   </div>
   <div class='ocr_carea' id='block_1_110' title="bbox 2131 5080 3725 5153">
    <p class='ocr_par' dir='ltr' id='par_1_110' title="bbox 2131 5080 3725 5153">
     <span class='ocr_line' id='line_1_110' title="bbox 2131 5080 3725 5153; baseline 0.002 -20"><span class='ocrx_word' id='word_1_759' title='bbox 2131 5091 2351 5153; x_wconf 80' lang='lat' dir='ltr'><strong>gnante,</strong></span> <span class='ocrx_word' id='word_1_760' title='bbox 2398 5082 2489 5149; x_wconf 84' lang='lat' dir='ltr'><strong>qui</strong></span> <span class='ocrx_word' id='word_1_761' title='bbox 2558 5080 2650 5134; x_wconf 90' lang='lat' dir='ltr'>Dei</span> <span class='ocrx_word' id='word_1_762' title='bbox 2685 5081 2904 5133; x_wconf 87' lang='lat' dir='ltr'><strong>numine</strong></span> <span class='ocrx_word' id='word_1_763' title='bbox 2953 5081 3307 5149; x_wconf 80' lang='lat' dir='ltr'><strong>gubernatus,</strong></span> <span class='ocrx_word' id='word_1_764' title='bbox 3371 5083 3623 5147; x_wconf 86' lang='lat' dir='ltr'><strong>prudcn&#39;i</strong></span> <span class='ocrx_word' id='word_1_765' title='bbox 3671 5094 3725 5136; x_wconf 76' lang='lat' dir='ltr'>et</span> 
     </span>
    </p>
   </div>
   <div class='ocr_carea' id='block_1_111' title="bbox 2134 5158 3722 5243">
    <p class='ocr_par' dir='ltr' id='par_1_111' title="bbox 2134 5158 3722 5243">
     <span class='ocr_line' id='line_1_111' title="bbox 2134 5158 3722 5243; baseline -0.001 -15"><span class='ocrx_word' id='word_1_766' title='bbox 2134 5175 2441 5228; x_wconf 88' lang='lat' dir='ltr'><strong>admirabili</strong></span> <span class='ocrx_word' id='word_1_767' title='bbox 2476 5174 2687 5229; x_wconf 84' lang='lat' dir='ltr'><strong>ratione</strong></span> <span class='ocrx_word' id='word_1_768' title='bbox 2718 5173 3017 5243; x_wconf 88' lang='lat' dir='ltr'><strong>principem</strong></span> <span class='ocrx_word' id='word_1_769' title='bbox 3048 5174 3190 5227; x_wconf 91' lang='lat' dir='ltr'><strong>illius</strong></span> <span class='ocrx_word' id='word_1_770' title='bbox 3224 5185 3450 5229; x_wconf 82' lang='lat' dir='ltr'><strong>venatus</strong></span> <span class='ocrx_word' id='word_1_771' title='bbox 3484 5158 3567 5230; x_wconf 81' lang='lat' dir='ltr'>est</span> <span class='ocrx_word' id='word_1_772' title='bbox 3627 5175 3722 5227; x_wconf 77' lang='lat' dir='ltr'><strong>llit:</strong></span> 
     </span>
    </p>
   </div>
   <div class='ocr_carea' id='block_1_112' title="bbox 2133 5266 3723 5336">
    <p class='ocr_par' dir='ltr' id='par_1_112' title="bbox 2133 5266 3723 5336">
     <span class='ocr_line' id='line_1_112' title="bbox 2133 5266 3723 5336; baseline 0.001 -15"><span class='ocrx_word' id='word_1_773' title='bbox 2133 5280 2253 5321; x_wconf 86' lang='lat' dir='ltr'><strong>erat</strong></span> <span class='ocrx_word' id='word_1_774' title='bbox 2281 5266 2515 5321; x_wconf 86' lang='lat' dir='ltr'><strong>Basilius</strong></span> <span class='ocrx_word' id='word_1_775' title='bbox 2560 5266 2780 5335; x_wconf 89' lang='lat' dir='ltr'><strong>quidam</strong></span> <span class='ocrx_word' id='word_1_776' title='bbox 2838 5266 3098 5327; x_wconf 82' lang='lat' dir='ltr'><strong>medicus.</strong></span> <span class='ocrx_word' id='word_1_777' title='bbox 3134 5268 3296 5321; x_wconf 84' lang='lat' dir='ltr'><strong>homo</strong></span> <span class='ocrx_word' id='word_1_778' title='bbox 3357 5270 3723 5336; x_wconf 75' lang='lat' dir='ltr'><strong>perniciosus.</strong></span> 
     </span>
    </p>
   </div>
   <div class='ocr_carea' id='block_1_113' title="bbox 2136 5355 3724 5425">
    <p class='ocr_par' dir='ltr' id='par_1_113' title="bbox 2136 5355 3724 5425">
     <span class='ocr_line' id='line_1_113' title="bbox 2136 5355 3724 5425; baseline 0 -15"><span class='ocrx_word' id='word_1_779' title='bbox 2136 5366 2297 5425; x_wconf 63' lang='lat' dir='ltr'><strong>atque</strong></span> <span class='ocrx_word' id='word_1_780' title='bbox 2335 5356 2575 5423; x_wconf 88' lang='lat' dir='ltr'><strong>pestifer,</strong></span> <span class='ocrx_word' id='word_1_781' title='bbox 2603 5365 2657 5408; x_wconf 88' lang='lat' dir='ltr'>et</span> <span class='ocrx_word' id='word_1_782' title='bbox 2685 5355 3007 5423; x_wconf 73' lang='lat' dir='ltr'><strong>corruptela:</strong></span> <span class='ocrx_word' id='word_1_783' title='bbox 3034 5358 3249 5424; x_wconf 89' lang='lat' dir='ltr'><strong>plenus,</strong></span> <span class='ocrx_word' id='word_1_784' title='bbox 3270 5370 3434 5424; x_wconf 83' lang='lat' dir='ltr'><strong>atque</strong></span> <span class='ocrx_word' id='word_1_785' title='bbox 3462 5358 3724 5410; x_wconf 83' lang='lat' dir='ltr'><strong>malorum</strong></span> 
     </span>
    </p>
   </div>
   <div class='ocr_carea' id='block_1_114' title="bbox 2135 5449 3727 5518">
    <p class='ocr_par' dir='ltr' id='par_1_114' title="bbox 2135 5449 3727 5518">
     <span class='ocr_line' id='line_1_114' title="bbox 2135 5449 3727 5518; baseline 0.002 -17"><span class='ocrx_word' id='word_1_786' title='bbox 2135 5450 2375 5501; x_wconf 89' lang='lat' dir='ltr'><strong>omnimn</strong></span> <span class='ocrx_word' id='word_1_787' title='bbox 2412 5449 2852 5503; x_wconf 83' lang='lat' dir='ltr'><strong>instrumentum.</strong></span> <span class='ocrx_word' id='word_1_788' title='bbox 2883 5451 3054 5516; x_wconf 86' lang='lat' dir='ltr'><strong>Quem</strong></span> <span class='ocrx_word' id='word_1_789' title='bbox 3093 5450 3387 5518; x_wconf 80' lang='lat' dir='ltr'><strong>imperator</strong></span> <span class='ocrx_word' id='word_1_790' title='bbox 3415 5467 3539 5504; x_wconf 83' lang='lat' dir='ltr'><strong>cun:</strong></span> <span class='ocrx_word' id='word_1_791' title='bbox 3572 5450 3637 5503; x_wconf 77' lang='lat' dir='ltr'>ad</span> <span class='ocrx_word' id='word_1_792' title='bbox 3669 5467 3727 5504; x_wconf 82' lang='lat' dir='ltr'><strong>se</strong></span> 
     </span>
    </p>
   </div>
   <div class='ocr_carea' id='block_1_115' title="bbox 2138 5541 3728 5612">
    <p class='ocr_par' dir='ltr' id='par_1_115' title="bbox 2138 5541 3728 5612">
     <span class='ocr_line' id='line_1_115' title="bbox 2138 5541 3728 5612; baseline 0.001 -17"><span class='ocrx_word' id='word_1_793' title='bbox 2138 5544 2478 5606; x_wconf 83' lang='lat' dir='ltr'><strong>accersisset,</strong></span> <span class='ocrx_word' id='word_1_794' title='bbox 2537 5541 2941 5611; x_wconf 80' lang='lat' dir='ltr'><strong>lionoriliceque</strong></span> <span class='ocrx_word' id='word_1_795' title='bbox 2998 5542 3352 5612; x_wconf 79' lang='lat' dir='ltr'><strong>suscepisset,</strong></span> <span class='ocrx_word' id='word_1_796' title='bbox 3378 5544 3728 5611; x_wconf 82' lang='lat' dir='ltr'><strong>assidereque</strong></span> 
     </span>
    </p>
   </div>
   <div class='ocr_carea' id='block_1_116' title="bbox 2140 5634 3725 5705">
    <p class='ocr_par' dir='ltr' id='par_1_116' title="bbox 2140 5634 3725 5705">
     <span class='ocr_line' id='line_1_116' title="bbox 2140 5634 3725 5705; baseline 0 -16"><span class='ocrx_word' id='word_1_797' title='bbox 2140 5635 2382 5699; x_wconf 85' lang='lat' dir='ltr'><strong>fecisset,</strong></span> <span class='ocrx_word' id='word_1_798' title='bbox 2427 5635 2669 5704; x_wconf 86' lang='lat' dir='ltr'><strong>jucunde</strong></span> <span class='ocrx_word' id='word_1_799' title='bbox 2718 5634 3066 5703; x_wconf 77' lang='lat' dir='ltr'><strong>benigneque</strong></span> <span class='ocrx_word' id='word_1_800' title='bbox 3118 5635 3411 5701; x_wconf 78' lang='lat' dir='ltr'><strong>allocutus,</strong></span> <span class='ocrx_word' id='word_1_801' title='bbox 3468 5634 3725 5705; x_wconf 85' lang='lat' dir='ltr'><strong>dulcique</strong></span> 
     </span>
    </p>
   </div>
   <div class='ocr_carea' id='block_1_117' title="bbox 3210 5910 3287 5974">
    <p class='ocr_par' dir='ltr' id='par_1_117' title="bbox 3210 5910 3287 5974">
     <span class='ocr_line' id='line_1_117' title="bbox 3210 5910 3287 5974; baseline 0.026 -2"><span class='ocrx_word' id='word_1_802' title='bbox 3210 5910 3287 5974; x_wconf 79' lang='grc'>41</span> 
     </span>
    </p>
   </div>
  </div>
