4420 6462
708 425 840 489 1:291

1957 431 2335 488 EUTHYMH
2383 430 2738 490 ZlG.\BENl

3857 439 3989 501 1292

703 544 876 611 ιμἐιιίυ
911 559 1031 594 cum
1067 542 1154 592 illo
1203 541 1505 606 disputans,
1541 553 1708 605 seque
1736 539 2032 606 prudcrler
2056 540 2292 606 discipu—
2321 544 2364 597 Α
2398 542 2444 592 λί

2238 555 2292 588 u—
2321 544 2364 597 Α
2398 542 2536 602 λίας,
2581 545 2676 595 καὶ
2714 546 2970 611 γλυκείας,
2999 586 3012 608 ,
3057 549 3114 598 έν
3149 547 3215 616 τῷ
3243 547 3700 614 προδιαλέγεσθαι
3744 549 3983 618 χάριτος.

703 636 810 687 lum
846 633 1110 687 simulans
1165 631 1321 684 facile
1376 631 1606 697 decepit,
1652 645 1774 684 cum
1820 629 1930 698 jam
1976 629 2063 682 ille
2102 629 2296 681 multos

699 727 1004 792 perniciose
1054 724 1370 789 decepisset,
1417 737 1742 789 omnemque
1777 722 1827 774 in
1886 722 2083 789 putridi
2141 734 2295 773 exse-

698 817 1002 882 crandique
1025 816 1172 867 senis
1201 829 1403 866 arcano
1438 813 1773 866 reconditam
1822 812 2107 870 malitiam,
2149 825 2294 863 men-

701 909 767 959 tis
794 908 1042 958 acumine
1077 916 1130 959 et
1159 916 1366 958 natura:
1388 905 1648 959 facilitate
1667 905 1887 968 detexit,
1923 905 2050 957 nihil
2071 905 2292 957 omnino

699 999 1015 1068 relinquens
1039 1001 1181 1066 quod
1209 1013 1315 1050 non
1358 998 1708 1066 iuvestigaret
1739 1007 1901 1064 atque
1938 998 2289 1064 perspiceret.

697 1089 795 1143 Hie
828 1091 994 1157 igitur
1023 1091 1074 1141 itt
1113 1089 1454 1141 tenebricoso
1503 1089 1849 1155 uugacissimi
1887 1087 2290 1155 perniciosique

693 1184 839 1236 senis
869 1184 1055 1244 corde,
1097 1191 1353 1249 tauquam
1398 1183 1448 1232 in
1489 1180 1695 1234 latebra
1756 1179 2010 1247 quadam,
2048 1179 2290 1233 diversas

693 1275 982 1340 Variusque
1007 1274 1170 1334 feras,
1211 1271 1470 1336 nefarias,
1524 1283 1837 1334 venenatas,
1890 1282 2052 1336 atque
2109 1269 2292 1322 multi-

695 1367 860 1432 plices
886 1368 1176 1433 opiniones
1210 1366 1512 1426 latitantes,
1540 1365 1757 1430 ingenio
1797 1362 2168 1430 sapientiaque
2189 1375 2283 1414 sua

694 1458 1068 1526 deprehendit,
1097 1458 1148 1509 iu
1190 1468 1545 1525 apertumque
1577 1455 1818 1524 protulit.
1853 1455 1916 1506 Et
1954 1453 2284 1519 mihijussit,

693 1547 990 1600 utridicula
1022 1546 1179 1597 iSIius
1233 1545 1456 1597 lneresis
1497 1544 1754 1613 mysteria
1803 1545 2066 1612 patelacta
2122 1551 2284 1610 atque

690 1639 938 1692 convicta
967 1637 1268 1690 litterarum
1299 1636 1667 1688 monumentis
1696 1634 2031 1687 mandarem.

761 1909 809 1958 -l.
851 1905 1120 1973 ltejiciuut
1149 1917 1338 1957 omnes
1365 1903 1528 1954 libros
1556 1899 1845 1958 Mosaicos.
1873 1915 1977 1953 una
2007 1914 2126 1953 cum
2158 1898 2285 1962 Deo,
2320 1893 2362 1950 Β

687 1999 777 2066 qui
810 2000 859 2050 iu
899 2000 1028 2064 ipsis
1057 2006 1413 2054 memoratur,
1442 1995 1682 2061 virisque
1709 1993 1891 2061 justis,
1926 1993 2016 2059 qui
2047 2004 2173 2044 sunt
2203 1991 2274 2043 illi

686 2091 996 2145 charissimi
1027 2128 1042 2146 .
1085 2089 1318 2156 reliquos
1357 2087 1483 2139 item
1517 2101 1705 2138 omnes
1734 2087 1824 2154 qui
1861 2097 2044 2152 postea
2093 2085 2278 2153 scripti

687 2196 834 2246 sunt,
885 2195 1140 2248 tauquam
1197 2179 1397 2231 diaboli
1428 2180 1627 2231 astutia
1658 2177 1945 2246 compositi
1983 2178 2116 2229 sint.
2148 2176 2278 2228 Pro-

686 2282 852 2348 pillllS
887 2279 954 2329 sit
988 2275 1142 2328 nobis
1177 2274 1318 2326 Deus
1347 2273 1540 2340 impias
1573 2286 1758 2323 eorum
1792 2270 2079 2339 opiniones
2133 2267 2276 2321 refe-

684 2371 948 2426 rentibusl
992 2369 1205 2434 Septem
1239 2366 1505 2418 duntaxat
1537 2364 1864 2431 suscipiunt,
1903 2374 1953 2414 et
1985 2361 2190 2424 eoluut,
2225 2368 2278 2414 et

683 2466 733 2517 in
769 2476 981 2517 summo
1025 2460 1224 2512 habent
1253 2456 1447 2525 pretio,
1495 2455 1545 2508 id
1575 2464 1679 2519 est,
1712 2453 2061 2517 Psalterium,
2113 2462 2168 2506 et
2209 2452 2275 2504 li-

681 2556 835 2607 brum
895 2551 1168 2604 sexdecim
1223 2548 1640 2616 Pr0phetarutn,
1690 2556 1739 2599 et
1791 2543 2134 2611 Evangelium
2187 2557 2277 2596 sc-

677 2648 912 2699 cundum
943 2642 1278 2704 Matthmunt,
1330 2651 1384 2692 et
1420 2640 1714 2692 secundmn
1778 2635 2036 2696 Marcum,
2090 2645 2141 2686 et
2189 2649 2276 2686 se-

678 2741 908 2793 cundum
939 2737 1164 2796 Lucam,
1196 2745 1251 2786 et
1274 2733 1568 2787 secundum
1595 2729 1876 2790 Joannem,
1907 2739 1959 2780 et
1988 2729 2272 2795 septimum

676 2834 871 2886 Lbrum
907 2844 1012 2897 quo
1048 2841 1131 2880 res
1175 2831 1240 2877 ab
1270 2825 1529 2891 apostolis
1559 2835 1726 2891 gestae
1761 2821 2112 2873 continentur
2153 2833 2273 2871 eum

674 2923 930 2974 omnibus
971 2917 1224 2987 Epistolis
1261 2926 1315 2970 et
1346 2915 1573 2967 Joannis
1611 2911 1870 2978 Theologi
1925 2911 2275 2979 ApoCalypsi.

673 3015 948 3083 Sapientia
1003 3013 1170 3074 enim,
1232 3010 1502 3075 inquiunt,
1562 3005 1841 3070 edi/ienuit
1873 3003 1974 3056 sibi
2029 3002 2267 3064 domum,

671 3119 967 3174 septemque
990 3104 1261 3156 columnas
1280 3101 1554 3154 substituit
1582 3100 1622 3152 ‘.
1664 3096 1765 3150 Per
1796 3098 1934 3149 hanc
1992 3095 2272 3161 sapientia:

672 3203 891 3252 domum
914 3195 1358 3250 scelestissimam
1385 3203 1716 3261 synagOgam
1747 3188 2055 3256 intelligunt
2088 3201 2268 3248 suam,

673 3305 768 3360 per
798 3289 1082 3342 columnas
1116 3296 1296 3339 autem
1333 3284 1501 3337 libros
1529 3283 1671 3344 illos,
1704 3295 1840 3350 quos
1887 3291 2094 3347 septem
2121 3278 2266 3331 ordi-

669 3384 833 3438 nibus
868 3380 1161 3450 dispositos
1193 3374 1764 3432 commemoravimus.
1809 3373 1870 3425 ιη
1915 3369 2266 3440 repudiamlis

670 3478 1005 3549 igiturlibris
1037 3474 1289 3530 Mosaicis
1317 3483 1370 3526 et
1405 3471 1616 3526 catteris
1647 3466 2108 3536 subsequentibus
2140 3466 2263 3519 cum

672 3572 1114 3625 Pauliciauorum
1186 3564 1376 3620 ha-resi
1439 3561 1809 3617 consentiunt.
1867 3558 2057 3628 Itaque
2119 3559 2170 3612 in
2199 3572 2264 3613 eo

669 3662 850 3722 titulo,
876 3660 965 3728 qui
993 3658 1254 3712 adversus
1298 3655 1418 3709 illos
1450 3653 1797 3722 conscriptus
1831 3660 1935 3720 est,
1973 3649 2263 3720 quarenda

665 3765 794 3808 sunt
827 3767 888 3806 ea
926 3750 1125 3818 capita,
1157 3747 1355 3816 quibus
1409 3746 1924 3808 demonstravimus,
1985 3740 2113 3796 boni
2169 3740 2266 3794 Dei

665 3862 788 3901 esse
837 3854 946 3898 ttnu
979 3843 1144 3897 Vetus
1183 3839 1621 3900 Testamentum,
1654 3844 1764 3888 tum
1798 3835 1945 3887 viros
1986 3834 2076 3902 qui
2110 3833 2162 3887 in
2198 3846 2264 3886 eo

668 3939 908 3991 illustres
937 3934 1282 3994 exstiterunt,
1306 3929 1704 3998 legendumque
1727 3933 1812 3979 est
1837 3925 2070 3994 primum
2102 3933 2265 3994 caput

667 4046 788 4082 cum
830 4037 1035 4096 septem
1069 4024 1445 4093 sequentibus,
1492 4022 1689 4086 quibus
1736 4035 1892 4074 error
1946 4020 2049 4072 iste
2105 4017 2265 4085 plane

664 4122 997 4176 confoditur.
1063 4117 1124 4173 Et
1178 4129 1492 4184 quanquam
1531 4114 1736 4181 reliqua
1772 4114 1898 4165 item
1940 4113 2119 4180 capita
2176 4109 2262 4164 his

665 4225 872 4285 septem
915 4211 1286 4274 consentiunt,
1321 4219 1498 4262 tamen
1537 4211 1649 4261 hare
1680 4207 1794 4260 sola
1843 4207 1977 4260 satis
2000 4207 2106 4260 erit
2136 4221 2263 4273 per-

665 4312 882 4378 legisse.
912 4307 1044 4360 Illud
1075 4316 1251 4359 tamen
1279 4302 1822 4356 animadvertendum
1853 4311 1957 4364 est,
1993 4305 2123 4354 istos
2151 4299 2264 4354 cal-

665 4404 770 4455 lide
829 4400 1148 4470 plerumque
1204 4411 1270 4448 ex
1306 4395 1388 4449 his
1440 4394 1594 4447 libris
1635 4407 1771 4463 quos
1815 4393 2144 4462 improbant,
2194 4392 2261 4445 ad

661 4496 948 4562 epinioues
1012 4505 1139 4543 suas
1183 4478 1648 4556 'eomprobandas
1719 4487 1884 4540 verba
1916 4485 2256 4555 depromere.

2402 634 2493 683 καὶ
2531 636 2767 698 συνετῶς
2800 639 3239 706 ὑποκρινάμενος
3285 639 3377 689 τὸν
3419 639 3810 708 μαθητιῶντα,
3859 642 3989 708 ῥᾷον

2397 722 2712 797 ἐξηπάτησε
2741 728 2834 779 τὸν
2865 729 3294 798 ἐξαπατήσαντα
3324 730 3554 791 πολλοὺς
3579 731 3656 792 είς
3683 732 3984 792 ἀπώλειαν,

2396 817 2487 868 καὶ
2521 819 2705 870 πᾶσαν
2759 819 2858 888 τὴν
2888 820 3292 889 ὲνδομυχοῦσαν
3316 820 3395 891 τῷ
3434 823 3628 890 σαπρῷ
3664 823 3835 892 τούτῳ
3892 823 3986 874 καὶ

2395 914 2763 982 καταπτύστῳ
2795 914 3014 983 γέροντι
3047 916 3382 984 κακοήθειαν
3416 916 3634 985 ὀξύτητι
3665 919 3860 986 φρενὸς
3891 918 3983 969 καὶ

2392 1003 2658 1073 δεξιότητι
2689 1005 2906 1074 φύσεως
2936 1007 3278 1076 ἀνίχνευσεν,
3307 1008 3461 1060 οὐδὲν
3491 1008 3767 1060 ὑπολιπὼν
3803 1009 3984 1073 ἀνεξε-

2396 1094 2654 1164 ρεύνητον
2698 1097 2727 1164 ἢ
2781 1097 3031 1150 ἀθέατον.
3084 1099 3278 1150 Ἔνθεν
3311 1117 3394 1150 τοι
3450 1104 3542 1151 καὶ
3589 1100 3838 1168 καθάπερ
3874 1101 3982 1152 ἀπό

2391 1202 2536 1245 τινος
2587 1187 2799 1252 φωλεοῦ
2847 1189 3168 1241 παντοδαπὰ
3216 1191 3310 1241 καὶ
3358 1190 3771 1258 ποικιλὸμορφα
3816 1191 3981 1258 θηρία

2391 1279 2488 1347 τῆς
2524 1281 2809 1349 σκοτεινῆς
2860 1282 3030 1334 αὑτοῦ
3068 1284 3299 1351 καρδίας
3338 1282 3633 1346 ἐξελκύσας
3665 1287 3732 1335 τὰ
3765 1284 3938 1352 μιαρὰ
3962 1323 3978 1346 ,

2391 1371 2485 1421 καὶ
2513 1370 2692 1421 ίοϐόλα
2716 1410 2728 1432 ,
2788 1371 2882 1423 καὶ
2914 1372 3327 1439 πολυπρόσωπα
3364 1373 3612 1438 δόγματα
3648 1374 3765 1432 ταῖς
3810 1389 3979 1439 μηχα·

2388 1462 2506 1521 ναῖς
2541 1461 2639 1528 τῆς
2682 1462 3026 1530 ὑποκρίσεως
3049 1502 3064 1526 ,
3100 1464 3194 1514 καὶ
3221 1463 3736 1530 κατασοφισάμενος
3762 1461 3980 1527 εὐφυῶς

2391 1553 2534 1619 μάλα
2566 1554 2655 1603 τὸν
2704 1554 3033 1622 κρονόληρον
3069 1553 3300 1622 γέροντα
3324 1594 3336 1614 ,
3386 1555 3445 1603 τὸ
3487 1552 3717 1603 παλαιὸν
3771 1551 3976 1612 κακὴν,

2387 1640 2674 1691 ἐκέλευσεν
2703 1644 2838 1710 ἡμῖν
2862 1644 3052 1711 γραφῇ
3079 1641 3416 1712 παραδοῦναι
3439 1641 3632 1701 ταῦτα,
3667 1642 3754 1690 καὶ
3784 1641 3978 1706 θριαμ-

2386 1729 2579 1783 ϐεῦσαι
2634 1731 2703 1783 τὰ
2757 1732 3139 1798 καταγέλαστα
3201 1733 3478 1800 μυστήρια
3525 1732 3622 1798 τῆς
3676 1730 3975 1796 εἰρημένης

2389 1823 2678 1888 αἱρέσεως.

2469 1918 2539 1969 α’.
2587 1912 2865 1966 ’ΛΟετοῦσι
2896 1914 3073 1974 πάσας
3122 1912 3219 1972 τὰς
3268 1909 3553 1977 μωσαῖκὰς
3583 1907 3798 1975 βίϐλους
3834 1903 3975 1973 μετὰ

2387 2015 2477 2062 καὶ
2523 2010 2617 2061 τοῦ
2664 2010 2722 2060 ὲν
2769 2008 2960 2068 αὑταῖς
3009 2002 3465 2071 ἀναγραφομένου
3496 1998 3671 2060 Θεοῦ,
3722 1997 3816 2047 καὶ
3863 1996 3973 2046 τῶν

2384 2099 2866 2170 εὐαρεστησάντων
2926 2096 3074 2164 αὐτῷ
3127 2093 3383 2157 δικαίων,
3441 2093 3529 2143 ναὶ
3579 2089 3682 2158 μὴν
3735 2087 3826 2140 καὶ
3872 2086 3971 2148 τὰς

2385 2192 2504 2261 μετ’
2537 2192 2704 2250 αὑτὰς
2749 2189 2986 2249 ἁπάσας,
3023 2187 3097 2249 ῶς
3130 2182 3250 2236 κατ’
3287 2183 3577 2233 ἐπίπνοιαν
3609 2177 3703 2229 τοῦ
3753 2177 3971 2228 Σατανᾶ

2385 2282 2817 2352 συγγραφείσας.
2877 2281 3062 2340 Ἵλεως
3108 2279 3242 2346 ἡμῖν
3282 2276 3366 2343 εἴη
3402 2273 3602 2342 Κύριος
3642 2270 3712 2320 τά
3744 2269 3969 2319 ἐκείνων

2381 2378 2621 2443 λέγουσιί
2657 2375 2841 2434 Μὸνας
2875 2373 2932 2425 δὲ
2965 2370 3390 2440 παραδέχονται,
3425 2367 3517 2417 καὶ
3547 2362 3780 2430 τιμῶσιν
3809 2360 3970 2419 ἑπτὰ,

2383 2471 2478 2520 καὶ
2508 2472 2588 2530 εἰς
2612 2469 2779 2535 ἄκρον
2803 2462 3258 2534 ἀποστηθίζουσι,
3285 2461 3428 2526 λέγω
3454 2459 3517 2526 δή
3543 2457 3603 2508 τὸ
3633 2455 3969 2522 Ψαλτήριον,

2380 2568 2440 2617 τὸ
2510 2559 3161 2628 Ἑξκαιδεκαπρόφητον,
3220 2555 3316 2606 καὶ
3370 2553 3429 2604 τὸ
3497 2553 3642 2604 κατὰ
3690 2547 3970 2600 Ματθαῖον

2383 2657 2738 2724 Εύαγγέλιον,
2770 2654 2865 2704 καὶ
2897 2653 2953 2702 το
2986 2649 3129 2702 κατὰ
3170 2647 3414 2716 Μάρκον,
3451 2646 3544 2696 καὶ
3574 2643 3629 2695 τὸ
3660 2641 3800 2692 κατὰ
3827 2641 3967 2689 Λου-

2381 2753 2503 2808 κᾶν,
2534 2750 2624 2798 καὶ
2656 2747 2715 2796 τὸ
2750 2745 2890 2795 κατὰ
2931 2744 3207 2810 Ἰωάννην,
3245 2739 3474 2805 ἕϐδομον
3507 2736 3604 2801 τῆς
3642 2733 3824 2803 βίϐλου
3859 2729 3968 2780 τῶν

2380 2840 2641 2909 Πράξεων
2698 2838 2797 2888 σὺν
2853 2841 2972 2896 ταῖς
3045 2831 3389 2891 Ἐπιστολαῖς
3448 2828 3693 2889 πάσαις,
3753 2825 3846 2875 καὶ
3903 2825 3967 2890 τῇ

2392 2929 2762 2996 ’Λποκαλύίςλει
2792 2926 2888 2978 τοῦ
2921 2924 3186 2990 Θεολὸγου
3235 2921 3506 2973 Ἰωάννου.
3545 2919 3609 2968 Ἣ
3641 2917 3804 2982 σοφία
3833 2914 3965 2981 γάρ,

2381 3025 2567 3090 φασιν,
2600 3020 2953 3088 ᾠκοδόμησεν
2997 3017 3164 3082 ἑαυτῇ
3194 3009 3342 3064 οἷκον
3372 3052 3383 3073 ,
3419 3011 3510 3062 καὶ
3541 3009 3806 3076 ὑπήρεισε
3837 3006 3964 3056 στύο

2379 3108 2506 3170 λους
2547 3109 2726 3168 ἑπτὰ,
2778 3103 2925 3159 οἶκον
2981 3105 3079 3174 μὲν
3133 3103 3231 3171 τὴν
3274 3101 3599 3168 παμμίαρον
3644 3096 3967 3162 συναγωγὴν

2381 3202 2592 3253 ἑαυτῶν
2645 3197 3197 3268 μεθερμηνεύοντες,
3275 3194 3502 3253 στύλους
3561 3191 3616 3242 δὲ
3669 3190 3808 3240 ἑπτά
3869 3188 3966 3247 τὰς

2375 3291 2860 3365 ἀπαριθμηθείσας
2909 3289 3148 3358 βίϐλους.
3210 3289 3322 3356 Τὴν
3373 3287 3475 3355 μὲν
3535 3285 3628 3336 οῦν
3687 3282 3965 3350 ἀποϐολὴν

2370 3386 2478 3438 τῶν
2522 3384 2825 3454 μωσαῖκῶν
2870 3382 3072 3452 βίϐλων
3107 3381 3333 3433 καὶτῶν
3379 3375 3502 3447 μετ’
3534 3376 3703 3438 αὑτὰς
3756 3378 3818 3427 ὲκ
3865 3378 3966 3444 τῆς

2370 3478 2478 3530 τῶν
2519 3475 2903 3528 Παυλικιάνων
2948 3473 3215 3542 αἱρέσεως
3262 3469 3641 3541 μεμαθήκασι.
3693 3469 3968 3536 Ζητητέον

2367 3572 2424 3624 δὲ
2461 3571 2518 3622 ἐν
2547 3569 2622 3636 τῷ
2663 3566 2784 3621 κατ’
2810 3567 3034 3618 ἐκείνων
3066 3566 3231 3633 τίτλῳ
3265 3564 3333 3614 τὰ
3381 3557 3684 3628 κεφάλαιαξ,
3725 3553 3806 3620 οἷς
3847 3559 3970 3608 ἑπι-

2368 3664 2715 3733 γέγραπται,
2766 3660 2850 3712 ὅτι
2881 3656 2976 3710 τοῦ
3008 3656 3216 3724 ἀγαθοῦ
3248 3653 3383 3707 Θεοῦ
3422 3654 3560 3705 εἰσιν
3593 3653 3635 3722 ἡ,
3659 3669 3717 3703 τε
3754 3650 3966 3702 παλαιὰ

2369 3755 2664 3827 νομοθεσία
2705 3751 2804 3805 καὶ
2834 3751 2884 3803 οἱ
2926 3752 2985 3803 ὲν
3016 3749 3154 3818 αὐτῇ
3193 3745 3532 3815 λάμψαντες.
3579 3744 3690 3795 Καὶ
3719 3742 3968 3807 ἀναγνω-

2370 3852 2526 3903 στέον
2555 3847 2619 3900 τό
2655 3863 2717 3898 τε
2753 3845 2973 3914 πρῶτον
3020 3841 3321 3910 κεφάλαιον
3370 3837 3466 3890 καὶ
3511 3835 3580 3889 τά
3616 3835 3741 3903 ὲξής
3785 3835 3963 3896 ἑπτὰ,

2370 3939 2759 4012 στηλιτεύοντα
2804 3935 3055 4006 φανερῶς
3102 3935 3204 4001 τὴν
3252 3920 3512 3999 τοιαύτην
3563 3927 3794 3993 πλάνην.
3850 3925 3964 3977 Καὶ

2367 4036 2434 4088 τὰ
2469 4033 2588 4104 μετ’
2617 4035 2797 4085 ἐκεῖνα
2824 4031 2880 4082 δὲ
2910 4030 3088 4082 πάντα
3129 4027 3399 4094 σύμφωνα
3449 4020 3635 4090 σχεδὸν
3665 4023 3780 4079 τοῖς
3823 4017 3965 4068 ἑπτὰ

2366 4130 2576 4189 τούτοις
2611 4127 2751 4178 εἰσὶν
2775 4165 2789 4190 ,
2841 4121 2957 4175 ἀλλ’
2988 4120 3153 4190 ἀρκεῖ
3195 4118 3336 4185 μόνα
3375 4113 3441 4166 τὰ
3470 4111 3803 4181 δηλωθέντα.
3838 4107 3960 4176 Χρὴ

2364 4224 2422 4276 δὲ
2459 4220 2781 4290 γινώσκειν,
2810 4218 2892 4270 ὅτι
2933 4215 3033 4277 τὰς
3069 4211 3356 4280 μωσαῖκὰς
3391 4207 3606 4277 βίϐλους
3642 4200 3964 4262 ἀθετοῦντες

2367 4315 2556 4386 ῥήσεις
2585 4312 2642 4378 ἐξ
2668 4307 2850 4364 αὐτῶν
2875 4305 3138 4367 πολλάκις
3165 4301 3495 4370 πανούργως
3522 4299 3598 4359 είς,
3627 4293 3962 4363 συνηγορίαν

2366 4406 2578 4459 ἑαυτῶν
2637 4399 3145 4474 προσλαμϐάνουσι.
3188 4393 3296 4446 Καὶ
3349 4394 3480 4443 ὅταν
3539 4388 3786 4453 δὲπαρά
3815 4399 3962 4443 τινος

2369 4497 2534 4573 ῥητοῦ
2568 4496 2674 4548 τῶν
2701 4491 3051 4562 δηλωυεισῶν
3077 4487 3217 4538 ἑπτὰ
3250 4484 3448 4552 βίϐλων
3481 4475 3960 4546 στενοχωρηθῶσι,

661 4588 814 4655 Quod
843 4586 884 4640 si
921 4584 1102 4653 aliquo
1138 4590 1346 4648 septem
1369 4579 1655 4642 librorum,
1690 4595 1825 4648 quos
1859 4593 2257 4634 comtnetnora-
2287 4607 2337 4667 υ

2213 4595 2257 4632 ι’
2287 4607 2337 4667 ι)
2370 4570 2465 4647 καὶ
2507 4587 2845 4643 συνελαθῶσι
2883 4589 3018 4652 πρὸς
3043 4582 3140 4648 τὴν
3163 4579 3445 4646 ἀλήθειαν,
3484 4575 3646 4634 εὐθὺς
3673 4574 3753 4633 είς
3790 4570 3958 4638 άλλη-

661 4683 858 4740 vimus,
894 4679 1040 4730 dicto
1067 4675 1300 4728 conviCti
1329 4673 1397 4726 ad
1438 4674 1721 4726 veritatem
1762 4674 2126 4726 conﬁtendam
2160 4673 2260 4725 im-

660 4775 957 4840 pellantur,
984 4769 1165 4823 statim
1186 4777 1244 4819 ut
1268 4766 1690 4836 subterfugiaut,
1717 4767 1782 4821 ad
1805 4765 2122 4836 allegoriam
2144 4782 2262 4821 sese

664 4873 1014 4919 convertunt.
1665 4909 1670 4914 ,

727 4960 780 5014 2.
819 4959 891 5012 Ea
949 4973 1006 5011 re
1036 4954 1310 5023 decipiunt
1344 4952 1704 5021 shnpliciorcs
1748 4952 1889 5018 quod
1944 4952 2172 5020 tingunt,
2206 4965 2265 5006 se

658 5059 882 5107 ert-dere
921 5053 972 5104 iu
1001 5051 1234 5108 Patrem,
1270 5059 1322 5102 et
1357 5046 1573 5109 Filium,
1611 5056 1664 5100 et
1688 5047 1951 5114 Spiritum
1986 5056 2260 5107 sanctum,

658 5166 782 5203 cum
842 5161 1024 5199 tamen
1061 5143 1207 5195 Patri
1247 5151 1359 5194 tres
1397 5142 1530 5193 istas
1568 5139 1811 5192 tribuant
1845 5138 2259 5207 appellationes,

656 5254 893 5307 eumque
933 5238 1171 5289 humana
1229 5235 1400 5286 forma
1441 5232 1723 5300 praeditum
1755 5240 1968 5301 putent,
1994 5241 2048 5284 ei
2079 5247 2143 5284 ex
2180 5231 2263 5283 hi—

655 5349 740 5387 nts
783 5333 994 5386 cerebri
1043 5328 1352 5398 panniculis
1386 5327 1544 5381 binos
1605 5325 1785 5378 radios
1838 5325 2112 5387 emittere,
2177 5326 2258 5378 al-

654 5442 830 5483 terunt
862 5424 1003 5491 Filii,
1035 5427 1270 5478 alterum
1306 5422 1543 5491 Spiritus
1570 5419 1768 5473 sancti.
1815 5419 1990 5487 Atque
2022 5421 2094 5472 ita
2123 5420 2254 5474 ﬁdes

653 5520 772 5574 istis
811 5520 864 5572 iu
905 5517 1069 5570 Deum
1119 5528 1442 5583 corporeum
1474 5521 1949 5579 m0nstrosumque
2001 5514 2250 5578 vertitur,

649 5613 806 5681 cujus
832 5611 976 5663 nulla
1011 5608 1169 5678 plane
1199 5606 1633 5661 sitexsistentia.
1682 5604 1752 5658 Ut
1794 5620 1924 5674 ergo
1951 5606 2098 5659 Patri
2139 5615 2251 5661 tres

650 5710 779 5764 istas
811 5704 1120 5759 tribuerent
1152 5702 1572 5773 appellationes,
1609 5716 1673 5757 ex
1713 5699 2024 5764 Sabelliana
2059 5703 2249 5758 lateresi

766 5919 923 5971 Ptnv.
952 5916 1142 5978 νηί.

2365 4687 2554 4757 γορίαν
2589 4685 2910 4752 τρέπονται,
2940 4675 3340 4745 διαδιδράσκειν
3371 4667 3726 4738 πειρώμενοι.

2440 4960 2505 5030 β’.
2530 4957 2834 5027 Ιιρόσχημα
2858 4952 2956 5020 μὲν
2992 4949 3206 5017 ἀπάτης
3233 4946 3342 4998 τῶν
3369 4940 3757 5009 ἁπλουστέρων
3776 4939 3834 4990 τὸ
3871 4956 3960 4990 πι-

2367 5053 2582 5106 στεύειν
2615 5052 2696 5111 είς
2735 5048 2992 5114 Πατέρα,
3050 5042 3146 5093 καὶ
3180 5039 3325 5101 Υίὸν,
3376 5036 3472 5090 καὶ
3528 5035 3685 5102 ἅγιον
3731 5031 3962 5096 Πνεῦμα

2363 5145 2762 5217 προϐάλλονται
2795 5182 2807 5205 ,
2872 5139 2970 5201 τὰς
3016 5137 3166 5205 τρεῖς
3215 5133 3272 5186 δέ
3327 5130 3532 5191 ταύτας
3590 5127 3814 5196 κλήσεις
3881 5123 3961 5192 τῷ

2365 5241 2541 5310 Πατρ“ι
2580 5237 2978 5305 προσάπτουσι,
3038 5233 3132 5283 καὶ
3162 5224 3731 5296 ἀνθρωποπρὸσωπον
3767 5217 3960 5271 τοῦτον

2364 5329 2813 5400 ὑπολαμϐάνουσι
2887 5323 3016 5391 παρ’
3091 5319 3367 5386 ἑκατέραν
3441 5314 3689 5384 μήνιγγα
3762 5311 3961 5361 ἀκτῖνα

2364 5427 2718 5494 ἐκλάμποντα
2739 5463 2751 5484 ,
2795 5421 2892 5489 τὴν
2928 5422 3027 5487 μὲν
3061 5413 3192 5467 Υἰοῦ
3216 5453 3230 5476 ,
3263 5411 3359 5481 τὴν
3388 5410 3444 5462 δὲ
3468 5407 3791 5474 Πνεῦματος
3815 5444 3828 5460 ,
3860 5403 3960 5452 καὶ

2363 5518 2509 5571 οῦτω
2549 5513 2922 5583 καταστρέφει
2960 5507 3169 5568 τούτοις
3198 5506 3232 5572 ὴ
3267 5505 3450 5562 πίστις
3497 5502 3578 5561 είς
3613 5493 3960 5567 σωματοειδῆ

2361 5628 2486 5665 τινα
2512 5612 2603 5662 καλ⁹
2628 5605 3041 5674 τερατόμορφον
3066 5599 3220 5658 Θεὸν,
3251 5597 3346 5650 καὶ
3369 5595 3538 5654 ὅντως
3573 5589 3955 5656 ἀνύπαρκτον.

2363 5706 2437 5757 Τὸ
2486 5701 2586 5772 μὲν
2630 5698 2722 5751 οῦν
2781 5696 3124 5766 προσάπτειν
3173 5689 3251 5760 τῷ
3302 5686 3482 5757 Harp-1
3527 5684 3623 5747 τὰς
3655 5678 3958 5752 εἰρημένας
