4420 6462
721 403 860 465 1295

1957 402 2339 462 ΕυΤΙΙΥΜΙΙ
2393 403 2755 463 ZIGABENI

3860 401 3996 464 1296

713 517 1000 571 considere
1031 517 1084 570 in
1113 517 1275 579 solio,
1310 525 1363 571 et
1392 515 1685 571 secundam
1719 516 1917 569 habere
1947 516 2293 586 dignitatem,
2327 525 2371 580 Α
2403 535 2458 571 κι

2244 531 2293 578 n,
2327 525 2371 580 Α
2403 518 2496 571 καὶ
2518 517 2736 586 στολὴν,
2767 518 2860 569 καὶ
2880 517 2936 568 ἐν
2957 516 3110 586 δεξιᾷ
3129 517 3295 568 αὑτοῦ
3320 515 3634 584 καθήμενον
3657 517 3752 568 ἐπὶ
3775 517 3989 583 θρόνου,

705 625 809 675 qua
846 611 1061 677 quidem
1096 609 1306 661 ebrium
1365 609 1635 676 stulteque
1669 607 1964 670 sublatura,
2019 607 2086 657 de
2150 605 2299 658 defe-

704 699 884 749 ctione
905 699 1199 764 cogitasse,
1227 705 1553 763 arreptaque
1582 694 1852 762 quondam
1877 693 2167 746 occasione
2200 694 2300 745 mi-

706 790 905 840 nistras
940 800 1179 840 tentasse
1214 796 1539 855 potestates,
1596 796 1653 839 ut
1712 800 1945 838 excusso
2001 782 2296 836 ministerii

697 887 827 951 jugo
857 893 913 929 se
948 887 1328 941 sequerentur,
1384 883 1438 927 et
1475 889 1661 925 secum
1702 873 1751 924 in
1793 871 2008 924 Patrem
2061 883 2299 923 eunsur-

703 978 912 1033 gerent.
959 966 1022 1018 Et
1075 966 1140 1018 ad
1191 964 1500 1017 istiusmodi
1529 979 1700 1031 nugas
1770 961 2169 1016 conﬁrmandus
2231 973 2296 1012 ex

708 1060 868 1111 Luca:
902 1057 1198 1125 Evangelio
1236 1055 1547 1124 parabolam
1607 1053 1843 1106 aﬂ'erunt
1876 1053 2043 1106 villici
2102 1050 2302 1118 iniqui-

702 1154 850 1211 tatis,
909 1149 998 1215 qui
1034 1147 1211 1200 debita
1282 1146 1479 1197 minuit
1527 1143 1880 1196 debitoribus.
1941 1142 2092 1194 Hunc
2154 1141 2299 1194 enim

700 1257 819 1293 esse
846 1239 1121 1300 Satanael,
1151 1248 1205 1289 et
1228 1239 1292 1290 de
1319 1240 1418 1287 hoc
1448 1235 1616 1287 fuisse
1642 1235 1896 1301 scriptam
1925 1247 2043 1284 eam
2070 1233 2302 1299 parabo—

701 1335 805 1386 lam
836 1350 848 1395 ;
880 1332 1098 1396 angelos
1156 1330 1321 1396 igitur
1350 1343 1485 1395 quos
1535 1325 1984 1385 memoravimus,
2023 1331 2303 1389 sperantes

700 1439 757 1476 se
789 1421 1041 1473 laboriosi
1075 1418 1362 1470 ministerii
1398 1431 1563 1467 onere
1596 1416 1832 1467 levatum
1867 1414 2031 1472 iri,et
2086 1412 2298 1477 magnis

699 1515 816 1566 aliis
846 1511 1126 1579 promissis
1149 1509 1314 1562 fuisse
1341 1509 1611 1574 deceptos.
1644 1505 1846 1557 Ponant
1886 1503 2302 1565 enim,dicebat,

702 1609 950 1654 thronum
1043 1618 1212 1653 meum
1246 1602 1298 1651 in
1361 1598 1604 1658 nubibus,
1660 1608 1706 1648 ct
1761 1613 1847 1648 ero
1908 1595 2093 1646 similis
2135 1593 2300 1644 Altis-

697 1700 827 1747 simo
864 1696 899 1744 ⁸.
944 1691 1239 1744 Proditioni
1298 1691 1462 1757 igitur
1531 1696 1585 1741 et
1647 1687 1860 1740 insidiis
1921 1686 2288 1739 consensisse.

697 1788 810 1851 Qua
837 1783 1056 1850 quidem
1082 1795 1144 1833 re
1171 1778 1574 1853 animadversa,
1602 1777 1772 1828 Deum
1801 1776 1922 1827 illos
1959 1790 1988 1827 e
2014 1776 2152 1826 C(Blo
2177 1789 2296 1824 om-

2403 609 2614 676 καὶτῆς
2637 608 2755 674 μετ’
2772 608 2936 659 αὑτὸν
2957 607 3119 668 εὐθὺς
3142 608 3311 675 τιμῆς
3332 607 3672 674 ἀξιούμενον,
3692 607 3791 674 ’ὑφ’
3806 602 3871 675 ἦς
3898 623 3993 672 με-

2403 695 2790 759 θυσθέντα,καὶ
2805 698 2885 757 είς
2902 696 3163 748 ἀπόνοιαν
3187 694 3503 764 ἐπαρθέντα
3545 695 3839 762 μελετῆσαι
3857 700 3994 744 ἁπο-

2404 787 2654 848 στασίαν,
2675 788 2771 838 καί
2795 804 2927 839 ποτε
2947 788 3289 856 δραξάμενον
3308 783 3504 853 καιροῦ
3528 784 3778 836 καθεῖναι
3793 788 3994 853 πεῖράν

2403 894 2517 928 τισι
2552 878 2659 929 τῶν
2683 877 3079 944 λειτουργικῶν
3102 878 3410 946 δυνάμεων,
3436 878 3484 928 εί
3511 874 3783 943 βούλοιντο
3804 887 3994 944 κουφι-

2403 968 2628 1036 ζόμεναι
2677 967 2770 1020 τοῦ
2826 969 3026 1040 βάρους
3079 971 3178 1038 τῆς
3227 968 3575 1035 λειτουργίας
3627 968 3993 1036 ἀκολουθῆσαι

2401 1059 2600 1127 τούτῳ,
2629 1061 2723 1112 καὶ
2755 1059 3344 1127 συγκατεξαναστῆναι
3376 1060 3471 1112 τοῦ
3516 1061 3749 1130 Πατρός.
3787 1061 3878 1120 Εἰς
3913 1061 3996 1112 πί-

2405 1167 2524 1202 στιν
2561 1151 2616 1203 δὲ
2643 1152 2740 1218 τῆς
2770 1151 3047 1219 ληρωδίας
3091 1151 3300 1218 ταύτης
3331 1153 3642 1218 παράγουσι
3687 1153 3786 1221 τὴν
3833 1155 3891 1204 ἐν
3917 1152 3996 1218 τῷ

2405 1240 2544 1290 κατὰ
2567 1240 2783 1291 Λουκᾶν
2800 1239 3117 1308 Εὑαγγελίῳ
3141 1256 3217 1290 πα
3226 1238 3459 1307 ραϐολὴν
3479 1239 3574 1289 τοῦ
3589 1240 3873 1305 οἰκονόμου
3894 1240 3995 1305 τῆς

2405 1329 2641 1391 ἀδικίας,
2670 1331 2736 1380 τὰ
2759 1330 2869 1380 τῶν
2894 1329 3221 1396 ὀφειλόντων
3244 1329 3380 1398 χρὲη
3419 1330 3722 1396 μειώσαντο
3738 1348 3774 1386 ς.
3792 1328 3995 1379 Τοῦτον

2405 1421 2512 1488 γὰρ
2535 1421 2624 1471 τὸν
2652 1420 2934 1486 Σαταναὴλ
2967 1415 3111 1471 εἶναι
3132 1460 3146 1484 ,
3177 1422 3270 1471 καὶ
3298 1421 3425 1486 περὶ
3456 1419 3651 1469 τούτου
3682 1420 3996 1487 γεγράφθαι

2404 1512 2506 1580 τὴν
2569 1511 2827 1578 τοιαύτην
2886 1509 3227 1579 παραϐολήν.
3291 1506 3426 1563 Εἶτα
3484 1513 3611 1571 τοὺς
3671 1511 3997 1578 εἰρημένους

2404 1603 2680 1670 ἀγγέλους
2714 1603 3105 1664 δελεασθέντας
3136 1603 3213 1670 τῷ
3254 1603 3548 1670 κουφισμῷ
3593 1605 3690 1670 τῆς
3735 1603 3995 1653 ἐπιπόνου

2407 1696 2795 1765 λειτουργίας,
2851 1696 2948 1748 καὶ
3017 1698 3138 1756 ταῖς
3203 1695 3390 1756 ἄλλαις
3443 1696 3773 1761 ὑπερόγκοις
3827 1697 3997 1759 ἐπαγ-

2407 1789 2639 1857 γελίαις,
2676 1789 2854 1855 (Brimo
2885 1789 3018 1857 γὰρ,
3041 1788 3201 1856 φησὶ,
3221 1788 3327 1839 τὸν
3360 1789 3717 1853 θρόνον-μου
3752 1785 3849 1837 ἐπὶ
3880 1785 4000 1836 τῶν

699 1849 792 1928 oves
820 1849 1138 1925 tlrtrusisse.
1162 1871 1294 1931 Quis
1331 1868 1533 1919 insulsa
1559 1849 1613 1917 et
1657 1865 1941 1917 manifesta
1961 1865 2183 1916 istorum
2212 1862 2304 1928 [ig-
2334 1849 2380 1908 Β

2250 1877 2304 1928 8'
2334 1849 2380 1908 Β
2406 1878 2700 1943 νεφελῶν,
2741 1849 2842 1930 καί
2866 1849 3082 1946 ἔσομαι
3104 1849 3314 1945 ’ὅμοιος
3340 1849 3419 1939 ni)
3443 1849 3732 1941 'l’yrt'irtqi,
3760 1891 3995 1926 συναπι·

699 1980 874 2020 meum
904 1983 1004 2016 non
1036 1961 1230 2014 rideat?
1263 1959 1316 2012 Si
1343 1960 1484 2011 enim
1516 1968 1704 2010 natura
1740 1956 1828 2008 Dei
1849 1956 2013 2008 Filius
2044 1953 2297 2010 Satanael

695 2061 905 2119 fuisset,
933 2055 1115 2107 fuisset
1141 2053 1301 2105 etiam
1336 2059 1528 2102 natura
1567 2051 1726 2111 Deus,
1759 2060 1812 2100 et
1839 2048 2060 2099 omnino
2098 2047 2298 2100 immo-

696 2151 820 2203 bilis
837 2159 889 2200 et
923 2144 1296 2199 immutabilis.
1312 2140 1591 2210 Proprium
1608 2140 1752 2192 enim
1770 2147 1851 2191 est
1869 2149 2070 2191 natura:
2085 2137 2296 2200 divinm,

697 2254 753 2295 ut
774 2255 1044 2308 nunquam
1070 2249 1333 2296 mutetur,
1358 2235 1648 2287 sedeodem
1687 2235 1845 2283 modo
1871 2244 2083 2298 semper
2125 2243 2181 2280 se
2205 2230 2300 2279 ba-

694 2330 1031 2395 beat.Qnare
1050 2327 1304 2395 quoniam
1331 2333 1565 2375 inmatus
1584 2331 1690 2382 est,
1713 2330 1766 2374 et
1794 2321 2005 2383 cecidit,
2037 2329 2090 2371 et
2115 2334 2143 2370 e
2161 2319 2299 2370 etelo

696 2426 1047 2493 dejectusest,
1076 2436 1179 2474 non
1212 2427 1330 2472 erat
1356 2425 1546 2470 natura
1566 2413 1736 2468 Filius
1754 2414 1867 2477 Dei,
1900 2414 1992 2466 sed
2018 2413 2177 2464 aliam
2205 2411 2300 2463 ha-

697 2520 856 2573 bebat
877 2525 1346 2580 uaturam,nempe
1364 2511 1666 2577 angelicam
1690 2517 1741 2559 et
1769 2522 1896 2576 proc-
1908 2516 2300 2571 reatam,atque

698 2617 816 2667 ideo
852 2605 1360 2670 mutabilem.Qimd
1387 2604 1432 2656 si
1458 2603 1770 2669 unigenitus
1792 2608 1877 2652 est
1899 2598 2074 2651 Patris
2105 2598 2295 2658 Filius,

697 2705 960 2766 Verbum,
1007 2710 1062 2752 ut
1101 2696 1431 2764 evangelista
1489 2693 1725 2746 Joannes
1757 2681 1982 2742 docuiti
2033 2688 2295 2747 Vidimus,

700 2797 972 2865 inquiens,
1005 2793 1228 2861 gloriam
1291 2789 1404 2856 ejus
1453 2786 1679 2855 gloriam
1733 2784 1887 2840 quasi
1951 2780 2218 2851 Unigcniti
2267 2799 2297 2832 α

699 2890 890 2950 Patre,
930 2896 982 2939 et
1039 2897 1295 2937 rursum:
1354 2879 1662 2946 Unigeuitus
1721 2874 1917 2938 Filius,
1978 2876 2065 2943 qui
2119 2883 2193 2924 eu
2246 2875 2297 2922 in

698 2982 815 3033 sinu
854 2976 1056 3038 Patris,
1111 2975 1221 3039 ipse
1250 2970 1592 3026 enarravit’,
1647 2968 1932 3019 mendaces
1987 2964 2298 3031 deprehen-

696 3075 901 3124 duntur
955 3078 1008 3121 et
1077 3069 1401 3132 impostores
1461 3061 1548 3128 qui
1613 3058 1834 3111 fratrem
1891 3058 2061 3125 ipsius
2114 3058 2299 3108 dicunt

695 3179 816 3217 esse
847 3158 1121 3215 Satanael.
1163 3156 1217 3209 Si
1275 3155 1419 3208 enim
1446 3152 1670 3204 fratrem
1706 3149 1927 3202 baberet
1963 3147 2129 3200 Filius
2165 3147 2298 3200 Ver-

697 3255 843 3313 bum,
876 3249 1194 3316 Unigennus
1251 3258 1355 3296 non
1413 3241 1801 3309 appellaretur.
1856 3237 2008 3301 Quod
2052 3237 2097 3289 si
2155 3245 2207 3289 et
2246 3237 2300 3289 in

695 3341 962 3411 principio
1006 3349 1118 3390 erat
1186 3333 1434 3395 Verbum,
1465 3341 1511 3382 et
1553 3329 1773 3382 Verbum
1806 3337 1916 3380 erat
1948 3326 2087 3393 apud
2113 3325 2300 3390 Deum,

694 3447 742 3489 ct
780 3434 915 3486 Deus
955 3443 1066 3484 erat
1112 3427 1368 3489 Verbum,
1400 3434 1458 3477 ut
1487 3422 1822 3489 evangelista
1851 3421 2089 3474 Joannes
2121 3420 2215 3482 ait,
2249 3419 2298 3472 id

694 3542 796 3593 est,
843 3542 1056 3592 semper
1100 3533 1219 3576 erat
1260 3538 1379 3575 cum
1421 3519 1603 3582 Patre,
1643 3527 1697 3571 et
1733 3519 1782 3569 in
1818 3514 2001 3580 Patre,
2033 3515 2302 3580 quomodo

694 3625 975 3676 altercssc
1011 3619 1186 3686 potuit
1218 3615 1383 3666 frater
1435 3611 1628 3680 ipsius,
1670 3611 1758 3678 qui
1815 3609 1904 3659 illo
1962 3617 2104 3660 esset
2169 3617 2297 3659 natu

695 3712 885 3777 major.
925 3711 1010 3777 qui
1045 3719 1126 3761 est
1185 3716 1310 3759 ante
1356 3703 1574 3764 saecula,
1607 3712 1661 3755 et
1689 3717 1791 3752 una
1821 3714 1941 3753 cum
1997 3697 2154 3750 Patre
2207 3698 2304 3748 im-

693 3814 866 3876 perat,
906 3815 960 3855 et
988 3802 1110 3856 sine
1156 3813 1264 3868 quo
1317 3809 1592 3863 nunquam
1652 3792 1811 3845 Pater
1864 3791 2005 3845 fuit?
2049 3788 2301 3858 Alioquin

694 3914 813 3952 sine
852 3896 1087 3956 ratione,
1114 3902 1168 3947 et
1193 3892 1311 3945 sine
1342 3889 1634 3956 sapientia,
1665 3899 1719 3939 et
1750 3886 1867 3939 sine
1891 3886 2152 3953 potentia,
2182 3897 2304 3952 qute

690 3992 908 4060 quidem
944 3987 1123 4040 omnia
1157 3993 1237 4036 est
1267 3993 1456 4037 natura
1506 3979 1675 4032 Filius
1734 3988 1789 4030 et
1854 3976 2086 4030 Verbum
2143 3975 2291 4043 ejus,

689 4081 1008 4138 exstitisset.
1044 4075 1308 4144 Quoniam
1347 4075 1508 4144 igitur
1553 4070 1826 4135 Satanael,
1857 4078 1918 4122 ut
1961 4069 2304 4122 demonstra-

690 4177 1023 4239 vimus,uatu
1036 4188 1090 4226 ra
1120 4186 1224 4223 non
1251 4178 1368 4223 erat
1391 4168 1534 4221 lilius
1554 4166 1780 4232 Dei,nec
1806 4166 2034 4218 formam
2053 4162 2168 4229 ejus
2191 4178 2305 4218 om'

688 4271 819 4324 nino
842 4282 942 4321 nec
960 4265 1153 4320 stolam
1181 4263 1388 4323 babuit,
1412 4270 1468 4314 ut
1493 4261 1830 4319 omittamus,
1855 4258 1996 4326 quod
2047 4257 2184 4315 stola
2249 4265 2305 4312 et

687 4359 854 4415 vestis
878 4356 1200 4424 corporibus
1224 4364 1277 4406 et
1298 4355 1459 4406 rebus
1477 4351 1798 4419 compositis
1819 4351 2095 4417 convenit;
2124 4367 2228 4407 nec
2248 4353 2300 4407 in

687 4456 906 4507 dextera
931 4451 1069 4503 sedit
1087 4446 1408 4514 majestatis,
1424 4457 1597 4512 neque
1617 4445 1682 4496 ad
1703 4443 1874 4511 ipsum
1897 4443 2305 4512 pertinetfpara—

2401 1966 2598 2035 χθῆναι
2631 1967 2831 2037 τούτῳ,
2853 1970 2949 2020 καὶ
2979 1969 3312 2034 κοινωνῆσαι
3330 1971 3428 2033 τῆς
3463 1966 3761 2031 ἐπιϐουλῆς
3780 1982 3791 1994 ·
3814 1965 3997 2021 αἰσθό,

2403 2077 2564 2128 μενον
2621 2060 2680 2112 δὲ
2722 2061 2928 2129 ταύτης
2967 2060 3061 2112 τὸν
3119 2058 3254 2111 Θεὸν
3326 2058 3482 2126 ῥίψαι
3524 2057 3745 2118 τούτους
3789 2057 3997 2110 ἄνωθεν

2399 2151 2536 2219 ὁμοῦ
2591 2154 2825 2216 πάντας.
2883 2155 2946 2204 Ὢ
2997 2154 3097 2222 τῆς
3148 2152 3538 2220 ἀναιδεστάτης
3587 2151 3682 2203 καὶ
3728 2152 3995 2219 προδήλου

2403 2245 2850 2311 μυθοπλαστίαςί
2897 2243 2958 2295 Εί
3002 2245 3111 2312 γὰρ
3150 2242 3310 2310 φύσει
3359 2241 3496 2294 Θεοῦ
3544 2241 3674 2304 Υἱὸς
3708 2238 3776 2311 ἦν
3817 2243 3848 2292 6
3895 2241 3996 2292 Σα-

2398 2336 2626 2405 ταναὴλ,
2658 2332 2726 2405 ἦν
2764 2337 2830 2388 ἂν
2862 2336 2958 2388 καὶ
2988 2335 3152 2402 φύσει
3176 2335 3331 2398 θεὸς,
3364 2335 3460 2386 καὶ
3502 2333 3786 2392 παντελῶς
3838 2334 4000 2400 ἄτρε-

2400 2427 2535 2487 πτός
2585 2443 2645 2478 τε
2689 2428 2785 2479 καὶ
2836 2425 3220 2486 ἀναλλοίωτος.
3274 2424 3441 2475 Ἵδιον
3515 2424 3625 2492 γὰρ
3681 2423 3782 2489 τῆς
3843 2423 3997 2484 θείας

2402 2513 2618 2580 φύσεως
2672 2517 2705 2584 ὴ
2765 2515 3036 2585 ἀτρεψία,
3099 2517 3194 2566 καὶ
3240 2514 3302 2566 τὺ
3359 2515 3625 2576 ὡσαύτως
3683 2515 3828 2583 ἔχειν
3880 2516 3994 2566 ἀεί.

2412 2606 2565 2658 Ἐπεὶ
2600 2607 2654 2659 δέ
2693 2609 2940 2677 ἐτράπη,
2971 2609 3067 2660 καὶ
3101 2607 3327 2673 ἐξέπεσε
3350 2647 3366 2672 ,
3400 2608 3494 2658 καὶ
3520 2607 3731 2660 ἄνωθεν
3763 2609 3998 2675 κατενή-

2399 2717 2613 2762 νεκται,
2667 2702 2766 2753 οὐκ
2815 2697 2884 2770 ἦν
2913 2703 3077 2770 φύσει
3117 2701 3241 2762 Υἱὸς
3273 2700 3445 2762 Θεοῦ,
3493 2700 3634 2752 ἀλλὰ
3690 2716 3776 2761 τις
3835 2701 3997 2767 ἑτέρα

2402 2795 2558 2862 φύσις
2606 2795 2874 2863 ἀγγελικὴ
2903 2797 2998 2848 καὶ
3036 2794 3263 2863 κτιστὴ,
3312 2793 3408 2845 καὶ
3440 2793 3528 2844 διὰ
3560 2794 3721 2844 τοῦτο
3755 2794 3992 2860 τρεπτή.

2404 2886 2460 2936 ΕΞ
2494 2886 2549 2937 δέ
2579 2889 2672 2938 καὶ
2700 2889 3006 2955 μονογενής
3035 2888 3188 2936 ἐστιν
3220 2887 3247 2937 6
3279 2882 3376 2935 τοῦ
3418 2884 3634 2952 Harpe;
3668 2884 3840 2949 Λόγος
3866 2923 3880 2941 ,
3921 2883 3997 2942 ὡς

2400 2980 2427 3027 6
2493 2978 2891 3046 εύαγγελιστὴς
2947 2977 3190 3041 ἐδίδαξεν
3250 2976 3529 3045 Ἰωάννης,
3596 2975 4000 3042 Ὲθεασιίμεθα

2399 3071 2528 3138 γὰρ.
2554 3070 2707 3136 φησὶν
2723 3069 2839 3134 τὴν
2855 3069 3047 3132 δόξαν
3067 3067 3276 3131 αὐτοῦ,
3296 3068 3487 3129 δόξαν
3514 3066 3992 3134 ὡςΜονογενοίνς

2403 3164 2561 3230 παρὰ
2594 3161 2864 3227 Πατρός,
2909 3164 3001 3213 καὶ
3029 3157 3218 3223 αὖθις.
3271 3162 3335 3211 '0
3385 3159 3729 3228 μονογενὴς
3781 3159 3913 3223 Υἱὸς
3965 3162 3999 3212 d

2404 3253 2489 3306 ὢν
2535 3256 2620 3318 είς
2670 3255 2777 3307 τὸν
2803 3254 3038 3306 κόλπον
3071 3252 3179 3305 τοῦ
3210 3253 3470 3319 Πατρός,
3504 3252 3743 3315 ἐκεῖνος
3777 3251 3998 3319 ἐξηγή-

2403 3364 2588 3400 σατο·
2638 3346 2891 3414 ληροῦσι,
2918 3346 3010 3397 καὶ
3040 3346 3456 3414 παραπαίουσιν
3489 3345 3536 3394 ol
3559 3345 3810 3411 λέγοντες
3845 3344 4000 3396 66¢).—

2406 3443 2506 3516 φόν
2536 3439 2704 3492 αὑτοῦ
2733 3441 2823 3492 τὸν
2855 3440 3164 3507 Σαταναήλ.
3195 3441 3255 3491 Ei
3292 3440 3402 3506 γὰρ
3435 3436 3581 3504 εἶχεν
3613 3437 3861 3501 ἀδελφὺν,
3895 3439 3996 3489 οὐκ

2403 3533 2470 3588 ἂν
2500 3533 2819 3598 ὠνομάζετο
2847 3532 3145 3603 μονογενὴς
3171 3536 3198 3584 6
3229 3535 3424 3598 Λογος.
3463 3533 3522 3582 Ei
3552 3531 3610 3582 δὲ
3639 3529 3734 3582 καὶ
3767 3531 3824 3581 ἐν
3849 3531 3994 3598 ἀρχῇ

2403 3621 2470 3696 ἦν
2515 3629 2541 3678 6
2580 3627 2782 3693 Λόγος,
2837 3629 2930 3676 καὶ
2974 3628 3000 3676 ὁ
3034 3625 3205 3691 Λόγος
3261 3620 3328 3693 ἦν
3369 3623 3502 3691 πρὸς
3554 3623 3642 3674 τὸν
3694 3621 3850 3685 Θεὸν,
3903 3623 3999 3672 καὶ

2405 3719 2536 3780 Θεὸς
2576 3714 2646 3786 ἦν
2671 3719 2697 3768 ὁ
2722 3720 2894 3786 Λόγος
2919 3759 2931 3779 ,
2964 3717 3102 3769 κατᾶ
3135 3717 3226 3768 τὸν
3271 3714 3669 3784 εῦαγγελιστὴν
3714 3713 3996 3780 Ἰωάννην,

2405 3811 2689 3862 τουτέστιν
2727 3810 2814 3860 ἀεὶ
2857 3805 2925 3875 ἦν
2963 3807 3103 3876 μετὰ
3150 3808 3244 3859 τοῦ
3277 3807 3512 3874 Πατρὸς,
3556 3808 3649 3856 και
3687 3805 3746 3855 ἐν
3772 3803 3849 3870 τῷ
3875 3804 3996 3855 Ila-

2405 3905 2534 3971 τοι,
2580 3903 2696 3961 πῶς
2752 3902 2818 3953 ἂν
2867 3898 2936 3971 ἦν
2983 3902 3169 3968 ἕτερος
3221 3899 3453 3966 ἁδελφὸς
3513 3897 3620 3968 πρὸ
3678 3893 3844 3946 αὑτοῦ
3897 3893 3994 3946 τοῦ

2407 4004 2736 4065 προαιωνιου
2807 3996 2902 4046 καὶ
2954 3995 3296 4061 συνανάρχου
3371 3990 3449 4059 τῷ
3503 3989 3711 4056 ΙΙατρὶ,
3777 3988 3876 4039 καὶ
3932 3985 3993 4037 οὗ

2406 4090 2575 4156 χωρὶς
2610 4088 2867 4140 οὐδέποτε
2915 4083 2982 4156 ἦν
3033 4086 3060 4136 ὁ
3115 4086 3329 4152 Πατὴρ,
3375 4084 3462 4134 ἵνα
3502 4083 3578 4150 μὴ
3618 4081 3850 4146 ἄλογος,
3897 4079 3995 4130 καὶ

2405 4184 2630 4250 ἄσοφος,
2664 4183 2759 4234 καὶ
2789 4181 3050 4242 ἀδύνατος
3079 4178 3364 4250 εὑρεθείης
3401 4175 3591 4229 Ταῦτα
3633 4177 3741 4242 γάρ
3783 4179 3926 4225 ἐστιν
3965 4174 3993 4223 6

2407 4275 2568 4344 φύσει
2623 4275 2749 4338 Υἱὸς
2787 4276 2882 4328 καὶ
2935 4275 3106 4342 Λόγος
3161 4271 3351 4326 αὐτοῦ.
3414 4270 3568 4322 Ἐπεὶ
3608 4269 3663 4320 δὲ
3722 4268 3822 4320 οὑκ
3851 4261 3920 4337 ἦν
3965 4269 3993 4318 ὁ

2407 4367 2692 4437 Σαταναὴλ
2739 4367 2898 4434 φύσει
2953 4367 3064 4428 υίὸς
3116 4363 3296 4429 Θεοῦ,
3347 4362 3527 4424 καθὼς
3576 4360 3989 4428 ἀπεδείξαμεν,

2408 4461 2625 4522 πάντως
2670 4461 2790 4513 οὐδὲ
2830 4460 2932 4530 τὴν
2974 4460 3069 4512 τοῦ
3114 4457 3252 4511 Θεοῦ
3295 4456 3612 4526 περιέκειτο
3641 4454 3857 4523 μορφὴν
3892 4455 3988 4506 καὶ

686 4544 806 4598 liola
832 4544 898 4595 de
920 4540 1100 4593 villico
1119 4537 1442 4606 iniquitatis,
1468 4549 1587 4604 qua:
1611 4533 1767 4587 estin
1797 4533 2093 4603 Evangelio
2115 4534 2291 4593 Lucr.
2328 4541 2374 4596 ι)
2404 4572 2431 4606 σ

2246 4553 2291 4593 [‘-
2328 4541 2374 4596 D
2404 4553 2628 4622 στολὴν,
2665 4554 2754 4606 ίνα
2801 4553 3256 4623 παραδράμωμεν
3298 4550 3507 4613 είπεῖν,
3543 4550 3626 4600 ὅτι
3656 4548 3766 4599 τῶν
3804 4547 3991 4612 σωμά-

687 4674 798 4709 των
832 4656 929 4708 καὶ
969 4653 1079 4705 τῶν
1126 4650 1402 4702 συνθέτων
1430 4649 1579 4700 ἐστὶν
1620 4648 1653 4715 ὴ
1685 4646 1843 4714 στολὴ
1876 4647 1970 4698 καὶ
1997 4646 2261 4718 περιϐολή
2289 4665 2304 4681 ο
2346 4644 2466 4699 ούδὲ
2525 4648 2582 4697 ἐν
2613 4645 2764 4714 δεξιᾷ
2792 4645 2888 4696 τοῦ
2917 4644 3111 4713 θρόνου
3145 4642 3244 4710 τῆς
3301 4638 3695 4710 μεγαλωσύνης
3728 4638 3984 4716 ἐκάθητο.

688 4751 812 4802 οὐδὲ
840 4747 976 4817 περὶ
1007 4745 1205 4797 τούτου
1242 4745 1274 4810 ή
1308 4744 1368 4793 ἐν
1413 4741 1491 4810 τῷ
1530 4739 1677 4792 κατὰ
1710 4741 1928 4792 Λουκᾶν
1995 4742 2317 4812 Εύαγγελίῳ
2359 4743 2489 4811 περὶ
2519 4740 2615 4792 τοῦ
2680 4739 2976 4806 οἰκονόμου
3016 4737 3118 4803 τῆς
3160 4736 3376 4795 ἀδικίας
3420 4733 3641 4801 ἐξετέθη
3675 4731 3984 4800 παραϐολή,

761 4847 812 4898 ‘7.
843 4843 1004 4895 Aiunt
1023 4837 1277 4892 Satauacl
1301 4852 1329 4889 e
1346 4835 1673 4888 sublimibus
1689 4834 1982 4902 deiectum,
2005 4851 2123 4889 cum
2140 4839 2295 4906 aquis

692 4953 793 4989 non
836 4943 1019 5005 pOsSttl
1047 4931 1307 4993 insidere,
1336 4930 1480 4995 quod
1518 4936 1661 4980 terra
1710 4936 1854 4980 esset
1895 4929 2182 4982 invisibilis
2234 4940 2289 4983 et

691 5027 1068 5096 incomposita,
1101 5025 1338 5076 divinam
1371 5028 1551 5073 autem
1609 5019 1788 5072 adhuc
1843 5018 2073 5072 fortnam
2128 5031 2292 5090 atque

692 5127 932 5179 habitum
978 5119 1205 5172 haberet
1256 5125 1310 5169 et
1367 5114 1583 5168 creandi
1649 5123 1998 5182 potestatein,
2041 5115 2289 5185 angelos,

689 5218 780 5287 qui
837 5231 1019 5269 secum
1087 5211 1424 5269 ceciderant,
1483 5220 1841 5266 convocasse.
1897 5219 1949 5260 et
2006 5209 2286 5261 audaciam

691 5314 797 5369 illis
831 5308 1082 5377 iujccisse
1122 5304 1436 5367 dixisseque
1477 5301 1780 5366 :Quouiam
1828 5301 1966 5353 Deus
2007 5299 2136 5353 fecit
2185 5315 2295 5352 em-

691 5406 795 5456 lnm
825 5413 880 5457 et
916 5415 1139 5464 terram,
1179 5397 1242 5455 lu
1258 5398 1516 5465 principio
1545 5397 1713 5456 enim,
1744 5395 1940 5461 inquit,
2003 5393 2140 5445 Deus
2167 5394 2293 5463 fecit

687 5499 872 5549 rttlum
935 5507 980 5547 et
1040 5503 1280 5551 terram,
1339 5489 1532 5540 Iaciam
1592 5497 1647 5538 et
1693 5500 1792 5554 ego
1846 5494 2104 5554 tanquam
2156 5488 2290 5540 alter

690 5591 831 5643 Deus
855 5585 1153 5641 secundum
1194 5580 1419 5644 ccelum,
1470 5588 1526 5631 et
1563 5577 1768 5644 reliqua
1808 5577 2068 5646 deinceps
2091 5581 2282 5633 eodem

689 5686 896 5738 ordme.
936 5678 1078 5730 Dixit
1114 5675 1296 5746 igitur,
1337 5671 1630 5742 inquiunt:
1667 5669 1788 5724 Fiat
1851 5672 2279 5737 ﬁrmamentum,

763 5870 771 5894 ‘
813 5866 915 5919 lsa.
955 5858 1172 5927 uv,H.
1256 5859 1273 5887 ¹
1304 5853 1460 5908 Joau.
1498 5871 1534 5919 ι,
1580 5853 1662 5919 Η,
1708 5855 1790 5908 18.

2471 4837 2538 4898 ς’.
2575 4835 2810 4900 Λέγουσι
2835 4834 2927 4884 τὸν
2957 4830 3241 4900 Σαταναὴλ
3260 4829 3468 4884 ἀνωθεν
3499 4828 3745 4896 ῥιφέντα,
3774 4827 3863 4877 καὶ
3911 4826 3986 4895 μὴ

2393 4927 2694 4994 δυνάμενον
2718 4928 2828 4980 τοῖς
2860 4924 3049 4976 ὕδασιν
3081 4921 3362 4992 ἐφιζάνειν
3391 4936 3404 4948 ⁸
3446 4920 3504 4974 Ἡ
3529 4916 3601 4986 γῆ
3634 4919 3764 4986 γὰρ,
3792 4920 3983 4986 φησὶν,

2391 5015 2469 5087 ἦν
2493 5019 2750 5086 ἀόρατος
2783 5019 2881 5070 καὶ
2909 5017 3482 5079 ἁκατασκεύιιστος·
3515 5011 3751 5081 ἐπείπερ
3784 5010 3868 5060 ἔτι
3892 5010 3989 5061 καὶ

2390 5113 2490 5182 τὴν
2539 5113 2693 5163 θείαν
2730 5111 3045 5180 περιέκειτο
3098 5109 3318 5179 μορφὴν
3364 5107 3456 5160 καὶ
3491 5105 3710 5174 στολὴν,
3758 5104 3854 5155 καὶ
3885 5103 3989 5170 τὴν

2397 5206 2805 5275 δημιουργικὴν
2862 5207 3135 5274 ἐκέκτητο
3184 5203 3439 5273 δύναμιν,
3497 5199 3836 5268 συγκαλέσαι
3887 5198 3986 5259 τὰς

2399 5301 2931 5367 συγκαταπεσούσας
2962 5300 3112 5368 αὐτῷ
3137 5299 3421 5367 δυνάμεις,
3449 5297 3542 5349 καὶ
3567 5295 3768 5363 θάρσος
3790 5292 3985 5352 αὐταῖς

2395 5393 2677 5462 ἐμϐαλεῖν,
2717 5395 2811 5445 καὶ
2844 5396 3043 5455 εἰπεῖν,
3067 5395 3140 5455 ὡς
3185 5393 3339 5445 Ἐπεὶ
3372 5391 3459 5442 τὸν
3489 5389 3720 5457 οὐρανὸν
3758 5386 3852 5439 καὶ
3886 5386 3987 5452 τὴν

2394 5486 2497 5552 γῆν
2520 5489 2544 5536 ὁ
2570 5485 2700 5547 Θεὸς
2721 5487 3001 5552 ἐποίησεν·
3026 5488 3129 5540 Ἐν
3145 5484 3305 5553 ἀρχῇ
3327 5485 3456 5553 γὰρ,
3479 5483 3666 5552 φησὶν,
3694 5479 3988 5543 ἐποίησεν

2392 5584 2423 5634 ό
2467 5580 2613 5643 Θεὸς
2657 5580 2763 5632 τὸν
2799 5581 3061 5648 οὐρανὸν
3091 5581 3190 5632 καί
3233 5579 3348 5647 τὴν
3372 5576 3490 5646 γῆν
3520 5593 3532 5606 ·
3566 5577 3781 5645 ποιήσω
3823 5571 3985 5636 κάγὼ

2395 5675 2655 5745 δεύτερον
2691 5675 2955 5744 οὐρανὸν,
2991 5673 3066 5739 ὡς
3107 5673 3365 5743 δεύτερος
3405 5671 3538 5733 Θεὸς
3567 5710 3580 5733 ,
3622 5669 3716 5720 καὶ
3750 5667 3816 5719 τὰ
3855 5664 3982 5731 ἑξῆς
