4420 6462
736 460 875 526 1ἳ99

1955 451 2337 513 EUTllYMlI
2379 446 2736 508 ZlGAIlENl

3833 425 3971 492 1300

730 573 884 639 aquis
917 568 1187 630 habitant,
1220 579 1274 622 et
1336 568 1388 621 in
1425 566 1684 631 fontibus,
1739 571 1792 618 et
1827 564 1878 616 in
1929 564 2091 626 mari,
2145 570 2199 614 et
2242 562 2296 613 in
2328 566 2369 617 A
2406 574 2475 624 μυ

2242 562 2296 613 in
2328 566 2369 617 A
2406 556 2610 624 μυθικά
2638 570 2651 583 ο
2703 551 2841 605 ἀλλὰ
2879 550 2993 610 πῶς
3028 546 3130 599 οὐκ
3168 545 3402 616 ἠδύνατο
3454 542 3568 603 τοῖς
3630 540 3813 592 ὕδασιν
3848 539 3970 604 ἐφι-

732 662 863 712 locis
894 660 1289 722 subterraneis,
1358 673 1478 709 cum
1517 672 1544 707 a
1579 656 1800 708 materia
1862 654 2074 720 longius
2106 652 2304 713 absint,

728 765 889 810 quam
922 748 1021 814 ipsi
1059 756 1343 799 ventorum
1381 744 1578 797 ﬂatus?
1604 743 1755 808 Quod
1783 742 1828 795 si
1855 740 2112 795 Satanael
2145 750 2308 790 natu-

728 854 785 890 ra
813 839 999 891 fuisset
1026 836 1163 889 ﬁlius
1194 836 1303 898 Dei,
1328 834 1562 903 potentia
1592 835 1733 888 Patri
1759 847 1856 885 suo
1880 846 1973 899 par
1992 830 2305 888 exstitisset,

728 928 1179 994 quemadmodum
1208 935 1260 979 et
1294 925 1595 989 unigenitus
1654 924 1840 989 Filius,
1866 925 1955 991 qui
1998 924 2126 976 dicit
2154 939 2169 975 :
2197 918 2306 984 Ego

728 1028 775 1068 ct
808 1016 969 1068 Pater
998 1032 1158 1067 unum
1208 1032 1387 1069 sumus
1419 1016 1457 1067 ί.
1493 1014 1558 1067 Ει
1613 1030 1822 1067 rursum
1863 1033 1875 1067 :
1921 1013 2134 1074 Omnia,
2191 1025 2307 1078 quae

730 1106 891 1158 Pater
921 1105 1092 1166 habet,
1120 1120 1233 1156 mea
1263 1113 1383 1155 sunt
1424 1105 1464 1155 ¹.
1498 1101 1565 1154 Εῑ
1598 1118 1812 1156 rursum
1841 1119 1854 1155 :
1891 1103 1990 1165 Qui
2023 1102 2152 1153 vidit
2206 1116 2306 1161 me,

733 1195 945 1247 Patrem
986 1197 1108 1248 vidit
1144 1197 1182 1247 ³.
1213 1194 1275 1247 Et
1313 1210 1524 1248 rursum
1555 1210 1569 1247 :
1614 1192 1733 1245 Nisi
1767 1195 1903 1263 facio
1928 1209 2085 1259 opera
2130 1190 2309 1242 Patris

731 1287 855 1348 mei,
884 1302 945 1338 ne
976 1287 1029 1337 in
1063 1301 1141 1337 me
1165 1286 1356 1336 credite
1386 1284 1427 1337 ⁸.
1490 1284 1641 1348 Quod
1667 1285 1711 1338 si
1745 1285 1981 1351 potentia
2010 1298 2106 1350 par
2139 1280 2309 1334 exsti-

734 1376 1185 1441 tisset,qnainvis
1239 1376 1304 1427 de
1360 1372 1661 1427 defectione
1713 1374 1935 1426 omnino
1993 1372 2308 1440 cogitasset,

733 1467 873 1516 haud
902 1464 1058 1517 facile
1088 1466 1332 1534 dejectus
1368 1474 1532 1518 esset.
1560 1463 1812 1531 Dejectus
1842 1476 2021 1517 autem
2060 1463 2149 1514 Dei
2200 1464 2309 1514 for-

735 1574 875 1611 mam
930 1570 1091 1625 atque
1117 1560 1377 1620 habitum,
1417 1571 1469 1613 et
1500 1560 1820 1627 procreandi
1854 1567 2176 1627 potestatem
2205 1570 2308 1606 non

735 1651 1064 1703 retinuisset.
1094 1648 1184 1702 llis
1236 1649 1379 1702 enim
1431 1650 1582 1717 prius
1618 1649 1766 1703 illum
1794 1649 2011 1715 spoliari
2044 1646 2307 1715 oportuit,

733 1741 927 1794 deinde
959 1741 1176 1806 expelli.
1237 1740 1419 1805 Quare
1470 1754 1592 1792 cum
1651 1754 1775 1808 pars
1840 1739 2031 1791 horum
2070 1736 2307 1789 absurda

733 1839 790 1884 et
826 1832 895 1881 ab
926 1830 1077 1882 onmi
1110 1828 1337 1882 veritate
1390 1827 1566 1881 aliena
1615 1829 1898 1896 perspicue
1936 1827 2029 1889 sit,
2090 1832 2307 1879 constat

2409 648 2628 709 ζάνειν,
2695 643 2894 713 μᾶλλον
2941 642 2997 693 δὲ
3056 640 3180 690 ἐπεὶ
3231 639 3293 690 τὸ
3371 634 3650 702 ὲφιζάνειν
3725 629 3975 696 σώματός

2408 737 2558 798 ἐστι,
2633 733 2753 790 πῶς
2814 730 2916 781 οὐκ
2978 727 3211 794 ἠδύνατο
3268 723 3408 791 μετὰ
3465 720 3576 771 τῶν
3633 727 3977 768 συναποστα-

2405 828 2575 880 τικῶν
2630 825 2913 893 δυνάμεων
2962 820 3106 889 ἔχειν
3156 818 3218 869 τὸ
3287 814 3432 883 ὕδωρ
3508 804 3975 872 ἐνδιαιτητήριονς

2410 921 2520 973 Καὶ
2580 917 2688 985 γὰρ
2734 916 2831 967 καὶ
2884 911 2981 964 νῦν
3042 909 3231 962 ὕδασιν
3285 900 3695 959 ὲνδιαιτῶνται,
3748 893 3844 945 καὶ
3868 907 3976 957 πη-

2408 1191 2518 1245 τῶν
2551 1188 2851 1256 ἁνεμιαὶων
2886 1184 3211 1249 πνευμάτων
3240 1176 3531 1241 ἀῦλότερα.
3573 1170 3633 1220 Εἰ
3668 1166 3725 1218 δὲ
3756 1167 3849 1216 καὶ
3886 1161 3987 1228 φῦ·
4060 1216 4077 1235 θ

2414 1298 2494 1333 σει
2521 1252 2665 1331 Θεοῦ.
2690 1277 2800 1336 υίὸς
2831 1272 2929 1344 ἦν,
2962 1268 3239 1337 ίσοσθενὴς
3271 1266 3337 1317 ἂν
3372 1260 3441 1332 ἦν
3470 1260 3549 1326 τῷ
3581 1256 3744 1326 φύσει
3775 1252 3947 1316 [Ιατρὶ
3969 1285 3985 1310 ,

2412 1371 2664 1437 καθάπερ
2690 1368 2784 1420 καὶ
2815 1340 3173 1433 δήμονογενὴς
3200 1357 3327 1417 Υἱὸς
3358 1356 3386 1405 ὁ
3411 1352 3605 1417 λέγων,
3652 1345 3798 1412 Ἐγὼ
3830 1340 3926 1392 καί
3954 1340 3987 1390 ὁ

2412 1461 2615 1526 Πατὴρ
2634 1429 2712 1511 ’ἓν
2743 1429 2949 1524 ἐσμεν.
2987 1454 3095 1505 Καὶ
3136 1446 3313 1507 αὖθις.
3353 1446 3415 1495 '0
3445 1436 3717 1507 ἑωρακὼς
3750 1432 3852 1500 ἐμὲ
3880 1429 3984 1526 ἑω-

2403 1518 2695 1620 ρακεπτὸν
2729 1518 2977 1612 Πατέρα.
3009 1544 3120 1596 Καὶ
3150 1538 3341 1595 πάλιν,
3376 1535 3536 1584 Ὅσα
3565 1530 3689 1595 ἔχει
3723 1528 3755 1576 ό
3790 1518 3990 1584 Πατὴρ

2411 1613 2521 1711 ἐμά
2546 1642 2699 1694 ἐστι.
2740 1638 2849 1688 Καὶ
2882 1634 3060 1695 αὖθις,
3090 1631 3157 1681 ει
3185 1631 3257 1681 οὐ
3282 1624 3430 1677 ποιῶ
3456 1623 3527 1673 τὰ
3561 1620 3704 1684 ἔργα
3738 1613 3842 1666 τοῦ
3872 1614 3991 1662 Πα-
4046 1634 4059 1643 -

2410 1702 2550 1794 t-pdc
2574 1729 2811 1798 μου.μὴ
2839 1720 3156 1777 πιστεύετέ
3176 1734 3298 1786 μοι.
3334 1709 3637 1776 Ἱσοσθενὴς
3666 1707 3722 1758 δὲ
3754 1702 3829 1756 ὣν
3858 1702 3989 1753 ἀντ-

2574 1790 2680 1883 ἐὶν,
2704 1790 2891 1884 ὲτπε-ιδὴ
2913 1815 3007 1866 καὶ
3028 1813 3167 1872 ὅλως
3188 1804 3530 1861 ἀποστασίαν
3553 1798 3874 1867 ἐμελέτησε,
3898 1790 3997 1843 καὶ

732 1930 787 1976 οι
814 1933 900 1985 ea,
931 1933 1050 1988 qua:
1081 1928 1507 1988 consequuntur,
1544 1919 1702 1987 plane
1724 1919 1857 1971 falsa
1891 1931 2036 1979 esse.
2075 1930 2174 1975 nec
2201 1913 2310 1968 ullo
2343 1895 2385 1955 Β
2411 1909 2474 1960 οὗ

2247 1913 2310 1968 llo
2343 1895 2385 1955 Β
2411 1881 2624 1962 οὑκ-ἃν
2652 1881 2796 1958 οὕτω
2840 1881 3041 1974 ῥαδίως
3081 1893 3418 1963 κατεϐλήθη.
3450 1889 3576 1950 Πῶς
3602 1886 3659 1939 δὲ
3692 1884 3787 1937 καὶ
3815 1881 3992 1952 ριφεὶς

736 2008 893 2065 modo
923 2021 1082 2080 posse
1106 2010 1426 2063 consistere.
1462 2006 1568 2060 Nec
1597 2007 1729 2060 illud
1782 2006 2159 2074 negligendum
2212 2012 2314 2067 est,

732 2099 876 2166 quod
912 2114 975 2152 ex
1004 2099 1199 2169 Moysis
1229 2098 1367 2151 libro
1392 2111 1550 2164 quem
1582 2096 1910 2164 improbant,
1949 2092 2313 2147 testimonium

738 2191 863 2243 illml
894 2187 1175 2258 proferunt
1213 2208 1226 2243 :
1265 2188 1329 2241 lu
1379 2188 1635 2256 principio
1674 2186 1799 2254 fecit
1853 2185 1991 2252 Deira
2038 2185 2224 2237 coelum
2267 2193 2317 2237 et

735 2293 953 2335 terram.
989 2280 1121 2334 Nam
1185 2283 1328 2349 quod
1381 2279 1631 2333 Satanael
1668 2280 2064 2332 ﬁrmamentum
2127 2276 2318 2330 fecisse

735 2376 940 2439 dicunt,
973 2386 1021 2428 et
1060 2389 1227 2443 aquas
1262 2373 1312 2424 in
1365 2371 1478 2426 loca
1513 2371 1642 2441 ipsis
1700 2382 1885 2439 parata
1936 2383 2313 2440 congregasse,

735 2484 1068 2538 ornasseqne
1125 2469 1550 2529 ﬁrmamentum,
1611 2475 1663 2518 ct
1707 2475 1929 2530 terrain,
1984 2474 2038 2518 et
2073 2478 2191 2533 qua:
2230 2477 2315 2515 se-

735 2574 976 2630 quuntur
997 2561 1201 2622 omnia,
1240 2574 1408 2627 usque
1453 2559 1517 2610 ad
1570 2558 1804 2611 hominis
1860 2556 2237 2609 formationem
2264 2566 2319 2607 et

737 2652 1154 2707 inminutionem
1186 2652 1239 2703 in
1272 2665 1419 2713 eum,
1452 2664 1515 2702 ex
1544 2648 1740 2718 Moysis
1764 2650 1924 2712 libro,
1945 2647 1996 2700 in
2022 2663 2129 2715 quo
2160 2662 2319 2699 mnu-

736 2748 789 2800 di
818 2745 1508 2814 procreationenienarrat,
1529 2752 1777 2809 surrepta
1804 2720 1974 2794 sunta
1999 2737 2316 2805 Bogomilis,

734 2835 1289 2905 nuiPaulicianorum
1344 2831 1655 2901 opinionem
1703 2840 1994 2899 sequentes
2044 2827 2318 2895 opiﬁcium

735 2945 925 2983 eorum
958 2926 1240 2981 Satanaeli
1299 2925 1629 2977 tribuerunt.
1683 2921 1763 2975 llli
1817 2922 1960 2973 enim
1996 2933 2100 2973 non
2143 2918 2319 2972 solum

734 3021 961 3075 aliarum
986 3033 1188 3081 rerum,
1214 3017 1306 3072 sed
1340 3016 1502 3070 etiam
1526 3013 1684 3081 primi
1712 3013 2038 3075 hominis,et
2063 3023 2239 3072 terrae,
2268 3018 2322 3062 et

733 3113 974 3169 omnium
1009 3124 1131 3179 qua:
1161 3110 1213 3161 in
1251 3108 1451 3162 mundo
1494 3116 1642 3167 sunt,
1701 3107 2130 3173 procreationem
2179 3101 2322 3154 malo

734 3203 1033 3257 ascribunt.
1083 3202 1274 3265 Quaere
1330 3200 1380 3252 in
1452 3198 1610 3251 titulo
1662 3196 1925 3249 Adversus
1983 3193 2391 3280 l’aulicianosc
2428 3223 2479 3256 σι,

1868 3212 1925 3247 us
1983 3193 2319 3246 l’aulicianos
2348 3223 2391 3280 ϐ
2428 3219 2554 3256 στον
2597 3196 3016 3267 ὲμφυσήματος,
3063 3190 3127 3241 ὲκ
3177 3186 3275 3252 τῆς
3327 3177 3612 3251 μωσαϊκῆς

735 3295 913 3362 capita
945 3308 1061 3359 qua“:
1094 3292 1349 3360 inseripta
1384 3298 1509 3343 sunt
1540 3304 1556 3340 :
1601 3288 1718 3340 Non
1750 3303 1861 3339 esse
1900 3287 2004 3338 duo
2027 3284 2316 3351 principia,

734 3388 825 3441 sed
859 3402 1020 3438 unum
1048 3395 1314 3436 auctorem
1346 3381 1483 3443 coeli,
1520 3389 1567 3433 el
1597 3391 1771 3440 terrm,
1810 3387 1858 3430 et
1888 3393 2068 3430 eorum
2098 3391 2233 3444 'qute
2265 3375 2318 3425 in

735 3480 903 3531 medio
947 3486 1090 3540 sunt,
1145 3485 1195 3526 ct
1248 3475 1299 3525 in
1366 3471 1470 3525 illis
1533 3468 1779 3523 invenies
1822 3466 2001 3518 varias
2057 3466 2317 3525 rationes,

733 3570 929 3636 quibus
981 3568 1093 3618 lucc
1155 3561 1549 3631 Bogomilornm
1609 3557 1792 3626 opinio
1830 3554 2101 3608 c0nfutsiri
2163 3552 2321 3604 facile

734 3670 917 3730 queat.
951 3660 1023 3712 lbi
1075 3671 1286 3709 rursum
1323 3664 1507 3721 aperte
1539 3649 1911 3718 deprehendes
1965 3649 2015 3699 in
2068 3644 2321 3713 capitulis

735 3752 1212 3821 subsequentibus,
1238 3763 1355 3815 qua:
1381 3745 1633 3800 similiter
1655 3743 1919 3811 inscripta
1947 3750 2075 3794 sunt
2111 3738 2322 3793 :Uuum

734 3864 847 3902 esse
907 3846 1137 3913 corporis
1169 3852 1214 3894 et
1255 3840 1450 3894 anima:
1496 3847 1776 3889 auctorem.
1809 3834 1941 3887 Nam
1979 3832 2215 3886 fabulam
2261 3833 2325 3880 de

734 3952 987 4012 serpente
1039 3940 1105 3991 ab
1158 3936 1287 4005 ipsis
1334 3930 1644 3993 cooﬁctam,
1696 3941 1749 3982 ut
1784 3930 1894 3981 risu
1937 3927 2111 3996 potius
2164 3938 2323 3992 quam

737 4034 1112 4092 coniuratione
1138 4031 1354 4096 dignam
1378 4026 1713 4079 omittemus.
1762 4020 1930 4085 Quem
1968 4033 2129 4089 porro
2185 4018 2327 4086 lega—

740 4145 850 4184 tum
885 4128 1030 4180 misit
1061 4124 1126 4177 ad
1162 4122 1373 4173 Patrem
1404 4127 1452 4171 et
1504 4116 1670 4168 Deum
1712 4130 1871 4183 quem
1916 4111 2126 4165 insidiis
2155 4113 2326 4178 petie-

740 4233 845 4285 rit,
904 4222 1017 4286 ipse
1040 4218 1149 4283 jam
1188 4214 1356 4267 hosﬁs
1400 4208 1739 4264 declaratus?
1770 4204 1937 4259 Nemo
1964 4205 2107 4255 enim
2130 4216 2318 4255 eorum

740 4315 830 4384 qui
862 4310 1018 4365 simul
1051 4306 1363 4361 defecerant
1390 4317 1455 4354 eo
1488 4313 1710 4352 munere
1738 4296 1884 4363 fungi
1922 4307 2088 4347 ausus
2155 4302 2324 4345 esset.

746 4413 806 4460 lit
865 4418 1023 4459 nemo
1086 4412 1302 4453 rursum
1366 4393 1681 4463 angelorum
1744 4392 1851 4442 Deo
1898 4385 2325 4441 ministrantium

744 4516 862 4553 eam
925 4492 1262 4565 provinciam
1304 4490 1557 4557 cepisset,
1609 4494 1666 4537 ut
1730 4485 1776 4536 ei
1827 4483 2037 4535 hostem
2073 4480 2242 4549 ipsius
2275 4488 2331 4532 et

2417 1998 2564 2069 εῖχεν
2592 1998 2674 2050 ἔτι
2698 1997 2798 2066 τὴν
2962 1988 3099 2043 Θεοῦ
3133 1986 3374 2057 μορφὴν,
3405 1981 3503 2034 καὶ
3531 1976 3746 2045 στολὴν,
3775 1974 3869 2026 καὶ
3895 1970 3994 2040 τὴν

2416 2063 2818 2160 δημιουργικὴν
2847 2082 3012 2137 αὑτοῦ
3044 2082 3313 2147 δύναμιν;
3345 2075 3492 2127 Ἔδει
3528 2071 3637 2139 γὰρ
3665 2068 3830 2121 αὐτὸν
3861 2063 3997 2133 πρό-

2416 2156 2574 2252 τερον
2599 2156 2953 2250 γυμνωθῆναι
2976 2173 3205 2233 τούτων,
3235 2166 3353 2222 εἶτα
3374 2161 3803 2234 καταρῤιφῆναι.
3841 2156 3999 2209 Ἀπι-

2419 2244 2582 2329 θάνου
2610 2244 2687 2326 ’δὲ’
2727 2271 2820 2324 τοῦ
2851 2244 3061 2339 μέρους
3107 2263 3298 2318 τούτου
3337 2257 3617 2327 φανέντος,
3647 2251 3742 2304 καὶ
3786 2244 3996 2315 γυμνοῦ

2420 2374 2601 2436 πάσης
2635 2365 2914 2435 ἀληθείας,
2947 2356 3261 2415 ἀκολούθως
3293 2352 3386 2404 καὶ
3415 2349 3483 2401 τὰ
3517 2341 3791 2398 ἀκόλουθα
3820 2338 3999 2404 τούτῳ

2417 2465 2590 2537 ψευδῆ
2622 2461 2928 2530 φαίνονται.
2956 2452 3051 2504 καὶ
3078 2448 3381 2502 ἀσύστατα.
3411 2437 3727 2506 Σκοπητέον
3761 2435 3838 2495 δὲ,
3879 2430 4000 2491 πῶς

2419 2520 2484 2613 ἐκ
2513 2520 2609 2625 τῆς
2635 2520 3023 2616 ’ἀθετουμένης
3056 2542 3242 2601 αὐτοῖς
3279 2533 3560 2605 μωσαῖκῆς
3596 2527 3783 2597 βίϐλου
3816 2520 4000 2589 παρά-

2419 2614 2605 2723 γουσίἾ
2628 2614 2957 2717 μαρτυρίαν,
2989 2639 3071 2690 ὅτι
3110 2636 3167 2686 ὲν
3213 2631 3358 2698 ἀρχῇ
3412 2628 3669 2691 ἐποίησεν
3692 2622 3719 2672 ὁ
3750 2617 3882 2676 θεὸς
3909 2614 4003 2665 τὸν

2421 2706 2653 2813 οὐρανὸν
2683 2706 2780 2789 καὶ
2816 2706 2917 2801 τὴν
2946 2730 3073 2799 γῆν.
3126 2724 3199 2778 Τὸ
3228 2722 3287 2775 δὲ
3317 2715 3690 2787 δογματίζειν,
3727 2712 3809 2762 ὅτι
3840 2709 3867 2759 ὁ
3899 2706 4005 2756 Σα-

2420 2800 2628 2901 ταναὴλ
2652 2826 3055 2897 ἐδημιούργησε
3072 2818 3134 2871 τὸ
3161 2814 3473 2884 στερέωμα,
3503 2807 3598 2860 καὶ
3620 2806 3703 2857 ὃτι
3726 2800 4004 2867 συνήγαγε

2420 2930 2490 2982 τά
2519 2926 2687 2978 ῦδατα
2716 2922 2794 2982 είς
2827 2921 2927 2978 τὰς
2961 2904 3507 2966 κατασκευασθείσας
3536 2900 3720 2956 αὐτοῖς
3754 2908 4006 2957 συναγωο

2421 3022 2545 3089 γάς,
2574 3020 2669 3072 καὶ
2697 3016 2779 3067 ὅτι
2806 3008 3189 3075 κατεκόσμησε
3214 3000 3276 3063 τὸ
3310 2995 3601 3064 στερέωμα
3628 2990 3720 3043 καὶ
3747 2987 3846 3055 τὴν
3879 2984 4005 3049 γῆν,

2423 3075 2618 3166 itaita
2648 3104 2846 3175 ἑφεξῆς
2874 3101 3091 3154 ἅπαντα
3124 3093 3284 3163 μέχρι
3315 3088 3411 3141 τοῦ
3444 3089 3523 3147 είς
3550 3084 3642 3135 τὸν
3679 3075 4008 3148 πρωτόπλα-

3665 3173 3761 3241 μὲν
3806 3184 4010 3235 κοσμο-

2426 3294 2643 3364 γενείας
2682 3285 3026 3355 ὲσυλήῡησαν
3047 3302 3082 3344 ,ο
3097 3277 3173 3345 τῷ
3213 3268 3500 3337 Σαταναὴλ
3534 3267 3591 3318 δὲ
3626 3264 3881 3316 ἀνέθεντο
3913 3258 4009 3324 τὴν

2429 3349 2638 3440 τούτων
2677 3349 3038 3450 δημιουργίαν
3071 3372 3120 3423 οί
3171 3364 3459 3433 Βογόμιλοι
3493 3359 3571 3428 τῷ
3617 3357 3849 3421 δόγματι
3900 3349 4010 3399 τῶν

2428 3478 2807 3534 Παυλικιάνων
2831 3463 3270 3521 ἀκολουθοῦντες.
3306 3457 3537 3511 Ἐκεῖνοι
3554 3452 3661 3520 γὰρ
3680 3448 3758 3515 τῷ
3784 3441 4012 3511 πονηρῷ

2428 3558 2487 3626 οῦ
2520 3571 2677 3640 μόνον
2696 3569 2792 3632 τὴν
2818 3575 3026 3615 τουτων
3052 3550 3421 3622 δημιουργίαν
3451 3543 3844 3610 ἀπονέμουσιν,
3874 3535 4013 3587 ἀλλά

2436 3667 2529 3719 καὶ
2552 3662 2647 3731 τὴν
2681 3657 2775 3711 τοῦ
2805 3653 3022 3723 πρώτου
3050 3644 3283 3715 οὐρανοῦ
3309 3642 3403 3693 καὶ
3431 3638 3529 3705 τῆς
3546 3637 3671 3702 γῆς,
3696 3633 3789 3684 καὶ
3813 3626 4012 3681 ἁπλῶς

2439 3714 2527 3719 ⁷““”
2606 3714 2617 3731 Ι
2852 3714 2862 3723 Ι
3124 3714 3127 3715 ,

2430 3756 2625 3815 εἰπεῖν,
2654 3748 2909 3802 ἁπάντων
2933 3742 3043 3793 τῶν
3069 3734 3403 3803 ὲγκοσμίων.
3432 3727 3542 3779 Καὶ
3569 3726 3806 3791 ζήτησον
3836 3722 3893 3769 ὲν
3934 3714 4013 3782 τῷ

2431 3844 2581 3899 κατά
2634 3839 2754 3894 τῶν
2803 3829 3227 3888 Παυλικιάγων
3283 3821 3447 3887 τίτλῳ
3474 3818 3541 3869 τά
3588 3812 3889 3878 κεφάλαια,
3932 3801 4013 3864 οἷς

2432 3927 2991 4002 ἐπιγέγραπται,”οτι
3014 3923 3085 3973 οὐ
3103 3918 3212 3970 δύο
3242 3912 3439 3981 ἁρχαὶ,
3472 3906 3609 3962 ἀ.ὶ.ι’
3627 3901 3714 3969 εἷς
3734 3902 4018 3967 δημιουρ-

2432 3994 2842 4097 γὸςυοίνρανοῦ,
2861 4015 2959 4070 καὶ
2975 4013 3108 4083 γῆς,
3128 4006 3356 4063 καὶτῶν
3371 4003 3635 4071 ἐνμέσῳ,
3650 3999 3743 4050 καὶ
3760 3994 4019 4060 εὑρήσεις

2434 4084 2491 4174 ἐν
2518 4084 2749 4174 εκείνοις
2772 4112 2868 4170 τὰς
2900 4103 3248 4175 προσφόρους
3277 4092 3740 4163 ἀνατροπὰς,ὅσαι
3768 4084 3845 4137 τῶ
3874 4100 4019 4150 παρ-

2435 4215 2552 4267 όντι
2588 4208 2725 4260 ⁹τῶν
2757 4199 3072 4270 Βογομίλων
3097 4195 3331 4261 δόγματι
3361 4184 3865 4258 προσαρμόζουσιν.
3894 4178 4019 4229 Ὀτι

2433 4307 2489 4360 δὲ
2516 4303 2633 4357 οὐδὲ
2658 4300 2717 4351 τὸ
2744 4268 2903 4362 σῶμα
2935 4290 3027 4345 τοῦ
3052 4283 3483 4356 πρωτοπλάστου
3505 4276 3900 4346 δημιούργημα
3922 4268 4020 4320 τοῦ

2436 4393 2721 4462 Σαταναήλ
2758 4392 2923 4449 ἐστιν,
2960 4384 3080 4436 ἐκεῖ
3110 4378 3272 4431 πάλιν
3306 4374 3491 4442 σαφῶς
3526 4372 3782 4439 εὑρήσεις
3819 4368 3874 4417 ἐν
3905 4367 4022 4424 τοῖς

2437 4489 2636 4558 ἑφεξῆς
2655 4454 2992 4551 κεφαλαίοις,
3014 4473 3093 4537 οἷς
3118 4472 3320 4541 ὁμοίως
3345 4464 3907 4534 ἑπιγέγραπται,”οτι
3931 4454 4021 4518 εἷς

744 4609 901 4648 suum
938 4587 1339 4643 reconciliaret.
1376 4581 1453 4633 Ad
1497 4580 1611 4633 hazc
1659 4576 1931 4645 quomodo
1971 4577 2143 4627 bonus
2188 4572 2330 4627 Deus
2359 4578 2410 4640 ι)
2437 4551 2489 4638 δι]

2275 4588 2330 4625 "5
2359 4578 2410 4640 D
2437 4551 2799 4650 δημιουργὸς
2818 4572 2924 4626 τοῦ
2948 4569 3247 4635 σώματος,
3272 4559 3494 4627 καὶτῆς
3515 4555 3747 4626 ψυχῆς,
3771 4554 3891 4622 ἢτοι
3924 4551 4020 4603 τοῦ

744 4687 968 4743 inimico
996 4678 1363 4735 consensisset
1403 4668 1720 4741 postulanti,
1757 4677 1813 4722 ut
1858 4666 2094 4720 animam
2129 4666 2180 4716 in
2211 4678 2334 4717 cor-

748 4798 847 4850 pus
876 4795 903 4829 a
938 4791 994 4829 se
1029 4774 1321 4826 iurmzituin
1355 4766 1685 4823 demitteret,
1722 4770 1779 4813 ut
1823 4760 1985 4813 homo
2026 4755 2334 4810 communis

747 4847 923 4928 iuret?
953 4867 1084 4932 Quae
1114 4863 1258 4917 enim
1284 4855 1598 4913 communio
1629 4854 1729 4905 luci
1778 4867 1898 4904 cum
1933 4847 2203 4903 tenebris?
2243 4858 2335 4899 aut

742 4966 833 5035 qui
868 4972 1168 5017 consensus
1222 4954 1332 5006 Deo
1391 4962 1515 5002 cum
1569 4944 1737 4999 Belial
1771 4943 1834 4995 ’Ἰ
1884 4940 2002 4995 Jam
2062 4936 2335 5008 quomodo

745 5051 1001 5113 Szitanael
1032 5045 1277 5114 corporis
1305 5055 1498 5110 expers
1530 5039 1741 5092 ratione
1762 5048 2023 5102 corporea
2057 5045 2180 5085 cum
2219 5028 2330 5081 Eva

741 5144 1069 5207 concubuit?
1096 5141 1201 5196 Per
1234 5132 1528 5191 visnmne?
1560 5132 1624 5183 At
1656 5130 1698 5183 si
1720 5130 1831 5195 ‘per
1860 5128 2059 5189 visum,
2094 5138 2331 5193 quomo-

742 5248 811 5300 do
840 5258 904 5300 ex
939 5241 1023 5295 illa
1059 5237 1198 5291 ﬁlios
1234 5226 1582 5302 procreavit?
1616 5224 1723 5277 Aut
1756 5237 1854 5275 cur
1876 5220 2010 5275 Cain
2050 5217 2193 5272 ﬁlius
2220 5215 2337 5284 ejus

743 5353 849 5393 non
877 5336 979 5403 ipsi
1020 5346 1117 5401 par
1155 5337 1209 5383 et
1244 5325 1435 5381 similis
1468 5322 1589 5383 fuit,
1616 5319 1708 5371 sed
1734 5314 1940 5369 Adam?
1970 5310 2161 5367 Omnis
2190 5307 2336 5363 enim

742 5398 928 5500 proles
991 5398 1222 5493 genitori
1285 5429 1479 5471 natura
1540 5426 1636 5479 par
1686 5418 1739 5462 et
1794 5405 1989 5460 similis
2047 5412 2149 5456 est.
2201 5398 2337 5452 Nam

744 5492 885 5591 quod
914 5492 1151 5571 Joannes
1183 5508 1466 5580 apostolus
1500 5503 1659 5563 dixit.
1705 5499 1840 5553 Cain
1865 5512 1930 5551 ex
1966 5495 2113 5549 malo
2145 5492 2337 5553 fuisse,

744 5631 849 5669 non
878 5628 944 5667 co
976 5617 1225 5680 spectant
1272 5597 1384 5657 haec
1439 5598 1627 5658 verba,
1662 5594 1802 5665 quod
1854 5606 2080 5659 corpore
2145 5586 2214 5641 ab
2252 5585 2341 5639 illo

744 5710 908 5765 fuerit
940 5710 1283 5774 procreatus,
1325 5699 1417 5752 sed
1446 5693 1590 5765 quod
1621 5691 1687 5743 ab
1727 5688 1819 5743 illo
1882 5684 2143 5739 malitiam
2197 5680 2342 5735 didi-

742 5805 900 5861 ceii'.
936 5802 1091 5869 Saepe
1114 5796 1259 5852 enim
1283 5802 1337 5847 et
1369 5787 1668 5856 discipulus
1696 5792 1923 5837 vocatur
1953 5780 2111 5841 ﬁlius,
2134 5783 2190 5831 et
2220 5788 2335 5828 ma—

820 5918 1012 5974 ‘Joan.
1034 5931 1087 5983 χ,
1115 5912 1202 5968 50.
1305 5912 1325 5943 ²
1353 5908 1490 5964 Joan
1546 5920 1655 5967 XVI,
1682 5901 1762 5956 l5.
1844 5900 1864 5930 ³
1886 5898 2046 5953 .lom.
2073 5910 2176 5949 xw.
2209 5892 2263 5947 9.

2341 5890 2361 5920 ‘
2377 5890 2519 5946 Joan
2580 5903 2632 5954 χ,
2673 5884 2760 5940 57.

2433 4644 2747 4743 ἀν-όριτητου.
2770 4666 2882 4731 Τὴν
2903 4661 3013 4730 γάρ
3042 4656 3185 4710 κατά
3212 4656 3304 4706 τὸν
3328 4653 3455 4716 ὅφιν
3482 4646 3811 4718 μυθολογίαν
3838 4644 4023 4695 αὐτῶν

2434 4734 2782 4833 παρήσομεν,
2806 4755 2881 4817 ὡς
2897 4753 3134 4821 γέλωτος
3159 4745 3361 4813 μᾶλλον
3384 4741 3416 4810 ἢ
3442 4738 3820 4809 ἀντιρρήσεως
3842 4734 4023 4798 ἀξίαν.

2433 4802 2701 4911 Διάγεέίνοέ
2726 4802 2782 4898 δέ
2809 4802 3031 4913 μεσιίτου
3056 4802 3267 4905 καὶ-τὴν
3289 4802 3426 4901 πρὸς
3448 4832 3540 4883 τὸν
3563 4802 4034 4880 έσιιιδουλευθέντα1

2435 4945 2661 5011 Πατέρα
2679 4940 2773 4991 καὶ¹
2794 4934 2929 4989 θεὸν
2946 4931 3247 4998 ἐποιήσατο
3274 4922 3573 4995 πρεσὸείαν
3591 4923 3619 4972 ὁ
3648 4915 4027 4987 καταρραγεὶς

2432 5006 2626 5104 ἐχθρός
2653 5048 2668 5097 ;
2702 5026 2879 5089 οὐδεὶς
2913 5024 3011 5092 μὲν
3034 5022 3142 5091 γάρ
3165 5020 3229 5072 ὲκ
3253 5016 3361 5070 τῶν
3387 5011 3849 5067 συναποστάντων
3873 5006 4027 5073 αὐτῷ

2431 5098 2642 5194 ταύτην
2684 5118 3059 5187 ἀνετόλμησεν
3104 5110 3431 5180 ὑποστῆναι.
3480 5106 3591 5159 Καὶ
3640 5099 3799 5163 αῦοις
3844 5098 4027 5160 οὐδεὶς

2433 5220 2543 5274 τῶν
2587 5193 2737 5285 ἰταρά
2772 5211 2852 5282 τῷ
2892 5208 3014 5277 Θεῷ
3058 5200 3455 5275 λειτουργικῶν
3493 5197 3744 5265 ἀγγέλων
3790 5193 4027 5261 ἠθέλησε

4027 4704 4037 4779 i

4040 4636 4051 4652 C

2439 5312 2762 5384 μεσιτεῦσαι
2788 5305 2866 5375 τῷ
2890 5305 2985 5358 καὶ
3013 5300 3218 5355 τούτων
3240 5295 3440 5366 ἐχθρῷ.
3470 5292 3595 5355 Πῶς
3626 5290 3683 5342 δὲ
3714 5289 3808 5341 καὶ
3835 5289 3863 5338 ὁ
3885 5290 4029 5353 ἁγα-

2439 5378 2530 5469 δὸς
2566 5404 2698 5464 Θεὸς
2733 5398 3057 5467 ἐπλήρωσεν
3097 5392 3164 5445 ἂν
3201 5390 3302 5459 τὴν
3337 5386 3556 5455 αἴτησιν
3587 5382 3683 5436 τοῦ
3719 5378 4028 5448 δυσμενοῦς

2438 5498 2539 5568 τὴν
2570 5494 2699 5566 περὶ
2724 5490 2820 5544 τοῦ
2852 5484 3215 5554 καταπέμψαι
3244 5481 3380 5552 πρὸς
3411 5478 3471 5531 τὸ
3493 5477 3560 5529 δι’
3585 5472 3756 5527 αὐτοῦ
3783 5469 4031 5524 πλασῡὲν

2443 5561 2603 5658 σιῦμα
2633 5561 2814 5656 ψυχὴν
2833 5624 2849 5648 ,
2883 5582 3027 5634 ὥστε
3059 5572 3199 5630 εἶναι
3231 5574 3321 5627 τὸν
3353 5572 3645 5639 ἄνθρωπον
3682 5564 3861 5618 κοινόν
3888 5579 3903 5627 ;
3932 5561 4031 5623 Τίς

2440 5655 2824 5751 γὰρκοινωνία
2854 5675 2995 5742 φωτὶ
3022 5670 3158 5740 πρὸς
3194 5667 3384 5727 σκότος
3411 5683 3425 5729 ;
3456 5662 3553 5724 Τίς
3583 5661 3638 5712 δὲ
3666 5655 4031 5726 συμφώνησις

2444 5747 2565 5841 Θεῷ
2597 5769 2735 5840 πρὸς
2765 5766 3002 5834 Βελίαρ;
3036 5762 3161 5825 [ιὼς
3187 5760 3231 5812 δ’
3282 5758 3351 5811 ἂν
3384 5758 3481 5811 καὶ
3503 5757 3531 5807 ὁ
3560 5750 3846 5807 Σαταναὶπλ
3877 5747 4031 5802 dati:—

2846 5885 2865 5914 ⁵
2902 5880 2943 5935 Il
2966 5879 3091 5935 Cor.
3125 5895 3199 5942 vr,
3230 5875 3315 5939 Η,
3344 5874 3428 5929 l3.
