4420 6462
764 413 785 477 1
798 416 901 478 303

1997 414 2379 477 EUTllYMlI
2422 417 2788 479 ZIGABENI

3873 423 4006 487 1304

761 530 831 586 ει,
858 539 974 592 quae
1009 534 1092 578 est
1119 526 1382 596 angelica,
1409 526 1850 596 permisisseque,
1883 536 1941 581 ut
1970 541 2076 582 non
2101 525 2333 581 Satana-
2361 530 2408 586 Α
2435 529 2506 582 ὸν(

2263 541 2333 577 ια·
2361 530 2408 586 Α
2435 529 2698 598 ὀνόματος
2721 531 2886 584 αὑτοῦ
2911 531 2988 597 τὸ,
3017 533 3104 602 ἢλ,
3125 533 3201 598 ὼς
3218 534 3532 603 ἁγγελικόν.
3579 537 3862 605 Σαταναὴλ
3903 544 4008 612 γάρ

761 618 828 676 ει,
862 618 957 670 sed
994 615 1198 669 Satana
1231 620 1624 674 nominaretur.
1656 618 1883 686 Expleto
1939 629 2118 672 autem
2172 616 2335 671 mini-

761 707 951 766 Sterio,
986 717 1204 774 propter
1226 710 1368 774 quod
1396 718 1636 773 venerat,
1667 710 1733 761 ad
1763 708 1977 762 Patrem
2026 708 2331 771 revertisse,

761 808 817 852 et
843 799 909 852 ad
953 799 1092 852 illius
1125 800 1402 852 dexteram
1432 801 1672 853 assidere
1706 801 1760 853 in
1804 802 1958 864 solio,
1989 814 2052 853 ex
2080 813 2188 866 quo
2238 798 2333 850 Sa-

763 888 937 941 tanael
977 887 1148 941 fuerat
1177 889 1400 956 eiectus.
1438 888 1638 943 Deinde
1697 891 1822 945 illuc
1886 890 2157 953 introisse,
2197 889 2335 941 unde

760 979 990 1044 exierat,
1015 989 1064 1032 et
1095 980 1144 1030 in
1179 979 1388 1033 Patrem
1424 991 1619 1034 iterum
1689 983 1857 1037 fuisse
1910 982 2232 1044 resolutum,
2281 980 2331 1032 in

760 1084 868 1131 quo
887 1071 1104 1136 quidem
1138 1068 1463 1123 Patreinitio
1487 1079 1625 1134 erat,
1647 1081 1800 1124 utero
1827 1071 1991 1138 ipsius
2019 1071 2332 1124 conclusus.

762 1158 866 1212 Sed
902 1160 1011 1226 jam
1046 1160 1202 1214 nobis
1231 1163 1593 1216 accedendum
1629 1172 1713 1215 est
1744 1162 1808 1214 ad
1858 1162 2081 1215 istorum
2108 1163 2335 1230 ineptias

759 1249 1138 1304 confutandas.
1226 1250 1462 1304 Primum
1523 1267 1629 1304 non
1692 1267 1880 1305 Omnes
1927 1253 2016 1318 qui
2099 1264 2336 1304 comme-

757 1354 1037 1394 morantur
1073 1344 1122 1395 in
1159 1343 1484 1410 genealogiis
1529 1343 1759 1396 Matthxi
1823 1351 1876 1395 et
1905 1342 2059 1396 Luca
2106 1357 2337 1410 evange-

757 1434 1024 1495 listnrum,
1057 1433 1191 1497 grati
1218 1433 1437 1486 fuerunt
1460 1433 1592 1496 Deo,
1629 1434 1756 1501 quin
1789 1435 1951 1487 etiam
1983 1434 2134 1485 multi
2163 1432 2334 1484 ninni-

757 1536 825 1573 no
849 1522 1097 1589 improbi,
1127 1533 1178 1577 et
1209 1523 1390 1590 injusti
1413 1535 1577 1593 atque
1615 1525 1786 1592 impii,
1822 1533 1879 1575 ut
1912 1540 1978 1577 ex
2029 1524 2206 1587 libris,
2240 1524 2330 1590 qui

754 1614 890 1664 vitas
929 1626 1115 1664 eorum
1171 1615 1471 1678 continent,
1515 1614 1734 1682 intelligi
1769 1623 1966 1681 potest.
2028 1613 2176 1676 Quos
2208 1612 2330 1680 qui-

757 1704 877 1756 dem
939 1703 1104 1758 libros
1175 1703 1562 1774 licetrcjiciant
1638 1704 1918 1772 Dogomili,
1989 1720 2089 1756 non
2151 1713 2330 1755 tamen

755 1806 981 1861 possunt
1017 1798 1214 1858 dicere,
1245 1796 1604 1864 evangelistas
1634 1797 1757 1850 aliis
1794 1813 1856 1850 ex
1888 1796 2042 1849 libris
2093 1795 2330 1861 ipsorum

757 1886 974 1938 nomina
999 1887 1423 1952 deprompsisse.
1459 1888 1738 1953 Quomodo
1771 1890 1935 1957 igitur
1975 1901 2200 1956 quorum
2222 1884 2329 1936 vita

749 1977 831 2028 Vel
866 1978 980 2043 ipsa
1013 1987 1156 2030 terra
1190 1976 1295 2031 fuit
1321 1977 1557 2046 indigna,
1593 1980 1626 2031 ii
1659 1979 1710 2033 in
1742 1980 1939 2034 cadum
1973 1977 2327 2032 ascendentes

748 2083 812 2119 ea
837 2069 1015 2121 sortiti
1078 2071 1185 2122 sint
1216 2071 1352 2133 loca,
1387 2086 1452 2125 ex
1509 2072 1703 2139 quibus
1762 2071 1935 2140 angeli
1969 2065 2330 2124 deciderant?

747 2158 1014 2213 Prteterea
1040 2161 1307 2229 quomodo
1331 2162 1374 2216 is
1405 2163 1494 2231 qui
1519 2163 1698 2217 omnia
1731 2165 1903 2228 novit,
1926 2178 2031 2216 non
2067 2161 2170 2215 nisi
2205 2174 2330 2214 sero

743 2262 806 2304 Ie
838 2264 867 2302 a
909 2251 1197 2305 Satanaele
1221 2252 1390 2321 decipi
1422 2254 1846 2308 animadvertit?
1895 2255 1968 2306 Ac
2001 2267 2068 2307 ne
2119 2252 2325 2322 singula

747 2351 946 2409 aqua:
969 2342 1102 2395 nihil
1151 2352 1243 2394 aut
1279 2357 1468 2411 parutn
1523 2343 1762 2398 olliciuut
1812 2345 2023 2398 veritati
2077 2342 2327 2398 subtilius

750 2449 1164 2504 persequamur,
1197 2437 1240 2490 si
1267 2452 1408 2491 anno
1443 2438 1729 2506 quinquies
1751 2437 2037 2491 millesimo
2061 2437 2322 2505 quingen-

751 2531 950 2584 tesitno
982 2529 1217 2584 Verbum
1249 2541 1305 2584 et
1334 2531 1527 2586 Filium
1558 2533 1738 2588 divina
1789 2543 1842 2587 et
1865 2547 2063 2587 arcana
2108 2545 2330 2601 genera-

745 2625 891 2678 tione
945 2623 1101 2677 Pater
1143 2627 1351 2694 genuit,
1412 2626 1682 2694 quomodo
1749 2624 1982 2683 Joannes
2049 2625 2326 2691 apostolus

745 2715 942 2767 clamat
975 2730 992 2767 ι
1021 2712 1083 2766 1η
1107 2717 1360 2783 principio
1383 2725 1497 2769 erat
1552 2713 1794 2778 Verbum,
1815 2726 1864 2769 et
1943 2713 2161 2769 Verbum
2209 2725 2323 2768 erat

744 2808 889 2873 apud
915 2805 1099 2870 Deum,
1125 2816 1174 2858 et
1201 2805 1342 2859 Deus
1396 2819 1506 2859 erat
1569 2805 1834 2861 Verbum?
1875 2807 2004 2862 ltem
2055 2809 2324 2876 quomodo

744 2905 923 2956 omnia
963 2917 1050 2968 per
1073 2903 1244 2968 ipsum
1291 2901 1437 2968 facta
1475 2910 1620 2967 sunt,
1671 2911 1716 2953 et
1749 2902 1860 2953 sine
1895 2902 2008 2967 ipso
2053 2917 2115 2954 ne
2159 2915 2321 2953 unum

743 2996 952 3064 quidem
974 2994 1172 3060 factum
1222 3003 1318 3057 ιιι,
1377 3001 1434 3044 ιιι
1471 2993 1609 3046 idem
1646 2992 1761 3046 ait?
1795 2993 1903 3046 Cur
1946 3004 2001 3048 et
2045 2993 2325 3059 apostolus

745 3088 942 3142 Paulus
976 3101 1071 3154 per
1099 3087 1271 3154 ipsum
1297 3086 1430 3140 dixit
1462 3097 1516 3140 et
1556 3085 1752 3140 saecula
1779 3084 1992 3138 Patrem
2030 3084 2224 3139 fecisse
2261 3083 2323 3136 ‘?

2439 621 2794 689 καλούμενον,
2821 624 3069 676 Σατανᾶν
3102 625 3315 694 ἀφῆκεν
3345 626 3730 695 ὀνομάζεσθαι,
3763 631 3857 682 καὶ
3894 631 4006 682 λοι-

2438 713 2539 763 πὸν
2572 714 2939 783 πληρώσαντα
2981 716 3415 786 ἐγχειρισθεῖσαν
3447 720 3725 774 διακονίαν
3774 723 4008 790 ἀναδρα-

2440 806 2562 873 μεῖν
2605 807 2684 868 είς
2717 805 2807 858 τὸν
2851 807 3091 876 Πατέρα,
3131 809 3224 860 καὶ
3264 809 3490 862 καθίσαι
3524 811 3581 862 ἐν
3615 811 3764 881 δεξιᾷ
3793 815 3874 873 είς
3917 815 4008 865 τὸν

2437 897 2625 965 θρόνον
2661 898 2756 950 τοῦ
2791 899 3194 970 άπορριφὲντος
3230 901 3514 971 Σαταναὴλ
3536 943 3550 966 ,
3587 899 3706 956 εἷτα
3740 906 4010 956 εἰσελθεῖν

2435 989 2558 1042 ὅθεν
2588 991 2803 1059 ἐξῆλθε,
2836 993 2930 1044 καὶ
2962 992 3298 1060 άναλυθῆναι
3327 993 3492 1044 πάλιν
3520 995 3598 1055 είς
3626 996 3715 1047 τὸν
3746 997 3966 1066 Πατέρα
3991 1037 4010 1059 ,

2436 1083 2515 1140 είς
2554 1080 2613 1132 ὃν
2652 1083 2709 1133 ἐν
2739 1081 2879 1150 ἀρχῇ
2915 1084 2981 1150 τῇ
3015 1083 3215 1152 γαστρὶ
3253 1082 3448 1135 τούτου
3491 1085 4010 1150 συγκεκλεισμένος.

2447 1168 2588 1220 Ἀλλ’
2632 1170 2770 1222 ίτέον
2797 1172 2930 1240 ἡμῖν
2963 1171 3100 1240 πρὸς
3140 1176 3232 1224 τὸν
3273 1173 3495 1240 ἔλεγχον
3527 1174 3637 1225 τῶν
3674 1174 3733 1224 ἐν
3766 1175 3878 1234 τοῖς
3911 1174 4011 1242 ἤδη

2438 1261 2682 1331 ῥηθεῖσιν
2708 1263 2884 1331 άτοπη
2895 1263 3105 1330 μάτων.
3129 1263 3353 1331 Πρῶτον
3377 1264 3475 1331 μὲν
3498 1264 3557 1315 οὑ
3588 1265 3788 1324 πάντες
3810 1267 3856 1315 οἱ
3883 1283 4014 1333 μνη-

2439 1352 2787 1421 μονευθιντες
2821 1355 2878 1405 ἐν
2903 1357 3025 1416 ταῖς
3043 1354 3419 1420 γενεαλογίαις
3450 1355 3559 1406 τῶν
3586 1355 4010 1420 εὐαγγελιστῶν,

2434 1447 2528 1498 τοῦ
2550 1463 2608 1497 τε
2635 1446 2914 1499 Ματθαίου
2935 1447 3027 1497 καὶ
3054 1445 3149 1497 τοῦ
3174 1447 3378 1508 Δουκᾶ,
3404 1447 3671 1514 θεοφιλεῖς
3693 1443 3856 1517 ἦσαν,
3879 1449 4012 1500 ἀλλὰ

2435 1540 2576 1608 πλὴν
2629 1540 2827 1606 όλίγων
2871 1540 2919 1591 ot
2970 1539 3151 1592 λοιποὶ
3193 1542 3546 1593 παντάπασιν
3587 1541 3859 1608 ἀδόκιμοι,
3916 1541 4011 1595 καὶ

2434 1631 2734 1692 δυσσεόεῖς,
2767 1631 2865 1682 καὶ
2897 1630 3226 1699 παράνομοι.
3261 1631 3370 1682 Καὶ
3398 1630 3558 1681 τοῦτο
3582 1629 3738 1697 δῆλον
3768 1632 3874 1682 ἀπὸ
3904 1632 4011 1682 τῶν

2437 1722 2640 1790 βίϐλων
2665 1759 2680 1783 ,
2716 1721 2772 1773 αἶ
2804 1723 2928 1784 τοὺς
2960 1721 3110 1788 βίους
3141 1721 3320 1773 αὐτῶν
3352 1722 3740 1791 άναγράπτους
3774 1722 4006 1790 ἔχουσιν.

2438 1815 2500 1866 Ei
2535 1815 2643 1883 γὰρ
2668 1814 2764 1866 καλ⁵
2793 1813 3045 1867 άθετοῦσι
3086 1812 3290 1876 ταύτας
3315 1815 3364 1864 οἱ
3396 1813 3687 1880 Βογόμιλοι
3714 1854 3728 1875 ,
3762 1813 3876 1864 ἀλλ’
3909 1812 4007 1864 οὐκ

2439 1906 2505 1958 ἂν
2530 1904 2704 1974 ἔχοιεν
2734 1908 2928 1967 εἰπεῖν,
2955 1906 3036 1956 ὅτι
3064 1905 3157 1971 ἀφ’
3189 1903 3390 1972 ἐτέρων
3421 1905 3468 1955 οί
3502 1903 3888 1969 εὐαγγελισταὶ
3911 1904 4008 1963 τάς

2438 1997 2643 2051 τούτων
2681 1999 3010 2067 ἐποιήσαντο
3047 1997 3287 2066 μνήμας.
3327 1995 3434 2048 Καὶ
3468 1995 3603 2057 πῶς.
3638 1988 3713 2047 ὧν
3743 1992 3810 2063 ἦν
3839 1997 3864 2044 6
3894 1993 4008 2062 βίος

2437 2085 2659 2148 ἀνάξιος
2686 2086 2780 2137 καὶ
2806 2087 2907 2152 τῆς
2931 2086 3054 2152 γῆς,
3076 2086 3156 2148 είς
3175 2084 3268 2137 τὸν
3301 2086 3532 2153 οὐρανὸν
3555 2083 3852 2142 ἀναϐάντες
3881 2084 4006 2145 τοὺς

2437 2179 2637 2239 τόπους
2688 2177 3076 2248 ἐκληρώσαντο
3116 2178 3225 2231 τῶν
3270 2178 3666 2230 ἀποπεσόντων
3725 2176 4001 2243 άγγέλωνς

2437 2271 2558 2331 Πῶς
2592 2271 2648 2322 δέ
2680 2271 2772 2321 καὶ
2796 2269 2896 2337 όψέ
2927 2286 3058 2321 ποτε
3086 2269 3288 2337 συνῆκε
3316 2267 3744 2335 κατασοφισθεὶς
3775 2266 3879 2318 ὑπὸ
3909 2265 4006 2317 τοῦ

2434 2361 2715 2432 Σαταναὴλ
2761 2364 2790 2415 6
2843 2362 3021 2415 πάντα
3075 2360 3233 2424 εἰδὼς
3285 2362 3416 2430 πρὶν
3462 2361 3733 2428 γενέσεως
3785 2357 4004 2419 αὺτῶνς

2435 2457 2551 2510 Ἵνα
2580 2456 2636 2510 δέ
2672 2456 2768 2509 καὶ
2801 2455 3000 2524 ἐφεξῆς
3043 2454 3522 2523 παραδράμωμεν,
3574 2453 3746 2521 μικρά
3784 2451 3816 2520 ἣ
3851 2449 4007 2503 οὐδὲν

2433 2547 2810 2618 λυμαινόμεθα
2838 2547 2902 2617 τῇ
2933 2547 3181 2616 ἀληθείᾳ,
3215 2549 3262 2598 εί
3293 2548 3351 2598 ἐν
3379 2544 3456 2614 τῷ
3487 2543 4007 2612 πεντακισχιλιοστῷ

2432 2643 2542 2695 ἔτει
2564 2642 2655 2694 τὸν
2683 2641 2866 2710 Λόγον,
2889 2642 2982 2694 καὶ
3006 2640 3137 2694 Υἱὸν
3167 2640 3462 2710 ἐγέννησεν
3483 2641 3510 2691 6
3535 2639 3722 2708 Πατὴρ
3746 2638 3888 2690 κατὰ
3908 2638 4008 2705 τὴν

2432 2733 2586 2785 θείαν
2633 2732 2728 2783 καὶ
2782 2731 3096 2803 ἀπόρρητον
3147 2731 3424 2798 γέννησιν,
3463 2729 3579 2790 πῶς
3633 2730 3661 2780 6
3711 2727 4008 2786 ἀπόστολος

2443 2825 2695 2888 Ἰωάννης
2735 2823 3036 2890 κέκραγεν.
3082 2823 3185 2873 Ἐν
3217 2818 3377 2888 ἀρχῇ
3408 2816 3486 2888 ἦν
3516 2822 3548 2868 ὀ
3579 2819 3770 2885 Λόγος
3793 2858 3806 2882 ,
3842 2819 3938 2868 καὶ
3975 2818 4009 2869 ὁ

2431 2918 2622 2984 Λόγος
2659 2913 2736 2984 ἦν
2766 2915 2913 2983 πρὸς
2942 2909 3050 2966 τὸν
3087 2912 3268 2974 Θεὸν,
3299 2913 3397 2965 καὶ
3433 2911 3579 2975 Θεὸς
3610 2908 3690 2979 ἦν
3719 2914 3750 2963 ό
3782 2911 4007 2977 Λόγος-ς

2434 3011 2560 3070 Πῶς
2596 3010 2652 3060 δέ
2689 3009 2782 3059 καὶ
2822 3006 3021 3058 πάντα
3049 3004 3124 3057 δι’
3164 3003 3352 3056 αὑτοῦ
3384 3002 3656 3069 ἐγένετο,
3690 3001 3785 3054 καί
3830 3001 4009 3068 χωρὶς

2433 3102 2621 3156 αὐτοῦ
2675 3099 2915 3166 ἐγένετο
2945 3097 3085 3151 οὐδὲ
3108 3096 3176 3149 ἓν
3206 3096 3236 3148 ὃ
3258 3096 3527 3164 γέγονεν,
3557 3095 3632 3157 ὼς
3659 3097 3685 3146 6
3711 3094 3876 3149 αὐτὸς
3905 3092 4009 3143 πά-

743 3180 878 3234 Nam
906 3181 1048 3248 quod
1081 3179 1393 3232 Michaelem
1447 3178 1828 3246 archangelum
1886 3188 2072 3230 natura
2133 3176 2320 3230 dicunt
2354 3199 2401 3260 ο
2433 3194 2484 3246 λι

2265 3184 2320 3230 ηί
2354 3199 2401 3260 c
2433 3194 2517 3246 λιν
2562 3191 2725 3261 φησί;
2755 3190 2877 3249 Πῶς
2905 3191 2961 3241 δὲ
2997 3190 3091 3242 καὶ
3137 3191 3163 3240 6
3202 3187 3502 3249 ἀπόστολος
3540 3186 3752 3245 Παῦλος
3795 3185 4002 3252 ἔλεγεν,

742 3287 864 3327 esse
894 3270 1088 3326 Filium
1130 3270 1224 3323 Dei
1254 3281 1304 3323 et
1336 3268 1642 3331 Dominum,
1680 3271 1771 3339 qui
1801 3271 1960 3323 homo
1989 3271 2160 3322 lactus
2180 3268 2324 3322 salu-

745 3375 858 3419 tem
899 3365 1189 3418 humanam
1232 3371 1523 3416 exsecutus
1549 3372 1659 3426 est,
1691 3362 2058 3415 incredibilem
2083 3362 2323 3429 ipsorum

742 3457 1130 3523 impudentiam
1180 3453 1439 3507 admiror.
1469 3451 1522 3506 Si
1554 3453 1694 3505 enim
1717 3451 1941 3506 Michael
1965 3445 2325 3521 archangelus

738 3560 962 3603 creatus
1021 3556 1123 3611 est,
1174 3557 1229 3599 et
1279 3559 1488 3606 servus,
1547 3555 1606 3596 ut
1669 3544 1888 3612 reliquas
1934 3546 2064 3598 item
2136 3559 2324 3597 omnes

740 3641 990 3693 caelestes
1011 3647 1325 3705 patestates,
1355 3638 1625 3704 quomodo
1666 3645 1856 3690 natura
1891 3637 2056 3690 Filius
2095 3649 2147 3689 et
2181 3637 2319 3704 ejus-

739 3735 858 3786 dem
885 3732 1135 3783 essentia:
1159 3745 1280 3781 cum
1313 3728 1509 3782 Patre?
1530 3727 1644 3782 Nisi
1668 3727 1806 3782 forte
1832 3727 2046 3783 Patrem
2075 3739 2320 3782 creatum

737 3835 792 3879 et
832 3825 914 3878 sui
969 3823 1135 3892 ipsius
1198 3838 1413 3876 servum
1475 3835 1596 3874 esse
1647 3821 1854 3884 dicant,
1902 3821 2043 3888 quod
2103 3820 2319 3887 quidem

735 3917 1032 3972 absurdum
1061 3927 1162 3978 est,
1197 3915 1406 3983 sibique
1437 3929 1759 3984 repugnans.
1797 3912 2110 3981 Appellatur
2139 3921 2318 3965 autem

742 4010 921 4077 magni
972 4006 1184 4059 t-Oiisilii
1244 4005 1466 4073 angelus
1516 4006 1630 4073 ipse
1697 4004 1864 4059 Filius
1924 4003 2211 4068 naturalis,
2269 4012 2324 4057 et

741 4100 1011 4155 Dominus
1038 4109 1223 4153 noster
1253 4098 1414 4152 Jesus
1444 4099 1714 4162 Christus,
1767 4096 2023 4165 quoniam
2069 4095 2321 4165 quemad-

738 4197 959 4249 modum
1031 4192 1265 4246 hominis
1326 4193 1573 4252 verbum,
1667 4191 1810 4259 quod
1877 4205 1970 4244 ore
2023 4187 2318 4257 profertur,

735 4287 933 4338 mentis
976 4286 1117 4338 unde
1151 4283 1454 4353 profectum
1483 4290 1587 4346 est,
1622 4293 1801 4335 motus
1855 4281 2121 4343 enuntiat,
2167 4282 2248 4334 sic
2266 4289 2320 4334 et

743 4376 977 4431 Verbum
1017 4376 1409 4444 Deidiscipulis
1457 4377 1573 4430 suis
1629 4389 1878 4442 magnum
1926 4372 2103 4425 Patris
2141 4370 2320 4426 consi-

738 4472 865 4524 lium
893 4471 1007 4524 sive
1034 4469 1383 4523 humanitatis
1435 4483 1464 4521 a
1500 4482 1559 4521 se
1592 4477 1878 4535 susceptae,
1931 4475 1984 4518 et
2007 4464 2314 4534 evangelica

2425 3287 2505 3336 ὅτι
2538 3286 2613 3335 Δι’
2644 3281 2829 3336 αὑτοῦ
2861 3280 2957 3332 καὶ
2985 3279 3126 3344 τοὺς
3151 3279 3369 3343 αἰῶνας
3394 3277 3686 3343 ἐποίησεν
3715 3279 3746 3329 ό
3774 3276 4004 3342 Πατήρ;

2439 3372 2846 3441 Ἐκπλήττομαι
2895 3370 2952 3423 δὲ
3003 3371 3099 3423 καὶ
3148 3368 3209 3420 τὸ
3262 3366 3605 3435 ὑπερϐάλλον
3658 3369 3757 3433 τῆς
3807 3365 4005 3433 ἐφεξῆς

2426 3464 2610 3524 ἀνοίας
2636 3462 2842 3525 αὐτῶν,
2869 3459 2988 3522 πῶς
3018 3459 3121 3510 οὐκ
3149 3456 3445 3527 ἐρυθριῶσι
3465 3457 3646 3524 λέγειν
3675 3455 3769 3508 τὸν
3794 3456 4006 3525 ἀρχάγ-

2424 3556 2584 3622 γελον
2613 3553 2833 3622 Μιχαὴλ
2866 3553 3025 3621 φύσει
3048 3551 3176 3603 Υἱδν
3205 3550 3297 3602 τοῦ
3329 3549 3488 3611 Θεοῦ,
3525 3550 3615 3601 καὶ
3647 3547 3836 3600 τοῦτον
3865 3544 4006 3599 εἶναι

2424 3649 2515 3702 τὸν
2538 3647 3041 3717 ἐνανθρωπήσαντα
3062 3644 3289 3714 Κύριον,
3315 3643 3405 3695 τὸν
3426 3642 3522 3695 καὶ
3546 3641 3644 3710 τὴν
3665 3642 3774 3693 τῶν
3794 3640 3891 3693 άνθ
3902 3639 4009 3708 ρὼ·

2425 3758 2542 3793 πων
2581 3739 2955 3809 ἐργασάμενον
2992 3736 3296 3804 σωτηρίαν.
3349 3736 3410 3787 Εἰ
3453 3734 3563 3805 γὰρ
3605 3736 3632 3787 6
3665 3732 4006 3803 ἀρχάγγελος

2425 3830 2645 3900 Μιχαὴλ
2674 3829 2889 3891 κτιστδς
2920 3826 3016 3881 καὶ
3043 3826 3250 3888 δοῦλος,
3282 3825 3469 3895 ὥσπερ
3499 3824 3596 3878 καὶ
3627 3825 3800 3876 πᾶσαι
3831 3825 3885 3874 αἱ
3915 3824 4005 3874 οὐ.

2426 3922 2612 3992 ράνιαι
2663 3919 2941 3989 δυνάμεις,
2995 3918 3114 3981 πῶς
3159 3918 3321 3987 φύσει
3355 3916 3509 3981 Υἱὸς,
3560 3917 3656 3968 καὶ
3703 3916 3782 3985 τῷ
3830 3915 4007 3984 [la-rp!

2422 4013 2754 4083 όμοούσιος;
2791 4013 2852 4064 Et
2899 4011 2972 4081 μὴ
3005 4014 3100 4064 καί¹
3129 4013 3223 4063 τὸν
3259 4009 3480 4078 Πατέρα
3515 4009 3734 4060 κτιστὸν
3763 4008 3968 4060 εἴποιεν
3991 4049 4004 4069 ,

2424 4105 2517 4156 καὶ
2546 4104 2742 4156 ἑαυτοῦ
2774 4102 2982 4166 δοῦλον,
3015 4101 3042 4153 ὃ
3071 4101 3166 4155 καὶ
3197 4101 3520 4170 παράδοξον,
3548 4100 3644 4152 καὶ
3674 4098 4006 4167 μαχόμενον.

2420 4194 2772 4265 Ὀνομάζεται
2793 4195 2848 4246 δέ
2877 4194 3123 4264 μεγάλης
3147 4193 3342 4263 βουλῆς
3367 4192 3600 4260 ἄγγελος
3624 4194 3648 4243 6
3672 4191 3831 4259 φύσει
3858 4191 4007 4253 Υἱὸς,

2421 4289 2593 4359 ἧγουν
2623 4290 2648 4340 6
2680 4286 2884 4355 Κύριος
2913 4287 3072 4357 ἡμῶν
3116 4285 3325 4352 Ἰησοῦς
3357 4283 3614 4355 Χριστὸς,
3649 4283 3731 4336 ὅτι
3761 4283 3948 4350 ὥσπερ
3981 4287 4009 4334 6

2422 4379 2766 4448 ἀνθρώπινος
2814 4378 2972 4445 λόγος
3025 4377 3364 4447 προφορικὸς
3413 4374 3734 4442 ἐξαγγέλλει
3789 4376 3856 4426 τὰ
3913 4373 4008 4425 τοῦ

2425 4473 2791 4542 γεννήσαντος
2833 4471 3000 4524 αὐτὸν
3040 4469 3130 4523 νοῦ
3180 4470 3480 4537 κινήματα,
3528 4467 3672 4519 οὕτω
3716 4467 3810 4518 καὶ
3853 4462 4008 4527 οὗτος

736 4575 1027 4635 praerepta,
1066 4573 1119 4618 et
1144 4563 1370 4617 salutem
1414 4562 1749 4617 credentium
1806 4577 1870 4614 ex
1917 4562 2047 4627 ipsis
2101 4559 2320 4626 [ποθι-ἰ·-
2347 4530 2400 4590 D
2428 4568 2481 4618 du

2262 4560 2320 4612 'i-
2347 4530 2731 4633 1)άττήγ.γειλε
2763 4530 2876 4625 ⁶τοῖς
2923 4562 3194 4630 μαθηταῖς
3380 4561 3628 4631 μεγάλην
3669 4558 3759 4610 τοῦ
3795 4558 4007 4625 Πατρδς

729 4671 971 4713 iacentem
1006 4656 1328 4710 enuntiavit.
1365 4655 1728 4720 Quamobrem
1763 4655 2005 4709 dicebat:
2037 4657 2079 4707 Α
2107 4671 2186 4706 me
2208 4654 2320 4721 ipso

730 4753 862 4806 nihil
899 4752 1105 4819 loquor,
1143 4749 1231 4801 sed
1268 4765 1590 4817 qua'cunque
1611 4748 1789 4801 audivi
1827 4764 1859 4801 a
1884 4747 2043 4801 Patre
2069 4763 2203 4809 meo,
2255 4763 2318 4801 ea

725 4846 865 4900 vobis
885 4845 1067 4897 nuntio
1093 4825 1133 4895 ί.
1157 4843 1289 4896 Cum
1309 4841 1472 4910 igitur
1497 4841 1723 4895 Michael
1746 4841 2102 4908 archangelus
2125 4854 2316 4894 servus

723 4940 816 5007 sit,
844 4937 1102 4993 Dominus
1132 4945 1315 4991 autem
1350 4938 1392 4990 is
1425 4935 1512 5004 qui
1541 4949 1732 4989 natura
1766 4935 1940 4990 Filius
1972 4947 2056 4990 est
2104 4943 2158 4989 et
2212 4933 2282 4987 hu

726 5031 1047 5086 manitatem
1090 5028 1410 5097 assumpsit,
1450 5027 1638 5081 inanes
1670 5040 1793 5081 esse
1824 5036 2040 5082 constat
2070 5025 2312 5096 appella-

724 5126 923 5189 tiones,
980 5138 1117 5193 quas
1173 5121 1499 5190 archangelo
1568 5123 1813 5175 tribuunt
1860 5119 2127 5183 Michaeli,
2185 5134 2310 5174 cum

719 5221 870 5277 illum
896 5217 981 5273 vel
1011 5217 1219 5283 .lesum,
1247 5216 1329 5271 vel
1357 5215 1636 5270 Christum
1666 5227 1894 5281 vocant;
1926 5217 2111 5284 itaque
2145 5214 2313 5268 silen-

721 5314 797 5368 tio
837 5322 1256 5382 praetereantur.
1286 5308 1440 5376 Quod
1475 5319 1654 5363 autem
1701 5309 1906 5371 dicunt,
1936 5323 2056 5362 eum
2087 5321 2309 5362 carnem

719 5405 1285 5472 niateria’expertem
1313 5402 1575 5466 induisse,
1611 5411 1664 5455 et
1703 5416 1823 5470 qua:
1851 5415 2033 5457 veram
2076 5415 2142 5454 ex
2185 5399 2309 5456 Vir-

715 5498 838 5567 gine
876 5495 1069 5553 tollunt
1102 5494 1612 5567 generationem,ex
1650 5495 2070 5552 Manichieorum
2099 5494 2309 5550 insania

716 5595 1035 5661 deprompta
1059 5599 1189 5644 sunt
1237 5598 1288 5644 et
1354 5605 1421 5643 ex
1480 5590 1587 5644 illis
1652 5591 1976 5656 haeresibus,
2031 5604 2151 5661 qua
2185 5599 2310 5643 ante

715 5685 886 5753 Ipsam
914 5683 1265 5740 exstiterunt.
1301 5681 1357 5737 In
1393 5695 1459 5738 eo
1510 5681 1676 5753 igitur
1703 5683 1877 5750 titulo,
1911 5683 2000 5752 qui
2058 5682 2308 5738 adversus

788 5882 800 5910 ‘
835 5877 1002 5934 llcbr.
1037 5893 1074 5944 ι,
1102 5874 1164 5934 2.
1276 5875 1434 5932 Joan.
1463 5891 1552 5940 xv.
1589 5873 1676 5928 l5.

2422 4657 2588 4709 αὑτοῦ
2634 4655 2851 4727 βουλὴν,
2903 4654 3024 4723 ἢτοι
3072 4653 3132 4705 τὸ
3180 4655 3278 4721 τῆς
3326 4651 3798 4722 ἐνανθρωπήσεως
3839 4649 4008 4702 αὑτοῦ

2426 4749 2728 4817 μυστήριον
2750 4787 2764 4811 ,
2803 4747 2900 4798 καὶ
2929 4745 3029 4806 τὰς
3073 4743 3446 4810 εὑαγγελικὰς
3489 4743 3710 4802 ἐντολάς
3732 4781 3746 4804 ,
3783 4746 3874 4794 καὶ
3909 4741 4010 4808 τὴν

2417 4843 2484 4896 δι’
2509 4841 2690 4894 αὐτῶν
2724 4837 2999 4906 σωτηρίαν
3029 4837 3137 4890 τῶν
3159 4837 3550 4889 πιστευόντων.
3577 4836 3666 4886 Διδ
3685 4836 3777 4886 καὶ
3799 4835 4007 4900 ἔλεγεν,

2417 4938 2500 4991 ὅτι
2525 4939 2641 4993 Ἀπ’
2657 4933 2925 5004 ἐμαυτοῦ
2950 4928 3119 4984 λαλῶ
3139 4925 3342 4989 οὐδὲν,
3368 4926 3507 4980 ἀλλ’
3533 4926 3652 4978 ὅσα
3675 4924 4007 4992 ἀνήκουσα

2417 5030 2578 5098 παρὰ
2608 5028 2715 5083 τοῦ
2742 5025 2996 5092 Πατρός,
3025 5021 3214 5075 ταῦτα
3239 5019 3607 5088 ἀπαγγέλλω
3634 5017 3800 5087 ὑμῖν.
3845 5016 4010 5068 Ἀπο-

2416 5122 2721 5191 δειχθέντος
2749 5122 2808 5176 δέ
2851 5119 3074 5180 λοιπὸν,
3117 5115 3201 5166 ὅτι
3236 5112 3423 5174 δοῦλος
3463 5113 3560 5181 μὲν
3601 5114 3629 5165 6
3662 5111 4005 5180 ἀρχάγγελος

2417 5216 2654 5288 Μιχαὴλ,
2684 5217 2965 5284 Δεσπότης
2991 5216 3047 5268 δὲ
3076 5214 3239 5284 φύσει
3269 5215 3296 5267 6
3325 5213 3452 5275 Υἱὸς
3483 5213 3512 5261 6
3543 5208 4002 5278 ἐνανθρωπήσας,

2415 5309 2715 5380 ἐσχόλασαν
2762 5308 2854 5363 καὶ
2886 5310 2943 5361 αἱ
2979 5306 3382 5378 προσαφθείσαι
3417 5302 3495 5372 τῷ
3525 5301 3855 5372 ἁρχαγγέλῳ
3900 5300 4007 5352 Μι-

2413 5401 2555 5474 χαὴλ
2587 5402 2843 5472 κλήσεις,
2885 5401 2918 5469 ἥ
2951 5417 3011 5452 τε
3049 5399 3144 5452 τοῦ
3188 5398 3365 5468 Ἰησοῦ
3403 5397 3497 5449 καὶ
3535 5397 3566 5462 ἡ
3598 5393 3690 5447 τοῦ
3725 5393 3964 5464 Χριστοῦ
3987 5433 4002 5456 ,

2415 5497 2510 5551 καὶ
2536 5494 2992 5567 παραδρομητέον
3018 5493 3208 5555 αὐτάς.
3245 5493 3308 5545 'll
3339 5492 3397 5544 δὲ
3429 5489 3692 5562 πρόθεσις
3710 5491 3806 5556 τῆς
3834 5486 4003 5539 άΰλου

2415 5591 2652 5661 σαρκὸς,
2690 5589 2787 5643 καὶ
2815 5590 2916 5642 ὅσα
2945 5587 3046 5657 τῆς
3073 5583 3482 5653 φαντασιὼδους
3516 5580 3842 5642 ἀκολουθίας
3863 5618 3878 5644 ,
3909 5578 4006 5630 καὶ

2411 5684 2510 5757 τῆς
2563 5681 2818 5753 ἀληθινῆς
2869 5681 2931 5735 ἐκ
2981 5678 3262 5750 Παρθένου
3302 5677 3613 5748 γεννήσεως
3655 5671 3998 5742 άναιρετικὰ,
