4420 6462
383 424 398 482 l
412 423 517 484 305

1272 426 1644 486 PANOPLIA
1686 426 2148 486 DOGMATICA.
2177 451 2246 461 —
2285 426 2432 487 TIT.
2476 427 2718 487 XXVII.

3501 430 3520 488 l
3533 430 3634 489 300

379 535 440 585 ἐκ
469 535 567 600 τῆς
599 534 940 603 Μανιχαῖκῆς
967 536 1151 597 αὐτοῖς
1179 537 1466 605 άνεσπάρη
1499 534 1952 603 παραφροσύνης.
1982 534 2029 592 Α
2058 542 2124 586 Ar

1888 551 1952 596 ις.
1982 534 2029 592 Α
2058 536 2331 587 Armenios
2349 536 2584 602 scriptus
2615 546 2718 598 est,
2753 534 2868 602 lege
2895 534 3182 603 septimum
3234 542 3418 600 caput,
3486 546 3535 586 ct
3569 537 3633 588 ad

380 629 473 680 καὶ
507 627 617 678 τῶν
648 627 755 695 πρὸ
799 627 975 694 αὐτῆς
1004 627 1263 679 τοιούτων
1310 627 1596 694 αἱρέσεων.
1654 625 1954 690 Ἀνάγνωθι

379 718 435 770 δέ
482 721 540 768 ἐν
581 718 658 786 τῷ
712 716 860 770 κατὰ
902 717 1216 784 Ἀρμενίων
1271 717 1435 784 τίτλῳ
1471 718 1532 767 τὸ
1582 715 1810 784 ἕϐδομον
1862 733 1955 767 κε-

385 809 632 875 φάλαιον,
659 809 755 862 καὶ⁵
785 809 1060 877 κατάῦηθι
1086 809 1169 874 ἐφ’
1195 809 1228 861 ἂ
1253 807 1408 860 τοῦτο
1436 809 1824 876 παραπέμπει,
1862 809 1950 860 καὶ

383 903 482 952 οὐκ
507 901 718 966 ἀγενεῖς
749 902 1002 968 εὑρήσεις
1035 902 1418 969 παρατροπὰς.
1448 902 1662 954 Γελοῖον
1693 901 1748 952 δέ
1784 903 1958 954 καὶτὸ

389 995 656 1061 περιελεῖν
709 995 769 1046 τὸ
820 995 888 1064 ἢλ
923 995 1014 1045 τοῦ
1049 995 1355 1064 Σαταναὴλ,
1394 997 1486 1048 καὶ
1521 996 1620 1048 οὐκ
1659 997 1956 1063 ἀξιόλογον.

387 1089 494 1139 Καὶ
523 1089 632 1155 γὰρ
668 1090 762 1140 καὶ
790 1089 894 1155 πρὸ
930 1088 1022 1139 τοῦ
1053 1089 1305 1141 καθελεῖν
1331 1092 1431 1156 τὴν
1457 1089 1746 1158 τυραννίδα
1769 1090 1960 1141 τούτου

386 1178 570 1241 ἔλεγεν
611 1178 639 1228 6
680 1178 1107 1246 ἐνανθρωπήσας
1139 1179 1291 1239 Θεὸς,
1345 1178 1667 1244 Ἐθεώρουν
1701 1178 1809 1230 τὸν
1849 1181 1961 1230 Σα-

386 1269 576 1321 τανᾶν
621 1269 701 1331 ὡς
743 1269 1064 1333 ἀστραπὴν
1105 1270 1173 1319 ἐκ
1213 1267 1318 1320 τοῦ
1367 1268 1631 1332 οὐρανοῦ
1674 1269 1963 1331 πεσόντα,

392 1357 562 1423 μήπω
586 1355 708 1406 κατ’
765 1355 961 1415 αὐτοὺς
989 1357 1083 1406 τοῦ
1110 1357 1176 1424 ἦλ
1203 1357 1671 1424 περιαιρεθέντος.
1703 1358 1965 1424 ῐιεριττὺν

419 1447 444 1496 ὲ
479 1450 572 1498 καὶ
605 1448 664 1497 τὸ
696 1449 970 1498 ἀντειπεῖν
1006 1449 1145 1516 πρὸς
1174 1449 1272 1515 τὴν
1309 1449 1446 1515 μετά
1473 1453 1571 1516 τὴν
1606 1449 1878 1515 ἀνάληψιν
1908 1451 1965 1500 ἐν

387 1540 534 1607 δεξιᾷ
573 1541 842 1606 καθέδραν
875 1541 970 1592 τοῦ
1005 1541 1383 1607 σαρκωθέντος
1417 1541 1517 1608 τὴν
1542 1541 1634 1592 ἐπὶ
1654 1540 1747 1592 τοῦ
1773 1539 1964 1607 θρόνου

387 1630 482 1680 τοῦ
516 1631 818 1700 Σαταναήλ.
855 1632 1350 1699 Προαποδέδεικται
1377 1633 1504 1700 γάρ,
1538 1633 1619 1684 ὅτι
1657 1631 1779 1683 οὔτε
1809 1633 1968 1699 φύσει

394 1723 508 1782 ulli;
532 1717 600 1790 ἦν
629 1723 856 1783 ἐκεῖνος,
881 1723 999 1774 οὐδὲ
1026 1724 1395 1791 πρωτότοκος,
1423 1722 1550 1774 οῦτε
1583 1723 1772 1792 θρόνον
1802 1721 1964 1794 εῖχεν,

390 1812 512 1864 οῦτε
552 1813 609 1862 ἐν
646 1813 797 1882 δεξιᾷ
830 1829 960 1864 ποτε
997 1812 1090 1864 τοῦ
1125 1813 1336 1880 [ἰατρὸς
1371 1814 1614 1867 ἐκάθισε.

463 1901 526 1957 θ’.
559 1902 792 1968 Λέγουσι
833 1905 962 1965 τοὺς
1005 1904 1382 1966 ἀποπεσὸντσς
1420 1906 1972 1972 ἀγγέλους,ἀκούσαν

389 2009 508 2055 τας,
526 1994 640 2045 ὅτιό
653 1995 932 2062 Σαταναὴλ
947 1997 1208 2061 ὑπέσχετο
1222 1997 1298 2065 τῷ
1313 1999 1484 2066 [iath
1498 1998 1837 2068 πληροῦσθαι
1853 2000 1974 2061 τοὺς

394 2087 451 2138 ἐν
480 2087 695 2157 οὐρανῷ
725 2092 920 2150 τόπους
952 2089 1135 2147 αὐτῶν
1158 2091 1263 2143 ἀπὸ
1289 2091 1381 2143 τοῦ
1406 2092 1596 2158 γένους
1619 2093 1728 2144 τῶν
1760 2091 1972 2162 ἀνθρώ-

394 2193 545 2240 πων,
583 2179 709 2231 ἰδεῖν
745 2179 994 2247 ἀσελγῶς
1024 2182 1120 2244 τὰς
1150 2182 1460 2254 θυγατέρας
1490 2185 1600 2237 τῶν
1629 2185 1934 2256 ἀνθρώπων
1956 2225 1971 2247 ,

395 2270 488 2321 καὶ
531 2271 714 2323 λαϐεῖν
755 2273 926 2336 αὑτὰς
969 2275 1048 2338 είς
1094 2278 1386 2342 γυναῖκας,
1429 2278 1516 2330 ἴνα
1566 2278 1635 2330 τά
1678 2280 1974 2348 σπέρματα

395 2363 578 2416 αὐτῶν
620 2364 701 2426 είς
743 2365 835 2416 τὸν
876 2367 1109 2434 οὐρανὸν
1144 2369 1443 2422 ἀνέλθωσιν
1490 2372 1570 2432 είς
1612 2373 1736 2434 τοὺς
1777 2373 1975 2436 τόπους

395 2452 503 2504 τῶν
540 2455 794 2523 πατέρων
826 2455 1029 2510 αὐτῶν.
1061 2451 1286 2518 Ἰδόντες
1320 2459 1450 2528 γὰρ,
1483 2464 1636 2528 φησὶ,
1670 2464 1717 2513 οἱ
1751 2464 1855 2515 υίοὶ
1884 2464 1975 2517 τοῦ

395 2546 530 2598 Θεοῦ
557 2546 655 2608 τὰς
684 2547 997 2616 θυγατέρας
1022 2548 1128 2600 τῶν
1153 2549 1483 2617 ἀνθρώπων,
1515 2552 1595 2604 ὃτι
1625 2552 1785 2604 καλαί
1811 2553 1974 2614 είσιν,

397 2640 587 2691 ἔλαϐον
616 2641 827 2700 ἑαυτοῖς
860 2643 1123 2706 γυναῖκας⁵
1148 2641 1334 2702 ’Υἱους
1371 2642 1426 2692 δέ
1461 2641 1552 2694 τοῦ
1588 2643 1723 2694 Θεοῦ
1757 2645 1978 2708 το·3του;

397 2731 786 2797 ὀνομάζουσιν,
819 2731 892 2791 ὡς
921 2731 1017 2782 καὶ
1051 2733 1247 2792 αὐτοὺς
1279 2731 1374 2783 ἀπ’
1404 2732 1613 2784 ἐκείνου
1646 2735 1939 2800 γεγονότας
1961 2773 1976 2796 ,

401 2826 466 2876 ἐκ
504 2824 557 2876 δέ
595 2824 693 2891 τῆς
730 2824 1020 2884 συνουσίας
1054 2824 1236 2875 αὐτῶν
1269 2825 1711 2893 ὰπογεννηθῆναι
1740 2828 1864 2884 τοὺς
1895 2827 1980 2892 γί-

401 2933 629 2984 γαντας.
653 2915 745 2977 οὓς
773 2917 1090 2985 ἀντιστῆναι
1121 2916 1200 2984 τῷ
1228 2917 1536 2982 Σαταναὴλ,
1566 2920 1658 2970 καὶ
1682 2918 1982 2986 θριαμϐεῦς

404 3025 494 3060 σαι
525 3010 639 3067 τοῖς
680 3007 994 3074 ἀνθρώποις
1033 3012 1133 3074 τὴν
1168 3009 1508 3059 ἀποστασίαν
1553 3009 1755 3070 αὐτοῦ’,
1793 3011 1886 3061 τὸν
1920 3010 1975 3063 δέ

401 3097 724 3165 θυμωθέντα
758 3099 1063 3164 ἐπαγαγεῖν
1104 3096 1288 3156 αὐτοῖς
1319 3097 1410 3147 τὶν
1444 3097 1852 3164 κατακλυσμὸν,
1889 3098 1982 3148 καὶ

2056 637 2117 674 ea
2142 626 2487 691 progredere,
2515 625 2579 677 ad
2618 640 2737 693 qua:
2790 624 2913 678 inde
2973 625 3235 691 rejiceris,
3282 633 3336 676 et
3381 634 3636 676 strenuas

2055 715 2304 770 invenies
2332 717 2751 770 confutationes.
2805 715 2924 769 Jam
2969 717 3095 769 illud
3121 718 3406 769 ridiculmn
3461 725 3511 769 et
3541 718 3637 767 ah—

2059 805 2278 858 surdum
2324 815 2426 869 est,
2476 807 2617 874 quod
2670 823 2733 859 ex
2779 808 2995 859 nomine
3052 807 3302 859 Satanae!
3374 809 3634 875 syllabam

2058 897 2104 951 el
2173 897 2477 962 ademptam
2540 901 2742 951 dicunt.
2817 899 3023 950 Etenim
3111 901 3272 951 etiam
3347 912 3634 967 antequam

2063 986 2399 1056 tyrannidem
2432 986 2548 1053 ejus
2599 990 2920 1041 evertisset:
2961 987 3235 1051 Videbam,
3291 992 3462 1057 inquit
3500 994 3636 1042 Deus

2063 1079 2223 1132 homo
2248 1077 2444 1142 factus,
2469 1076 2725 1130 Satanam
2756 1091 3003 1148 tanquam
3037 1082 3213 1148 fulgur
3236 1099 3260 1134 e
3290 1084 3414 1134 crrlo
3446 1085 3638 1134 caden-

2065 1178 2163 1219 tem
2195 1169 2234 1229 ’,
2285 1184 2405 1222 cum
2451 1170 2687 1222 nondum
2724 1172 2769 1223 el
2798 1172 3000 1240 syllaba
3053 1173 3239 1225 fuisse!
3266 1175 3494 1225 sublata.
3533 1177 3639 1226 Su-

2065 1274 2456 1326 pervacaneum
2496 1272 2577 1314 est
2602 1262 2763 1313 etiam
2798 1264 3112 1326 ostendere,
3148 1279 3267 1315 eum
3297 1277 3408 1331 post
3446 1282 3636 1316 asc-on-

2066 1351 2272 1404 sionem
2305 1367 2454 1404 suam
2475 1353 2524 1404 in
2556 1352 2688 1404 solio
2714 1353 3019 1406 Satanaelis
3045 1357 3108 1406 ad
3151 1355 3426 1407 deut-ram
3461 1356 3638 1408 Patris

2068 1445 2402 1498 consedisse.
2430 1443 2683 1496 Satanae!
2711 1447 2876 1508 enim,
2905 1457 2960 1498 ut
3011 1447 3521 1510 demonstravimus,
3555 1466 3645 1499 ne-

2069 1550 2173 1604 que
2227 1545 2421 1588 natura
2455 1537 2629 1603 {lilins
2695 1539 2794 1589 fuit
2843 1553 3021 1604 neque
3077 1541 3491 1606 primogenitus.
3547 1556 3645 1593 nec

2069 1625 2261 1680 solium
2303 1627 2508 1690 habuit,
2561 1641 2656 1680 nec
2704 1629 2800 1680 ad‘
2840 1630 3117 1681 dexteram
3176 1630 3352 1682 Patris
3407 1647 3642 1700 unquam

2074 1716 2298 1770 assedit.

2005 1861 2045 1917 Β
2145 1897 2199 1951 9.
2245 1897 2458 1960 Dicunt,
2491 1900 2708 1968 angelos
2736 1901 2823 1968 qui
2856 1901 3184 1965 ceciderant,
3217 1919 3336 1955 cum
3358 1904 3650 1958 intellexis~

2077 2002 2196 2046 sent
2229 1992 2566 2047 Satanaelem
2597 1993 2744 2048 Patri
2776 2009 2898 2049 esse
2928 1997 3248 2064 pollicitum,
3284 1998 3650 2067 locaipsorum

2076 2100 2137 2138 ex
2175 2085 2450 2138 hominum
2474 2102 2669 2154 genere
2718 2088 2983 2157 completa
3037 2089 3121 2149 iri.
3179 2090 3315 2144 ﬁlias
3370 2091 3648 2144 hominum

2078 2180 2345 2246 impudice
2380 2182 2728 2248 conspeiisse
2763 2197 2962 2248 easque
2992 2181 3043 2234 in
3100 2197 3296 2236 uxores
3351 2187 3651 2251 accepisse,

2075 2288 2180 2343 quo
2215 2288 2396 2327 semen
2426 2274 2662 2342 ipsorum
2690 2276 2741 2326 in
2775 2276 2968 2328 cmlutn
3015 2284 3374 2328 reverteretur
3421 2277 3485 2328 ad
3541 2274 3653 2328 loca

2076 2379 2288 2436 patrum
2322 2381 2565 2421 suorum.
2639 2365 2879 2420 Videnles
2911 2368 3076 2428 enim,
3104 2367 3372 2432 inquiunt,
3419 2367 3520 2434 ﬁlii
3566 2365 3659 2420 Dei

2077 2463 2218 2530 ﬁlias
2251 2463 2537 2522 hominum,
2561 2461 2698 2524 quod
2741 2471 2910 2513 essent
2946 2462 3199 2526 pulchrae,
3235 2461 3658 2529 ncceperuntsibi

2078 2556 2204 2623 ipsis
2233 2555 2481 2608 uxores”.
2535 2553 2703 2608 Porro
2738 2554 2830 2607 Dei
2857 2553 2993 2606 lilios
3018 2553 3289 2621 appellant
3315 2553 3438 2615 hos,
3469 2569 3660 2620 quem-

2079 2646 2369 2700 admodum
2420 2654 2475 2697 et
2522 2659 2579 2697 se
2632 2647 2698 2697 ah
2741 2644 2832 2697 illo
2865 2644 3096 2711 genitos.
3131 2641 3203 2696 Ex
3232 2643 3425 2694 horum
3484 2652 3660 2694 autem

2081 2738 2466 2807 coniunctione
2487 2737 2728 2804 gigantes
2758 2735 2924 2788 fuisse
2976 2735 3157 2787 dicunt
3196 2742 3526 2800 procreatos,
3572 2733 3660 2799 qui

2081 2846 2202 2883 cum
2246 2827 2531 2881 Satanaele
2560 2825 2939 2894 pugnaverint,
2988 2834 3040 2876 et
3067 2837 3162 2890 pro
3223 2822 3532 2875 hominibus
3597 2822 3665 2874 do

2083 2921 2173 2975 illo
2206 2919 2536 2986 triumphum
2570 2915 2918 2984 reportarint.
2952 2915 3291 2982 Quapropter
3321 2911 3467 2963 illum
3529 2910 3669 2962 indi-

2084 3024 2302 3082 gnatum
2337 3011 2594 3064 diluvium
2630 3008 2900 3067 intulisse,
2955 3015 3008 3058 et
3040 3022 3142 3057 una
3202 3018 3324 3055 eum
3366 3002 3499 3069 ipsis
3551 3015 3666 3051 om-

2084 3119 2206 3158 nem
2239 3117 2464 3156 carnem
2508 3103 2773 3154 viventem
2808 3097 3094 3151 delevisse.
3138 3095 3322 3148 Solum
3359 3089 3670 3145 autemNue

399 3187 712 3256 διαφθεῖραι
743 3188 842 3238 σὺν
873 3187 1058 3248 αὐτοῖς
1085 3189 1267 3238 πᾶσαν
1291 3187 1474 3248 ζῶσαν
1501 3190 1701 3256 σάρκα,
1739 3189 1896 3254 μόνον
1924 3188 1977 3238 δέ
2009 3199 2050 3256 C
2085 3215 2144 3267 (με

1924 3188 1977 3238 δὲ
2009 3199 2050 3256 C
2085 3199 2174 3267 qui
2211 3184 2374 3250 tiliam
2407 3211 2509 3250 noa
2541 3192 2774 3247 habebat
2803 3189 3158 3244 defectionem
3195 3185 3663 3253 Satanaelisigno-

402 3283 494 3334 τ²ιν
537 3282 660 3334 Νῶε
715 3282 994 3349 θυγατέρα
1051 3282 1125 3349 μὴ
1174 3282 1517 3349 κεκτημένον
1570 3281 1836 3348 ἀγνοῆσαι
1884 3279 1981 3348 τὴν

401 3373 739 3426 ἀποστασίαν
793 3372 889 3423 τοῦ
950 3372 1268 3441 Σαταναὴλ,
1335 3375 1429 3424 καὶ
1485 3373 1762 3438 ξιαμεῖναι
1815 3371 1983 3440 θερα-

403 3463 636 3515 πεύοντα
659 3461 870 3522 τοῦτον,
895 3455 957 3512 οῦ
979 3464 1042 3530 τῇ
1075 3462 1302 3530 λατρεία
1327 3461 1418 3512 τὸν
1447 3461 1730 3530 Σαταναὴλ
1756 3463 1985 3527 ἀρεσκό-

405 3573 569 3623 μενον
607 3553 903 3604 ὑποθέσθαι
939 3554 1003 3605 τὰ
1039 3555 1171 3622 περὶ
1206 3555 1306 3620 τῆς
1344 3553 1580 3606 κιϐωτοῦ
1603 3594 1616 3615 ,
1655 3557 1747 3605 καὶ
1782 3554 1982 3606 διασῶο

404 3667 494 3698 σαι
537 3646 728 3698 τοῦτον
777 3647 937 3712 μόνον
994 3647 1130 3714 μετά
1171 3645 1280 3696 τῶν
1324 3648 1381 3696 ἐν
1434 3647 1592 3713 αὐτῇ.
1645 3645 1828 3698 Ταῦτα
1888 3649 1985 3712 μὲν

404 3739 629 3790 ἐκείνων
664 3737 730 3788 τα
777 3737 1106 3806 ληρήματα·
1145 3737 1381 3806 λέγομεν
1429 3738 1483 3789 δέ
1525 3739 1648 3806 περῖ
1684 3738 1784 3805 τῆς
1825 3739 1987 3790 ἀσελ·

404 3830 535 3900 γοῦς
583 3830 875 3894 συνουσίας
911 3830 1004 3883 καὶ
1054 3829 1401 3897 παιδογονίας
1441 3830 1550 3881 τῶν
1600 3831 1988 3882 ἀποπεσόντων

400 3923 608 3976 τούτων
647 3921 899 3988 ἀγγέλων
925 3920 1136 3988 ὅσαπερ
1164 3918 1421 3987 ἀνωτέρω
1489 3920 1583 3969 καὶ
1616 3920 1742 3985 περὶ
1772 3918 1869 3984 τῆς
1893 3917 1988 3968 τοῦ

404 4014 689 4082 Σαταναὴλ
725 4012 1027 4064 ἀκολάστου
1066 4011 1203 4079 πρὸς
1244 4011 1346 4078 τὴν
1380 4008 1525 4061 Εὕαν
1565 4010 1858 4072 συνουσίας
1897 4012 1990 4061 καὶ

404 4106 752 4171 τεκνογονίας
812 4104 1141 4173 είρήκαμεν.
1200 4103 1364 4164 Υἱοὺς
1426 4103 1525 4171 μέν
1563 4099 1658 4155 οὖν
1711 4103 1809 4154 τοῦ
1855 4101 1989 4155 Θεοῦ

407 4197 673 4258 λαϐόντας
721 4198 984 4260 γυναῖκας
1020 4195 1304 4262 ὠνόμασεν
1333 4196 1364 4263 ἠ
1395 4195 1584 4264 Γραφὴ
1612 4196 1740 4256 τοὺς
1771 4193 1977 4259 ἀπογόο

404 4306 527 4350 νους
555 4287 647 4339 τοῦ
681 4286 810 4350 Σὴθ.
843 4286 900 4348 ὃς
928 4286 1293 4355 ἐπωνομάσθη
1317 4287 1448 4347 Θεδς
1478 4286 1564 4337 διὰ
1593 4285 1682 4337 τὸν
1717 4285 1992 4353 θεομίμη-

407 4399 499 4435 τον
537 4379 704 4434 αὐτοῦ
740 4380 879 4449 βίον,
916 4379 1010 4431 καὶ
1043 4379 1102 4431 τὸ
1130 4379 1227 4447 τῆς
1263 4378 1540 4441 πολιτείας
1579 4379 1950 4447 ἀνεπίληπτον
1976 4393 1989 4406 ·

409 4473 720 4544 θυγατέρας
767 4473 822 4525 δέ
864 4470 1167 4540 ἀνθρώπων
1213 4472 1312 4532 τὰς
1357 4473 1464 4524 ἀπὸ
1506 4473 1599 4524 τοῦ
1655 4473 1848 4538 γένους
1895 4471 1991 4525 τοῦ

407 4537 550 4619 Κά-ῐν
604 4537 698 4618 καὶ
757 4565 868 4616 τῶν
923 4537 981 4629 ἐξ
1041 4564 1207 4616 αὑτοῦ
1265 4565 1671 4631 καταγομένας.
1731 4566 1834 4617 Τὸν
1897 4537 2068 4633 μένθ

403 4661 496 4713 οῦν
529 4658 926 4725 κατακλυσμὸν
958 4659 1242 4727 ἐπήγαγεν
1278 4658 1376 4725 οὐχ
1409 4661 1434 4710 6
1468 4657 1756 4724 Σαταναὴλ
1781 4699 1793 4718 ,
1823 4657 1941 4709 ἀλλ’
1971 4658 2000 4710 6

406 4754 540 4814 Θεὸς
577 4754 687 4813 τοῖς
727 4752 1224 4814 κατακλυσθεῖσιν,
1268 4752 1326 4803 ὃν
1355 4752 1450 4803 καὶ
1483 4754 1509 4803 6
1538 4751 1658 4803 Νῶε
1701 4752 1833 4802 Θεὸν
1881 4751 1999 4818 ἐγί-

404 4847 582 4900 νωσκέ
609 4864 666 4900 τε
719 4848 813 4900 καὶ
840 4846 1194 4918 προσεκύνει,
1227 4847 1319 4900 καί¹
1355 4847 1446 4916 ὑφ’
1472 4841 1532 4899 οὗ
1571 4848 1670 4916 τὴν
1704 4848 1806 4914 τῆς
1831 4847 2000 4899 κιϐω-

404 4941 498 4992 τοῦ
535 4941 890 5007 κατασκευὴν
936 4941 1247 5009 ἐπετράπη.
1296 4934 1466 4996 Οῦτος
1509 4939 1566 4991 δέ
1597 4935 1665 5002 ἦν
1705 4941 1732 4991 6
1763 4940 1862 5007 τῆς
1897 4957 2002 4991 πα-

405 5031 566 5091 λαιᾶς
598 5029 876 5100 Διαθὴκης
907 5031 1224 5100 νομοθέτης.
1261 5031 1384 5083 Ὅτι
1411 5032 1467 5083 δέ
1506 5031 1712 5100 κυρίως
1741 5032 1837 5082 καὶ
1867 5029 2001 5099 ἀλη-

410 5123 517 5186 θῶς
544 5117 699 5187 οὗτος
731 5124 882 5187 Θεὸς,
913 5125 1406 5194 προαποδέδεικται
1437 5125 1630 5191 σαφῶς
1658 5127 1716 5176 ἐν
1743 5124 1822 5192 τῷ
1853 5126 2002 5180 κατά

409 5213 528 5268 τῶν
546 5215 842 5268 Παυλικιά
853 5233 974 5269 νων
991 5216 1178 5282 τίτλῳ,
1199 5218 1255 5268 ἐν
1276 5217 1386 5276 τοῖς
1404 5213 1718 5282 κεφαλαίοις
1735 5213 2000 5282 δηλονότι,

411 5304 492 5370 οἷς
541 5307 974 5378 ἐπιγέγραπται,
1008 5309 1133 5362 Ὀτι
1181 5309 1276 5362 τοῦ
1311 5307 1520 5376 ἀγαθοῦ
1577 5305 1716 5359 Θεοῦ
1773 5307 1911 5359 εἰσιν
1968 5307 2002 5377 ἦ

413 5418 474 5452 τε
510 5401 718 5453 παλαιά
751 5400 1066 5465 νομοθεσία,
1103 5400 1198 5454 καὶ
1229 5402 1278 5455 οῖ
1309 5405 1365 5454 ἐν
1391 5403 1525 5471 αὐτῇ
1552 5401 1890 5470 λάμψαντες,
1925 5399 2004 5452 ἐτι

410 5491 467 5544 δέ
500 5492 592 5543 καὶ
626 5492 682 5542 ὲν
710 5493 822 5553 τοῖς
859 5491 1060 5560 ἐφεξῆς
1094 5491 1300 5546 τούτων
1336 5493 1680 5561 κεφαλαίοις.

485 5587 535 5634 ι’.
563 5582 799 5648 Λέγουσι
823 5581 912 5635 τὸν
939 5583 1148 5653 Μωσῆν
1171 5585 1515 5639 πλανηθέντα
1537 5587 1688 5655 παρά
1712 5585 1803 5640 τοῦ
1830 5588 2004 5640 Σαταο

414 5672 548 5743 ναὴλ
573 5674 834 5727 ἀπελθεῖν
861 5677 940 5738 είς
962 5677 1238 5743 Αἴγυπτον
1267 5673 1446 5743 αὖθις,
1473 5678 1568 5732 καὶ
1601 5678 1885 5732 ἀπατῆσαι
1911 5679 2003 5732 τδν

491 5861 504 5891 ¹
547 5859 676 5915 Luc.
719 5874 773 5928 ι,
808 5858 894 5914 18.
987 5859 1164 5916 ’Cea.
1195 5872 1269 5915 vt.
1312 5859 1364 5914 Εἰ.

2087 3303 2254 3352 rasse,
2289 3298 2342 3340 et
2373 3288 2425 3340 in
2459 3287 2602 3338 illius
2652 3281 2997 3337 observantia
3056 3277 3443 3348 permansisse,
3519 3275 3674 3340 cujth

2085 3377 2300 3448 quidem
2331 3377 2475 3430 cultu
2507 3373 2846 3428 Satanaelem
2901 3371 3173 3438 placatum
3241 3369 3554 3436 permisisse
3619 3376 3675 3417 ut

2085 3484 2268 3526 arcam
2293 3476 2634 3522 construeret
2665 3479 2832 3534 seque
2881 3463 3050 3515 solum
3111 3470 3358 3515 servaret
3400 3474 3522 3512 cum
3564 3459 3672 3510 illis

2086 3563 2174 3631 qui
2205 3563 2256 3614 in
2290 3573 2350 3613 ea
2381 3567 2558 3610 erant.
2590 3553 2896 3610 Istiusmodi
2933 3561 3062 3605 sunt
3098 3565 3283 3603 eorum
3342 3563 3513 3618 nugae.
3570 3547 3675 3599 Nos

2090 3667 2292 3717 autem,
2327 3661 2590 3723 quantum
2621 3648 2848 3718 pertinet
2884 3645 2950 3698 ad
2982 3644 3308 3712 impudicam
3343 3642 3672 3710 angelorum

2089 3767 2210 3804 cum
2250 3748 2466 3804 feminis
2500 3742 2953 3799 consuetudinem
2981 3751 3034 3794 et
3067 3741 3360 3793 liberorum
3412 3751 3671 3804 procrea-

2091 3845 2316 3907 tionem,
2360 3842 2409 3894 id
2444 3839 2855 3907 respondemus,
2894 3834 3037 3904 quod
3097 3830 3348 3899 superius
3415 3829 3676 3888 diximus,

2093 3954 2215 3993 cum
2256 3937 2320 3990 de
2361 3931 2634 4002 impudica
2666 3928 2972 3984 Satanaelis
3030 3941 3152 3980 cum
3225 3923 3330 3976 Eva
3385 3930 3679 3974 consuetu-

2093 4033 2217 4084 dine
2247 4042 2301 4082 et
2333 4027 2623 4080 liberorum
2674 4019 3048 4089 procreatioue
3103 4016 3473 4082 loqueremur.
3532 4012 3678 4065 Scri-

2093 4132 2250 4192 ptura
2279 4130 2461 4173 autem
2521 4115 2612 4168 Dei
2642 4113 2802 4173 (ilius,
2836 4111 2926 4178 qui
2968 4109 3221 4161 mulieres
3255 4121 3451 4158 uxores
3515 4118 3676 4156 acce-

2094 4215 2295 4282 perint,
2318 4221 2470 4265 vocat
2515 4207 2652 4261 ﬁlios
2674 4205 2828 4268 Seth,
2855 4205 2943 4271 qui
2980 4212 3198 4270 pr0pter
3226 4199 3466 4252 divinam
3515 4198 3680 4249 vitam

2095 4322 2148 4367 et
2177 4307 2537 4364 innocentiam
2570 4303 2869 4374 appellatus
2911 4309 2993 4352 est
3062 4299 3216 4352 deus.
3278 4294 3442 4346 Filias
3502 4304 3681 4344 auten.

2099 4402 2373 4458 hominum
2405 4412 2499 4452 eas
2533 4404 2707 4457 vocat,
2737 4408 2858 4463 qua:
2891 4408 2955 4445 ex
3010 4405 3208 4460 genere
3241 4387 3372 4441 Cain
3412 4395 3465 4438 et
3506 4395 3683 4452 poste—

2098 4497 2172 4550 ris
2202 4496 2324 4564 ejus
2361 4491 2782 4546 descenderunt.
2816 4485 3083 4541 Diluvium
3120 4484 3285 4548 igitur
3337 4479 3517 4532 intulit
3578 4491 3683 4528 ltOtI

2100 4589 2376 4651 Satanael,
2406 4585 2502 4641 sed
2543 4585 2657 4653 ipse
2689 4582 2850 4644 Deus,
2913 4591 3073 4647 quem
3117 4575 3335 4644 quidem
3407 4572 3575 4624 Deum
3634 4578 3687 4621 et

2099 4682 2212 4735 Noe
2239 4677 2620 4746 cognoscebat,
2653 4683 2706 4727 et
2747 4670 3028 4749 adorabat,
3062 4678 3114 4721 et
3151 4667 3216 4719 ab
3241 4681 3305 4718 eo
3373 4664 3686 4717 mandatutn

2096 4780 2384 4841 acceperat
2415 4777 2473 4822 ut
2521 4781 2702 4820 arcam
2750 4761 3133 4817 exaediﬁcaret.
3192 4755 3291 4810 Hic
3340 4755 3442 4808 fuit
3502 4765 3692 4806 auctor

2098 4861 2322 4930 Antiqui
2355 4855 2715 4919 Testameuti,
2749 4868 2912 4922 quem
2950 4847 3169 4917 proprie
3223 4856 3277 4900 et
3336 4859 3461 4897 vere
3521 4843 3690 4895 Deum

2100 4969 2218 5010 esse
2249 4950 2532 5021 perspicue
2582 4948 2634 5000 in
2682 4946 2838 4999 titulo
2867 4945 3132 4996 Adversus
3192 4939 3530 4992 Puulicianos
3564 4952 3662 4988 cur

2099 5045 2303 5115 Scripto
2336 5040 2850 5103 demonstravimus,
2883 5040 2934 5089 in
2962 5036 3069 5089 illis
3093 5035 3366 5102 Capitibus
3397 5032 3449 5082 iu
3495 5030 3694 5098 quibus

2099 5139 2459 5201 ostendimus,
2483 5136 2609 5189 boni
2654 5133 2745 5186 Dei
2789 5147 2912 5185 esse
2944 5131 3357 5183 Testamentum
3419 5124 3606 5188 Vetus,
3637 5134 3693 5176 et

2101 5235 2194 5302 qui
2230 5234 2370 5287 ineo
2398 5230 2634 5284 illustres
2665 5226 3034 5288 exstiterunt,
3077 5220 3210 5277 etin
3263 5219 3370 5274 illis
3433 5217 3563 5271 item
3607 5232 3698 5268 ca-

2104 5329 2308 5400 pitibus
2335 5341 2454 5396 qua:
2483 5323 2915 5391 subsequuntur.

2186 5579 2270 5634 10.
2301 5577 2514 5636 Dicunt.
2548 5573 2824 5644 Moysema
2849 5571 3137 5626 Satanaele
3161 5567 3509 5636 deceptumin
3537 5563 3704 5631 A‘Igy-

2114 5682 2262 5741 ptum
2296 5669 2604 5734 revertisse,
2647 5664 3029 5722 etJttdzeorum
3091 5661 3348 5732 populmn
3400 5659 3699 5726 decepisse,
