4420 6462
801 450 934 515 13οἹ

2039 448 2423 511 ΕΗΤΗΥΜΙΙ
2465 448 2828 509 ZlGABENI

3943 453 4079 518 1308

791 576 847 621 et
878 580 971 619 eos
996 565 1251 621 eduxisse
1278 566 1549 636 portentis
1576 575 1631 621 et
1658 566 1850 637 signis,
1888 580 2009 637 qute
2048 568 2249 620 virtute
2276 565 2374 617 Sa-
2412 569 2451 623 Α
2479 565 2536 618 λα

2329 580 2374 616 1-
2412 569 2451 623 Α
2479 564 2609 618 λαὸν
2634 564 2744 616 τῶν
2783 563 3079 627 Ἰουδαίων,
3110 563 3202 617 καὶ
3225 563 3522 633 ἐξαγαγεῖν
3544 565 3741 629 αὐτοὺς
3772 567 4074 635 ποιήσαντα

765 656 1027 710 'tanaelis
1060 654 1353 721 efﬁciebat,
1391 666 1445 711 et
1476 666 1717 711 montem
1759 657 1915 710 Sinai
1970 655 2378 716 conscendisse,

766 747 967 815 legem
998 764 1026 800 a
1063 747 1354 802 Satanaele
1395 748 1653 802 traditam
1698 750 2000 817 accepisse,
2068 763 2165 815 per
2206 746 2382 799 illam-

791 854 899 906 que
928 838 1339 891 innumerabilia
1376 839 1651 891 hominum
1689 839 1855 891 millia
1921 839 2241 906 perdidisse.
2290 837 2383 887 Λι-

791 946 897 996 que
932 929 1156 995 hujusce
1184 928 1257 981 rei
1294 938 1484 982 testem
1509 944 1631 981 esse
1684 928 1930 989 Paulum,
1966 930 2081 997 qui,
2120 926 2383 993 Concupi-

791 1021 1081 1083 scentiam,
1124 1019 1331 1089 inquit,
1386 1020 1700 1081 nesciebam,
1758 1022 1857 1072 nisi
1894 1036 1987 1088 per
2013 1021 2177 1087 legem
2209 1020 2273 1078 ¹;
2330 1025 2382 1068 et

792 1125 1008 1164 rursum
1039 1128 1051 1161 :
1082 1109 1400 1163 Adueniant:
1428 1120 1605 1163 autem
1633 1116 1885 1163 ntandato
1917 1091 2193 1175 peccatum
2250 1107 2381 1159 reui-

789 1204 866 1255 xit
897 1203 940 1253 ¹.
1006 1201 1228 1264 Verum,
1254 1217 1284 1255 ο
1309 1200 1517 1255 l'raudis
1547 1201 1808 1265 artiﬁces,
1861 1216 1959 1253 cur
1997 1201 2070 1264 id,
2100 1200 2241 1267 quod
2292 1211 2380 1250 se-

789 1296 995 1361 quitur,
1020 1296 1317 1355 omisistis,
1366 1309 1600 1360 nempe:
1662 1294 1769 1345 Lex
1800 1302 2012 1357 sancta,
2067 1292 2380 1344 mandatum

789 1396 1053 1444 sanctum,
1081 1393 1129 1436 et
1172 1384 1377 1451 justum
1409 1394 1456 1437 et
1492 1389 1681 1437 bonum
1717 1385 1775 1437 ’ί
1827 1385 1978 1449 Quod
2016 1384 2059 1436 si
2112 1384 2193 1435 lex
2236 1386 2380 1450 Apo-

787 1476 910 1528 stoli
949 1475 1260 1529 testimonio
1294 1484 1377 1528 est
1414 1484 1626 1538 sancta,
1656 1488 1711 1528 et
1756 1475 2068 1527 mandatum
2128 1484 2377 1527 sanctum

787 1578 839 1620 et
865 1571 1087 1631 bonum,
1128 1583 1235 1620 non
1268 1567 1596 1635 estimpnri,
1652 1578 1708 1619 et
1770 1566 1982 1634 injusti,
2042 1576 2091 1618 et
2147 1563 2378 1630 improbi

788 1656 1119 1710 Satanaelis.
1150 1656 1301 1709 Mala:
1330 1658 1474 1709 enim
1500 1657 1713 1710 arboris
1748 1656 1941 1721 Lmalus
2000 1664 2080 1709 est
2128 1654 2375 1715 fructus;

786 1746 1174 1818 bemus-autem
1213 1746 1423 1799 fruetus
1450 1757 1539 1799 est
1600 1748 1811 1798 arboris
1871 1747 2044 1808 home,
2108 1747 2375 1812 quemad-

784 1836 1002 1887 modum
1029 1844 1084 1887 et
1108 1834 1371 1903 Dominus
1404 1836 1479 1887 ait
1511 1834 1554 1888 ⁸.
1616 1833 1723 1887 Sed
1758 1846 1814 1887 ut
1844 1836 2044 1888 clarius
2074 1838 2239 1888 etiam
2287 1837 2375 1889 illa

782 1926 1029 1996 Apostoli
1050 1928 1215 1981 verba
1249 1926 1649 1995 intelligantur,
1681 1927 1977 1980 notandum
2008 1938 2091 1981 est
2116 1943 2238 1980 eum
2267 1944 2375 1982 non

782 2017 1008 2082 dixisse,
1036 2018 1209 2089 legem
1236 2033 1357 2075 esse
1387 2021 1595 2088 peccati
1615 2019 1970 2088 effectricem,
1994 2021 2090 2078 sed
2120 2024 2377 2089 ind;cem,

780 2111 986 2178 quippe
1012 2126 1131 2180 quae
1154 2113 1329 2180 ipsum
1360 2114 1623 2177 ostendit,
1656 2122 1711 2166 et
1749 2114 1995 2183 praecipit
2021 2124 2078 2168 ut
2108 2116 2343 2170 evitetur
2363 2154 2379 2178 ,

784 2211 1045 2269 tanquam
1080 2203 1332 2258 interitus
1380 2218 1566 2258 causa.
1605 2203 1742 2257 Cum
1818 2205 1963 2258 enim
2030 2206 2117 2285 [ex
2180 2206 2380 2273 scripta

783 2296 1021 2349 nondum
1059 2304 1206 2349 esset
1236 2295 1365 2371 lata,
1398 2310 1520 2364 quae
1581 2306 1862 2365 peccatum
1904 2297 2205 2366 -prohibct,
2255 2297 2382 2351 licet

782 2388 1250 2451 committeretur,
1315 2403 1424 2443 non
1478 2398 1660 2442 tamen
1698 2388 1839 2442 adeo
1893 2390 2262 2458 perniciosum
2326 2402 2381 2448 et

796 2482 1114 2549 fugiendum
1134 2483 1598 2550 cognoscebatur.
1631 2481 1913 2546 Quomodo
1937 2494 2122 2537 autem
2148 2485 2378 2539 venien-

781 2585 837 2630 te
863 2576 1118 2631 mandato
1174 2585 1459 2645 peccatum
1528 2578 1811 2640 revixerit,
1857 2576 2006 2631 audi.
2070 2577 2379 2647 Antequam

780 2670 867 2723 lex
947 2668 1410 2738 promulgaretur,
1448 2668 1774 2723 imbecillum
1837 2679 1954 2721 erat
2001 2680 2055 2724 et
2122 2679 2379 2738 tanquam

781 2769 1057 2811 mortuum
1096 2768 1405 2824 peccatum,
1436 2773 1537 2812 nec
1570 2768 1781 2811 tantum
1827 2761 2182 2828 peccantibus
2244 2778 2379 2830 sup-

779 2849 1229 2917 pliciumaﬂ‘erre
1254 2860 1487 2917 poterat,
1524 2860 1787 2918 quantum
1844 2863 1964 2919 post
2028 2852 2161 2922 legis
2223 2853 2383 2908 affert

778 2936 1293 3005 promulgationem,
1320 2946 1374 2991 et
1402 2938 1605 2989 idcirco
1639 2953 1745 2992 non
1771 2942 2060 2995 admodum
2094 2957 2382 3011 oppugna-

782 3029 896 3081 bat.
930 3027 1291 3097 Posteaquam
1336 3041 1520 3083 autem
1560 3032 1643 3084 lex
1714 3032 2028 3085 hominibus
2082 3036 2205 3088 data
2270 3046 2376 3099 εει,

777 3135 900 3187 qua:
954 3120 1164 3187 peccati
1223 3120 1540 3174 debellatrix
1602 3132 1686 3175 est
1748 3132 1800 3175 et
1850 3125 2188 3187 adversaria,
2254 3137 2379 3180 tunc

2486 656 2688 723 τέρατα
2722 657 2816 706 καὶ
2850 658 3054 723 σημεῖα
3085 656 3174 708 διὰ
3202 656 3301 723 τῆς
3334 657 3618 725 ἐνεργείας
3644 659 3738 710 τοῦ
3768 660 4075 730 Σαταναὴλ,

2485 747 2580 798 καὶ
2610 747 2857 800 ἀνελθεῖν
2893 749 2973 809 είς
3000 747 3062 798 τὸ
3089 748 3216 817 ὄρος
3252 748 3313 800 τὸ
3343 750 3494 811 Σινᾶ,
3527 750 3624 801 καλ⁵
3649 750 3837 801 λαϐεῖν
3864 752 3956 803 τὸν
3986 754 4075 803 νό-

2488 850 2588 901 μον
2630 833 2989 903 ὐφηγηῦέντα
3020 837 3174 902 παρά
3204 835 3299 886 τοῦ
3340 836 3648 905 Σαταναὴλ,
3682 837 3777 889 καὶ
3810 839 4073 889 ἀπολέσαι

2484 924 2552 975 δι’
2602 926 2766 977 αὑτυῦ
2822 925 3093 993 μυριάδας
3144 925 3579 994 ἀναριθμήτους,
3628 928 3723 977 καὶ
3774 931 4074 997 μαρτυρεῖν

2484 1017 2613 1086 περὶ
2642 1017 2833 1068 τούτου
2864 1018 2956 1068 τὸν
2993 1016 3318 1068 Ἀπόστολον
3350 1018 3597 1082 λέγοντα,
3633 1016 3756 1082 Τὴν
3784 1020 4079 1084 ἁμαρτίην

2483 1108 2595 1158 οὐκ
2628 1107 2823 1175 ἔγνων
2842 1106 2994 1174 εἰμὴ
3020 1107 3119 1158 διὰ
3148 1109 3358 1174 νόμου.
3393 1108 3502 1158 Καὶ
3534 1107 3717 1169 αὖθις,
3736 1109 4077 1170 'EJtlut'vaur

2484 1198 2550 1250 δὲ
2571 1198 2680 1265 τῆς
2712 1198 2969 1265 ἐντολῆς
3001 1201 3035 1267 ἡ
3067 1199 3323 1266 ἁμαρτία
3349 1198 3662 1264 ἀνέζησεν
3698 1199 3862 1259 Ἀλλ’,
3912 1196 3956 1252 ὦ
3988 1218 4073 1251 σοι

2484 1292 2675 1357 φισταὶ
2703 1290 2807 1358 τῆς
2854 1290 3075 1353 κακίας,
3125 1291 3181 1341 τί
3228 1289 3287 1342 τὸ
3320 1290 3448 1354 ἑξῆς
3481 1292 3772 1360 κακοήθως
3829 1294 4074 1358 ’ὓπεκραο

2481 1384 2718 1451 τήσατες
2754 1381 3068 1449 Γέγραπται
3102 1380 3211 1448 γὰρ
3243 1381 3425 1445 εὐθὺς,
3461 1381 3541 1431 ὅτι
3578 1381 3639 1431 ’0
3675 1383 3857 1448 νόμος
3886 1382 4069 1449 ἄγη-ς,

2483 1472 2578 1522 καὶ
2616 1472 2652 1537 ἡ
2688 1470 2906 1537 ἐντολὴ
2940 1470 3099 1537 ἁγία,
3136 1470 3234 1522 καί
3266 1469 3489 1529 δικαία,
3525 1471 3621 1521 καὶ
3653 1471 3869 1538 ἀγαθή.
3931 1472 3988 1521 El
4016 1471 4071 1521 δὲ

2482 1564 2623 1615 κατὰ
2690 1560 2953 1631 τὴν’τοῦ
3021 1562 3347 1614 Ἀποστόλου
3416 1564 3728 1631 μαρτυρίαν
3805 1566 3833 1615 ὁ
3909 1565 4070 1629 νόμος

2485 1656 2658 1721 ἆγιος,
2685 1654 2840 1723 καὶή
2880 1655 3070 1723 ἐντολὴ
3118 1654 3275 1722 ἁγία,
3330 1654 3425 1707 καὶ
3458 1654 3669 1717 δικαία,
3720 1654 3813 1705 καὶ
3873 1654 4077 1721 ἀγαθὴ,

2480 1748 2578 1798 οὐκ
2615 1746 2721 1815 ἀρα
2764 1745 2855 1798 τοῦ
2910 1747 3188 1813 ἀνάγνου,
3250 1746 3344 1799 καὶ
3412 1748 3638 1807 ἀδίκου,
3693 1746 3789 1799 καὶ
3836 1749 4079 1812 πονηροῦ

2482 1838 2768 1907 Σαταναὴ).
2817 1834 2926 1890 εἷεν
2980 1839 3046 1893 ἂν
3096 1840 3273 1892 ταῦτα
3328 1839 3650 1906 νομοθεσίαι
3711 1839 3805 1889 καὶ
3849 1839 4081 1903 ἐπιτάγ-

2486 1950 2649 2004 ματα.
2707 1933 2926 2001 Σαττροῦ
2991 1933 3088 2000 μὲν
3147 1932 3256 2001 γὰρ
3323 1930 3539 1999 δένδρου
3628 1929 3839 1998 σαπρὸς
3920 1929 4073 1981 ἔσται

2482 2028 2732 2097 καρπὸς,
2795 2026 2823 2078 ὸ
2866 2024 2922 2076 δὲ
2968 2023 3130 2085 καλὸς
3186 2023 3405 2084 πάντως
3448 2021 3648 2083 καλοῦ,
3722 2020 3904 2081 καθὼς
3971 2021 4065 2073 καὶ

2481 2122 2509 2173 ὁ
2565 2120 2768 2190 Κύριος
2830 2118 3177 2186 ἀπεφήνατο.
3214 2115 3333 2167 Ὶνα
3372 2115 3430 2167 δὲ
3490 2116 3584 2166 καὶ
3649 2113 3717 2167 τὰ
3762 2112 4074 2183 δηλωθέντσ.

2482 2212 2575 2265 τοῦ
2619 2210 2950 2265 Ἀποστόλου
2984 2206 3351 2277 σαφηνισοείη
3385 2207 3527 2277 ῥητά
3550 2244 3564 2269 ,
3592 2204 3930 2275 προσεκτέον
3950 2247 3966 2269 ,
3997 2206 4079 2257 δτι

2482 2306 2544 2358 οὐ
2581 2303 2870 2374 ποιητικὸν
2903 2303 3003 2371 τῆς
3038 2299 3318 2371 ἁμαρτίας
3353 2298 3545 2368 εἴρηκε
3580 2300 3673 2350 τὸν
3708 2297 3909 2366 νόμον,
3942 2296 4081 2350 ἀλλά

2482 2398 2789 2466 γνωστικὸν
2837 2395 3031 2464 αὐτῆς,
3082 2392 3159 2455 ὡς
3215 2390 3649 2445 ὑποδεικνύοντα
3706 2389 3934 2456 ταύτην,
3986 2390 4082 2441 καὶ

2484 2486 2899 2557 προστάττοντα
2935 2482 3162 2549 φεύγειν
3192 2480 3387 2548 αὐτὴν,
3410 2480 3486 2541 ὡς
3515 2478 3866 2548 φθοροποιὸν.
3898 2476 4083 2546 Μήτιω

2483 2577 2594 2645 γᾶρ
2623 2576 2874 2635 δοθέντος
2905 2571 2999 2626 τοῦ
3026 2571 3276 2640 γραπτοῦ
3305 2571 3497 2624 τούτου
3523 2573 3691 2639 νόμου
3720 2568 3812 2621 τοῦ
3845 2566 4082 2621 κωλύον-

2484 2685 2575 2729 τος
2603 2666 2797 2735 αὐτὴν,
2835 2665 2883 2716 εί
2919 2664 3015 2716 καὶ
3054 2666 3366 2733 ἐνηργεῖτο,
3402 2662 3521 2715 ἀλλ’
3551 2662 3648 2729 οὐχ
3684 2660 3829 2713 οὕτω
3864 2660 4079 2726 λυμαν-

2482 2762 2610 2829 τικὴ
2641 2760 2735 2811 καὶ
2760 2758 2967 2826 φευκτὴ
2990 2759 3105 2817 τοῖς
3128 2756 3436 2828 ἀνθρώποις
3465 2755 3814 2823 ὲγνωρίζετο.
3843 2753 3966 2815 Πῶς
3996 2752 4072 2817 δὲ,

2483 2851 2746 2920 ἐλθούσης
2774 2850 2872 2915 τῆς
2896 2848 3141 2913 ἐντολῆς,
3164 2850 3196 2916 ἡ
3222 2847 3473 2915 ἁμαρτία
3498 2845 3788 2914 ἀνέζησεν,
3818 2844 4073 2897 ἄκουσον.

2485 2945 2609 2995 Ὀτι
2643 2942 2751 3011 πρὸ
2788 2944 2885 3011 μὲν
2912 2942 3015 3009 τῆς
3049 2941 3281 3011 νομικῆς
3316 2941 3543 3007 ἐντολῆς
3576 2942 3812 3011 ἀσθενὴς
3842 2940 3910 3013 ἦν
3932 2984 3945 3006 ,
3979 2942 4079 2994 xui

2483 3032 2592 3088 οἷον
2625 3036 2816 3105 νεκρὰ,
2840 3036 2912 3104 μὴ
2945 3035 3220 3101 δυναμένη
3251 3032 3526 3103 τοσαύτην
3557 3034 3858 3103 καταδίκην
3886 3032 4081 3103 προξε-

2484 3132 2594 3181 νεῖν
2659 3130 2770 3191 τοῖς
2829 3129 3239 3196 ἁμαρτάνουσιν
3293 3127 3426 3194 ὅσην
3480 3127 3737 3195 προξενεῖ
3797 3126 3936 3192 μετὰ
3987 3126 4081 3176 τὸν

776 3213 955 3281 ipsum
988 3222 1268 3279 peccatum
1294 3214 1592 3266 excitatum
1636 3226 1720 3268 est
1745 3226 1799 3269 et
1839 3217 2244 3283 quodaunnodo
2294 3235 2380 3273 re-
2406 3230 2449 3285 ε
2484 3241 2521 3272 νε

2325 3238 2380 3273 e-
2406 3230 2449 3285 ο
2484 3222 2669 3289 νόμον,
2714 3220 2811 3272 καὶ
2837 3220 2925 3272 διὰ
2969 3218 3133 3271 τοῦτο
3182 3220 3258 3288 μὴ
3312 3219 3456 3271 πάνυ
3507 3218 3827 3288 πολεμοῦσα
3856 3236 3867 3247 ·
3896 3223 3983 3271 ὅτε
4012 3218 4070 3273 δὲ

776 3303 930 3365 vixit,
971 3301 1022 3355 id
1053 3312 1138 3354 est
1191 3318 1416 3371 magnas
1461 3304 1604 3358 vires
1630 3305 1883 3372 sumpsit,
1912 3317 2077 3375 atque
2133 3309 2371 3363 crudeli-

778 3400 862 3443 ter
893 3392 1068 3443 saeviit
1101 3391 1152 3443 in
1191 3406 1285 3445 eos
1312 3391 1404 3459 qui
1436 3392 1610 3461 legem
1654 3406 2036 3463 susceperant.
2071 3396 2226 3461 Quod
2270 3414 2371 3451 au—

775 3492 884 3537 tem
913 3483 1127 3554 Moyses
1158 3502 1185 3537 a
1220 3485 1512 3537 Satanaele
1540 3486 1795 3554 deceptus
1828 3504 1931 3548 non
1959 3487 2139 3556 inierit,
2190 3492 2284 3545 sed
2306 3493 2374 3545 ab

772 3588 839 3629 eo
877 3575 968 3643 qui
999 3590 1123 3629 vere
1148 3587 1230 3629 est
1259 3576 1420 3637 Dens,
1456 3577 1659 3629 missus
1698 3577 1791 3641 sit,
1838 3588 1891 3629 et
1919 3579 2092 3647 legem
2142 3597 2373 3651 accepe-

775 3669 867 3731 rit,
904 3666 1185 3737 multaque
1232 3668 1512 3720 hominum
1551 3668 1718 3721 millia
1754 3683 1861 3722 non
1890 3672 2209 3735 perdiderit,
2272 3676 2369 3729 sed

771 3761 1110 3828 gubernarit,
1147 3760 1417 3829 intelliges
1448 3776 1511 3813 ex
1546 3761 1724 3826 titulo,
1766 3778 1925 3829 quem
1991 3773 2175 3817 contra
2228 3766 2374 3820 Pau-

772 3855 997 3907 licianos
1051 3853 1397 3921 scripsimus,
1454 3857 1915 3922 quemadmodum
1981 3856 2034 3909 in
2092 3861 2373 3927 superiore

772 3950 951 4015 capite
985 3947 1410 4001 declaravimus.

844 4221 933 4275 11.
964 4218 1071 4272 Eos
1103 4217 1248 4274 solos
1270 4218 1459 4273 dicunt
1493 4234 1613 4273 esse
1636 4232 1875 4284 sant-tos,
1920 4226 2011 4291 qui
2049 4228 2191 4294 apud
2236 4227 2371 4283 Mat-

772 4315 973 4368 thteum
1006 4322 1057 4366 et
1079 4310 1303 4374 Lucam,
1330 4322 1387 4364 ut
1426 4312 1686 4375 diximus,
1713 4314 2106 4385 ingeneaiagiis
2132 4335 2372 4375 comme-

771 4414 1077 4468 morantur,
1094 4404 1433 4456 etscxdecim
1455 4404 1764 4471 proIihetas,
1781 4414 1830 4457 et
1851 4406 2143 4471 apostolos.
2164 4417 2215 4461 et
2232 4424 2374 4463 mar-

772 4512 939 4570 tyres,
973 4498 1064 4565 qui
1099 4513 1162 4551 ne
1183 4497 1323 4550 idola
1342 4498 1659 4561 adorarent,
1681 4499 1846 4551 OCt'iSi
1868 4511 2015 4553 sunt.
2044 4501 2371 4558 Sacerdotes

2487 3317 2513 3366 ὁ
2542 3315 2708 3382 νόμος
2739 3312 2897 3381 ἐδόθη
2926 3315 3037 3374 τοῖς
3066 3310 3405 3381 ἀνθρώποις,
3435 3314 3462 3362 ὁ
3490 3312 3589 3379 τῆς
3619 3312 3896 3381 ἁμαρτίας
3921 3314 4079 3365 ἀναι-

2488 3406 2700 3475 ρετικδς
2749 3405 2842 3457 καὶ
2886 3404 3165 3470 πολέμιος,
3197 3402 3319 3455 τότε
3371 3402 3613 3471 μάλιστα
3664 3403 3955 3472 διηγὲρῦη,
3988 3405 4082 3455 καὶ

2483 3494 2596 3552 οἷον
2624 3497 2892 3564 ἀνέζησεν
2930 3496 3090 3564 αὕτη,
3123 3496 3376 3547 τουτέστι
3416 3495 3646 3563 σφοδρὸν
3683 3497 3942 3558 ἔπνευσε,
3985 3496 4081 3548 καὶ

2487 3580 2715 3661 μανικὸν
2756 3589 3020 3658 ὲλύττησε
3071 3588 3214 3641 κατὰ
3246 3588 3353 3639 τῶν
3390 3588 3812 3655 ὑποδεξαμένων
3864 3587 3961 3649 τὰς
3994 3604 4081 3639 νος

2486 3683 2650 3751 pus;
2682 3681 2926 3742 ἐντολάς.
2946 3681 3070 3733 Ὀτι
3098 3682 3152 3734 δὲ
3172 3682 3198 3734 ὁ
3228 3682 3474 3745 Μωῦσῆς
3502 3682 3601 3733 οὐκ
3622 3681 3900 3748 ἐπλανήθη
3930 3682 4083 3749 παρὰ

2482 3776 2576 3828 τοῦ
2605 3772 2912 3842 Σαταναὴλ,
2946 3773 3063 3825 ἀλλ’
3086 3776 3115 3826 ὁ
3148 3772 3223 3825 ὢν
3250 3774 3384 3835 Θεὸς
3419 3773 3743 3825 ἀπέστειλεν
3776 3772 3958 3833 αὐτὸν,
3984 3773 4083 3824 καὶ

2480 3867 2647 3928 aito;
2671 3864 2818 3934 αὑτῷ
2842 3865 3044 3917 δέδωκε
3074 3865 3165 3916 τὸν
3192 3865 3379 3929 νόμον,
3415 3865 3509 3916 καὶ⁵
3530 3865 3630 3917 οὐκ
3660 3864 3927 3923 ἀπώλεσε,
3960 3862 4079 3914 ἀλλ’

2482 3959 2740 4028 ὡδήγησε
2796 3956 2864 4008 δι’
2907 3956 3075 4010 αὑτοῦ
3110 3957 3209 4019 τὰς
3244 3956 3446 4019 πολλὰς
3504 3955 3720 4018 ἐκείνας
3780 3956 4078 4025 μυριάδας,

2482 4049 2808 4118 εὑρίσειςὲν
2824 4048 2900 4117 τῷ
2922 4046 3072 4099 κατὰ
3100 4050 3218 4100 τῶν
3248 4048 3869 4118 Παυλινιάνωντίτλῳ,
3898 4046 4081 4109 καθὼς

2483 4142 2540 4194 ἐν
2557 4140 2632 4210 τῷ
2651 4141 2757 4211 πρὸ
2780 4140 2967 4193 τούτου
2996 4140 3276 4207 κεφαλαίῳ
3303 4141 3648 4207 διελάϐομεν.

2556 4238 2639 4283 ια’.
2679 4232 2948 4298 Λέγουσιν
2987 4232 3177 4299 ἁγίους
3201 4234 3392 4299 μόνους
3415 4228 3557 4285 εἶναι
3583 4233 3709 4294 τούς
3740 4249 3799 4284 τε
3823 4232 3975 4299 παρὰ
4002 4231 4081 4297 τῷ

2483 4325 2753 4394 Ματθαίῳ
2786 4325 2883 4376 καὶ
2910 4324 2986 4394 τῷ
3015 4326 3204 4394 Λουκᾷ
3237 4324 3760 4394 γενεαλογηοέντας,
3788 4324 3861 4386 ὼς
3893 4325 4087 4391 προεί-

2487 4434 2673 4484 ρηται,
2708 4417 2802 4468 καὶ
2832 4418 2957 4478 τοὺς
2988 4416 3281 4481 ἑξκαίδεκα
3317 4422 3627 4486 προφήτας,
3665 4418 3758 4469 καὶ
3792 4418 3915 4478 τοὺς
3946 4419 4085 4468 ἁπο-

2483 4509 2726 4571 στόλους,
2750 4509 2846 4560 καὶ
2887 4508 3012 4571 τοὺς
3046 4509 3353 4577 μάρτυρας,
3384 4510 3501 4561 ὅσοι
3532 4508 3619 4560 διὰ
3648 4510 3707 4559 τὸ
3738 4509 3811 4577 μὴ
3839 4525 4084 4575 προσκυ-

768 4602 951 4645 autem
976 4603 1031 4644 et
1054 4588 1243 4643 Patres
1278 4604 1470 4642 omnes
1503 4600 1761 4658 tanquam
1800 4591 2067 4645 idolorum
2107 4594 2366 4661 cultores,
2404 4593 2447 4647 ι)
2477 4606 2513 4653 νε

2336 4612 2366 4661 'v,
2404 4593 2447 4647 ο
2477 4604 2638 4670 νῆσαι
2667 4601 2736 4653 τά
2754 4602 2949 4653 εἴδωλα
2969 4603 3425 4670 κατεσφάγησαν.
3453 4602 3593 4664 Τοὺς
3616 4601 3879 4670 ίεράρχας
3908 4602 3962 4651 δὲ
3986 4602 4081 4652 καὶ

767 4686 1030 4755 quoniam
1067 4685 1300 4737 adorant
1365 4684 1652 4750 imagines,
1709 4687 1971 4751 reprolms
2028 4688 2373 4754 existimant,

765 4791 819 4833 et
851 4792 1041 4831 omnes
1078 4790 1231 4846 reges
1257 4776 1378 4843 pios
1406 4789 1435 4827 e
1467 4784 1615 4827 sorte
1648 4774 2087 4830 Christianorum
2129 4779 2379 4847 rejicien-

768 4876 866 4925 dos
892 4880 1110 4939 putant,
1167 4870 1315 4922 solos
1376 4878 1558 4921 autem
1617 4867 1916 4933 imaginum
1969 4882 2376 4940 oppugnatores

765 4964 1103 5017 orthodoxos
1159 4961 1457 5031 ﬁdelesque
1494 4970 1708 5025 vocant,
1755 4961 2138 5032 imprimisque
2168 4962 2375 5031 Copru-

768 5072 1016 5129 nymum.
1064 5054 1422 5111 Venerattdas
1474 5054 1621 5108 enim
1668 5055 1935 5122 imagines
1979 5067 2366 5124 aspernantur,

766 5164 819 5207 et
839 5152 981 5206 idola
1015 5151 1256 5220 gentium
1290 5148 1594 5217 appellant,
1616 5156 2021 5216 argentumque
2086 5157 2139 5201 et
2168 5163 2365 5202 aurum

766 5256 999 5313 etapera
1028 5258 1284 5297 manuum
1323 5242 1628 5303 hominum,
1682 5239 2001 5307 ignorantes
2042 5239 2188 5293 aliud
2246 5255 2370 5296 esse

770 5338 1087 5407 Imaginem.
1117 5345 1172 5392 et
1196 5335 1340 5391 aliud
1370 5337 1614 5404 idolum;
1650 5337 1798 5390 nulla
1864 5339 2012 5391 enim
2080 5348 2174 5391 aut
2228 5337 2365 5393 falsa

768 5449 892 5489 esse
928 5433 1194 5487 idolorum
1238 5430 1596 5500 exemplaria,
1630 5433 1922 5525 cnm‘deos
1949 5431 2226 5501 appellent
2273 5447 2369 5490 eos

771 5531 865 5599 qui
898 5544 1006 5582 non
1036 5539 1163 5582 sunt
1188 5528 1285 5589 dii,
1316 5527 1413 5582 sed
1446 5528 1744 5591 daemones,
1771 5527 1865 5597 qui
1904 5527 2005 5583 sibi
2040 5527 2179 5581 falso
2226 5530 2370 5583 divi-

771 5624 1005 5678 nitatem
1037 5628 1317 5689 arrogant.
1352 5621 1419 5673 At
1451 5620 1748 5689 imaginum
1786 5620 1926 5688 apud
1958 5634 2055 5673 nos
2082 5635 2208 5675 vera
2243 5630 2373 5676 sunt

771 5715 1128 5785 exeniplaria,
1164 5724 1221 5770 et
1250 5731 1376 5771 vere
1406 5714 1648 5771 referunt
1702 5716 1751 5769 id
1813 5714 1954 5784 quo.‘
2008 5716 2371 5785 appellantur.

1720 5918 1741 5950 ³
1769 5918 1897 5975 ibid.
1926 5917 2010 5973 l2.

853 5925 868 5956 ⁸
906 5924 1067 5981 Rom.
1111 5940 1207 5989 vn,
1240 5922 1289 5976 7.
1392 5922 1411 5952 ¹
1447 5919 1643 5977 ιωιιι).

2474 4698 2601 4757 τοὺς
2634 4696 2887 4766 Πατέρας
2919 4694 3056 4764 ὁμοῦ
3091 4696 3302 4757 πάντας
3328 4694 3856 4764 ἀποδοκιμάζουσιν,
3892 4695 3965 4755 ὡς
3999 4697 4082 4746 εί-

2475 4787 2825 4856 δωλολὰτρας
2860 4786 2949 4838 διὰ
2980 4788 3079 4855 τὴν
3114 4787 3223 4837 τῶν
3265 4788 3497 4839 εἰκόνων
3531 4786 3931 4856 προσκύνησιν,
3969 4786 4084 4839 Καὶ

2472 4884 2600 4945 τοὺς
2638 4881 2737 4951 μὲν
2771 4880 3020 4942 εὐσεϐεῖς
3045 4880 3296 4942 ἅπαντας
3331 4879 3574 4949 βασιλεῖς
3604 4880 3952 4949 ἀλλοτριοῦσι
3985 4880 4081 4932 τοῦ

2476 4975 2682 5045 κλήρου
2707 4973 2815 5026 τῶν
2834 4972 3208 5042 Χριστιανῶν,
3244 4975 3445 5042 μόνους
3472 4973 3529 5025 δὲ
3562 4972 3827 5025 καλοῦσιν
3855 4972 4077 5041 ὀρθοδὸ-

2472 5069 2597 5132 ξους
2638 5066 2731 5118 καὶ
2772 5066 3001 5129 πιστοὺς
3048 5066 3175 5128 τοὺς
3209 5066 3652 5135 Εἱκονομάχους,
3693 5066 3786 5118 καὶ
3829 5066 4076 5134 μάλιστα

2470 5164 2562 5215 τὸν
2618 5159 3025 5229 Κοπρώνυμον.
3092 5159 3455 5229 ’Λειμὰζουσι
3519 5159 3629 5229 γὰρ
3685 5157 3783 5211 καὶ
3834 5157 3937 5218 τὰς
3991 5173 4081 5208 σε·

2470 5252 2739 5321 ϐασμίους
2772 5250 3011 5316 εἰκόνας,
3051 5250 3129 5306 Τὰ
3160 5251 3699 5319 εἶδωλα,λέγοντες,
3732 5245 3852 5303 τῶν
3880 5246 4079 5302 ἐθνῶν

2467 5345 2757 5413 ἀργύριον
2808 5342 2909 5405 καὶ
2950 5345 3231 5410 χρυσίον,
3259 5344 3407 5412 ἔργα
3456 5342 3675 5413 χειρῶν
3720 5343 4078 5409 ἀνθρώπων,

2480 5436 2839 5505 ἀγνοοῦντες,
2876 5437 2959 5489 ὅτι
2992 5437 3123 5490 ἄλλο
3152 5438 3372 5489 εἴδωλον
3394 5478 3407 5496 .
3444 5438 3540 5491 καὶ
3574 5436 3706 5491 ἀλλο
3733 5435 3899 5487 εἰκών
3928 5451 3940 5463 ·
3981 5435 4079 5486 καὶ

2480 5535 2561 5586 ὅτι
2593 5531 2705 5591 τοῖς
2739 5529 2839 5597 μὲν
2862 5530 3106 5594 εἰδώλοις
3135 5531 3205 5583 τὰ
3232 5531 3568 5601 πρωτότυπα
3597 5530 3955 5583 ἀνυπόστατα
3987 5529 4083 5579 καὶ

2481 5624 2653 5696 ψευδῆ
2686 5645 2698 5657 ·
2760 5619 2917 5687 Θεοὺς
2978 5623 3091 5699 γὰρ
3148 5624 3491 5694 ἐπεφήμιζον
3546 5624 3731 5687 αὐτοῖς
3788 5625 3866 5693 μὴ
3920 5622 4083 5680 ὄντας

2485 5718 2661 5783 θεοὺς,
2688 5714 2828 5773 ἀλλά
2853 5712 3118 5784 δαίμονας
3144 5715 3513 5785 ψευδομένους
3534 5712 3633 5786 τὴν
3664 5712 3897 5783 Θεὸτητα
3927 5729 3940 5743 θ
3970 5711 4083 5765 τῶν

2089 5920 2109 5950 ³
2146 5919 2341 5975 Matth.
2379 5935 2473 5985 vn,
2509 5920 2590 5983 l7,
2624 5923 2711 5978 l8.
