4420 6462
400 406 532 466 1309

1280 412 1655 470 ΡᾹΝΟΡΙΑΙΛ
1695 414 2152 479 ΟΟϐΜΑΤΙΟΑ.
2192 445 2256 459 σ-
2297 423 2442 488 ΤΙΤ.
2490 428 2735 488 XXVll.

3513 427 3653 489 1310

390 525 448 574 δὲ
481 523 611 590 παρ’
648 523 776 590 ἡμῖν
809 525 1033 574 εἰκόνων
1062 525 1128 576 τὰ
1158 527 1411 590 πρωτότυ
1425 545 1495 577 πα
1524 527 1692 588 ὅντως
1721 529 1849 580 ὄντα
1884 529 1975 578 καὶ
2006 535 2057 586 Α
2082 535 2135 584 At

1906 529 1975 578 ἰαὶ
2006 535 2057 586 Α
2082 535 2255 601 Atque
2285 539 2424 591 idola
2459 543 2676 607 quidem
2714 542 3099 596 sceleratorum
3150 550 3274 594 sunt
3338 542 3651 601 simulacra,

389 612 747 682 άλὴοεύοντα,
777 614 803 663 ὃ
835 614 1148 666 καλοῦνται.
1189 617 1428 666 Κάκεῐνα
1467 617 1564 682 μὲν
1599 617 1792 668 εἴδωλα
1830 635 1928 684 μια
1959 650 1970 656 -

394 706 524 771 ρῶν,
550 704 726 754 ταῦτα
745 703 800 754 δὲ
825 705 1033 765 εἰκόνες
1060 705 1609 773 ἀγίων.Πλατύτερον
1628 708 1683 757 δὲ
1712 706 1838 772 περὶ
1863 706 1970 756 τῶν

390 799 560 862 ἁγίων
606 796 832 848 εἰκόνων
877 797 1094 865 εἴρηται
1136 800 1192 848 ἐν
1220 798 1295 866 τῷ
1322 799 1470 851 κατὰ
1500 800 1614 851 τῶν
1637 797 1970 864 Είκονομά-

389 910 512 960 χων
544 893 728 960 τίτλῳ.

463 981 546 1050 ιβ’·
599 985 921 1051 Ἐρωτηθεὶς
958 986 1086 1051 παρ’
1132 985 1289 1053 ἡμῶν
1339 987 1365 1034 ὁ
1388 987 1482 1053 τῆς
1507 987 1769 1053 αἱρέσεως
1793 987 1971 1042 αὐτῶν

389 1072 635 1142 ἔξαρχος,
662 1076 781 1136 Πῶς
808 1076 1242 1142 ἀποδοκιμάζετε
1274 1079 1399 1137 τοὺς
1421 1079 1477 1127 ἐν
1503 1078 1678 1142 ἁγίοις
1708 1080 1970 1149 ἱεράργας

392 1168 485 1215 καὶ
514 1166 639 1225 τοὺς
661 1168 963 1233 μακαρίους
1004 1167 1270 1231 Ματέρας,
1306 1163 1379 1219 ὧν
1409 1169 1470 1219 τὰ
1506 1169 1734 1235 λείψανα
1761 1171 1971 1235 θαυμα-

388 1255 678 1322 τοινργοῦσι
702 1274 714 1315 ;
739 1257 929 1322 διάρας
951 1258 1018 1309 τὰ
1051 1256 1252 1324 βέϐήλα
1283 1259 1433 1326 χείλη
1463 1261 1792 1328 ἐξηρεύξατο
1818 1262 1973 1327 λόγον

390 1350 648 1415 πονηρόν.
678 1345 808 1399 Εἷπε
838 1354 966 1415 γὲρ,
991 1351 1070 1401 ὅτι
1102 1353 1582 1418 συγκεκλήρωνται
1613 1354 1822 1415 τούτοις
1856 1356 1970 1406 δαί-

391 1455 570 1505 μονες,
597 1440 645 1490 οἳ
674 1439 980 1501 διδάξαντες
1011 1441 1204 1501 αὐτοὺς
1228 1442 1303 1492 ἔτι
1333 1441 1564 1503 ζῶντας,
1608 1445 1656 1494 οἳ
1721 1448 1832 1504 τοῖς
1881 1448 1974 1498 τά-

389 1545 509 1593 φοις
540 1530 717 1580 αὐτῶν
748 1533 1156 1598 πλραμένοντες
1212 1533 1667 1600 τερατοιδργοῦσιν
1707 1537 1782 1593 εἰς
1807 1536 1972 1603 apd:-

389 1636 536 1670 ωπον
583 1619 762 1670 αὐτῶν
815 1620 898 1670 ἵνα
949 1625 1074 1681 τοὺς
1123 1623 1382 1689 ἀνοήτους
1441 1623 1851 1690 ἐξαπατήσωσι,
1880 1627 1970 1675 καὶ

386 1712 616 1761 πείσωσι
647 1713 810 1780 τιμᾷν
842 1713 967 1771 τοὺς
996 1711 1262 1778 ἀνάγνους
1318 1713 1392 1774 ὡς
1446 1714 1659 1778 ἁγίους.
1720 1715 1970 1766 Τοσαῦτα

384 1802 494 1869 γὰρ
521 1802 777 1854 δύνασθαι
811 1803 937 1863 τοὺς
964 1803 1244 1868 δαίμονας,
1293 1804 1392 1855 ὅσα.
1438 1802 1502 1872 δή
1541 1806 1631 1856 καὶ
1689 1803 1965 1872 βούλονται

387 1890 653 1952 λασόντας
678 1892 884 1944 ἄνωθεν
909 1891 1159 1955 ἐξουσίαν
1202 1892 1330 1961 ἄχρι
1374 1896 1610 1962 πέρατος
1654 1894 1763 1946 τῶν
1829 1896 1967 1948 ἑπτὰ

384 1982 618 2036 αίὼνων.
660 1981 820 2035 Ἀλλά
861 1984 1023 2035 πόθεν
1038 1982 1196 2035 τοῦτο
1219 1985 1553 2054 μεμαθηκὼς
1575 1985 1738 2053 ἔχεις,
1768 1979 1812 2038 ὦ
1837 1986 1968 2055 λῆρε

386 2074 480 2125 καὶ
530 2073 856 2142 παράφορε;
919 2073 1030 2127 Ποῦ
1072 2074 1129 2126 δέ
1177 2077 1272 2127 καὶ
1301 2075 1487 2144 θήσεις
1512 2075 1572 2127 τὸ
1613 2076 1969 2143 εύαγγελικὸν

382 2167 560 2217 ἐκεῖνο
597 2164 658 2216 τὸ
685 2164 826 2218 κατὰ
875 2165 965 2217 τὸν
1014 2168 1204 2235 καιρὸν
1260 2167 1351 2219 τοῦ
1386 2167 1717 2220 Δεσποτικοῦ
1765 2168 1970 2232 πάθους

385 2257 549 2325 ῥηθὲν
579 2259 639 2310 τὸ
666 2257 844 2320 λέγον,
877 2259 1008 2312 Νῦν
1037 2259 1240 2327 ἄρχων
1290 2259 1396 2313 τοῦ
1451 2261 1690 2329 κόσμου
1750 2261 1968 2313 τούτου

378 2346 820 2414 ἐκϐληθήσεται
847 2348 962 2411 ἔξω
986 2365 1004 2413 ;
1032 2347 1093 2399 Εἰ
1123 2348 1179 2399 δὲ
1212 2351 1239 2400 ὀ
1259 2349 1460 2416 ἄρχων,
1485 2349 1665 2418 πολλῷ
1692 2351 1891 2415 μᾶλλον
1919 2348 1968 2399 οἱ

385 2439 678 2506 ἀρχόμενοι
701 2438 974 2505 δαίμονες.
1004 2438 1128 2500 Πῶς
1157 2439 1212 2490 δὲ
1250 2443 1479 2502 καὶτοῖς
1533 2440 1812 2508 λειψάνοις
1860 2441 1970 2492 τῶν

385 2531 674 2600 μακαρίων
721 2530 982 2598 Πατέρων
1030 2532 1514 2599 συγκεκλήρωνται
1556 2535 1604 2583 οἱ
1646 2534 1966 2601 φρίσσοντες

379 2622 518 2673 αὐτά
557 2622 856 2690 δαίμονες;
897 2623 1166 2684 Πολλάκις
1203 2623 1309 2693 γὰρ
1345 2626 1454 2676 τῶν
1505 2624 1968 2693 δαιμονιζομένων

379 2713 709 2778 ἐγγιζόντων
768 2718 878 2775 τοῖς
946 2715 1140 2782 τάφοις
1189 2715 1400 2778 αὐτῶν,
1450 2717 1872 2784 δραπετεύουσιν
1919 2721 1967 2769 οἱ

377 2805 668 2872 δαίμονες,
710 2807 964 2876 καθάπερ
1011 2808 1113 2860 ὑπὸ
1166 2808 1336 2875 πυρὸς
1383 2809 1479 2876 τῆς
1519 2809 1802 2877 δυνάμεως
1859 2811 1967 2862 τῶν

380 2897 648 2966 λειψάνων
684 2899 1072 2967 μαστιζὸμενοί
1094 2917 1151 2950 τε
1181 2901 1273 2951 καὶ
1304 2900 1675 2967 ἐλαυνόμενοι.
1729 2903 1791 2954 Εἰ
1819 2902 1874 2954 δὲ
1899 2902 1969 2952 τά

378 2990 607 3058 λείψανα
631 2991 836 3043 τούτων
870 2993 1263 3059 δραπετεύουσι
1292 2996 1416 3054 τοὺς
1450 2992 1712 3060 δαίμονας
1738 3035 1751 3056 ,
1791 2993 1965 3061 πολλῷ

377 3083 579 3149 μᾶλλον
607 3085 803 3135 ἐκεῖνοι
828 3083 1030 3146 ζῶντες
1058 3084 1276 3136 ἐδίωκον
1304 3085 1519 3145 αὐτοὺς,
1543 3085 1633 3136 καὶ
1657 3086 1777 3137 οὐδὲ
1807 3103 1966 3146 προσ-

2074 627 2333 696 itnagiucs
2362 646 2488 684 vero
2515 643 2828 685 sanctorum
2855 633 3077 700 elligies.
3110 631 3215 682 Sed
3245 633 3308 682 de
3330 643 3651 683 Sanctorum

2077 721 2398 785 imaginibus
2435 722 2487 773 itt
2519 723 2675 775 titulo
2712 723 2977 774 Adversus
3043 723 3332 787 imaginum
3385 735 3654 787 oppugna-

2075 821 2210 864 tores
2243 813 2403 865 latius
2436 813 2861 881 disputavimus.

2149 993 2760 1059 12.Prittccpsisttiruttt
2795 989 3036 1048 haeresis,
3061 1002 3180 1039 cum
3215 1002 3278 1039 ex
3310 999 3662 1052 eoanererc-

2079 1095 2164 1136 tur
2180 1100 2276 1136 cur
2295 1081 2845 1150 sanetosIsat-erdotes
2868 1080 3161 1142 beatosilue
3180 1077 3367 1129 Patres
3383 1075 3655 1141 rejieiaut,

2077 1191 2303 1240 quorum
2336 1174 2590 1240 reliquias
2622 1180 2967 1227 venerantur.
3003 1169 3160 1218 labiis
3212 1167 3452 1232 profanis
3507 1173 3658 1231 pate-

2076 1266 2233 1317 l'actis
2259 1267 2478 1317 verbum
2507 1263 2704 1315 malum
2756 1262 3025 1314 erue-lavit
3059 1279 3070 1312 :
3109 1259 3402 1322 Quoniam,
3462 1258 3659 1321 inquit,

2077 1370 2199 1408 cum
2233 1355 2339 1406 illis
2374 1363 2499 1406 sunt
2533 1356 2824 1413 ιΙιυηὶοιιοε,
2852 1354 2943 1418 qui
2973 1367 3066 1402 eos
3101 1351 3224 1402 dum
3251 1349 3521 1405 viverent,
3557 1347 3649 1396 ειυ-

2077 1458 2324 1508 cueruut,
2358 1455 2411 1498 et
2441 1446 2506 1498 ad
2539 1461 2724 1498 eorum
2776 1444 3010 1497 tuntulos
3075 1443 3376 1494 assidentes
3406 1447 3657 1506 portenta

2078 1540 2283 1592 faciunt
2318 1539 2416 1590 sub
2444 1552 2633 1590 eorum
2668 1549 2918 1602 persOna,
2971 1543 3027 1584 ut
3083 1534 3300 1598 ignaros
3363 1528 3656 1594 decipiant,

2075 1633 2444 1699 suadeantun
2467 1637 2524 1681 ut
2559 1630 2797 1694 impuros
2827 1636 3080 1692 tanquam
3126 1633 3347 1673 sanctos
3410 1621 3653 1668 adorent.

2076 1722 2312 1777 Tantum
2341 1721 2484 1774 enim
2505 1720 2775 1772 daemones
2803 1731 2981 1784 posse,
3006 1723 3268 1780 quantum
3300 1709 3505 1770 volunt,
3532 1722 3651 1757 cum

2076 1829 2194 1870 eam
2231 1829 2260 1868 e
2290 1810 2506 1866 sublimi
2533 1817 2854 1877 potestatem
2875 1807 2942 1858 ad
2979 1815 3186 1872 septem
3214 1816 3384 1866 usque
3432 1797 3652 1851 ειιξειιιιι-

2075 1922 2194 1961 rum
2232 1905 2390 1958 linem
2421 1900 2753 1969 acceperint.
2797 1897 2901 1951 Sed
2961 1900 3101 1949 unde
3162 1906 3216 1947 tu
3246 1896 3357 1946 luec
3399 1888 3656 1951 didicisti,

2071 2008 2300 2069 nugator
2330 1995 2599 2062 stulteque
2629 1990 2833 2045 senex?
2867 1991 2972 2041 Aut
3001 1987 3092 2040 ubi
3122 1982 3495 2051 evangelicum
3525 1980 3652 2031 illud

2070 2091 2214 2159 quod
2254 2088 2517 2141 Dominus
2561 2084 2718 2152 paulo
2745 2090 2870 2134 ante
2898 2079 3087 2132 mortis
3115 2092 3224 2130 suae
3257 2088 3468 2141 tempus
3525 2072 3660 2124 dixit

2069 2181 2385 2243 collocabis,
2408 2179 2559 2232 Nunc
2583 2177 2821 2243 princeps
2842 2171 2998 2238 hujus
3019 2165 3458 2233 mundiejicietur
3479 2162 3656 2229 foras?

2071 2274 2222 2341 Quod
2256 2274 2299 2327 si
2334 2271 2608 2339 princeps,
2644 2265 2814 2319 multo
2842 2261 3017 2332 magis
3047 2261 3345 2318 daemones,
3411 2254 3502 2322 qui
3559 2253 3658 2306 sub

2070 2368 2189 2434 ejus
2226 2373 2346 2418 sunt
2372 2361 2697 2430 principatu.
2738 2355 3007 2408 Praeterea
3038 2349 3311 2419 quomodo
3367 2347 3647 2398 beatorum

2070 2458 2291 2512 Patrum
2320 2452 2566 2519 reliquiis
2594 2449 2862 2501 inhaerent
2893 2445 3189 2503 dmmoues,
3224 2439 3313 2507 qui
3340 2453 3433 2490 eas
3486 2435 3656 2488 refor-

2072 2549 2278 2601 midant
2307 2545 2329 2594 ?
2366 2543 2688 2606 Plerumque
2727 2537 2869 2589 enim
2899 2549 3021 2587 cum
3052 2531 3298 2585 homines
3344 2543 3370 2578 a
3405 2524 3666 2577 daunoaiu

2071 2635 2169 2686 bus
2186 2631 2359 2684 vexati
2384 2631 2446 2680 ad
2467 2642 2652 2680 eorum
2677 2619 3228 2687 acceduntsepulcra,
3256 2633 3284 2669 a
3312 2619 3505 2668 virtute
3536 2613 3664 2664 rel--

2069 2737 2343 2792 quiarmn,
2369 2730 2625 2785 tanquam
2655 2717 2722 2768 ab
2752 2715 2894 2782 igne,
2945 2712 3043 2779 ipsi
3075 2713 3345 2763 daemones
3377 2705 3661 2772 aul‘ngiuut

2068 2811 2246 2865 vexati
2303 2818 2357 2862 et
2404 2807 2722 2860 excruciati.
2777 2803 2929 2867 Quod
2982 2809 3026 2853 si
3117 2799 3358 2865 reliquite
3425 2797 3662 2860 ipsorum

2069 2906 2345 2959 d:l:l|l0|ICS
2380 2899 2628 2968 ejiciunt,
2664 2893 3038 2962 multomagis
3095 2891 3219 2960 ipsi,
3277 2905 3397 2942 cum
3455 2889 3506 2938 in
3561 2887 3660 2938 hac

2072 2998 2179 3049 vita
2205 2996 2481 3061 degerent,
2538 3006 2631 3043 eos
2663 2987 3145 3056 persequebantur,
3179 2996 3276 3034 nec
3307 2981 3407 3048 ipsi
3452 2981 3518 3030 ad
3574 2990 3668 3028 eos

2071 3085 2345 3137 audebant
2367 3080 2746 3143 accedere,sed
2775 3077 2894 3129 illos
2922 3086 3176 3142 tanquam
3203 3073 3269 3124 ab
3297 3072 3376 3125 eis
3397 3067 3664 3123 verberati

377 3176 600 3240 ιγγίσαι
629 3175 844 3236 τούτοις
873 3176 1117 3244 ἐτόλμων
1137 3178 1336 3227 ἐκεῖνοι
1382 3175 1675 3242 φεύγοντες
1719 3178 1792 3238 ὡς
1823 3179 1968 3229 αίκί-
1996 3179 2040 3238 C
2073 3175 2122 3227 dt

1925 3180 1968 3228 £-
1996 3179 2040 3238 C
2073 3175 2434 3227 declinabant.
2475 3169 2570 3223 Sin
2621 3167 2927 3230 evitabaut,
2962 3179 3068 3219 non
3109 3164 3297 3231 utique
3352 3159 3666 3213 habitabant

378 3269 590 3331 ζοντας.
631 3268 691 3319 Εἰ
714 3267 768 3318 δὲ
793 3267 1020 3334 ἔφευγον
1050 3269 1267 3331 αὐτοὺς,
1305 3269 1590 3338 πρόδηλον,
1641 3272 1720 3322 ὅτι
1748 3271 1807 3322 ού
1844 3288 1970 3321 συν-

379 3359 582 3428 ῴκουν,
629 3359 748 3411 ούδέ
776 3360 1075 3412 ἐδίδασκον.

452 3451 543 3518 ιγ’.
568 3453 830 3518 Λέγουσιν
858 3452 949 3503 ἀπ’
976 3453 1155 3503 αὐτῶν
1185 3451 1285 3520 μὲν
1320 3454 1513 3522 μόνων,
1536 3456 1652 3524 ’ήτοι
1682 3457 1788 3508 τῶν
1809 3457 1970 3520 Βογο-

382 3545 575 3614 μίλων,
632 3544 854 3611 φεύγειν
882 3545 967 3597 ἀεὶ
997 3546 1122 3603 τοὺς
1151 3545 1410 3613 δαίμονας
1443 3547 1574 3597 ὡσεὶ
1605 3548 1754 3610 τόξου
1788 3547 1966 3616 βολὴν,

377 3641 594 3707 ἑκάστῳ
631 3638 686 3689 δὲ
710 3638 814 3690 τῶν
841 3637 1015 3691 ἄλλων
1055 3639 1310 3691 ἁπάντων
1341 3641 1568 3691 ἐνοικεῖν
1597 3642 1846 3708 δαίμονα,
1879 3644 1968 3693 καὶ

376 3734 648 3786 διδάσκειν
701 3732 862 3784 αὐτὸν
918 3732 984 3784 τὰ
1044 3731 1277 3800 πονηρά,
1307 3734 1401 3784 καὶ
1449 3734 1601 3800 ἄγειν
1628 3736 1718 3784 ἐπὶ
1753 3735 1849 3796 τὰς
1878 3737 1969 3786 ἀν-

380 3825 718 3892 οσιουργίας,
755 3825 849 3874 καὶ
891 3824 1327 3892 ἀποθνήσκοντος
1379 3826 1606 3876 ἐνοικεῖν
1651 3826 1805 3887 αὖθις
1859 3830 1969 3889 τοῖς

378 3917 653 3984 λειψάνοις
689 3913 877 3979 αὑτοῦ,
915 3916 1009 3967 καὶ
1039 3915 1380 3985 παραμένειν
1403 3916 1480 3984 τῷ
1511 3917 1688 3984 τάφῳ,
1717 3922 1810 3970 καὶ.
1839 3919 1968 3970 ἀνα·

383 4008 566 4077 μένειν
599 4011 696 4076 τήν
721 4007 1042 4070 ἀνάστασιν,
1069 4007 1156 4058 ἵνα
1184 4009 1281 4060 σὺν
1318 4008 1466 4076 αύτῷ
1522 4009 1838 4076 κολασθείη,
1873 4011 1968 4061 καὶ

387 4100 510 4170 μηδ’
534 4103 590 4152 ἐν
613 4101 679 4169 τῇ
705 4098 923 4150 κολάσει
948 4097 1137 4149 τούτου
1170 4097 1568 4167 διαχωρίζοιτο.
1631 4099 1704 4150 Τὸ
1740 4101 1837 4166 μὲν
1877 4099 1968 4151 οὖν

379 4193 610 4246 ἐνοικεῖν
637 4192 856 4260 ἑκάστῳ
886 4190 995 4242 τῶν
1020 4190 1116 4241 ἀνθ
1129 4189 1324 4258 ρώπων
1344 4191 1572 4258 δαίμονα
1598 4191 1706 4242 ἀπὸ
1731 4191 1832 4259 τῆς
1862 4193 1969 4244 τῶν

379 4283 746 4340 Μασαλιανῶν
778 4282 993 4352 ἔχουσιν
1025 4283 1312 4350 αἱρέσεως,
1351 4285 1446 4333 καὶ
1489 4282 1723 4351 ζήτησον
1775 4287 1834 4335 ὲν
1890 4283 1967 4354 τῷ

381 4377 500 4432 κατ’
532 4376 757 4429 ἐκείνων
781 4375 946 4442 τίτλῳ
967 4375 1026 4426 τὸ
1055 4380 1094 4425 ε’
1125 4374 1442 4440 κεφάλαιον,
1504 4376 1598 4426 καὶ
1647 4377 1715 4428 τὰ
1768 4377 1967 4444 ἐφεξῆς

379 4469 546 4534 ὀκτὼ,
571 4469 663 4521 καὶ
696 4467 914 4536 μαθήσῃ
945 4465 1046 4535 τὴν
1079 4467 1307 4518 ἀτοπίαν
1357 4467 1451 4518 τοῦ
1501 4468 1790 4536 δόγματος.
1851 4470 1965 4538 Τῆς

380 4565 553 4633 ἀρχῆς
584 4561 640 4614 δὲ
663 4559 895 4629 ψευδοῦς
928 4559 1296 4629 ἐλεγχθείσης,
1323 4562 1418 4611 καλ⁵
1457 4560 1515 4611 τὸ
1541 4559 1691 4622 τέλος
1722 4562 1964 4613 τοιοῦτον

382 4653 891 4716 συναποδείκνυται,
920 4651 982 4704 τὸ
1031 4652 1159 4719 περὶ
1192 4651 1301 4702 τῶν
1335 4650 1603 4719 λειψάνων
1658 4652 1820 4720 λέγω.
1875 4655 1970 4706 καὶ

377 4749 472 4813 τῆς
491 4747 547 4797 ἐν
575 4746 756 4807 αὐτοῖς
775 4745 1042 4813 οἰκήσεως
1059 4744 1166 4794 τῶν
1192 4743 1482 4811 δαιμόνων.
1511 4745 1618 4794 Καὶ
1645 4745 1764 4797 καθ’
1785 4747 1970 4815 ἕτερον

379 4840 435 4891 δὲ
469 4839 646 4905 λόγον,
681 4839 728 4889 εί
764 4835 1073 4905 παρέμενεν
1097 4835 1312 4901 ἑκάστῳ
1360 4834 1466 4885 τῶν
1496 4835 1807 4888 τεθνεώτων
1832 4839 1967 4888 δαί-

385 4949 499 5002 μων
534 4929 885 4999 ἐκδεχόμενος
913 4930 1013 4996 τὴν
1042 4925 1361 4979 τελευταίαν
1385 4926 1702 4990 ἀνάστασιν,
1760 4930 1971 4981 ἐπέλει-

380 5024 486 5091 ψαν
545 5022 611 5076 ἂν
665 5022 714 5074 οἱ
764 5020 1038 5090 δαίμονες.
1079 5018 1211 5071 Ἀπὸ
1249 5020 1359 5088 γὰρ
1398 5018 1568 5087 Ἀδὰμ
1598 5019 1724 5090 ἄχρι
1753 5022 1844 5073 καὶ
1877 5022 1974 5073 νῦν

377 5114 647 5169 ἀπέθανον
688 5114 966 5181 ἄνθρωποι
998 5113 1257 5182 μυριάδες
1294 5113 1684 5181 ἀναρίθμητοι.
1736 5115 1862 5167 ’Ότι
1895 5116 1972 5181 ,δὲ

379 5209 443 5262 οὐ
477 5206 770 5275 φεύγουσιν
794 5206 900 5257 ἀπὸ
938 5205 1117 5272 μόνων
1139 5205 1246 5256 τῶν
1273 5204 1587 5272 Βογομίλων
1620 5205 1666 5256 οἱ
1697 5205 1971 5274 δαίμονες,

382 5300 518 5355 ἀλλὰ
549 5299 642 5352 καὶ
672 5298 1016 5364 συνδιάγουσι
1082 5297 1304 5367 μᾶλλον,
1353 5299 1448 5349 καλ⁹
1502 5298 1974 5368 παρῤησιάζονται

383 5395 522 5464 πρὸς
553 5391 772 5454 αὐτοὺς,
804 5391 964 5460 δῆλον
1000 5392 1110 5444 ἀπό
1138 5408 1198 5442 τε
1233 5390 1331 5460 τῆς
1383 5389 1550 5459 ἄλλης
1610 5391 1822 5462 πλάνης
1880 5395 1978 5446 αὑ-

380 5488 510 5553 τῶν,
544 5488 639 5537 καὶ
663 5487 756 5538 τοῦ
787 5486 1073 5553 φαίνεσθαι
1094 5484 1304 5547 τούτοις
1334 5486 1393 5537 ἐν
1413 5485 1654 5555 σχήμασι
1678 5485 1974 5557 διαφόροις,

382 5582 477 5635 καὶ
505 5579 819 5632 ὑποκατιὼν
854 5580 1126 5648 εὑρήσεις.

453 5668 512 5724 ιδ’
522 5713 534 5725 .
555 5670 1010 5740 ’Λτιμάςουσιτὸν
1025 5671 1165 5726 θεῖον
1186 5672 1441 5742 σταυρὸν,
1459 5673 1534 5739 ὠς
1558 5674 1852 5748 ἀναιρέτην
1877 5677 1971 5729 τοῦ

454 5862 471 5893 ³
525 5861 807 5924 Joan.xu,
866 5858 954 5915 51.

2072 3280 2192 3318 cum
2227 3263 2355 3327 illis,
2393 3275 2490 3315 nec
2511 3273 2604 3312 eos
2643 3257 2936 3310 docebant.

2145 3466 2231 3518 15.
2269 3463 2463 3516 Dicunt
2494 3457 2754 3527 Bogomili
2783 3457 3053 3509 dat-itiones
3082 3464 3338 3520 tanquim
3369 3465 3532 3502 arcus
3567 3464 3660 3502 sa-

2072 3561 2260 3629 gittam
2297 3570 2323 3607 a
2356 3569 2412 3607 se
2444 3553 2578 3606 solis
2631 3550 2909 3615 aufugere,
2950 3548 3193 3616 singulos
3223 3554 3400 3597 autem
3441 3543 3666 3608 reliquis

2074 3647 2384 3703 hominibus
2416 3642 2646 3709 singulis
2677 3641 2982 3692 inhabitare
3039 3646 3092 3689 et
3122 3635 3361 3688 facinora
3415 3633 3666 3693 educere,

2071 3754 2124 3798 et
2151 3743 2214 3795 ad
2240 3738 2440 3805 ﬂagitia
2467 3747 2519 3789 et
2548 3736 2710 3803 impia
2743 3733 2882 3785 facta
2918 3730 3233 3797 perducere,
3273 3736 3325 3779 et
3363 3740 3481 3777 cunt
3519 3738 3665 3774 utor-

2075 3837 2150 3889 tui
2177 3835 2399 3895 fuerint,
2436 3833 2488 3882 in
2526 3829 2769 3896 ipsorum
2804 3824 3048 3889 reliquiis
3077 3822 3338 3879 insidere,
3367 3827 3420 3870 ct
3477 3815 3664 3881 sepulo

2071 3927 2179 3980 cris
2207 3924 2483 3983 assistere,
2513 3929 2676 3986 atque
2711 3912 3166 3968 resurrectionem
3214 3918 3554 3974 exsliectai-e,
3607 3915 3663 3955 ut

2071 4033 2178 4071 una
2212 4031 2331 4068 cum
2362 4014 2467 4066 illis
2501 4013 2820 4080 puniantur,
2859 4021 2922 4059 ac
2953 4020 3017 4058 ne
3051 4006 3101 4056 in
3139 4003 3409 4071 supplicio
3436 4001 3657 4068 quidem

2071 4101 2651 4168 eosdesemchQuod
2714 4103 2766 4152 iu
2822 4096 3052 4164 singulis
3097 4093 3412 4146 hominibus
3467 4090 3667 4154 singuli

2072 4205 2344 4256 damones
2374 4196 2683 4250 inhabitent
2708 4207 2773 4245 ex
2796 4189 3251 4244 Massalianorum
3280 4185 3473 4237 haeresi
3532 4183 3672 4236 didi-

2071 4303 2284 4349 cerunt.
2316 4290 2558 4357 Quatrito
2589 4288 2639 4339 in
2672 4299 2859 4338 eorum
2899 4282 3052 4335 titulo
3088 4280 3338 4348 quintum
3372 4287 3556 4344 caput,
3616 4287 3668 4327 et

2071 4399 2214 4448 octo,
2245 4400 2363 4453 qua:
2389 4383 2646 4448 deinceps
2678 4384 3110 4444 consequuntur,
3131 4382 3187 4426 et
3238 4387 3399 4439 quam
3457 4371 3527 4422 sit
3576 4368 3674 4420 ah-

2073 4481 2238 4536 surda
2273 4479 2386 4531 haec
2417 4475 2624 4542 Opinio,
2665 4470 2933 4537 intelliges
2989 4466 3107 4520 Jaut
3153 4480 3275 4518 cum
3337 4463 3667 4530 principium

2071 4574 2503 4626 demonstratum
2542 4564 2703 4616 fuerit
2739 4576 2858 4615 esse
2887 4557 3105 4622 falsum,
3135 4565 3190 4608 et
3215 4565 3520 4607 extremum
3551 4565 3675 4604 esse

2069 4663 2247 4717 simile
2280 4657 2612 4728 coarguitur,
2641 4671 2762 4709 cum
2787 4654 3065 4706 dcentones
3093 4649 3286 4701 dicunt
3318 4647 3369 4699 in
3424 4643 3674 4710 reliquiis

2070 4755 2400 4807 inhabitare.
2459 4732 2779 4814 Quanquam
2815 4745 2857 4795 si
2889 4743 3162 4795 (temones
3197 4737 3394 4805 singuli
3431 4738 3482 4787 iit
3529 4749 3676 4786 tuor-

2071 4849 2178 4900 tuis
2204 4844 2434 4911 singulis
2476 4841 2872 4904 inhabitarent,
2907 4847 2963 4892 et
2993 4847 3294 4890 extremam
3327 4835 3378 4886 in
3428 4833 3538 4886 illis
3587 4847 3674 4884 re,-

2071 4933 2473 4989 surrectionem
2509 4940 2879 4991 morarentur,
2917 4928 3217 4980 deficerent
3250 4925 3546 4978 ιΙιειιιοιιοε.
3593 4924 3674 4973 Ab

2074 5025 2246 5079 Adam
2279 5038 2424 5078 enim
2460 5024 2526 5076 ad
2561 5023 2664 5076 hoc
2691 5037 2865 5089 usque
2901 5031 3116 5088 tempus
3145 5019 3474 5072 interierunt
3503 5014 3670 5068 ntlllia

2073 5119 2356 5173 hominum
2385 5115 2825 5170 innumerabilia.
2852 5113 3008 5179 Quod
3032 5122 3215 5166 autem
3251 5127 3280 5164 a
3330 5110 3460 5163 solis
3505 5109 3676 5177 Bego-

2075 5212 2221 5265 milis
2251 5226 2354 5264 non
2380 5210 2587 5279 fugiant
2620 5209 2914 5272 daemones,
2969 5209 3064 5261 sed
3117 5221 3238 5259 cum
3299 5204 3404 5257 illis
3453 5206 3672 5272 degant,

2075 5305 2445 5371 audacterque
2466 5311 2774 5362 versentur,
2802 5301 3156 5368 perspicuum
3185 5297 3264 5361 lit,
3304 5307 3419 5349 lum
3453 5311 3517 5348 ex
3554 5294 3676 5346 aliis

2077 5399 2317 5467 ipsorum
2340 5396 2644 5457 erroribus,
2685 5404 2794 5446 tum
2823 5409 2887 5447 ex
2918 5408 2982 5446 eo
3014 5393 3154 5460 quod
3202 5391 3306 5444 illis
3364 5405 3463 5443 sua
3514 5388 3667 5440 varia

2079 5492 2264 5562 specie
2287 5502 2452 5561 atque
2476 5490 2651 5545 forma
2694 5504 2815 5544 sese
2855 5487 3181 5554 conspicuos
3232 5485 3497 5553 prtebent.

2161 5673 2248 5729 Η.
2275 5672 2507 5729 Crucem
2529 5671 2770 5727 divinam
2790 5668 3115 5740 despiciunt,
3141 5664 3286 5737 quod
3312 5665 3364 5719 in
3383 5678 3444 5719 ea
3471 5661 3670 5717 Serva-
