4420 6462
773 418 902 485 1311

1993 425 2374 488 EUTHYMII
2415 425 2775 488 ZIGABENI

3894 421 4034 488 1312

771 547 855 586 tor
914 534 1196 596 occiderit,
1255 549 1378 589 cum
1408 537 1553 590 illam
1578 538 1758 605 potius
1801 540 2062 596 deberent
2088 543 2357 596 honorare
2391 543 2436 597 Δ
2465 543 2516 592 Et

2288 555 2357 594 ire
2391 543 2436 597 Δ
2465 543 2734 610 Σωτῆρος,
2758 544 2818 595 ὃν
2845 543 2949 597 ἔδει
2976 545 3176 614 μᾶλλον
3204 546 3388 613 τιμᾷν,
3418 543 3495 606 ὡς
3552 540 3882 608 καθαιρέτην
3941 539 4033 589 τοῦ

736 642 741 701 ρ
771 632 1033 690 tauquam
1067 625 1268 678 diaboli
1293 626 1666 694 perditricem.
1689 629 1822 682 Cum
1843 631 2073 685 enimad
2104 631 2234 685 illud
2259 647 2353 685 us-

737 718 740 761 !
769 730 873 780 que
910 725 1123 781 tempus
1152 715 1438 770 mortifera
1471 719 1772 782 exstiterit,
1810 735 1875 773 ex
1903 737 1970 773 eo
2018 721 2214 774 salutis
2269 723 2356 773 in-

769 815 1130 857 strumentum
1181 805 1370 858 eﬂ‘ecta
1394 818 1475 859 est
1525 810 1970 869 augustissimum
2022 821 2075 863 et
2106 811 2357 864 hostibus

768 895 1008 945 maxime
1041 895 1462 957 formidandum,
1493 899 1692 966 quippe
1710 915 1831 966 quae
1859 901 2357 969 Dominisanguine

767 995 822 1036 et
854 1000 992 1052 aqua
1019 1000 1318 1052 conspersa
1353 996 1458 1041 est.
1489 987 1594 1040 Sed
1632 990 1730 1042 hac
1761 991 1891 1043 item
1925 995 1988 1044 de
2013 993 2148 1045 rein
2201 993 2356 1046 titulo

769 1080 1022 1130 adversus
1051 1077 1324 1130 Armenios
1343 1081 1546 1147 scripto
1563 1081 1766 1137 dictum
1781 1092 1882 1135 est.
1905 1083 2022 1136 lllic
2039 1094 2203 1151 caput
2219 1100 2364 1153 qute-

773 1168 877 1220 rito
902 1176 1155 1233 quartmn
1192 1168 1487 1221 decimum.

842 1260 929 1311 15.
955 1260 1086 1310 Cum
1116 1274 1303 1311 rursus
1326 1275 1390 1312 ex
1436 1260 1522 1313 illo
1547 1275 1697 1320 sene.
1725 1276 1886 1329 quem
1918 1263 2136 1316 haeresis
2161 1265 2362 1331 princi-

774 1365 892 1416 ιιι-1η
922 1351 1280 1411 ostendimus,
1300 1366 1621 1419 qumrerem,
1649 1368 1748 1406 cur
1770 1369 1797 1405 a
1822 1355 2158 1407 da-monibus
2188 1355 2363 1408 vexati

773 1440 839 1491 ad
863 1454 1081 1490 crucem
1105 1450 1419 1500 accurrunt,
1441 1450 1492 1494 et
1513 1442 1902 1506 vociferantur,
1925 1444 2221 1512 respondit,
2241 1460 2365 1498 cru-

772 1544 888 1579 cum
955 1539 1011 1580 ut
1043 1533 1320 1597 proprium
1353 1546 1487 1596 opus
1513 1533 1682 1584 auari
1717 1535 2070 1586 vehementer
2100 1549 2128 1585 a
2157 1535 2361 1586 daemo-

775 1617 952 1679 nibus,
979 1621 1068 1686 qui
1131 1620 1182 1670 in
1242 1621 1321 1673 eis
1379 1621 1707 1675 inhabitant.
1778 1623 1882 1691 Ipsi
1934 1623 2105 1687 enim,
2168 1624 2362 1692 inquit,

775 1706 918 1758 illam
979 1717 1103 1761 tnuc
1132 1708 1533 1775 excogitarunt,
1567 1721 1625 1762 ut
1681 1711 2026 1765 Servatorem
2087 1728 2117 1766 e
2178 1713 2362 1767 medio

776 1796 1042 1850 tollerent.
1078 1798 1391 1865 Aliquando
1450 1810 1632 1853 autem
1666 1817 1784 1854 eam
1811 1818 1868 1855 se
1892 1802 2101 1873 lingunt
2153 1803 2366 1858 aﬂicere

773 1890 1207 1950 enuturnelia,et
1234 1890 1375 1943 ultro
1431 1891 1575 1944 illam
1632 1892 1864 1963 fugiunt,
1893 1904 1954 1947 ut
2011 1895 2060 1947 id
2112 1896 2364 1952 homines

771 1981 1124 2049 aspicientes,
1157 1998 1276 2035 eam
1313 1983 1484 2052 magis
1513 1985 1804 2047 honorent,
1846 1997 2100 2056 tanquam
2162 1989 2365 2042 damm-

771 2087 904 2126 num
937 2073 1213 2126 inimicam
1246 2083 1298 2125 et
1329 2075 1709 2142 expultricem.
1742 2074 1959 2133 Veritas
1987 2087 2164 2134 autem
2220 2079 2361 2149 apud

775 2180 874 2216 uos
903 2164 1046 2216 haud
1094 2164 1165 2216 ita
1202 2180 1260 2217 se
1287 2165 1467 2220 habet.
1493 2164 1626 2218 Nam
1679 2167 1760 2220 vel
1796 2169 1948 2220 inviti
2007 2175 2297 2222 trahuntur
2332 2185 2362 2223 a

770 2253 952 2307 crucis
984 2254 1208 2316 virtute,
1235 2264 1289 2308 et
1319 2255 1596 2321 allatrant,
1635 2265 1692 2309 ut
1726 2257 1908 2311 rabies
1970 2259 2209 2326 ipsorum
2267 2275 2360 2314 os-

775 2346 1051 2405 tendatur,
1110 2344 1368 2400 Latratus
1426 2347 1595 2410 enim,
1634 2348 1994 2417 corporisque
2043 2351 2281 2416 vexatio,
2313 2361 2368 2405 et

771 2434 1006 2504 gemitus
1031 2450 1221 2488 eorum
1249 2436 1339 2503 qui
1373 2451 1402 2489 a
1438 2436 1776 2490 daemonibus
1810 2439 2213 2507 opprimuntur,
2256 2452 2367 2495 tor-

775 2535 1015 2579 mentum
1074 2537 1125 2580 et
1148 2529 1426 2582 cruciatus
1465 2528 1772 2583 daemonum
1803 2530 2064 2594 indicant,
2093 2535 2185 2599 qui
2238 2549 2369 2588 cru-

773 2634 890 2672 cem
933 2627 991 2671 ut
1020 2618 1291 2671 inimicam
1330 2620 1636 2687 despiciunt
1684 2629 1739 2674 et
1765 2623 2152 2690 expultricem.

845 2707 935 2765 16.
981 2710 1312 2778 Baptismum
1355 2721 1602 2764 nostrum
1633 2711 1857 2768 Joannis
1889 2716 2217 2784 baptismum
2249 2731 2372 2771 esse

775 2799 989 2864 dicunt,
1038 2817 1132 2868 per
1164 2816 1362 2870 aquam
1394 2806 1536 2855 enim
1566 2802 1682 2857 ﬁeri
1707 2843 1721 2866 ,
1776 2821 1932 2856 suum
1969 2821 2096 2859 vero
2145 2806 2373 2871 Christi,

773 2906 872 2957 per
907 2890 1171 2960 Spiritum
1204 2894 1348 2946 enim
1387 2893 1525 2958 ﬁeri,
1583 2903 1640 2946 ut
1692 2895 1819 2961 ipsis
1870 2896 2108 2952 videtur.
2165 2898 2366 2961 Quam-

774 2986 962 3036 obrem
999 2985 1043 3036 si
1073 2986 1195 3051 quis
1222 2984 1285 3036 ad
1320 2985 1467 3051 ipsos
1519 2984 1786 3054 confugit,
1846 3001 1972 3039 eum
2006 2988 2370 3057 rebaptizaut.

779 3074 856 3126 Ac
905 3075 1140 3141 primum
1199 3077 1419 3143 quidem
1489 3077 1565 3129 illi
1613 3084 1832 3145 tempus
1883 3080 2246 3146 praescribunt
2307 3083 2372 3134 ad

775 3164 1199 3229 confessionem,
1229 3176 1282 3221 et
1318 3169 1791 3238 expurgationem,
1818 3178 1871 3222 et
1894 3172 2208 3224 continuam
2243 3188 2368 3242 pre-

774 3255 1069 3309 cationem.
1111 3255 1314 3310 Deinde
1344 3257 1588 3312 Joannis
1619 3259 1970 3329 Evangelium
2028 3264 2190 3330 capiti
2251 3265 2370 3332 ejus

778 3349 1085 3413 imponunt,
1118 3356 1171 3401 et
1215 3349 1464 3417 spiritum
1504 3359 1755 3403 sanctum
1795 3368 1952 3405 suum
1997 3353 2280 3418 invocant,
2319 3363 2373 3409 et

782 3437 947 3490 Pater
973 3451 1149 3492 noster
1200 3454 1425 3494 canunt.
1460 3444 1525 3496 Et
1557 3453 1676 3512 post
1720 3444 2050 3509 baptismum
2099 3447 2372 3514 ejusmodi

778 3542 992 3598 tempus
1034 3531 1230 3585 iterum
1271 3534 1558 3602 assignant
1581 3534 1648 3588 ad
1676 3537 2077 3590 accmatiorem
2140 3538 2369 3590 institu-

778 3623 1005 3689 tionem,
1043 3625 1595 3694 temperatioremque
1625 3628 1812 3692 vitam,
1839 3637 1894 3682 et
1925 3629 2200 3696 puriorem
2251 3642 2376 3694 pre—

785 3717 1086 3770 cationem.
1140 3717 1345 3772 Deinde
1397 3719 1766 3772 testimonium
1814 3719 2084 3789 exigunt,
2136 3734 2202 3774 an
2263 3720 2377 3776 luec

779 3809 1106 3863 observarit.
1162 3807 1316 3873 Quod
1343 3807 1389 3862 si
1458 3810 1560 3863 viri
1615 3810 1984 3878 mulieresque
2033 3809 2374 3874 amrmarint,

779 3900 987 3954 ducunt
1025 3915 1147 3953 eum
1172 3900 1239 3952 ad
1267 3898 1624 3954 celebriorem
1681 3901 2042 3974 initiationem
2078 3915 2094 3956 :
2128 3909 2380 3956 statuunt

779 3995 926 4045 enim
959 3993 1219 4045 miserum
1254 3992 1322 4046 ad
1356 3992 1623 4045 orientem
1663 3993 1854 4057 solem,
1893 4001 1948 4047 et
1984 3993 2150 4060 impio
2205 3995 2380 4062 ipsius

779 4085 942 4151 capiti
1002 4099 1193 4136 rursus
1246 4081 1603 4151 Evangelium
1654 4084 1960 4151 imponunt,
2027 4094 2079 4138 et
2127 4085 2382 4152 profanas

781 4191 975 4229 manus
997 4176 1257 4230 adhibent
1295 4189 1444 4237 suas,
1491 4176 1582 4244 qui
1643 4176 1844 4230 adsunt
1877 4177 1978 4230 viri
2029 4189 2195 4246 atque
2225 4176 2382 4232 femi-

779 4282 883 4328 nas,
933 4277 986 4319 et
1030 4282 1221 4335 preces
1274 4266 1519 4321 nefarias
1585 4277 1812 4332 canunt,
1883 4268 1933 4322 id
1963 4277 2048 4323 est
2089 4272 2376 4338 hymnum,

778 4374 885 4436 quo
921 4359 1124 4426 gratius
1149 4367 1339 4428 agunt,
1375 4358 1519 4427 quod
1549 4360 1800 4412 traditam
1828 4360 2160 4429 impietatem
2191 4362 2383 4415 obser-

781 4452 942 4505 varit.
969 4452 1146 4519 Atque
1175 4453 1247 4506 ita
1292 4452 1538 4520 initiant,
1560 4464 1723 4524 atque
1746 4454 2062 4522 perﬁciunt,
2103 4455 2212 4507 imo
2236 4470 2368 4508 vero

2458 632 2729 687 διαὸὀλου.
2781 637 2959 704 Μέχρι
3031 637 3140 702 γὰρ
3197 636 3316 686 τότε
3367 634 3743 702 θανατηφόρον
3806 630 4037 698 ὄργανον

2460 724 2836 790 χρηματίζων,
2857 726 3040 776 ἔκτοτε
3070 725 3355 792 ζωηφόρον
3378 725 3541 777 ὅπλον
3591 723 3830 787 ἐγένετο,
3884 720 4039 787 βασι-

2463 811 2765 865 λικώτατὸν
2797 831 2856 866 τε
2890 817 2980 865 καὶ⁵
3012 815 3393 881 φοϐερώτατον
3421 815 3533 873 τοῖς
3563 812 3796 880 ἐχθροῖς,
3826 809 3918 860 ἆτε
3960 807 4038 874 τῷ

2461 905 2775 974 Δεσποτικῷ
2792 905 2983 974 αἵματι
3001 908 3094 958 καὶ
3113 905 3264 958 ὕδατι
3282 902 3784 973 καταρῤαντισθείς·
3811 899 4038 967 Εἴρηται

2462 992 2518 1044 δὲ
2537 995 2661 1061 περὶ
2683 997 2871 1047 τούτου
2905 998 2998 1046 καὶ
3025 998 3079 1046 ἐν
3102 995 3180 1064 τῷ
3197 997 3347 1048 κατὰ
3375 993 3491 1044 τῶν
3516 992 3841 1059 Ἀρμενίων
3854 989 4038 1057 τίτλῳ,

2463 1083 2558 1134 καὶ
2587 1081 2846 1151 ζητητέον
2877 1087 2993 1136 ἐκεῖ
3023 1084 3318 1152 κεφάλαιον
3351 1082 3432 1134 ιδ’.

2539 1267 2621 1313 ιε’.
2641 1260 2964 1330 Ἐρωτηθεὶς
2988 1259 3143 1319 αὖθις
3167 1257 3294 1325 παρ’
3314 1256 3471 1325 ἡμῶν
3493 1257 3519 1306 ὁ
3537 1252 3791 1321 δηλωθεὶς
3821 1250 4043 1317 ἔξαρχος

2465 1353 2562 1417 τῆς
2621 1352 2908 1420 αἱρέσεως,
2973 1351 3095 1410 Πῶς
3144 1349 3194 1400 οἱ
3226 1346 3586 1415 δαιμονῶντες
3649 1341 4047 1411 προστρέχουσι

2467 1441 2545 1510 τῷ
2577 1441 2824 1508 Σταυρῷ,
2859 1442 2954 1492 καὶ
2983 1437 3417 1490 καθυλακτοῦσιν
3447 1454 3460 1498 ;
3494 1433 3851 1500 ἀπεκρίνατο,
3882 1429 4049 1495 φιλεῖ-

2469 1531 2593 1582 σθαι
2625 1531 2858 1597 μάλιστα
2884 1528 2976 1580 τὸν
3009 1526 3246 1593 σταυρὸν
3279 1525 3382 1574 ὑπὸ
3409 1523 3517 1574 τῶν
3549 1521 3902 1572 ἐνοικούντων
3951 1519 4048 1569 a13-

2467 1623 2577 1681 τοῖς
2609 1619 2899 1686 δαιμόνων,
2935 1619 3009 1679 ὼς
3042 1619 3239 1669 οἰκεῖον
3272 1615 3453 1684 ἔργον.
3506 1613 3672 1664 Αὐτοὶ
3712 1612 3842 1679 γὰρ,
3892 1610 4048 1676 φησὶ,

2469 1710 2660 1761 τοῦτον
2698 1709 3110 1762 κατεσκεύασαν
3162 1710 3240 1767 είς
3294 1706 3577 1773 ἀναίρεσιν
3635 1701 3731 1753 τοῦ
3778 1701 4046 1767 Σωτῆρος.

2476 1801 2631 1851 Ἔστι
2677 1799 2722 1852 δ’
2777 1800 2864 1851 ὅτε
2914 1798 3010 1849 καὶ
3045 1788 3395 1862 καθυϐρίζειν
3424 1793 3612 1846 τοῦτον
3647 1794 3705 1844 ὲν
3739 1792 4050 1856 ὑποκρίσει.

2470 1893 2566 1945 καὶ
2595 1893 2820 1957 φεύγειν
2853 1890 3014 1942 αὐτὸν
3037 1889 3296 1950 πολλάκις
3327 1887 3614 1948 ἑκουσίως,
3649 1885 3735 1936 ἵνα
3765 1883 4050 1950 βλέποντες

2467 1985 2517 2035 οἱ
2570 1983 2847 2051 ἄνθρωποι
2872 1981 3074 2049 τιμῶσι
3141 1979 3341 2047 μᾶλλον
3401 1977 3584 2039 αὐτὸν,
3631 1976 3706 2036 ὡς
3738 1973 3928 2042 ἐχθρὸν
3959 1974 4053 2024 καὶ

2468 2075 2702 2142 διώκτην
2724 2074 2832 2124 τῶν
2863 2071 3174 2140 δαιμονίων.
3206 2070 3358 2139 Ἔχει
3381 2069 3438 2120 δὲ
3477 2067 3604 2135 παρ’
3631 2068 3761 2134 ἡμῖν
3790 2065 3888 2132 ούχ
3911 2062 4054 2114 οὕτω

2468 2167 2527 2219 τὸ
2563 2167 2783 2234 ἀληθές.
2811 2163 3106 2216 ’Έλκεσθαι
3137 2162 3235 2230 μὲν
3276 2161 3384 2229 γὰρ
3426 2159 3517 2210 καὶ
3557 2157 3789 2216 ἄκοντας
3821 2156 3924 2207 ὑπὸ
3955 2155 4053 2220 τῆς

2468 2256 2561 2308 τοῦ
2589 2254 2831 2326 Σταυροῦ
2859 2254 3164 2322 δυνάμεως,
3209 2254 3302 2304 καὶ
3354 2253 3443 2303 ἵνα
3509 2248 3928 2318 βασανίζωνται.
3989 2246 4054 2296 'll

2470 2349 2579 2416 γὰρ
2633 2346 2807 2416 ὑλακὴ
2857 2346 2950 2398 καὶ
3015 2347 3070 2397 αἱ
3109 2343 3472 2414 στρεδλώσεις
3518 2341 3612 2392 τοῦ
3670 2339 3917 2408 σώματος
3950 2337 4057 2388 τῶν

2469 2439 2954 2508 δαιμονιζομένων,
2991 2436 3084 2489 καὶ
3105 2438 3154 2488 οι
3187 2437 3467 2503 τιναγμοὶ,
3494 2432 3791 2501 τεκμήριόν
3827 2432 3933 2482 εἰσι
3960 2429 4058 2495 τῆς

2475 2529 2709 2600 βασάνου
2742 2529 2852 2579 τῶν
2877 2527 3169 2596 δαιμόνων.
3209 2524 3526 2594 ’Υὸρίζουσι
3551 2522 3606 2574 δὲ
3637 2519 3820 2583 αὑτὸν,
3854 2519 3930 2580 ὡς
3975 2520 4063 2586 ὲχ-

2476 2622 2624 2692 θρὸν,
2668 2621 2764 2672 καὶ
2795 2618 3094 2685 φεύγουσιν
3124 2618 3197 2679 ὡς
3224 2615 3482 2683 διώκτην.

2548 2718 2646 2774 ις’.
2668 2711 2740 2762 Τὸ
2767 2712 2863 2779 μὲν
2886 2709 3014 2778 παρ’
3040 2711 3166 2778 ἡμῖν
3197 2709 3479 2777 βάπτισμα
3496 2706 3587 2756 τοῦ
3605 2705 3849 2758 Ἰωάννου
3869 2702 4060 2766 λέγου-

2477 2822 2584 2865 σιν,
2610 2803 2685 2865 ὡς
2721 2804 2787 2855 δι’
2814 2803 3005 2862 ’ὕδατος
3033 2799 3473 2866 ἐπιτελούμενον,
3511 2797 3571 2848 τὸ
3598 2796 3651 2846 δὲ
3695 2794 3826 2862 παρ’
3879 2793 4059 2850 αὐτοῖς

2476 2895 2569 2947 τοῦ
2603 2893 2838 2964 Χριστοῦ
2867 2893 2954 2945 διὰ
2980 2891 3316 2958 11νεύματος,
3351 2888 3426 2949 ὡς
3460 2888 3607 2939 δοκεῖ
3632 2887 3838 2947 αὐτοῖς,
3874 2882 4059 2934 τελού-

2480 3003 2659 3054 μενον.
2699 2985 2789 3034 Aio
2821 2984 2916 3035 καὶ
2947 2982 3036 3034 τὸν
3067 2979 3508 3049 προσερχόμενον
3547 2978 3728 3035 αὐτοῖς
3765 2973 4064 3027 είτν.να⁶5αττ·ιςὶ⁸

2479 3077 2672 3139 ζουσι,
2740 3074 2932 3143 πρῶτα
2977 3073 3075 3140 μὲν
3128 3069 3478 3136 ἀφορίζοντες
3529 3065 3678 3132 αὐτῷ
3750 3064 3941 3130 καιρὶν
3986 3063 4064 3118 είς

2479 3165 2888 3234 ἐξομολόγησιν,
2918 3163 3012 3214 καὶ
3037 3161 3280 3228 ἁγνείαν,
3322 3161 3415 3210 καὶ
3449 3156 3700 3209 σύντονον
3726 3154 4062 3223 προσευχὴν,

2476 3253 2598 3310 εἶτα
2634 3261 2697 3326 τῇ
2724 3256 2934 3324 κεφαλῇ
2965 3254 3130 3307 αὑτοῦ
3159 3251 3218 3304 τὸ
3243 3251 3386 3302 κατὰ
3435 3249 3692 3317 Ἰωάννην
3733 3245 4066 3312 Εὐαγγέλιοτ

2475 3349 2835 3409 ἐπιτιθέντες,
2865 3348 2960 3399 καὶ
2990 3347 3048 3397 τὸ
3078 3343 3208 3412 παρ’
3240 3344 3425 3405 αὐτοῖς
3465 3341 3620 3407 ἆγιον
3671 3337 3893 3403 Πνεῦμα
3945 3340 4066 3387 ἐπι-

2478 3444 2828 3511 καλούμενοι,
2851 3440 2944 3491 καὶ
2974 3438 3056 3502 τὸ,
3083 3438 3264 3505 Πάτερ
3287 3436 3467 3504 ἡμῶν,
3491 3433 3802 3501 ἐπᾴδοντες.
3834 3432 3986 3482 Μετὰ
4013 3431 4068 3480 Et

2477 3533 2537 3584 τὸ
2577 3529 2816 3582 τοιοῦτον
2877 3527 3162 3597 βάπτισμα
3214 3526 3407 3596 καιρὸν
3466 3519 3620 3584 αὗῦις
3660 3521 4070 3590 ἀποκ>.ηροίσιν

2479 3626 2555 3686 είς
2587 3621 2984 3691 ἀκριϐεστέραν
3014 3621 3261 3688 ἀγωγὴν,
3324 3618 3418 3673 καὶ
3474 3617 3747 3668 πολιτείαν
3807 3616 4075 3682 ἐγκρατε-

2482 3721 2702 3789 στέραν,
2741 3719 2833 3771 καὶ
2871 3715 3266 3786 καθαρωτέραν
3305 3712 3637 3782 προσευχὴν,
3689 3705 3809 3761 εἶτα
3865 3727 4070 3777 μαρτυ-

2483 3814 2608 3881 ρίαν
2653 3809 2998 3872 ἀπαιτοῦσιν,
3037 3810 3086 3859 εί
3123 3804 3355 3874 ἐφύλαξε
3394 3804 3632 3868 .πάντα,
3663 3806 3713 3853 εί
3761 3801 4075 3861 σπουδαίοις

2481 3903 2864 3972 διηγωνίσατο,
2896 3899 2993 3952 καὶ
3036 3896 3460 3968 μαρτυρούντων
3501 3894 3733 3963 ἀνδρῶν,
3785 3893 3921 3960 ὁμοῦ
3982 3895 4077 3944 καὶ.

2483 3995 2760 4062 γυναικῶν
2787 3994 3015 4061 ἄγουσιν
3053 3992 3216 4044 αὑτὸν
3247 3988 3341 4040 ἐπὶ
3389 3988 3489 4056 τὴν
3530 3985 3938 4056 θρυλλοσμένην
3989 4003 4076 4037 τε-

2484 4089 2721 4150 λείωσιν,
2777 4087 2871 4139 καὶ
2914 4087 3214 4154 στήσαντες
3267 4084 3358 4134 τὸν
3390 4081 3572 4135 ἄθλιον
3629 4081 3770 4132 κατὰ
3809 4082 4077 4142 ἀνατολὰς

2483 4182 2819 4233 ἐπιτιθέασιν
2839 4179 2995 4241 αὖθις
3028 4181 3093 4248 τῇ
3125 4178 3296 4248 μιαρᾷ
3323 4174 3512 4227 τούτου
3542 4174 3754 4243 κεφαλῇ
3783 4174 3842 4224 τὸ
3901 4173 4080 4238 Εὐαγ-

2485 4273 2685 4339 γέλιον,
2726 4273 2819 4322 καὶ
2850 4272 2948 4333 τὰς
2979 4273 3192 4338 ἐναγεῖς
3231 4270 3412 4323 αὐτῶν
3455 4267 3747 4338 ἐπέχοντες
3784 4269 3970 4335 χεῖρας
4026 4269 4074 4317 οἱ

2488 4363 2895 4434 παρατυχόντες
2925 4363 3118 4432 ἀνδρες
3140 4363 3235 4415 καὶ
3259 4363 3516 4428 γυναῖκες
3549 4361 3646 4428 τὴν
3678 4360 3892 4411 ἀνόσιον
3943 4359 4081 4427 ἐπᾴ-

2486 4457 2635 4510 δουσι
2671 4456 2922 4525 τελετήν.
2955 4454 3104 4522 Α’ύτη
3157 4455 3213 4506 δέ
3235 4456 3386 4507 ἐστιν
3417 4455 3840 4522 εύχαριστήριος
3886 4449 4077 4516 ὕμνος,

778 4544 1075 4597 conticiunt
1148 4553 1203 4596 et
1286 4544 1646 4615 submergunt
1722 4561 1897 4609 eum,
1968 4547 2060 4614 qui
2111 4547 2523 4615 prohtndona'

2337 4549 2380 4599 Io
2412 4559 2457 4615 ι)
2485 4547 2567 4598 ὅτι
2588 4544 2876 4613 διεφύλαξε
2909 4544 3009 4613 τὴν
3034 4543 3484 4613 παραδεδομένην
3511 4541 3788 4595 ἀσέϐειαν.
3826 4542 3933 4592 Καὶ
3989 4539 4082 4591 ού-

778 4636 974 4706 dignus
1005 4647 1089 4689 cst
1122 4645 1328 4691 tartaro
1358 4647 1524 4705 atque
1571 4637 1816 4691 interitu.
1885 4635 1940 4689 Si
1964 4647 2151 4692 uoster
2208 4639 2375 4706 igitur

780 4729 1085 4795 baptismus
1116 4743 1256 4796 aqua
1280 4728 1457 4782 solum
1490 4739 1868 4797 perageretur,
1926 4725 2158 4780 Joannis
2217 4727 2376 4779 nimi-

781 4835 900 4872 rqu
934 4827 1099 4873 esset.
1151 4818 1304 4873 Nunc
1362 4828 1546 4874 autem
1609 4834 1734 4873 cum
1785 4834 1926 4888 aqua
1984 4827 2274 4888 peragatur
2324 4829 2379 4872 et

784 4913 1012 4980 Spiritu,
1039 4913 1501 4981 quemadmodum
1539 4911 1804 4966 Dominus
1826 4912 2010 4965 docuit
2050 4930 2062 4965 :
2105 4911 2227 4963 Nisi
2257 4914 2378 4977 quis

782 5010 1081 5075 baptizatus
1139 5008 1331 5077 fuerit,
1396 5009 1670 5078 inquiens,
1731 5023 1797 5061 ex
1849 5024 1988 5073 aqua
2049 5017 2096 5059 et
2161 5005 2372 5074 Spiritu

781 5111 986 5161 sancto,
1016 5102 1357 5154 nonintrabit
1381 5101 1434 5155 in
1453 5117 1672 5170 regnum
1693 5099 1838 5164 Dei‘,
1859 5105 2130 5154 incassum
2155 5101 2377 5155 latrant.

783 5194 983 5247 Verqu
1020 5196 1083 5247 de
1111 5194 1384 5264 baptismo
1427 5209 1648 5264 quoque
1701 5193 1908 5248 dictum
1976 5203 2056 5248 est
2085 5191 2138 5246 in
2198 5192 2378 5261 titulo,

781 5303 943 5356 quem
1003 5285 1269 5341 Adversus
1295 5286 1644 5342 Paulicianos
1677 5286 2131 5356 conscripsimus,
2167 5293 2223 5340 et
2258 5287 2383 5341 inde

784 5379 953 5448 petito
982 5380 1183 5448 capita,
1208 5393 1332 5448 qua:
1363 5377 1429 5432 ad
1463 5393 1576 5432 rem
1613 5377 1908 5447 pertinent.
1970 5374 2164 5431 Noster
2215 5377 2381 5447 Igitur

787 5473 1114 5541 baptismus,
1149 5479 1206 5525 ut
1237 5470 1499 5525 Dominus
1530 5469 1738 5534 docuit,
1773 5483 1868 5536 per
1898 5483 2091 5536 aquam
2125 5478 2178 5523 et
2203 5467 2379 5537 Spiri-

788 5576 898 5619 tum
927 5575 1180 5620 sanctum
1210 5565 1513 5635 perﬁcitur.
1548 5562 1861 5633 Baptismus
1905 5570 2090 5615 autem
2147 5562 2378 5617 istorum

787 5660 929 5715 unde
961 5672 1212 5729 sumptus
1238 5660 1334 5724 sit,
1361 5658 1462 5730 ipsi
1494 5658 1706 5726 dicant;
1733 5657 1785 5712 in
1819 5655 1968 5712 nullo
1989 5657 2138 5713 enim
2169 5667 2377 5727 septem

863 5864 877 5901 ⁸
930 5861 1090 5920 Joan.
1133 5877 1219 5930 nt,
1248 5861 1304 5917 5.

2476 4656 2555 4690 τω
2585 4637 2817 4701 τελοῦσι,
2851 4636 3052 4705 μᾶλλον
3082 4635 3139 4688 δὲ
3175 4634 3516 4697 συντελοῦσι,
3577 4636 3674 4687 καὶ
3731 4633 4074 4685 καταποντί-

2452 4731 2631 4794 .ζουσι
2653 4729 2746 4780 τὸν
2780 4725 2945 4797 βυθοῦ
3001 4728 3095 4778 καὶ
3126 4725 3428 4793 διαφθορᾶς
3460 4724 3706 4786 ἐπάξιον.
3761 4724 3823 4775 Εἰ
3851 4725 3951 4792 μὲν
3987 4719 4082 4775 οὖν

2479 4822 2632 4875 ῦδατι
2669 4822 2816 4891 μόνῳ
2845 4820 2905 4872 τὸ
2955 4818 3079 4871 καθ’
3129 4818 3276 4888 ἡμᾶς
3309 4817 3546 4869 ἐτελεῖτο
3580 4816 3891 4887 βάπτισμα,
3919 4811 3987 4885 ἦν
4013 4817 4080 4869 ἂν

2475 4911 2620 4965 οὕτω
2649 4911 2744 4964 τοῦ
2781 4909 3031 4963 Ἰωάννου
3063 4908 3122 4960 τὸ
3147 4908 3420 4977 ἡμέτερον
3472 4906 3756 4975 βάπτισμα
3787 4920 3802 4934 ’
3853 4907 3975 4956 ἐπεὶ
4021 4906 4078 4958 δὲ

2484 5007 2580 5075 οὐχ
2615 5003 2768 5058 ὕδατι
2799 5004 2980 5072 μόνον,
3005 5001 3141 5054 ἀλλὰ
3170 5002 3264 5053 καὶ
3290 5001 3432 5068 ἁγίῳ
3463 4999 3739 5068 Πνεύματι
3772 4999 4079 5066 τελεσιουρο

2484 5095 3180 5170 γεῖται,καθὼςὸΚύριος
3242 5094 3484 5160 ἐδίδαξεν
3542 5095 3736 5156 εἰπὼν,
3805 5093 3947 5146 Ἐὰν
3993 5093 4078 5161 μή

2484 5209 2566 5257 τις
2602 5187 2868 5259 γεννηθῇ
2910 5186 2985 5240 δι’
3028 5185 3249 5250 ὕδατος
3283 5185 3381 5237 καὶ
3431 5183 3803 5250 Πνεύματος,
3867 5183 3941 5235 οὐ
3990 5182 4079 5250 μὴ

2485 5284 2735 5351 εισέλθῃ
2794 5283 2882 5346 εις
2943 5276 3062 5347 τὴν
3115 5276 3453 5342 ,ϐασιλείαν
3505 5275 3615 5329 τοῦ
3670 5274 3840 5336 Θεοῦ,
3899 5276 4081 5346 μάτην

2489 5372 2834 5425 ὑλακτοῦσιν.
2871 5367 3100 5439 Εἴρηται
3130 5367 3239 5438 γὰρ
3273 5368 3366 5419 καὶ
3395 5368 3453 5418 ὲν
3487 5364 3564 5435 τῷ
3593 5365 3743 5419 κατὰ
3771 5365 3893 5418 τῶν
3917 5369 4079 5420 Παυ-

2485 5463 2778 5521 λικιάνων
2808 5462 2972 5529 τιτλῳ
3000 5462 3129 5532 περὶ
3165 5459 3259 5513 τοῦ
3284 5459 3442 5528 ἁγίου
3475 5458 3857 5528 βαπτίσματος
3919 5462 4080 5528 ἀκρι.

2489 5559 2767 5628 δέστερον,
2794 5556 2890 5609 καὶ
2911 5553 3147 5626 ζήτησον
3175 5553 3293 5604 ἐκεῖ
3318 5552 3384 5605 τὰ
3413 5551 3544 5622 περὶ
3572 5549 3765 5603 τούτου
3783 5549 4078 5618 κεφάλαια.

2501 5654 2668 5710 Ἀλλὰ
2695 5653 2756 5707 τὸ
2789 5650 2892 5724 μὲν
2920 5649 3195 5723 ἡμέτερον
3249 5646 3536 5717 βάπτισμα
3600 5644 3745 5698 κατὰ
3788 5643 3849 5696 τὸ
3916 5643 4082 5712 ῥηθὲν
