4420 6462
769 430 911 492 1315

2004 432 2389 491 EUTHYMII
2449 434 2811 493 ZIGABENI

3904 440 4045 504 1316

762 544 851 594 alii
908 544 1108 595 rarius.
1171 543 1432 613 Reliquas
1475 541 1817 610 precationes
1863 550 2244 606 contemnunt,
2292 545 2421 601 οιΑ
2449 562 2507 608 πί

2300 550 2349 596 et
2376 545 2421 601 Α
2449 545 2759 615 προσευχὴν
2796 546 3018 614 ταύτην,
3044 548 3094 599 οί
3120 548 3222 617 μὲν
3250 549 3471 612 δεκάκις
3499 551 3639 619 μετά
3671 551 4045 617 γονυκλισίας.

766 634 1109 701 mnltiloquia
1140 644 1358 695 vocant,
1412 644 1466 686 et
1510 634 1762 696 gentibus
1819 633 2135 695 convenire,
2184 648 2355 701 eoque

764 735 1020 789 Spectare
1058 725 1467 790 multiloquium
1514 724 1751 783 illud,de
1791 738 1899 790 quo
1954 724 2007 775 in
2064 724 2354 791 Evangelio

763 817 1032 880 scriptum
1062 824 1166 866 est.
1199 812 1310 865 Nec
1338 813 1780 865 animadvertunt
1848 814 1899 865 in
1951 828 2016 865 eo
2073 812 2353 880 Evangelii

782 906 904 958 loco
929 922 1034 958 non
1060 917 1166 956 tam
1193 906 1477 957 verborum
1509 905 1929 964 multitudinem,
1963 922 2122 973 quam
2169 922 2351 959 rerum

765 1012 873 1045 non
905 995 1351 1047 convenientium
1411 994 1727 1059 petitionem
1779 993 2121 1058 reprehendi.
2182 994 2353 1049 Porro

764 1086 1032 1138 Dominus
1064 1095 1251 1137 noster
1271 1085 1639 1151 precationem
1704 1083 1873 1147 illam,
1933 1084 2092 1137 Pater
2142 1097 2350 1148 noster,

762 1180 923 1230 nobis
958 1178 1182 1229 tradidit
1225 1186 1482 1240 tanquam
1552 1177 1871 1227 obsecrandi
1928 1174 2241 1234 formulam.
2298 1186 2354 1229 et

761 1269 1094 1329 exemplum,
1118 1283 1181 1320 ac
1210 1267 1472 1326 radicem,
1503 1280 1607 1317 non
1637 1276 1693 1317 ut
1722 1267 1828 1319 illis
1874 1266 2052 1320 verbis
2099 1269 2349 1333 precandi

764 1360 1030 1411 rationem
1066 1358 1432 1413 concluderet.
1481 1369 1577 1409 seu
1614 1368 1671 1408 ut
1704 1358 1827 1410 inde
1863 1358 2091 1410 aliarum
2164 1374 2353 1426 preca-

762 1454 964 1503 t‘mnnm
997 1457 1649 1519 argumenta,propagata
1675 1464 1787 1514 iam
1824 1448 1949 1510 lide,
1976 1464 2323 1502 sumeremus

766 1542 977 1593 Etenim
1016 1558 1081 1593 ne
1119 1551 1174 1592 ιιι
1201 1541 1513 1607 jejnnarent
1540 1540 1784 1606 quidem.
1833 1541 1939 1593 illis
2004 1542 2157 1594 initio
2216 1557 2351 1608 pra:-

757 1632 923 1695 cepit,
950 1644 1121 1696 neque
1155 1639 1212 1681 ut
1240 1643 1432 1696 aspere
1454 1637 1507 1680 et
1537 1628 1749 1679 duriter
1771 1629 1934 1681 vitam
1974 1631 2347 1694 traducerent,

759 1724 833 1776 uti
877 1722 1167 1791 postillius
1235 1722 1287 1772 in
1346 1719 1543 1773 caelum
1609 1733 1897 1773 ascensum
1970 1721 2346 1773 traduxerunt.

758 1817 1124 1880 Quamobrem
1152 1813 1365 1864 dicebat
1393 1828 1407 1862 :
1446 1809 1567 1863 Non
1595 1822 1815 1878 possunt
1851 1811 1945 1863 filii
1964 1814 2141 1877 sponsi
2180 1814 2349 1865 nictein

755 1921 887 1967 esse,
929 1903 1165 1971 quandiu
1190 1917 1307 1954 cum
1334 1901 1442 1953 illis
1466 1910 1542 1952 est
1607 1916 1873 1965 sponsus;
1929 1903 2135 1954 venient
2172 1913 2345 1954 autem
2383 1898 2422 1951 Β

757 1995 888 2056 dies,
915 2009 1036 2046 cum
1058 2008 1286 2062 sponsus
1317 1991 1598 2060 auferetur
1620 1991 1684 2044 ab
1715 1994 1813 2058 eis,
1871 2002 1921 2046 et
1950 2005 2072 2046 tunc
2125 1994 2347 2063 jejuna-

755 2092 883 2140 bunt
932 2086 971 2137 '.

822 2373 915 2427 20.
950 2371 1179 2426 llzercsis
1208 2374 1431 2427 istorum
1455 2374 1706 2444 princeps
1732 2374 2052 2440 aﬂirmabat,
2088 2378 2227 2432 hanc
2257 2377 2353 2432 Do.

753 2466 883 2519 mini
905 2480 1091 2519 vocem
1125 2467 1303 2519 snisin
1340 2466 1645 2537 Evangeliis
1675 2483 1797 2522 esse
1825 2470 2117 2538 scriptam:
2148 2472 2351 2527 Dmmo-

755 2559 845 2610 nia
880 2558 1061 2621 colite,
1088 2573 1191 2610 non
1226 2568 1282 2609 ιιι
1309 2559 1460 2611 vobis
1495 2560 1841 2629 prosint,;‘sed
1878 2578 1945 2615 ne
1971 2565 2175 2618 obsint.
2219 2567 2350 2629 Qua:

747 2652 965 2717 quidem
989 2650 1149 2702 verba
1180 2650 1458 2717 explicans
1482 2651 1796 2720 adjiciebat,
1830 2656 2052 2709 colenda
2080 2671 2201 2711 esse
2231 2660 2343 2711 da:-

748 2741 951 2803 monia,
1015 2754 1135 2808 qua:
1198 2739 1252 2791 in
1312 2743 1527 2810 templis
1559 2759 1719 2796 manu
1744 2744 1900 2799 factis
1936 2746 2207 2811 habitant,
2277 2763 2345 2801 ne

744 2832 1071 2894 irascantur,
1105 2840 1161 2884 et
1194 2834 1423 2899 perdant
1452 2849 1546 2887 eos
1571 2836 1661 2904 qui
1734 2836 1786 2889 id
1816 2837 1993 2891 facere
2022 2841 2346 2905 recusarint,

741 2938 866 2975 cum
905 2938 1152 2990 magnam
1183 2934 1347 2992 atque
1394 2925 1651 2978 invictam
1680 2926 1910 2980 habeant
1944 2928 2178 2982 nocendi
2209 2931 2341 2991 vim,

741 3017 825 3067 cui
869 3029 935 3067 ne
965 3013 1215 3068 Christus
1246 3017 1463 3083 quidem
1522 3026 1615 3070 aut
1650 3018 1884 3086 Spiritus
1949 3029 2169 3074 sanctus
2210 3022 2346 3075 resi-

746 3118 893 3158 stere
918 3104 1119 3167 valent,
1142 3107 1392 3173 quoniam
1427 3106 1587 3159 Pater
1619 3107 1723 3160 illis
1757 3107 1935 3163 adhuc
1965 3110 2215 3179 ignoscit,
2246 3125 2346 3165 nec

738 3198 929 3250 adimit
962 3197 1132 3251 robur
1156 3197 1418 3264 ipsorum,
1452 3198 1546 3252 sed
1575 3199 1653 3251 eis
1684 3201 1867 3253 mundi
1902 3202 2234 3255 dominatum
2255 3218 2345 3255 us—

736 3304 841 3357 que
861 3292 925 3342 ad
944 3290 1468 3343 consummationem
1487 3292 1668 3344 szcculi
1694 3292 1962 3346 concedit.
1992 3291 2176 3361 Neque
2195 3296 2341 3347 enim

739 3381 1064 3437 l"ilium!cum
1086 3381 1411 3433 inmundum
1431 3382 2185 3438 mittereturetaPatretotam
2208 3387 2344 3455 ipso-

739 3486 857 3523 rum
919 3471 1255 3523 eversionem
1303 3471 1619 3539 postularet,
1648 3487 1766 3526 eam
1798 3484 2017 3541 propter
2044 3477 2336 3531 bonitatem

742 3561 918 3614 Patris
947 3563 1239 3629 impetrare
1266 3566 1530 3629 potuisse.
1565 3561 1762 3617 Verqu
1808 3567 2063 3633 quoniam
2104 3568 2199 3621 has
2229 3584 2333 3622 nu-

737 3667 833 3719 gas
856 3667 922 3703 cx
951 3650 1369 3705 Masalianorum
1404 3652 1597 3707 haeresi
1616 3666 1994 3723 perceperunt,
2020 3660 2248 3725 quaerito
2274 3660 2329 3714 in

732 3758 799 3797 eo
840 3743 1013 3806 titulo,
1038 3744 1127 3811 qui
1146 3744 1403 3798 adversus
1430 3744 1549 3799 illos
1578 3748 1919 3816 conscriptus
1957 3758 2064 3813 est,
2088 3751 2334 3817 quintum

730 3844 911 3902 caput,
949 3847 1000 3888 et
1035 3845 1185 3900 octo,
1220 3851 1341 3903 quae
1368 3836 1625 3903 deinceps
1683 3852 2012 3907 sequuntur,
2062 3850 2117 3895 et
2166 3858 2332 3912 argu-

730 3939 914 3981 menta
934 3928 998 3981 ad
1021 3942 1112 3981 eas
1135 3927 1455 3982 evertendas
1485 3929 1768 3997 aptissima
1796 3933 2055 4000 reperies.
2084 3932 2159 3987 De
2183 3934 2335 3988 hiset

727 4020 979 4085 superius
996 4020 1201 4072 dictum
1233 4029 1318 4072 est
1333 4018 1385 4072 in
1403 4020 1725 4076 duodecimo
1743 4025 1921 4092 capite
1947 4026 2174 4094 hujusce
2201 4026 2333 4080 titu—

727 4108 784 4163 li.
808 4110 938 4163 Nam
962 4112 1106 4177 quod
1132 4112 1407 4165 diemonas
1431 4112 1653 4167 Christo
1686 4124 1739 4168 et
1767 4112 1972 4183 Spiritu
2004 4129 2198 4172 sancto
2218 4119 2329 4173 [οτ-

725 4204 891 4256 tiores
930 4212 1205 4267 asserunt,
1232 4218 1341 4271 quo
1362 4205 1626 4273 supplicio
1641 4206 1787 4276 digni
1816 4222 1923 4261 non
1941 4208 2050 4262 sint
2081 4211 2330 4269 homines

735 4294 1224 4363 impii,hostesque
1256 4296 1371 4359 Dei,
1414 4298 1842 4368 adoratoresque
1883 4310 1939 4354 et
1962 4302 2200 4359 cultores
2218 4307 2327 4361 da:-

726 4400 967 4449 monnm,
990 4400 1153 4439 verea
1176 4387 1513 4439 daemonibus
1532 4391 1710 4441 vexati
1734 4401 1789 4443 et
1810 4393 2115 4446 dzemonum
2131 4397 2321 4450 amici?

2461 638 2510 686 οί
2542 637 2600 688 δὲ
2633 639 3135 701 πεντεκαιδεκάκις,
3162 640 3211 690 οί
3242 639 3299 690 δὲ
3331 640 3515 691 πλεῖον
3561 642 3594 709 ἢ
3646 642 3888 694 ἔλαττον.
3941 644 4052 704 Τὰς

2460 724 2507 775 δ’
2536 724 2700 785 ἄλλας
2722 726 2901 786 πάσας
2926 726 3238 795 προσευχὰς
3279 727 3630 795 ἀτιμάζουσι,
3696 729 4048 796 βαττολογίας

2460 815 2628 875 αὐτὰς
2658 814 3081 876 ἀποκαλοῦντες,
3122 817 3213 867 καὶ
3246 815 3346 882 τῆς
3393 816 3612 883 ὲθνικῆς
3662 818 3901 886 μερίδος,
3948 819 4049 886 τὴν

2462 908 2520 956 ὲν
2550 907 2660 967 τοῖς
2690 906 3043 972 Εὑαγγελίοις
3069 908 3369 977 εἰρημένην
3390 907 3745 976 βαττολογίαν
3775 911 3868 960 ἐπὶ
3917 909 4049 960 ταύο

2458 1015 2556 1058 τας
2587 999 2931 1066 μετάγοντες,
2971 999 3045 1067 μὴ
3098 998 3477 1065 γινώσκοντες,
3538 1001 3619 1051 ὅτι
3698 999 4047 1068 βαττολογίαν

2460 1084 2601 1140 οἶδεν
2627 1088 2654 1139 ό
2679 1088 3032 1154 εύαγγελικὸς
3060 1089 3215 1155 λόγος
3246 1091 3307 1141 οὐ
3346 1091 3444 1158 τὴν
3467 1089 3654 1151 ἁπλῶς
3682 1090 4046 1155 πολυλογίαν,

2459 1180 2594 1231 ἀλλά
2619 1182 2719 1247 τὴν
2743 1182 2871 1249 περὶ
2903 1180 3012 1231 τῶν
3042 1180 3118 1247 μὴ
3156 1182 3545 1249 προσηκόντων
3587 1182 3823 1249 αἴτησιν.
3885 1181 3945 1231 Ὀ
3989 1180 4047 1231 δὲ

2460 1270 2664 1340 Κύριος
2716 1270 3002 1339 παρέδωκε
3053 1272 3164 1327 τοῖς
3203 1271 3524 1331 ἀποστόλοις
3576 1272 3677 1338 τὴν
3717 1270 3813 1320 τοῦ
3868 1271 4048 1336 Πάτερ

2457 1360 2617 1428 ἡμῶν
2670 1360 2978 1428 προσευχὴν
3037 1361 3193 1429 ῥίζαν
3257 1360 3564 1428 προσευχῆς
3624 1360 3716 1409 καὶ
3774 1356 3934 1420 εἶδος,
3984 1360 4046 1409 ο)

2457 1467 2628 1520 ταυτῃ
2698 1450 2976 1520 μόνῃ¹τὴν
3037 1452 3349 1518 προσευχὴν
3405 1450 3753 1517 περιορίζων,
3799 1448 3912 1499 ἀλλ’
3959 1448 4046 1496 ἵνα

2459 1543 2826 1611 λαμϐάνοντες
2856 1545 2919 1595 ὲκ
2948 1543 3155 1609 ταύτης
3176 1543 3274 1604 τὰς
3298 1544 3553 1609 ἀφορμὰς
3582 1542 3845 1592 δύνωνται
3874 1542 4047 1591 ποιεῖν

2458 1634 2553 1685 καὶ
2585 1634 2800 1700 ἑτέρας,
2834 1632 3208 1701 αὐξανομένης
3238 1632 3332 1699 τῆς
3381 1630 3712 1699 προσευχῆς.
3769 1629 3921 1679 Ἐπεὶ
3952 1630 4047 1678 καὶ

2455 1724 2576 1775 οὐδὲ
2609 1722 2892 1788 νηστεύειν
2917 1724 3101 1785 αὐτοῖς
3124 1724 3244 1775 κατ’
3266 1723 3437 1791 ἀρχὰς
3467 1720 3878 1785 ἐπέταξεν,οὑδὲ
3907 1736 4046 1787 παρ-

2458 1816 2708 1884 εχώρησε
2740 1815 3252 1884 σκληραγωγεῖσῡαι
3292 1814 3566 1878 τοσοῦτον,
3591 1814 3714 1863 ὅσον
3754 1812 3892 1878 μετὰ
3951 1809 4048 1877 τὴν

2454 1909 2535 1967 εἰς
2566 1907 2830 1975 οὐρανοὺς
2863 1906 3133 1975 ἀνάληψιν
3195 1906 3361 1960 αὑτοῦ
3424 1907 3521 1956 καὶ
3576 1904 4043 1957 ἀποκατάστασιν.

2453 1999 2544 2051 Διὸ
2578 2001 2670 2050 καὶ
2693 1999 2870 2065 ἔλεγε,
2906 1998 3004 2064 Μὴ
3030 1998 3323 2051 δύνανται
3364 1998 3416 2050 οἱ
3445 1995 3564 2048 vlol
3598 1994 3705 2047 τοῦ
3722 1990 4048 2061 νυμφῶνος

2453 2090 2704 2142 ,πενθεῖν
2732 2090 2827 2158 ἐφ’
2861 2091 3013 2142 ὅσον
3038 2091 3167 2156 μετ’
3190 2088 3393 2142 ἀυτῶν
3434 2090 3605 2141 ἐστιν
3657 2089 3690 2140 ό
3750 2086 4046 2153 Νυμρίος.

2466 2183 2860 2235 Ἐλεύσονται
2889 2182 2956 2233 δὲ
2976 2183 3219 2250 ἡμέραι,
3249 2182 3383 2234 ὄται
3424 2180 3662 2247 ἀπαρθῇ
3692 2179 3795 2232 ἀπ’
3845 2175 4049 2231 αὐτῶν

2452 2279 2485 2327 ό
2525 2276 2828 2343 Νυμφίος,
2859 2278 2957 2326 καὶ
2991 2278 3127 2328 τότε
3148 2276 3635 2339 νηστεύσουσιν.

2526 2367 2595 2421 κ’.
2623 2370 2850 2435 Ἔλεγεν
2879 2369 2907 2420 ό
2929 2370 3026 2437 τῆς
3052 2370 3509 2438 αἱρέσεωςαύτῶν
3533 2368 3755 2436 ἔξαρχος
3779 2367 4048 2435 ἐγγεγρά-

2453 2462 2585 2530 φθαι
2612 2466 2725 2524 τοῖς
2760 2463 3115 2530 Εύαγγελίοις
3145 2464 3323 2515 αὐτῶν
3362 2466 3547 2529 φωνὴν
3581 2463 3675 2514 τοῦ
3697 2462 3904 2529 Κυρίου
3956 2460 4046 2511 λέ-

2450 2572 2675 2623 γουσαν,
2699 2556 2909 2623 Τιμᾶτε
2935 2555 3001 2605 τὰ
3018 2556 3290 2623 δαιμόνια,
3317 2556 3415 2622 οὐχ
3432 2556 3519 2605 ἵνα
3550 2553 3872 2622 ὠφεληϐητε
3911 2568 4027 2619 παρ

2449 2645 2652 2707 αὐτῶν,
2679 2644 2791 2698 ἀλλ’
2826 2645 2911 2695 ἵνα
2944 2645 3019 2713 μὴ
3050 2643 3329 2711 βλάψωσιν
3352 2644 3517 2712 ὑμᾶς.
3566 2643 3674 2694 Καὶ
3723 2640 4045 2711 ἑρμηνεύων

2449 2736 2547 2804 τὴν
2585 2734 2842 2801 τοιαύτην
2883 2734 3067 2803 φωνὴν
3099 2732 3437 2803 προσετίθει,
3477 2733 3557 2783 ὅτι
3603 2731 3710 2801 χρὴ
3751 2726 3918 2800 τιμᾷν
3976 2730 4044 2780 τὰ

2449 2828 2763 2880 ἐνοικοῦντα
2794 2828 2906 2887 τοῖς
2937 2827 3337 2894 χειροποιήτοις
3368 2828 3514 2886 ναοῖς
3537 2823 3814 2889 δαιμόνια,
3866 2839 4041 2891 προσ-

2448 2919 2735 2981 κυνοῦντες
2763 2918 2922 2979 αὐτὰ,
2945 2918 3031 2969 ἵνα
3053 2920 3127 2986 μὴ
3167 2916 3491 2985 ὀργισθέντα
3526 2914 3882 2982 διαφθείρωσι
3910 2916 4041 2975 τοὺς

2450 3015 2525 3082 μὴ
2554 3012 2710 3064 τοῦτο
2734 3010 3049 3072 ποιοῦντας,
3077 3009 3322 3081 μεγάλην
3371 3005 3467 3059 τοῦ
3532 3006 3792 3075 βλάπτειν
3846 3007 4041 3074 ἔχοντα

2446 3108 2540 3157 καὶ
2573 3107 2783 3173 ἄμαχον
2813 3103 3064 3171 δύναμιν,
3097 3104 3234 3170 πρὸς
3266 3102 3332 3169 ἢν
3368 3101 3492 3153 οὔτε
3535 3102 3624 3151 τὸν
3665 3100 3899 3168 Χριστὸν
3956 3102 4043 3163 εξ-

2448 3197 2661 3265 αρκείν,
2687 3192 2809 3245 οὔτε
2845 3194 2942 3244 σὺν
2976 3191 3125 3260 αὐτῷ
3156 3192 3215 3243 τὸ
3248 3190 3469 3260 Πνεῦμα
3513 3192 3575 3243 τὸ
3628 3192 3804 3256 ἆγιον,
3855 3190 3941 3241 διὰ
3981 3190 4043 3241 τὸ

2446 3290 2535 3339 τὸν
2562 3285 2780 3354 Πατέρα
2804 3284 3081 3352 φείδεσθαι
3114 3284 3295 3336 αὐτῶν
3346 3283 3450 3346 ἔτι,
3485 3283 3580 3336 καὶ
3636 3284 3713 3351 μὴ
3767 3282 4042 3351 περιελεῖν

2442 3378 2539 3446 τὴν
2570 3378 2725 3446 ἰσχὺν
2751 3376 2953 3439 αὐτῶν,
2992 3376 3130 3430 ἀλλὰ
3160 3376 3517 3444 συγχωρῆσαι
3549 3376 3763 3435 τούτοις
3792 3376 3895 3446 τὴν
3941 3392 4041 3427 κυ-

2443 3472 2697 3540 ριαρχίαν
2727 3469 2822 3522 τοῦ
2856 3468 3172 3536 σύμπαντος
3199 3469 3409 3535 κόσμου
3455 3469 3617 3537 μέχρι
3668 3467 3990 3525 συντελείας
4020 3488 4035 3503 υ

2436 3559 2530 3612 καὶ
2580 3561 2688 3628 γὰρ
2733 3560 2829 3611 καὶ
2873 3561 2965 3611 τὸν
3016 3558 3145 3610 Υἱὸν
3190 3557 3311 3609 κατ’
3364 3560 3537 3627 ἀρχὰς
3589 3562 3668 3618 είς
3703 3558 3793 3609 τὸν
3834 3558 4041 3625 κόσμον

2433 3654 2906 3722 ἀποστελλόμενον
2930 3654 3153 3722 αίτῆσαι
3192 3654 3293 3723 μὲν
3321 3652 3421 3722 τὴν
3451 3652 3691 3720 παντελῆ
3738 3654 4040 3705 κατάλυσιν

2437 3750 2642 3811 αὐτῶν,
2686 3748 2761 3817 μὴ
2793 3747 2977 3799 λαϐεῖν
3001 3747 3057 3799 δὲ
3092 3745 3300 3816 ταύτην
3328 3747 3418 3798 διὰ
3447 3750 3546 3814 τὴν
3571 3745 3887 3813 ἀγαθότῃτα
3938 3744 4037 3796 τοῦ

2437 3841 2674 3912 Πατρός.
2722 3840 2876 3892 Ἐπεὶ
2903 3840 2962 3892 δὲ
2994 3840 3089 3892 καὶ
3120 3838 3220 3908 τὴν
3254 3838 3527 3908 φλυαρίαν
3559 3838 3762 3905 ταύτην
3795 3836 3903 3889 ἀπὸ
3933 3837 4037 3905 τῆς

2434 3935 2701 4000 αἱρέσεως
2735 3934 2844 3988 τῶν
2876 3933 3244 3988 Μασαλιανῶν
3278 3930 3657 4001 μεμαθήκασι,
3706 3930 3943 3998 ζήτησον
3977 3931 4035 3979 ὲν

2430 4030 2510 4098 τῷ
2527 4029 2646 4079 κατ’
2692 4026 2921 4079 ἐκείνων
2956 4025 3121 4095 τίτλῳ
3143 4024 3205 4077 τὸ
3236 4030 3277 4076 ε’
3312 4023 3611 4092 κεφάλαιον
3646 4022 3739 4073 καὶ
3788 4022 3855 4073 τά
3901 4023 4036 4089 ἑφεο

2436 4122 2532 4191 ξῆς
2558 4119 2727 4185 ὀκτὼ,
2760 4119 2856 4172 καὶ
2909 4119 3040 4181 τοὺς
3086 4116 3342 4186 ἐλέγχους
3394 4115 3652 4183 εὑρήσεις
3696 4114 3755 4164 ἐν
3798 4114 4036 4173 ἐκείνοις

2429 4214 2865 4286 άναντιρρήτως.
2901 4212 3135 4282 Εἴρηται
3156 4209 3214 4261 δὲ
3241 4208 3336 4261 καὶ
3374 4207 3638 4277 ἀνωτέρω
3667 4208 3797 4275 περὶ
3826 4206 4034 4258 τούτων

2424 4309 2483 4358 ἐν
2511 4308 2588 4376 τῷ
2626 4306 2691 4375 ιβ’
2730 4303 3015 4375 κεφαλαίῳ
3044 4301 3139 4362 τοῦ
3173 4300 3442 4367 παρόντος
3464 4296 3667 4350 τίτλον.
3705 4297 3904 4349 ’Ὀτιδὲ
3938 4300 4034 4349 καὶ

2430 4399 2558 4462 τοὺς
2588 4400 2853 4467 δαίμονας
2888 4398 3274 4468 ἰσχυροτέρους
3312 4388 3454 4447 εἶναι
3484 4394 3705 4462 λέγουσι
3734 4393 3831 4447 τοῦ
3890 4394 4026 4463 Χρι-

724 4476 853 4529 στοῦ
888 4494 944 4528 τε
984 4477 1203 4529 καὶτοῦ
1237 4479 1394 4545 ἁγίου
1465 4481 1805 4551 Πνεύματος,
1841 4486 1986 4548 τίνος
2044 4489 2146 4540 οὑκ
2178 4490 2244 4542 ἂν
2283 4487 2395 4543 εἶεν
2434 4491 2577 4556 ἄξιοι
2636 4493 2915 4552 κολάσεως
2968 4495 3019 4545 οί
3077 4493 3360 4561 Θεομάχοι,
3412 4496 3509 4545 καὶ
3560 4491 3896 4560 βλάσφημοι,
3936 4490 4032 4540 καὶ

625 4592 637 4601 -
722 4573 1122 4643 προσκυνηταὶ,
1156 4573 1250 4624 καὶ
1301 4575 1637 4642 θεραπευταὶ
1694 4579 1806 4631 τῶν
1864 4581 2169 4650 δαιμόνων,
2230 4587 2325 4637 καὶ
2362 4588 2738 4658 δαιμονιὼδεις
2758 4590 2948 4651 ὅντως,
2983 4591 3075 4641 καὶ
3105 4589 3525 4658 φιλοδαίμονεςς

790 4665 1059 4721 21.ΙΙ;111(;
1091 4670 1220 4719 item
1258 4666 1467 4720 Domini
1524 4685 1710 4724 vocem
1765 4674 1815 4725 in
1851 4674 2153 4744 Ewngcliis
2177 4679 2343 4746 scrip-
2373 4684 2419 4738 D

716 4765 831 4809 tam
874 4767 1157 4812 asserunt:
1189 4758 1349 4812 Omni
1377 4764 1593 4815 ratione
1618 4764 1779 4816 saluti
1806 4776 2003 4821 vestrae
2032 4771 2324 4835 consulite,

714 4848 816 4901 hoc
838 4857 941 4913 est,
978 4849 1124 4902 omni
1157 4860 1275 4903 arte
1324 4860 1379 4904 et
1409 4853 1533 4907 dolo
1565 4856 1888 4911 simulantes
1922 4858 2079 4914 ﬁdem
2128 4878 2319 4918 eorum

711 4940 803 5009 qui
837 4955 933 4993 vos
960 4941 1297 5008 opprimunt,
1333 4955 1549 5001 servate
1579 4963 1673 5001 vos
1701 4962 1731 5001 a
1768 4952 2032 5017 periculo,
2062 4963 2117 5005 et
2146 4966 2321 5010 morte

711 5048 832 5099 qua:
867 5034 1021 5087 vobis
1050 5036 1118 5087 ab
1160 5035 1265 5089 illis
1292 5038 1558 5092 imminet.
1587 5040 1705 5094 lluc
1735 5044 1879 5095 enim
1923 5054 1978 5096 ct
2012 5046 2141 5098 illud
2195 5064 2317 5117 spe-

709 5134 903 5178 ctare:
953 5124 1290 5194 Qua'cunque
1325 5130 1581 5195 dixerint,
1621 5146 1741 5183 cum
1768 5135 2117 5190 simulatione
2156 5142 2318 5193 nimi-

706 5233 825 5268 rum
851 5216 1324 5283 facile,secundum
1362 5238 1517 5288 opera
1553 5236 1729 5277 autem
1760 5226 1995 5292 ipsorum
2030 5232 2189 5283 nolite
2218 5234 2307 5300 {a-

703 5312 880 5372 cere’,
936 5310 986 5361 in
1044 5312 1297 5364 veritate.
1358 5314 1573 5367 Etenim
1628 5318 1800 5385 ipsum
1839 5335 2061 5388 quoque
2125 5325 2309 5379 Domi-

702 5415 827 5451 num
856 5402 1135 5468 discipulis
1151 5417 1335 5471 aperte
1368 5405 1609 5460 luentum
1629 5424 1771 5475 esse,
1806 5411 2103 5470 incredulis
2126 5428 2305 5473 autem

701 5508 750 5542 ιιι
787 5494 1083 5561 parabolis,
1114 5508 1170 5549 ut
1205 5500 1466 5551 increduli
1519 5502 1885 5559 simulationis
1924 5510 2162 5575 speciem
2225 5512 2307 5565 in-

698 5596 909 5641 tuentes
968 5604 1072 5642 non
1135 5592 1350 5660 videant
1402 5594 1450 5645 id
1509 5599 1650 5663 quod
1691 5597 1742 5649 in
1781 5600 2040 5656 cordibus
2088 5608 2300 5664 ‘nostris

698 5681 1029 5733 rcronditum
1053 5693 1158 5749 est,
1190 5696 1242 5738 et
1271 5687 1550 5740 audientes
1567 5704 1669 5741 non
1706 5694 1946 5746 audiant.
1980 5696 2301 5757 Pnraholam

2522 4683 2629 4737 xa'.
2641 4684 2760 4735 Ἔτι
2784 4698 3095 4751 προσεγγες
3109 4684 3307 4753 ράφθαι
3325 4686 3419 4736 καὶ
3432 4684 3633 4749 ταύτην
3647 4682 3694 4732 ἔ)
3707 4699 3797 4749 εγε
3812 4684 3904 4734 τοῦ
3922 4685 4032 4736 Κυ-

2429 4779 2545 4849 ρίου
2582 4769 2790 4847 φωνῆν,
2812 4776 3014 4847 Τρόπῳ
3045 4778 3259 4844 σιλλοητε
3292 4793 3305 4805 ·
3338 4778 3619 4837 τουτέστι,
3658 4776 3811 4828 Μετά
3848 4794 4031 4845 μιχχα⁸

2426 4872 2559 4940 νῆς,
2609 4870 2707 4923 καὶ
2754 4869 2973 4936 ἀπάτης
3036 4870 3465 4938 ὑποκρινόμενοι
3525 4870 3627 4934 τὴν
3678 4869 3865 4919 πίστιν
3912 4870 4030 4922 τῶν

2422 4964 2851 5030 ἀναγκαζόντων
2906 4963 3094 5031 ὑμᾶς,
3162 4964 3254 5013 καὶ
3326 4960 3471 5014 οὕτω
3540 4962 3842 5029 σωζόμενοι
3912 4962 4028 5012 ἀπὸ

2421 5058 2702 5119 κινδύνου,
2734 5058 2829 5109 καὶ
2858 5055 3094 5109 Θανάτου
3134 5055 3228 5107 τοῦ
3280 5055 3413 5123 παρ’
3466 5056 3670 5116 αὑτων,
3729 5057 3807 5107 είς
3862 5053 4028 5106 τοῦτο

2418 5151 2528 5219 γὰρ
2563 5149 2753 5218 φέρειν
2789 5149 2884 5200 καὶ
2907 5148 2987 5212 τὸ,
3019 5149 3178 5200 Ὅσα
3216 5148 3295 5200 ἂν
3323 5148 3580 5199 εἴπωσιν
3624 5145 3768 5215 ὑμῖν
3796 5144 4021 5209 ποιεῖν,

2414 5242 2661 5305 ποιεῖτε,
2697 5242 2753 5292 ὲν
2789 5242 3081 5311 ὑποκρίσει
3113 5240 3399 5309 δηλονότι,
3438 5243 3590 5294 κατὰ
3628 5240 3695 5291 δὲ
3755 5239 3829 5291 τὰ
3872 5239 4026 5306 ἔργα

2410 5332 2612 5387 αὐτῶν
2644 5331 2732 5401 μὴ
2763 5331 3009 5391 ποιεῖτε,
3063 5334 3122 5384 ὲν
3151 5332 3417 5402 ἀληθείᾳο
3461 5332 3556 5384 καὶ
3612 5330 3743 5396 γὰρ*
3774 5330 3869 5380 καὶ
3919 5330 4023 5380 αὐ·

2408 5427 2501 5478 τὸν
2553 5426 2644 5478 τὸν
2692 5425 2898 5494 Κύριον
2938 5429 3050 5488 τοῖς
3115 5428 3213 5495 μὲν
3271 5426 3542 5494 μαῦηταῖς
3576 5422 3753 5492 ὀρθῶς
3808 5421 4021 5483 λαλεῖν,

2414 5525 2526 5582 τοῖς
2562 5521 2619 5571 δὲ
2660 5521 2914 5583 ἀπίστοις
2957 5522 3016 5571 ὲν
3049 5521 3409 5591 παραϐολαῖς,
3476 5518 3567 5570 ἴνα
3619 5516 3915 5586 βλέποντες
3974 5505 4022 5564 οἱ

2413 5614 2631 5667 ἄπιστοι
2662 5614 2722 5667 τὸ
2750 5615 3078 5685 φαινόμενον
3103 5616 3200 5683 τῆς
3251 5614 3593 5683 ὑποκρίσεως
3648 5614 3721 5681 μὴ
3777 5609 4024 5680 βλέπωτι

2413 5710 2474 5761 τὸ
2512 5709 2894 5779 κρυπτόμενον
2930 5711 2990 5763 ὲν
3020 5713 3140 5771 ταῖς
3174 5708 3423 5776 καρδίαις
3461 5706 3638 5776 ἡμῶν,
3679 5701 4025 5757 κιῖάκούον-

770 5887 785 5915 ¹
819 5886 1014 5941 Matth.
1051 5902 1127 5953 ιι,
1165 5888 1251 5943 l5.
1332 5894 1350 5922 ²
1383 5892 1579 5951 Matth.
1612 5913 1807 5963 xxxiii,
1837 5901 1890 5958 5.
