  <div class='ocr_page' id='page_1' title='image "/cluster/home/n/w/nwhite01/storage/ocr_20150623/130/nnc1.0046979603/678.png"; bbox 0 0 4420 6462; ppageno 0'>
   <div class='ocr_carea' id='block_1_1' title="bbox 383 447 528 513">
    <p class='ocr_par' dir='ltr' id='par_1_1' title="bbox 383 447 528 513">
     <span class='ocr_line' id='line_1_1' title="bbox 383 447 528 513; baseline -0.021 0"><span class='ocrx_word' id='word_1_1' title='bbox 383 447 528 513; x_wconf 74' lang='lat'><strong>1317</strong></span> 
     </span>
    </p>
   </div>
   <div class='ocr_carea' id='block_1_2' title="bbox 1312 442 2766 506">
    <p class='ocr_par' dir='ltr' id='par_1_2' title="bbox 1312 442 2766 506">
     <span class='ocr_line' id='line_1_2' title="bbox 1312 442 2766 506; baseline -0.005 0"><span class='ocrx_word' id='word_1_2' title='bbox 1312 446 1682 506; x_wconf 70' lang='lat' dir='ltr'><strong>PANOI‘LIA</strong></span> <span class='ocrx_word' id='word_1_3' title='bbox 1725 443 2185 504; x_wconf 64' lang='lat' dir='ltr'><strong>DOCMATICA.</strong></span> <span class='ocrx_word' id='word_1_4' title='bbox 2225 467 2292 478; x_wconf 87' lang='grc'><strong>-</strong></span> <span class='ocrx_word' id='word_1_5' title='bbox 2327 442 2474 503; x_wconf 81' lang='lat' dir='ltr'><strong>TiT.</strong></span> <span class='ocrx_word' id='word_1_6' title='bbox 2519 443 2766 503; x_wconf 74' lang='lat' dir='ltr'><strong>XXVII.</strong></span> 
     </span>
    </p>
   </div>
   <div class='ocr_carea' id='block_1_3' title="bbox 3523 429 3665 503">
    <p class='ocr_par' dir='ltr' id='par_1_3' title="bbox 3523 429 3665 503">
     <span class='ocr_line' id='line_1_3' title="bbox 3523 429 3665 503; baseline 0.035 -5"><span class='ocrx_word' id='word_1_7' title='bbox 3523 429 3665 503; x_wconf 78' lang='lat'><strong>1318</strong></span> 
     </span>
    </p>
   </div>
   <div class='ocr_carea' id='block_1_4' title="bbox 375 548 2120 632">
    <p class='ocr_par' dir='ltr' id='par_1_4' title="bbox 375 555 2120 632">
     <span class='ocr_line' id='line_1_4' title="bbox 375 555 2120 632; baseline -0.007 -18"><span class='ocrx_word' id='word_1_8' title='bbox 375 581 467 625; x_wconf 89' lang='grc' dir='ltr'><strong>τες</strong></span> <span class='ocrx_word' id='word_1_9' title='bbox 507 565 582 632; x_wconf 85' lang='grc' dir='ltr'>μὴ</span> <span class='ocrx_word' id='word_1_10' title='bbox 621 561 886 625; x_wconf 79' lang='grc' dir='ltr'>ἀκούωσι,</span> <span class='ocrx_word' id='word_1_11' title='bbox 919 558 1242 630; x_wconf 81' lang='grc' dir='ltr'>παραϐολὴν</span> <span class='ocrx_word' id='word_1_12' title='bbox 1269 555 1555 622; x_wconf 80' lang='grc' dir='ltr'><strong>ὀνομάζων</strong></span> <span class='ocrx_word' id='word_1_13' title='bbox 1611 556 1710 625; x_wconf 78' lang='grc' dir='ltr'>τὴν</span> <span class='ocrx_word' id='word_1_14' title='bbox 1757 555 1974 622; x_wconf 79' lang='grc' dir='ltr'>ἀπάτην</span> <span class='ocrx_word' id='word_1_15' title='bbox 2003 561 2049 615; x_wconf 81' lang='grc' dir='ltr'>Α</span> <span class='ocrx_word' id='word_1_16' title='bbox 2078 567 2120 603; x_wconf 85' lang='lat' dir='ltr'><strong>et</strong></span> 
     </span>
    </p>
   </div>
   <div class='ocr_carea' id='block_1_5' title="bbox 1916 548 3661 632">
    <p class='ocr_par' dir='ltr' id='par_1_5' title="bbox 1916 548 3661 622">
     <span class='ocr_line' id='line_1_5' title="bbox 1916 548 3661 622; baseline 0.001 -21"><span class='ocrx_word' id='word_1_17' title='bbox 1916 572 1974 622; x_wconf 75' lang='grc' dir='ltr'><strong>ην</strong></span> <span class='ocrx_word' id='word_1_18' title='bbox 2003 561 2049 615; x_wconf 81' lang='grc' dir='ltr'>Α</span> <span class='ocrx_word' id='word_1_19' title='bbox 2078 551 2244 614; x_wconf 85' lang='lat' dir='ltr'><strong>enim,</strong></span> <span class='ocrx_word' id='word_1_20' title='bbox 2311 551 2584 619; x_wconf 88' lang='lat' dir='ltr'><strong>inquiunt,</strong></span> <span class='ocrx_word' id='word_1_21' title='bbox 2627 548 2859 618; x_wconf 87' lang='lat' dir='ltr'><strong>appellat</strong></span> <span class='ocrx_word' id='word_1_22' title='bbox 2917 549 3097 602; x_wconf 91' lang='lat' dir='ltr'><strong>dolum</strong></span> <span class='ocrx_word' id='word_1_23' title='bbox 3153 556 3207 602; x_wconf 88' lang='lat' dir='ltr'><strong>et</strong></span> <span class='ocrx_word' id='word_1_24' title='bbox 3238 548 3661 603; x_wconf 90' lang='lat' dir='ltr'><strong>simulationem.</strong></span> 
     </span>
    </p>
   </div>
   <div class='ocr_carea' id='block_1_6' title="bbox 377 648 1960 720">
    <p class='ocr_par' dir='ltr' id='par_1_6' title="bbox 377 648 1960 720">
     <span class='ocr_line' id='line_1_6' title="bbox 377 648 1960 720; baseline -0.003 -17"><span class='ocrx_word' id='word_1_25' title='bbox 377 655 471 705; x_wconf 71' lang='grc' dir='ltr'>καὶ</span> <span class='ocrx_word' id='word_1_26' title='bbox 494 654 592 720; x_wconf 75' lang='grc' dir='ltr'>τὴν</span> <span class='ocrx_word' id='word_1_27' title='bbox 623 652 936 719; x_wconf 80' lang='grc' dir='ltr'>ὑπόκρισιν.</span> <span class='ocrx_word' id='word_1_28' title='bbox 979 651 1127 719; x_wconf 79' lang='grc' dir='ltr'><strong>Ἐγὼ</strong></span> <span class='ocrx_word' id='word_1_29' title='bbox 1146 651 1202 703; x_wconf 75' lang='grc' dir='ltr'>δὲ</span> <span class='ocrx_word' id='word_1_30' title='bbox 1233 651 1333 718; x_wconf 86' lang='grc' dir='ltr'><strong>τὴν</strong></span> <span class='ocrx_word' id='word_1_31' title='bbox 1367 649 1548 719; x_wconf 84' lang='grc' dir='ltr'>βίϐλον</span> <span class='ocrx_word' id='word_1_32' title='bbox 1581 648 1688 698; x_wconf 88' lang='grc' dir='ltr'><strong>τῶν</strong></span> <span class='ocrx_word' id='word_1_33' title='bbox 1721 648 1960 712; x_wconf 79' lang='grc' dir='ltr'>Εύαγγε-</span> 
     </span>
    </p>
   </div>
   <div class='ocr_carea' id='block_1_7' title="bbox 373 737 1962 809">
    <p class='ocr_par' dir='ltr' id='par_1_7' title="bbox 373 737 1962 809">
     <span class='ocr_line' id='line_1_7' title="bbox 373 737 1962 809; baseline -0.006 -14"><span class='ocrx_word' id='word_1_34' title='bbox 373 745 502 795; x_wconf 88' lang='grc' dir='ltr'>λίων</span> <span class='ocrx_word' id='word_1_35' title='bbox 538 741 632 795; x_wconf 82' lang='grc' dir='ltr'>τοῦ</span> <span class='ocrx_word' id='word_1_36' title='bbox 666 741 842 794; x_wconf 83' lang='grc' dir='ltr'>ταῦτα</span> <span class='ocrx_word' id='word_1_37' title='bbox 883 741 1226 804; x_wconf 78' lang='grc' dir='ltr'>διδάσκοντος</span> <span class='ocrx_word' id='word_1_38' title='bbox 1258 742 1336 802; x_wconf 82' lang='grc' dir='ltr'>εἰς</span> <span class='ocrx_word' id='word_1_39' title='bbox 1392 741 1581 809; x_wconf 82' lang='grc' dir='ltr'>χεῖρας</span> <span class='ocrx_word' id='word_1_40' title='bbox 1619 737 1818 800; x_wconf 84' lang='grc' dir='ltr'>λαϐὼν,</span> <span class='ocrx_word' id='word_1_41' title='bbox 1867 737 1962 787; x_wconf 77' lang='grc' dir='ltr'>καὶ</span> 
     </span>
    </p>
   </div>
   <div class='ocr_carea' id='block_1_8' title="bbox 374 827 1960 904">
    <p class='ocr_par' dir='ltr' id='par_1_8' title="bbox 374 827 1960 904">
     <span class='ocr_line' id='line_1_8' title="bbox 374 827 1960 904; baseline -0.01 -13"><span class='ocrx_word' id='word_1_42' title='bbox 374 833 865 904; x_wconf 77' lang='grc' dir='ltr'><strong>διερευνησάμενος</strong></span> <span class='ocrx_word' id='word_1_43' title='bbox 892 831 1138 900; x_wconf 84' lang='grc' dir='ltr'>ἀκριϐῶς</span> <span class='ocrx_word' id='word_1_44' title='bbox 1167 830 1290 882; x_wconf 68' lang='grc' dir='ltr'>οὔτε</span> <span class='ocrx_word' id='word_1_45' title='bbox 1328 831 1425 900; x_wconf 77' lang='grc' dir='ltr'>τὴν</span> <span class='ocrx_word' id='word_1_46' title='bbox 1454 831 1561 900; x_wconf 78' lang='grc' dir='ltr'>πρὸ</span> <span class='ocrx_word' id='word_1_47' title='bbox 1609 829 1814 897; x_wconf 78' lang='grc' dir='ltr'><strong>ταύτης</strong></span> <span class='ocrx_word' id='word_1_48' title='bbox 1867 827 1960 893; x_wconf 78' lang='grc' dir='ltr'>δη-</span> 
     </span>
    </p>
   </div>
   <div class='ocr_carea' id='block_1_9' title="bbox 376 920 1963 994">
    <p class='ocr_par' dir='ltr' id='par_1_9' title="bbox 376 920 1963 994">
     <span class='ocr_line' id='line_1_9' title="bbox 376 920 1963 994; baseline -0.003 -18"><span class='ocrx_word' id='word_1_49' title='bbox 376 926 644 977; x_wconf 84' lang='grc' dir='ltr'>λωθεῖσαν</span> <span class='ocrx_word' id='word_1_50' title='bbox 685 922 846 994; x_wconf 77' lang='grc' dir='ltr'>εὗρον</span> <span class='ocrx_word' id='word_1_51' title='bbox 890 924 1096 992; x_wconf 79' lang='grc' dir='ltr'>φωνὴν,</span> <span class='ocrx_word' id='word_1_52' title='bbox 1150 921 1273 974; x_wconf 76' lang='grc' dir='ltr'>οὔτε</span> <span class='ocrx_word' id='word_1_53' title='bbox 1303 923 1402 991; x_wconf 78' lang='grc' dir='ltr'><strong>την</strong></span> <span class='ocrx_word' id='word_1_54' title='bbox 1456 921 1763 990; x_wconf 73' lang='grc' dir='ltr'>παροῦσαν,</span> <span class='ocrx_word' id='word_1_55' title='bbox 1826 920 1963 972; x_wconf 77' lang='grc' dir='ltr'>ἀλλὰ</span> 
     </span>
    </p>
   </div>
   <div class='ocr_carea' id='block_1_10' title="bbox 372 1009 1965 1084">
    <p class='ocr_par' dir='ltr' id='par_1_10' title="bbox 372 1009 1965 1084">
     <span class='ocr_line' id='line_1_10' title="bbox 372 1009 1965 1084; baseline -0.005 -16"><span class='ocrx_word' id='word_1_56' title='bbox 372 1017 597 1068; x_wconf 81' lang='grc' dir='ltr'>τοιαῦτα</span> <span class='ocrx_word' id='word_1_57' title='bbox 643 1011 783 1084; x_wconf 82' lang='grc' dir='ltr'>ἦσαν</span> <span class='ocrx_word' id='word_1_58' title='bbox 843 1015 912 1066; x_wconf 77' lang='grc' dir='ltr'><strong>τά</strong></span> <span class='ocrx_word' id='word_1_59' title='bbox 966 1014 1209 1082; x_wconf 73' lang='grc' dir='ltr'>τέσσαρα</span> <span class='ocrx_word' id='word_1_60' title='bbox 1268 1013 1596 1080; x_wconf 81' lang='grc' dir='ltr'>Εύαγγέλια,</span> <span class='ocrx_word' id='word_1_61' title='bbox 1645 1009 1730 1064; x_wconf 81' lang='grc' dir='ltr'>οἷα</span> <span class='ocrx_word' id='word_1_62' title='bbox 1757 1010 1849 1064; x_wconf 79' lang='grc' dir='ltr'><strong>καὶ</strong></span> <span class='ocrx_word' id='word_1_63' title='bbox 1898 1011 1965 1062; x_wconf 71' lang='grc' dir='ltr'>τὰ</span> 
     </span>
    </p>
   </div>
   <div class='ocr_carea' id='block_1_11' title="bbox 376 1101 1965 1177">
    <p class='ocr_par' dir='ltr' id='par_1_11' title="bbox 376 1101 1965 1177">
     <span class='ocr_line' id='line_1_11' title="bbox 376 1101 1965 1177; baseline -0.004 -19"><span class='ocrx_word' id='word_1_64' title='bbox 376 1108 510 1177; x_wconf 85' lang='grc' dir='ltr'>παρ’</span> <span class='ocrx_word' id='word_1_65' title='bbox 563 1111 697 1176; x_wconf 79' lang='grc' dir='ltr'>ἡμῖν</span> <span class='ocrx_word' id='word_1_66' title='bbox 757 1107 1193 1174; x_wconf 76' lang='grc' dir='ltr'>ἁπαραποιήτως</span> <span class='ocrx_word' id='word_1_67' title='bbox 1244 1106 1459 1172; x_wconf 77' lang='grc' dir='ltr'>ἔχοντα,</span> <span class='ocrx_word' id='word_1_68' title='bbox 1514 1106 1607 1155; x_wconf 82' lang='grc' dir='ltr'><strong>καὶ</strong></span> <span class='ocrx_word' id='word_1_69' title='bbox 1665 1101 1965 1172; x_wconf 81' lang='grc' dir='ltr'>ἀνήγγειλα</span> 
     </span>
    </p>
   </div>
   <div class='ocr_carea' id='block_1_12' title="bbox 376 1194 1966 1269">
    <p class='ocr_par' dir='ltr' id='par_1_12' title="bbox 376 1194 1966 1269">
     <span class='ocr_line' id='line_1_12' title="bbox 376 1194 1966 1269; baseline -0.005 -17"><span class='ocrx_word' id='word_1_70' title='bbox 376 1201 548 1269; x_wconf 82' lang='grc' dir='ltr'>τούτῳ</span> <span class='ocrx_word' id='word_1_71' title='bbox 597 1199 725 1268; x_wconf 77' lang='grc' dir='ltr'>περὶ</span> <span class='ocrx_word' id='word_1_72' title='bbox 749 1198 962 1250; x_wconf 87' lang='grc' dir='ltr'>τούτου.</span> <span class='ocrx_word' id='word_1_73' title='bbox 1005 1196 1062 1250; x_wconf 85' lang='grc' dir='ltr'><strong>Ὀ</strong></span> <span class='ocrx_word' id='word_1_74' title='bbox 1106 1199 1163 1251; x_wconf 83' lang='grc' dir='ltr'>δὲ</span> <span class='ocrx_word' id='word_1_75' title='bbox 1196 1197 1599 1264; x_wconf 73' lang='grc' dir='ltr'><strong>σκυθρωπάσας</strong></span> <span class='ocrx_word' id='word_1_76' title='bbox 1656 1195 1750 1248; x_wconf 75' lang='grc' dir='ltr'>καὶ</span> <span class='ocrx_word' id='word_1_77' title='bbox 1799 1194 1966 1246; x_wconf 82' lang='grc' dir='ltr'>δεινο-</span> 
     </span>
    </p>
   </div>
   <div class='ocr_carea' id='block_1_13' title="bbox 382 1285 1963 1359">
    <p class='ocr_par' dir='ltr' id='par_1_13' title="bbox 382 1285 1963 1359">
     <span class='ocr_line' id='line_1_13' title="bbox 382 1285 1963 1359; baseline -0.004 -17"><span class='ocrx_word' id='word_1_78' title='bbox 382 1292 629 1359; x_wconf 64' lang='grc' dir='ltr'>παθήσας</span> <span class='ocrx_word' id='word_1_79' title='bbox 659 1291 734 1353; x_wconf 79' lang='grc' dir='ltr'>ὡς</span> <span class='ocrx_word' id='word_1_80' title='bbox 763 1290 1125 1359; x_wconf 82' lang='grc' dir='ltr'>ὲ).ηλεγμὲνος</span> <span class='ocrx_word' id='word_1_81' title='bbox 1154 1288 1477 1356; x_wconf 80' lang='grc' dir='ltr'>ὡμολόγησε</span> <span class='ocrx_word' id='word_1_82' title='bbox 1517 1287 1650 1356; x_wconf 88' lang='grc' dir='ltr'>μηδέ</span> <span class='ocrx_word' id='word_1_83' title='bbox 1678 1303 1807 1338; x_wconf 85' lang='grc' dir='ltr'>ποτε</span> <span class='ocrx_word' id='word_1_84' title='bbox 1841 1285 1963 1354; x_wconf 83' lang='grc' dir='ltr'>μηδ’</span> 
     </span>
    </p>
   </div>
   <div class='ocr_carea' id='block_1_14' title="bbox 373 1367 1966 1449">
    <p class='ocr_par' dir='ltr' id='par_1_14' title="bbox 373 1367 1966 1449">
     <span class='ocr_line' id='line_1_14' title="bbox 373 1367 1966 1449; baseline -0.006 -15"><span class='ocrx_word' id='word_1_85' title='bbox 373 1367 536 1442; x_wconf 73' lang='grc' dir='ltr'>αὐτὸς</span> <span class='ocrx_word' id='word_1_86' title='bbox 561 1380 976 1449; x_wconf 76' lang='grc' dir='ltr'><strong>ἐντετυχηκέναι</strong></span> <span class='ocrx_word' id='word_1_87' title='bbox 1014 1381 1135 1439; x_wconf 84' lang='grc' dir='ltr'>ταῖς</span> <span class='ocrx_word' id='word_1_88' title='bbox 1169 1377 1262 1428; x_wconf 84' lang='grc' dir='ltr'><strong>δύο</strong></span> <span class='ocrx_word' id='word_1_89' title='bbox 1294 1377 1518 1436; x_wconf 75' lang='grc' dir='ltr'>ταύταις</span> <span class='ocrx_word' id='word_1_90' title='bbox 1570 1378 1796 1442; x_wconf 81' lang='grc' dir='ltr'><strong>φωναῖς,</strong></span> <span class='ocrx_word' id='word_1_91' title='bbox 1845 1375 1966 1426; x_wconf 78' lang='grc' dir='ltr'>καί·</span> 
     </span>
    </p>
   </div>
   <div class='ocr_carea' id='block_1_15' title="bbox 359 1464 1965 1550">
    <p class='ocr_par' dir='ltr' id='par_1_15' title="bbox 359 1464 1965 1550">
     <span class='ocr_line' id='line_1_15' title="bbox 359 1464 1965 1550; baseline -0.006 -26"><span class='ocrx_word' id='word_1_92' title='bbox 359 1464 456 1550; x_wconf 49' lang='grc' dir='ltr'>ξτοι</span> <span class='ocrx_word' id='word_1_93' title='bbox 487 1472 751 1532; x_wconf 74' lang='grc' dir='ltr'><strong>πολλάκις</strong></span> <span class='ocrx_word' id='word_1_94' title='bbox 792 1469 1190 1536; x_wconf 76' lang='grc' dir='ltr'><strong>ἀναγινώσκων</strong></span> <span class='ocrx_word' id='word_1_95' title='bbox 1226 1469 1287 1519; x_wconf 70' lang='grc' dir='ltr'>τὸ</span> <span class='ocrx_word' id='word_1_96' title='bbox 1317 1467 1674 1533; x_wconf 68' lang='grc' dir='ltr'>Εὐαγγέλιον.</span> <span class='ocrx_word' id='word_1_97' title='bbox 1728 1467 1857 1518; x_wconf 82' lang='grc' dir='ltr'>’Ότε</span> <span class='ocrx_word' id='word_1_98' title='bbox 1885 1467 1965 1529; x_wconf 78' lang='grc' dir='ltr'>δὲ,</span> 
     </span>
    </p>
   </div>
   <div class='ocr_carea' id='block_1_16' title="bbox 354 1555 1967 1632">
    <p class='ocr_par' dir='ltr' id='par_1_16' title="bbox 354 1555 1967 1632">
     <span class='ocr_line' id='line_1_16' title="bbox 354 1555 1967 1632; baseline -0.006 -18"><span class='ocrx_word' id='word_1_99' title='bbox 354 1555 506 1632; x_wconf 77' lang='grc' dir='ltr'><strong>’φησί</strong></span> <span class='ocrx_word' id='word_1_100' title='bbox 529 1603 544 1627; x_wconf 89' lang='grc'><strong>,</strong></span> <span class='ocrx_word' id='word_1_101' title='bbox 580 1562 677 1630; x_wconf 81' lang='grc' dir='ltr'>τὴν</span> <span class='ocrx_word' id='word_1_102' title='bbox 725 1563 1005 1629; x_wconf 73' lang='grc' dir='ltr'>παροῦσαν</span> <span class='ocrx_word' id='word_1_103' title='bbox 1039 1561 1218 1630; x_wconf 81' lang='grc' dir='ltr'>βίϐλον</span> <span class='ocrx_word' id='word_1_104' title='bbox 1242 1559 1348 1610; x_wconf 81' lang='grc' dir='ltr'><strong>τῶν</strong></span> <span class='ocrx_word' id='word_1_105' title='bbox 1380 1559 1729 1625; x_wconf 54' lang='grc' dir='ltr'>Εὐαγγελέων</span> <span class='ocrx_word' id='word_1_106' title='bbox 1763 1559 1967 1623; x_wconf 81' lang='grc' dir='ltr'>ἐξωνη-</span> 
     </span>
    </p>
   </div>
   <div class='ocr_carea' id='block_1_17' title="bbox 376 1648 1964 1723">
    <p class='ocr_par' dir='ltr' id='par_1_17' title="bbox 376 1648 1964 1723">
     <span class='ocr_line' id='line_1_17' title="bbox 376 1648 1964 1723; baseline -0.006 -18"><span class='ocrx_word' id='word_1_107' title='bbox 376 1657 582 1723; x_wconf 77' lang='grc' dir='ltr'>σάμην,</span> <span class='ocrx_word' id='word_1_108' title='bbox 619 1655 911 1722; x_wconf 79' lang='grc' dir='ltr'><strong>ἀπήντησα</strong></span> <span class='ocrx_word' id='word_1_109' title='bbox 950 1653 1171 1720; x_wconf 77' lang='grc' dir='ltr'>γέροντι</span> <span class='ocrx_word' id='word_1_110' title='bbox 1212 1651 1354 1702; x_wconf 79' lang='grc' dir='ltr'>κατά</span> <span class='ocrx_word' id='word_1_111' title='bbox 1381 1668 1503 1702; x_wconf 79' lang='grc' dir='ltr'>τινα</span> <span class='ocrx_word' id='word_1_112' title='bbox 1543 1652 1707 1700; x_wconf 83' lang='grc' dir='ltr'>τόπον</span> <span class='ocrx_word' id='word_1_113' title='bbox 1737 1648 1964 1715; x_wconf 76' lang='grc' dir='ltr'>ἔρημον,</span> 
     </span>
    </p>
   </div>
   <div class='ocr_carea' id='block_1_18' title="bbox 375 1734 1966 1810">
    <p class='ocr_par' dir='ltr' id='par_1_18' title="bbox 375 1734 1966 1810">
     <span class='ocr_line' id='line_1_18' title="bbox 375 1734 1966 1810; baseline -0.005 -10"><span class='ocrx_word' id='word_1_114' title='bbox 375 1748 469 1800; x_wconf 73' lang='grc' dir='ltr'>καὶ</span> <span class='ocrx_word' id='word_1_115' title='bbox 498 1746 730 1807; x_wconf 77' lang='grc' dir='ltr'><strong>καλέσας</strong></span> <span class='ocrx_word' id='word_1_116' title='bbox 767 1746 874 1796; x_wconf 53' lang='lat' dir='ltr'><strong>an?)</strong></span> <span class='ocrx_word' id='word_1_117' title='bbox 903 1744 995 1795; x_wconf 74' lang='grc' dir='ltr'>τοῦ</span> <span class='ocrx_word' id='word_1_118' title='bbox 1028 1744 1293 1804; x_wconf 77' lang='grc' dir='ltr'>ὀνόματος</span> <span class='ocrx_word' id='word_1_119' title='bbox 1315 1734 1450 1794; x_wconf 68' lang='grc' dir='ltr'>ἐἶπέ</span> <span class='ocrx_word' id='word_1_120' title='bbox 1491 1759 1604 1810; x_wconf 89' lang='grc' dir='ltr'>μοι,</span> <span class='ocrx_word' id='word_1_121' title='bbox 1637 1743 1721 1793; x_wconf 79' lang='grc' dir='ltr'>ὅτι</span> <span class='ocrx_word' id='word_1_122' title='bbox 1773 1741 1966 1806; x_wconf 78' lang='grc' dir='ltr'>Μέγαν</span> 
     </span>
    </p>
   </div>
   <div class='ocr_carea' id='block_1_19' title="bbox 375 1830 1966 1904">
    <p class='ocr_par' dir='ltr' id='par_1_19' title="bbox 375 1830 1966 1904">
     <span class='ocr_line' id='line_1_19' title="bbox 375 1830 1966 1904; baseline -0.004 -16"><span class='ocrx_word' id='word_1_123' title='bbox 375 1837 629 1903; x_wconf 73' lang='grc' dir='ltr'>ἐξωνήσω</span> <span class='ocrx_word' id='word_1_124' title='bbox 657 1836 949 1904; x_wconf 72' lang='grc' dir='ltr'>θηταυρόν.</span> <span class='ocrx_word' id='word_1_125' title='bbox 985 1834 1202 1898; x_wconf 81' lang='grc' dir='ltr'>Ταύτην</span> <span class='ocrx_word' id='word_1_126' title='bbox 1252 1837 1360 1901; x_wconf 85' lang='grc' dir='ltr'><strong>γάρ</strong></span> <span class='ocrx_word' id='word_1_127' title='bbox 1397 1834 1565 1902; x_wconf 85' lang='grc' dir='ltr'>μόνην</span> <span class='ocrx_word' id='word_1_128' title='bbox 1625 1835 1725 1901; x_wconf 78' lang='grc' dir='ltr'>τήν</span> <span class='ocrx_word' id='word_1_129' title='bbox 1784 1830 1966 1900; x_wconf 80' lang='grc' dir='ltr'>βίϐλον</span> 
     </span>
    </p>
   </div>
   <div class='ocr_carea' id='block_1_20' title="bbox 2075 638 3667 709">
    <p class='ocr_par' dir='ltr' id='par_1_20' title="bbox 2075 638 3667 709">
     <span class='ocr_line' id='line_1_20' title="bbox 2075 638 3667 709; baseline 0.001 -15"><span class='ocrx_word' id='word_1_130' title='bbox 2075 643 2184 709; x_wconf 79' lang='lat' dir='ltr'><strong>Ego</strong></span> <span class='ocrx_word' id='word_1_131' title='bbox 2214 656 2342 694; x_wconf 84' lang='lat' dir='ltr'><strong>vero</strong></span> <span class='ocrx_word' id='word_1_132' title='bbox 2371 657 2493 694; x_wconf 88' lang='lat' dir='ltr'><strong>cum</strong></span> <span class='ocrx_word' id='word_1_133' title='bbox 2533 640 2949 709; x_wconf 78' lang='lat' dir='ltr'><strong>Evangeliorum</strong></span> <span class='ocrx_word' id='word_1_134' title='bbox 2981 638 3176 691; x_wconf 91' lang='lat' dir='ltr'><strong>librum</strong></span> <span class='ocrx_word' id='word_1_135' title='bbox 3233 640 3391 693; x_wconf 92' lang='lat' dir='ltr'><strong>istius</strong></span> <span class='ocrx_word' id='word_1_136' title='bbox 3431 642 3667 696; x_wconf 83' lang='lat' dir='ltr'><strong>ductoris</strong></span> 
     </span>
    </p>
   </div>
   <div class='ocr_carea' id='block_1_21' title="bbox 2073 728 3668 799">
    <p class='ocr_par' dir='ltr' id='par_1_21' title="bbox 2073 728 3668 799">
     <span class='ocr_line' id='line_1_21' title="bbox 2073 728 3668 799; baseline -0.002 -15"><span class='ocrx_word' id='word_1_137' title='bbox 2073 733 2126 784; x_wconf 91' lang='lat' dir='ltr'><strong>in</strong></span> <span class='ocrx_word' id='word_1_138' title='bbox 2159 744 2354 784; x_wconf 88' lang='lat' dir='ltr'><strong>manus</strong></span> <span class='ocrx_word' id='word_1_139' title='bbox 2385 731 2670 797; x_wconf 82' lang='lat' dir='ltr'><strong>cepissem,</strong></span> <span class='ocrx_word' id='word_1_140' title='bbox 2704 740 2755 781; x_wconf 88' lang='lat' dir='ltr'><strong>et</strong></span> <span class='ocrx_word' id='word_1_141' title='bbox 2786 729 3070 798; x_wconf 79' lang='lat' dir='ltr'><strong>diligenter</strong></span> <span class='ocrx_word' id='word_1_142' title='bbox 3102 728 3453 795; x_wconf 77' lang='lat' dir='ltr'><strong>evolvissem,</strong></span> <span class='ocrx_word' id='word_1_143' title='bbox 3493 745 3668 799; x_wconf 85' lang='lat' dir='ltr'><strong>neque</strong></span> 
     </span>
    </p>
   </div>
   <div class='ocr_carea' id='block_1_22' title="bbox 2070 819 3664 888">
    <p class='ocr_par' dir='ltr' id='par_1_22' title="bbox 2070 819 3664 888">
     <span class='ocr_line' id='line_1_22' title="bbox 2070 819 3664 888; baseline 0.003 -18"><span class='ocrx_word' id='word_1_144' title='bbox 2070 836 2258 874; x_wconf 63' lang='lat' dir='ltr'><strong>Vocem</strong></span> <span class='ocrx_word' id='word_1_145' title='bbox 2296 823 2654 888; x_wconf 77' lang='lat' dir='ltr'><strong>superim-em,</strong></span> <span class='ocrx_word' id='word_1_146' title='bbox 2690 836 2865 888; x_wconf 83' lang='lat' dir='ltr'><strong>neque</strong></span> <span class='ocrx_word' id='word_1_147' title='bbox 2925 820 3063 874; x_wconf 82' lang='lat' dir='ltr'><strong>hanc</strong></span> <span class='ocrx_word' id='word_1_148' title='bbox 3120 820 3317 888; x_wconf 82' lang='lat' dir='ltr'><strong>reperi.</strong></span> <span class='ocrx_word' id='word_1_149' title='bbox 3367 819 3470 873; x_wconf 87' lang='lat' dir='ltr'><strong>Sed</strong></span> <span class='ocrx_word' id='word_1_150' title='bbox 3539 823 3664 875; x_wconf 86' lang='lat' dir='ltr'><strong>talia</strong></span> 
     </span>
    </p>
   </div>
   <div class='ocr_carea' id='block_1_23' title="bbox 2070 912 3664 982">
    <p class='ocr_par' dir='ltr' id='par_1_23' title="bbox 2070 912 3664 982">
     <span class='ocr_line' id='line_1_23' title="bbox 2070 912 3664 982; baseline 0.001 -17"><span class='ocrx_word' id='word_1_151' title='bbox 2070 922 2235 966; x_wconf 79' lang='lat' dir='ltr'><strong>erant</strong></span> <span class='ocrx_word' id='word_1_152' title='bbox 2304 923 2537 982; x_wconf 76' lang='lat' dir='ltr'><strong>quatuor</strong></span> <span class='ocrx_word' id='word_1_153' title='bbox 2581 912 2892 979; x_wconf 76' lang='lat' dir='ltr'><strong>Evangelia,</strong></span> <span class='ocrx_word' id='word_1_154' title='bbox 2948 912 3131 979; x_wconf 78' lang='lat' dir='ltr'><strong>qualia</strong></span> <span class='ocrx_word' id='word_1_155' title='bbox 3185 923 3308 965; x_wconf 88' lang='lat' dir='ltr'><strong>sunt</strong></span> <span class='ocrx_word' id='word_1_156' title='bbox 3375 912 3513 980; x_wconf 81' lang='lat' dir='ltr'><strong>apud</strong></span> <span class='ocrx_word' id='word_1_157' title='bbox 3543 929 3664 977; x_wconf 90' lang='lat' dir='ltr'><strong>nos,</strong></span> 
     </span>
    </p>
   </div>
   <div class='ocr_carea' id='block_1_24' title="bbox 2074 1003 3665 1074">
    <p class='ocr_par' dir='ltr' id='par_1_24' title="bbox 2074 1003 3665 1074">
     <span class='ocr_line' id='line_1_24' title="bbox 2074 1003 3665 1074; baseline -0.002 -16"><span class='ocrx_word' id='word_1_158' title='bbox 2074 1020 2252 1074; x_wconf 86' lang='lat' dir='ltr'><strong>neque</strong></span> <span class='ocrx_word' id='word_1_159' title='bbox 2299 1005 2405 1058; x_wconf 89' lang='lat' dir='ltr'><strong>ulla</strong></span> <span class='ocrx_word' id='word_1_160' title='bbox 2437 1020 2492 1059; x_wconf 92' lang='lat' dir='ltr'><strong>re</strong></span> <span class='ocrx_word' id='word_1_161' title='bbox 2529 1007 2930 1074; x_wconf 77' lang='lat' dir='ltr'><strong>tliscrt-pabant.</strong></span> <span class='ocrx_word' id='word_1_162' title='bbox 2988 1003 3139 1070; x_wconf 83' lang='lat' dir='ltr'><strong>Quod</strong></span> <span class='ocrx_word' id='word_1_163' title='bbox 3186 1020 3307 1056; x_wconf 90' lang='lat' dir='ltr'><strong>cum</strong></span> <span class='ocrx_word' id='word_1_164' title='bbox 3366 1007 3432 1057; x_wconf 90' lang='lat' dir='ltr'><strong>ad</strong></span> <span class='ocrx_word' id='word_1_165' title='bbox 3491 1005 3665 1073; x_wconf 92' lang='lat' dir='ltr'><strong>ipsum</strong></span> 
     </span>
    </p>
   </div>
   <div class='ocr_carea' id='block_1_25' title="bbox 2074 1096 3670 1165">
    <p class='ocr_par' dir='ltr' id='par_1_25' title="bbox 2074 1096 3670 1165">
     <span class='ocr_line' id='line_1_25' title="bbox 2074 1096 3670 1165; baseline 0.003 -17"><span class='ocrx_word' id='word_1_166' title='bbox 2074 1097 2412 1160; x_wconf 88' lang='lat' dir='ltr'><strong>detulissem,</strong></span> <span class='ocrx_word' id='word_1_167' title='bbox 2457 1096 2544 1150; x_wconf 89' lang='lat' dir='ltr'><strong>ille</strong></span> <span class='ocrx_word' id='word_1_168' title='bbox 2571 1099 2762 1159; x_wconf 87' lang='lat' dir='ltr'><strong>tristis,</strong></span> <span class='ocrx_word' id='word_1_169' title='bbox 2826 1106 2881 1150; x_wconf 91' lang='lat' dir='ltr'><strong>et</strong></span> <span class='ocrx_word' id='word_1_170' title='bbox 2919 1111 3029 1148; x_wconf 88' lang='lat' dir='ltr'><strong>rem</strong></span> <span class='ocrx_word' id='word_1_171' title='bbox 3053 1111 3196 1165; x_wconf 67' lang='lat' dir='ltr'><strong>aegre</strong></span> <span class='ocrx_word' id='word_1_172' title='bbox 3255 1096 3452 1159; x_wconf 67' lang='lat' dir='ltr'><strong>ferens,</strong></span> <span class='ocrx_word' id='word_1_173' title='bbox 3481 1109 3670 1165; x_wconf 77' lang='lat' dir='ltr'><strong>utpote</strong></span> 
     </span>
    </p>
   </div>
   <div class='ocr_carea' id='block_1_26' title="bbox 2074 1186 3671 1256">
    <p class='ocr_par' dir='ltr' id='par_1_26' title="bbox 2074 1186 3671 1256">
     <span class='ocr_line' id='line_1_26' title="bbox 2074 1186 3671 1256; baseline -0.001 -15"><span class='ocrx_word' id='word_1_174' title='bbox 2074 1190 2462 1256; x_wconf 81' lang='lat' dir='ltr'><strong>deprehensus,</strong></span> <span class='ocrx_word' id='word_1_175' title='bbox 2494 1189 2773 1242; x_wconf 80' lang='lat' dir='ltr'><strong>confessus</strong></span> <span class='ocrx_word' id='word_1_176' title='bbox 2802 1197 2905 1250; x_wconf 91' lang='lat' dir='ltr'><strong>est,</strong></span> <span class='ocrx_word' id='word_1_177' title='bbox 2951 1202 3018 1240; x_wconf 90' lang='lat' dir='ltr'><strong>ne</strong></span> <span class='ocrx_word' id='word_1_178' title='bbox 3053 1202 3110 1240; x_wconf 90' lang='lat' dir='ltr'><strong>se</strong></span> <span class='ocrx_word' id='word_1_179' title='bbox 3140 1186 3357 1253; x_wconf 74' lang='lat' dir='ltr'><strong>quidem</strong></span> <span class='ocrx_word' id='word_1_180' title='bbox 3410 1191 3544 1240; x_wconf 84' lang='lat' dir='ltr'><strong>duas</strong></span> <span class='ocrx_word' id='word_1_181' title='bbox 3573 1188 3671 1240; x_wconf 86' lang='lat' dir='ltr'><strong>has</strong></span> 
     </span>
    </p>
   </div>
   <div class='ocr_carea' id='block_1_27' title="bbox 2073 1280 3669 1348">
    <p class='ocr_par' dir='ltr' id='par_1_27' title="bbox 2073 1280 3669 1348">
     <span class='ocr_line' id='line_1_27' title="bbox 2073 1280 3669 1348; baseline -0.001 -16"><span class='ocrx_word' id='word_1_182' title='bbox 2073 1297 2256 1345; x_wconf 70' lang='lat' dir='ltr'><strong>voces,</strong></span> <span class='ocrx_word' id='word_1_183' title='bbox 2296 1296 2417 1334; x_wconf 89' lang='lat' dir='ltr'><strong>cum</strong></span> <span class='ocrx_word' id='word_1_184' title='bbox 2449 1296 2592 1347; x_wconf 68' lang='lat' dir='ltr'><strong>saepe</strong></span> <span class='ocrx_word' id='word_1_185' title='bbox 2643 1281 2901 1348; x_wconf 80' lang='lat' dir='ltr'><strong>relcgeret</strong></span> <span class='ocrx_word' id='word_1_186' title='bbox 2932 1280 3303 1346; x_wconf 70' lang='lat' dir='ltr'><strong>Evangc-lium,</strong></span> <span class='ocrx_word' id='word_1_187' title='bbox 3364 1280 3669 1344; x_wconf 80' lang='lat' dir='ltr'><strong>deprehen-</strong></span> 
     </span>
    </p>
   </div>
   <div class='ocr_carea' id='block_1_28' title="bbox 2074 1371 3666 1440">
    <p class='ocr_par' dir='ltr' id='par_1_28' title="bbox 2074 1371 3666 1440">
     <span class='ocr_line' id='line_1_28' title="bbox 2074 1371 3666 1440; baseline -0.001 -16"><span class='ocrx_word' id='word_1_188' title='bbox 2074 1372 2254 1440; x_wconf 61' lang='lat' dir='ltr'><strong>aJisscejz</strong></span> <span class='ocrx_word' id='word_1_189' title='bbox 2292 1373 2396 1426; x_wconf 75' lang='lat' dir='ltr'><strong>Sed</strong></span> <span class='ocrx_word' id='word_1_190' title='bbox 2442 1390 2562 1424; x_wconf 86' lang='lat' dir='ltr'><strong>cum</strong></span> <span class='ocrx_word' id='word_1_191' title='bbox 2598 1373 2789 1424; x_wconf 64' lang='lat' dir='ltr'><strong>librum</strong></span> <span class='ocrx_word' id='word_1_192' title='bbox 2829 1374 2993 1432; x_wconf 78' lang='lat' dir='ltr'><strong>hunc,</strong></span> <span class='ocrx_word' id='word_1_193' title='bbox 3022 1371 3212 1438; x_wconf 81' lang='lat' dir='ltr'><strong>inquit,</strong></span> <span class='ocrx_word' id='word_1_194' title='bbox 3253 1371 3666 1439; x_wconf 74' lang='lat' dir='ltr'><strong>Evangeliorum</strong></span> 
     </span>
    </p>
   </div>
   <div class='ocr_carea' id='block_1_29' title="bbox 2074 1462 3670 1533">
    <p class='ocr_par' dir='ltr' id='par_1_29' title="bbox 2074 1462 3670 1533">
     <span class='ocr_line' id='line_1_29' title="bbox 2074 1462 3670 1533; baseline -0.001 -17"><span class='ocrx_word' id='word_1_195' title='bbox 2074 1466 2200 1527; x_wconf 86' lang='lat' dir='ltr'><strong>emi,</strong></span> <span class='ocrx_word' id='word_1_196' title='bbox 2242 1467 2291 1516; x_wconf 92' lang='lat' dir='ltr'><strong>iu</strong></span> <span class='ocrx_word' id='word_1_197' title='bbox 2342 1467 2576 1533; x_wconf 78' lang='lat' dir='ltr'><strong>qua-lam</strong></span> <span class='ocrx_word' id='word_1_198' title='bbox 2610 1463 2902 1516; x_wconf 87' lang='lat' dir='ltr'><strong>solitudine</strong></span> <span class='ocrx_word' id='word_1_199' title='bbox 2937 1477 3123 1515; x_wconf 82' lang='lat' dir='ltr'><strong>senem</strong></span> <span class='ocrx_word' id='word_1_200' title='bbox 3165 1462 3389 1525; x_wconf 74' lang='lat' dir='ltr'><strong>offendi,</strong></span> <span class='ocrx_word' id='word_1_201' title='bbox 3455 1464 3544 1529; x_wconf 88' lang='lat' dir='ltr'><strong>qui</strong></span> <span class='ocrx_word' id='word_1_202' title='bbox 3582 1478 3670 1514; x_wconf 84' lang='lat' dir='ltr'><strong>me</strong></span> 
     </span>
    </p>
   </div>
   <div class='ocr_carea' id='block_1_30' title="bbox 2078 1553 3666 1623">
    <p class='ocr_par' dir='ltr' id='par_1_30' title="bbox 2078 1553 3666 1623">
     <span class='ocr_line' id='line_1_30' title="bbox 2078 1553 3666 1623; baseline -0.003 -17"><span class='ocrx_word' id='word_1_203' title='bbox 2078 1557 2298 1608; x_wconf 86' lang='lat' dir='ltr'><strong>nomine</strong></span> <span class='ocrx_word' id='word_1_204' title='bbox 2336 1555 2692 1623; x_wconf 81' lang='lat' dir='ltr'><strong>compellans,</strong></span> <span class='ocrx_word' id='word_1_205' title='bbox 2726 1555 2824 1616; x_wconf 70' lang='lat' dir='ltr'><strong>ait,</strong></span> <span class='ocrx_word' id='word_1_206' title='bbox 2885 1567 2967 1604; x_wconf 87' lang='lat' dir='ltr'><strong>me</strong></span> <span class='ocrx_word' id='word_1_207' title='bbox 3025 1553 3338 1605; x_wconf 86' lang='lat' dir='ltr'><strong>thesaurum</strong></span> <span class='ocrx_word' id='word_1_208' title='bbox 3412 1567 3666 1618; x_wconf 72' lang='lat' dir='ltr'><strong>magnum</strong></span> 
     </span>
    </p>
   </div>
   <div class='ocr_carea' id='block_1_31' title="bbox 2074 1646 3670 1715">
    <p class='ocr_par' dir='ltr' id='par_1_31' title="bbox 2074 1646 3670 1715">
     <span class='ocr_line' id='line_1_31' title="bbox 2074 1646 3670 1715; baseline -0.003 -12"><span class='ocrx_word' id='word_1_209' title='bbox 2074 1651 2296 1714; x_wconf 79' lang='lat' dir='ltr'><strong>eruisse,</strong></span> <span class='ocrx_word' id='word_1_210' title='bbox 2331 1650 2474 1702; x_wconf 82' lang='lat' dir='ltr'><strong>illum</strong></span> <span class='ocrx_word' id='word_1_211' title='bbox 2509 1649 2652 1703; x_wconf 89' lang='lat' dir='ltr'><strong>enim</strong></span> <span class='ocrx_word' id='word_1_212' title='bbox 2705 1649 2898 1701; x_wconf 87' lang='lat' dir='ltr'><strong>lihrutn</strong></span> <span class='ocrx_word' id='word_1_213' title='bbox 2939 1649 3115 1702; x_wconf 91' lang='lat' dir='ltr'><strong>solum</strong></span> <span class='ocrx_word' id='word_1_214' title='bbox 3142 1647 3367 1701; x_wconf 80' lang='lat' dir='ltr'><strong>Joannis</strong></span> <span class='ocrx_word' id='word_1_215' title='bbox 3430 1646 3670 1715; x_wconf 74' lang='lat' dir='ltr'><strong>Phryso—</strong></span> 
     </span>
    </p>
   </div>
   <div class='ocr_carea' id='block_1_32' title="bbox 2077 1740 3669 1808">
    <p class='ocr_par' dir='ltr' id='par_1_32' title="bbox 2077 1740 3669 1808">
     <span class='ocr_line' id='line_1_32' title="bbox 2077 1740 3669 1808; baseline -0.003 -14"><span class='ocrx_word' id='word_1_216' title='bbox 2077 1743 2261 1804; x_wconf 82' lang='lat' dir='ltr'><strong>Slomi,</strong></span> <span class='ocrx_word' id='word_1_217' title='bbox 2295 1743 2373 1795; x_wconf 88' lang='lat' dir='ltr'><strong>sic</strong></span> <span class='ocrx_word' id='word_1_218' title='bbox 2409 1743 2553 1795; x_wconf 77' lang='lat' dir='ltr'><strong>enim</strong></span> <span class='ocrx_word' id='word_1_219' title='bbox 2596 1757 2817 1794; x_wconf 84' lang='lat' dir='ltr'><strong>aureum</strong></span> <span class='ocrx_word' id='word_1_220' title='bbox 2870 1741 2994 1793; x_wconf 84' lang='lat' dir='ltr'><strong>illm!</strong></span> <span class='ocrx_word' id='word_1_221' title='bbox 3020 1756 3082 1794; x_wconf 91' lang='lat' dir='ltr'><strong>os</strong></span> <span class='ocrx_word' id='word_1_222' title='bbox 3130 1740 3506 1808; x_wconf 74' lang='lat' dir='ltr'><strong>impuriSsitua:</strong></span> <span class='ocrx_word' id='word_1_223' title='bbox 3537 1741 3669 1793; x_wconf 84' lang='lat' dir='ltr'><strong>isto-</strong></span> 
     </span>
    </p>
   </div>
   <div class='ocr_carea' id='block_1_33' title="bbox 2079 1831 3669 1902">
    <p class='ocr_par' dir='ltr' id='par_1_33' title="bbox 2079 1831 3669 1902">
     <span class='ocr_line' id='line_1_33' title="bbox 2079 1831 3669 1902; baseline -0.001 -18"><span class='ocrx_word' id='word_1_224' title='bbox 2079 1848 2196 1884; x_wconf 90' lang='lat' dir='ltr'><strong>rmn</strong></span> <span class='ocrx_word' id='word_1_225' title='bbox 2226 1834 2419 1900; x_wconf 70' lang='lat' dir='ltr'><strong>lingua,-</strong></span> <span class='ocrx_word' id='word_1_226' title='bbox 2447 1833 2742 1902; x_wconf 86' lang='lat' dir='ltr'><strong>appellant.</strong></span> <span class='ocrx_word' id='word_1_227' title='bbox 2777 1848 2967 1885; x_wconf 90' lang='lat' dir='ltr'><strong>manus</strong></span> <span class='ocrx_word' id='word_1_228' title='bbox 3017 1831 3292 1900; x_wconf 75' lang='lat' dir='ltr'><strong>effugisse,</strong></span> <span class='ocrx_word' id='word_1_229' title='bbox 3325 1841 3380 1882; x_wconf 91' lang='lat' dir='ltr'><strong>et</strong></span> <span class='ocrx_word' id='word_1_230' title='bbox 3403 1832 3541 1886; x_wconf 91' lang='lat' dir='ltr'><strong>duas</strong></span> <span class='ocrx_word' id='word_1_231' title='bbox 3573 1846 3669 1882; x_wconf 75' lang='lat' dir='ltr'><strong>vo-</strong></span> 
     </span>
    </p>
   </div>
   <div class='ocr_carea' id='block_1_34' title="bbox 372 1913 2117 1994">
    <p class='ocr_par' dir='ltr' id='par_1_34' title="bbox 372 1913 2117 1994">
     <span class='ocr_line' id='line_1_34' title="bbox 372 1913 2117 1994; baseline -0.002 -14"><span class='ocrx_word' id='word_1_232' title='bbox 372 1928 738 1994; x_wconf 55' lang='grc' dir='ltr'>διαςυγοῦσαν</span> <span class='ocrx_word' id='word_1_233' title='bbox 772 1927 871 1986; x_wconf 74' lang='grc' dir='ltr'><strong>τὰς</strong></span> <span class='ocrx_word' id='word_1_234' title='bbox 901 1928 1087 1994; x_wconf 74' lang='grc' dir='ltr'>χεῖρας</span> <span class='ocrx_word' id='word_1_235' title='bbox 1131 1926 1381 1978; x_wconf 68' lang='grc' dir='ltr'>Ἰωάννου</span> <span class='ocrx_word' id='word_1_236' title='bbox 1412 1925 1506 1977; x_wconf 78' lang='grc' dir='ltr'>τοῦ</span> <span class='ocrx_word' id='word_1_237' title='bbox 1537 1925 1917 1993; x_wconf 81' lang='grc' dir='ltr'>Φρυσοστόμου</span> <span class='ocrx_word' id='word_1_238' title='bbox 1946 1939 1958 1952; x_wconf 94' lang='grc'><strong>·</strong></span> <span class='ocrx_word' id='word_1_239' title='bbox 1992 1913 2039 1972; x_wconf 83' lang='grc' dir='ltr'><strong>Β</strong></span> <span class='ocrx_word' id='word_1_240' title='bbox 2067 1938 2117 1976; x_wconf 73' lang='lat' dir='ltr'><strong>ce</strong></span> 
     </span>
    </p>
   </div>
   <div class='ocr_carea' id='block_1_35' title="bbox 1924 1913 3669 1994">
    <p class='ocr_par' dir='ltr' id='par_1_35' title="bbox 1946 1913 3669 1992">
     <span class='ocr_line' id='line_1_35' title="bbox 1946 1913 3669 1992; baseline 0.003 -20"><span class='ocrx_word' id='word_1_241' title='bbox 1946 1939 1958 1952; x_wconf 86' lang='lat'><strong>-</strong></span> <span class='ocrx_word' id='word_1_242' title='bbox 1992 1913 2039 1972; x_wconf 88' lang='grc' dir='ltr'><strong>Β</strong></span> <span class='ocrx_word' id='word_1_243' title='bbox 2067 1938 2156 1976; x_wconf 90' lang='lat' dir='ltr'><strong>ces</strong></span> <span class='ocrx_word' id='word_1_244' title='bbox 2177 1938 2238 1976; x_wconf 81' lang='lat' dir='ltr'><strong>ex</strong></span> <span class='ocrx_word' id='word_1_245' title='bbox 2262 1925 2381 1977; x_wconf 90' lang='lat' dir='ltr'><strong>aliis</strong></span> <span class='ocrx_word' id='word_1_246' title='bbox 2410 1924 2716 1991; x_wconf 77' lang='lat' dir='ltr'><strong>Evangeliis</strong></span> <span class='ocrx_word' id='word_1_247' title='bbox 2737 1923 2985 1977; x_wconf 78' lang='lat' dir='ltr'><strong>exclusos</strong></span> <span class='ocrx_word' id='word_1_248' title='bbox 3007 1939 3151 1979; x_wconf 77' lang='lat' dir='ltr'><strong>esse.</strong></span> <span class='ocrx_word' id='word_1_249' title='bbox 3179 1924 3344 1992; x_wconf 89' lang='lat' dir='ltr'><strong>Cujus</strong></span> <span class='ocrx_word' id='word_1_250' title='bbox 3369 1939 3466 1992; x_wconf 73' lang='lat' dir='ltr'><strong>ego</strong></span> <span class='ocrx_word' id='word_1_251' title='bbox 3492 1925 3669 1977; x_wconf 79' lang='lat' dir='ltr'><strong>verbis</strong></span> 
     </span>
    </p>
   </div>
   <div class='ocr_carea' id='block_1_36' title="bbox 372 2015 1964 2087">
    <p class='ocr_par' dir='ltr' id='par_1_36' title="bbox 372 2015 1964 2087">
     <span class='ocr_line' id='line_1_36' title="bbox 372 2015 1964 2087; baseline -0.002 -17"><span class='ocrx_word' id='word_1_252' title='bbox 372 2019 464 2070; x_wconf 81' lang='grc' dir='ltr'><strong>τὸν</strong></span> <span class='ocrx_word' id='word_1_253' title='bbox 521 2019 629 2087; x_wconf 75' lang='grc' dir='ltr'>γὰρ</span> <span class='ocrx_word' id='word_1_254' title='bbox 689 2019 1076 2086; x_wconf 70' lang='grc' dir='ltr'>Χρυσόττομον</span> <span class='ocrx_word' id='word_1_255' title='bbox 1130 2015 1302 2078; x_wconf 71' lang='grc' dir='ltr'>οὕτως</span> <span class='ocrx_word' id='word_1_256' title='bbox 1372 2019 1421 2068; x_wconf 87' lang='grc' dir='ltr'>οἱ</span> <span class='ocrx_word' id='word_1_257' title='bbox 1483 2015 1964 2085; x_wconf 77' lang='grc' dir='ltr'>ἀκαθαρτόστομοι</span> 
     </span>
    </p>
   </div>
   <div class='ocr_carea' id='block_1_37' title="bbox 377 2107 1965 2180">
    <p class='ocr_par' dir='ltr' id='par_1_37' title="bbox 377 2107 1965 2180">
     <span class='ocr_line' id='line_1_37' title="bbox 377 2107 1965 2180; baseline -0.003 -19"><span class='ocrx_word' id='word_1_258' title='bbox 377 2110 824 2180; x_wconf 66' lang='grc' dir='ltr'>προσωνίμαζον·</span> <span class='ocrx_word' id='word_1_259' title='bbox 854 2109 998 2178; x_wconf 78' lang='grc' dir='ltr'>ἔχειν</span> <span class='ocrx_word' id='word_1_260' title='bbox 1032 2107 1494 2178; x_wconf 75' lang='grc' dir='ltr'>ἐγγεγραμμένας</span> <span class='ocrx_word' id='word_1_261' title='bbox 1532 2108 1631 2170; x_wconf 71' lang='grc' dir='ltr'><strong>τὰς</strong></span> <span class='ocrx_word' id='word_1_262' title='bbox 1665 2108 1965 2178; x_wconf 74' lang='grc' dir='ltr'><strong>εἰρημένας</strong></span> 
     </span>
    </p>
   </div>
   <div class='ocr_carea' id='block_1_38' title="bbox 371 2189 1968 2270">
    <p class='ocr_par' dir='ltr' id='par_1_38' title="bbox 371 2189 1968 2270">
     <span class='ocr_line' id='line_1_38' title="bbox 371 2189 1968 2270; baseline -0.001 -16"><span class='ocrx_word' id='word_1_263' title='bbox 371 2202 467 2255; x_wconf 77' lang='grc' dir='ltr'><strong>δύο</strong></span> <span class='ocrx_word' id='word_1_264' title='bbox 498 2189 704 2269; x_wconf 61' lang='grc' dir='ltr'>φωνάς,</span> <span class='ocrx_word' id='word_1_265' title='bbox 753 2201 1116 2270; x_wconf 78' lang='grc' dir='ltr'>ἐκϐληθείσας</span> <span class='ocrx_word' id='word_1_266' title='bbox 1166 2201 1275 2253; x_wconf 74' lang='grc' dir='ltr'><strong>ἀπὸ</strong></span> <span class='ocrx_word' id='word_1_267' title='bbox 1325 2201 1432 2254; x_wconf 89' lang='grc' dir='ltr'><strong>τῶν</strong></span> <span class='ocrx_word' id='word_1_268' title='bbox 1487 2201 1662 2253; x_wconf 83' lang='grc' dir='ltr'>ἄλλων</span> <span class='ocrx_word' id='word_1_269' title='bbox 1723 2200 1968 2268; x_wconf 82' lang='grc' dir='ltr'>Εύαγγε-</span> 
     </span>
    </p>
   </div>
   <div class='ocr_carea' id='block_1_39' title="bbox 372 2291 1966 2359">
    <p class='ocr_par' dir='ltr' id='par_1_39' title="bbox 372 2291 1966 2359">
     <span class='ocr_line' id='line_1_39' title="bbox 372 2291 1966 2359; baseline -0.001 -14"><span class='ocrx_word' id='word_1_270' title='bbox 372 2294 523 2345; x_wconf 80' lang='grc' dir='ltr'>λὶων.</span> <span class='ocrx_word' id='word_1_271' title='bbox 557 2292 860 2355; x_wconf 79' lang='grc' dir='ltr'>Πιστεύσας</span> <span class='ocrx_word' id='word_1_272' title='bbox 885 2296 940 2346; x_wconf 82' lang='grc' dir='ltr'>δὲ</span> <span class='ocrx_word' id='word_1_273' title='bbox 976 2295 1086 2354; x_wconf 81' lang='grc' dir='ltr'>τοῖς</span> <span class='ocrx_word' id='word_1_274' title='bbox 1113 2293 1324 2344; x_wconf 75' lang='grc' dir='ltr'>ἐκείνου</span> <span class='ocrx_word' id='word_1_275' title='bbox 1342 2291 1519 2358; x_wconf 77' lang='grc' dir='ltr'>λόγοις</span> <span class='ocrx_word' id='word_1_276' title='bbox 1547 2292 1675 2359; x_wconf 76' lang='grc' dir='ltr'>ἐγὼ,</span> <span class='ocrx_word' id='word_1_277' title='bbox 1709 2291 1966 2359; x_wconf 77' lang='grc' dir='ltr'><strong>κηρύττω</strong></span> 
     </span>
    </p>
   </div>
   <div class='ocr_carea' id='block_1_40' title="bbox 375 2381 1966 2453">
    <p class='ocr_par' dir='ltr' id='par_1_40' title="bbox 375 2381 1966 2453">
     <span class='ocr_line' id='line_1_40' title="bbox 375 2381 1966 2453; baseline -0.002 -18"><span class='ocrx_word' id='word_1_278' title='bbox 375 2385 468 2435; x_wconf 83' lang='grc' dir='ltr'>καὶ</span> <span class='ocrx_word' id='word_1_279' title='bbox 497 2385 723 2447; x_wconf 85' lang='grc' dir='ltr'>ταύτας,</span> <span class='ocrx_word' id='word_1_280' title='bbox 747 2384 823 2444; x_wconf 84' lang='grc' dir='ltr'>ὡς</span> <span class='ocrx_word' id='word_1_281' title='bbox 853 2386 919 2453; x_wconf 81' lang='grc' dir='ltr'>τῇ</span> <span class='ocrx_word' id='word_1_282' title='bbox 952 2385 1057 2451; x_wconf 72' lang='grc' dir='ltr'><strong>ὲμῇ</strong></span> <span class='ocrx_word' id='word_1_283' title='bbox 1109 2382 1277 2451; x_wconf 76' lang='grc' dir='ltr'>βίϐλῳ</span> <span class='ocrx_word' id='word_1_284' title='bbox 1316 2383 1424 2434; x_wconf 84' lang='grc' dir='ltr'><strong>τῶν</strong></span> <span class='ocrx_word' id='word_1_285' title='bbox 1467 2381 1814 2447; x_wconf 83' lang='grc' dir='ltr'>Εύαγγελίων</span> <span class='ocrx_word' id='word_1_286' title='bbox 1875 2383 1966 2448; x_wconf 76' lang='grc' dir='ltr'><strong>ὲγο</strong></span> 
     </span>
    </p>
   </div>
   <div class='ocr_carea' id='block_1_41' title="bbox 2064 2015 3670 2086">
    <p class='ocr_par' dir='ltr' id='par_1_41' title="bbox 2064 2015 3670 2086">
     <span class='ocr_line' id='line_1_41' title="bbox 2064 2015 3670 2086; baseline -0.001 -18"><span class='ocrx_word' id='word_1_287' title='bbox 2064 2015 2261 2084; x_wconf 87' lang='lat' dir='ltr'><strong>inquit,</strong></span> <span class='ocrx_word' id='word_1_288' title='bbox 2289 2018 2449 2070; x_wconf 83' lang='lat' dir='ltr'><strong>fidem</strong></span> <span class='ocrx_word' id='word_1_289' title='bbox 2491 2019 2720 2080; x_wconf 84' lang='lat' dir='ltr'><strong>habens,</strong></span> <span class='ocrx_word' id='word_1_290' title='bbox 2750 2019 3002 2086; x_wconf 74' lang='lat' dir='ltr'><strong>prtedico,</strong></span> <span class='ocrx_word' id='word_1_291' title='bbox 3035 2017 3170 2069; x_wconf 88' lang='lat' dir='ltr'><strong>duas</strong></span> <span class='ocrx_word' id='word_1_292' title='bbox 3210 2019 3334 2070; x_wconf 83' lang='lat' dir='ltr'><strong>item</strong></span> <span class='ocrx_word' id='word_1_293' title='bbox 3382 2018 3479 2071; x_wconf 89' lang='lat' dir='ltr'><strong>has</strong></span> <span class='ocrx_word' id='word_1_294' title='bbox 3505 2031 3670 2070; x_wconf 81' lang='lat' dir='ltr'><strong>voces</strong></span> 
     </span>
    </p>
   </div>
   <div class='ocr_carea' id='block_1_42' title="bbox 2067 2107 3674 2178">
    <p class='ocr_par' dir='ltr' id='par_1_42' title="bbox 2067 2107 3674 2178">
     <span class='ocr_line' id='line_1_42' title="bbox 2067 2107 3674 2178; baseline -0.001 -19"><span class='ocrx_word' id='word_1_295' title='bbox 2067 2107 2122 2159; x_wconf 88' lang='lat' dir='ltr'><strong>in</strong></span> <span class='ocrx_word' id='word_1_296' title='bbox 2170 2107 2477 2178; x_wconf 77' lang='lat' dir='ltr'><strong>Evangeliis</strong></span> <span class='ocrx_word' id='word_1_297' title='bbox 2508 2109 2746 2177; x_wconf 78' lang='lat' dir='ltr'><strong>scriptas</strong></span> <span class='ocrx_word' id='word_1_298' title='bbox 2779 2124 2921 2164; x_wconf 77' lang='lat' dir='ltr'><strong>CSse.</strong></span> <span class='ocrx_word' id='word_1_299' title='bbox 2970 2108 3060 2162; x_wconf 88' lang='lat' dir='ltr'><strong>llle</strong></span> <span class='ocrx_word' id='word_1_300' title='bbox 3096 2109 3313 2177; x_wconf 87' lang='lat' dir='ltr'><strong>quidem</strong></span> <span class='ocrx_word' id='word_1_301' title='bbox 3367 2108 3505 2161; x_wconf 83' lang='lat' dir='ltr'><strong>hanc</strong></span> <span class='ocrx_word' id='word_1_302' title='bbox 3529 2118 3674 2161; x_wconf 83' lang='lat' dir='ltr'><strong>attu-</strong></span> 
     </span>
    </p>
   </div>
   <div class='ocr_carea' id='block_1_43' title="bbox 2066 2199 3672 2270">
    <p class='ocr_par' dir='ltr' id='par_1_43' title="bbox 2066 2199 3672 2270">
     <span class='ocr_line' id='line_1_43' title="bbox 2066 2199 3672 2270; baseline 0.001 -19"><span class='ocrx_word' id='word_1_303' title='bbox 2066 2199 2128 2251; x_wconf 91' lang='lat' dir='ltr'><strong>lit</strong></span> <span class='ocrx_word' id='word_1_304' title='bbox 2159 2199 2553 2254; x_wconf 82' lang='lat' dir='ltr'><strong>defensionem.</strong></span> <span class='ocrx_word' id='word_1_305' title='bbox 2591 2201 2701 2270; x_wconf 80' lang='lat' dir='ltr'><strong>Ego</strong></span> <span class='ocrx_word' id='word_1_306' title='bbox 2737 2215 2866 2254; x_wconf 83' lang='lat' dir='ltr'><strong>vero</strong></span> <span class='ocrx_word' id='word_1_307' title='bbox 2905 2200 3096 2254; x_wconf 79' lang='lat' dir='ltr'><strong>Statim</strong></span> <span class='ocrx_word' id='word_1_308' title='bbox 3173 2199 3440 2264; x_wconf 72' lang='lat' dir='ltr'><strong>intellexi,</strong></span> <span class='ocrx_word' id='word_1_309' title='bbox 3471 2201 3672 2253; x_wconf 71' lang='lat' dir='ltr'><strong>danun-</strong></span> 
     </span>
    </p>
   </div>
   <div class='ocr_carea' id='block_1_44' title="bbox 2068 2290 3669 2362">
    <p class='ocr_par' dir='ltr' id='par_1_44' title="bbox 2068 2290 3669 2362">
     <span class='ocr_line' id='line_1_44' title="bbox 2068 2290 3669 2362; baseline 0.003 -21"><span class='ocrx_word' id='word_1_310' title='bbox 2068 2305 2189 2343; x_wconf 89' lang='lat' dir='ltr'><strong>nem</strong></span> <span class='ocrx_word' id='word_1_311' title='bbox 2230 2290 2399 2346; x_wconf 88' lang='lat' dir='ltr'><strong>fuisse</strong></span> <span class='ocrx_word' id='word_1_312' title='bbox 2443 2293 2616 2358; x_wconf 91' lang='lat' dir='ltr'><strong>illum,</strong></span> <span class='ocrx_word' id='word_1_313' title='bbox 2649 2292 2738 2362; x_wconf 87' lang='lat' dir='ltr'><strong>qui</strong></span> <span class='ocrx_word' id='word_1_314' title='bbox 2782 2293 2882 2347; x_wconf 85' lang='lat' dir='ltr'><strong>sub</strong></span> <span class='ocrx_word' id='word_1_315' title='bbox 2929 2292 3206 2347; x_wconf 84' lang='lat' dir='ltr'><strong>mendacis</strong></span> <span class='ocrx_word' id='word_1_316' title='bbox 3244 2293 3395 2346; x_wconf 85' lang='lat' dir='ltr'><strong>senis</strong></span> <span class='ocrx_word' id='word_1_317' title='bbox 3432 2307 3669 2362; x_wconf 70' lang='lat' dir='ltr'><strong>persona</strong></span> 
     </span>
    </p>
   </div>
   <div class='ocr_carea' id='block_1_45' title="bbox 2073 2385 2494 2438">
    <p class='ocr_par' dir='ltr' id='par_1_45' title="bbox 2073 2385 2494 2438">
     <span class='ocr_line' id='line_1_45' title="bbox 2073 2385 2494 2438; baseline 0.005 -2"><span class='ocrx_word' id='word_1_318' title='bbox 2073 2385 2280 2437; x_wconf 89' lang='lat' dir='ltr'><strong>locutus</strong></span> <span class='ocrx_word' id='word_1_319' title='bbox 2301 2385 2494 2438; x_wconf 87' lang='lat' dir='ltr'><strong>fuerat.</strong></span> 
     </span>
    </p>
   </div>
   <div class='ocr_carea' id='block_1_46' title="bbox 374 2476 3670 2550">
    <p class='ocr_par' dir='ltr' id='par_1_46' title="bbox 374 2476 3670 2550">
     <span class='ocr_line' id='line_1_46' title="bbox 374 2476 3670 2550; baseline 0 -20"><span class='ocrx_word' id='word_1_320' title='bbox 374 2481 788 2550; x_wconf 82' lang='grc' dir='ltr'>γεγραμμένας.</span> <span class='ocrx_word' id='word_1_321' title='bbox 837 2477 895 2530; x_wconf 81' lang='grc' dir='ltr'>Ὀ</span> <span class='ocrx_word' id='word_1_322' title='bbox 933 2479 1032 2547; x_wconf 78' lang='grc' dir='ltr'>μὲν</span> <span class='ocrx_word' id='word_1_323' title='bbox 1079 2476 1173 2530; x_wconf 82' lang='grc' dir='ltr'><strong>οὖν</strong></span> <span class='ocrx_word' id='word_1_324' title='bbox 1221 2477 1482 2544; x_wconf 87' lang='grc' dir='ltr'>τοιαύτην</span> <span class='ocrx_word' id='word_1_325' title='bbox 1515 2477 1817 2540; x_wconf 74' lang='grc' dir='ltr'>ἐποιήσατο</span> <span class='ocrx_word' id='word_1_326' title='bbox 1873 2477 1971 2545; x_wconf 77' lang='grc' dir='ltr'>τὴν</span> <span class='ocrx_word' id='word_1_327' title='bbox 2012 2478 2336 2546; x_wconf 78' lang='grc' dir='ltr'>ἀπολογίαν,</span> <span class='ocrx_word' id='word_1_328' title='bbox 2405 2477 2517 2546; x_wconf 77' lang='grc' dir='ltr'>ἐγὼ</span> <span class='ocrx_word' id='word_1_329' title='bbox 2579 2480 2637 2532; x_wconf 79' lang='grc' dir='ltr'>δὲ</span> <span class='ocrx_word' id='word_1_330' title='bbox 2673 2480 2882 2550; x_wconf 77' lang='grc' dir='ltr'>συνῆκα</span> <span class='ocrx_word' id='word_1_331' title='bbox 2926 2478 3163 2549; x_wconf 88' lang='grc' dir='ltr'>ταχέως,</span> <span class='ocrx_word' id='word_1_332' title='bbox 3209 2478 3294 2531; x_wconf 84' lang='grc' dir='ltr'>ὅτι</span> <span class='ocrx_word' id='word_1_333' title='bbox 3341 2480 3370 2530; x_wconf 88' lang='grc' dir='ltr'><strong>ό</strong></span> <span class='ocrx_word' id='word_1_334' title='bbox 3426 2477 3670 2531; x_wconf 79' lang='grc' dir='ltr'>Σατανᾶς</span> 
     </span>
    </p>
   </div>
   <div class='ocr_carea' id='block_1_47' title="bbox 373 2571 1690 2644">
    <p class='ocr_par' dir='ltr' id='par_1_47' title="bbox 373 2571 1690 2644">
     <span class='ocr_line' id='line_1_47' title="bbox 373 2571 1690 2644; baseline 0.001 -22"><span class='ocrx_word' id='word_1_335' title='bbox 373 2571 441 2644; x_wconf 72' lang='grc' dir='ltr'>ἦν</span> <span class='ocrx_word' id='word_1_336' title='bbox 470 2575 498 2626; x_wconf 87' lang='grc' dir='ltr'>ὁ</span> <span class='ocrx_word' id='word_1_337' title='bbox 518 2575 606 2624; x_wconf 73' lang='grc' dir='ltr'><strong>τὸν</strong></span> <span class='ocrx_word' id='word_1_338' title='bbox 628 2572 966 2639; x_wconf 77' lang='grc' dir='ltr'>ψευδόγηρον</span> <span class='ocrx_word' id='word_1_339' title='bbox 992 2572 1200 2623; x_wconf 73' lang='grc' dir='ltr'>ἐκεῖνον</span> <span class='ocrx_word' id='word_1_340' title='bbox 1232 2571 1690 2640; x_wconf 72' lang='grc' dir='ltr'>ὑποκρινάμενος.</span> 
     </span>
    </p>
   </div>
   <div class='ocr_carea' id='block_1_48' title="bbox 452 2660 1968 2736">
    <p class='ocr_par' dir='ltr' id='par_1_48' title="bbox 452 2660 1968 2736">
     <span class='ocr_line' id='line_1_48' title="bbox 452 2660 1968 2736; baseline 0.002 -20"><span class='ocrx_word' id='word_1_341' title='bbox 452 2660 801 2732; x_wconf 68' lang='grc' dir='ltr'>κβ’.Λὲγουσι</span> <span class='ocrx_word' id='word_1_342' title='bbox 817 2666 942 2726; x_wconf 86' lang='grc' dir='ltr'>τοὺς</span> <span class='ocrx_word' id='word_1_343' title='bbox 957 2663 1055 2731; x_wconf 86' lang='grc' dir='ltr'>τῆς</span> <span class='ocrx_word' id='word_1_344' title='bbox 1067 2664 1306 2726; x_wconf 84' lang='grc' dir='ltr'>πίστεως</span> <span class='ocrx_word' id='word_1_345' title='bbox 1319 2665 1515 2727; x_wconf 84' lang='grc' dir='ltr'>αὐτῶν,</span> <span class='ocrx_word' id='word_1_346' title='bbox 1534 2666 1678 2727; x_wconf 80' lang='grc' dir='ltr'>ὅσοις</span> <span class='ocrx_word' id='word_1_347' title='bbox 1698 2667 1968 2736; x_wconf 70' lang='grc' dir='ltr'>ἐνοικήσει</span> 
     </span>
    </p>
   </div>
   <div class='ocr_carea' id='block_1_49' title="bbox 377 2755 1963 2825">
    <p class='ocr_par' dir='ltr' id='par_1_49' title="bbox 377 2755 1963 2825">
     <span class='ocr_line' id='line_1_49' title="bbox 377 2755 1963 2825; baseline 0.001 -17"><span class='ocrx_word' id='word_1_348' title='bbox 377 2757 439 2808; x_wconf 79' lang='grc' dir='ltr'><strong>τδ</strong></span> <span class='ocrx_word' id='word_1_349' title='bbox 479 2755 609 2823; x_wconf 79' lang='grc' dir='ltr'>παρ’</span> <span class='ocrx_word' id='word_1_350' title='bbox 639 2757 820 2818; x_wconf 83' lang='grc' dir='ltr'>αὐτοῖς</span> <span class='ocrx_word' id='word_1_351' title='bbox 848 2756 1001 2822; x_wconf 78' lang='grc' dir='ltr'>ἆγιον</span> <span class='ocrx_word' id='word_1_352' title='bbox 1029 2757 1278 2825; x_wconf 81' lang='grc' dir='ltr'><strong>Πνεῦμα,</strong></span> <span class='ocrx_word' id='word_1_353' title='bbox 1314 2756 1522 2819; x_wconf 81' lang='grc' dir='ltr'>πάντας</span> <span class='ocrx_word' id='word_1_354' title='bbox 1555 2759 1842 2820; x_wconf 72' lang='grc' dir='ltr'>θεοτόκους</span> <span class='ocrx_word' id='word_1_355' title='bbox 1867 2761 1963 2812; x_wconf 78' lang='grc' dir='ltr'><strong>καὶ</strong></span> 
     </span>
    </p>
   </div>
   <div class='ocr_carea' id='block_1_50' title="bbox 378 2845 1968 2914">
    <p class='ocr_par' dir='ltr' id='par_1_50' title="bbox 378 2845 1968 2914">
     <span class='ocr_line' id='line_1_50' title="bbox 378 2845 1968 2914; baseline 0.002 -15"><span class='ocrx_word' id='word_1_356' title='bbox 378 2845 540 2912; x_wconf 76' lang='grc' dir='ltr'>εἶναι,</span> <span class='ocrx_word' id='word_1_357' title='bbox 568 2848 660 2898; x_wconf 74' lang='grc' dir='ltr'>καὶ</span> <span class='ocrx_word' id='word_1_358' title='bbox 686 2846 1076 2914; x_wconf 77' lang='grc' dir='ltr'>ὀνομάζεσθαι,</span> <span class='ocrx_word' id='word_1_359' title='bbox 1107 2846 1484 2914; x_wconf 85' lang='grc' dir='ltr'>βαστάσαντας</span> <span class='ocrx_word' id='word_1_360' title='bbox 1517 2849 1610 2899; x_wconf 78' lang='grc' dir='ltr'>καὶ</span> <span class='ocrx_word' id='word_1_361' title='bbox 1651 2848 1846 2910; x_wconf 73' lang='grc' dir='ltr'>αὐτοὺς</span> <span class='ocrx_word' id='word_1_362' title='bbox 1878 2850 1968 2902; x_wconf 57' lang='grc' dir='ltr'><strong>τόν</strong></span> 
     </span>
    </p>
   </div>
   <div class='ocr_carea' id='block_1_51' title="bbox 378 2939 1964 3009">
    <p class='ocr_par' dir='ltr' id='par_1_51' title="bbox 378 2939 1964 3009">
     <span class='ocr_line' id='line_1_51' title="bbox 378 2939 1964 3009; baseline 0.001 -17"><span class='ocrx_word' id='word_1_363' title='bbox 378 2941 548 3006; x_wconf 68' lang='grc' dir='ltr'>Λόγον</span> <span class='ocrx_word' id='word_1_364' title='bbox 578 2939 672 2991; x_wconf 78' lang='grc' dir='ltr'>τοῦ</span> <span class='ocrx_word' id='word_1_365' title='bbox 700 2939 860 3002; x_wconf 74' lang='grc' dir='ltr'>Θεοῦ,</span> <span class='ocrx_word' id='word_1_366' title='bbox 888 2942 981 2991; x_wconf 66' lang='grc' dir='ltr'><strong>καὶ</strong></span> <span class='ocrx_word' id='word_1_367' title='bbox 1011 2942 1378 3009; x_wconf 79' lang='grc' dir='ltr'>γεννήσαντας</span> <span class='ocrx_word' id='word_1_368' title='bbox 1428 2940 1590 2991; x_wconf 78' lang='grc' dir='ltr'>αὑτὸν</span> <span class='ocrx_word' id='word_1_369' title='bbox 1616 2941 1704 2993; x_wconf 71' lang='grc' dir='ltr'><strong>διὰ</strong></span> <span class='ocrx_word' id='word_1_370' title='bbox 1755 2942 1849 2995; x_wconf 80' lang='grc' dir='ltr'>τοῦ</span> <span class='ocrx_word' id='word_1_371' title='bbox 1881 2943 1964 2994; x_wconf 79' lang='grc' dir='ltr'>δι-</span> 
     </span>
    </p>
   </div>
   <div class='ocr_carea' id='block_1_52' title="bbox 375 3027 1962 3097">
    <p class='ocr_par' dir='ltr' id='par_1_52' title="bbox 375 3027 1962 3097">
     <span class='ocr_line' id='line_1_52' title="bbox 375 3027 1962 3097; baseline 0.001 -16"><span class='ocrx_word' id='word_1_372' title='bbox 375 3029 594 3082; x_wconf 74' lang='grc' dir='ltr'>δάσκειν</span> <span class='ocrx_word' id='word_1_373' title='bbox 619 3029 861 3095; x_wconf 80' lang='grc' dir='ltr'>ἑτέρους,</span> <span class='ocrx_word' id='word_1_374' title='bbox 896 3027 991 3079; x_wconf 75' lang='grc' dir='ltr'>καὶ</span> <span class='ocrx_word' id='word_1_375' title='bbox 1048 3028 1213 3097; x_wconf 79' lang='grc' dir='ltr'>μηδὲν</span> <span class='ocrx_word' id='word_1_376' title='bbox 1243 3027 1402 3078; x_wconf 80' lang='grc' dir='ltr'>πλέον</span> <span class='ocrx_word' id='word_1_377' title='bbox 1446 3027 1627 3080; x_wconf 80' lang='grc' dir='ltr'>αὐτῶν</span> <span class='ocrx_word' id='word_1_378' title='bbox 1679 3027 1823 3097; x_wconf 77' lang='grc' dir='ltr'>ἔχειν</span> <span class='ocrx_word' id='word_1_379' title='bbox 1865 3029 1962 3097; x_wconf 79' lang='grc' dir='ltr'><strong>τὴν</strong></span> 
     </span>
    </p>
   </div>
   <div class='ocr_carea' id='block_1_53' title="bbox 378 3116 1958 3189">
    <p class='ocr_par' dir='ltr' id='par_1_53' title="bbox 378 3116 1958 3189">
     <span class='ocr_line' id='line_1_53' title="bbox 378 3116 1958 3189; baseline -0.001 -19"><span class='ocrx_word' id='word_1_380' title='bbox 378 3117 600 3189; x_wconf 70' lang='grc' dir='ltr'>πρώτην</span> <span class='ocrx_word' id='word_1_381' title='bbox 627 3116 910 3170; x_wconf 79' lang='grc' dir='ltr'>Θεοτόκον.</span> <span class='ocrx_word' id='word_1_382' title='bbox 936 3118 1045 3170; x_wconf 72' lang='grc' dir='ltr'><strong>Καὶ</strong></span> <span class='ocrx_word' id='word_1_383' title='bbox 1066 3117 1184 3168; x_wconf 80' lang='grc' dir='ltr'>οὐδὲ</span> <span class='ocrx_word' id='word_1_384' title='bbox 1209 3116 1461 3168; x_wconf 80' lang='grc' dir='ltr'>τοσοῦτον</span> <span class='ocrx_word' id='word_1_385' title='bbox 1485 3116 1616 3182; x_wconf 78' lang='grc' dir='ltr'>γοῦν</span> <span class='ocrx_word' id='word_1_386' title='bbox 1650 3117 1958 3186; x_wconf 70' lang='grc' dir='ltr'>φρονοῦσιν,</span> 
     </span>
    </p>
   </div>
   <div class='ocr_carea' id='block_1_54' title="bbox 2145 2660 3670 2731">
    <p class='ocr_par' dir='ltr' id='par_1_54' title="bbox 2145 2660 3670 2731">
     <span class='ocr_line' id='line_1_54' title="bbox 2145 2660 3670 2731; baseline 0.005 -19"><span class='ocrx_word' id='word_1_387' title='bbox 2145 2662 2310 2716; x_wconf 80' lang='lat' dir='ltr'><strong>Aiunt</strong></span> <span class='ocrx_word' id='word_1_388' title='bbox 2359 2678 2488 2717; x_wconf 89' lang='lat' dir='ltr'><strong>suos</strong></span> <span class='ocrx_word' id='word_1_389' title='bbox 2542 2677 2750 2728; x_wconf 84' lang='lat' dir='ltr'><strong>mmtes,</strong></span> <span class='ocrx_word' id='word_1_390' title='bbox 2804 2662 2856 2716; x_wconf 91' lang='lat' dir='ltr'><strong>in</strong></span> <span class='ocrx_word' id='word_1_391' title='bbox 2897 2662 3094 2731; x_wconf 89' lang='lat' dir='ltr'><strong>quibus</strong></span> <span class='ocrx_word' id='word_1_392' title='bbox 3145 2660 3386 2730; x_wconf 86' lang='lat' dir='ltr'><strong>Spiritus</strong></span> <span class='ocrx_word' id='word_1_393' title='bbox 3445 2675 3670 2720; x_wconf 87' lang='lat' dir='ltr'><strong>sanctus</strong></span> 
     </span>
    </p>
   </div>
   <div class='ocr_carea' id='block_1_55' title="bbox 2071 2753 3669 2822">
    <p class='ocr_par' dir='ltr' id='par_1_55' title="bbox 2071 2753 3669 2822">
     <span class='ocr_line' id='line_1_55' title="bbox 2071 2753 3669 2822; baseline 0.002 -17"><span class='ocrx_word' id='word_1_394' title='bbox 2071 2753 2297 2814; x_wconf 87' lang='lat' dir='ltr'><strong>habitat,</strong></span> <span class='ocrx_word' id='word_1_395' title='bbox 2347 2753 2438 2806; x_wconf 89' lang='lat' dir='ltr'><strong>Dei</strong></span> <span class='ocrx_word' id='word_1_396' title='bbox 2475 2765 2728 2821; x_wconf 79' lang='lat' dir='ltr'><strong>parentes</strong></span> <span class='ocrx_word' id='word_1_397' title='bbox 2749 2762 2801 2806; x_wconf 91' lang='lat' dir='ltr'><strong>et</strong></span> <span class='ocrx_word' id='word_1_398' title='bbox 2833 2767 2978 2806; x_wconf 84' lang='lat' dir='ltr'><strong>esse.</strong></span> <span class='ocrx_word' id='word_1_399' title='bbox 3012 2763 3067 2807; x_wconf 88' lang='lat' dir='ltr'><strong>et</strong></span> <span class='ocrx_word' id='word_1_400' title='bbox 3107 2753 3375 2806; x_wconf 88' lang='lat' dir='ltr'><strong>nominari</strong></span> <span class='ocrx_word' id='word_1_401' title='bbox 3411 2767 3534 2806; x_wconf 88' lang='lat' dir='ltr'><strong>cum</strong></span> <span class='ocrx_word' id='word_1_402' title='bbox 3565 2755 3669 2822; x_wconf 89' lang='lat' dir='ltr'><strong>ipsi</strong></span> 
     </span>
    </p>
   </div>
   <div class='ocr_carea' id='block_1_56' title="bbox 2067 2842 3667 2914">
    <p class='ocr_par' dir='ltr' id='par_1_56' title="bbox 2067 2842 3667 2914">
     <span class='ocr_line' id='line_1_56' title="bbox 2067 2842 3667 2914; baseline 0.001 -17"><span class='ocrx_word' id='word_1_403' title='bbox 2067 2859 2281 2914; x_wconf 88' lang='lat' dir='ltr'><strong>quoque</strong></span> <span class='ocrx_word' id='word_1_404' title='bbox 2318 2844 2407 2897; x_wconf 90' lang='lat' dir='ltr'><strong>Dei</strong></span> <span class='ocrx_word' id='word_1_405' title='bbox 2447 2842 2681 2897; x_wconf 86' lang='lat' dir='ltr'><strong>Verbum</strong></span> <span class='ocrx_word' id='word_1_406' title='bbox 2721 2845 3054 2912; x_wconf 81' lang='lat' dir='ltr'><strong>concipiant,</strong></span> <span class='ocrx_word' id='word_1_407' title='bbox 3093 2853 3148 2896; x_wconf 89' lang='lat' dir='ltr'><strong>et</strong></span> <span class='ocrx_word' id='word_1_408' title='bbox 3182 2845 3234 2896; x_wconf 91' lang='lat' dir='ltr'><strong>iu</strong></span> <span class='ocrx_word' id='word_1_409' title='bbox 3267 2858 3424 2897; x_wconf 90' lang='lat' dir='ltr'><strong>utero</strong></span> <span class='ocrx_word' id='word_1_410' title='bbox 3454 2856 3667 2914; x_wconf 81' lang='lat' dir='ltr'><strong>gerant,</strong></span> 
     </span>
    </p>
   </div>
   <div class='ocr_carea' id='block_1_57' title="bbox 2064 2924 3669 3008">
    <p class='ocr_par' dir='ltr' id='par_1_57' title="bbox 2064 2924 3669 3008">
     <span class='ocr_line' id='line_1_57' title="bbox 2064 2924 3669 3008; baseline 0.001 -17"><span class='ocrx_word' id='word_1_411' title='bbox 2064 2950 2233 3008; x_wconf 84' lang='lat' dir='ltr'><strong>atque</strong></span> <span class='ocrx_word' id='word_1_412' title='bbox 2321 2940 2483 2990; x_wconf 86' lang='lat' dir='ltr'><strong>etiam</strong></span> <span class='ocrx_word' id='word_1_413' title='bbox 2539 2937 2754 3005; x_wconf 80' lang='lat' dir='ltr'><strong>pariant</strong></span> <span class='ocrx_word' id='word_1_414' title='bbox 2811 2939 2938 2990; x_wconf 87' lang='lat' dir='ltr'><strong>dum</strong></span> <span class='ocrx_word' id='word_1_415' title='bbox 2981 2937 3114 2989; x_wconf 81' lang='lat' dir='ltr'><strong>alios</strong></span> <span class='ocrx_word' id='word_1_416' title='bbox 3171 2938 3384 2990; x_wconf 86' lang='lat' dir='ltr'><strong>docent.</strong></span> <span class='ocrx_word' id='word_1_417' title='bbox 3427 2936 3489 2988; x_wconf 75' lang='lat' dir='ltr'><strong>Et</strong></span> <span class='ocrx_word' id='word_1_418' title='bbox 3531 2924 3669 2992; x_wconf 90' lang='lat' dir='ltr'><strong>nihil</strong></span> 
     </span>
    </p>
   </div>
   <div class='ocr_carea' id='block_1_58' title="bbox 2069 3029 3666 3098">
    <p class='ocr_par' dir='ltr' id='par_1_58' title="bbox 2069 3029 3666 3098">
     <span class='ocr_line' id='line_1_58' title="bbox 2069 3029 3666 3098; baseline 0 -14"><span class='ocrx_word' id='word_1_419' title='bbox 2069 3031 2320 3098; x_wconf 85' lang='lat' dir='ltr'><strong>amplius,</strong></span> <span class='ocrx_word' id='word_1_420' title='bbox 2353 3046 2512 3096; x_wconf 77' lang='lat' dir='ltr'><strong>quam</strong></span> <span class='ocrx_word' id='word_1_421' title='bbox 2569 3029 2669 3097; x_wconf 84' lang='lat' dir='ltr'><strong>ipsi</strong></span> <span class='ocrx_word' id='word_1_422' title='bbox 2709 3029 2961 3092; x_wconf 84' lang='lat' dir='ltr'><strong>habeant,</strong></span> <span class='ocrx_word' id='word_1_423' title='bbox 3001 3029 3202 3082; x_wconf 88' lang='lat' dir='ltr'><strong>habere</strong></span> <span class='ocrx_word' id='word_1_424' title='bbox 3259 3030 3489 3098; x_wconf 77' lang='lat' dir='ltr'><strong>primani</strong></span> <span class='ocrx_word' id='word_1_425' title='bbox 3521 3031 3666 3084; x_wconf 86' lang='lat' dir='ltr'><strong>illam</strong></span> 
     </span>
    </p>
   </div>
   <div class='ocr_carea' id='block_1_59' title="bbox 2075 3120 3672 3185">
    <p class='ocr_par' dir='ltr' id='par_1_59' title="bbox 2075 3120 3672 3185">
     <span class='ocr_line' id='line_1_59' title="bbox 2075 3120 3672 3185; baseline -0.001 -9"><span class='ocrx_word' id='word_1_426' title='bbox 2075 3123 2166 3176; x_wconf 89' lang='lat' dir='ltr'><strong>Det</strong></span> <span class='ocrx_word' id='word_1_427' title='bbox 2201 3120 2568 3176; x_wconf 88' lang='lat' dir='ltr'><strong>Genitrieem.</strong></span> <span class='ocrx_word' id='word_1_428' title='bbox 2637 3121 2747 3175; x_wconf 78' lang='lat' dir='ltr'><strong>Nec</strong></span> <span class='ocrx_word' id='word_1_429' title='bbox 2787 3130 2994 3174; x_wconf 89' lang='lat' dir='ltr'><strong>tantum</strong></span> <span class='ocrx_word' id='word_1_430' title='bbox 3037 3122 3237 3174; x_wconf 89' lang='lat' dir='ltr'><strong>habent</strong></span> <span class='ocrx_word' id='word_1_431' title='bbox 3268 3125 3480 3185; x_wconf 89' lang='lat' dir='ltr'><strong>mentis,</strong></span> <span class='ocrx_word' id='word_1_432' title='bbox 3508 3134 3564 3176; x_wconf 92' lang='lat' dir='ltr'><strong>ut</strong></span> <span class='ocrx_word' id='word_1_433' title='bbox 3594 3125 3672 3178; x_wconf 92' lang='lat' dir='ltr'><strong>in.</strong></span> 
     </span>
    </p>
   </div>
   <div class='ocr_carea' id='block_1_60' title="bbox 375 3208 2120 3282">
    <p class='ocr_par' dir='ltr' id='par_1_60' title="bbox 375 3208 2120 3278">
     <span class='ocr_line' id='line_1_60' title="bbox 375 3208 2120 3278; baseline -0.001 -16"><span class='ocrx_word' id='word_1_434' title='bbox 375 3210 499 3262; x_wconf 81' lang='grc' dir='ltr'>ὅσον</span> <span class='ocrx_word' id='word_1_435' title='bbox 523 3211 723 3262; x_wconf 76' lang='grc' dir='ltr'>εἰδέναι</span> <span class='ocrx_word' id='word_1_436' title='bbox 749 3210 1012 3278; x_wconf 72' lang='grc' dir='ltr'>διαφορὰν</span> <span class='ocrx_word' id='word_1_437' title='bbox 1037 3210 1403 3262; x_wconf 80' lang='grc' dir='ltr'>ὲνυποστάτου</span> <span class='ocrx_word' id='word_1_438' title='bbox 1439 3210 1534 3261; x_wconf 75' lang='grc' dir='ltr'>καὶ</span> <span class='ocrx_word' id='word_1_439' title='bbox 1555 3208 1755 3272; x_wconf 77' lang='grc' dir='ltr'>ζῶντος</span> <span class='ocrx_word' id='word_1_440' title='bbox 1792 3210 1966 3277; x_wconf 80' lang='grc' dir='ltr'>Λόγου</span> <span class='ocrx_word' id='word_1_441' title='bbox 1995 3220 2038 3277; x_wconf 83' lang='lat' dir='ltr'>c</span> <span class='ocrx_word' id='word_1_442' title='bbox 2075 3223 2120 3267; x_wconf 78' lang='lat' dir='ltr'><strong>te</strong></span> 
     </span>
    </p>
   </div>
   <div class='ocr_carea' id='block_1_61' title="bbox 1923 3208 3668 3282">
    <p class='ocr_par' dir='ltr' id='par_1_61' title="bbox 1923 3212 3668 3282">
     <span class='ocr_line' id='line_1_61' title="bbox 1923 3212 3668 3282; baseline 0.005 -21"><span class='ocrx_word' id='word_1_443' title='bbox 1923 3228 1966 3262; x_wconf 78' lang='grc' dir='ltr'>›υ</span> <span class='ocrx_word' id='word_1_444' title='bbox 1995 3220 2038 3277; x_wconf 86' lang='lat' dir='ltr'>c</span> <span class='ocrx_word' id='word_1_445' title='bbox 2075 3213 2315 3280; x_wconf 78' lang='lat' dir='ltr'><strong>telligere</strong></span> <span class='ocrx_word' id='word_1_446' title='bbox 2343 3213 2578 3277; x_wconf 72' lang='lat' dir='ltr'><strong>Valeant,</strong></span> <span class='ocrx_word' id='word_1_447' title='bbox 2611 3213 2737 3282; x_wconf 87' lang='lat' dir='ltr'><strong>quid</strong></span> <span class='ocrx_word' id='word_1_448' title='bbox 2762 3214 2976 3267; x_wconf 88' lang='lat' dir='ltr'><strong>intersit</strong></span> <span class='ocrx_word' id='word_1_449' title='bbox 3014 3213 3154 3268; x_wconf 89' lang='lat' dir='ltr'><strong>inter</strong></span> <span class='ocrx_word' id='word_1_450' title='bbox 3202 3212 3442 3268; x_wconf 73' lang='lat' dir='ltr'><strong>Verbum</strong></span> <span class='ocrx_word' id='word_1_451' title='bbox 3477 3215 3529 3269; x_wconf 92' lang='lat' dir='ltr'><strong>in</strong></span> <span class='ocrx_word' id='word_1_452' title='bbox 3569 3231 3668 3270; x_wconf 79' lang='lat' dir='ltr'><strong>sua</strong></span> 
     </span>
    </p>
   </div>
   <div class='ocr_carea' id='block_1_62' title="bbox 377 3301 1964 3371">
    <p class='ocr_par' dir='ltr' id='par_1_62' title="bbox 377 3301 1964 3371">
     <span class='ocr_line' id='line_1_62' title="bbox 377 3301 1964 3371; baseline 0.001 -18"><span class='ocrx_word' id='word_1_453' title='bbox 377 3303 562 3362; x_wconf 80' lang='grc' dir='ltr'>ἁπλῶς</span> <span class='ocrx_word' id='word_1_454' title='bbox 629 3302 789 3370; x_wconf 81' lang='grc' dir='ltr'>λόγου</span> <span class='ocrx_word' id='word_1_455' title='bbox 835 3301 1193 3371; x_wconf 80' lang='grc' dir='ltr'>προφορικοῦ,</span> <span class='ocrx_word' id='word_1_456' title='bbox 1241 3302 1328 3354; x_wconf 82' lang='grc' dir='ltr'><strong>ἵνα</strong></span> <span class='ocrx_word' id='word_1_457' title='bbox 1384 3301 1840 3371; x_wconf 87' lang='grc' dir='ltr'>παραδράμωμεν</span> <span class='ocrx_word' id='word_1_458' title='bbox 1895 3303 1964 3355; x_wconf 85' lang='grc' dir='ltr'><strong>τὰ</strong></span> 
     </span>
    </p>
   </div>
   <div class='ocr_carea' id='block_1_63' title="bbox 378 3393 1964 3464">
    <p class='ocr_par' dir='ltr' id='par_1_63' title="bbox 378 3393 1964 3464">
     <span class='ocr_line' id='line_1_63' title="bbox 378 3393 1964 3464; baseline 0.001 -19"><span class='ocrx_word' id='word_1_459' title='bbox 378 3394 517 3446; x_wconf 70' lang='grc' dir='ltr'>κατὰ</span> <span class='ocrx_word' id='word_1_460' title='bbox 574 3393 674 3463; x_wconf 84' lang='grc' dir='ltr'><strong>τὴν</strong></span> <span class='ocrx_word' id='word_1_461' title='bbox 731 3394 933 3464; x_wconf 88' lang='grc' dir='ltr'>κυρίως</span> <span class='ocrx_word' id='word_1_462' title='bbox 991 3393 1253 3446; x_wconf 82' lang='grc' dir='ltr'>Θεοτόκον</span> <span class='ocrx_word' id='word_1_463' title='bbox 1309 3393 1513 3462; x_wconf 83' lang='grc' dir='ltr'>φρικτὰ</span> <span class='ocrx_word' id='word_1_464' title='bbox 1557 3395 1652 3446; x_wconf 81' lang='grc' dir='ltr'>καὶ</span> <span class='ocrx_word' id='word_1_465' title='bbox 1687 3393 1964 3463; x_wconf 79' lang='grc' dir='ltr'>παράδοξα</span> 
     </span>
    </p>
   </div>
   <div class='ocr_carea' id='block_1_64' title="bbox 379 3485 683 3555">
    <p class='ocr_par' dir='ltr' id='par_1_64' title="bbox 379 3485 683 3555">
     <span class='ocr_line' id='line_1_64' title="bbox 379 3485 683 3555; baseline 0.003 -17"><span class='ocrx_word' id='word_1_466' title='bbox 379 3485 683 3555; x_wconf 81' lang='grc' dir='ltr'>μυστήρια.</span> 
     </span>
    </p>
   </div>
   <div class='ocr_carea' id='block_1_65' title="bbox 463 3577 1965 3650">
    <p class='ocr_par' dir='ltr' id='par_1_65' title="bbox 463 3577 1965 3650">
     <span class='ocr_line' id='line_1_65' title="bbox 463 3577 1965 3650; baseline 0.002 -19"><span class='ocrx_word' id='word_1_467' title='bbox 463 3579 698 3646; x_wconf 83' lang='grc' dir='ltr'>Λέγουσι</span> <span class='ocrx_word' id='word_1_468' title='bbox 754 3579 881 3641; x_wconf 84' lang='grc' dir='ltr'>τοὺς</span> <span class='ocrx_word' id='word_1_469' title='bbox 939 3578 1214 3640; x_wconf 79' lang='grc' dir='ltr'>τοιούτους</span> <span class='ocrx_word' id='word_1_470' title='bbox 1264 3577 1338 3648; x_wconf 79' lang='grc' dir='ltr'><strong>μὴ</strong></span> <span class='ocrx_word' id='word_1_471' title='bbox 1394 3579 1781 3650; x_wconf 81' lang='grc' dir='ltr'>ἀποθνήσκειν,</span> <span class='ocrx_word' id='word_1_472' title='bbox 1828 3580 1965 3635; x_wconf 83' lang='grc' dir='ltr'><strong>ἀλλὰ</strong></span> 
     </span>
    </p>
   </div>
   <div class='ocr_carea' id='block_1_66' title="bbox 380 3669 1965 3740">
    <p class='ocr_par' dir='ltr' id='par_1_66' title="bbox 380 3669 1965 3740">
     <span class='ocr_line' id='line_1_66' title="bbox 380 3669 1965 3740; baseline 0 -16"><span class='ocrx_word' id='word_1_473' title='bbox 380 3670 767 3737; x_wconf 75' lang='grc' dir='ltr'>μεθίστασθαι,</span> <span class='ocrx_word' id='word_1_474' title='bbox 792 3670 1046 3740; x_wconf 77' lang='grc' dir='ltr'>καθάπερ</span> <span class='ocrx_word' id='word_1_475' title='bbox 1077 3671 1136 3722; x_wconf 82' lang='grc' dir='ltr'>ὲν</span> <span class='ocrx_word' id='word_1_476' title='bbox 1165 3669 1409 3740; x_wconf 82' lang='grc' dir='ltr'>ὖπνῳ,τδ</span> <span class='ocrx_word' id='word_1_477' title='bbox 1435 3672 1661 3740; x_wconf 82' lang='grc' dir='ltr'>πήλινον</span> <span class='ocrx_word' id='word_1_478' title='bbox 1692 3673 1839 3726; x_wconf 77' lang='grc' dir='ltr'>τουτὶ</span> <span class='ocrx_word' id='word_1_479' title='bbox 1869 3677 1965 3726; x_wconf 79' lang='grc' dir='ltr'>καὶ</span> 
     </span>
    </p>
   </div>
   <div class='ocr_carea' id='block_1_67' title="bbox 379 3763 1966 3836">
    <p class='ocr_par' dir='ltr' id='par_1_67' title="bbox 379 3763 1966 3836">
     <span class='ocr_line' id='line_1_67' title="bbox 379 3763 1966 3836; baseline 0.001 -18"><span class='ocrx_word' id='word_1_480' title='bbox 379 3766 637 3836; x_wconf 76' lang='grc' dir='ltr'>σάρκινον</span> <span class='ocrx_word' id='word_1_481' title='bbox 663 3763 1011 3835; x_wconf 74' lang='grc' dir='ltr'>περιϐόλαιον</span> <span class='ocrx_word' id='word_1_482' title='bbox 1059 3764 1276 3826; x_wconf 83' lang='grc' dir='ltr'><strong>ἀπόνως</strong></span> <span class='ocrx_word' id='word_1_483' title='bbox 1313 3764 1698 3834; x_wconf 83' lang='grc' dir='ltr'>ὲκδυομένους,</span> <span class='ocrx_word' id='word_1_484' title='bbox 1751 3768 1848 3820; x_wconf 65' lang='grc' dir='ltr'><strong>καὶ⁵</strong></span> <span class='ocrx_word' id='word_1_485' title='bbox 1868 3767 1966 3836; x_wconf 81' lang='grc' dir='ltr'>τὴν</span> 
     </span>
    </p>
   </div>
   <div class='ocr_carea' id='block_1_68' title="bbox 377 3855 1963 3930">
    <p class='ocr_par' dir='ltr' id='par_1_68' title="bbox 377 3855 1963 3930">
     <span class='ocr_line' id='line_1_68' title="bbox 377 3855 1963 3930; baseline -0.002 -17"><span class='ocrx_word' id='word_1_486' title='bbox 377 3859 654 3930; x_wconf 76' lang='grc' dir='ltr'>ἄφθαρτον</span> <span class='ocrx_word' id='word_1_487' title='bbox 691 3856 786 3910; x_wconf 82' lang='grc' dir='ltr'>καὶ</span> <span class='ocrx_word' id='word_1_488' title='bbox 811 3856 963 3910; x_wconf 87' lang='grc' dir='ltr'>θείαν</span> <span class='ocrx_word' id='word_1_489' title='bbox 985 3855 1078 3910; x_wconf 79' lang='grc' dir='ltr'>τοῦ</span> <span class='ocrx_word' id='word_1_490' title='bbox 1105 3855 1346 3928; x_wconf 82' lang='grc' dir='ltr'>Χριστοῦ</span> <span class='ocrx_word' id='word_1_491' title='bbox 1365 3856 1558 3927; x_wconf 81' lang='grc' dir='ltr'>στολὴν</span> <span class='ocrx_word' id='word_1_492' title='bbox 1587 3857 1963 3929; x_wconf 74' lang='grc' dir='ltr'>ἐνδυομένους,</span> 
     </span>
    </p>
   </div>
   <div class='ocr_carea' id='block_1_69' title="bbox 376 3948 1965 4020">
    <p class='ocr_par' dir='ltr' id='par_1_69' title="bbox 376 3948 1965 4020">
     <span class='ocr_line' id='line_1_69' title="bbox 376 3948 1965 4020; baseline -0.001 -16"><span class='ocrx_word' id='word_1_493' title='bbox 376 3953 473 4004; x_wconf 80' lang='grc' dir='ltr'><strong>καὶ</strong></span> <span class='ocrx_word' id='word_1_494' title='bbox 523 3949 844 4020; x_wconf 84' lang='grc' dir='ltr'>γινομένους</span> <span class='ocrx_word' id='word_1_495' title='bbox 877 3948 1202 4018; x_wconf 86' lang='grc' dir='ltr'>συσσώμους</span> <span class='ocrx_word' id='word_1_496' title='bbox 1236 3949 1334 4004; x_wconf 69' lang='grc' dir='ltr'><strong>καὶ</strong></span> <span class='ocrx_word' id='word_1_497' title='bbox 1380 3950 1744 4020; x_wconf 84' lang='grc' dir='ltr'>συμμόρφους</span> <span class='ocrx_word' id='word_1_498' title='bbox 1773 3951 1965 4017; x_wconf 65' lang='grc' dir='ltr'>αὑτοῦ,</span> 
     </span>
    </p>
   </div>
   <div class='ocr_carea' id='block_1_70' title="bbox 379 4041 1966 4114">
    <p class='ocr_par' dir='ltr' id='par_1_70' title="bbox 379 4041 1966 4114">
     <span class='ocr_line' id='line_1_70' title="bbox 379 4041 1966 4114; baseline 0 -18"><span class='ocrx_word' id='word_1_499' title='bbox 379 4042 817 4114; x_wconf 81' lang='grc' dir='ltr'>μεθισταμένους</span> <span class='ocrx_word' id='word_1_500' title='bbox 850 4041 938 4094; x_wconf 75' lang='grc' dir='ltr'><strong>διὰ</strong></span> <span class='ocrx_word' id='word_1_501' title='bbox 963 4042 1299 4112; x_wconf 81' lang='grc' dir='ltr'>προπομπῆς</span> <span class='ocrx_word' id='word_1_502' title='bbox 1341 4043 1612 4111; x_wconf 83' lang='grc' dir='ltr'>ἀγγέλων,</span> <span class='ocrx_word' id='word_1_503' title='bbox 1671 4043 1766 4096; x_wconf 79' lang='grc' dir='ltr'>καὶ</span> <span class='ocrx_word' id='word_1_504' title='bbox 1829 4045 1966 4096; x_wconf 78' lang='grc' dir='ltr'>ἀπο-</span> 
     </span>
    </p>
   </div>
   <div class='ocr_carea' id='block_1_71' title="bbox 376 4134 1968 4205">
    <p class='ocr_par' dir='ltr' id='par_1_71' title="bbox 376 4134 1968 4205">
     <span class='ocr_line' id='line_1_71' title="bbox 376 4134 1968 4205; baseline 0 -17"><span class='ocrx_word' id='word_1_505' title='bbox 376 4135 576 4188; x_wconf 81' lang='grc' dir='ltr'>στόλων</span> <span class='ocrx_word' id='word_1_506' title='bbox 606 4135 686 4197; x_wconf 80' lang='grc' dir='ltr'><strong>είς</strong></span> <span class='ocrx_word' id='word_1_507' title='bbox 714 4135 816 4203; x_wconf 83' lang='grc' dir='ltr'>τὴν</span> <span class='ocrx_word' id='word_1_508' title='bbox 846 4134 1128 4204; x_wconf 83' lang='grc' dir='ltr'>βασιλείαν</span> <span class='ocrx_word' id='word_1_509' title='bbox 1154 4135 1251 4187; x_wconf 82' lang='grc' dir='ltr'>τοῦ</span> <span class='ocrx_word' id='word_1_510' title='bbox 1301 4137 1516 4205; x_wconf 74' lang='grc' dir='ltr'>[ἰατρὸς</span> <span class='ocrx_word' id='word_1_511' title='bbox 1538 4178 1552 4200; x_wconf 94' lang='grc'><strong>,</strong></span> <span class='ocrx_word' id='word_1_512' title='bbox 1603 4137 1664 4189; x_wconf 84' lang='grc' dir='ltr'><strong>τὸ</strong></span> <span class='ocrx_word' id='word_1_513' title='bbox 1693 4137 1739 4189; x_wconf 76' lang='grc' dir='ltr'>δ’</span> <span class='ocrx_word' id='word_1_514' title='bbox 1769 4136 1968 4190; x_wconf 80' lang='grc' dir='ltr'>ἀποδυ-</span> 
     </span>
    </p>
   </div>
   <div class='ocr_carea' id='block_1_72' title="bbox 376 4227 1963 4297">
    <p class='ocr_par' dir='ltr' id='par_1_72' title="bbox 376 4227 1963 4297">
     <span class='ocr_line' id='line_1_72' title="bbox 376 4227 1963 4297; baseline -0.001 -16"><span class='ocrx_word' id='word_1_515' title='bbox 376 4230 467 4281; x_wconf 81' lang='grc' dir='ltr'>θὲν</span> <span class='ocrx_word' id='word_1_516' title='bbox 504 4228 665 4296; x_wconf 84' lang='grc' dir='ltr'>σῶμα</span> <span class='ocrx_word' id='word_1_517' title='bbox 691 4227 900 4280; x_wconf 77' lang='grc' dir='ltr'>τούτων</span> <span class='ocrx_word' id='word_1_518' title='bbox 934 4230 1013 4290; x_wconf 88' lang='grc' dir='ltr'><strong>είς</strong></span> <span class='ocrx_word' id='word_1_519' title='bbox 1038 4227 1246 4297; x_wconf 79' lang='grc' dir='ltr'>τέφραν</span> <span class='ocrx_word' id='word_1_520' title='bbox 1280 4229 1375 4280; x_wconf 72' lang='grc' dir='ltr'><strong>καὶ</strong></span> <span class='ocrx_word' id='word_1_521' title='bbox 1425 4230 1576 4281; x_wconf 85' lang='grc' dir='ltr'>κόνιν</span> <span class='ocrx_word' id='word_1_522' title='bbox 1629 4229 1963 4293; x_wconf 87' lang='grc' dir='ltr'>διαλύεσθαι,</span> 
     </span>
    </p>
   </div>
   <div class='ocr_carea' id='block_1_73' title="bbox 379 4320 1965 4392">
    <p class='ocr_par' dir='ltr' id='par_1_73' title="bbox 379 4320 1965 4392">
     <span class='ocr_line' id='line_1_73' title="bbox 379 4320 1965 4392; baseline -0.001 -18"><span class='ocrx_word' id='word_1_523' title='bbox 379 4323 578 4392; x_wconf 80' lang='grc' dir='ltr'>μηκέτι</span> <span class='ocrx_word' id='word_1_524' title='bbox 606 4321 870 4391; x_wconf 83' lang='grc' dir='ltr'>μηδαμῶς</span> <span class='ocrx_word' id='word_1_525' title='bbox 900 4320 1286 4388; x_wconf 80' lang='grc' dir='ltr'>ἀνιστάμενον.</span> <span class='ocrx_word' id='word_1_526' title='bbox 1338 4321 1458 4374; x_wconf 72' lang='grc' dir='ltr'>Ὀτι</span> <span class='ocrx_word' id='word_1_527' title='bbox 1504 4322 1561 4373; x_wconf 80' lang='grc' dir='ltr'>δὲ</span> <span class='ocrx_word' id='word_1_528' title='bbox 1602 4323 1664 4375; x_wconf 85' lang='grc' dir='ltr'><strong>ού</strong></span> <span class='ocrx_word' id='word_1_529' title='bbox 1712 4323 1965 4392; x_wconf 85' lang='grc' dir='ltr'>καθάπερ</span> 
     </span>
    </p>
   </div>
   <div class='ocr_carea' id='block_1_74' title="bbox 377 4412 1964 4483">
    <p class='ocr_par' dir='ltr' id='par_1_74' title="bbox 377 4412 1964 4483">
     <span class='ocr_line' id='line_1_74' title="bbox 377 4412 1964 4483; baseline -0.001 -17"><span class='ocrx_word' id='word_1_530' title='bbox 377 4417 435 4467; x_wconf 84' lang='grc' dir='ltr'><strong>ἐν</strong></span> <span class='ocrx_word' id='word_1_531' title='bbox 467 4414 638 4479; x_wconf 78' lang='grc' dir='ltr'>ὕπνῳ,</span> <span class='ocrx_word' id='word_1_532' title='bbox 667 4417 757 4466; x_wconf 74' lang='grc' dir='ltr'>καὶ</span> <span class='ocrx_word' id='word_1_533' title='bbox 781 4412 1080 4466; x_wconf 78' lang='grc' dir='ltr'>ἀπεκδύσει</span> <span class='ocrx_word' id='word_1_534' title='bbox 1108 4413 1459 4483; x_wconf 87' lang='grc' dir='ltr'>περιϐολαίου</span> <span class='ocrx_word' id='word_1_535' title='bbox 1491 4415 1703 4480; x_wconf 81' lang='grc' dir='ltr'>γίνεται</span> <span class='ocrx_word' id='word_1_536' title='bbox 1753 4416 1964 4477; x_wconf 75' lang='grc' dir='ltr'>τούτοις</span> 
     </span>
    </p>
   </div>
   <div class='ocr_carea' id='block_1_75' title="bbox 375 4504 1963 4576">
    <p class='ocr_par' dir='ltr' id='par_1_75' title="bbox 375 4504 1963 4576">
     <span class='ocr_line' id='line_1_75' title="bbox 375 4504 1963 4576; baseline 0 -16"><span class='ocrx_word' id='word_1_537' title='bbox 375 4508 644 4568; x_wconf 75' lang='grc' dir='ltr'>ἁνώδυνος</span> <span class='ocrx_word' id='word_1_538' title='bbox 685 4507 714 4558; x_wconf 87' lang='grc' dir='ltr'>ὁ</span> <span class='ocrx_word' id='word_1_539' title='bbox 747 4505 994 4567; x_wconf 81' lang='grc' dir='ltr'>θάνατος,</span> <span class='ocrx_word' id='word_1_540' title='bbox 1043 4504 1243 4570; x_wconf 74' lang='grc' dir='ltr'>ἔδειξεν</span> <span class='ocrx_word' id='word_1_541' title='bbox 1280 4507 1307 4557; x_wconf 84' lang='grc' dir='ltr'><strong>ό</strong></span> <span class='ocrx_word' id='word_1_542' title='bbox 1336 4508 1435 4574; x_wconf 77' lang='grc' dir='ltr'><strong>τῆς</strong></span> <span class='ocrx_word' id='word_1_543' title='bbox 1486 4507 1752 4576; x_wconf 78' lang='grc' dir='ltr'>αἱρέσεως</span> <span class='ocrx_word' id='word_1_544' title='bbox 1783 4509 1963 4563; x_wconf 69' lang='grc' dir='ltr'>αὐτῶν</span> 
     </span>
    </p>
   </div>
   <div class='ocr_carea' id='block_1_76' title="bbox 2067 3307 3670 3377">
    <p class='ocr_par' dir='ltr' id='par_1_76' title="bbox 2067 3307 3670 3377">
     <span class='ocr_line' id='line_1_76' title="bbox 2067 3307 3670 3377; baseline 0.002 -18"><span class='ocrx_word' id='word_1_545' title='bbox 2067 3308 2370 3360; x_wconf 83' lang='lat' dir='ltr'><strong>subsistens</strong></span> <span class='ocrx_word' id='word_1_546' title='bbox 2415 3321 2669 3376; x_wconf 83' lang='lat' dir='ltr'><strong>persona,</strong></span> <span class='ocrx_word' id='word_1_547' title='bbox 2711 3317 2764 3359; x_wconf 89' lang='lat' dir='ltr'><strong>et</strong></span> <span class='ocrx_word' id='word_1_548' title='bbox 2799 3308 3048 3368; x_wconf 74' lang='lat' dir='ltr'><strong>verbum,</strong></span> <span class='ocrx_word' id='word_1_549' title='bbox 3121 3307 3262 3374; x_wconf 90' lang='lat' dir='ltr'><strong>quod</strong></span> <span class='ocrx_word' id='word_1_550' title='bbox 3298 3322 3395 3361; x_wconf 89' lang='lat' dir='ltr'><strong>ore</strong></span> <span class='ocrx_word' id='word_1_551' title='bbox 3426 3323 3670 3377; x_wconf 86' lang='lat' dir='ltr'><strong>pronun-</strong></span> 
     </span>
    </p>
   </div>
   <div class='ocr_carea' id='block_1_77' title="bbox 2069 3397 3670 3460">
    <p class='ocr_par' dir='ltr' id='par_1_77' title="bbox 2069 3397 3670 3460">
     <span class='ocr_line' id='line_1_77' title="bbox 2069 3397 3670 3460; baseline 0.001 -10"><span class='ocrx_word' id='word_1_552' title='bbox 2069 3399 2254 3460; x_wconf 86' lang='lat' dir='ltr'><strong>tiatur,</strong></span> <span class='ocrx_word' id='word_1_553' title='bbox 2292 3407 2350 3451; x_wconf 90' lang='lat' dir='ltr'><strong>ut</strong></span> <span class='ocrx_word' id='word_1_554' title='bbox 2371 3399 2690 3451; x_wconf 87' lang='lat' dir='ltr'><strong>omittamus</strong></span> <span class='ocrx_word' id='word_1_555' title='bbox 2723 3413 2808 3451; x_wconf 81' lang='lat' dir='ltr'><strong>res</strong></span> <span class='ocrx_word' id='word_1_556' title='bbox 2863 3397 3202 3452; x_wconf 83' lang='lat' dir='ltr'><strong>venerandas</strong></span> <span class='ocrx_word' id='word_1_557' title='bbox 3230 3407 3286 3450; x_wconf 90' lang='lat' dir='ltr'><strong>et</strong></span> <span class='ocrx_word' id='word_1_558' title='bbox 3315 3398 3670 3452; x_wconf 76' lang='lat' dir='ltr'><strong>admirabiles</strong></span> 
     </span>
    </p>
   </div>
   <div class='ocr_carea' id='block_1_78' title="bbox 2065 3490 3134 3560">
    <p class='ocr_par' dir='ltr' id='par_1_78' title="bbox 2065 3490 3134 3560">
     <span class='ocr_line' id='line_1_78' title="bbox 2065 3490 3134 3560; baseline 0.003 -19"><span class='ocrx_word' id='word_1_559' title='bbox 2065 3505 2186 3560; x_wconf 64' lang='lat' dir='ltr'><strong>quae</strong></span> <span class='ocrx_word' id='word_1_560' title='bbox 2216 3491 2269 3546; x_wconf 90' lang='lat' dir='ltr'><strong>iu</strong></span> <span class='ocrx_word' id='word_1_561' title='bbox 2296 3490 2386 3544; x_wconf 90' lang='lat' dir='ltr'><strong>Dei</strong></span> <span class='ocrx_word' id='word_1_562' title='bbox 2417 3490 2693 3545; x_wconf 87' lang='lat' dir='ltr'><strong>Genitrice</strong></span> <span class='ocrx_word' id='word_1_563' title='bbox 2724 3491 2960 3559; x_wconf 72' lang='lat' dir='ltr'><strong>propriae</strong></span> <span class='ocrx_word' id='word_1_564' title='bbox 2988 3500 3134 3544; x_wconf 92' lang='lat' dir='ltr'><strong>sunt.</strong></span> 
     </span>
    </p>
   </div>
   <div class='ocr_carea' id='block_1_79' title="bbox 2136 3581 3672 3651">
    <p class='ocr_par' dir='ltr' id='par_1_79' title="bbox 2136 3581 3672 3651">
     <span class='ocr_line' id='line_1_79' title="bbox 2136 3581 3672 3651; baseline 0.001 -17"><span class='ocrx_word' id='word_1_565' title='bbox 2136 3581 2228 3634; x_wconf 75' lang='lat'><strong>23.</strong></span> <span class='ocrx_word' id='word_1_566' title='bbox 2264 3583 2334 3636; x_wconf 84' lang='lat' dir='ltr'><strong>At</strong></span> <span class='ocrx_word' id='word_1_567' title='bbox 2370 3583 2462 3650; x_wconf 90' lang='lat' dir='ltr'><strong>qui</strong></span> <span class='ocrx_word' id='word_1_568' title='bbox 2520 3581 2950 3651; x_wconf 85' lang='lat' dir='ltr'><strong>sintejusmodi,</strong></span> <span class='ocrx_word' id='word_1_569' title='bbox 3001 3595 3094 3635; x_wconf 86' lang='lat' dir='ltr'><strong>eos</strong></span> <span class='ocrx_word' id='word_1_570' title='bbox 3137 3589 3336 3651; x_wconf 73' lang='lat' dir='ltr'><strong>negant</strong></span> <span class='ocrx_word' id='word_1_571' title='bbox 3393 3581 3551 3648; x_wconf 90' lang='lat' dir='ltr'><strong>mori,</strong></span> <span class='ocrx_word' id='word_1_572' title='bbox 3575 3581 3672 3636; x_wconf 80' lang='lat' dir='ltr'><strong>sed</strong></span> 
     </span>
    </p>
   </div>
   <div class='ocr_carea' id='block_1_80' title="bbox 2070 3673 3672 3742">
    <p class='ocr_par' dir='ltr' id='par_1_80' title="bbox 2070 3673 3672 3742">
     <span class='ocr_line' id='line_1_80' title="bbox 2070 3673 3672 3742; baseline 0.003 -17"><span class='ocrx_word' id='word_1_573' title='bbox 2070 3682 2330 3742; x_wconf 86' lang='lat' dir='ltr'><strong>tanquam</strong></span> <span class='ocrx_word' id='word_1_574' title='bbox 2362 3675 2414 3726; x_wconf 91' lang='lat' dir='ltr'><strong>in</strong></span> <span class='ocrx_word' id='word_1_575' title='bbox 2448 3689 2640 3728; x_wconf 90' lang='lat' dir='ltr'><strong>somno</strong></span> <span class='ocrx_word' id='word_1_576' title='bbox 2669 3673 3023 3728; x_wconf 86' lang='lat' dir='ltr'><strong>transmutari</strong></span> <span class='ocrx_word' id='word_1_577' title='bbox 3045 3711 3060 3734; x_wconf 85' lang='lat'><strong>,</strong></span> <span class='ocrx_word' id='word_1_578' title='bbox 3103 3684 3160 3729; x_wconf 88' lang='lat' dir='ltr'><strong>et</strong></span> <span class='ocrx_word' id='word_1_579' title='bbox 3206 3676 3325 3729; x_wconf 89' lang='lat' dir='ltr'><strong>sine</strong></span> <span class='ocrx_word' id='word_1_580' title='bbox 3355 3674 3462 3728; x_wconf 93' lang='lat' dir='ltr'><strong>ullo</strong></span> <span class='ocrx_word' id='word_1_581' title='bbox 3487 3675 3672 3730; x_wconf 73' lang='lat' dir='ltr'><strong>labore</strong></span> 
     </span>
    </p>
   </div>
   <div class='ocr_carea' id='block_1_81' title="bbox 2068 3766 3673 3837">
    <p class='ocr_par' dir='ltr' id='par_1_81' title="bbox 2068 3766 3673 3837">
     <span class='ocr_line' id='line_1_81' title="bbox 2068 3766 3673 3837; baseline 0.001 -18"><span class='ocrx_word' id='word_1_582' title='bbox 2068 3779 2348 3820; x_wconf 69' lang='lat' dir='ltr'><strong>cmnosum</strong></span> <span class='ocrx_word' id='word_1_583' title='bbox 2403 3767 2506 3821; x_wconf 93' lang='lat' dir='ltr'><strong>hoc</strong></span> <span class='ocrx_word' id='word_1_584' title='bbox 2563 3766 2744 3820; x_wconf 88' lang='lat' dir='ltr'><strong>carnis</strong></span> <span class='ocrx_word' id='word_1_585' title='bbox 2798 3766 3170 3820; x_wconf 86' lang='lat' dir='ltr'><strong>indumentum</strong></span> <span class='ocrx_word' id='word_1_586' title='bbox 3235 3780 3456 3833; x_wconf 80' lang='lat' dir='ltr'><strong>exuere,</strong></span> <span class='ocrx_word' id='word_1_587' title='bbox 3505 3777 3673 3837; x_wconf 87' lang='lat' dir='ltr'><strong>atque</strong></span> 
     </span>
    </p>
   </div>
   <div class='ocr_carea' id='block_1_82' title="bbox 2069 3857 3668 3926">
    <p class='ocr_par' dir='ltr' id='par_1_82' title="bbox 2069 3857 3668 3926">
     <span class='ocr_line' id='line_1_82' title="bbox 2069 3857 3668 3926; baseline -0.001 -14"><span class='ocrx_word' id='word_1_588' title='bbox 2069 3857 2434 3912; x_wconf 86' lang='lat' dir='ltr'><strong>immortalem</strong></span> <span class='ocrx_word' id='word_1_589' title='bbox 2490 3873 2554 3912; x_wconf 89' lang='lat' dir='ltr'><strong>ac</strong></span> <span class='ocrx_word' id='word_1_590' title='bbox 2612 3857 2851 3911; x_wconf 83' lang='lat' dir='ltr'><strong>divinam</strong></span> <span class='ocrx_word' id='word_1_591' title='bbox 2909 3857 3112 3911; x_wconf 84' lang='lat' dir='ltr'><strong>Christi</strong></span> <span class='ocrx_word' id='word_1_592' title='bbox 3157 3857 3352 3912; x_wconf 86' lang='lat' dir='ltr'><strong>stolam</strong></span> <span class='ocrx_word' id='word_1_593' title='bbox 3421 3859 3668 3926; x_wconf 70' lang='lat' dir='ltr'><strong>induere,</strong></span> 
     </span>
    </p>
   </div>
   <div class='ocr_carea' id='block_1_83' title="bbox 2069 3948 3672 4017">
    <p class='ocr_par' dir='ltr' id='par_1_83' title="bbox 2069 3948 3672 4017">
     <span class='ocr_line' id='line_1_83' title="bbox 2069 3948 3672 4017; baseline 0.002 -15"><span class='ocrx_word' id='word_1_594' title='bbox 2069 3949 2326 4016; x_wconf 85' lang='lat' dir='ltr'><strong>idemque</strong></span> <span class='ocrx_word' id='word_1_595' title='bbox 2397 3964 2597 4017; x_wconf 86' lang='lat' dir='ltr'><strong>corpus</strong></span> <span class='ocrx_word' id='word_1_596' title='bbox 2649 3959 2704 4003; x_wconf 91' lang='lat' dir='ltr'><strong>et</strong></span> <span class='ocrx_word' id='word_1_597' title='bbox 2752 3949 2981 4002; x_wconf 87' lang='lat' dir='ltr'><strong>formam</strong></span> <span class='ocrx_word' id='word_1_598' title='bbox 3039 3948 3285 4002; x_wconf 86' lang='lat' dir='ltr'><strong>eamdem</strong></span> <span class='ocrx_word' id='word_1_599' title='bbox 3345 3948 3672 4016; x_wconf 88' lang='lat' dir='ltr'><strong>iuduere,et</strong></span> 
     </span>
    </p>
   </div>
   <div class='ocr_carea' id='block_1_84' title="bbox 2069 4038 3670 4111">
    <p class='ocr_par' dir='ltr' id='par_1_84' title="bbox 2069 4038 3670 4111">
     <span class='ocr_line' id='line_1_84' title="bbox 2069 4038 3670 4111; baseline -0.001 -18"><span class='ocrx_word' id='word_1_600' title='bbox 2069 4041 2438 4110; x_wconf 69' lang='lat' dir='ltr'><strong>praceuntibus</strong></span> <span class='ocrx_word' id='word_1_601' title='bbox 2492 4040 2701 4111; x_wconf 77' lang='lat' dir='ltr'><strong>angelis</strong></span> <span class='ocrx_word' id='word_1_602' title='bbox 2744 4049 2799 4093; x_wconf 86' lang='lat' dir='ltr'><strong>et</strong></span> <span class='ocrx_word' id='word_1_603' title='bbox 2831 4039 3089 4107; x_wconf 84' lang='lat' dir='ltr'><strong>apostolis</strong></span> <span class='ocrx_word' id='word_1_604' title='bbox 3120 4039 3172 4093; x_wconf 92' lang='lat' dir='ltr'><strong>in</strong></span> <span class='ocrx_word' id='word_1_605' title='bbox 3208 4038 3384 4094; x_wconf 86' lang='lat' dir='ltr'><strong>Patris</strong></span> <span class='ocrx_word' id='word_1_606' title='bbox 3446 4056 3670 4108; x_wconf 72' lang='lat' dir='ltr'><strong>regnum</strong></span> 
     </span>
    </p>
   </div>
   <div class='ocr_carea' id='block_1_85' title="bbox 2070 4132 3670 4202">
    <p class='ocr_par' dir='ltr' id='par_1_85' title="bbox 2070 4132 3670 4202">
     <span class='ocr_line' id='line_1_85' title="bbox 2070 4132 3670 4202; baseline 0 -16"><span class='ocrx_word' id='word_1_607' title='bbox 2070 4134 2307 4198; x_wconf 87' lang='lat' dir='ltr'><strong>admitti,</strong></span> <span class='ocrx_word' id='word_1_608' title='bbox 2348 4149 2547 4202; x_wconf 87' lang='lat' dir='ltr'><strong>corpus</strong></span> <span class='ocrx_word' id='word_1_609' title='bbox 2583 4143 2786 4198; x_wconf 88' lang='lat' dir='ltr'><strong>autem,</strong></span> <span class='ocrx_word' id='word_1_610' title='bbox 2819 4132 3262 4201; x_wconf 76' lang='lat' dir='ltr'><strong>quodexucrint,</strong></span> <span class='ocrx_word' id='word_1_611' title='bbox 3321 4134 3374 4186; x_wconf 87' lang='lat' dir='ltr'><strong>in</strong></span> <span class='ocrx_word' id='word_1_612' title='bbox 3430 4134 3670 4188; x_wconf 88' lang='lat' dir='ltr'><strong>cinerem</strong></span> 
     </span>
    </p>
   </div>
   <div class='ocr_carea' id='block_1_86' title="bbox 2070 4225 3674 4294">
    <p class='ocr_par' dir='ltr' id='par_1_86' title="bbox 2070 4225 3674 4294">
     <span class='ocr_line' id='line_1_86' title="bbox 2070 4225 3674 4294; baseline -0.002 -17"><span class='ocrx_word' id='word_1_613' title='bbox 2070 4227 2454 4294; x_wconf 78' lang='lat' dir='ltr'><strong>pulveremque</strong></span> <span class='ocrx_word' id='word_1_614' title='bbox 2480 4225 2726 4288; x_wconf 85' lang='lat' dir='ltr'><strong>dissolvi,</strong></span> <span class='ocrx_word' id='word_1_615' title='bbox 2789 4239 3066 4293; x_wconf 87' lang='lat' dir='ltr'><strong>nunquam</strong></span> <span class='ocrx_word' id='word_1_616' title='bbox 3133 4225 3364 4292; x_wconf 84' lang='lat' dir='ltr'><strong>amplius</strong></span> <span class='ocrx_word' id='word_1_617' title='bbox 3395 4236 3674 4279; x_wconf 82' lang='lat' dir='ltr'><strong>surrectu-</strong></span> 
     </span>
    </p>
   </div>
   <div class='ocr_carea' id='block_1_87' title="bbox 2069 4318 3672 4386">
    <p class='ocr_par' dir='ltr' id='par_1_87' title="bbox 2069 4318 3672 4386">
     <span class='ocr_line' id='line_1_87' title="bbox 2069 4318 3672 4386; baseline -0.001 -13"><span class='ocrx_word' id='word_1_618' title='bbox 2069 4335 2212 4373; x_wconf 87' lang='lat' dir='ltr'><strong>rum.</strong></span> <span class='ocrx_word' id='word_1_619' title='bbox 2279 4319 2384 4373; x_wconf 87' lang='lat' dir='ltr'><strong>Sed</strong></span> <span class='ocrx_word' id='word_1_620' title='bbox 2451 4319 2647 4372; x_wconf 81' lang='lat' dir='ltr'><strong>falsum</strong></span> <span class='ocrx_word' id='word_1_621' title='bbox 2693 4333 2814 4372; x_wconf 80' lang='lat' dir='ltr'><strong>esse</strong></span> <span class='ocrx_word' id='word_1_622' title='bbox 2847 4318 2990 4386; x_wconf 86' lang='lat' dir='ltr'><strong>quod</strong></span> <span class='ocrx_word' id='word_1_623' title='bbox 3046 4325 3302 4384; x_wconf 82' lang='lat' dir='ltr'><strong>tanquam</strong></span> <span class='ocrx_word' id='word_1_624' title='bbox 3365 4319 3417 4371; x_wconf 94' lang='lat' dir='ltr'><strong>in</strong></span> <span class='ocrx_word' id='word_1_625' title='bbox 3482 4334 3672 4372; x_wconf 88' lang='lat' dir='ltr'><strong>somno</strong></span> 
     </span>
    </p>
   </div>
   <div class='ocr_carea' id='block_1_88' title="bbox 2067 4411 3674 4480">
    <p class='ocr_par' dir='ltr' id='par_1_88' title="bbox 2067 4411 3674 4480">
     <span class='ocr_line' id='line_1_88' title="bbox 2067 4411 3674 4480; baseline -0.002 -15"><span class='ocrx_word' id='word_1_626' title='bbox 2067 4413 2314 4480; x_wconf 85' lang='lat' dir='ltr'><strong>corporis</strong></span> <span class='ocrx_word' id='word_1_627' title='bbox 2371 4422 2576 4464; x_wconf 73' lang='lat' dir='ltr'><strong>exuant</strong></span> <span class='ocrx_word' id='word_1_628' title='bbox 2636 4420 3044 4471; x_wconf 77' lang='lat' dir='ltr'><strong>vestimentum,</strong></span> <span class='ocrx_word' id='word_1_629' title='bbox 3101 4419 3154 4461; x_wconf 86' lang='lat' dir='ltr'><strong>et</strong></span> <span class='ocrx_word' id='word_1_630' title='bbox 3182 4411 3298 4462; x_wconf 89' lang='lat' dir='ltr'><strong>sine</strong></span> <span class='ocrx_word' id='word_1_631' title='bbox 3343 4411 3526 4463; x_wconf 89' lang='lat' dir='ltr'><strong>dolore</strong></span> <span class='ocrx_word' id='word_1_632' title='bbox 3553 4426 3674 4462; x_wconf 85' lang='lat' dir='ltr'><strong>mo-</strong></span> 
     </span>
    </p>
   </div>
   <div class='ocr_carea' id='block_1_89' title="bbox 2068 4502 3674 4572">
    <p class='ocr_par' dir='ltr' id='par_1_89' title="bbox 2068 4502 3674 4572">
     <span class='ocr_line' id='line_1_89' title="bbox 2068 4502 3674 4572; baseline -0.002 -14"><span class='ocrx_word' id='word_1_633' title='bbox 2068 4507 2298 4566; x_wconf 84' lang='lat' dir='ltr'><strong>riantur,</strong></span> <span class='ocrx_word' id='word_1_634' title='bbox 2338 4505 2590 4572; x_wconf 85' lang='lat' dir='ltr'><strong>princeps</strong></span> <span class='ocrx_word' id='word_1_635' title='bbox 2626 4503 2844 4555; x_wconf 76' lang='lat' dir='ltr'><strong>haeresis</strong></span> <span class='ocrx_word' id='word_1_636' title='bbox 2869 4502 3106 4568; x_wconf 87' lang='lat' dir='ltr'><strong>ipsorum</strong></span> <span class='ocrx_word' id='word_1_637' title='bbox 3143 4505 3402 4566; x_wconf 84' lang='lat' dir='ltr'><strong>ostendit,</strong></span> <span class='ocrx_word' id='word_1_638' title='bbox 3437 4505 3528 4571; x_wconf 90' lang='lat' dir='ltr'><strong>qui</strong></span> <span class='ocrx_word' id='word_1_639' title='bbox 3565 4518 3674 4555; x_wconf 46' lang='lat' dir='ltr'><strong>mar</strong></span> 
     </span>
    </p>
   </div>
   <div class='ocr_carea' id='block_1_90' title="bbox 375 4575 2120 4670">
    <p class='ocr_par' dir='ltr' id='par_1_90' title="bbox 375 4575 2120 4670">
     <span class='ocr_line' id='line_1_90' title="bbox 375 4575 2120 4670; baseline 0.001 -20"><span class='ocrx_word' id='word_1_640' title='bbox 375 4599 624 4667; x_wconf 75' lang='grc' dir='ltr'>ἔξαρχος,</span> <span class='ocrx_word' id='word_1_641' title='bbox 648 4597 870 4659; x_wconf 84' lang='grc' dir='ltr'>πολλαῖς</span> <span class='ocrx_word' id='word_1_642' title='bbox 901 4597 1117 4660; x_wconf 81' lang='grc' dir='ltr'>ὀδύναις</span> <span class='ocrx_word' id='word_1_643' title='bbox 1142 4597 1472 4666; x_wconf 72' lang='grc' dir='ltr'>ὑποϐληθεὶς</span> <span class='ocrx_word' id='word_1_644' title='bbox 1493 4575 1634 4668; x_wconf 74' lang='grc' dir='ltr'>μετὰ</span> <span class='ocrx_word' id='word_1_645' title='bbox 1663 4602 1724 4652; x_wconf 79' lang='grc' dir='ltr'><strong>τὸ</strong></span> <span class='ocrx_word' id='word_1_646' title='bbox 1745 4601 1963 4670; x_wconf 80' lang='grc' dir='ltr'>δοθῆναι</span> <span class='ocrx_word' id='word_1_647' title='bbox 1999 4575 2040 4628; x_wconf 83' lang='lat' dir='ltr'><strong>D</strong></span> <span class='ocrx_word' id='word_1_648' title='bbox 2072 4614 2120 4665; x_wconf 75' lang='lat' dir='ltr'><strong>gl</strong></span> 
     </span>
    </p>
   </div>
   <div class='ocr_carea' id='block_1_91' title="bbox 1927 4575 3672 4670">
    <p class='ocr_par' dir='ltr' id='par_1_91' title="bbox 1927 4575 3672 4665">
     <span class='ocr_line' id='line_1_91' title="bbox 1927 4575 3672 4665; baseline 0 -16"><span class='ocrx_word' id='word_1_649' title='bbox 1927 4616 1963 4654; x_wconf 84' lang='grc' dir='ltr'><strong>ιι</strong></span> <span class='ocrx_word' id='word_1_650' title='bbox 1999 4575 2192 4665; x_wconf 76' lang='lat' dir='ltr'><strong>Dgnis</strong></span> <span class='ocrx_word' id='word_1_651' title='bbox 2237 4597 2464 4650; x_wconf 74' lang='lat' dir='ltr'><strong>aﬂecrus</strong></span> <span class='ocrx_word' id='word_1_652' title='bbox 2545 4598 2820 4649; x_wconf 80' lang='lat' dir='ltr'><strong>doloribus</strong></span> <span class='ocrx_word' id='word_1_653' title='bbox 2880 4607 2933 4648; x_wconf 88' lang='lat' dir='ltr'><strong>et</strong></span> <span class='ocrx_word' id='word_1_654' title='bbox 2991 4604 3110 4663; x_wconf 86' lang='lat' dir='ltr'><strong>post</strong></span> <span class='ocrx_word' id='word_1_655' title='bbox 3173 4596 3334 4647; x_wconf 82' lang='lat' dir='ltr'><strong>latam</strong></span> <span class='ocrx_word' id='word_1_656' title='bbox 3411 4598 3672 4650; x_wconf 63' lang='lat' dir='ltr'><strong>adtersus</strong></span> 
     </span>
    </p>
   </div>
   <div class='ocr_carea' id='block_1_92' title="bbox 377 4689 1966 4763">
    <p class='ocr_par' dir='ltr' id='par_1_92' title="bbox 377 4689 1966 4763">
     <span class='ocr_line' id='line_1_92' title="bbox 377 4689 1966 4763; baseline 0.001 -20"><span class='ocrx_word' id='word_1_657' title='bbox 377 4691 495 4743; x_wconf 79' lang='grc' dir='ltr'>κατ’</span> <span class='ocrx_word' id='word_1_658' title='bbox 523 4690 689 4742; x_wconf 78' lang='grc' dir='ltr'>αὑτοῦ</span> <span class='ocrx_word' id='word_1_659' title='bbox 729 4689 827 4760; x_wconf 82' lang='grc' dir='ltr'><strong>τὴν</strong></span> <span class='ocrx_word' id='word_1_660' title='bbox 859 4689 946 4740; x_wconf 63' lang='grc' dir='ltr'><strong>διὰ</strong></span> <span class='ocrx_word' id='word_1_661' title='bbox 979 4689 1150 4762; x_wconf 86' lang='grc' dir='ltr'>πυρὸς</span> <span class='ocrx_word' id='word_1_662' title='bbox 1175 4690 1476 4758; x_wconf 71' lang='grc' dir='ltr'>ἀπόφασιν,</span> <span class='ocrx_word' id='word_1_663' title='bbox 1531 4693 1628 4746; x_wconf 71' lang='grc' dir='ltr'><strong>καὶ</strong></span> <span class='ocrx_word' id='word_1_664' title='bbox 1684 4693 1760 4763; x_wconf 79' lang='grc' dir='ltr'>τῷ</span> <span class='ocrx_word' id='word_1_665' title='bbox 1817 4695 1966 4763; x_wconf 75' lang='grc' dir='ltr'>φόϐῳ</span> 
     </span>
    </p>
   </div>
   <div class='ocr_carea' id='block_1_93' title="bbox 377 4781 1968 4856">
    <p class='ocr_par' dir='ltr' id='par_1_93' title="bbox 377 4781 1968 4856">
     <span class='ocr_line' id='line_1_93' title="bbox 377 4781 1968 4856; baseline 0.002 -20"><span class='ocrx_word' id='word_1_666' title='bbox 377 4781 1031 4854; x_wconf 79' lang='grc' dir='ltr'>προσκαταδαπανηθεὶς,</span> <span class='ocrx_word' id='word_1_667' title='bbox 1060 4782 1156 4834; x_wconf 75' lang='grc' dir='ltr'>καὶ</span> <span class='ocrx_word' id='word_1_668' title='bbox 1194 4783 1420 4853; x_wconf 87' lang='grc' dir='ltr'>καιρίας</span> <span class='ocrx_word' id='word_1_669' title='bbox 1469 4783 1685 4856; x_wconf 83' lang='grc' dir='ltr'>πληγάς</span> <span class='ocrx_word' id='word_1_670' title='bbox 1732 4787 1812 4849; x_wconf 87' lang='grc' dir='ltr'>εἰς</span> <span class='ocrx_word' id='word_1_671' title='bbox 1869 4789 1968 4856; x_wconf 83' lang='grc' dir='ltr'>τὴν</span> 
     </span>
    </p>
   </div>
   <div class='ocr_carea' id='block_1_94' title="bbox 374 4874 1967 4950">
    <p class='ocr_par' dir='ltr' id='par_1_94' title="bbox 374 4874 1967 4950">
     <span class='ocr_line' id='line_1_94' title="bbox 374 4874 1967 4950; baseline 0.003 -22"><span class='ocrx_word' id='word_1_672' title='bbox 374 4877 606 4946; x_wconf 85' lang='grc' dir='ltr'>καρδίαν</span> <span class='ocrx_word' id='word_1_673' title='bbox 629 4876 946 4944; x_wconf 77' lang='grc' dir='ltr'>δεξάμενος,</span> <span class='ocrx_word' id='word_1_674' title='bbox 976 4877 1066 4928; x_wconf 83' lang='grc' dir='ltr'><strong>ὅτε</strong></span> <span class='ocrx_word' id='word_1_675' title='bbox 1089 4874 1184 4928; x_wconf 83' lang='grc' dir='ltr'><strong>τοῦ</strong></span> <span class='ocrx_word' id='word_1_676' title='bbox 1214 4875 1492 4947; x_wconf 86' lang='grc' dir='ltr'>δράματος</span> <span class='ocrx_word' id='word_1_677' title='bbox 1533 4879 1967 4950; x_wconf 82' lang='grc' dir='ltr'>ἀπογυμνωθέν-</span> 
     </span>
    </p>
   </div>
   <div class='ocr_carea' id='block_1_95' title="bbox 373 4967 1968 5041">
    <p class='ocr_par' dir='ltr' id='par_1_95' title="bbox 373 4967 1968 5041">
     <span class='ocr_line' id='line_1_95' title="bbox 373 4967 1968 5041; baseline 0.002 -19"><span class='ocrx_word' id='word_1_678' title='bbox 373 4987 483 5032; x_wconf 85' lang='grc' dir='ltr'>τος,</span> <span class='ocrx_word' id='word_1_679' title='bbox 518 4969 659 5036; x_wconf 79' lang='grc' dir='ltr'>ἔγνω</span> <span class='ocrx_word' id='word_1_680' title='bbox 704 4967 1152 5038; x_wconf 70' lang='grc' dir='ltr'>κατασοφισθεὶς,</span> <span class='ocrx_word' id='word_1_681' title='bbox 1205 4969 1316 5023; x_wconf 88' lang='grc' dir='ltr'><strong>τῶν</strong></span> <span class='ocrx_word' id='word_1_682' title='bbox 1351 4971 1668 5041; x_wconf 78' lang='grc' dir='ltr'>μυστηρίων</span> <span class='ocrx_word' id='word_1_683' title='bbox 1721 4974 1820 5041; x_wconf 83' lang='grc' dir='ltr'><strong>μὲν</strong></span> <span class='ocrx_word' id='word_1_684' title='bbox 1871 4973 1968 5041; x_wconf 80' lang='grc' dir='ltr'><strong>τῆς</strong></span> 
     </span>
    </p>
   </div>
   <div class='ocr_carea' id='block_1_96' title="bbox 375 5058 1970 5132">
    <p class='ocr_par' dir='ltr' id='par_1_96' title="bbox 375 5058 1970 5132">
     <span class='ocr_line' id='line_1_96' title="bbox 375 5058 1970 5132; baseline 0.006 -22"><span class='ocrx_word' id='word_1_685' title='bbox 375 5059 615 5120; x_wconf 79' lang='grc' dir='ltr'>πίστεως</span> <span class='ocrx_word' id='word_1_686' title='bbox 666 5058 834 5111; x_wconf 82' lang='grc' dir='ltr'>αὑτοῦ</span> <span class='ocrx_word' id='word_1_687' title='bbox 879 5059 1355 5130; x_wconf 85' lang='grc' dir='ltr'>δημοσιευθέντων</span> <span class='ocrx_word' id='word_1_688' title='bbox 1401 5062 1496 5114; x_wconf 78' lang='grc' dir='ltr'><strong>καὶ</strong></span> <span class='ocrx_word' id='word_1_689' title='bbox 1551 5064 1970 5132; x_wconf 78' lang='grc' dir='ltr'>παραδοθέντων</span> 
     </span>
    </p>
   </div>
   <div class='ocr_carea' id='block_1_97' title="bbox 376 5151 1971 5225">
    <p class='ocr_par' dir='ltr' id='par_1_97' title="bbox 376 5151 1971 5225">
     <span class='ocr_line' id='line_1_97' title="bbox 376 5151 1971 5225; baseline 0.006 -23"><span class='ocrx_word' id='word_1_690' title='bbox 376 5154 563 5223; x_wconf 77' lang='grc' dir='ltr'>γραφῇ</span> <span class='ocrx_word' id='word_1_691' title='bbox 597 5152 731 5220; x_wconf 59' lang='grc' dir='ltr'>πρὶς</span> <span class='ocrx_word' id='word_1_692' title='bbox 768 5151 1062 5223; x_wconf 81' lang='grc' dir='ltr'>θρίαμϐον,</span> <span class='ocrx_word' id='word_1_693' title='bbox 1101 5153 1212 5206; x_wconf 90' lang='grc' dir='ltr'><strong>τῶν</strong></span> <span class='ocrx_word' id='word_1_694' title='bbox 1246 5153 1506 5225; x_wconf 82' lang='grc' dir='ltr'>μαθητῶν</span> <span class='ocrx_word' id='word_1_695' title='bbox 1538 5156 1594 5210; x_wconf 81' lang='grc' dir='ltr'>δὲ</span> <span class='ocrx_word' id='word_1_696' title='bbox 1631 5157 1817 5222; x_wconf 78' lang='grc' dir='ltr'>αὑτοῦ,</span> <span class='ocrx_word' id='word_1_697' title='bbox 1880 5162 1971 5213; x_wconf 71' lang='grc' dir='ltr'><strong>καὶ</strong></span> 
     </span>
    </p>
   </div>
   <div class='ocr_carea' id='block_1_98' title="bbox 381 5245 1970 5323">
    <p class='ocr_par' dir='ltr' id='par_1_98' title="bbox 381 5245 1970 5323">
     <span class='ocr_line' id='line_1_98' title="bbox 381 5245 1970 5323; baseline 0.005 -28"><span class='ocrx_word' id='word_1_698' title='bbox 381 5245 620 5314; x_wconf 75' lang='grc' dir='ltr'>μάλιστα</span> <span class='ocrx_word' id='word_1_699' title='bbox 673 5247 975 5313; x_wconf 81' lang='grc' dir='ltr'>συγγενῶν,</span> <span class='ocrx_word' id='word_1_700' title='bbox 1037 5249 1131 5300; x_wconf 74' lang='grc' dir='ltr'><strong>καὶ</strong></span> <span class='ocrx_word' id='word_1_701' title='bbox 1182 5248 1290 5300; x_wconf 91' lang='grc' dir='ltr'><strong>τῶν</strong></span> <span class='ocrx_word' id='word_1_702' title='bbox 1351 5249 1528 5314; x_wconf 85' lang='grc' dir='ltr'>ἄλλως</span> <span class='ocrx_word' id='word_1_703' title='bbox 1583 5253 1970 5323; x_wconf 74' lang='grc' dir='ltr'>γνησιωτέρων</span> 
     </span>
    </p>
   </div>
   <div class='ocr_carea' id='block_1_99' title="bbox 381 5336 1975 5412">
    <p class='ocr_par' dir='ltr' id='par_1_99' title="bbox 381 5336 1975 5412">
     <span class='ocr_line' id='line_1_99' title="bbox 381 5336 1975 5412; baseline 0.005 -23"><span class='ocrx_word' id='word_1_704' title='bbox 381 5336 864 5407; x_wconf 80' lang='grc' dir='ltr'>σαγηνευθέντων,</span> <span class='ocrx_word' id='word_1_705' title='bbox 917 5340 1013 5391; x_wconf 76' lang='grc' dir='ltr'><strong>καὶ</strong></span> <span class='ocrx_word' id='word_1_706' title='bbox 1056 5343 1174 5403; x_wconf 84' lang='grc' dir='ltr'>ταῖς</span> <span class='ocrx_word' id='word_1_707' title='bbox 1225 5342 1472 5412; x_wconf 85' lang='grc' dir='ltr'>εἱρκταῖς</span> <span class='ocrx_word' id='word_1_708' title='bbox 1529 5343 1975 5397; x_wconf 70' lang='grc' dir='ltr'>ἐναποκλεισθέν-</span> 
     </span>
    </p>
   </div>
   <div class='ocr_carea' id='block_1_100' title="bbox 376 5429 1970 5506">
    <p class='ocr_par' dir='ltr' id='par_1_100' title="bbox 376 5429 1970 5506">
     <span class='ocr_line' id='line_1_100' title="bbox 376 5429 1970 5506; baseline 0.004 -24"><span class='ocrx_word' id='word_1_709' title='bbox 376 5446 512 5493; x_wconf 86' lang='grc' dir='ltr'>των,</span> <span class='ocrx_word' id='word_1_710' title='bbox 542 5429 636 5482; x_wconf 82' lang='grc' dir='ltr'>καὶ</span> <span class='ocrx_word' id='word_1_711' title='bbox 671 5431 850 5500; x_wconf 76' lang='grc' dir='ltr'>πάσης</span> <span class='ocrx_word' id='word_1_712' title='bbox 871 5431 1022 5501; x_wconf 81' lang='grc' dir='ltr'>αὐτῷ</span> <span class='ocrx_word' id='word_1_713' title='bbox 1047 5433 1391 5504; x_wconf 84' lang='grc' dir='ltr'>πανταχόθεν</span> <span class='ocrx_word' id='word_1_714' title='bbox 1444 5435 1701 5506; x_wconf 81' lang='grc' dir='ltr'>βοηθείας</span> <span class='ocrx_word' id='word_1_715' title='bbox 1751 5437 1970 5491; x_wconf 74' lang='grc' dir='ltr'>ἀπολω-</span> 
     </span>
    </p>
   </div>
   <div class='ocr_carea' id='block_1_101' title="bbox 379 5519 1966 5598">
    <p class='ocr_par' dir='ltr' id='par_1_101' title="bbox 379 5519 1966 5598">
     <span class='ocr_line' id='line_1_101' title="bbox 379 5519 1966 5598; baseline 0.008 -26"><span class='ocrx_word' id='word_1_716' title='bbox 379 5519 574 5585; x_wconf 81' lang='grc' dir='ltr'>λυίας,</span> <span class='ocrx_word' id='word_1_717' title='bbox 640 5525 735 5574; x_wconf 72' lang='grc' dir='ltr'><strong>καὶ</strong></span> <span class='ocrx_word' id='word_1_718' title='bbox 785 5523 1035 5591; x_wconf 77' lang='grc' dir='ltr'>φρούδων</span> <span class='ocrx_word' id='word_1_719' title='bbox 1092 5525 1201 5578; x_wconf 87' lang='grc' dir='ltr'><strong>τῶν</strong></span> <span class='ocrx_word' id='word_1_720' title='bbox 1243 5526 1504 5596; x_wconf 38' lang='grc' dir='ltr'>,ἐλπίδων</span> <span class='ocrx_word' id='word_1_721' title='bbox 1559 5530 1966 5598; x_wconf 76' lang='grc' dir='ltr'>γεγενημένων.</span> 
     </span>
    </p>
   </div>
   <div class='ocr_carea' id='block_1_102' title="bbox 381 5613 1974 5688">
    <p class='ocr_par' dir='ltr' id='par_1_102' title="bbox 381 5613 1974 5688">
     <span class='ocr_line' id='line_1_102' title="bbox 381 5613 1974 5688; baseline 0.007 -23"><span class='ocrx_word' id='word_1_722' title='bbox 381 5614 520 5675; x_wconf 80' lang='grc' dir='ltr'>Τοὺς</span> <span class='ocrx_word' id='word_1_723' title='bbox 543 5614 653 5684; x_wconf 80' lang='grc' dir='ltr'>γὰρ</span> <span class='ocrx_word' id='word_1_724' title='bbox 692 5613 966 5684; x_wconf 80' lang='grc' dir='ltr'>μαθητάς,</span> <span class='ocrx_word' id='word_1_725' title='bbox 993 5615 1068 5679; x_wconf 81' lang='grc' dir='ltr'>ὡς</span> <span class='ocrx_word' id='word_1_726' title='bbox 1095 5618 1334 5688; x_wconf 78' lang='grc' dir='ltr'>εἴρηται,</span> <span class='ocrx_word' id='word_1_727' title='bbox 1390 5621 1487 5673; x_wconf 77' lang='grc' dir='ltr'>καὶ</span> <span class='ocrx_word' id='word_1_728' title='bbox 1512 5623 1800 5688; x_wconf 82' lang='grc' dir='ltr'>συγγενεῖς</span> <span class='ocrx_word' id='word_1_729' title='bbox 1827 5621 1974 5676; x_wconf 80' lang='grc' dir='ltr'>οὕτω</span> 
     </span>
    </p>
   </div>
   <div class='ocr_carea' id='block_1_103' title="bbox 382 5705 1963 5784">
    <p class='ocr_par' dir='ltr' id='par_1_103' title="bbox 382 5705 1963 5784">
     <span class='ocr_line' id='line_1_103' title="bbox 382 5705 1963 5784; baseline 0.006 -26"><span class='ocrx_word' id='word_1_730' title='bbox 382 5705 630 5770; x_wconf 75' lang='grc' dir='ltr'>ἐλεεινῶς</span> <span class='ocrx_word' id='word_1_731' title='bbox 682 5706 904 5777; x_wconf 71' lang='grc' dir='ltr'>ἔχοντας</span> <span class='ocrx_word' id='word_1_732' title='bbox 965 5710 1089 5763; x_wconf 79' lang='grc' dir='ltr'>ἰδὼν</span> <span class='ocrx_word' id='word_1_733' title='bbox 1169 5711 1320 5782; x_wconf 66' lang='grc' dir='ltr'>παρὰ</span> <span class='ocrx_word' id='word_1_734' title='bbox 1375 5714 1556 5766; x_wconf 78' lang='grc' dir='ltr'>πᾶσαν</span> <span class='ocrx_word' id='word_1_735' title='bbox 1612 5714 1963 5784; x_wconf 70' lang='grc' dir='ltr'>τροτδοκὶανυ</span> 
     </span>
    </p>
   </div>
   <div class='ocr_carea' id='block_1_104' title="bbox 445 5888 1010 5949">
    <p class='ocr_par' dir='ltr' id='par_1_104' title="bbox 445 5888 1010 5949">
     <span class='ocr_line' id='line_1_104' title="bbox 445 5888 1010 5949; baseline 0.011 -8"><span class='ocrx_word' id='word_1_736' title='bbox 445 5889 461 5919; x_wconf 78' lang='grc'><strong><em>³</em></strong></span> <span class='ocrx_word' id='word_1_737' title='bbox 507 5888 701 5944; x_wconf 74' lang='lat' dir='ltr'><strong>Mattn.</strong></span> <span class='ocrx_word' id='word_1_738' title='bbox 763 5907 920 5949; x_wconf 62' lang='grc' dir='ltr'>χχιιι.</span> <span class='ocrx_word' id='word_1_739' title='bbox 957 5892 1010 5947; x_wconf 82' lang='grc'><strong>5.</strong></span> 
     </span>
    </p>
   </div>
   <div class='ocr_carea' id='block_1_105' title="bbox 2067 4687 3674 4756">
    <p class='ocr_par' dir='ltr' id='par_1_105' title="bbox 2067 4687 3674 4756">
     <span class='ocr_line' id='line_1_105' title="bbox 2067 4687 3674 4756; baseline -0.002 -11"><span class='ocrx_word' id='word_1_740' title='bbox 2067 4709 2188 4745; x_wconf 76' lang='lat' dir='ltr'><strong>cuin</strong></span> <span class='ocrx_word' id='word_1_741' title='bbox 2245 4690 2594 4750; x_wconf 81' lang='lat' dir='ltr'><strong>sententiam,</strong></span> <span class='ocrx_word' id='word_1_742' title='bbox 2659 4698 2746 4752; x_wconf 86' lang='lat' dir='ltr'><strong>ut_</strong></span> <span class='ocrx_word' id='word_1_743' title='bbox 2799 4689 2919 4756; x_wconf 76' lang='lat' dir='ltr'><strong>igne</strong></span> <span class='ocrx_word' id='word_1_744' title='bbox 2976 4697 3332 4748; x_wconf 59' lang='lat' dir='ltr'><strong>ereunri-tur,</strong></span> <span class='ocrx_word' id='word_1_745' title='bbox 3385 4687 3674 4742; x_wconf 80' lang='lat' dir='ltr'><strong>formidine</strong></span> 
     </span>
    </p>
   </div>
   <div class='ocr_carea' id='block_1_106' title="bbox 2068 4781 3673 4847">
    <p class='ocr_par' dir='ltr' id='par_1_106' title="bbox 2068 4781 3673 4847">
     <span class='ocr_line' id='line_1_106' title="bbox 2068 4781 3673 4847; baseline -0.003 -9"><span class='ocrx_word' id='word_1_746' title='bbox 2068 4786 2432 4845; x_wconf 74' lang='lat' dir='ltr'><strong>excruciatus,</strong></span> <span class='ocrx_word' id='word_1_747' title='bbox 2472 4781 2691 4835; x_wconf 86' lang='lat' dir='ltr'><strong>lelhalia</strong></span> <span class='ocrx_word' id='word_1_748' title='bbox 2734 4782 2958 4835; x_wconf 77' lang='lat' dir='ltr'><strong>Vulnera</strong></span> <span class='ocrx_word' id='word_1_749' title='bbox 2994 4782 3045 4832; x_wconf 91' lang='lat' dir='ltr'><strong>in</strong></span> <span class='ocrx_word' id='word_1_750' title='bbox 3075 4797 3170 4833; x_wconf 83' lang='lat' dir='ltr'><strong>cor</strong></span> <span class='ocrx_word' id='word_1_751' title='bbox 3228 4782 3527 4847; x_wconf 89' lang='lat' dir='ltr'><strong>accipiens,</strong></span> <span class='ocrx_word' id='word_1_752' title='bbox 3555 4791 3673 4834; x_wconf 83' lang='lat' dir='ltr'><strong>tan-</strong></span> 
     </span>
    </p>
   </div>
   <div class='ocr_carea' id='block_1_107' title="bbox 2066 4875 3673 4946">
    <p class='ocr_par' dir='ltr' id='par_1_107' title="bbox 2066 4875 3673 4946">
     <span class='ocr_line' id='line_1_107' title="bbox 2066 4875 3673 4946; baseline 0.001 -18"><span class='ocrx_word' id='word_1_753' title='bbox 2066 4893 2226 4946; x_wconf 89' lang='lat' dir='ltr'><strong>quatn</strong></span> <span class='ocrx_word' id='word_1_754' title='bbox 2284 4877 2564 4930; x_wconf 86' lang='lat' dir='ltr'><strong>histrionis</strong></span> <span class='ocrx_word' id='word_1_755' title='bbox 2600 4876 2782 4929; x_wconf 82' lang='lat' dir='ltr'><strong>habitu</strong></span> <span class='ocrx_word' id='word_1_756' title='bbox 2827 4875 3072 4943; x_wconf 83' lang='lat' dir='ltr'><strong>deposito</strong></span> <span class='ocrx_word' id='word_1_757' title='bbox 3102 4876 3366 4942; x_wconf 88' lang='lat' dir='ltr'><strong>itnposlor</strong></span> <span class='ocrx_word' id='word_1_758' title='bbox 3427 4876 3673 4943; x_wconf 75' lang='lat' dir='ltr'><strong>cognitus</strong></span> 
     </span>
    </p>
   </div>
   <div class='ocr_carea' id='block_1_108' title="bbox 2069 4967 3674 5038">
    <p class='ocr_par' dir='ltr' id='par_1_108' title="bbox 2069 4967 3674 5038">
     <span class='ocr_line' id='line_1_108' title="bbox 2069 4967 3674 5038; baseline -0.002 -15"><span class='ocrx_word' id='word_1_759' title='bbox 2069 4980 2170 5033; x_wconf 85' lang='lat' dir='ltr'><strong>est,</strong></span> <span class='ocrx_word' id='word_1_760' title='bbox 2207 4970 2482 5038; x_wconf 74' lang='lat' dir='ltr'><strong>mysteriis</strong></span> <span class='ocrx_word' id='word_1_761' title='bbox 2520 4970 2639 5023; x_wconf 84' lang='lat' dir='ltr'><strong>fidei</strong></span> <span class='ocrx_word' id='word_1_762' title='bbox 2673 4969 2840 5038; x_wconf 80' lang='lat' dir='ltr'><strong>ipsius</strong></span> <span class='ocrx_word' id='word_1_763' title='bbox 2882 4969 3094 5036; x_wconf 85' lang='lat' dir='ltr'><strong>publice</strong></span> <span class='ocrx_word' id='word_1_764' title='bbox 3141 4968 3445 5036; x_wconf 81' lang='lat' dir='ltr'><strong>patefactis,</strong></span> <span class='ocrx_word' id='word_1_765' title='bbox 3487 4977 3542 5021; x_wconf 88' lang='lat' dir='ltr'><strong>et</strong></span> <span class='ocrx_word' id='word_1_766' title='bbox 3587 4967 3674 5021; x_wconf 84' lang='lat' dir='ltr'><strong>lt-</strong></span> 
     </span>
    </p>
   </div>
   <div class='ocr_carea' id='block_1_109' title="bbox 2072 5063 3670 5130">
    <p class='ocr_par' dir='ltr' id='par_1_109' title="bbox 2072 5063 3670 5130">
     <span class='ocr_line' id='line_1_109' title="bbox 2072 5063 3670 5130; baseline 0.003 -18"><span class='ocrx_word' id='word_1_767' title='bbox 2072 5071 2311 5116; x_wconf 79' lang='lat' dir='ltr'><strong>lel‘arum</strong></span> <span class='ocrx_word' id='word_1_768' title='bbox 2348 5066 2717 5116; x_wconf 84' lang='lat' dir='ltr'><strong>monumentis</strong></span> <span class='ocrx_word' id='word_1_769' title='bbox 2755 5065 2941 5130; x_wconf 79' lang='lat' dir='ltr'><strong>tropa-i</strong></span> <span class='ocrx_word' id='word_1_770' title='bbox 2979 5063 3096 5116; x_wconf 91' lang='lat' dir='ltr'><strong>loco</strong></span> <span class='ocrx_word' id='word_1_771' title='bbox 3126 5063 3487 5130; x_wconf 76' lang='lat' dir='ltr'><strong>consignatis,</strong></span> <span class='ocrx_word' id='word_1_772' title='bbox 3544 5078 3670 5117; x_wconf 88' lang='lat' dir='ltr'><strong>cum</strong></span> 
     </span>
    </p>
   </div>
   <div class='ocr_carea' id='block_1_110' title="bbox 2072 5155 3674 5225">
    <p class='ocr_par' dir='ltr' id='par_1_110' title="bbox 2072 5155 3674 5225">
     <span class='ocr_line' id='line_1_110' title="bbox 2072 5155 3674 5225; baseline 0.001 -16"><span class='ocrx_word' id='word_1_773' title='bbox 2072 5163 2128 5209; x_wconf 92' lang='lat' dir='ltr'><strong>et</strong></span> <span class='ocrx_word' id='word_1_774' title='bbox 2191 5156 2440 5224; x_wconf 82' lang='lat' dir='ltr'><strong>discipuli</strong></span> <span class='ocrx_word' id='word_1_775' title='bbox 2485 5155 2625 5224; x_wconf 79' lang='lat' dir='ltr'><strong>ejus,</strong></span> <span class='ocrx_word' id='word_1_776' title='bbox 2686 5167 2739 5208; x_wconf 90' lang='lat' dir='ltr'><strong>et</strong></span> <span class='ocrx_word' id='word_1_777' title='bbox 2781 5156 2857 5209; x_wconf 90' lang='lat' dir='ltr'><strong>illi</strong></span> <span class='ocrx_word' id='word_1_778' title='bbox 2911 5157 3212 5224; x_wconf 65' lang='lat' dir='ltr'><strong>prtesertim</strong></span> <span class='ocrx_word' id='word_1_779' title='bbox 3257 5157 3347 5224; x_wconf 92' lang='lat' dir='ltr'><strong>qui</strong></span> <span class='ocrx_word' id='word_1_780' title='bbox 3410 5157 3674 5225; x_wconf 78' lang='lat' dir='ltr'><strong>sanguine</strong></span> 
     </span>
    </p>
   </div>
   <div class='ocr_carea' id='block_1_111' title="bbox 2071 5249 3675 5314">
    <p class='ocr_par' dir='ltr' id='par_1_111' title="bbox 2071 5249 3675 5314">
     <span class='ocr_line' id='line_1_111' title="bbox 2071 5249 3675 5314; baseline 0.002 -15"><span class='ocrx_word' id='word_1_781' title='bbox 2071 5259 2119 5299; x_wconf 85' lang='lat' dir='ltr'><strong>el</strong></span> <span class='ocrx_word' id='word_1_782' title='bbox 2186 5249 2586 5302; x_wconf 59' lang='lat' dir='ltr'><strong>necessitudine</strong></span> <span class='ocrx_word' id='word_1_783' title='bbox 2648 5250 2920 5314; x_wconf 72' lang='lat' dir='ltr'><strong>conjuncti</strong></span> <span class='ocrx_word' id='word_1_784' title='bbox 2959 5257 3137 5309; x_wconf 85' lang='lat' dir='ltr'><strong>erant,</strong></span> <span class='ocrx_word' id='word_1_785' title='bbox 3205 5249 3256 5299; x_wconf 94' lang='lat' dir='ltr'><strong>in</strong></span> <span class='ocrx_word' id='word_1_786' title='bbox 3287 5262 3562 5301; x_wconf 84' lang='lat' dir='ltr'><strong>Carcercm</strong></span> <span class='ocrx_word' id='word_1_787' title='bbox 3619 5259 3675 5303; x_wconf 89' lang='lat' dir='ltr'><strong>et</strong></span> 
     </span>
    </p>
   </div>
   <div class='ocr_carea' id='block_1_112' title="bbox 2072 5340 3675 5409">
    <p class='ocr_par' dir='ltr' id='par_1_112' title="bbox 2072 5340 3675 5409">
     <span class='ocr_line' id='line_1_112' title="bbox 2072 5340 3675 5409; baseline 0.001 -18"><span class='ocrx_word' id='word_1_788' title='bbox 2072 5340 2287 5394; x_wconf 81' lang='lat' dir='ltr'><strong>vincula</strong></span> <span class='ocrx_word' id='word_1_789' title='bbox 2323 5341 2550 5406; x_wconf 72' lang='lat' dir='ltr'><strong>COltjt&#39;Cli</strong></span> <span class='ocrx_word' id='word_1_790' title='bbox 2583 5349 2731 5402; x_wconf 88' lang='lat' dir='ltr'><strong>sunt,</strong></span> <span class='ocrx_word' id='word_1_791' title='bbox 2760 5349 2814 5393; x_wconf 90' lang='lat' dir='ltr'><strong>et</strong></span> <span class='ocrx_word' id='word_1_792' title='bbox 2849 5341 3232 5409; x_wconf 88' lang='lat' dir='ltr'><strong>omuilmsipse</strong></span> <span class='ocrx_word' id='word_1_793' title='bbox 3269 5341 3503 5406; x_wconf 85' lang='lat' dir='ltr'><strong>undique</strong></span> <span class='ocrx_word' id='word_1_794' title='bbox 3524 5343 3675 5394; x_wconf 75' lang='lat' dir='ltr'><strong>auxi-</strong></span> 
     </span>
    </p>
   </div>
   <div class='ocr_carea' id='block_1_113' title="bbox 2071 5431 3672 5502">
    <p class='ocr_par' dir='ltr' id='par_1_113' title="bbox 2071 5431 3672 5502">
     <span class='ocr_line' id='line_1_113' title="bbox 2071 5431 3672 5502; baseline 0 -16"><span class='ocrx_word' id='word_1_795' title='bbox 2071 5432 2159 5488; x_wconf 90' lang='lat' dir='ltr'><strong>liis</strong></span> <span class='ocrx_word' id='word_1_796' title='bbox 2188 5445 2241 5488; x_wconf 90' lang='lat' dir='ltr'><strong>et</strong></span> <span class='ocrx_word' id='word_1_797' title='bbox 2271 5434 2418 5486; x_wconf 83' lang='lat' dir='ltr'><strong>inani</strong></span> <span class='ocrx_word' id='word_1_798' title='bbox 2455 5447 2549 5501; x_wconf 88' lang='lat' dir='ltr'><strong>spe</strong></span> <span class='ocrx_word' id='word_1_799' title='bbox 2589 5431 2851 5500; x_wconf 80' lang='lat' dir='ltr'><strong>spoliatus</strong></span> <span class='ocrx_word' id='word_1_800' title='bbox 2880 5439 2980 5483; x_wconf 81' lang='lat' dir='ltr'><strong>est.</strong></span> <span class='ocrx_word' id='word_1_801' title='bbox 3009 5432 3144 5484; x_wconf 75' lang='lat' dir='ltr'><strong>Cum</strong></span> <span class='ocrx_word' id='word_1_802' title='bbox 3171 5431 3316 5484; x_wconf 81' lang='lat' dir='ltr'><strong>enim</strong></span> <span class='ocrx_word' id='word_1_803' title='bbox 3379 5433 3672 5502; x_wconf 78' lang='lat' dir='ltr'><strong>discipulus</strong></span> 
     </span>
    </p>
   </div>
   <div class='ocr_carea' id='block_1_114' title="bbox 2070 5510 3672 5593">
    <p class='ocr_par' dir='ltr' id='par_1_114' title="bbox 2070 5510 3672 5593">
     <span class='ocr_line' id='line_1_114' title="bbox 2070 5510 3672 5593; baseline -0.002 -7"><span class='ocrx_word' id='word_1_804' title='bbox 2070 5543 2125 5586; x_wconf 91' lang='lat' dir='ltr'><strong>et</strong></span> <span class='ocrx_word' id='word_1_805' title='bbox 2164 5531 2504 5585; x_wconf 87' lang='lat' dir='ltr'><strong>necessarios</strong></span> <span class='ocrx_word' id='word_1_806' title='bbox 2541 5570 2556 5593; x_wconf 89' lang='lat'><strong>,</strong></span> <span class='ocrx_word' id='word_1_807' title='bbox 2590 5537 2648 5581; x_wconf 83' lang='lat' dir='ltr'><strong>ut</strong></span> <span class='ocrx_word' id='word_1_808' title='bbox 2679 5529 2885 5582; x_wconf 81' lang='lat' dir='ltr'><strong>dictum</strong></span> <span class='ocrx_word' id='word_1_809' title='bbox 2920 5510 3024 5589; x_wconf 66' lang='lat' dir='ltr'><strong>cst,</strong></span> <span class='ocrx_word' id='word_1_810' title='bbox 3066 5538 3172 5580; x_wconf 85' lang='lat' dir='ltr'><strong>tam</strong></span> <span class='ocrx_word' id='word_1_811' title='bbox 3201 5529 3400 5581; x_wconf 69' lang='lat' dir='ltr'><strong>mism&#39;e</strong></span> <span class='ocrx_word' id='word_1_812' title='bbox 3444 5528 3672 5582; x_wconf 59' lang='lat' dir='ltr'><strong>affectos</strong></span> 
     </span>
    </p>
   </div>
   <div class='ocr_carea' id='block_1_115' title="bbox 2071 5621 3674 5696">
    <p class='ocr_par' dir='ltr' id='par_1_115' title="bbox 2071 5621 3674 5696">
     <span class='ocr_line' id='line_1_115' title="bbox 2071 5621 3674 5696; baseline -0.003 -15"><span class='ocrx_word' id='word_1_813' title='bbox 2071 5626 2425 5696; x_wconf 71' lang='lat' dir='ltr'><strong>perspiceret,</strong></span> <span class='ocrx_word' id='word_1_814' title='bbox 2482 5638 2622 5692; x_wconf 90' lang='lat' dir='ltr'><strong>quos</strong></span> <span class='ocrx_word' id='word_1_815' title='bbox 2658 5627 2723 5675; x_wconf 87' lang='lat' dir='ltr'><strong>ad</strong></span> <span class='ocrx_word' id='word_1_816' title='bbox 2765 5631 3068 5675; x_wconf 72' lang='lat' dir='ltr'><strong>extremum</strong></span> <span class='ocrx_word' id='word_1_817' title='bbox 3110 5636 3280 5689; x_wconf 83' lang='lat' dir='ltr'><strong>usque</strong></span> <span class='ocrx_word' id='word_1_818' title='bbox 3314 5622 3455 5675; x_wconf 85' lang='lat' dir='ltr'><strong>diem</strong></span> <span class='ocrx_word' id='word_1_819' title='bbox 3487 5621 3674 5676; x_wconf 66' lang='lat' dir='ltr'><strong>felicias</strong></span> 
     </span>
    </p>
   </div>
   <div class='ocr_carea' id='block_1_116' title="bbox 2077 5713 3673 5799">
    <p class='ocr_par' dir='ltr' id='par_1_116' title="bbox 2077 5713 3673 5799">
     <span class='ocr_line' id='line_1_116' title="bbox 2077 5713 3673 5799; baseline -0.004 -24"><span class='ocrx_word' id='word_1_820' title='bbox 2077 5719 2291 5775; x_wconf 67' lang='lat' dir='ltr'><strong>futuros</strong></span> <span class='ocrx_word' id='word_1_821' title='bbox 2339 5733 2406 5773; x_wconf 78' lang='lat' dir='ltr'><strong>ex</strong></span> <span class='ocrx_word' id='word_1_822' title='bbox 2470 5716 2614 5799; x_wconf 79' lang='lat' dir='ltr'><strong>regis</strong></span> <span class='ocrx_word' id='word_1_823' title='bbox 2674 5714 2955 5786; x_wconf 87' lang='lat' dir='ltr'><strong>promissis</strong></span> <span class='ocrx_word' id='word_1_824' title='bbox 3016 5713 3384 5782; x_wconf 78' lang='lat' dir='ltr'><strong>existimabat,</strong></span> <span class='ocrx_word' id='word_1_825' title='bbox 3412 5729 3578 5785; x_wconf 86' lang='lat' dir='ltr'><strong>seque</strong></span> <span class='ocrx_word' id='word_1_826' title='bbox 3603 5716 3673 5769; x_wconf 87' lang='lat' dir='ltr'><strong>ab</strong></span> 
     </span>
    </p>
   </div>
  </div>
