4420 6462
791 413 930 479 1319

2032 401 2418 465 EUTHYMII
2459 399 2824 460 ZIGABENI

3922 398 4065 461 1320

786 530 892 582 illis
919 525 1237 595 proditionis
1265 521 1522 584 incusari,
1572 519 1749 573 fontes
1779 518 1963 574 emisit
2001 517 2385 586 lacrymarum,
2418 521 2461 576 Α
2500 531 2531 580 μ

2319 528 2385 578 m,
2418 521 2461 576 Α
2500 514 2796 580 μέχριγάρ
2824 510 2918 579 τῆς
2952 509 3264 570 τελευταίας
3307 509 3518 578 ἡμέρας
3575 509 3711 578 ᾤετο
3745 511 3951 573 πάντας
4007 517 4064 564 ἐν

783 628 841 673 et
871 617 1169 686 profundos
1198 615 1371 667 edidit
1407 614 1662 681 gemitus,
1695 610 1895 677 quibus
1949 610 2132 661 cordis
2161 605 2377 657 flamma

787 711 1151 765 indicabatur.
1206 706 1582 759 Calamitatum
1633 703 1795 769 igitur
1855 711 2110 766 tanquam
2169 696 2384 747 turbine

790 803 1031 871 quodam
1064 800 1299 867 jactatus
1326 797 1509 849 animo
1533 792 1842 854 deficiebat,
1879 800 1934 845 et
1966 790 2215 856 spiritum
2244 785 2384 838 reci-

787 895 941 963 piens
968 905 1182 944 rursum
1251 887 1621 952 torquebatur,
1676 893 1728 936 et
1765 882 2062 936 consistere
2094 894 2198 931 non
2231 885 2384 943 pote-

790 993 903 1047 rat,
945 982 1117 1034 donec
1155 995 1183 1031 a
1223 977 1491 1031 ministris
1520 975 1762 1027 sublatus
1793 974 1857 1025 ad
1901 985 2088 1040 pyram
2154 977 2386 1028 tractus,

789 1085 845 1130 et
876 1070 1346 1129 voredeficiente,
1413 1065 1765 1132 anhelituque
1818 1074 2079 1132 perpetuo
2133 1059 2390 1112 laborans

792 1169 844 1220 in
873 1165 1144 1218 flammam
1179 1159 1457 1225 conjectus
1492 1169 1597 1219 est,
1627 1169 1788 1223 atque
1835 1155 1904 1206 ita
1943 1149 2194 1208 dammni.
2230 1162 2389 1214 quem

792 1256 1140 1314 adoraverat,
1174 1249 1398 1302 effectus
1436 1247 1834 1300 holocaustum.
1880 1240 1971 1293 Sic
2005 1242 2120 1308 ipse
2171 1237 2390 1303 quidem

797 1349 852 1401 in
889 1346 1064 1398 locum
1105 1339 1451 1394 tenebrarum
1483 1347 1536 1390 et
1567 1336 1798 1388 aliorum
1828 1333 2086 1385 malorum
2110 1329 2210 1381 sibi
2240 1340 2396 1394 para-

795 1452 907 1491 tum
941 1432 1214 1504 profectus
1241 1440 1344 1483 est.
1377 1429 1587 1496 Corpus
1642 1435 1822 1478 autem
1860 1420 2213 1476 infelicissimi
2246 1418 2395 1470 senis

795 1533 1043 1593 resurget
1079 1523 1302 1575 omnino
1354 1519 1406 1571 in
1461 1517 1548 1571 die
1609 1516 1915 1567 communis
1963 1508 2385 1563 resurrectionis

795 1634 862 1672 ex
909 1615 1120 1667 Domini
1147 1611 1436 1670 sententia,
1471 1606 1560 1675 qui
1592 1606 1728 1658 dixit
1781 1604 2026 1656 homines
2058 1608 2396 1652 resurrectu-

797 1725 908 1771 ros,
941 1710 1240 1773 iturosque,
1274 1703 1364 1771 qui
1402 1699 1539 1752 mala
1573 1697 1780 1766 egerint
1811 1697 1862 1748 in
1900 1692 2220 1762 supplicium
2250 1704 2398 1742 sent-

796 1801 1061 1870 piternum
1086 1837 1100 1859 ,
1137 1793 1382 1863 quamvis
1405 1793 1503 1843 iste
1554 1798 1886 1842 mortuorum
1919 1782 2396 1842 resurrectionem,

799 1903 908 1944 tam
959 1888 1139 1941 multis
1175 1883 1420 1951 Apostoli

803 1981 1270 2044 strationibusque
1347 1987 1603 2046 tauquam
1657 1971 1808 2026 falsis
1873 1967 2114 2038 rejectis,
2164 1964 2400 2017 futuram

798 2089 1094 2147 negaverit.

2485 603 2708 664 ἀγαθοῖς
2739 598 2878 653 εῐνσι
2909 601 3050 654 κατὰ
3073 601 3172 666 τὴν
3195 600 3289 650 τοῦ
3316 599 3576 665 βασιλέως
3608 601 3900 667 ὑπόσχεσιν
3921 619 3935 632 ·
3972 605 4063 653 καὶ

2485 692 2775 761 προδοσίαν
2830 690 2963 760 παρ’
2987 691 3166 742 αὐτῶν
3211 691 3520 758 ἐγκληθεὶς,
3576 693 3757 761 ἀφῆκε
3814 692 3908 760 μὲν
3975 712 4066 744 πι-

2485 780 2636 852 κρῶν
2657 780 2908 849 δακρύων
2944 780 3146 848 πηγὰς,
3179 780 3464 847 ἀνέπεμψε
3498 781 3555 832 δὲ
3598 783 3925 850 στεναγμοὺς
3972 782 4069 850 βυ-

2489 871 2660 936 θίους,
2689 872 2787 940 τὴν
2815 870 2964 923 ἔνδον
2992 871 3092 937 τῆς
3135 871 3360 940 καρδίας
3413 871 3586 940 φλόγα
3621 874 3944 942 μηνύοντας,
3976 874 4073 926 καὶ

2491 964 2745 1032 καθάπερ
2789 963 2994 1030 τυφῶνι
3020 965 3140 1026 ταῖς
3171 968 3482 1032 συμφοραῖς
3515 966 3752 1035 βληθεὶς,
3792 967 4071 1018 ἔλειποθύ-

2495 1069 2606 1120 μει,
2635 1052 2730 1104 καὶ
2767 1052 3154 1120 ἀνακτώμενος
3177 1049 3332 1114 αὖθις
3356 1057 3714 1123 κατεφέρετο,
3751 1057 3943 1125 στῆναι
3993 1056 4070 1124 μὴ

2492 1143 2791 1210 δυνάμενος
2812 1143 2916 1202 ἓως
2943 1143 3046 1194 ὑπὸ
3089 1144 3198 1195 τῶν
3225 1145 3380 1210 ἄγειν
3408 1145 3806 1199 κελευσθέντων
3866 1146 4072 1214 ἀρθεὶς,

2496 1233 2900 1301 βασταζόμενος
2928 1234 3153 1303 ἀπήχθη
3179 1237 3312 1304 πρὸς
3337 1238 3438 1303 τὴν
3463 1237 3666 1305 πυρὰν,
3704 1241 3796 1289 καὶ
3827 1241 3923 1306 τῆς
3957 1257 4076 1303 φω-

2496 1325 2589 1390 νῆς
2615 1323 2779 1374 αὐτὸν
2803 1323 3214 1392 ἐπιλειπούσης,
3250 1327 3438 1396 πυκνῷ
3477 1329 3552 1395 τῷ
3600 1328 3841 1396 ἄσθματι
3911 1347 4078 1380 κατα-

2501 1412 2735 1480 σχεθεὶς,
2764 1414 3059 1483 ἠκοντίσθη
3091 1416 3229 1466 κατά
3290 1418 3388 1482 τῆς
3430 1419 3652 1483 φλογὸς,
3695 1421 3785 1468 καὶ
3837 1418 4078 1469 ὡλοκαυο

2498 1504 2644 1570 τά)οη
2683 1505 2762 1572 τῷ
2794 1507 3261 1574 προσκυνουμένῳ
3294 1507 3423 1574 παρ’
3457 1507 3623 1558 αὑτοῦ
3673 1507 3910 1576 δαίμονι.
3969 1511 4080 1562 Kal.

2499 1595 2664 1657 αὐτὸς
2695 1596 2793 1664 μὲν
2821 1596 3122 1664 ὲξεδήμησε
3162 1597 3295 1665 πρὸς
3328 1597 3417 1649 τὸν
3463 1600 3876 1665 ἡτοιμασμένον
3925 1600 4082 1668 αὐτῷ

2499 1688 2673 1738 τόπον
2724 1685 2818 1736 τοῦ
2879 1685 3105 1748 σκότους
3169 1688 3261 1737 καὶ
3318 1687 3413 1755 τῆς
3447 1688 3612 1752 ἄλλης
3636 1689 3969 1749 κακώσεως’
4018 1690 4084 1740 τὸ

2504 1777 2664 1845 σῶμα
2693 1777 2748 1829 δὲ
2772 1776 2866 1828 τοῦ
2894 1778 3212 1846 τρισαθλίου
3247 1778 3438 1829 τούτου
3478 1779 3734 1845 γέροντος
3786 1780 4084 1848 ἀναστήσε-

1520 1879 1847 1933 testimoniis
1894 1877 1959 1928 de
2020 1875 2108 1927 illa
2177 1873 2401 1925 demon-
2436 1882 2474 1936 [3
2501 1884 2590 1919 ται
2623 1866 2838 1928 πάντως
2873 1869 2932 1918 ἐν
2957 1870 3024 1936 τῇ
3057 1868 3265 1936 ἡμέραι

2343 1886 2401 1921 n-
2436 1882 2474 1936 Β
2501 1884 2590 1919 ται
2623 1866 2838 1928 πάντως
2873 1869 2932 1918 ἐν
2957 1870 3024 1936 τῇ
3057 1868 3238 1936 ἡμέρα
3263 1866 3361 1934 τῆς
3393 1868 3578 1933 κοινῆς
3602 1868 3950 1929 ἀναστάσεως
3986 1885 4085 1920 κα-

2510 1957 2578 2010 τά
2607 1958 2707 2026 τὴν
2742 1959 2834 2011 τοῦ
2870 1959 3123 2027 Σωτῆρος
3167 1957 3464 2024 ἀπόφασιν,
3508 1959 3817 2028 εἰρηκότος,
3846 1959 4087 2026 ἀναστή-

2503 2049 2693 2100 σεσθαι
2729 2049 2979 2110 καὶτοὺς
3013 2049 3080 2102 τὰ
3125 2047 3304 2115 φαῦλα
3355 2049 3668 2116 πράξαντας
3713 2051 3794 2112 εἰς
3867 2051 4090 2102 κόλασιν

799 2171 1116 2235 αίώνιον,εί
1155 2169 1248 2222 καὶ
1309 2163 1470 2223 αὐτὸς
1502 2161 1576 2230 μὴ
1609 2157 1750 2224 εἶναι
1803 2155 1910 2207 τῶν
1961 2150 2271 2204 τεθνεώτων
2333 2141 2630 2195 ἀλάστασιν
2693 2141 3039 2208 ἐδογμάτιξε,
3111 2142 3208 2202 τάς
3256 2141 3529 2202 τοσαύτας
3595 2141 3692 2194 τοῦ
3768 2143 4090 2197 Ἀποστόλου

799 2268 930 2336 περὶ
964 2266 1167 2334 ταύτης
1228 2258 1553 2330 μαρτυρίας,
1611 2254 1703 2306 καὶ
1760 2251 2015 2318 γενναίας
2071 2240 2399 2303 ἀποδείξεις,
2439 2233 2751 2301 ὼςψευὸεῖς
2781 2233 3230 2302 παρωθούμενος.

871 2384 963 2436 ‘23.
993 2381 1260 2433 Dicuntse
1277 2391 1380 2430 non
1399 2376 1455 2429 in
1472 2371 1676 2427 somnis
1699 2368 1896 2429 solum,
1914 2365 2006 2424 sed
2028 2364 2189 2416 etiam
2213 2369 2407 2411 revera

799 2488 1024 2530 cernere
1049 2473 1260 2524 Patrem
1281 2476 1535 2534 tanquam
1551 2477 1734 2518 senem
1752 2455 2016 2528 profunda
2040 2452 2203 2508 barba
2227 2447 2413 2517 pranli-

803 2583 937 2630 tum,
973 2563 1168 2618 Filium
1201 2572 1453 2626 tanquam
1482 2556 1733 2624 juvenem
1795 2549 2204 2618 pubescentem,
2237 2540 2410 2609 Spiri-

802 2666 915 2708 tum
969 2660 1212 2705 sanctqu
1251 2644 1548 2699 imberbem
1577 2641 1998 2701 adolescentem,
2032 2650 2160 2688 cum
2187 2633 2269 2685 eis
2301 2631 2409 2680 da:-

807 2759 998 2799 ntones
1032 2743 1103 2794 ita
1133 2755 1190 2794 se
1226 2738 1382 2790 facile
1431 2734 1754 2802 conspicuos
1817 2729 2116 2799 pra-beant,
2147 2740 2256 2791 quo
2289 2722 2409 2774 illos

812 2844 915 2894 hac
941 2840 1237 2890 formarum
1273 2831 1535 2884 varietate
1573 2826 1862 2892 decipiant,
1923 2823 2262 2885 doceantque
2304 2815 2409 2865 im-

808 2946 989 2999 parem
1030 2942 1149 2981 esse
1205 2933 1452 2977 sanctam
1514 2919 1834 2972 Trinitatem
1863 2923 1917 2968 et
1988 2912 2410 2977 discrepantem,

807 3022 1171 3084 Arianatnque
1228 3015 1387 3067 unius
1464 3018 1670 3062 natura:
1761 3004 2055 3058 sectionem
2110 2999 2220 3052 illis
2285 2994 2409 3061 inji-

807 3117 976 3168 ciant.

882 3315 973 3369 24.
1001 3309 1385 3366 Monachorum
1412 3318 1562 3357 more
1591 3315 1648 3354 se
1677 3299 1934 3354 vestiunt,
1962 3307 2012 3347 et
2046 3306 2233 3346 eorum
2263 3287 2417 3342 habi-

814 3419 925 3462 tmn
947 3418 1200 3471 tauquam
1217 3414 1398 3453 escam
1414 3402 1714 3454 asxumunt,
1727 3401 1874 3444 veste
1891 3389 2073 3456 lupum
2093 3383 2419 3437 absconden-

814 3513 916 3561 tes,
951 3512 1059 3566 quo
1079 3492 1348 3547 faciliores
1375 3489 1573 3549 aditus,
1607 3496 1658 3539 et
1698 3479 2034 3550 colloquendi
2070 3475 2411 3533 facultatem,

816 3600 1035 3659 pmpter
1064 3585 1307 3639 habitum
1331 3588 1719 3646 assequamur,
1752 3584 1808 3627 et
1829 3574 1944 3626 sine
1977 3566 2288 3636 suspicione
2319 3576 2416 3631 per

811 3693 1125 3736 st-rmonum
1157 3673 1552 3741 benignitatem
1587 3667 1812 3721 auribus
1875 3658 2210 3715 audientium
2252 3668 2420 3708 vene-

813 3790 942 3829 num
975 3769 1238 3836 injiciant.

882 3887 971 3941 25.
996 3881 1265 3945 Secunda,
1289 3888 1340 3933 et
1360 3886 1576 3947 quarta,
1599 3886 1654 3929 et
1689 3879 1842 3927 sexta
1867 3869 1953 3923 die
1966 3866 2296 3933 singularum
2330 3861 2421 3914 Ιιοο

816 3973 1409 4044 lnlomadnmjejunium
1427 3970 1695 4032 indicunt,
1716 3978 1886 4030 usque
1905 3961 1971 4014 ad
1989 3961 2174 4013 horam
2198 3969 2420 4009 nonam.

818 4074 975 4137 Quod
1010 4071 1053 4121 si
1082 4068 1203 4136 quis
1235 4080 1330 4117 eos
1373 4063 1439 4115 ad
1481 4059 1790 4113 convivium
1824 4061 2004 4117 vocet,
2043 4051 2225 4104 statim
2262 4043 2419 4098 obliti

819 4161 1071 4232 praecepti
1099 4159 1180 4212 sui
1212 4159 1378 4210 edunt
1411 4163 1467 4206 et
1530 4153 1719 4204 bibunt
1770 4159 2028 4214 tanquam
2086 4142 2420 4208 elephantes.

818 4230 892 4308 lix
953 4267 1061 4322 quo
1130 4259 1277 4320 patet
1328 4259 1424 4300 eos
1471 4244 1636 4297 etiam
1692 4238 1964 4308 impudice
2021 4236 2227 4295 vivere,
2296 4230 2422 4282 licet

820 4345 1236 4402 fornicationem
1376 4347 1430 4390 et
1550 4348 1764 4388 omnem
1864 4330 2029 4382 aliam
2139 4323 2421 4378 libidinem

822 4453 1076 4508 tanquam
1119 4434 1302 4490 carnis
1342 4444 1396 4486 et
1433 4427 1683 4498 corporis
1730 4434 1982 4495 expertes
2033 4417 2212 4474 verbis
2277 4417 2424 4469 inse-

820 4542 1004 4586 etentu
1016 4546 1060 4581 Γ.

889 4645 979 4698 26.
1012 4640 1281 4710 Principio
1299 4637 1516 4708 quidem
1550 4632 1843 4689 initiandos
1865 4627 2185 4697 simpliciter
2212 4629 2429 4690 docent,

823 4747 878 4793 et
904 4738 1212 4797 hortantur,
1239 4729 1608 4786 nteredantin
1633 4726 1871 4791 Patrem.
1891 4733 1945 4776 et
1987 4721 2205 4785 Filium,
2238 4717 2430 4786 etSpi-

825 4833 986 4886 ritum
1011 4836 1284 4887 sanctum,
1317 4823 1635 4889 discantque
1663 4818 1941 4873 Christum
1968 4829 2184 4869 carnem
2213 4812 2428 4866 induis-

825 4939 882 4976 se
921 4921 1243 4988 dedisseque
1291 4913 1497 4969 sanctis
1525 4911 1784 4979 apostolis
1810 4924 2026 4964 sacrum
2060 4904 2430 4973 Evangelium.

826 5015 891 5067 Et
954 5012 1167 5082 jubent,
1213 5018 1270 5062 ttt
1331 5004 1643 5074 evangelica
1705 5001 1957 5056 tnandata
2017 4997 2350 5061 custodiant,
2381 5004 2436 5048 et.

825 5115 1135 5180 precentur,
1167 5111 1220 5156 et
1251 5099 1518 5170 jcjunent,
1579 5109 1747 5164 seque
1781 5095 1849 5148 ab
1881 5093 2028 5147 omni
2063 5089 2301 5158 nequitia
2332 5102 2433 5155 pu-

825 5216 917 5256 ros
994 5199 1348 5266 integrosque
1399 5199 1750 5254 conservent,
1808 5196 1863 5242 et
1911 5185 2044 5239 nihil
2098 5181 2433 5253 possideant,

825 5295 1233 5358 clementesque
1263 5288 1394 5349 sint,
1431 5291 1593 5353 atque
1625 5280 1882 5345 humiles,
1916 5287 1971 5333 et
2016 5277 2260 5330 veritatis
2312 5283 2436 5327 stn-

828 5384 991 5446 diosi,
1024 5394 1333 5448 mutu-aeque
1359 5375 1770 5449 benevolentia.
1802 5372 1994 5428 Omnia
2029 5369 2267 5436 denique
2293 5367 2434 5421 bona

829 5475 1171 5546 praecipiunt,
1211 5471 1437 5539 utilique
1463 5469 1712 5522 doctrina
1763 5466 2040 5535 pelliciunt
2069 5461 2438 5532 paulatimque

831 5581 1123 5631 venantur,
1160 5578 1214 5620 et
1247 5567 1313 5620 ad
1347 5565 1628 5618 intetitum
1695 5563 1938 5614 trahunt.
1972 5557 2258 5627 Temporis
2292 5554 2436 5606 enim

832 5677 1120 5734 progressu
1154 5659 1333 5714 tritico
1375 5659 1588 5713 zizania
1624 5655 1903 5727 injiciunt,
1949 5661 2148 5706 etcum
2209 5649 2440 5702 miseros

833 5756 933 5811 sibi
969 5753 1258 5820 subjectos,
1293 5753 1722 5821 obedientesque
1746 5745 2097 5808 reddiderint,
2161 5750 2325 5810 atque
2359 5740 2441 5793 in-

833 5858 912 5902 tra
946 5847 1083 5903 retia
1139 5846 1447 5912 habuerint,
1489 5854 1621 5900 tunc
1674 5840 1873 5899 veneni
1926 5837 2203 5911 potionem
2261 5832 2442 5904 propi-

2582 2359 2685 2417 κγ’.
2723 2355 2987 2420 Λέγουσιν
3033 2355 3134 2406 οὐκ
3173 2355 3305 2424 ὄναρ
3337 2356 3495 2423 μόνον
3519 2354 3797 2418 πολλάκις,
3831 2356 3964 2409 ἀλλά
4000 2347 4096 2408 καί

2511 2444 2659 2512 ῦπαρ
2677 2444 2894 2525 βλέπειν
2913 2446 3003 2498 τὸν
3017 2446 3236 2514 Πατέρα
3257 2448 3377 2515 μὲν,
3392 2449 3462 2508 ὡς
3482 2450 3710 2515 γέροντα
3729 2449 4093 2516 βαθυγένειον,

2506 2536 2597 2588 τὸν
2628 2537 2682 2587 δὲ
2725 2537 2872 2600 Υἱὸν,
2931 2537 3006 2599 ὡς
3029 2537 3311 2608 ὑπηνήτην
3344 2539 3532 2607 ἄνδρα,
3556 2541 3614 2590 τὸ
3650 2540 3704 2590 δὲ
3765 2540 3986 2608 Πνεῦμα
4032 2543 4098 2593 1.5

2509 2629 2683 2694 ἆγιον,
2715 2629 2786 2689 ὡς
2819 2629 3225 2697 λειοπρόσωπον
3251 2631 3487 2694 νεανίαν,
3535 2631 3642 2681 τῶν
3689 2631 3959 2700 δαιμόνων
4017 2634 4098 2691 εἰς

2509 2720 2576 2772 τὰ.
2631 2721 2744 2790 εἴδη
2803 2721 2977 2774 ταῦτα.
3033 2723 3230 2791 ῥᾳδίως
3288 2724 3954 2790 μετασχηματιζομὲνων,
4002 2726 4098 2774 καὶ

2512 2812 2911 2876 ἐξαπατώντων
2941 2813 3160 2875 αὐτοὺς,
3196 2816 3291 2864 καὶ
3321 2814 3679 2866 διδασκόντων
3727 2815 3909 2865 ἄνισον
3961 2811 4100 2865 εἶναι

2511 2902 2609 2970 τὴν
2632 2904 2791 2969 ἁγίαν
2819 2905 3046 2972 Τριάδα,
3083 2906 3176 2956 καὶ
3204 2905 3458 2974 διάφορον
3491 2908 3628 2957 κατά
3668 2907 3767 2972 τὴν
3810 2906 3919 2956 τῶν
3969 2923 4100 2973 σχη-

2516 2995 2702 3062 μάτων
2727 2995 2931 3046 τούτων
2958 2995 3240 3063 διαφορὰν,
3278 2996 3371 3046 καὶ
3399 2996 3514 3065 ’τὴν
3564 2996 3881 3065 ἀρε.ανικὴν
3930 3013 4102 3047 κατα-

2513 3086 2686 3155 τομὴν
2744 3087 2843 3154 τῆς
2913 3089 3041 3153 μιᾶς
3104 3086 3318 3153 φύσεως
3366 3086 3572 3148 τούτοις
3637 3088 4103 3155 ὲγκατασπειρόν-

2438 3215 2483 3272 c
2519 3195 2649 3230 των.

2593 3287 2690 3340 κδ’.
2709 3288 3046 3348 Στολίζονται
3063 3290 3200 3338 κατά
3225 3289 3510 3357 μοναχοὺς,
3524 3286 3694 3340 καὶτὸ
3708 3287 3805 3353 σγῆ
3815 3302 3889 3354 μα
3903 3286 4106 3337 τούτων

2521 3378 2593 3439 ὼς
2623 3378 2816 3446 δέλεαρ
2844 3379 3282 3447 περιϐάλλονται,
3314 3378 3392 3446 τῷ
3416 3379 3594 3446 κωδίῳ
3628 3378 3717 3428 τὸν
3771 3393 3933 3428 λύκον
3979 3379 4112 3428 ὑπο-

2522 3470 2879 3538 κρύπτοντες,
2916 3470 2988 3532 ὼς
3015 3470 3083 3521 ἀν
3113 3469 3356 3530 εὐλαϐῶς
3383 3468 3469 3520 διά
3496 3469 3553 3519 τὸ
3582 3470 3768 3536 σχῆμα
3798 3469 4075 3536 παραίεχό
4095 3499 4106 3504 -

2525 3581 2698 3629 μενοι,
2722 3563 2819 3613 καὶ
2851 3562 3035 3630 χώραν
3071 3560 3285 3630 ὁμιλίας
3344 3560 3733 3629 λαμϐάνοντες,
3789 3561 4114 3620 ἀνυπόπτως

2521 3654 2608 3706 διὰ
2660 3657 2754 3722 τῆς
2811 3654 3205 3723 χρηστολογίας
3251 3651 3636 3704 ὲναποπτύωσι
3688 3653 3779 3703 τὸν
3836 3653 3914 3702 ίὸν
3993 3657 4113 3714 ταῖς

2524 3749 2717 3809 ἀκοαῖς
2744 3747 2855 3800 τῶν
2912 3748 3302 3816 ἀκροωμένων.

2597 3865 2695 3912 κε’.
2739 3859 2927 3929 Πάσης
2956 3859 3249 3928 ἑϐδομάδος
3278 3859 3560 3928 δευτέραν,
3605 3858 3703 3910 καὶ
3748 3858 3998 3925 τετράδα,
4025 3860 4116 3910 καὶ

2527 3952 2882 4022 παρασκευὴν
2927 3951 3369 4020 παραγγέλλουσι
3393 3951 3678 4017 νηστεύειν
3713 3951 3818 4010 ἓως
3856 3951 4004 4017 ὧρας
4033 3953 4116 4002 ὲν-

2526 4049 2713 4114 νάτης.
2756 4043 2905 4096 Είδέ
2936 4060 3020 4106 τις
3075 4043 3273 4104 αὐτοὺς
3337 4042 3430 4094 ἐπὶ
3482 4044 3761 4112 τράπεζαν
3815 4043 4118 4097 καλέσειεν.

2528 4140 2686 4199 εὐθὺς
2713 4136 3065 4205 ἐκλαθόμενοι
3111 4139 3210 4206 τῆς
3269 4135 3641 4205 παραγγελίας
3703 4136 3962 4196 ἐσθίουσι,
4027 4136 4123 4186 καὶ

2527 4230 2794 4294 πίνουσιν,
2831 4228 2906 4290 ὡς
2931 4228 3246 4296 ἐλέφαντες.
3291 4228 3388 4279 Ἐκ
3413 4227 3602 4279 τούτου
3629 4227 3683 4278 δὲ
3717 4227 4008 4294 πρόδηλον,
4041 4229 4124 4278 ὅτι

2527 4321 2962 4388 ἀσελγαίνουσιν,
3003 4319 3052 4369 εί
3083 4319 3176 4372 καὶ
3206 4319 3463 4386 πορνείαν
3515 4318 3608 4368 καλ⁵
3650 4318 3750 4383 τὴν
3781 4315 3945 4386 ἀλλην
3982 4319 4125 4368 ἀκα-

2529 4413 2758 4482 θαρσίαν
2824 4410 2969 4478 λόγῳ
3025 4410 3370 4472 κολάζουσιν,
3420 4407 3497 4470 ὼς
3551 4406 3785 4476 ἇσαρκοι
3827 4407 3923 4482 καὶ
3976 4406 4126 4457 ἀσώ-

2537 4523 2714 4578 ματοι.

2606 4626 2722 4683 κς’.
2767 4617 2855 4669 Ἑν
2870 4617 3010 4688 ἀρχῇ
3037 4615 3133 4686 μὲν
3168 4612 3708 4680 τοὺςείσαγωγικοῦς
3746 4609 3930 4670 ἁπλῶς
3954 4610 4129 4663 διδάσ-

2539 4729 2695 4766 κουσι
2722 4707 3180 4778 παρεγγυώμενοι
3207 4704 3489 4756 πιστεύειν
3512 4704 3589 4764 είς
3607 4702 3846 4769 Πατέρα,
3874 4701 3966 4756 καὶ
3979 4701 4127 4764 Υίὸν,

2536 4805 2632 4857 καὶ
2659 4805 2820 4871 ἀγιον
2849 4801 3095 4870 Πνεῦμα,
3126 4799 3219 4851 καὶ
3243 4797 3534 4864 γινώσκειν
3549 4795 3638 4847 τὸν
3670 4795 3900 4862 Χριστὸν
3930 4811 4128 4863 σεσαρ-

2535 4896 2766 4959 κῶσθαι,
2799 4893 2894 4946 καλ⁸
2921 4891 3102 4944 δοῦναι
3129 4893 3242 4953 τοῖς
3273 4890 3448 4956 ἁγίοις
3493 4889 3814 4949 ἀποστόλοις
3867 4889 3927 4939 τὸ
3987 4888 4130 4955 ἱερὸν

2538 4990 2893 5058 Εὐαγγέλιον,
2934 4991 3028 5039 καὶ
3056 4987 3437 5057 ὑποτιθέμενοι
3471 4987 3659 5056 τηρεῖν
3694 4987 3791 5048 τὰς
3846 4984 4134 5052 εὐαγγελιο

2536 5087 2637 5149 κάς
2662 5085 2907 5145 ὲντολάς,
2951 5082 3044 5134 καὶ
3075 5079 3496 5151 προσεύχεσθαι,
3539 5081 3633 5132 καὶ
3685 5078 3987 5147 νηστεύειν,
4037 5079 4134 5130 καὶ

2538 5179 2791 5248 ἁγνεύειν
2845 5176 3025 5246 πάσης
3089 5172 3458 5244 ἀκαθαρσίας,
3517 5174 3612 5226 καὶ
3653 5174 4007 5242 ἀκτημονεῖν,
4041 5172 4135 5222 καὶ

2541 5272 2910 5338 ἀνεξικακεῖν,
2936 5269 3031 5321 καὶ
3052 5269 3533 5335 ταπεινοφρονεῖν,
3569 5266 3662 5318 καὶ
3699 5264 4008 5334 ἀληθεύειν,
4043 5264 4136 5314 καὶ

2540 5368 2760 5436 ἀγαπᾷν
2793 5364 3077 5433 ἀλλήλους,
3103 5364 3198 5416 καὶ
3219 5361 3408 5425 ἀπλῶς
3425 5361 3637 5430 χρηστά
3664 5360 3842 5413 πάντα
3867 5355 4137 5426 κατηχοῦ-

2541 5475 2613 5519 σι,
2646 5456 2916 5516 σαίνοντες
2943 5454 3042 5524 μὲν
3064 5455 3129 5523 τῇ
3162 5452 3419 5523 χρησίμῳ
3441 5451 3778 5520 διδασκαλία,
3812 5447 4139 5517 θηρεύοντες

2540 5550 2593 5602 δὲ
2618 5549 2758 5602 κατά
2780 5548 2994 5619 μικρὸν,
3029 5548 3122 5600 καὶ
3151 5543 3456 5613 λεληθότως
3485 5543 3709 5610 ἄγοντες
3737 5545 3816 5604 εἰς
3839 5539 4138 5594 ἀπώλειαν.

2544 5643 2752 5713 Καιροῦ
2798 5644 2907 5710 γὰρ
2943 5639 3331 5710 προϐαίνοντος
3360 5677 3376 5702 ,
3434 5636 3816 5705 ἐπισπείρουσι
3873 5633 3952 5702 τῷ
4005 5632 4140 5698 σίτῳ

2541 5741 2635 5791 καὶ
2685 5736 2920 5800 ζιζάνια.
2979 5732 3090 5786 Kal.
3116 5733 3243 5785 ὅταν
3275 5729 3402 5792 τοὺς
3439 5727 3659 5791 ἀθλίους
3681 5725 3988 5797 χειροήθεις
4049 5725 4145 5775 καὶ

2544 5830 2855 5902 πειθηνίους
2894 5828 3258 5899 ἐργάσωνται,
3293 5822 3389 5876 καὶ
3433 5820 3671 5877 λάϐωσιν
3700 5821 3830 5872 εἴσω
3875 5816 3987 5872 τῶν
4043 5818 4147 5886 ἁρ-
