4420 6462
405 437 534 503 1321

396 645 656 707 τέζουσιν,
713 641 1198 710 ἀπαρακαλύπτως
1238 640 1705 708 βλασφημοῦντες,
1776 641 1869 692 καὶ
1915 640 1982 692 τὰ

395 736 641 805 δόγματα
665 733 759 786 τοῦ
789 733 1038 786 διαϐόλου
1076 731 1564 800 μυσταγωγοῦντες
1589 732 1805 793 αυτούς.

468 919 571 981 κζ’.
597 918 1107 987 Παρερμηνεύουσιν
1131 918 1256 979 ὅλας
1282 920 1378 978 τὰς
1416 917 1818 986 προειρημένας
1849 919 1988 971 ἑπτὰ

400 989 639 1079 βίϐλους,
673 1011 741 1061 τὰ
777 1012 994 1078 ῥήματα
1038 1011 1240 1061 τούτων
1295 1008 1700 1077 στρεϐλοῦντες,
1753 1010 1845 1060 καὶ
1887 1009 1986 1077 τῆς

397 1102 562 1170 ὀρθῆς
591 1100 950 1169 ἐκτρέποντες
971 1103 1201 1162 ἐννοίας,
1233 1100 1326 1152 καὶ
1373 1103 1507 1167 προς
1547 1100 1607 1150 τὸ
1644 1098 1833 1151 δοκοῦν
1885 1100 1985 1152 αὖ·

396 1196 510 1253 τοῖς
539 1191 958 1260 μεταφέροντες.
992 1191 1099 1242 Καὶ
1122 1191 1220 1240 ὅσα
1257 1190 1353 1256 μὲν
1387 1191 1512 1258 περὶ
1541 1192 1984 1259 ἁμαρτανόντων,

398 1283 492 1332 καὶ
529 1281 893 1344 ἀσεϐούντων,
951 1283 1045 1330 καὶ
1108 1271 1642 1346 εἰδιυλόλατρούντων
1700 1282 1757 1332 ἐν
1804 1282 1988 1344 αὐτοῖς

398 1364 638 1440 εἴρηται,
664 1372 834 1423 ταῦτα
861 1372 972 1431 τοῖς
1015 1369 1135 1421 καθ’
1180 1371 1323 1438 ἡμᾶς
1369 1374 1577 1432 πιστοῖς
1612 1371 1979 1422 ἀνατιθέασιν·

397 1466 498 1514 ὅσα
529 1463 583 1513 δὲ
613 1465 738 1529 περὶ
771 1461 1207 1530 εύαρεστούντων
1267 1460 1385 1527 Θεῷ
1436 1459 1572 1528 πρὸς
1626 1461 1847 1521 ἑαυτοὺς
1908 1461 1988 1512 ’ἐλ-

396 1572 574 1618 κουσι,
607 1556 702 1605 καὶ
732 1553 867 1622 μετά
891 1552 1266 1621 πληροφορίας
1291 1552 1520 1612 ἑαυτοὺς
1543 1545 1681 1603 εἶναι
1715 1552 1839 1614 τοὺς
1891 1554 1986 1604 ὲκ-

394 1645 638 1707 λεκτοὺς,
667 1646 760 1696 καὶ
793 1644 1036 1703 δικαίους
1067 1643 1163 1694 καὶ
1200 1642 1576 1711 κληρονόμους
1631 1641 1768 1694 Θεοῦ
1798 1643 1986 1708 λέγου-

398 1755 502 1789 σιν.
548 1735 816 1801 Ἐκάστην
851 1734 952 1802 μὲν
997 1729 1090 1785 οὖν
1122 1732 1383 1802 ἐξήγησιν
1425 1732 1604 1800 βίϐλου
1658 1733 1787 1803 παρ’
1844 1734 1986 1786 ὲκεί-

395 1847 500 1880 νων
524 1825 936 1894 ὑφηγουμένην,
973 1823 1174 1891 μᾶλλον
1218 1822 1276 1873 δὲ
1308 1821 1687 1890 παρατροπὴν,
1745 1822 1836 1872 καὶ
1892 1821 1984 1873 τοῦ

1319 435 1694 497 PANOPLIA
1739 436 2190 495 DOGMATICA.
2235 461 2306 473 -
2337 440 2482 498 TlT.
2523 440 2767 502 XXVII.

399 555 566 618 κύων,
595 554 712 606 τότε
745 551 808 621 δὴ
841 551 958 603 τότε
985 551 1073 603 τὸν
1097 550 1344 603 κυκεῶνα
1368 551 1462 602 τοῦ
1503 551 1829 619 δηλητηρίου
1883 568 1976 602 πο-
2010 558 2052 613 Α
2086 563 2234 619 nant,

3551 451 3681 510 1392

3583 493 3682 510 νω-

2318 566 2610 625 aperteque
2669 557 3018 624 maledicunt,
3060 569 3111 612 et
3164 560 3362 615 diaboli
3425 578 3679 632 mysteria

2096 648 2330 698 tradunt.

2161 905 2251 960 27.
2274 905 2434 960 Totos
2463 919 2666 977 septem
2687 911 2853 965 libros
2876 925 3012 980 quos
3045 915 3278 971 diximus
3303 920 3381 972 sic
3417 922 3679 991 interpre.

2093 1005 2298 1063 tantur,
2332 1009 2388 1052 ut
2430 1014 2523 1053 eos
2574 1011 2903 1068 pervertant,
2957 1008 3226 1075 verbaan
3259 1012 3614 1079 delorqueant
3651 1035 3678 1068 a

2093 1099 2239 1141 recta
2281 1092 2571 1152 sententia,
2610 1101 2662 1145 et
2697 1095 2810 1147 suis
2844 1100 3253 1152 accommodent
3314 1105 3679 1171 opinionibus.

2092 1176 2157 1230 Et
2190 1178 2446 1248 quidquid
2473 1181 2527 1232 in
2573 1183 2677 1234 illis
2720 1185 2979 1238 adversus
3042 1200 3352 1255 peceatores
3410 1205 3461 1247 et
3490 1197 3684 1266 impios

2094 1267 2406 1322 idololatras
2445 1272 2642 1324 dictum
2691 1284 2794 1337 est,
2825 1276 2875 1328 id
2907 1288 3095 1332 Contra
3143 1297 3238 1335 nos
3283 1286 3482 1340 dictum
3537 1306 3683 1345 asse-

2093 1369 2262 1424 runt;
2298 1363 2558 1431 quidquid
2599 1377 2773 1420 autem
2804 1369 2871 1421 de
2917 1372 3107 1424 amicis
3163 1375 3276 1434 Dei.
3313 1379 3361 1430 id
3393 1382 3458 1432 ad
3490 1397 3546 1432 se.
3578 1393 3687 1434 tra-

2093 1451 2250 1514 hunt,
2297 1453 2737 1524 cooﬁdenterque
2771 1459 2992 1525 electos,
3032 1473 3084 1514 ct
3113 1464 3311 1530 justos,
3350 1477 3401 1520 et
3440 1472 3685 1528 hreredcs

2091 1540 2184 1594 Dei
2232 1557 2362 1597 suos
2387 1559 2506 1599 esse
2531 1548 2883 1604 contendunt.
2911 1551 3132 1619 Magnus
3164 1555 3324 1624 igitur
3344 1559 3492 1613 labor
3514 1575 3682 1628 esset,

2091 1642 2144 1686 et
2193 1635 2404 1704 longus,
2432 1646 2485 1691 et
2515 1639 2735 1704 stultus,
2767 1651 2926 1709 atque
2957 1646 3160 1702 inutilis
3188 1652 3229 1703 si
3262 1655 3381 1719 quis
3421 1656 3683 1723 librorum

2092 1725 2423 1793 singulorum
2451 1745 2734 1797 perversas
2760 1737 3156 1803 expositiones,
3199 1757 3331 1810 quas
3367 1746 3596 1803 alTerunt
3653 1770 3682 1804 a

2093 1818 2367 1884 proposito
2401 1820 2760 1876 abhorrentes
2799 1825 2922 1877 velit
2949 1829 3210 1883 refellere.
3277 1833 3479 1890 \‘ereor
3517 1842 3682 1904 enim,

396 1889 797 1985 καθεστηκότος
817 1889 1138 1983 ἐξαλλαγὴν,
1174 1913 1384 1982 μακρὸν
1418 1913 1481 1964 ἂν
1504 1913 1587 1980 εἴη
1626 1913 1981 1982 συγγράφειν,
2018 1889 2059 1945 Β
2090 1922 2141 1960 nt

1936 1930 1981 1977 ν,
2018 1889 2059 1945 Β
2090 1922 2156 1961 ne
2179 1910 2267 1976 qui
2301 1911 2503 1979 legunt,
2538 1915 2811 1980 paululum
2852 1922 3260 1988 progredientes
3317 1928 3511 1997 ineptis
3535 1933 3681 2000 ipso-

396 2009 488 2059 καὶ
516 2008 708 2077 χρόνου
743 2007 938 2058 πολλοῦ
971 2006 1246 2076 δεόμενον,
1269 2005 1362 2058 καὶ
1393 2004 1569 2073 σαφὴς
1601 2004 1982 2072 ματαιοπονία,

395 2104 489 2152 καὶ
519 2099 684 2162 κόπος
710 2101 789 2161 εἰς
816 2099 968 2152 οὐδέν
1005 2099 1281 2168 χρήσιμον
1313 2095 1658 2166 καταλήγων.
1689 2097 1849 2165 ’Ἄχρι
1879 2097 1987 2167 γὰρ

395 2191 577 2257 ὀλίγου
641 2189 1031 2261 προϐαίνοντες
1070 2191 1120 2241 οἱ
1160 2189 1652 2257 ἀναγινώσκοντες,
1702 2189 1797 2240 καὶ
1850 2189 1987 2257 πρὸς

395 2284 492 2344 τὰς
521 2283 747 2345 ἀτοπίας
789 2281 900 2334 τῶν
949 2282 1311 2351 βλασφημιῶν
1363 2281 1525 2343 εὐθὺς
1573 2281 1985 2345 ἀποκναίοντες,

396 2375 492 2426 καὶ
515 2373 763 2444 καθάπερ
794 2378 842 2426 οί
871 2373 1200 2435 ναυτιῶντες
1261 2372 1470 2440 ἰλίγγου
1507 2374 1601 2424 καὶ
1657 2374 1986 2436 σκοτοδινίας

401 2472 588 2534 μεστοὶ
621 2469 895 2536 γινόμενοι
930 2467 1179 2537 ῥίψουσιν
1209 2465 1391 2529 εὐθὺς,
1416 2460 1554 2528 οἶδα,
1583 2464 1650 2516 τὰ
1678 2465 1807 2533 περὶ
1861 2462 1988 2516 τού·

397 2573 502 2606 των
530 2557 902 2624 συντάγματα,
952 2559 1046 2610 καὶ
1083 2554 1513 2617 καταπτύσουσι,
1565 2556 1660 2605 καὶ
1710 2556 1987 2622 ἀποστρα-

400 2648 689 2714 φήσονται,
726 2648 927 2715 πολλὴν
949 2647 1210 2718 ἀκαιρίαν
1253 2645 1784 2708 κατασκεδαννύντες
1808 2645 1985 2714 ἡμῶν.

400 2739 516 2791 ’Ὶνα
546 2741 602 2792 δὲ
636 2740 711 2809 μὴ
735 2741 981 2810 δοκῶμεν
1007 2742 1264 2793 πλάττειν
1299 2738 1618 2821 ἀπολογίαν,
1653 2741 1746 2791 καὶ
1792 2741 1989 2807 πειρᾶ·

376 2829 941 2902 -σΟαιδιαδιδρασκειν
971 2833 1063 2883 τὸν
1084 2833 1140 2883 ὲν
1176 2833 1384 2893 τούτοις
1425 2831 1605 2890 πόνον,
1640 2830 1791 2898 ὀλίγα
1852 2830 1991 2898 ῥητὰ

400 2921 491 2973 τοῦ
548 2923 686 2974 κατά
737 2922 1016 2974 Ματῦαῖον
1065 2923 1587 2991 Εὑαγγελίουῖκατά
1620 2922 1718 2988 τὴν
1766 2923 1992 2973 ἐκείνων

400 3015 788 3083 παραπληξίαν
833 3015 1345 3086 διερμηνεύσαντες,
1415 3015 1501 3066 ἵνα
1557 3016 1634 3082 μὴ
1674 3013 1817 3083 λόγῳ
1876 3015 1993 3065 δια-

401 3108 756 3176 στρέψαντες,
787 3109 1050 3178 δείξωμεν
1079 3109 1185 3161 ἀπὸ
1215 3107 1309 3159 τοῦ
1341 3107 1613 3176 γεύματος
1668 3107 1760 3158 τὸν
1813 3105 1990 3171 πίθον,

404 3205 499 3255 καὶ
521 3205 741 3258 ἀπὸτοῦ
812 3205 1031 3276 ῥείθρου
1064 3205 1162 3274 τὴν
1209 3205 1409 3274 πηγὴν,
1448 3207 1539 3256 καὶ
1585 3206 1694 3257 ἀπὸ
1751 3205 1844 3257 τοῦ
1896 3205 2206 3273 κρασπέδου
2249 3212 2308 3260 τὸ
2374 3211 2622 3282 ὕφασμα.
2672 3220 2785 3271 Οὐκ

2093 2013 2209 2050 rum
2249 2002 2553 2058 maledictis
2579 2007 2658 2058 sic
2689 2006 3052 2077 olfendantur,
3088 2025 3146 2067 ut
3201 2025 3573 2078 nauseantium
3607 2028 3688 2080 in-

2090 2099 2203 2143 star
2227 2094 2488 2163 vertigine
2531 2109 2585 2152 et
2617 2103 2854 2156 tenebris
2887 2106 3046 2172 pleni,
3081 2124 3202 2176 qure
3245 2112 3312 2165 de
3351 2113 3456 2169 illis
3488 2121 3686 2173 scribi-

2092 2198 2235 2250 mus,
2290 2189 2471 2241 statim
2529 2191 2807 2260 abjiciant,
2844 2199 3252 2271 despiciamque
3295 2216 3350 2259 et
3395 2224 3690 2277 aspernen-

2093 2285 2201 2340 tur,
2228 2293 2432 2348 nosque
2458 2291 2510 2334 ut
2540 2283 2842 2353 importune
2863 2289 3170 2348 laborantes
3191 2309 3463 2354 accusent.
3489 2303 3685 2359 Verum

2093 2384 2159 2422 ne
2194 2371 2469 2426 videamur
2507 2377 2708 2445 lingere
2736 2383 3054 2452 apologiam,
3080 2388 3423 2461 laboremque
3481 2396 3687 2466 fugere,

2095 2476 2261 2528 pauca
2289 2467 2531 2532 quaedam
2570 2470 2804 2536 ipsorum
2835 2474 2973 2528 dicta
3001 2479 3048 2530 in
3078 2479 3428 2550 Evangelium
3453 2487 3689 2545 Mattbcei

2093 2555 2322 2608 stric1im
2354 2559 2703 2629 attingemus,
2734 2579 2852 2632 quze
2885 2577 3138 2638 tanquam
3173 2589 3235 2628 ex
3269 2589 3427 2645 gustu
3460 2583 3686 2648 dolium,

2093 2657 2146 2697 et
2190 2663 2254 2701 ex
2294 2650 2467 2706 rivulo
2498 2656 2719 2721 fantem,
2751 2667 2803 2712 et
2838 2675 2900 2713 ex
2949 2677 3042 2715 ora
3079 2669 3457 2726 vestimentum
3490 2677 3692 2732 indica-

2094 2736 2250 2793 bunt.
2302 2741 2487 2811 Neque
2559 2761 2684 2799 vero
2714 2764 2775 2802 ea
2845 2755 3161 2809 conabimur
3217 2761 3519 2829 confutare,
3569 2786 3691 2823 cum

2096 2832 2385 2899 semetipsa
2418 2839 2721 2892 confutent.
2780 2841 2966 2911 Neque
2995 2861 3056 2898 ea
3123 2865 3263 2904 nunc
3321 2869 3691 2921 recensereus,

2096 2931 2152 2975 ut
2189 2923 2519 2992 refellamus,
2551 2932 2644 2981 sed
2698 2943 2756 2985 ut
2813 2950 2878 2987 ex
2942 2938 3048 2992 illis
3097 2947 3464 3011 ostendamus,
3528 2966 3691 3018 quam

2097 3013 2272 3081 inepta
2310 3017 2452 3072 sitet
2484 3021 2716 3075 absurda
2755 3025 2993 3094 ipsorum
3052 3031 3429 3102 interpretatio
3496 3042 3547 3095 in
3602 3060 3697 3098 eos

2097 3105 2286 3171 libros,
2312 3125 2446 3178 quos
2473 3118 2796 3183 approbant.

2855 3223 3132 3294 ἐπάξομεν
3161 3230 3218 3283 δὲ
3259 3237 3352 3285 καὶ
3408 3236 3700 3306 διεστραμ-

405 3304 592 3370 μένοις
623 3306 848 3366 ταύταις
900 3303 1218 3372 ἑρμηνείαις
1272 3303 1550 3372 ἐλέγχους,
1611 3303 1996 3368 αύτελέγκτοις
2078 3305 2286 3369 οὖσαις.
2354 3311 2486 3362 Οὐδὲ
2539 3315 2641 3381 γὰρ
2681 3317 3062 3390 ἀντιρρητικὲς
3109 3327 3239 3394 ἡμῖν
3283 3331 3310 3380 ὁ
3353 3303 3574 3400 ἑφεξῆς-
3612 3303 3700 3386 λό-

401 3416 516 3466 γος,
549 3398 682 3448 ἀλλὰ
713 3399 870 3464 μόνον
903 3397 1233 3458 ἐνδεικτικὸς
1286 3398 1382 3466 τῆς
1438 3396 1824 3464 ὲνδιαστρόφου
1857 3395 2062 3447 τούτων
2104 3398 2416 3469 ἐξηγήσεως
2448 3409 2554 3458 τῶν
2584 3412 3033 3481 παραδεχθέντων
3087 3421 3270 3483 αὐτοῖς
3332 3425 3572 3492 βιϐλίων.

471 3490 577 3556 κη’.
601 3489 846 3558 Βηθλεὲμ
867 3489 1193 3556 ὀνομάζουσι
1212 3489 1309 3556 τὴν
1332 3490 1653 3556 συναγωγὴν
1677 3489 1903 3542 ἑαυτῶν.
1925 3488 2011 3539 Ἐν
2037 3497 2082 3560 C

401 3584 610 3644 ἑαυτοῖς
647 3584 752 3652 γὰρ
788 3582 1114 3651 γεννηθῆναί
1140 3599 1272 3649 φασι
1302 3582 1394 3633 τὸν
1431 3583 1667 3650 Χριστὸν
1692 3625 1703 3646 ,
1733 3583 1852 3652 ῆτοι
1903 3580 1990 3633 τὸν

401 3675 571 3739 Λόγον
624 3673 715 3725 τοῦ
767 3673 902 3725 Θεοῦ
960 3673 1051 3724 τὸν
1084 3671 1420 3736 κηρύττοντα
1484 3670 1582 3737 τῆς
1620 3671 1854 3733 πίστεως
1897 3672 1995 3741 τὴν

400 3766 676 3834 ἀληθειαν.
723 3765 970 3836 Ἡρώδην
1003 3765 1056 3816 δὲ
1091 3762 1274 3814 νοοῦσι
1304 3762 1400 3831 τὴν
1429 3763 1547 3813 καθ’
1578 3763 1722 3831 ἡμᾶς
1769 3763 1996 3832 Ἐκκλη-

402 3859 541 3916 σίαν,
581 3859 935 3927 πειρωμένην
959 3857 1168 3910 ἀνελεῖν
1194 3857 1280 3908 τὸν
1310 3856 1440 3924 παρ’
1466 3855 1646 3916 αὐτοῖς
1668 3855 1996 3924 γεννηθέντα

400 3950 571 4015 Λόγον
599 3955 699 4022 τῆς
732 3951 1008 4021 ἀληθείας.
1042 3951 1152 4003 Καὶ
1181 3949 1388 4018 μάγους
1411 3948 1507 4016 μὲν
1535 3944 1691 4009 αὖθις
1721 3962 1996 4018 προσαγο·

403 4045 655 4111 ρεύουσιν
682 4045 930 4108 ἑαυτοὺς,
957 4045 1118 4097 τοῦτο
1154 4044 1314 4112 μόνον
1373 4042 1751 4111 ἀληθεύοντες.
1798 4044 1997 4112 Γόητες

399 4142 512 4208 γάρ
553 4139 690 4188 είσιν
711 4137 880 4196 ὅντως
912 4136 1007 4186 καὶ
1036 4134 1315 4202 λυμεῶνες
1346 4134 1436 4185 καὶ
1465 4131 1782 4201 ἀλάστορες.
1836 4132 1999 4200 Ἰερο-

404 4232 612 4293 σόλυμα
644 4229 698 4280 δὲ
726 4228 886 4280 πάλιν
910 4227 1234 4294 ὀνομάζουσι
1277 4225 1374 4294 τὴν
1425 4224 1700 4292 ἡμετέραν
1772 4225 1998 4292 Ἐκκλη-

406 4326 550 4384 σίαν,
583 4321 790 4388 ἀστέρα
823 4319 880 4372 δὲ
910 4320 1002 4371 τὸν
1029 4319 1271 4380 Μωσέως
1303 4317 1488 4384 νόμον.
1533 4315 1654 4367 ⁹Υπ“
1687 4317 1850 4369 αὑτοῦ
1888 4318 1996 4419 γὰρ

403 4411 735 4482 οδηγηθῆναί
791 4426 922 4478 φασι
955 4407 1117 4478 μέχρι
1149 4409 1245 4476 τῆς
1272 4407 1388 4458 καθ’
1424 4408 1567 4476 ἡμᾶς
1593 4407 1848 4470 πίστεως,
1882 4407 1998 4458 εἶτα

407 4509 558 4573 παρα
591 4505 696 4554 τῶν
728 4502 1033 4571 ἀρχιερέων
1072 4502 1266 4568 αὐτῆς,
1302 4501 1394 4550 καὶ
1438 4501 1546 4551 τῶν
1592 4499 1766 4552 ἄλλων
1823 4517 2000 4569 γραμ-

376 4568 648 4666 μ’ματέων,
684 4593 779 4644 καὶ
811 4590 1148 4643 διδασκάλων
1192 4590 1384 4658 μαθεῖν
1415 4591 1631 4651 αύτούς,
1663 4591 1744 4641 ὅτι
1780 4592 1806 4640 ό
1865 4591 1999 4658 Χρι-

407 4689 530 4749 στὸς
562 4689 619 4738 ἐν
651 4687 715 4754 τῇ
754 4681 1061 4754 δηλωθείσῃ
1083 4682 1340 4749 γεννᾶται
1365 4678 1636 4749 Βηθλεέμ.
1682 4680 1799 4748 Ἀφ’
1841 4680 1999 4748 ἡμῶν

405 4782 514 4848 γὰρ
554 4777 810 4843 γενέσθαι
842 4776 964 4835 τοὺς
1001 4774 1249 4840 πρώτους
1284 4772 1635 4834 διδασκάλους
1667 4773 1872 4824 αὐτῶν.

479 4874 586 4923 κέν.
618 4866 967 4924 Μυοεύονται
1011 4864 1215 4933 Ῥαχὴλ
1252 4866 1539 4930 γεγονέναι
1585 4865 1706 4916 τινὰ
1758 4867 1991 4931 γυναῖκα

406 4968 600 5036 χήραν.
627 4967 721 5017 δύο
747 4965 1057 5032 θυγατέρας
1083 4963 1316 5033 ἔχουσαν
1363 4961 1563 5030 νηπίαν
1595 4960 1835 5026 ἀγούσας
1880 4963 1995 5030 ηλιε

408 5061 555 5112 κίαν.
580 5059 709 5109 Ὅτε
749 5058 805 5109 δὲ
845 5057 912 5109 τά
941 5057 1148 5128 ἄρρενα
1179 5056 1354 5126 βρέφη
1386 5055 1620 5123 συνῆγεν
1642 5057 1669 5105 ὁ
1711 5054 1988 5125 Ἡρώδης,

408 5151 793 5205 ὑπολαϐοῦσαν
847 5153 1013 5221 τιμῆς
1051 5152 1213 5212 αὐτὰ,
1267 5151 1357 5202 καὶ
1420 5149 1660 5218 χαρίτων
1709 5146 1995 5212 ἀξιουσοαι

408 5245 541 5313 παρ’
600 5244 793 5310 αὑτοῦ,
856 5243 1348 5314 μετασχηματίσαι
1384 5242 1586 5303 ταύτας
1619 5242 1694 5304 είς
1733 5243 1992 5312 ἄρρενας,

409 5341 505 5392 καὶ
533 5342 912 5408 προσαγαγεῖν
947 5341 1022 5401 ὼς
1047 5336 1223 5399 υἱούς.
1272 5335 1428 5389 Ἐπεὶ
1457 5337 1514 5389 δὲ
1548 5339 1640 5389 καὶ
1674 5337 1848 5389 ταῦτα
1883 5341 1996 5401 τοῖς

407 5431 614 5495 ἄλλοις,
674 5433 749 5494 ὼς
796 5433 1028 5503 ἄρρενα,
1091 5431 1461 5502 συνανῃρέθη,
1519 5431 1616 5491 τᾶς
1661 5431 1760 5500 μὲν
1832 5433 1998 5493 ἄλλας

411 5526 656 5594 μητέρας
700 5526 912 5579 κλαίειν
941 5525 1160 5587 ἁπλῶς,
1197 5527 1297 5595 τὴν
1332 5526 1390 5578 δὲ
1435 5525 1640 5595 Ῥαχὴλ
1668 5527 2001 5598 ἀπαράκλη-

407 5636 498 5681 τα,
555 5620 693 5671 διότι
746 5620 1035 5673 σπεύσασα
1088 5619 1564 5689 κατασοφίσασθαι
1620 5623 1995 5692 κατεσοφίσθη

412 5715 640 5783 μᾶλλον,
678 5716 771 5767 καὶ
812 5718 909 5777 τὰς
956 5717 1266 5786 θυγατέρας
1297 5716 1437 5785 αῦτη
1474 5719 1651 5786 μάτην
1690 5717 1995 5773 ἀπώλεσεν.

422 5807 889 5878 Ἀλληγοροῦντες
923 5810 978 5862 δὲ
1014 5811 1106 5863 τὸν
1130 5810 1288 5878 λόγον
1318 5813 1472 5879 φασὶ,
1511 5811 1715 5882 Ῥαχὴλ
1767 5813 1866 5881 μὲν
1910 5813 2001 5865 τὸν

415 5903 739 5974 ἐπευράνιον
774 5904 1015 5973 Πατέρα,
1048 5905 1214 5957 τέκνα
1260 5905 1314 5956 δὲ
1371 5904 1540 5957 αὐτοῦ
1580 5907 1680 5976 τήν
1724 5924 1780 5960 τε
1822 5907 2000 5979 ψυχὴν

713 6004 1005 6066 Ρηιιοι..
1050 6006 1168 6067 (in.
1217 6005 1458 6067 CXXX.

2189 3493 2279 3548 28.
2312 3497 2649 3570 Synagogam
2710 3523 2862 3560 suam
2918 3514 3190 3579 appellant
3226 3517 3520 3577 Bethleem.
3556 3525 3611 3580 In
3643 3542 3701 3582 se

2101 3586 2243 3641 enim
2260 3588 2532 3646 Christum
2557 3597 2741 3650 dicunt
2762 3602 2933 3667 nasci,
2950 3617 3043 3657 seu
3066 3604 3297 3662 Verbum
3323 3611 3436 3675 Dei,
3455 3633 3559 3684 quo
3579 3620 3702 3674 fidei

2102 3683 2305 3737 veritas
2335 3689 2676 3751 praedicatur.
2710 3691 2958 3746 Nostram
2982 3710 3159 3753 autem
3210 3683 3504 3759 Ecclesiam
3536 3711 3700 3764 llero.

2103 3774 2694 3849 deminterpretanlur,
2732 3803 2850 3854 qua:
2869 3786 3260 3862 Verbumapud
3277 3814 3369 3852 eos
3400 3812 3578 3856 natmn
3615 3823 3702 3859 Co-

2103 3879 2264 3921 netur
2294 3873 2562 3927 Occidere.
2597 3876 2778 3944 Magos
2799 3881 2926 3934 item
2957 3899 3014 3938 se
3048 3885 3192 3951 ipsos
3223 3902 3434 3956 vocant,
3461 3911 3561 3962 qua
3585 3901 3697 3965 qni-

2102 3960 2221 4013 dem
2255 3963 2305 4014 in
2340 3975 2405 4016 re'
2437 3968 2550 4020 sola
2587 3986 2772 4024 verum
2812 3975 3018 4030 dicunt.
3051 3978 3187 4034 Sont
3213 3985 3354 4037 enim
3391 4002 3517 4040 vere
3566 4005 3692 4057 per-

2103 4052 2294 4106 nieiosi
2327 4061 2748 4128 praestigiatores
2779 4076 2833 4119 et
2886 4070 3228 4136 impostorcs.
3272 4075 3703 4150 llierosoytnam

2104 4156 2345 4200 nostram
2397 4153 2667 4220 appellant
2705 4156 3046 4228 Ecclesium;
3093 4169 3304 4222 stellam
3345 4183 3522 4225 autem
3587 4175 3704 4228 Mo-

2103 4238 2180 4292 sis
2226 4239 2396 4305 legem
2424 4259 2436 4294 :
2465 4262 2526 4298 ea
2579 4249 2721 4302 enim
2753 4255 2886 4307 duce
2937 4256 3002 4308 ad
3045 4269 3286 4313 nostram
3342 4280 3512 4332 usque
3543 4267 3702 4322 fidem

2104 4336 2392 4397 perveniri.
2436 4337 2631 4392 Deinde
2661 4357 2689 4394 a
2745 4348 3115 4406 sacerdotibus
3162 4351 3346 4420 ipsius,
3403 4369 3454 4410 et
3485 4363 3703 4429 scribis,

2105 4432 2161 4476 et
2191 4425 2504 4482 doctoribus
2542 4434 2727 4488 dicunt
2761 4450 2820 4490 se
2870 4439 3082 4497 discere
3116 4444 3391 4500 Christum
3445 4454 3589 4505 nasci
3650 4457 3702 4507 in

2105 4515 2379 4573 Bethleem
2415 4525 2706 4578 antedicta.
2746 4531 2786 4581 A
2829 4531 2984 4588 nobis
3039 4536 3181 4589 enim
3226 4540 3431 4606 primos
3458 4544 3701 4613 ipsorum

2107 4615 2397 4681 magistros
2414 4632 2532 4672 esse
2581 4619 2871 4687 profectos.

2169 4882 2259 4936 29.
2287 4885 2521 4954 Fingnnt
2559 4888 2850 4946 Raclnlem
2885 4893 3050 4950 fuisse
3092 4898 3371 4956 mulierem
3407 4909 3698 4972 quamdam

2099 4976 2313 5029 viluam
2349 4996 2469 5047 qua:
2502 4998 2620 5033 cum
2660 4985 2795 5037 duas
2829 4987 3052 5043 haberet
3099 4992 3332 5048 infantes
3392 4997 3548 5063 filias,
3593 5021 3700 5067 quo

2101 5077 2342 5138 tempore
2379 5071 2618 5128 llerodes
2675 5093 2870 5144 pueros
2900 5097 3074 5136 mares
3125 5092 3492 5157 congregavit,
3529 5095 3698 5145 hono-

2099 5176 2212 5215 rem
2244 5174 2296 5217 et
2328 5167 2556 5233 gratiam
2588 5170 2726 5238 apud
2761 5171 2935 5238 ipsum
2971 5191 3029 5228 se
3058 5179 3379 5234 existimans
3415 5186 3694 5247 inituram,

2097 5271 2191 5312 eas
2220 5259 2272 5310 in
2317 5260 2544 5312 marimn
2577 5264 2811 5328 speciem
2847 5275 3084 5322 mutatas
3114 5273 3309 5325 attulit.
3346 5274 3542 5329 Verum
3571 5297 3694 5333 cum

2098 5359 2148 5403 et
2185 5352 2305 5404 filiae
2333 5368 2446 5408 sua:
2509 5366 2761 5423 tanquam
2793 5374 2971 5414 mares
3005 5377 3107 5416 una
3155 5379 3276 5417 cum
3332 5368 3454 5420 aliis
3510 5384 3697 5423 es—ent

2100 5443 2425 5510 interfecue,
2459 5455 2510 5498 et
2545 5448 2764 5516 reliquae
2803 5463 3002 5511 matres
3055 5453 3321 5522 lugerent,
3360 5459 3559 5513 Rachel
3622 5465 3693 5515 ita

2100 5537 2352 5605 plorabat
2388 5549 2446 5590 ut
2474 5539 2674 5593 nullam
2706 5541 3017 5598 admitteret
3047 5549 3497 5613 consolationem,
3557 5568 3692 5618 quo-

2108 5629 2253 5681 niam
2285 5632 2408 5682 dum
2438 5642 2731 5686 conaretur
2758 5634 3006 5703 decipere
3033 5637 3256 5706 decepta
3291 5639 3487 5702 fuerat,
3526 5643 3697 5693 filias-

2111 5736 2216 5789 que
2244 5721 2356 5788 ipsa
2392 5737 2521 5775 suas
2558 5731 2760 5776 temere
2804 5724 3132 5792 perdiderat.
3167 5733 3343 5795 Atque
3405 5729 3506 5781 hoc
3573 5732 3702 5780 alle-

2111 5814 2295 5883 gorice
2320 5815 2743 5884 interpretantes
2773 5815 2983 5880 dicunt,
3015 5815 3304 5871 llachelem
3333 5817 3551 5874 Patrem
3587 5836 3708 5872 esse

2111 5908 2415 5978 cmlcstem,
2476 5908 2628 5978 Cujus
2693 5909 2812 5966 lilia:
2873 5910 2979 5966 sint
3027 5910 3203 5965 anima
3254 5913 3383 5967 Adce
3433 5924 3487 5969 et
3538 5914 3714 5968 anim.)

3179 6008 3254 6070 42
