4420 6462
739 411 868 474 1331

1975 416 2363 476 EUTllYMll
2409 420 2771 480 ZlGABE-Nl

3870 423 4008 484 1332

735 521 1194 590 sittemporarius
1245 521 1463 590 quidam
1497 531 1675 576 motus
1729 532 1889 593 atque
1948 526 2318 586 intervallum.
2349 530 2378 587 ,Α

2349 530 2398 587 Α
2425 532 2704 601 διάστημα
2729 575 2741 595 ,
2777 537 2808 603 ἡ
2844 535 2898 588 δὲ
2936 535 3078 602 φυλὴ
3113 535 3272 602 γένος
3309 533 3639 602 ἀνθρώπων.
3669 533 3832 583 Ὅσον
3861 533 3916 583 δέ
3949 534 4009 584 τὸ

733 615 906 667 tribus
968 623 1147 668 autem
1224 613 1294 666 sit
1349 627 1517 682 genus
1583 615 1910 668 hominum?
1955 619 2092 682 Quil
2136 631 2317 673 autem

736 706 950 757 intersit
986 706 1130 758 inter
1165 705 1440 759 hominem
1501 714 1554 760 et
1600 716 1812 774 tempus
1841 708 1968 776 quis
1999 724 2102 763 n0n
2131 712 2318 764 videt?

803 797 891 849 52.
934 798 1130 850 Audite
1167 797 1337 866 magis
1367 798 1546 852 adhuc
1591 799 1869 852 ridiculam
1914 802 2317 869 interpretatio-

729 903 877 949 nem,
921 899 1083 956 atque
1116 890 1238 941 inde
1275 889 1514 957 colligite
1551 891 1783 957 ineptias
1815 893 1946 947 nihil
1978 896 2045 948 ab
2086 896 2319 949 anilibus

731 981 883 1048 nugis
917 990 968 1033 et
997 979 1192 1036 fabulis
1225 982 1613 1049 discrepantes.
1653 983 1785 1036 Illud
1824 985 1995 1051 enim,
2052 985 2319 1054 lncrepuit

730 1089 816 1123 eos
851 1071 1031 1137 Ιεειιε,
1079 1076 1156 1126 sic
1217 1077 1662 1142 interpretantur,
1697 1085 1754 1129 ut
1827 1077 1969 1130 idem
2035 1079 2129 1143 sit,
2183 1095 2244 1133 :tc
2273 1080 2317 1133 si

729 1161 1006 1213 dixisset:
1049 1161 1232 1228 lnjccit
1294 1164 1402 1216 illis
1455 1163 1617 1218 Jesus
1655 1181 1983 1220 sermonem.
2046 1168 2179 1222 Cum
2226 1186 2318 1239 pu-

731 1252 882 1313 dore,
921 1253 1050 1306 mihi
1109 1255 1339 1314 credite,
1374 1265 1423 1306 et
1457 1256 1656 1310 invitus
1680 1257 1790 1310 hac
1826 1258 2033 1326 loquor.
2069 1261 2315 1314 Ridicula

728 1345 1354 1411 enimconunemoraus,
1405 1350 1664 1403 ridiculus
1724 1352 1938 1407 videor.
1997 1355 2315 1422 Quanquam

730 1437 917 1501 paucis
962 1439 1136 1491 dedita
1177 1456 1339 1508 opera
1377 1443 1542 1495 multa
1597 1446 1939 1509 coacervavi,
1981 1456 2039 1499 ut
2100 1462 2165 1500 ex
2233 1447 2318 1502 his

728 1531 913 1595 paucis
947 1531 1150 1600 reliqua
1187 1534 1415 1590 lectores
1441 1536 1742 1600 judicarent
1772 1557 1782 1591 :
1817 1548 1941 1591 sunt
1963 1538 2106 1592 enim
2134 1542 2315 1594 omnia

731 1623 998 1690 ejusdem,
1034 1635 1089 1676 ut
1123 1627 1294 1690 aiunt,
1349 1627 1597 1680 ol'licinte.
1645 1627 1864 1682 Vastutn
1917 1631 2062 1684 enim
2126 1631 2316 1700 impie-

735 1715 864 1768 tatis
917 1717 1139 1785 pelagus
1209 1719 1540 1785 aperuimus,
1609 1721 1675 1772 ad
1732 1722 1874 1789 quod
1935 1723 2314 1791 trajiciendutn

736 1803 1033 1857 multorum
1090 1819 1233 1861 esset
1267 1824 1400 1876 opus
1457 1810 1666 1864 dierum
1731 1812 1926 1877 spatio.
1972 1813 2084 1868 Nos
2126 1823 2311 1868 autem

729 1899 1003 1964 paululum
1062 1916 1089 1952 a
1123 1910 1266 1954 terra
1305 1903 1481 1957 adhuc
1517 1905 1806 1967 movimus,
1842 1915 1895 1960 et
1968 1916 2147 1962 tamen
2215 1923 2313 1962 vos

728 2001 1064 2046 nauseantes
1114 1996 1312 2058 sentio,
1362 1997 1477 2048 imo
1536 2011 1664 2050 vero
1733 1997 1864 2051 mihi
1924 1999 2096 2067 prius,
2153 2015 2315 2069 quam

727 2086 904 2149 vobis,
946 2085 996 2138 id
1028 2087 1244 2140 accidit.
1279 2088 1354 2141 Ae
1383 2087 1514 2141 mihi
1560 2087 1751 2142 melius
1784 2090 2020 2156 videtur,
2077 2102 2137 2146 ut
2193 2107 2317 2145 ora-

727 2181 889 2235 tionis
922 2182 1037 2236 vela
1087 2183 1496 2247 contrahemus,
1532 2190 1587 2237 et
1634 2183 1944 2239 inhibentes
2004 2185 2055 2238 in
2091 2185 2297 2239 silentii

725 2283 938 2342 portum
998 2275 1438 2342 contendamus;
1489 2285 1541 2331 et
1583 2290 1648 2330 eo
1695 2279 1888 2346 magis,
1936 2278 2079 2345 quod
2138 2277 2316 2346 lingua

723 2365 812 2420 illa
846 2368 1072 2421 scelesta
1125 2369 1454 2439 garrulnque
1480 2371 1782 2436 conticuit;
1822 2379 1876 2424 et
1910 2371 2123 2426 nefaria
2158 2371 2311 2427 illius

723 2459 898 2521 labra,
953 2461 1043 2529 qui
1105 2462 1297 2531 impias
1359 2462 1662 2518 istiusmodi
1724 2479 1893 2533 nugas
1950 2465 2316 2535 excogitabat,

722 2565 988 2620 oppressa
1045 2565 1193 2617 sunt,
1251 2566 1304 2607 et
1369 2558 1679 2609 obturatum
1727 2566 1812 2609 est
1869 2573 1929 2610 os
1978 2556 2316 2626 loquentium

723 2643 930 2713 iniqua.
968 2645 1101 2699 Cum
1133 2648 1277 2700 enim
1321 2649 1464 2701 hunc
1493 2649 1929 2717 sapientissimus
1979 2661 2043 2705 et
2095 2665 2318 2721 magna-

721 2736 905 2789 nimus
963 2747 1152 2790 noster
1214 2741 1510 2805 imperator
1584 2741 1977 2795 accersendum
2042 2752 2315 2806 curasset,

720 2840 773 2882 et
804 2846 869 2883 ex
904 2831 1082 2885 verbis
1125 2831 1294 2900 ipsius
1340 2831 1532 2885 fabula:
1567 2834 1976 2887 simulationem
2027 2834 2316 2903 patefecis-

721 2933 824 2984 set,
877 2938 1112 2990 eumque
1173 2924 1307 2976 nihil
1371 2924 1515 2977 aliud
1570 2938 1711 2987 esse,
1764 2925 1866 2980 uisi
1921 2940 1996 2979 aes
2070 2925 2316 2992 undique

719 3013 958 3067 tinniens
998 3025 1053 3067 et
1101 3013 1262 3067 fallax
1324 3017 1640 3082 repet-isset,
1697 3031 1819 3071 cum
1889 3017 2052 3072 modo
2076 3016 2307 3085 ﬁngeret

720 3118 780 3158 se
813 3105 1156 3171 resipiscere,
1201 3107 1361 3159 modo
1401 3117 1658 3175 tanquam
1717 3109 1871 3162 canis
1923 3109 1989 3162 ad
2051 3109 2310 3164 vomitum

719 3214 875 3250 suum
906 3199 1126 3262 rediret,
1165 3215 1220 3252 re
1278 3201 1650 3264 considerata,
1719 3201 2083 3269 Omnibusque
2142 3202 2312 3269 magi-
2341 3231 2378 3285 (τ

723 3288 990 3343 ιιι-οιὶὺυε
1024 3299 1132 3342 tam
1166 3289 1444 3352 civilibus,
1479 3305 1642 3358 quam
1677 3293 2068 3346 ecclesiasticis
2101 3307 2308 3346 convo-

717 3381 877 3443 catis,
913 3380 1246 3434 sententiam
1298 3381 1445 3442 tulit,
1479 3391 1537 3432 ut
1579 3381 1705 3448 igne
1752 3382 2186 3446 combureretur,
2220 3385 2312 3450 qui

719 3469 916 3524 inultos
986 3471 1040 3523 in
1093 3470 1356 3540 gehennae
1416 3471 1596 3537 ignem
1659 3471 1989 3535 conjeccrat.
2041 3471 2118 3520 Ac
2171 3485 2315 3523 nunc

717 3563 808 3617 ille
854 3563 1075 3632 quidem
1139 3571 1416 3617 crematus
1489 3562 1645 3616 abiit.
1701 3561 1839 3626 Quis
1892 3569 2072 3615 autem
2137 3561 2311 3615 dolori

716 3668 969 3728 questum
1007 3672 1302 3726 exmquans
1332 3657 1467 3711 satis
1500 3654 1673 3725 ipsius
1724 3656 1939 3710 meritis
2006 3669 2312 3724 conquera-

719 3762 827 3815 tur,
864 3752 956 3818 qui
992 3766 1112 3803 cum
1163 3748 1474 3817 quindecim
1515 3761 1785 3801 annorum
1819 3747 1998 3813 spatio
2058 3749 2310 3815 dOgmata

716 3840 1022 3904 didicisset,
1057 3855 1118 3894 ea
1174 3840 1357 3894 docuit
1428 3839 1587 3893 annis
1636 3839 1868 3906 amplius
1920 3837 2309 3907 quadraginta,

719 3931 1260 4000 innumerabilesque
1292 3929 1588 3997 discipulos
1622 3930 1675 3982 in
1701 3929 2024 3983 barathrum
2055 3928 2313 3998 perditio-

717 4027 800 4078 nis
857 4025 1110 4089 detrusit,
1168 4039 1232 4079 ac
1283 4023 1519 4092 denique
1548 4021 1616 4076 ab
1672 4021 1776 4076 illis
1841 4022 2067 4076 minime
2125 4031 2313 4076 sancte

717 4119 1032 4181 discedens,
1072 4128 1125 4172 et
1152 4119 1220 4172 ab
1249 4127 1483 4186 utraque
1516 4117 1626 4170 vita
1662 4116 1940 4179 exclusus,
1973 4117 2053 4169 sic
2106 4126 2314 4170 utrum-

716 4227 818 4281 que
851 4211 1031 4280 ignem
1053 4219 1137 4264 est
1174 4219 1520 4271 consecutus,
1553 4215 1608 4260 ut
1655 4208 1722 4261 ab
1751 4207 2019 4264 exstincto
2044 4207 2112 4263 ad
2136 4207 2310 4274 illum,

715 4306 804 4371 qui
841 4318 948 4358 non
1007 4302 1397 4372 exstinguitur,
1452 4301 1728 4370 profectus
1785 4301 1902 4355 sit?
1954 4300 2029 4356 De
2091 4301 2313 4370 reliquis

715 4402 847 4451 item
887 4395 1165 4451 ﬁdendum
1198 4405 1303 4450 est.
1338 4394 1514 4464 Caput
1540 4396 1684 4449 enim
1728 4395 1984 4449 draconis
2009 4393 2121 4464 jam
2177 4410 2311 4449 con-

714 4494 946 4547 fractum
986 4499 1090 4553 est,
1127 4503 1419 4559 partesque
1461 4489 1648 4559 ipsius.
1673 4505 1735 4543 ac
1766 4490 2012 4544 membra
2042 4488 2310 4559 prmcipua

2424 625 2680 694 διάφορον
2709 627 2998 694 ἀνθρώπου
3031 630 3123 679 καὶ
3151 628 3378 696 χρόνουί

2499 807 2600 873 νβ’.
2620 807 2918 859 Ἀκούσατε
2941 807 3032 859 καὶ
3057 805 3519 872 γελοιωδεστέραν
3541 803 3862 872 ἑρμηνείαν,
3883 803 4012 853 κάν-

2423 898 2614 949 τεῦθεν
2652 898 3007 966 καταμάθετε
3040 897 3139 966 τὴν
3173 896 3400 962 ἀλογίαν
3434 895 3544 946 τῶν
3584 894 3748 962 μηδὲν
3786 893 4012 960 ἄμεινον

2425 991 2611 1060 γραῶν
2635 989 3093 1054 κωθωνιζομένων
3111 986 3578 1056 μυθολογούντων.
3599 983 3672 1034 Τὸ
3696 984 3827 1050 γὰρ,
3854 983 4012 1032 Ἑνε·

2426 1081 2754 1149 (punicum
2782 1080 2989 1144 αὐτοῖς
3016 1083 3047 1133 ὀ
3077 1079 3316 1145 Ἰησοῦς
3343 1076 3561 1144 λέγων,
3591 1073 4011 1144 ἑρμηνεύουσιν,

2424 1174 2506 1224 ὅτι
2551 1172 2996 1239 ἐνεϐρωμάτισεν
3039 1171 3221 1229 αὐτοῖς
3263 1170 3292 1220 ὀ
3331 1167 3540 1236 Ἰησοῦς
3586 1167 3761 1232 λόγον.
3793 1159 3920 1233 ⁷Λρ’
3949 1164 4011 1213 οὑ

2423 1264 2564 1316 δοκῶ
2606 1265 2700 1315 καὶ
2746 1264 2907 1324 αὐτὸς
2953 1262 3294 1330 παραπαίειν
3328 1259 3398 1311 τά
3435 1259 3546 1310 τῶν
3583 1255 4013 1325 παραπαίοντων

2423 1356 2890 1424 ὑποκρινόμενος;
2928 1354 3290 1422 Αἰσχύνομαι,
3325 1351 3681 1411 πιστεύσατε,
3717 1350 3809 1399 καὶ
3846 1347 4010 1398 ἀϐου-

2423 1451 2598 1518 λήτως
2645 1447 2870 1501 τοιαῦτα
2917 1447 3252 1515 φθέγγομαι.
3301 1445 3399 1496 Διὰ
3443 1443 3603 1494 τοῦτο
3653 1440 3760 1508 γάρ
3807 1440 3898 1491 καὶ
3943 1436 4013 1488 τὰ

2425 1541 2595 1594 πολλά
2633 1540 2989 1610 παρέδραμον
3026 1537 3280 1604 ἐπίτηδες
3304 1578 3318 1600 ,
3357 1535 3452 1586 καὶ
3492 1533 3770 1601 σποράδην
3804 1530 3870 1580 τὰ
3909 1529 4010 1596 ρη-

2422 1633 2583 1684 θέντα
2631 1629 3088 1698 συνεγραψάμην.
3133 1627 3254 1695 Χρὴ
3302 1626 3359 1677 δὲ
3399 1626 3528 1687 τοὺς
3571 1623 4010 1690 ἐντυγχάνοντας

2422 1722 2529 1775 ἀπὸ
2559 1721 2669 1773 τῶν
2697 1720 2895 1786 ὀλίγων
2922 1718 3130 1770 τούτων
3160 1716 3458 1784 διαγνῶναι
3490 1713 3585 1765 καὶ
3617 1711 3684 1763 τά
3716 1709 4012 1776 λειπόμενα

2422 1817 2520 1882 τῆς
2555 1813 2760 1880 αὐτῆς,
2795 1813 2822 1863 ὃ
2857 1827 3056 1877 φασιν,
3093 1809 3222 1860 ὀντα
3255 1805 3586 1875 κεραμείας.
3625 1802 3864 1866 Πέλαγος
3903 1797 4013 1865 γὰρ

2349 1869 2390 1922 Β
2426 1869 2924 1970 ἀσεϐείαςΙ-όιχανές
2966 1869 3266 1970 ἠνοίξαμεν
3308 1869 3521 1948 πολλῶν
3559 1891 3789 1963 ἡμερῶν
3831 1893 3911 1950 εἰς
3950 1888 4014 1940 τὸ

2423 1996 2894 2067 διαπεραιωθῆναι
2921 1993 3213 2062 δεόμενον,
3249 1991 3345 2043 καὶ
3381 1987 3580 2057 μικρὸν
3610 1983 4014 2050 ἀπεσπάσαμεν

2420 2093 2520 2160 τῆς
2569 2091 2674 2160 γῆς
2722 2089 2826 2140 ἐτι.
2878 2087 2990 2139 Καὶ
3036 2082 3384 2136 ναυτιώντων
3436 2079 3592 2148 ὑμῶν
3643 2070 4040 2141 αίσθάνομαι,’

2425 2185 2628 2252 μᾶλλον
2657 2183 2713 2236 δὲ
2746 2181 2840 2235 καὶ
2872 2180 2979 2250 πρὸ
3012 2178 3168 2248 ὑμῶν
3200 2176 3364 2237 αὐτὸς
3398 2173 3508 2242 ἐγὼ
3534 2170 3696 2224 τοῦτο
3726 2164 3971 2220 πέπονθα
3993 2203 4010 2226 ,

2421 2279 2515 2334 καί
2569 2295 2662 2348 μοι
2711 2277 2860 2330 δοκεῖ
2907 2274 3120 2343 βέλτιον
3163 2267 3480 2340 χαλάσαντα
3527 2263 3628 2333 τὴν
3674 2262 3868 2328 ὀθόνην
3916 2255 4013 2308 τοῦ

2421 2375 2583 2441 λόγου
2609 2413 2623 2436 ,
2658 2371 2756 2423 καὶ
2793 2366 3050 2438 πρύμναν
3088 2362 3469 2432 κρουσάμενον
3506 2361 3586 2416 εἰς
3622 2356 3713 2408 τὸν
3748 2355 3844 2422 τῆς
3883 2367 4014 2402 σιω-

2421 2468 2532 2537 πῆς
2569 2463 2808 2532 κατᾶραι
2849 2457 3071 2528 λιμένα,
3111 2455 3205 2507 καὶ
3247 2452 3473 2522 μᾶλλον,
3513 2451 3595 2501 ὅτι
3645 2446 3943 2537 σεσίγηκεν
3977 2443 4013 2511 ἡ

2424 2535 2636 2628 πονηρά
2671 2555 2766 2607 καὶ
2802 2552 2966 2614 λάλος
3000 2549 3263 2617 γλῶσσα,
3301 2545 3393 2596 καὶ
3431 2543 3499 2593 τὰ
3534 2541 3761 2609 ἔμμυσα
3799 2535 4013 2628 μέμυκε

2419 2625 2580 2722 χείλη⁷
2601 2648 2696 2702 τοῦ
2725 2647 2825 2716 τὴν
2855 2642 3028 2710 ἐναγῆ
3060 2640 3267 2710 ταύτην
3297 2634 3618 2704 ἀδολεσχίαν
3651 2625 4014 2722 ὑφηγησαμέ-

2420 2720 2534 2810 νου,
2562 2720 2679 2797 *καὶ
2709 2738 2987 2807 ἐνεφράγη
3016 2734 3194 2796 στόμα
3238 2730 3547 2782 λαλούντων
3589 2724 3772 2776 ἄδικα.
3826 2720 4014 2785 Παρα-

2419 2837 2762 2909 στησάμενος
2814 2831 2923 2902 γὰρ
2973 2828 3138 2881 αὑτξν
3183 2827 3210 2878 ὀ
3262 2823 3576 2890 σοφώτατος
3629 2818 3724 2868 καὶ
3777 2812 4014 2910 μεγαλόῖ

2415 2933 2589 3001 ψυχος
2653 2927 2812 2998 ἡμῶν
2889 2921 3184 2994 βασιλεὺς,
3258 2918 3356 2969 καὶ
3410 2914 3510 2982 τὴν
3565 2909 3874 3001 ἀπόκρισιν.
3913 2909 4012 2957 τοῦ

2416 2998 2748 3095 γράμματος
2779 3013 3144 3081 ἀποκαλύψας
3163 3050 3177 3075 ,
3211 3009 3304 3061 καὶ
3337 3003 3752 3095 διακωδωνίσας
3782 2998 4012 3095 τοῦτον,

2416 3087 2650 3182 ἐπείπερ
2682 3104 2810 3178 εὗρε
2836 3102 3176 3173 πανταχόθεν
3227 3096 3542 3167 ὑπόχαλκον
3593 3090 3882 3182 ἠχοῦντα,
3914 3087 4012 3182 καὶ

2418 3181 2706 3275 κίϐδηλον,
2741 3201 2836 3253 καὶ
2873 3197 2969 3250 νῦν
3009 3196 3108 3264 μὲν
3145 3189 3626 3258 ἐπαγγελλόμενον
3663 3181 4007 3275 μεταϐολὴν,

2416 3300 2542 3366 ἄρτι
2567 3274 2625 3346 δὲ
2659 3293 2915 3360 καθάπερ
2947 3289 3087 3340 κύνα
3118 3284 3255 3353 πρὸς
3281 3281 3378 3334 τὸν
3407 3279 3536 3331 ἴδιον
3564 3274 4008 3366 ἐπανερχόμενον

2416 3364 2634 3459 ἔμετον,
2665 3384 2860 3452 σκέψιν
2890 3380 3021 3451 περὶ
3049 3377 3243 3429 τούτου
3277 3371 3523 3442 προθεὶς,
3553 3373 3644 3421 καὶ
3675 3364 4007 3433 συμψήφους

2415 3457 2542 3540 τοὺς
2583 3480 2641 3528 ἐν
2680 3475 2827 3526 τέλει
2874 3471 3086 3530 πάντας
3128 3465 3313 3520 λαϐὼν
3352 3458 3848 3531 ἐκκλησιαστικοὺς
3893 3457 4010 3522 5.μά

2420 3572 2514 3624 καὶ
2535 3565 2870 3628 πολιτικοὺς,
2896 3561 3225 3615 κατεδίκασε
3253 3556 3352 3626 τὴν
3381 3554 3469 3607 διά
3500 3551 3671 3620 πυρὸς
3706 3545 4005 3614 ὑποστῆναι

2417 3661 2691 3733 τιμωρίαν
2724 3658 2813 3711 τὸν
2846 3654 3079 3716 πολλοὺς
3111 3653 3193 3714 εἰς
3223 3651 3283 3703 τὸ
3312 3649 3413 3718 τῆς
3446 3646 3670 3714 γεέννης
3708 3637 4009 3710 παραπέμ-

2417 3752 2745 3826 ψανταπῦρ.
2766 3749 2877 3803 Καὶ
2903 3749 2997 3802 νῦν
3023 3748 3051 3800 ὀ
3083 3747 3182 3816 μὲν
3210 3741 3584 3813 πυρίκαυστος
3609 3735 3804 3805 ᾤχετο,
3834 3745 4009 3826 πονη-

2423 3822 2515 3920 ρὸν
2563 3846 2818 3912 ἐντάφιον
2846 3838 3298 3906 ἀπενεγκάμενος
3323 3835 3423 3903 τὴν
3453 3829 3727 3884 ἀσέϐειαν.
3746 3827 3848 3920 ἐς
3877 3822 4006 3876 δ’άν

2418 3919 2574 4004 εἰδὼς
2606 3937 2806 3992 πάθεσι
2841 3933 3075 4003 θρήνους
3107 3929 3320 3994 ἐξισοῦν
3349 3925 3514 3989 ἀξίως
3547 3920 3707 3975 αὑτὸν
3732 3919 4011 3987 ὀδύραιτο,

2421 4034 2666 4106 μαθόντα
2705 4031 2804 4099 μὲν
2837 4028 2907 4081 τά
2941 4026 3193 4095 δόγματα
3224 4022 3325 4090 τῆς
3359 4021 3568 4087 πλάνης
3607 4019 3663 4066 ἐν
3693 4014 3838 4108 ἐτεσι
3875 4025 4010 4108 πεν-

2415 4104 2731 4184 τεκαίδεκα,
2759 4117 3046 4181 διδάξαντα
3079 4113 3136 4166 δὲ
3169 4112 3341 4166 ταῦτα
3374 4109 3539 4161 πάλιν
3568 4108 3626 4158 ἐν
3656 4104 3866 4157 πλείοσι
3898 4104 4010 4150 τῶν

2416 4214 2851 4283 τεσσαράκοντα,
2885 4205 3118 4278 μυρίους
3147 4203 3205 4258 δὲ
3239 4203 3490 4273 μαθητάς
3523 4198 3603 4260 είς
3633 4197 3694 4247 το
3729 4192 4010 4263 βάραθρον

2417 4307 2640 4361 ὥσαντα
2678 4305 2777 4373 τῆς
2822 4299 3124 4364 ἀπωλείας,
3161 4297 3256 4349 καὶ
3295 4293 3608 4348 τελευταῖον
3649 4289 3750 4341 οὐκ
3792 4285 4010 4344 εὐαγὺς

2419 4401 2602 4462 αὐτοῖς
2636 4393 3056 4458 ἐπαπελθόντα,
3093 4390 3188 4442 καὶ
3223 4386 3369 4456 ζωῆς
3408 4385 3506 4455 μὲν
3539 4381 3808 4450 ἑκατέρας
3845 4380 4011 4428 ἐκπε-

2420 4495 2702 4557 πτωκότα,
2737 4491 2909 4562 πυρὸς
2934 4489 2990 4542 δὲ
3016 4486 3208 4541 τούτου
3236 4481 3492 4535 κάκείνου
3521 4472 3884 4562 τετυχηκότα,
3914 4465 4011 4562 καὶ

714 4586 947 4650 sublata,
990 4585 1198 4653 reliqua
1243 4596 1424 4638 autem
1462 4582 1699 4636 similem
1732 4583 1936 4635 exitum
1972 4590 2066 4635 aut
2117 4580 2312 4636 celeri-
2344 4579 2378 4640 Ι

2349 4579 2396 4640 D
2422 4588 2512 4643 διά
2540 4586 2634 4640 τοῦ
2675 4559 2998 4644 σϐεσθέντος
3037 4578 3134 4631 ἐπί⁵
3159 4576 3220 4629 τὸ
3257 4573 3334 4645 μὴ
3373 4568 3738 4636 σϐεννύμενον
3768 4559 4010 4630 ἐκδημή-

712 4693 813 4745 ter,
875 4689 967 4733 aut
1041 4678 1200 4747 paulo
1257 4688 1375 4745 post
1441 4685 1861 4744 consequentur.
1917 4675 2063 4729 Bona
2127 4685 2308 4730 autem

713 4791 901 4830 smnus
932 4775 984 4828 in
1019 4788 1137 4842 spe,
1173 4786 1238 4826 ne
1273 4771 1503 4825 caudam
1565 4769 1778 4838 quidem
1834 4770 2164 4824 evitaturam
2229 4771 2311 4824 di-

713 4871 969 4938 ligentem
1062 4875 1115 4919 ct
1190 4872 1508 4918 accuratam
1582 4865 1924 4930 imperatoris
2003 4864 2308 4934 indagatio-

714 4977 860 5028 nem,
916 4960 1006 5030 qui
1095 4973 1298 5028 magno
1381 4957 1561 5013 studio
1637 4968 1798 5027 atque
1881 4959 2029 5012 omni
2095 4959 2308 5015 ratione

713 5065 938 5113 cunctos
998 5067 1251 5118 venatur,
1318 5060 1376 5105 ut
1431 5069 1525 5106 eos
1596 5052 1802 5106 retibus
1859 5054 2306 5121 comprehendat,

713 5167 823 5221 quo
856 5150 1076 5222 pietatis
1117 5149 1364 5204 triticum
1430 5164 1459 5200 ιι
1515 5147 1745 5201 zizaniis
1795 5158 2158 5215 expurgatum
2221 5163 2311 5202 os-

713 5249 988 5300 tendatur.

2425 4697 2628 4745 σα·.τα;
2657 4676 2781 4747 Χρὴ
2812 4675 2998 4744 μέντοι
3027 4671 3252 4742 θαρρεῖν
3278 4667 3374 4720 καὶ
3403 4660 3664 4731 περὶτῶν
3689 4656 4009 4721 ὑπολελειμ-

2426 4775 2626 4844 μένων.
2667 4768 3066 4839 Συντέτριπται
3102 4764 3212 4832 γάρ
3248 4761 3282 4829 ἡ
3317 4756 3414 4810 τοῦ
3447 4756 3744 4825 δράκοντος
3781 4750 3882 4844 ῆδη
3923 4763 4010 4797 κε-

2421 4840 2735 4937 ιραλή..Τὼν
2756 4862 2812 4915 δέ
2839 4858 3023 4931 μερῶν
3053 4853 3218 4908 αῢτοῦ
3261 4853 3352 4904 καὶ
3381 4847 3558 4920 μελῶν
3581 4845 3649 4897 τὰ
3671 4840 4012 4912 καιριώτατα

2424 4931 2524 5031 μὲν
2555 4931 2950 5022 συνείληπται,
2984 4952 3050 5005 τά
3078 4949 3136 5004 δὲ
3168 4946 3388 5017 μέλλει,
3416 4942 3487 4996 τὰ
3516 4939 3573 4992 δέ
3603 4931 4013 5031 προσαγγέ-λλε.

2425 5027 2511 5108 ται
2547 5052 2667 5106 καθ’
2698 5053 2962 5118 ἑκάστην,
2998 5048 3094 5101 καὶ
3124 5039 3448 5113 τρεφόμεθα
3473 5036 3740 5108 χρησταῖς
3773 5027 4010 5089 ἐλπίσιν,

2420 5150 2498 5213 ὡς
2527 5149 2650 5202 οὐδὲ
2679 5146 2740 5199 τὸ
2770 5145 2994 5214 οὐραῖον
3025 5138 3352 5209 ἐκφεύξεται
3383 5134 3483 5205 τὴν
3515 5128 3734 5200 ἐμμελῆ
3764 5124 3857 5178 τοῦ
3893 5123 4038 5198 θεο-ι

2424 5243 2761 5312 συνεργήτου
2789 5237 3058 5310 βασιλέως
3081 5233 3311 5303 ἔρευναν
3336 5231 3431 5283 καὶ
3456 5218 4013 5287 κατεσπουδασμένην

712 5346 1054 5414 ἀναζήτησιν
1080 5341 1350 5413 μεγάλαις
1378 5340 1630 5409 φροντίσι
1683 5339 2143 5409 κατατεινομένου
2171 5339 2336 5393 παντὶ
2373 5342 2566 5412 τρόπῳ
2596 5339 2806 5401 πάντας
2840 5334 3042 5397 αὐτοὺς
3089 5332 3224 5385 εῐσω
3253 5328 3499 5397 σαγήνης
3529 5322 3718 5376 λαϐεῖν
3739 5359 3758 5389 ,
3786 5316 3882 5370 καὶ
3913 5329 4014 5391 κατ

713 5437 858 5507 θαρά
889 5437 1151 5503 ζιζανίων
1182 5434 1466 5503 ἀποφῆναι
1498 5434 1597 5503 τῆς
1629 5433 1916 5497 εὐσεϐείας
1945 5434 2013 5488 τά
2047 5435 2194 5504 λῆῖα.

1223 5552 1535 5608 TITULUS
1590 5552 1828 5607 XXVIII.

716 5662 724 5672 '
758 5653 1018 5704 Adversus
1056 5639 1382 5711 Saracenos,
1441 5648 1533 5716 qui
1563 5657 1821 5700 vocantur
1849 5646 2305 5716 lsnta€lil¢2,qnod

777 5725 842 5778 ab
876 5723 1103 5778 lsmaele
1151 5722 1406 5791 originem
1446 5723 1720 5772 duxerint.
1809 5719 1906 5772 llic
1967 5736 2141 5773 autem
2200 5720 2303 5788 fuit

2992 5541 3246 5597 ΤΙΤΛΟΣ
3293 5538 3429 5595 κη’.

2418 5647 2579 5702 Κατὰ
2609 5641 2998 5712 Σαρακηνῶν,
3027 5639 3083 5692 οἳ
3105 5638 3438 5692 καλοῦνται
3465 5636 3845 5712 Ἰσμαηλίτιιι
3872 5631 4009 5712 μετ’,

2484 5721 2564 5783 ὡς
2586 5703 2708 5771 ἀπό
2739 5703 2846 5770 τοῦ
2887 5703 3144 5782 Ἰσμαὴλ
3194 5703 3667 5778 καταγενόμένοι
3695 5722 3710 5736 ⁶
3747 5706 3882 5768 υίὸς
3941 5703 4012 5756 δὲ

773 5866 787 5883 ⁹
823 5863 966 5914 lluuc
995 5858 1196 5912 titulum
1223 5859 1410 5920 primus
1436 5858 1604 5908 Graece
1637 5865 1686 5909 et
1716 5858 1882 5908 Latine
1929 5857 2082 5908 (didit
2113 5857 2245 5906 i’rtd.
2299 5854 2593 5917 Sylburgius
2637 5856 2684 5902 in
2729 5847 3058 5911 Saraccniris,
3107 5847 3232 5909 apud
3287 5845 3441 5897 lleur.
3487 5840 3848 5895 Commeliuutn
3873 5851 4004 5887 anno
