4420 6462
737 411 876 478 1335

1983 434 2369 495 ΕυἸΙΙΥΜιΙ
2412 441 2776 499 ZlGAllENl

3873 443 4014 506 1336

732 531 898 584 Deum
961 535 1298 592 conditorem
1362 541 1618 606 universi,
1654 543 1745 612 qui
1774 561 1946 615 neque
1971 550 2185 615 genitus
2239 553 2328 613 sit,
2358 590 2369 609 ι

2322 554 2405 613 ,Α
2438 555 2573 622 μήτε
2615 555 2922 624 γεννηθεὶς.
2963 558 3100 625 μήτε
3142 559 3413 626 γεννήσας
3442 573 3454 586 ’
3490 558 3585 610 καὶ
3640 559 3722 609 ὅτι
3777 560 3804 610 6
3839 559 4012 624 Λόγος

727 638 904 691 neque
960 629 1210 694 genuerit
1246 648 1259 683 :
1295 640 1348 684 ct
1393 630 1627 690 Verbum
1685 636 1778 690 Dei
1845 649 2006 705 atque
2057 640 2318 709 Spiritum

725 717 1008 784 ejusqua:
1060 721 1168 772 sint
1220 723 1454 788 condita,
1509 726 1751 794 ingressa
1800 728 2023 785 Mariam
2078 746 2317 786 sororem

727 805 890 860 Musis
935 819 986 862 et
1041 812 1291 876 Aaroais,
1325 815 1572 884 hancque
1601 818 1718 872 sine
1779 822 1987 875 semine
2043 824 2317 892 peperisse

722 897 904 951 .lesum
975 900 1250 957 Christum
1278 944 1292 968 ,
1349 909 1438 974 qui
1469 911 1732 978 prOphcta
1761 922 1814 966 et
1838 928 2029 968 servus
2068 915 2158 970 Dei
2195 915 2314 970 fue-

733 992 821 1054 "i'.
892 990 1216 1064 Judwosque
1258 999 1463 1054 invidia
1527 1005 1829 1060 concitatos
1856 1007 2091 1063 voluisse
2141 1011 2312 1078 ipsqu

731 1083 784 1136 in
839 1099 1054 1140 crucem
1120 1090 1350 1158 tollere,
1419 1109 1525 1161 quo
1579 1101 1975 1166 comprehenso
2064 1105 2311 1158 umbram

720 1175 837 1239 ejus
872 1181 1244 1237 crurilixerint
1273 1204 1283 1237 :
1313 1185 1589 1240 Christum
1624 1206 1751 1245 vero
1783 1208 1957 1261 neque
1991 1196 2311 1250 cruciﬁxum

723 1265 911 1331 fuisse,
938 1287 1109 1342 neque
1142 1277 1342 1331 obiisse
1374 1296 1384 1330 :
1418 1278 1584 1332 Deum
1613 1282 1753 1333 enim
1786 1284 1928 1338 hunc
1955 1287 2314 1354 assumpsisse

723 1374 788 1412 co
840 1365 982 1429 quod
1037 1365 1213 1433 ipsum
1276 1379 1504 1424 amaret.
1547 1371 1710 1426 Deum
1772 1375 1938 1428 etiam
2004 1376 2306 1431 Christum.

721 1463 1071 1518 posteaquam
1110 1459 1161 1511 in
1198 1460 1393 1513 ecelum
1429 1464 1787 1529 ascendisset,
1841 1467 2202 1536 interrogasse
2226 1470 2310 1522 di-

717 1551 932 1595 centem
971 1562 984 1596 :
1035 1563 1054 1595 ι
1110 1545 1153 1600 Ο
1194 1547 1320 1602 Jesu
1357 1553 1367 1602 !
1428 1563 1590 1606 tuane
1639 1555 1750 1608 haec
1782 1566 1865 1609 est
1907 1560 2102 1620 oratio,
2161 1560 2308 1627 quod

716 1644 769 1683 tu
804 1635 1014 1689 scilicet
1061 1639 1136 1692 sis
1180 1639 1347 1694 Filius
1392 1643 1482 1697 Dei
1531 1653 1586 1698 et
1649 1647 1838 1700 Deus?
1890 1659 1944 1702 et
2003 1649 2185 1704 .Iesum
2222 1667 2306 1704 re-

716 1723 1002 1788 spondisse
1029 1744 1040 1778 :
1069 1741 1126 1781 se
1147 1745 1250 1781 nou
1276 1732 1525 1786 docuisse
1551 1733 1648 1788 hoc
1675 1750 1848 1803 neque
1874 1736 2192 1791 erubescere
2213 1733 2304 1792 Dei

713 1825 930 1865 servum
961 1827 1104 1876 esse,
1141 1831 1328 1870 verum
1356 1819 1602 1874 homines
1630 1821 1837 1875 haecita
1865 1824 2085 1877 dixisse.
2124 1843 2141 1874 ι
2183 1824 2305 1880 Haec

2435 641 2530 691 τοῦ
2565 642 2725 707 Θεοῦ,
2771 645 2862 696 καὶ
2903 646 2962 696 τὸ
2999 645 3226 715 Πνεῦμα
3256 647 3446 708 αὑτοῦ,
3476 649 3667 700 κτιστά
3706 649 3854 706 ὄντα.
3897 650 4008 700 εἰσι

2431 734 2594 800 ἦλθεν
2625 737 2705 796 είς
2737 736 2954 805 Μαρίαν
2977 737 3077 806 τὴν
3101 738 3339 807 ἀδελφὴν
3367 739 3610 800 Μωσέως
3640 738 3733 790 καὶ
3773 739 4005 808 Ἀαρὼν,

2432 823 2526 875 καὶ
2581 825 2878 895 ἐγέννησεν
2919 828 3058 897 αὑτὴ
3115 829 3239 897 δίχα
3307 829 3627 897 σπέρματος
3682 828 3888 895 Ἰησοῦν
3918 830 4009 880 τὸν

2426 914 2685 984 Χριστὸν,
2717 919 3007 988 προφήτην
3034 919 3127 971 καὶ
3169 919 3357 971 δοῦλον
3403 920 3666 987 γεγονότα
3721 918 3812 970 τοῦ
3845 919 4003 970 Θεοῦο

2425 1005 2520 1058 καὶ
2551 1005 2633 1057 ὄτι
2665 1007 2712 1057 οί
2761 1006 3004 1060 Ἰουδαῖοι
3053 1011 3428 1078 φθονήσαντες
3506 1010 3788 1078 ἠθέλησαν
3834 1010 4000 1062 αὑτὸν

2425 1097 2783 1167 σταυρῶσαι·
2841 1102 2934 1152 καὶ
2997 1103 3376 1171 κρατήσαντες
3415 1145 3429 1165 ,
3492 1103 3856 1173 ἐσταύρωσαν
3907 1104 4008 1172 τὴν

2427 1186 2586 1240 σκιὰν
2612 1187 2802 1240 αὐτοῦ’
2839 1191 3004 1254 αὐτὸς
3051 1192 3108 1245 δέ
3137 1195 3164 1245 6
3215 1193 3456 1261 Χριστὸς
3503 1195 3603 1247 οὐκ
3656 1194 4004 1263 ἐσταυρώθη,

2421 1279 2545 1330 οὐδὲ
2615 1281 2924 1334 ἀπέθανεν’
2984 1287 3012 1335 6
3062 1285 3170 1352 γὰρ
3206 1284 3344 1348 Θεὸς
3407 1285 3604 1338 ἔλαϐεν
3664 1286 3830 1338 αὑτὸν
3869 1285 4008 1353 πρὸς

2421 1370 2614 1423 ἐαυτὸν
2645 1373 2725 1434 είς
2773 1374 2864 1425 τὸν
2921 1376 3181 1443 οὐρανὸν,
3232 1377 3321 1430 διὰ
3356 1378 3414 1430 τὸ
3443 1377 3619 1445 φιλεῖν
3670 1379 3833 1430 αὐτόν
3864 1395 3877 1408 ·
3911 1380 4003 1430 καὶ

2419 1463 2501 1513 ὅτι
2530 1462 2826 1516 ἀνελθόντα
2850 1465 2943 1517 τὸν
2975 1467 3212 1535 Χριστὸν
3244 1469 3325 1530 είς
3363 1470 3458 1522 τὸν
3483 1470 3741 1537 οὐρανὸν,
3792 1470 4004 1538 ἐρώτη-

2421 1570 2512 1607 σεν
2538 1556 2566 1606 ὁ
2594 1555 2747 1621 Θεὸς,
2773 1557 2983 1625 λέγων·
3021 1578 3038 1610 t
3069 1555 3140 1612 Ὦ
3181 1560 3385 1629 Ἰησοῦ,
3429 1560 3494 1613 σὺ
3537 1559 3693 1622 εἶπες
3726 1561 3819 1613 τὸν
3844 1563 4005 1627 λόγον

2415 1646 2626 1712 τοῦτον,
2654 1648 2736 1699 ὃτι
2771 1649 2898 1710 Υίὸς
2931 1647 2980 1701 εἴ
3027 1649 3122 1702 τοῦ
3160 1651 3322 1715 Θεοῦ,
3375 1653 3469 1704 καὶ
3499 1652 3667 1718 Θεός;
3724 1654 3834 1704 Kal
3862 1653 3999 1704 ἀπε-

2416 1737 2577 1807 κρίθη
2627 1738 2834 1808 ἰησοῦς
2865 1741 2948 1793 ὅτι
2979 1742 3093 1794 Οὐκ
3123 1736 3280 1795 εἷπον
3328 1741 3440 1810 ἐγώ
3465 1759 3478 1772 '
3514 1744 3635 1796 ούδέ
3668 1743 3998 1812 αἰσχύνομαι

2415 1822 2556 1881 εἶναι
2591 1827 2776 1891 δοῦλός
2814 1848 2934 1883 σου.
3011 1831 3155 1884 Ἀλλ’
3195 1831 3242 1884 οἱ
3299 1833 3582 1900 ἄνθρωποι
3637 1833 3877 1900 λέγουσι,
3915 1835 3999 1884 ὅτι

711 1907 922 1974 aliaque
948 1913 1216 1977 permulta
1259 1923 1498 1966 monstra
1544 1913 1597 1966 in
1651 1914 1738 1967 illa
1800 1917 2066 1985 scriptura
2126 1916 2300 1973 ell'utit
2334 1907 2369 1962 Β

2334 1907 2374 1962 Β
2409 1918 2562 1974 εἷπον
2594 1921 2685 1974 τὸν
2717 1923 2877 1988 λόγον
2922 1924 3134 1977 τοῦτον.
3180 1943 3198 1976 ι
3245 1927 3356 1978 Kal
3388 1927 3527 1980 ἄλλα
3558 1926 3732 1978 πολλὰ
3763 1942 3996 1992 τερατο-

716 1998 966 2065 ridicula,
1024 2016 1188 2070 quam
1215 2003 1472 2060 divinitus
1511 2005 1575 2059 ad
1601 2020 1660 2060 se
1693 2007 1925 2061 delatam
1963 2008 2124 2065 nimis
2159 2011 2304 2065 inso-

710 2092 885 2147 lenter
940 2098 1178 2163 jactitat.

779 2187 833 2241 5.
862 2188 971 2243 Nos
1007 2206 1133 2247 vero
1173 2195 1437 2264 discipulo
1467 2199 1585 2266 ejus
1649 2203 2057 2267 respondemus,
2111 2218 2301 2257 omnes

711 2277 1008 2341 prolrhetas
1073 2281 1138 2333 de
1203 2282 1430 2338 Domino
1455 2297 1641 2342 nostro
1703 2288 1828 2344 Jesu
1874 2292 2092 2346 Christo
2144 2309 2301 2361 prae-

706 2369 929 2433 dixisse,
966 2381 1019 2426 et
1057 2384 1181 2428 ante
1242 2376 1341 2429 hos
1384 2378 1596 2442 Mosen,
1655 2383 1796 2450 quod
1836 2391 1890 2437 ct
1969 2383 2062 2439 Dei
2134 2384 2301 2439 Filius

702 2469 754 2514 et
821 2459 965 2516 Deus
1014 2467 1273 2542 extremis
1316 2471 1647 2536 temporibus
1707 2473 1995 2527 humanam
2050 2486 2296 2531 naturam

701 2563 849 2608 esset
877 2569 1255 2628 assumpturus
1287 2578 1299 2614 :
1338 2571 1390 2616 et
1413 2563 1656 2617 absoluta
1682 2565 2088 2633 dispensatione
2116 2583 2212 2622 sua
2244 2570 2298 2622 in

699 2663 867 2703 carne
931 2653 1303 2722 cruciﬁgetur,
1371 2656 1682 2724 sepelietur,
1715 2670 1768 2711 et
1808 2671 2079 2729 resurget,
2119 2672 2171 2715 et
2243 2662 2295 2715 in

699 2742 895 2797 etelum
946 2755 1306 2800 assumetur:
1357 2748 1687 2818 tandemque
1739 2761 1996 2806 venturus
2034 2753 2296 2822 sitjudex

698 2837 943 2891 omnium
967 2879 980 2902 ,
1017 2841 1249 2896 reddens
1277 2843 1571 2910 unicuique
1601 2847 1896 2899 secundum
1929 2862 2092 2916 opera
2126 2849 2243 2917 ejus
2279 2868 2293 2903 :

696 2938 861 2997 atque
892 2930 990 2984 hos
1034 2932 1254 3001 quidem
1287 2935 1582 3003 prophetas
1635 2951 1724 2990 vos
1760 2952 2000 3006 quoque,
2048 2941 2123 2994 uti
2171 2939 2296 3009 qui—

695 3020 817 3074 dem
851 3021 1050 3087 dicitis,
1078 3023 1346 3092 probatis.
1411 3027 1572 3094 Atqui
1638 3028 1703 3080 de
1754 3029 2065 3086 Moametho
2136 3046 2297 3088 nemo

694 3113 913 3166 illonim
953 3115 1208 3183 praedixit
1241 3119 1384 3185 quod
1455 3118 1596 3172 Deus
1644 3119 1935 3178 Saracenis
1976 3123 2138 3180 talem
2168 3139 2295 3194 pro-

694 3207 922 3275 phetam
976 3209 1320 3265 excitaturus
1369 3211 1460 3265 sit.
1522 3212 1589 3266 Et
1644 3212 1818 3271 Moses
1884 3217 2106 3285 quidem
2166 3233 2369 3308 cumc

692 3315 850 3355 mons
895 3300 1025 3356 Sina
1091 3303 1349 3359 terribilis
1376 3318 1519 3360 esset
1550 3308 1802 3376 nubibus,
1841 3310 1984 3380 igne,
2023 3313 2286 3377 tenebris,

692 3401 741 3443 et
773 3391 988 3446 turbine
1014 3393 1247 3464 aliisque
1295 3397 1692 3465 (onsimilibus,
1720 3416 1839 3470 qua:
1878 3409 2141 3458 terrorem
2207 3403 2292 3458 in-

691 3496 876 3540 rutere
907 3495 962 3541 et
995 3486 1339 3544 formidinem
1364 3491 1567 3546 addere
1625 3494 1844 3562 solent,
1891 3497 2036 3551 omni
2090 3497 2289 3567 populo

690 3591 972 3647 spectante
1035 3583 1090 3635 in
1136 3583 1388 3638 tenebras
1414 3585 1696 3654 ingressus
1731 3599 1814 3642 est
1848 3589 2134 3659 legemque
2200 3606 2289 3647 re-

691 3675 807 3728 tulit
843 3692 856 3727 :
891 3674 1236 3732 Moamethus
1289 3693 1418 3733 vero
1461 3680 1564 3735 iste
1631 3681 1842 3750 quibus
1864 3685 2153 3752 portentis,
2192 3693 2286 3738 aut

688 3771 1014 3831 quibusnam
1044 3774 1420 3840 spectantibus
1455 3777 1670 3845 accepit
1723 3776 1876 3830 illam
1905 3778 2166 3834 divinitus
2216 3779 2284 3833 ad

688 3881 746 3920 se
801 3867 1048 3928 missam,
1084 3874 1145 3920 ut
1183 3867 1384 3932 aiebat,
1418 3869 1792 3939 scripturam?
1822 3869 1891 3924 At
1922 3872 2012 3926 isti
2047 3887 2169 3925 cum
2197 3873 2284 3928 his

690 3961 994 4015 rationibus
1068 3969 1393 4026 premuntur
1415 3971 1468 4016 et
1518 3962 1569 4016 in
1605 3962 1886 4032 angustias
1932 3966 2280 4033 rediguntur,

685 4053 1058 4121 respondent.
1107 4052 1272 4106 Deum
1330 4067 1666 4123 quaecunque
1726 4055 1884 4119 velit,
1938 4065 1992 4110 et
2056 4071 2281 4125 quomo-

683 4146 753 4197 do
797 4143 952 4208 velit,
984 4141 1183 4197 facere.
1226 4142 1430 4199 Deinde
1465 4159 1565 4198 nos
1632 4145 1829 4198 iterum
1878 4160 2133 4213 urgemus
2168 4163 2178 4198 :
2213 4147 2282 4199 At

684 4237 959 4303 quomodo
1022 4236 1305 4291 descendit
1367 4235 1454 4288 illa
1500 4235 1769 4305 scriptura
1831 4236 1896 4290 ad
1959 4239 2277 4306 prophetam

683 4326 970 4382 vestrum?
1021 4325 1088 4380 Et
1146 4327 1234 4379 isti
1279 4329 1659 4396 respondent:
1709 4327 1787 4381 Eo
1847 4329 2171 4398 dormiente.
2224 4330 2279 4384 in

681 4423 858 4488 ipsum
914 4420 1122 4473 incidit.
1166 4418 1235 4473 Et
1280 4434 1380 4474 nos
1423 4420 1620 4474 iterum
1682 4421 1996 4490 reponimus
2031 4438 2047 4476 :
2078 4421 2146 4476 Et
2186 4438 2282 4476 un-

681 4516 876 4567 dcnam
922 4522 1136 4567 constat
1191 4513 1336 4581 quod
1406 4513 1662 4566 divinitus
1699 4529 1866 4582 super
1906 4513 2089 4583 ipsum
2134 4516 2280 4570 deci-

681 4608 875 4659 derit?
917 4607 1196 4661 enimvero
1227 4607 1523 4662 verisimile
1569 4617 1650 4662 est
1708 4607 1986 4662 hominem
2030 4609 2120 4678 qui
2163 4624 2282 4664 eam

680 4699 977 4768 scripserat
1031 4699 1084 4753 in
1120 4699 1296 4766 ipsum
1333 4699 1631 4768 projceisse
1668 4717 1681 4753 :
1733 4700 1820 4754 vel
1859 4700 2044 4769 potius
2103 4701 2279 4769 ipsum

681 4808 803 4844 eam
841 4791 1207 4856 c0nliuxisse,
1249 4800 1302 4845 et
1335 4803 1549 4860 postea,
1584 4791 1740 4860 quasi
1802 4791 2018 4845 coalitus
2056 4791 2280 4859 delapsa

684 4887 778 4952 sit,
857 4886 1205 4954 prtedicasse.
1269 4886 1403 4940 Cum
1475 4885 1638 4956 igitur
1669 4884 1802 4939 nihil
1859 4884 2016 4939 solidi
2071 4885 2139 4939 ad
2195 4884 2278 4937 sui

681 4980 1058 5035 defensionem
1101 4981 1150 5032 in
1217 4978 1452 5032 medium
1511 4979 1708 5035 allerre
1753 4980 1986 5048 possint,
2047 4979 2281 5033 dicimus

682 5093 784 5129 nos
821 5093 833 5129 :
874 5074 1350 5141 Quemadmodum
1399 5073 1489 5142 qui
1544 5073 1763 5136 dormit,
1806 5072 2075 5142 loquendo
2141 5072 2280 5126 deli-

684 5174 789 5230 l'ul,
829 5174 882 5219 et
919 5180 1062 5235 βενε
1119 5162 1324 5232 aliquid
1382 5164 1676 5218 monstrosi
1732 5165 1784 5218 in
1827 5165 2040 5218 somnis
2110 5161 2274 5226 videt,

679 5265 757 5317 sic
800 5266 966 5315 etiam
1007 5260 1091 5313 illa
1146 5261 1418 5327 scriptura
1483 5274 1602 5328 quae
1647 5260 1701 5314 iu
1757 5260 1932 5327 ipsum
1997 5257 2272 5311 dormien-

681 5368 786 5410 tem
822 5354 1069 5423 conjecta
1117 5362 1220 5416 est,
1265 5351 1516 5407 deliratio
1569 5363 1619 5406 et
1660 5353 1874 5406 somnio
1935 5352 2272 5405 simillimum

678 5450 1022 5505 mendacium
1111 5447 1228 5499 fuit.
1289 5446 1527 5499 llursum
1584 5461 1706 5500 cum
1772 5462 1868 5500 nos
1947 5461 2010 5499 ex
2079 5445 2273 5500 iisdem

678 5547 978 5616 qna-rimus
1031 5544 1121 5613 qui
1167 5547 1259 5597 liat
1325 5553 1378 5594 ut
1419 5558 1541 5596 cum
1582 5541 1655 5596 illi
1695 5557 1757 5596 ex
1820 5552 2094 5611 prmcepto
2129 5540 2276 5595 Moa-

679 5641 847 5695 methi
880 5639 1011 5693 nihil
1077 5639 1192 5692 sine
1253 5637 1561 5691 testimonio
1645 5652 1816 5705 neque
1866 5636 2047 5691 facere
2099 5651 2276 5706 neque

681 5734 913 5802 probare
949 5742 1003 5784 et
1040 5731 1327 5785 admittere
1355 5731 1596 5792 soleant,
1649 5729 1854 5782 nullum
1896 5729 2272 5784 tesmuonium

680 5831 748 5884 ab
781 5831 971 5883 tudem
1015 5826 1316 5896 exegerint,
1357 5826 1499 5894 quod
1537 5824 1676 5879 Deus
1738 5826 1911 5894 ipsum
1947 5835 2000 5875 ut
2037 5825 2273 5894 prophe-

674 5931 782 5980 tam
821 5921 1067 5994 elegerit,
1114 5920 1369 5992 quodque
1413 5921 1527 5990 ipse
1569 5918 1828 5976 divinitus
1867 5920 2004 5975 hanc
2042 5920 2104 5975 de
2161 5919 2270 5974 Deo

2405 2012 2578 2076 λογῶν
2629 2015 2688 2067 ἐν
2719 2016 2783 2084 τῇ
2818 2017 3047 2088 τοιαύτῃ
3101 2020 3291 2087 γραφῇ
3329 2017 3572 2084 γέλωτος
3607 2017 3760 2081 ἄξια,
3787 2016 3996 2086 ταύτην

2405 2110 2467 2161 ἐκ
2491 2106 2626 2160 Θεοῦ
2661 2109 2743 2160 ἐπ’
2768 2109 2933 2160 αὑτὸν
2963 2110 3364 2180 κατενεχθῆναι
3391 2111 3753 2179 φρυάττεται.
4003 2120 4014 2177 έ

2477 2205 2550 2267 γ’.
2587 2201 2783 2270 Ἡμεῖς
2819 2202 2875 2255 δὲ
2910 2203 3142 2273 πρὸςτὺν
3179 2204 3429 2274 μαθητὴν
3453 2204 3620 2257 αὑτοῦ
3653 2204 3884 2274 λέγομεν
3914 2205 3995 2257 ὅτι

2407 2294 2541 2363 Περὶ
2585 2295 2685 2362 μὲν
2709 2295 2802 2347 τοῦ
2835 2296 3043 2365 Κυρίου
3078 2296 3238 2367 ήμῶν
3282 2295 3459 2365 Ἰησοῦ
3496 2296 3741 2366 Χριστοῦ
3787 2297 3994 2358 πάντες

2405 2387 2453 2438 οἱ
2483 2388 2765 2456 προφῆται
2804 2389 3310 2458 προκατήγγειλαν,
3355 2391 3450 2441 καὶ
3487 2388 3595 2457 πρὸ
3619 2387 3828 2440 τούτων
3860 2389 3993 2440 Μω-

2407 2481 2509 2549 σῆς
2537 2521 2550 2543 ,
2585 2483 2667 2534 ὅτι
2694 2481 2831 2534 Θεοῦ
2861 2483 2989 2547 Υἱὸς
3024 2481 3100 2534 ὢν
3144 2482 3238 2536 καὶ
3289 2482 3444 2545 Θεὸς,
3481 2481 3568 2534 ἐπ’
3609 2483 3856 2550 ἐσχάτων
3888 2480 3996 2533 τῶν

2407 2573 2637 2642 ἡμερῶν
2693 2573 3114 2645 ἐνανθρωπήσει
3141 2590 3155 2603 °
3193 2574 3285 2626 xal
3318 2573 3548 2636 τελέσας
3583 2575 3684 2642 τὴν
3730 2575 3996 2644 ἓνσαρκω

2405 2665 2728 2734 οἰκονομίαν
2783 2665 2977 2729 αὑτοῦ,
3019 2665 3477 2738 σταυρωθήσεται
3525 2667 3622 2718 καὶ
3661 2666 3992 2736 ταφήσεται,

2404 2758 2500 2809 καὶ
2538 2757 2933 2826 ἀναστήσεται,
2977 2759 3072 2810 καὶ
3108 2760 3189 2819 είς
3229 2757 3462 2827 οὐρανὸν
3493 2757 3947 2826 ἀναληφθήσεται
3976 2774 3990 2786 ο

2402 2849 2497 2901 καὶ
2528 2849 2848 2902 τελευταῖον
2886 2848 3007 2918 ἥξει
3034 2851 3230 2917 κριτὴς
3263 2849 3507 2912 πάντων,
3538 2846 3834 2910 ἀποδιδοὺς
3860 2848 3994 2900 ἐκάε-

2403 2957 2516 3010 στῳ
2540 2940 2684 2994 κατά
2702 2941 2770 2994 τὰ
2796 2941 2935 3010 ἔργα
2964 2941 3153 2994 αὑτοῦ.
3175 2941 3413 3004 Τούτους
3439 2941 3495 2993 δέ
3521 2943 3648 3004 τοὺς
3680 2942 3993 3011 προφήτας,

2401 3035 2497 3086 καὶ
2522 3035 2702 3104 ὑμεῖς,
2728 3035 2804 3099 ὼς
2831 3035 3048 3102 λέγετε,
3077 3021 3320 3104 δέχεσθε.
3347 3035 3484 3103 Περὶ
3513 3035 3570 3087 δὲ
3591 3032 3686 3086 τοῦ
3737 3033 3992 3102 Μωάμεθ

2399 3126 2608 3180 τούτων
2624 3126 2802 3187 οὐδεὶς
2837 3128 3274 3197 προεφήτευσεν,
3310 3128 3391 3180 ὅτι
3428 3131 3672 3180 τοιοῦτον
3701 3129 3992 3195 προφήτην

2400 3217 2700 3284 ἀναστήσει
2737 3218 2848 3279 τοῖς
2880 3217 3227 3286 Σαρακηνοῖς
3272 3219 3300 3269 6
3331 3216 3484 3280 Θεός.
3534 3218 3647 3270 Καὶ
3674 3219 3700 3268 6
3728 3216 3826 3285 μὲν
3856 3217 3993 3268 Μω-

2403 3314 2526 3380 σῆς,
2547 3310 2640 3362 τοῦ
2669 3310 2832 3378 ὅρους
2852 3309 2945 3363 τοῦ
2961 3311 3094 3362 Σινᾶ
3121 3309 3357 3378 φοϐεροῦ
3381 3309 3668 3378 γεγονότος
3687 3311 3743 3360 ἐν
3769 3309 3988 3378 νεφέλῃ,

2399 3403 2496 3456 καὶ
2528 3402 2687 3469 πυρὶ,
2727 3402 2820 3453 καὶ
2865 3404 3074 3472 γνόφῳ,
3128 3403 3224 3454 καὶ
3285 3400 3505 3472 θυέλλῃ,
3557 3403 3654 3453 καὶ
3707 3401 3993 3462 τοιαύταις

2399 3497 2588 3560 ἄλλαις
2620 3498 2877 3564 φρικταῖς
2931 3494 3364 3566 καταπλήξεσιν,
3425 3495 3668 3564 ὁρῶντος
3714 3493 3808 3546 τοῦ
3855 3492 3987 3546 λαοῦ

2399 3589 2624 3653 παντὸς,
2672 3590 2925 3656 είσῆλθεν
2986 3590 3066 3649 είς
3109 3588 3203 3640 τὸν
3250 3589 3472 3655 γνόφον,
3524 3589 3622 3640 xal
3672 3588 3766 3640 τὸν
3822 3587 3987 3654 νόμον

2397 3682 2726 3751 ἐκομίσατο’
2758 3681 2786 3732 6
2818 3681 2873 3734 δὲ
2907 3680 3178 3750 Μωάμεθ,
3215 3680 3388 3734 ποίων
3424 3679 3775 3750 θεοσημείων
3811 3693 3987 3750 uisoq-

2396 3775 2754 3845 γησαμένων,
2786 3777 2820 3847 ἢ
2855 3776 3018 3830 τίνων
3053 3776 3329 3845 ὁρώντων,
3368 3775 3590 3841 ἐδέξατο
3614 3776 3713 3846 τὴν
3748 3773 3988 3843 θεόπεμ·

2396 3885 2533 3922 πτον
2560 3867 2790 3936 ταύτην,
2825 3870 2899 3931 ώς
2927 3867 3104 3934 ἔλεγε,
3139 3869 3399 3936 γραφήν;
3441 3867 3552 3918 Kal
3587 3859 3733 3918 οῦτοι
3782 3865 3986 3928 ἐξαπο-

2398 3962 2653 4032 ρούμενοι
2689 3959 3110 4030 ἀποκρίνονται,
3139 3961 3220 4013 ὅτι
3251 3962 3278 4014 6
3311 3961 3465 4023 Θεὸς.
3519 3961 3622 4013 ὅσα
3682 3959 3852 4021 θέλει,
3891 3959 3989 4011 xal

2392 4053 2466 4116 ώς
2499 4052 2665 4118 θέλει,
2704 4055 2871 4105 ποιεῖ.
2905 4047 3041 4104 Εἶτα
3068 4052 3234 4105 πάλιν
3258 4054 3420 4122 ἡμεῖς
3449 4068 3462 4082 ·
3506 4052 3668 4104 ’Δλλὰ
3698 4052 3815 4114 πῶς
3849 4069 3986 4103 κατ-

2391 4144 2560 4214 ῆλθεν
2599 4145 2693 4197 ἐπὶ
2742 4144 2833 4196 τὸν
2870 4143 3160 4213 προφήτην
3203 4143 3356 4211 ὑμῶν
3395 4143 3429 4212 ή
3464 4144 3650 4212 γραφή
3683 4159 3696 4207 ;
3751 4143 3861 4195 Kal
3894 4143 3985 4194 λέ-

2395 4250 2610 4302 γουσιν,
2668 4233 2752 4286 ὅτι
2793 4234 3144 4302 κοιμωμένου
3204 4233 3476 4286 ἐπέπεσεν
3513 4234 3601 4286 ἐπ’
3643 4233 3830 4290 αὐτόν.
3873 4235 3985 4286 Καὶ

2393 4322 2548 4388 αὖθις
2584 4326 2767 4394 ἡμεῖς,
2812 4325 2926 4376 Kal
2962 4325 3130 4379 πόθεν
3175 4325 3356 4395 δῆλον,
3393 4327 3476 4379 δτι
3538 4326 3728 4378 θεόθεν
3784 4325 3984 4379 ἔπεσεν

2389 4421 2476 4472 ἐπ’
2514 4418 2718 4483 αύτόν;
2758 4418 2920 4481 Εἰκὸς
2954 4419 3062 4489 γὰρ
3114 4418 3406 4488 ἄνθρωπον
3474 4420 3647 4488 αὐτὴν
3693 4420 3986 4489 γράψαντα

2393 4511 2546 4580 ῥίψαι
2576 4511 2665 4562 ἐπ’
2708 4511 2874 4562 αὐτόν
2897 4525 2910 4540 ⁸
2945 4512 2976 4581 ἢ
3015 4511 3110 4564 καὶ
3139 4511 3305 4564 αὑτὸν
3367 4511 3575 4581 ταύτην
3633 4511 3984 4579 πλασάμενον

2322 4620 2362 4675 ι)
2390 4603 2688 4675 κηρύττειν
2721 4603 2805 4655 ὅτι
2843 4602 3029 4656 θεόθεν
3092 4603 3291 4657 ἐπεσεν
3333 4605 3423 4657 ἐπ’
3475 4604 3663 4657 αὐτόν.
3698 4603 3883 4674 Μηδὲν
3921 4605 3979 4657 δὲ

2389 4699 2604 4767 καίριον
2633 4696 3173 4766 προσαπολογεῖσθαι
3226 4696 3572 4765 δυναμένων,
3634 4696 3868 4766 λέγομεν
3894 4699 3981 4750 ὄτι

2389 4789 2608 4858 Ὠσπερ
2651 4789 2678 4840 6
2727 4786 3078 4858 κοιμώμενος
3118 4789 3602 4857 παραφθέγγεται,
3638 4789 3731 4842 καὶ
3755 4789 3981 4843 ἀλλοκόο

2385 4901 2514 4947 τους
2562 4882 2810 4953 ὀνείρους
2844 4882 3035 4952 βλέπει
3095 4882 3382 4945 πολλάκις,
3438 4882 3582 4936 οὕτω
3617 4885 3711 4936 καὶ
3772 4887 3840 4936 τὰ
3878 4886 3979 4951 τῆς

2385 4979 2629 5049 γραφῆς,
2663 4978 2787 5047 ἥτις
2817 4975 2904 5029 ἐπ’
2937 4976 3105 5030 αὑτὸν
3149 4976 3356 5046 ἐρρίφη
3387 4977 3760 5046 κοιμώμενον,
3796 4994 3976 5044 παρα-

2385 5073 2554 5143 φορὰ,
2598 5073 2695 5126 καὶ
2727 5068 3239 5142 ὀνειρωδικώτατον
3271 5070 3331 5121 τὸ
3351 5069 3569 5137 ψεῦδος.
3612 5070 3978 5138 Ἐρωτώντων

2384 5167 2441 5220 δὲ
2473 5167 2637 5220 πάλιν
2670 5165 2854 5235 ἡμῶν,
2892 5165 3042 5228 Πῶς,
3090 5163 3184 5217 τοῦ
3215 5162 3466 5232 Μωάμεθ
3499 5163 3629 5232 ὑμῖν
3662 5161 3978 5231 ἐντειλαμέ-

2383 5243 2478 5314 νου
2508 5259 2677 5331 μηδὲν
2706 5259 2836 5313 ἄνευ
2873 5258 3244 5330 μαρτυρίαςῆ
3277 5257 3509 5328 ποιεῖνῆ
3539 5257 3973 5328 παραδέχεσθαι,

2385 5357 2485 5409 οὐκ
2520 5354 2849 5426 ἀπῃτήσατε
2903 5353 3072 5407 αὐτὸν
3128 5353 3461 5424 μαρτυρίαν,
3521 5352 3604 5404 ὅτι
3666 5370 3726 5405 τε
3771 5353 3798 5405 6
3838 5351 3973 5416 Θεὸς

2383 5450 2547 5503 αὑτὸν
2572 5449 2864 5519 προφήτην
2892 5448 3294 5519 ἐχειροτόνησε,
3322 5447 3421 5501 καὶ
3437 5447 3518 5500 ὅτι
3547 5446 3734 5499 θεόθεν
3753 5446 3974 5510 ἐδέξατο

2383 5544 2484 5613 τὴν
2545 5544 2853 5613 είρημένην
2901 5541 3225 5608 θεολογίαν;
3291 5539 3584 5592 Σιωπῶσιν
3632 5539 3972 5610 αἰδούμενοι.

2383 5639 2495 5690 Kal
2523 5636 2682 5700 αὖθις
2734 5637 2927 5706 ἡμεῖς·
2965 5637 3028 5687 Ὢ
3069 5635 3168 5704 τῆς
3224 5635 3498 5696 ἀτοπίαςῐ
3555 5637 3827 5701 γυναῖκας
3874 5634 3976 5704 μὲν

2380 5733 2473 5786 καὶ
2489 5731 2735 5797 δούλους,
2754 5731 2850 5785 καὶ
2875 5731 3134 5801 χρήματα
3157 5732 3252 5782 καὶ
3272 5730 3550 5799 κτήματα,
3573 5729 3668 5782 καὶ
3695 5729 3850 5791 ὅνους
3877 5732 3972 5784 καὶ

2379 5829 2572 5892 κύνας,
2591 5826 2652 5878 τὸ
2675 5825 3092 5886 εὐτελέστατον,
3122 5825 3292 5894 χωρὶς
3318 5821 3633 5894 μαρτυρίας
3660 5825 3761 5875 οὐκ
3777 5823 3933 5890 ἔχετε
3953 5838 3968 5852 ο

2384 5922 2553 5986 μόνην
2576 5919 2631 5976 δὲ
2648 5919 2836 5974 πίστιν
2856 5918 2949 5973 καὶ
2982 5917 3202 5983 γραφὴν
3229 5916 3403 5982 οὕτως
3425 5917 3744 5974 ἀμάοτυοον
3763 5915 3921 5980 ἔχετε
3949 5931 3968 5984 ;
