4420 6462
415 445 548 509 I337

1298 438 1672 497 PANOPLIA
1718 435 2180 495 DOGMATICA.
2213 458 2282 470 --
2321 435 2470 494 ΤΙΤ.
2506 433 2786 493 XXVIII.

3526 431 3665 492 I338

411 559 716 614 doctrinam
746 554 1070 623 acceperit?
1106 553 1308 621 pudore
1360 551 1548 605 suffusi
1587 551 1979 603 conticescunt.
2019 548 2085 600 Et
2141 562 2238 601 nos
2275 548 2469 601 iterum
2525 554 2711 599 contra
2749 563 2762 599 :
2802 545 2846 597 0
2901 543 3321 597 absurdissimos
3357 544 3489 594 vos!
3545 560 3670 595 mu-

411 649 569 703 lieres
602 657 656 703 et
684 662 893 712 servos,
923 645 1181 714 pecunias
1209 652 1262 696 ct
1304 641 1696 710 possessiones,
1739 641 1923 694 asinos
1969 647 2129 706 atque
2194 653 2381 701 canes,
2415 637 2738 689 vilissimum
2812 634 3034 698 animal,
3104 635 3220 688 sine
3275 635 3504 687 testibus
3558 650 3664 686 non

411 740 699 807 possidetis
723 739 921 791 :solam
948 751 1078 790 vero
1101 737 1322 790 ﬁdemet
1349 744 1671 803 scripturam
1697 733 1832 786 adeo
1865 735 1982 787 sine
2036 732 2260 786 testibus
2293 728 2533 783 tenetis?

487 876 551 928 6'.
589 874 729 926 Ἀλλ’
757 873 880 924 ἐπεὶ
936 870 1147 939 Ἰησοῦν
1171 869 1408 940 Χριστὸν
1444 869 1633 934 λέγετε
1676 867 1847 934 Λόγον
1888 865 1984 918 τοῦ

413 967 571 1028 θεοῦ,
605 966 697 1017 καὶ
724 965 946 1031 Πνεῦμα
970 963 1155 1027 αὐτοῦ,
1189 963 1604 1032 συνομολογεῖτε
1639 962 1732 1013 καὶ
1755 961 1980 1022 ἄκοντες

416 1063 498 1112 ὅτι
529 1063 556 1112 ὁ
583 1059 757 1125 Λόγος
784 1055 879 1110 τοῦ
929 1055 1066 1108 Θεοῦ
1120 1057 1216 1108 καὶ
1247 1056 1307 1107 τὸ
1366 1054 1589 1121 Πνεῦμα
1629 1052 1791 1104 αὐτοῦ
1825 1055 1882 1104 ὲν
1911 1050 1988 1119 τῷ

418 1153 531 1220 Θεῷ
566 1154 727 1205 είσιν.
763 1150 822 1200 Ὀ
852 1150 961 1217 γὰρ
992 1150 1164 1215 Λόγος
1217 1147 1310 1198 τοῦ
1348 1146 1482 1198 Θεοῦ
1520 1148 1615 1197 καὶ
1657 1146 1716 1196 τὸ
1765 1145 1990 1211 Πνεῦμα

417 1243 582 1295 αὐτοῦ
614 1242 896 1310 ἀχώριστά
931 1243 1035 1292 είσι
1064 1237 1159 1291 τοῦ
1217 1232 1276 1289 οῦ
1316 1239 1474 1299 εἰσιν,
1535 1238 1622 1288 ἵνα
1671 1236 1744 1304 μὴ
1791 1236 1988 1302 ἄλογος

418 1335 512 1393 κα)⁴
537 1335 741 1394 ἄπνους
772 1331 1097 1399 ὑπολειφθῇ,
1135 1331 1195 1381 Εἰ
1225 1329 1281 1381 δὲ
1315 1332 1371 1382 ὲν
1403 1328 1479 1396 τῷ
1502 1327 1620 1396 Θεῷ
1651 1328 1797 1378 ἐστιν
1822 1328 1850 1378 6
1886 1329 1991 1379 Λό-

418 1443 511 1489 γος
562 1423 752 1483 αὐτοῦ,
806 1422 1048 1490 δηλονότι
1079 1421 1174 1472 καὶ
1230 1420 1362 1480 Θεὸς
1409 1421 1546 1470 ἐστι.
1579 1419 1687 1469 Καὶ
1729 1409 1916 1468 λοιπὸν
1964 1417 1992 1466 6

419 1513 674 1579 Χριστὸς,
711 1511 783 1571 ὡς
820 1512 918 1579 μὲν
951 1511 1122 1576 Λόγος
1147 1509 1241 1560 τοῦ
1271 1508 1430 1570 Θεοῦ,
1469 1509 1600 1570 Θεὸς
1632 1511 1800 1569 ἐστιν,
1834 1507 1908 1568 ὡς
1937 1507 1991 1558 δὲ

420 1607 484 1656 ὲκ
521 1602 799 1670 Παρθένου
844 1602 1148 1668 γεννηθεὶς,
1192 1599 1478 1668 ἄνθρωπός
1524 1600 1661 1663 ἑστει.
1720 1600 1822 1649 Καὶ
1851 1597 1992 1649 οὕτω

419 1694 641 1746 διπλοῦν
678 1694 807 1745 ὄντα
872 1693 976 1762 χρὴ
1045 1691 1238 1744 τοῦτον
1289 1692 1595 1760 ὁμολογεῖν,
1630 1691 1763 1742 Θεόν
1792 1707 1848 1741 τε
1895 1691 1992 1741 καὶ

2160 863 2214 917 4.
2252 862 2621 929 Verum,qnia
2660 876 2753 914 vos
2818 859 3004 914 Jcsum
3084 860 3356 914 Christum
3434 860 3669 912 Verbum

2089 955 2181 1008 Dei
2235 965 2286 1007 et
2344 954 2603 1022 Spiritum
2655 953 2768 1020 ejus
2811 953 2991 1005 dicitis
3025 992 3038 1014 ,
3101 952 3344 1003 nolentes
3423 953 3666 1004 volentes

2091 1045 2359 1107 fatemini,
2421 1042 2648 1096 Verbum
2696 1043 2788 1096 Dei
2830 1051 2882 1097 et
2913 1042 3171 1110 Spiritum
3206 1043 3373 1109 ipsius
3431 1042 3480 1092 in
3543 1045 3658 1109 ipso

2093 1137 2199 1190 Deo
2226 1148 2363 1188 esse.
2406 1135 2636 1187 Verbum
2700 1134 2842 1186 enim
2909 1134 3020 1195 Dei,
3067 1143 3119 1185 et
3184 1132 3418 1200 Spiritus
3473 1134 3562 1185 υνί
3607 1135 3672 1183 ah

2091 1243 2156 1282 eo
2183 1228 2418 1294 separari
2446 1235 2721 1294 nequeunt
2767 1226 2919 1293 cujus
2951 1236 3098 1289 sunt,
3131 1227 3258 1291 quin
3297 1241 3489 1291 cvpers
3515 1225 3670 1274 νιϊΙιί

2090 1340 2395 1396 expersque
2445 1326 2676 1394 Spiritus
2735 1324 3092 1391 relinquatur.
3132 1323 3184 1374 Si
3240 1325 3398 1388 igitur
3429 1323 3480 1372 in
3549 1323 3659 1372 Deo

2089 1431 2171 1476 est
2225 1419 2459 1473 Verbum
2525 1418 2660 1484 ejus,
2690 1417 2941 1468 nimirum
3004 1425 3057 1466 et
3119 1414 3294 1480 ipsum
3368 1414 3504 1465 Deus
3571 1423 3673 1465 est.

2091 1510 2276 1577 Itaque
2312 1519 2366 1562 ct
2420 1507 2664 1561 Christus
2719 1504 2949 1558 Verbum
3024 1505 3113 1556 llei
3193 1504 3328 1557 Deus
3387 1514 3490 1554 est.
3540 1502 3673 1565 Quia

2098 1615 2225 1654 vero
2262 1615 2327 1652 ex
2365 1600 2581 1666 Virgine
2623 1607 2780 1650 natus
2833 1606 2939 1658 est,
2994 1598 3154 1646 etiam
3207 1595 3364 1645 homo
3422 1604 3526 1644 est.
3587 1592 3675 1642 Sic

2107 1694 2269 1763 igitur
2329 1693 2532 1744 duabus
2589 1691 2795 1744 naturis
2847 1695 3184 1741 constantem
3246 1701 3390 1746 eum,
3461 1693 3676 1750 oportet

421 1785 728 1854 ἄνθρωπον,
762 1786 820 1836 ὲν
849 1785 943 1836 δύο
968 1782 1165 1851 φύσεσι
1193 1783 1624 1850 γνωριζόμενον,
1650 1781 1905 1851 Οεότητός
1933 1798 1993 1833 τε
2026 1794 2074 1852 Β
2103 1800 2166 1840 co

1933 1785 2349 1852 Teneonﬁteri
2405 1793 2459 1838 et
2515 1785 2680 1836 Deum
2751 1791 2803 1832 et
2863 1779 3155 1838 hominem,
3215 1786 3398 1842 utpote
3465 1777 3553 1842 qui
3625 1776 3674 1827 in

421 1884 517 1932 καὶ
553 1879 1007 1949 ἀνθρωπότητος.
1051 1879 1217 1930 Αὐτοὶ
1245 1877 1302 1929 δὲ
1357 1877 1521 1931 πάλιν
1564 1878 1869 1943 ἀλογίστως
1905 1878 1996 1927 ἐπὶ

425 1974 526 2042 τὴν
597 1972 945 2040 θεόπεμπτον
995 1970 1218 2039 γραφὴν
1279 1970 1717 2038 καταφεύγουσι.
1781 1967 1901 2037 Χρὴ
1941 1968 1998 2020 δὲ

424 2067 520 2117 καὶ
550 2062 982 2131 συλλογιστικῶς
1007 2062 1204 2122 αὐτοὺς
1234 2061 1538 2127 ἀναγαγεῖν
1589 2058 1682 2110 ἐπὶ
1710 2059 1808 2126 τὴν
1853 2059 1999 2126 ἀλή-

424 2156 599 2210 θειαν.
639 2156 697 2208 '0
724 2155 876 2219 Θεὸς,
909 2155 1114 2217 τέλειος
1139 2154 1238 2216 ὣν,
1264 2154 1365 2205 οὐκ
1397 2153 1591 2221 ἄλογός
1623 2153 1743 2204 ἐστι
1774 2168 1786 2180 ⁶
1823 2151 2000 2218 Λόγον

424 2248 477 2300 δὲ
505 2248 664 2317 ἔχων,
702 2247 801 2299 οὐκ
834 2247 1212 2298 ἀνυπόστατον
1244 2246 1356 2316 ἔχει
1397 2245 1611 2308 τοῦτον,
1668 2245 1788 2297 οὐδὲ
1823 2244 1999 2314 ἀρξά-

429 2358 590 2410 μενον
617 2341 711 2392 τοῦ
737 2335 903 2400 εἶναι,
933 2337 1056 2391 οὐδὲ
1090 2338 1435 2405 παυσόμενον
1455 2353 1469 2368 ο
1491 2337 1612 2390 οὐδὲ
1644 2337 1753 2405 γὰρ
1781 2332 1848 2406 ἦν
1871 2353 2001 2388 ποτε

426 2432 620 2500 ἄλογος
647 2447 661 2461 ⁶
701 2431 816 2483 ἀλλ’
849 2432 936 2483 ἀεὶ
963 2430 1040 2482 ὢν
1070 2430 1162 2482 τὸν
1194 2428 1390 2482 ἑαυτοῦ
1422 2428 1598 2496 Λόγον
1630 2428 1771 2497 ἔχων
1801 2428 1860 2492 ἐξ
1908 2429 2004 2480 αὐ-

426 2527 521 2578 τοῦ
554 2523 919 2594 γεννώμενον,
949 2526 1044 2577 καὶ
1075 2525 1132 2577 ὲν
1164 2523 1315 2592 αὐτῷ
1352 2525 1584 2592 μένοντα
1607 2561 1620 2586 ,
1669 2524 1765 2574 καὶ
1797 2520 2002 2586 ζῶντα,

429 2619 524 2672 καὶ
559 2618 788 2680 τέλειον,
826 2616 922 2670 καὶ
958 2617 1017 2668 οὐ
1058 2615 1200 2669 κατά
1235 2617 1328 2667 τὸν
1386 2614 1658 2684 ἡμέτερον
1689 2614 1869 2680 λόγον.
1903 2608 2006 2664 Ὦν

430 2711 541 2781 γὰρ
569 2711 628 2762 τὸ
657 2705 797 2761 εἶναι
827 2709 1108 2776 διάφορον,
1133 2706 1342 2758 τούτων
1370 2707 1465 2758 καὶ
1495 2708 1520 2758 6
1542 2704 1701 2772 λόγος
1727 2704 2004 2773 διάφορος.

433 2803 649 2869 Ὠσπερ
705 2801 763 2853 δὲ
809 2801 1137 2868 ὁήμέτερος
1191 2797 1352 2864 λόγος
1393 2799 1456 2848 ὲκ
1501 2796 1593 2848 τοῦ
1645 2797 1738 2848 νοῦ
1798 2797 2008 2863 γίνεται

435 2894 752 2965 νοούμενος,
779 2892 878 2945 καὶ
906 2889 1031 2943 οὐτε
1064 2890 1133 2943 δι’
1163 2890 1288 2943 ὅλου
1337 2890 1364 2940 6
1407 2889 1574 2950 αὐτός
1627 2890 1743 2940 ἐστι
1788 2888 1867 2957 τῷ
1911 2887 2006 2956 νῷ,

430 2987 555 3040 οὔτε
605 2986 958 3038 παντάπασιν
1002 2983 1190 3052 ἕτερος
1244 2982 1331 3052 (ὲκ
1365 2983 1458 3034 τοῦ
1492 2980 1585 3033 νοῦ
1625 2984 1723 3049 μὲν
1754 2981 1863 3049 γὰρ
1910 2981 2006 3045 ὢν,

430 3081 588 3142 ἄλλος
616 3080 731 3131 ἐστὶ
761 3077 1106 3146 παράὐτόνξ³
1139 3076 1305 3129 αὐτὸν
1336 3077 1393 3128 δὲ
1424 3075 1515 3126 τὸν
1543 3076 1668 3127 νοῦν
1697 3075 2005 3143 ἐμφαίνων,

431 3176 532 3227 οὐκ
560 3173 676 3224 ἔστι
708 3169 990 3232 παντελῶς
1021 3169 1210 3238 ἔτερος
1239 3167 1367 3238 παρ’
1400 3168 1586 3220 αὐτόν·
1619 3167 1735 3221 ἀλλ’
1771 3169 1831 3219 ἓν
1866 3169 2007 3222 κατὰ

431 3264 528 3332 τὴν
569 3263 754 3331 φύσιν,
785 3259 972 3329 ἕτερός
1010 3261 1126 3311 ἐστι
1159 3259 1237 3328 τῷ
1286 3260 1656 3330 ὑποκειμένῳ)
1686 3275 1702 3291 ⁶
1732 3259 1877 3313 οὕτω
1912 3262 2009 3313 καὶ

432 3359 459 3409 6
487 3355 581 3409 τοῦ
615 3354 752 3408 Θεοῦ
786 3354 980 3421 Λόγος,
1013 3354 1071 3415 ὃς
1101 3352 1252 3404 ἐστιν
1283 3353 1311 3403 6
1354 3352 1502 3415 Υἱὸς,
1534 3352 1609 3419 τῷ
1649 3353 1745 3422 μὲν
1775 3353 2010 3419 ὑφεστά-

432 3469 520 3505 ναι
554 3450 676 3504 καθ’
707 3448 924 3512 ἑαυτὸν,
949 3447 1208 3517 διῄρηται
1244 3446 1381 3517 πρὸς
1404 3449 1632 3510 ἐκεῖνον,
1669 3446 1800 3514 παρ’
1825 3440 1884 3500 οῦ
1912 3449 2012 3516 τὴν

435 3545 690 3612 γέννησιν
721 3543 922 3612 ἔσχηκε
948 3559 961 3573 ο
996 3540 1073 3611 τῷ
1093 3542 1148 3594 δὲ
1195 3540 1372 3594 ταῦτα
1396 3541 1665 3592 δεικνύειν
1701 3541 1757 3591 ὲν
1807 3538 2009 3608 ἑαυτῷ,

433 3639 471 3693 ἃ
499 3640 629 3708 περὶ
665 3640 758 3691 τὸν
788 3637 920 3690 Θεὸν
949 3636 1261 3705 Θεωρεῖται,
1293 3634 1351 3685 ἓν
1374 3636 1490 3686 ἐστι
1510 3634 1649 3703 πρὸς
1684 3631 1845 3683 αὐτὸν
1869 3629 2014 3682 κατά

432 3733 532 3801 τὴν
559 3731 744 3800 φύσιν.
768 3731 862 3781 Δεῖ
882 3728 967 3781 τὸν
991 3728 1162 3795 Λόγον
1194 3726 1340 3796 ἔχειν
1365 3728 1460 3779 καὶ
1488 3727 1733 3794 Πνεῦμα,
1760 3741 2016 3796 συμπαρ-

434 3823 711 3895 ομαρτοῦν
740 3840 797 3875 τε
829 3821 998 3892 αὐτῷ,
1053 3820 1150 3874 καὶ
1195 3819 1464 3890 φανεροῦν
1509 3819 1676 3872 αὑτοῦ
1725 3819 1824 3889 τὴν
1864 3820 2016 3887 ἐνέρ-

436 3937 612 3988 γειαν.
648 3921 758 3973 Καὶ
798 3918 908 3988 γὰρ
951 3919 978 3970 ὁ
1006 3916 1274 3987 ἡμέτερος
1306 3914 1463 3982 λόγος
1497 3916 1598 3968 οὐκ
1634 3916 1867 3984 ἄμοιρός
1898 3915 2014 3967 ἐστι

438 4017 787 4085 πνεύματος·
842 4016 980 4084 ὅπερ
1009 4014 1070 4065 ὲν
1127 4011 1204 4081 τῷ
1261 4009 1439 4080 καιρῷ
1487 4008 1587 4076 τῆς
1646 4007 2015 4075 ὲκφωνήσεως

441 4108 595 4178 φωνὴ
626 4108 834 4173 γίνεται
866 4102 961 4157 τοῦ
994 4103 1156 4169 λόγου
1186 4098 1371 4170 ἡμῶν,
1412 4095 1729 4166 φανεροῦσα
1765 4095 1865 4160 τὴν
1892 4091 2017 4143 τού-

438 4219 533 4255 του
579 4200 832 4268 δύναμιν.
895 4195 1038 4250 Ἀλλ’
1069 4194 1158 4262 ἐφ’
1194 4191 1352 4262 ἡμῶν
1418 4192 1516 4258 μὲν
1574 4188 1859 4255 ἀλλότριον
1917 4184 2019 4252 τῆς

443 4295 720 4366 ἡμετέρας
751 4289 939 4352 οὐσίας
972 4288 1032 4341 τὸ
1061 4286 1282 4354 πνεῦμα
1317 4283 1497 4350 τοῦτο,
1532 4284 1692 4350 ἀέρος
1727 4280 1786 4333 ὃν
1830 4279 2018 4349 είσροὴ

441 4387 535 4441 καὶ¹
565 4385 756 4455 ὲκροή·
789 4384 880 4435 ἐπὶ
906 4382 960 4434 δὲ
989 4379 1084 4434 τοῦ
1107 4379 1268 4445 Θεοῦ,
1324 4376 1516 4446 ὥσπερ
1542 4378 1567 4427 6
1597 4375 1770 4442 Λόγος
1795 4373 1853 4425 οὐ
1881 4372 2021 4425 κατά

446 4481 533 4532 τὸν
554 4480 849 4547 ἡμέτερον,
881 4472 996 4526 ἀλλ’
1037 4471 1318 4532 οὐσιωδῶς
1348 4470 1619 4536 ὑφεστὼς,
1670 4467 1763 4519 καὶ
1797 4465 1897 4533 τῆς
1925 4465 2021 4517 αὐ-
2047 4485 2100 4545 D

445 4573 541 4640 τῆς
568 4569 755 4632 οὐσίας
779 4567 874 4620 καὶ
903 4563 1122 4635 φύσεως
1178 4563 1257 4632 τῷ
1277 4563 1565 4631 γεννήτορι
1592 4599 1606 4623 ,
1640 4557 1785 4610 οὕτω
1831 4559 1925 4610 καὶ
1956 4557 2018 4608 τὸ

446 4664 667 4732 Πνεῦμα
705 4662 764 4715 τὸ
788 4659 968 4728 ἆγιον,
1000 4657 1275 4720 οὐσιωδῶς
1309 4653 1577 4723 ὑφεστὼς,
1605 4651 1701 4705 καὶ
1725 4653 1822 4721 τῆς
1848 4650 2019 4718 αὐτῆς

445 4758 520 4824 τῷ
551 4755 672 4824 Θεῷ
698 4754 887 4816 οὐσίας
926 4752 1021 4805 καὶ
1044 4750 1262 4819 φύσεως
1297 4749 1394 4800 καὶ
1439 4745 1805 4815 τελειότητος,
1835 4746 1900 4797 ὲκ
1925 4743 2020 4795 τοῦ

449 4845 663 4914 Πατρὸς
697 4842 910 4913 προϊὸν,
939 4842 1122 4909 καὶζὲν
1166 4839 1319 4908 αὐτῷ
1361 4838 1442 4901 ὃν,
1475 4838 1566 4890 καὶ
1607 4835 1684 4904 τῷ
1733 4835 1892 4913 Λόγῳ
1929 4833 2022 4885 καὶ

446 4940 560 5008 Υἱῷ
594 4936 1125 5008 συμπαρομαρτοῦν,
1163 4934 1258 4987 καὶ
1289 4931 1622 5001 ὲκφαντικὺν
1647 4928 1893 4999 ὑπάρχον
1928 4929 2026 4980 αὐ-

447 5034 562 5087 τοῦ.
597 5033 734 5102 Περὶ
757 5031 855 5101 μὲν
876 5027 974 5084 οὖν
1000 5029 1216 5100 Πατρὸς
1246 5029 1342 5081 καὶ
1374 5023 1507 5078 Υίοῦ
1534 5024 1630 5077 κατ⁹
1667 5022 1823 5092 ἁγίου
1859 5020 2028 5075 Πνεύο

452 5148 646 5200 ματος,
693 5130 775 5181 ὃτι
830 5127 926 5180 καὶ
955 5125 1088 5191 εἰσὶ,
1148 5123 1368 5193 καὶτῆς
1412 5119 1586 5189 αὐτῆς
1629 5120 1736 5171 εἰσι
1787 5116 2026 5187 φύσεως,

452 5223 654 5286 ῑκανῶς
682 5224 813 5293 ἡμῖν
850 5220 1252 5274 ἀποδέδεικται.

2100 1877 2310 1930 duabus
2345 1875 2553 1928 naturis
2581 1880 2956 1942 cognoscatur,
2991 1870 3308 1930 divinitatis,
3354 1869 3592 1933 inquam,
3628 1877 3681 1916 et

2102 1967 2476 2020 humanitatis.
2522 1965 2612 2017 Isti
2647 1977 2793 2024 vero,
2831 1972 2886 2013 ut
2922 1971 3100 2020 antea,
3132 1969 3330 2010 temere
3387 1968 3434 2009 et
3498 1960 3683 2007 incon-

2100 2060 2334 2112 siderate
2363 2059 2430 2109 ad
2471 2057 2797 2124 scripturam
2830 2053 2973 2105 illam
2999 2051 3138 2106 falso
3161 2051 3428 2102 divinitus
3454 2051 3674 2099 missam

2107 2150 2447 2221 confugiunt.
2496 2149 2684 2217 Itaque
2722 2146 3130 2199 ratiocinatione
3179 2143 3435 2212 qundam,
3470 2153 3526 2191 ut
3585 2157 3677 2192 vc-

2106 2261 2222 2298 rum
2256 2243 2610 2313 perspiciam,
2649 2240 2897 2310 adigendi
2935 2249 3082 2294 sunt.
3118 2239 3257 2290 Deus
3289 2254 3410 2289 cum
3447 2238 3514 2287 sit
3567 2251 3679 2298 per-

2104 2336 2298 2399 fectus,
2320 2351 2515 2403 expers
2535 2335 2627 2387 τοῦ
2648 2335 2822 2399 Λόγου
2851 2333 2923 2399 (id
2953 2343 3054 2395 est,
3081 2332 3263 2396 Verbi)
3299 2348 3397 2380 non
3419 2340 3519 2381 est.
3539 2328 3674 2379 Cum

2107 2427 2266 2496 igitur
2296 2427 2373 2494 τῷ
2404 2428 2560 2496 Λόγῳ
2579 2427 2652 2494 (id
2670 2435 2774 2487 est,
2799 2422 2992 2489 Verbo)
3017 2423 3272 2490 prmditus
3310 2422 3399 2480 sit,
3435 2436 3536 2471 non
3567 2419 3684 2468 sine.

2109 2523 2378 2597 hypostasi
2409 2523 2548 2574 idem
2578 2519 2805 2579 obtinet,
2844 2531 3014 2583 neque
3047 2514 3188 2583 quod
3222 2514 3508 2580 aliquando
3556 2525 3679 2561 esse

2108 2619 2358 2688 cmperil,
2396 2626 2569 2684 neque
2617 2610 2757 2680 quod
2813 2608 3054 2662 desii-rit.
3111 2606 3293 2674 Neque
3359 2607 3502 2656 enim
3546 2603 3686 2654 Deus

2109 2727 2342 2782 unquam
2365 2723 2558 2776 expers
2594 2705 2686 2757 τοῦ
2709 2705 2879 2770 Λόγου
2929 2703 3002 2770 (id
3035 2710 3118 2753 cst
3167 2699 3348 2768 Verbi)
3387 2698 3522 2749 fuit:
3589 2697 3681 2747 sed

2110 2819 2230 2858 cum
2261 2803 2328 2856 sit
2351 2814 2583 2867 semper,
2618 2811 2887 2863 suumque
2924 2792 3153 2845 Verbum
3205 2791 3422 2853 haheat,
3455 2789 3596 2857 quod
3625 2803 3691 2839 ex

2113 2894 2228 2962 ipso
2253 2898 2562 2962 generatur,
2593 2895 2647 2941 et
2674 2886 2727 2938 in
2759 2886 2874 2953 ipso
2903 2893 3101 2942 manet,
3151 2891 3203 2935 et
3243 2881 3395 2944 vivit,
3458 2890 3511 2931 et
3570 2894 3691 2944 per-

2115 2986 2309 3039 fectum
2338 2990 2469 3037 est:
2517 2994 2620 3032 non
2685 2976 2978 3031 secundum
3038 2983 3283 3027 nostrum
3336 2971 3512 3035 λνὶγον,
3575 2983 3688 3020 srve

2113 3077 2373 3139 verbum;
2408 3088 2636 3143 quorum
2693 3070 2834 3124 enim
2889 3066 3123 3121 essentia
3165 3064 3372 3117 diversa
3440 3070 3540 3122 est,
3601 3077 3696 3112 co-

2118 3184 2236 3222 rum
2284 3168 2445 3221 etiam
2479 3169 2506 3218 ὁ
2537 3164 2692 3232 λόγος
2741 3163 2854 3216 sive
2919 3162 3162 3213 verbum.
3221 3154 3685 3220 Quemadmodum

2119 3265 2296 3310 autem
2329 3263 2570 3308 nostrum
2628 3251 2847 3305 verbum
2905 3249 3065 3315 (sive
3121 3245 3338 3312 oratio)
3391 3260 3454 3296 cx
3508 3253 3685 3296 mente

2121 3347 2360 3400 nascitur
2392 3363 2406 3398 :
2434 3361 2535 3398 non
2563 3354 2742 3397 autem
2772 3342 2992 3394 omnino
3020 3354 3140 3390 cum
3174 3346 3348 3388 mente
3369 3335 3554 3387 eadem
3584 3345 3686 3396 est,

2118 3452 2293 3506 neque
2328 3435 2547 3503 penitus
2605 3434 2816 3485 diversa
2853 3447 2866 3482 :
2905 3444 2970 3482 ex
3015 3437 3192 3480 mente
3228 3428 3368 3479 cnim
3429 3441 3548 3476 cum
3604 3425 3695 3480 sit.

2119 3527 2263 3583 aliud
2346 3524 2602 3594 quiddam
2668 3533 2862 3589 praeter
2931 3521 3100 3586 ipsam
3157 3527 3239 3569 est
3301 3533 3315 3568 :
3385 3530 3504 3567 nam
3570 3514 3696 3578 quia

2122 3631 2354 3673 mentem
2405 3618 2574 3683 ipsam
2639 3612 2899 3668 declarat.
2957 3623 3060 3662 non
3131 3616 3210 3659 est
3269 3620 3492 3659 onnuno
3552 3603 3697 3655 aliud

2120 3717 2315 3776 prrcter
2349 3706 2520 3773 ipsam
2559 3719 2572 3755 :
2605 3701 2697 3756 sed
2732 3714 2896 3754 unum
2928 3697 3182 3765 quiddam
3216 3711 3336 3749 cum
3371 3695 3479 3747 sint
3535 3704 3700 3744 naut-

2101 3819 2205 3864 .ra,
2237 3799 2478 3870 subjecto
2507 3795 2648 3851 inter
2669 3808 2725 3848 se
2752 3789 3045 3846 dilIerunt:
3087 3789 3165 3845 sic
3200 3789 3364 3843 etiam
3410 3785 3497 3839 Dei
3561 3781 3700 3838 Ver-

2124 3894 2249 3948 bum
2286 3892 2546 3961 (quodet
2590 3887 2760 3941 Filius
2814 3889 2919 3952 est)
2993 3885 3206 3952 propria
3261 3880 3475 3950 quidem
3528 3879 3704 3946 hypo-

2125 3987 2256 4043 stasi
2296 3986 2362 4039 ab
2387 3997 2450 4038 eo
2481 3981 2791 4036 distinctum
2825 3989 2931 4043 est,
2971 3993 2998 4030 a
3031 3992 3139 4046 quo
3161 3985 3337 4030 ortum
3373 3973 3486 4024 sive
3540 3986 3704 4037 gene-

2127 4079 2393 4133 rationem
2426 4076 2586 4130 habet
2615 4091 2628 4126 :
2663 4073 2784 4140 quia
2816 4086 2947 4125 vero
2981 4070 3034 4123 in
3068 4082 3126 4123 se
3160 4068 3276 4134 ipso
3307 4062 3542 4118 ostendit
3586 4076 3706 4128 quae

2127 4173 2292 4226 etiam
2347 4169 2403 4223 in
2429 4168 2538 4221 Deo
2570 4174 2869 4220 cernuntur
2901 4204 2915 4228 ,
2964 4175 3129 4214 unum
3162 4173 3288 4214 cum
3339 4160 3458 4225 ipso
3508 4162 3592 4207 est
3646 4160 3702 4205 et

2127 4247 2346 4334 quidem
2379 4269 2592 4316 natura.
2620 4256 2739 4312 Jam
2777 4271 2906 4310 vero
2932 4254 3165 4309 Verbum
3233 4261 3293 4303 ut
3339 4257 3392 4303 et
3443 4245 3704 4314 Spiritum

2129 4355 2476 4424 coniunctum
2514 4354 2971 4418 ltabcatOportet,
3009 4345 3096 4414 qui
3131 4343 3296 4411 ipsius
3347 4342 3450 4392 vim
3499 4348 3548 4390 ct
3584 4336 3702 4389 etii-

2130 4449 2336 4504 caciam
2369 4443 2894 4510 declaret.Namque
2952 4453 3017 4492 ne
3064 4446 3246 4489 nostra
3311 4431 3530 4501 quidem
3583 4445 3708 4480 ora-

2129 4542 2201 4596 tio
2232 4541 2452 4610 spiritus
2483 4553 2675 4600 expers
2698 4545 2803 4596 est,
2865 4534 2956 4601 qui
3018 4541 3259 4595 tempore
3297 4522 3704 4594 pronuntiatio-

2124 4639 2212 4688 nis
2238 4648 2342 4686 vox
2380 4632 2438 4684 ﬁt
2466 4639 2668 4685 nostra:
2709 4625 2933 4679 rationis
2958 4664 2972 4688 ,
3014 4635 3133 4689 qua:
3169 4632 3385 4670 onmem
3425 4615 3568 4667 illius
3603 4612 3709 4663 vim

2128 4726 2382 4790 ostendit,
2410 4735 2465 4778 et
2501 4725 2552 4776 in
2578 4729 2827 4791 apertum
2870 4715 3096 4786 profert.
3133 4712 3238 4766 Sed
3288 4711 3340 4762 in
3374 4707 3530 4761 nobis
3593 4704 3711 4771 spi-

2131 4817 2376 4874 ritusille
2402 4815 2609 4869 alienus
2633 4822 2713 4866 est
2747 4829 2774 4864 a
2808 4820 2993 4862 nostra
3023 4806 3283 4866 essentia;
3335 4805 3533 4868 quippe
3591 4809 3715 4848 cum

2134 4908 2206 4962 sit
2237 4905 2472 4960 inlluxus
2499 4913 2560 4957 et
2603 4901 2839 4955 reﬂexus
2871 4913 3014 4951 acris
3050 4914 3067 4950 :
3104 4897 3155 4948 in
3191 4895 3298 4947 Deo
3352 4907 3480 4945 vero
3533 4901 3719 4954 quem-

2140 5000 2430 5054 admodum
2488 4999 2515 5050 6
2568 4995 2740 5061 Λόγος
2778 4989 3087 5061 (Verbum),
3141 5002 3248 5040 non
3314 4984 3392 5038 uti
3478 4990 3724 5033 nostrum

2137 5093 2360 5146 verbum
2383 5108 2398 5158 ;
2433 5091 2526 5145 sed
2550 5087 2910 5144 essentialitcr
2927 5084 3251 5142 subsistens,
3271 5078 3511 5148 ejusdem
3539 5087 3729 5128 essen-

2148 5188 2256 5249 tim,
2289 5186 2532 5253 ejusdem
2591 5191 2795 5235 natura:
2856 5179 2962 5248 (est
3008 5191 3131 5231 cum
3189 5175 3478 5244 genitore:
3555 5167 3633 5220 sic
3677 5173 3734 5218 et

453 5318 689 5380 Spiritus
724 5327 964 5375 sanctus,
1023 5310 1386 5367 essentialiter
1441 5307 1768 5369 subsistens,
1835 5305 2074 5373 ejusdem
2124 5318 2244 5357 cum
2283 5303 2392 5356 Deo
2416 5310 2499 5355 est
2555 5297 2804 5353 essentia:
2857 5304 2910 5348 et
2960 5291 3185 5361 natnrzr)
3237 5298 3289 5343 et
3345 5282 3731 5356 perfectionis;

453 5431 517 5469 ex
542 5411 652 5467 Deo
684 5407 1007 5480 procedens,
1040 5405 1092 5458 io
1132 5419 1195 5457 eo
1223 5402 1535 5466 exsistil,et
1562 5398 1639 5468 τῷ
1706 5398 1865 5467 Λόγῳ
1901 5397 2154 5467 (Verbo),
2199 5394 2338 5450 Filio
2390 5408 2602 5460 nempe,
2635 5390 2984 5456 coniunctus,
3044 5386 3220 5455 ipsum
3258 5384 3518 5436 declarat.
3566 5379 3640 5432 Ac
3671 5378 3737 5431 de

455 5507 614 5563 Patre
636 5505 880 5575 quidem,
915 5507 971 5555 et
1001 5498 1158 5565 Filio,
1192 5506 1241 5554 et
1273 5496 1477 5566 Spiritu
1518 5504 1730 5556 sancto,
1776 5493 1915 5559 quod
1973 5500 2026 5544 et
2066 5491 2194 5555 sint,
2249 5500 2304 5544 et
2351 5488 2593 5557 ejusdem
2635 5492 2840 5536 natura:
2882 5481 3015 5544 sint,
3041 5479 3173 5531 satis
3235 5493 3262 5528 a
3319 5477 3472 5529 nobis
3509 5473 3736 5527 demon-

458 5613 689 5654 stratum
713 5608 815 5651 est.

2224 5723 2278 5775 5.
2305 5721 2377 5776 De
2411 5729 2584 5774 matre
2613 5733 2738 5771 vero
2761 5716 2882 5770 Filii
2911 5717 3025 5778 Dei,
3052 5715 3142 5784 qui
3179 5723 3428 5768 naturam
3448 5708 3743 5776 assumpsit

2154 5818 2470 5876 humanam,
2506 5811 2693 5881 paucis
2753 5795 3156 5872 disserendum;
3190 5817 3244 5862 et
3285 5813 3552 5872 quantmn
3609 5801 3743 5852 satis

2154 5907 2220 5962 sit
2289 5907 2354 5962 ad
2413 5905 2808 5976 coarguendam
2876 5902 3202 5970 scripturam
3266 5897 3408 5950 illam
3475 5892 3740 5948 divinitus

534 5742 594 5797 ε’.
625 5741 759 5809 Περὶ
779 5739 835 5790 δὲ
868 5737 965 5805 τῆς
996 5735 1201 5805 μητρὸς
1221 5732 1312 5786 τοῦ
1334 5730 1855 5801 ἐνανθρωπὴσαντος
1878 5725 2038 5788 Θεοῦ,

461 5836 558 5889 τοῦ
585 5834 714 5888 Υἱοῦ
751 5832 836 5885 τοῦ
876 5829 1036 5893 Θεοῦ,
1082 5828 1292 5899 βραχέα
1315 5827 1436 5880 τινὰ
1459 5825 1796 5884 διαλεκτέον,
1823 5820 1919 5873 καὶ
1940 5820 2041 5871 ὅσα

464 5930 662 5982 δύναιτ’
700 5928 760 5982 Ξιν
789 5924 1010 5990 ἐλέγξαι
1040 5922 1510 5992 τὴν-οείπεμπτον
1540 5917 1755 5984 ἐκείνην
1790 5913 2036 5983 γραφήν.
