4420 6462
701 405 844 468 1339

1921 403 2301 464 EUTIIYMII
2367 406 2733 467 ZIGABENI

3839 412 3975 474 1340

698 524 912 579 scilicet
939 522 1189 577 missam.
1219 521 1394 577 Abeo
1440 521 1621 590 itaque
1675 532 1916 592 tempore
1963 539 2070 591 quo
2125 522 2289 577 Musis
2319 531 2364 587 Α
2408 529 2443 580 ‘1

2228 527 2289 577 iis
2319 531 2364 587 Α
2408 528 2528 595 Ἀφ’
2560 524 2623 583 οὗ
2676 529 2787 599 γὰρ
2818 531 2850 597 ἡ
2893 527 2987 581 τοῦ
3035 531 3277 593 Μωσέως
3329 531 3423 584 καὶ
3488 529 3699 601 Ἀαρὼν
3768 533 3973 603 ἀδελφὴ

698 622 753 667 ει
782 611 1014 666 Aaronis
1045 625 1205 668 soror
1247 612 1414 665 Maria
1468 627 1593 665 cum
1619 611 1898 678 jlratribus
1944 627 2005 667 ex
2055 611 2285 681 A-Zgypto

697 720 917 773 egressa
942 714 1046 768 est,
1085 704 1340 775 periodus
1373 704 1455 757 bis
1490 705 1636 758 mille
1665 718 1929 757 annorum
1989 719 2163 770 usque
2218 705 2285 758 ad

696 798 904 852 Christi
935 800 989 851 in
1014 811 1179 851 carne
1213 797 1557 851 nativitatem
1589 797 1737 866 lapsa
1799 807 1903 852 est.
1973 796 2095 851 llzec
2156 811 2285 851 vero

698 890 868 942 Maria
926 905 1033 943 non
1068 888 1305 943 excessit
1342 902 1653 941 mensuram
1690 887 1813 942 vita:
1858 888 2141 941 mulierum
2173 887 2289 940 illa-

650 980 651 983 ’
698 995 819 1033 tum
875 994 995 1048 quae
1056 993 1240 1034 secum
1287 992 1350 1031 ea
1389 987 1711 1047 tempestate
1774 978 2043 1033 vivebant.
2112 977 2287 1031 Mani-

698 1071 896 1123 festum
973 1085 1106 1139 ergo
1165 1071 1507 1123 mendacium
1551 1069 1795 1139 .proprio
1859 1081 2169 1122 commento
2236 1079 2291 1124 et

699 1160 962 1213 historica
1001 1162 1103 1214 litle
1163 1174 1436 1215 eversum.
1479 1158 1548 1212 Et
1611 1158 1884 1228 quomodo
1934 1158 2101 1212 David
2144 1159 2289 1213 inter

698 1248 903 1302 Christi
964 1250 1218 1318 majores,
1259 1251 1560 1304 secundum
1604 1250 1897 1302 humanam
1955 1250 2073 1318 ejus
2130 1258 2290 1302 natu-

698 1351 763 1392 ra
788 1355 816 1387 ιι
859 1338 1162 1406 computari
1189 1348 1374 1404 queat,
1412 1338 1502 1407 qui
1561 1348 1684 1407 post
1733 1338 1936 1391 obitum
1966 1337 2170 1401 Μαι-ἰαὶ,
2203 1352 2293 1392 so-

698 1427 842 1480 roris
891 1427 1052 1481 Mosis
1105 1439 1159 1481 et
1192 1428 1449 1488 Aarouis,
1487 1428 1671 1481 multis
1706 1426 1864 1479 armis
1896 1436 2080 1494 postea
2111 1436 2166 1479 et
2194 1441 2292 1479 na-

701 1529 786 1571 tus
810 1522 1134 1574 eteducatus
1153 1529 1257 1584 est,
1291 1519 1597 1587 liberosque
1619 1519 1969 1587 procreavit?

778 1611 831 1663 6.
875 1611 1029 1665 Nullo
1088 1622 1248 1680 pacto
1274 1613 1439 1681 igitur
1473 1612 1733 1667 divinitus
1782 1614 1949 1666 missa
2009 1622 2092 1666 est
2153 1614 2292 1668 scri-

699 1710 883 1771 ptura,
918 1718 1037 1771 qua:
1106 1705 1230 1756 talia
1260 1714 1515 1773 nugatur,
1556 1713 1609 1757 et
1664 1713 1812 1756 tanta
1882 1704 2292 1759 mendaciorum

703 1805 971 1862 portenta.
1003 1795 1058 1849 Si
1089 1797 1232 1849 enim
1292 1795 1472 1849 Mariae
1523 1797 1729 1850 sororis
1790 1794 1959 1851 Musis
2014 1806 2069 1850 et
2120 1797 2293 1851 Aaro-

702 1888 787 1940 nis
834 1888 973 1941 lilius
1006 1900 1149 1941 esset
1180 1888 1457 1950 Christus,
1515 1889 1888 1953 conveniebat,
1947 1887 2122 1957 ipsum
2166 1902 2289 1943 eum
2320 1879 2364 1934 Β

703 1982 894 2035 l'ontio
949 1982 1119 2035 Pilato
1151 1981 1478 2051 juilieaudns
1516 1990 1742 2046 astaret,
1798 1991 2053 2035 extremae
2112 1981 2288 2035 aetatis

701 2090 838 2131 csso,
871 2084 923 2127 et
956 2074 1117 2125 veluti
1162 2074 1395 2128 lioiiiiiiis
1421 2073 1673 2141 reliquias
1713 2091 1725 2126 :
1789 2080 1974 2141 utpote
2033 2075 2121 2140 qui
2182 2081 2289 2126 tam

704 2166 886 2216 multis
922 2165 1100 2228 :tnttis,
1144 2164 1234 2232 qui
1268 2164 1471 2217 interea
1543 2164 1673 2231 lapsi
1706 2172 1853 2229 sunt,
1922 2163 2180 2230 paulatim
2236 2172 2292 2217 et

703 2257 905 2308 sensim
963 2269 1318 2324 consumptus
1357 2268 1524 2310 esset.
1574 2256 1841 2310 Prmterea
1886 2270 1991 2309 non
2041 2256 2290 2308 umbram

701 2349 929 2415 Christi,
961 2351 1240 2419 sedipsum
1260 2350 1538 2406 Christum
1559 2351 1879 2405 cruciﬁxum
1910 2365 2034 2407 esse
2088 2364 2291 2405 secun-

705 2446 831 2495 dum
860 2458 1103 2508 carnem,
1136 2442 1378 2499 declarat
1428 2444 1669 2512 sanguis,
1706 2444 1798 2514 qui
1836 2447 1902 2499 de
1948 2443 2293 2498 sanctissimo

705 2538 878 2606 ipsius
914 2554 1137 2608 corpore
1170 2538 1415 2602 deﬂuxit,
1446 2540 1538 2608 qui
1571 2540 1747 2594 adhuc
1775 2540 1916 2609 apud
1942 2538 2291 2595 Christianos

712 2642 1071 2684 conservatur
1107 2640 1161 2685 et
1193 2631 1512 2684 sanationes
1546 2630 1894 2699 scaturiginis
1937 2630 2110 2686 instar
2141 2631 2291 2697 edit,

708 2723 1113 2790 multorumque
1147 2722 1536 2777 miraculorum
1584 2721 1897 2776 testimonio
1940 2720 2146 2776 Christi
2175 2736 2295 2775 esse

708 2814 1119 2881 comprobatur.
1148 2812 1290 2878 Quin
1326 2823 1377 2867 et
1410 2812 1687 2881 propheta:
1734 2813 1801 2867 de
1837 2812 2005 2882 ipsius
2030 2812 2296 2882 supplicio

705 2912 909 2971 crucis,
935 2912 1108 2978 deque
1139 2910 1204 2963 iis
1234 2924 1354 2978 qua:
1377 2909 1506 2962 illitd
1537 2917 1966 2973 antecesserunt,
2014 2922 2297 2978 perspicue

706 3002 986 3054 v.iticinati
1037 3010 1165 3057 sunt
1200 3019 1215 3055 :
1264 3011 1320 3054 ut
1346 3003 1459 3071 jam
1491 3017 1555 3055 ex
1588 3001 1810 3069 reliquis
1840 3001 2139 3062 Scriptura:
2170 3015 2299 3069 par-

707 3096 851 3148 tibus
911 3095 1259 3163 probationes
1291 3095 1632 3160 omittamus,
1684 3108 1823 3163 quas
1852 3094 2086 3162 Agareni
2119 3107 2297 3163 neque

707 3185 909 3248 sciunt,
937 3203 1110 3255 neque
1150 3200 1280 3239 sane
1304 3186 1616 3239 admittunt.

780 3281 831 3330 7.
869 3278 986 3331 Jam
1024 3296 1174 3342 vero,
1212 3280 1355 3348 quod
1388 3280 1521 3333 dicit
1556 3280 1641 3333 ille
1676 3276 1844 3331 Deum
1877 3278 2130 3347 ignorare
2169 3293 2297 3331 num

706 3374 961 3426 Christus
988 3373 1232 3426 homines
1258 3373 1505 3425 docuerit
1529 3372 1670 3441 quod
1695 3374 1766 3424 sit
1803 3371 1943 3425 Dens
1972 3373 2137 3425 etiam
2162 3372 2297 3439 ipse,

706 3479 759 3517 et
784 3474 1068 3534 propterea
1113 3466 1285 3532 ipsum
1318 3465 1658 3533 interrogare
1688 3480 1702 3516 :
1727 3474 1780 3516 et
1816 3464 1932 3532 ipso
1958 3466 2058 3518 hoc
2086 3479 2295 3532 negan-

710 3569 784 3619 to,
811 3557 975 3608 Deum
1014 3556 1178 3609 veluti
1240 3556 1542 3627 apologiam
1602 3556 1771 3623 ipsius
1825 3565 1876 3609 et
1929 3555 2297 3609 defensionem

710 3647 965 3717 probasse
1010 3662 1023 3699 :
1061 3646 1160 3699 hoc
1191 3661 1321 3701 vero
1364 3662 1543 3699 annon
1577 3647 1770 3713 quavis
1819 3644 2170 3700 damnatione
2221 3648 2301 3699 di-

708 3758 871 3808 gnum
896 3740 1017 3793 est?
1040 3740 1322 3805 Quomodo
1352 3740 1498 3792 enim
1533 3737 1677 3792 Detts
1703 3748 1807 3802 est,
1866 3739 1910 3792 si
1971 3755 2089 3806 qua:
2142 3739 2298 3804 ﬁunt,

710 3836 965 3902 ignorat?
992 3819 1274 3900 Quomodo
1304 3834 1578 3897 Christus,
1610 3834 1706 3903 qui
1736 3836 2018 3888 veritatem
2059 3833 2300 3900 scipsum

708 3928 761 3980 in
798 3927 1088 3996 Evangelio
1113 3926 1436 3990 nominavit,
1465 3925 1574 3979 Deo
1615 3925 1811 3978 falsum
1836 3924 1993 3987 dixit,
2023 3937 2146 3975 eum
2206 3938 2302 3976 vc-

711 4021 932 4073 ritntem
974 4019 1229 4088 negavit?
1262 4020 1461 4088 quippe
1483 4019 1574 4088 qui
1616 4017 1761 4073 Deus
1779 4026 1882 4083 est,
1942 4018 2303 4089 quemadmo-

708 4113 834 4165 dum
867 4112 1019 4180 prius
1056 4116 1489 4165 demonstratum
1518 4120 1620 4165 est.

781 4206 837 4256 8.
887 4202 1201 4257 Traducunl
1233 4213 1394 4273 atque
1426 4204 1689 4258 infamant
1739 4218 1839 4257 nos
1877 4203 2038 4258 veluti
2082 4205 2305 4259 simulac

709 4312 931 4351 croruin
970 4295 1229 4359 cultores,
1261 4310 1327 4349 eo
1357 4294 1503 4365 quod
1552 4311 1770 4350 crucem
1797 4295 2114 4361 adoremus,
2141 4311 2302 4366 quam

711 4390 970 4443 illietium
1006 4400 1386 4444 exsecrantur.
1423 4390 1488 4442 Et
1530 4391 1923 4456 respondemus
1955 4407 1969 4443 :
2020 4390 2306 4457 Quomodo

708 4497 839 4552 ergo
875 4498 965 4534 vos
990 4481 1152 4551 lapidi
1179 4482 1467 4536 adhaerens
1498 4479 1829 4548 Braclitlian,
1860 4493 1915 4534 et
1948 4482 2121 4548 ipsum
2145 4496 2307 4536 oscu-

2394 618 2578 689 Μαρία
2623 621 2762 688 μετά
2790 621 2898 673 τῶν
2924 621 3191 690 ἀδελφῶν
3237 622 3411 686 αὐτῆς
3453 624 3683 690 ἐξῆλθεν
3718 625 3828 677 ἀπὸ
3873 629 3973 694 τῆς

2390 711 2697 777 Αἰγύπτου,
2743 712 3026 781 δισχιλίων
3078 714 3217 767 ἑτῶν
3280 715 3531 784 περίοδος
3572 718 3701 784 ἄχρι
3743 718 3840 785 τῆς
3881 718 3977 769 τοῦ

2392 806 2603 875 Κυρίου
2656 806 2801 858 κατά
2837 805 3017 876 σάρκα
3072 808 3383 876 γεννήσεως
3421 808 3799 879 παρέδραμεν.
3830 810 3976 878 Αὕτη

2391 894 2445 946 δὲ
2481 894 2730 964 ήΜαρέα
2759 896 2857 964 οὐχ
2893 895 3140 966 ὑπερέϐη
3192 899 3253 950 τὸ
3302 900 3506 968 μέτρον
3532 898 3635 966 τῆς
3667 899 3811 965 ζωῆς
3869 898 3979 950 τῶν

2391 988 2569 1039 ούσῶν
2602 989 2723 1039 τότε
2748 988 2869 1040 κατ’
2902 988 3074 1057 αὐτὴν
3115 989 3420 1057 γυναικῶν.
3474 990 3754 1059 Πρόδηλον
3798 985 3892 1041 οὖν
3921 991 3979 1041 τὸ

2391 1080 2613 1147 ψεῦδος,
2649 1080 2745 1133 καὶ
2793 1079 3201 1143 κακόπλαστον,
3234 1083 3330 1135 xui.
3370 1083 3505 1152 παρ’
3540 1083 3805 1151 ίστορίαν.
3859 1081 3981 1141 ιΙῶς

2393 1171 2439 1225 δ’
2470 1171 2536 1224 ἂν
2572 1172 2668 1223 καὶ
2700 1171 2728 1223 6
2763 1171 2953 1235 Δαϐίδ,
2990 1172 3260 1242 πρόγονος
3304 1172 3399 1224 τοῦ
3430 1172 3697 1240 Χριστοῦ,
3747 1172 3889 1223 κατά
3920 1169 3982 1222 τὸ

2393 1265 2742 1333 ἀνθρώπινον
2792 1264 2960 1318 αὑτοῦ
3012 1263 3316 1333 λογισθείη,
3346 1266 3486 1332 μετὰ
3517 1263 3610 1315 τὸν
3637 1263 3734 1329 τῆς
3762 1263 3981 1327 Μαρίας

2396 1358 2649 1422 θάνατον,
2678 1357 2779 1426 τῆς
2805 1357 3044 1426 ἀδελφῆς
3076 1358 3322 1419 Μωσέως
3346 1358 3442 1409 καλ⁵
3497 1357 3733 1425 Ἀαρὼν,
3763 1354 3981 1413 πολλοῖς

2396 1453 2625 1522 ὕστερον
2660 1452 2805 1506 ἔτεσι
2829 1452 3117 1523 γεννηθεὶς
3145 1453 3242 1505 καλ⁵
3268 1452 3611 1521 ἀνατραφεὶς
3646 1452 3743 1503 καὶ
3794 1448 3982 1501 παιδο·

2396 1548 2633 1617 ποιήσας
2660 1562 2678 1611 ;

2470 1637 2545 1704 ς’.
2574 1640 2698 1700 Πῶς
2713 1631 3231 1707 οὖν’θεόπεμπτοςή
3254 1635 3483 1689 τοιαῦτα
3509 1634 3827 1704 φλυαροῦσα
3850 1647 3987 1699 γρα-

2399 1733 2496 1801 φὴ,
2544 1734 2638 1784 καὶ
2691 1729 2997 1799 τηλικαῦτα
3028 1728 3337 1797 ψευδομένη
3368 1744 3382 1792 ;
3434 1729 3495 1779 Ei
3521 1724 3985 1796 γὰρΜαρίαςτῆς

2396 1824 2638 1895 ἀδελφῆς
2671 1823 2914 1887 Μωσέως
2945 1827 3041 1876 καὶ
3076 1825 3290 1891 ’Λαρὼν
3314 1822 3427 1882 υἱὸς
3450 1816 3519 1890 ἦν
3541 1821 3569 1872 6
3590 1818 3844 1889 Χριστὸς,
3877 1817 3986 1869 ἔδει

2393 1919 2607 1981 τοῦτον,
2630 1920 2719 1970 ὅτε
2751 1918 3065 1986 παρίστατο
3108 1915 3319 1983 Ποντίῳ
3358 1916 3586 1983 Πιλάτῳ
3634 1914 3985 1981 κρινόμενος,

2394 2011 2788 2083 ὲσχατόγηρων
2810 2004 2970 2069 εἶναι,
3007 2010 3104 2061 καὶ
3130 2003 3245 2061 οἷον
3279 2007 3573 2075 ἀνθρώπου
3604 2005 3880 2072 λείψανον,
3910 2002 3987 2069 τῷ

2394 2104 2579 2173 πολλῷ
2608 2104 2774 2173 μήκει
2810 2102 2918 2153 τῶν
2953 2103 3009 2152 ὲν
3043 2102 3192 2170 μέσῳ
3225 2099 3438 2168 χρόνων
3467 2096 3613 2150 κατά
3656 2096 3855 2173 μικρὸν
3887 2096 3985 2146 δα-

2398 2197 2743 2268 πανώμενον.
2782 2195 2906 2247 Ὀτι
2932 2194 2989 2246 δὲ
3017 2195 3117 2264 ούχ
3147 2196 3179 2263 ή
3212 2195 3341 2245 σκιᾶ
3374 2191 3473 2244 τοῦ
3511 2188 3784 2261 Χριστοῦ,
3817 2187 3932 2240 ἀλλ’
3960 2188 3989 2239 6

2395 2293 2634 2362 Χριστὸς
2692 2290 2855 2353 αὐτὸς
2899 2288 3227 2358 ἐσταυρώθη
3276 2286 3424 2340 κατὰ
3489 2286 3695 2355 σάρκα,
3732 2283 3885 2353 δηλοῖ
3928 2280 3989 2333 τὺ

2396 2384 2785 2457 καταρῤεῦσαν
2832 2382 2973 2453 αἷμα
3020 2383 3115 2436 τοῦ
3160 2382 3435 2449 παναγξου
3494 2380 3755 2447 σώματος
3790 2374 3986 2435 αὐτοῦ,

2394 2478 2553 2548 παρὰ
2580 2478 2934 2546 Χριστιανοῖς
2962 2473 3401 2545 φυλαττόμενον,
3425 2471 3522 2525 καὶ
3556 2468 3728 2539 βρύον
3782 2469 3986 2528 ίάσεσι,

2397 2574 2494 2626 καὶ
2522 2572 2740 2633 πολλοῖς
2774 2568 3024 2639 θαύμασι
3080 2564 3565 2637 μαρτυρούμενον,
3600 2563 3684 2614 ὅτι
3721 2559 3817 2613 τοῦ
3848 2561 3988 2629 Χρι-

2399 2663 2531 2717 στοῦ
2552 2666 2694 2716 ἐστι.
2723 2662 2834 2714 Καὶ
2862 2662 2912 2713 oi
2941 2659 3218 2731 προφῆται
3248 2658 3304 2709 δὲ
3328 2656 3459 2724 περὶ
3487 2653 3589 2722 τῆς
3619 2653 3989 2720 σταυρῶσεως

2396 2758 2563 2812 αὑτοῦ
2599 2756 2693 2810 καὶ
2724 2756 2834 2809 τῶν
2861 2754 2970 2824 πρὸ
2998 2752 3208 2821 ταύτης
3248 2752 3603 2821 παθημάτων
3635 2747 3825 2815 σαφῶς
3854 2761 3993 2815 προ-

2398 2848 2771 2921 κατήγγειλαν
2797 2866 2811 2879 ·
2846 2847 2933 2900 ἵνα
2960 2846 3056 2910 τὰς
3089 2848 3151 2900 ὲκ
3178 2846 3286 2898 τῶν
3317 2844 3496 2899 ἄλλων
3530 2845 3770 2915 Γραφῶν
3814 2840 3994 2892 ἑάσω-

2402 2961 2503 3014 μεν
2543 2942 2877 3004 ἀποδείξεις.
2918 2941 2986 3002 ἃς
3014 2940 3135 2993 οὐδὲ
3163 2939 3491 2994 ἐπίστανται
3539 2941 3590 2991 οἱ
3641 2933 3987 3007 Σαρακηνοὶ,

2398 3035 2491 3085 ναὶ
2523 3030 2633 3101 μὴν
2667 3028 2790 3082 οὐδὲ
2828 3028 3257 3100 παραδέχονται.

2474 3300 2539 3367 ζ’.
2566 3301 2639 3354 Τὸ
2655 3301 2712 3352 δὲ
2733 3300 2826 3352 καὶ
2852 3297 2943 3351 τὸν
2970 3298 3106 3349 Θεὸν
3129 3294 3372 3363 ἀγνοεῖν,
3395 3295 3443 3348 εί
3465 3297 3492 3348 6
3519 3294 3759 3364 Χριστὸς
3780 3295 3993 3359 ἐδίδαξε

2401 3397 2529 3457 τοὺς
2570 3394 2896 3463 ἀνθρώπους
2937 3391 3020 3443 ὅτι
3054 3389 3189 3451 Θεός
3240 3390 3360 3440 ἐστι
3394 3389 3491 3441 καὶ
3544 3388 3732 3451 αὐτὸς,
3775 3390 3869 3440 καὶ
3906 3388 3994 3440 διὰ

2402 3488 2562 3540 τοῦτο
2595 3487 2883 3555 ἐπερωτᾷν
2914 3484 3098 3545 αὑτὸν,
3157 3483 3250 3534 καὶ
3297 3479 3693 3551 ἀρνησαμένου
3737 3478 3995 3543 δέξασθαι

2404 3581 2540 3642 τέως
2597 3579 2696 3648 τὴν
2732 3578 3034 3645 ἀπολογίαν
3066 3574 3263 3638 αὑτοῦ,
3300 3575 3463 3637 ποεας
3502 3575 3604 3625 οὐκ
3639 3574 3706 3626 ἀν
3743 3576 3829 3642 εἴη
3891 3592 3997 3647 καέ

2404 3674 2730 3740 ταγνὼσεως
2767 3669 2956 3734 ἄξιον;
2993 3669 3117 3731 Πῶς
3158 3668 3269 3738 γὰρ
3303 3668 3460 3731 Θεὸς,
3501 3668 3550 3718 εί
3585 3670 3773 3734 ἀγνοεῖ
3811 3665 3872 3718 τὸ
3899 3683 3993 3732 γε-

2405 3767 2634 3835 νόμενον
2666 3782 2681 3829 ;
2717 3763 2838 3826 Πῶς
2869 3764 2926 3815 δὲ
2962 3763 3056 3815 καὶ
3082 3763 3111 3813 6
3162 3761 3429 3830 Χριστὸς,
3469 3760 3738 3822 ἀλήθειαν
3797 3759 3997 3811 ἑαυτὸν

2405 3859 2549 3913 κατά
2574 3858 2635 3912 τὸ
2663 3856 3003 3925 Εὐαγγέλιον
3049 3852 3353 3923 ὀνομάσας,
3388 3854 3659 3922 ἐψεύσατο
3728 3852 3881 3922 παρὰ
3918 3851 4000 3920 τῷ

2404 3953 2525 4025 Θεῷ
2548 3952 2646 4024 τὴν
2689 3952 2952 4020 ἀλήθειαν
2984 3952 3391 4024 ἀρνησάμενος,
3428 3951 3610 4005 καίτοι
3640 3950 3771 4013 θεὸς
3798 3948 3895 4013 ῶν,
3922 3948 4001 4011 ti);

2406 4045 2907 4117 προαποδέδεικται
2934 4060 2952 4112 ;

2476 4206 2548 4279 η’.
2585 4203 2984 4261 Διαόάλλουσιν
3054 4204 3205 4275 ἡμᾶς
3249 4204 3325 4267 ὼς
3370 4200 3911 4271 είδωλολάτρας,διὰ
3936 4200 3999 4251 τὸ

2406 4300 2743 4369 προσκυνεῖν
2788 4298 2882 4350 τὸν
2940 4299 3198 4367 σταυρὸν,
3229 4296 3289 4348 ὃν
3321 4296 3417 4347 καὶ
3452 4295 3855 4365 βδελύττονται.
3890 4296 4002 4346 Καὶ

2406 4388 2643 4459 λέγομεν
2670 4388 2803 4457 πρὸς
2844 4386 3074 4450 αὐτούς·
3116 4387 3237 4449 Πῶς
3264 4386 3358 4439 οῦν
3403 4387 3498 4438 καὶ
3541 4386 3701 4453 ὑμεῖς
3732 4385 3996 4454 προστρί-

2414 4480 2578 4533 ϐεσθε
2620 4480 2700 4549 τῷ
2731 4480 2867 4550 λίθῳ
2891 4480 2986 4531 τοῦ
3027 4477 3335 4547 Βραχθὰν,
3383 4477 3477 4529 καὶ
3521 4475 3733 4543 φιλεῖτε
3766 4473 3999 4536 τοῦτον;

708 4575 935 4629 lumini?
967 4574 1031 4628 Et
1057 4574 1662 4644 respondentmonnulli
1687 4590 1751 4629 ex
1789 4574 1957 4643 ipsis:
1985 4574 2133 4642 Ideo,
2174 4576 2302 4645 quia
2338 4562 2383 4618 Β
2412 4576 2453 4630 Κ

2253 4576 2302 4629 ia
2338 4562 2383 4618 θ
2412 4574 2523 4630 Καί
2553 4588 2701 4635 τινες
2736 4573 2839 4641 μὲν
2865 4570 3043 4625 αὐτῶν
3076 4588 3209 4639 φασι
3235 4587 3250 4602 ο
3276 4569 3422 4621 Διότι
3453 4569 3644 4620 ἐπάνω
3676 4565 3845 4619 αὐτοῦ
3873 4584 3997 4618 συν-

708 4684 872 4739 soper
901 4669 1079 4737 ipsum
1125 4669 1396 4721 Abraham
1423 4683 1547 4720 cum
1597 4670 1741 4736 Agar
1794 4683 2119 4737 congressus
2173 4676 2303 4724 est:

706 4764 795 4817 alii
828 4778 979 4827 vero,
1010 4761 1135 4830 quia
1165 4763 1230 4814 ad
1290 4762 1469 4830 ipsum
1520 4760 1765 4828 alligavit
1821 4761 2118 4825 camt-lum,
2178 4776 2303 4814 cum

709 4854 1353 4908 Isaacumimmolaturus
1382 4860 1551 4909 esset.
1586 4853 1666 4906 Ad
1691 4869 1828 4922 quos
1884 4869 1983 4909 nos
2058 4855 2251 4908 iterum
2286 4871 2300 4907 :

705 4945 859 5000 Itane
889 4961 983 4998 vos
1016 4960 1119 4999 non
1152 4944 1314 5012 pudet
1343 4945 1577 4998 adorare
1612 4954 1666 4998 et
1690 4946 1958 4999 honorare
1991 4947 2225 5015 lapidein
2254 4948 2305 5001 in

704 5055 813 5108 quo
831 5053 954 5092 cum
984 5038 1209 5092 muliere
1230 5036 1506 5092 Alirahatn
1525 5039 1713 5105 coivit,
1744 5048 1834 5094 aut
1858 5041 1925 5094 ad
1945 5056 2105 5110 quem
2127 5056 2308 5096 came-

706 5133 820 5186 lum
850 5132 1093 5202 alligavit
1126 5148 1139 5185 :
1190 5131 1349 5188 nobis
1384 5147 1513 5187 vero
1534 5135 1878 5203 exprobratis
1904 5135 2047 5205 quod
2090 5150 2306 5189 crucem

703 5229 1017 5290 adoremus,
1042 5242 1321 5297 perquam
1397 5228 1544 5282 vires
1608 5228 1943 5290 daemonum,
1992 5238 2049 5283 et
2102 5227 2308 5281 diaboli

704 5322 1161 5391 omnisdeceptio
1195 5330 1532 5377 enervautur
1569 5332 1625 5376 et
1674 5320 2091 5390 infringuntur?
2144 5319 2309 5390 Atqui

708 5416 999 5483 praedictus
1028 5414 1161 5483 lapis
1193 5415 1295 5468 iste
1329 5424 1492 5484 caput
1530 5424 1616 5469 est
1640 5413 1889 5478 Veneris,
1918 5430 2078 5483 quam
2105 5412 2310 5469 lsmae-

708 5506 818 5562 line
844 5506 953 5574 jam
995 5506 1461 5562 olimadorahanL
1498 5506 1661 5577 Lapis
1694 5506 1783 5562 ille
1832 5506 2130 5561 etiamnum
2170 5521 2310 5577 prae-

709 5600 836 5663 f-zrt,
863 5599 907 5653 si
952 5602 1075 5669 quis
1105 5610 1365 5654 accurate
1415 5611 1643 5670 spectet,
1667 5600 1862 5669 capitis
1896 5598 2159 5667 sculpello
2200 5597 2314 5653 for-

714 5695 846 5746 mati
879 5692 1134 5763 cﬂigiem.
1162 5692 1254 5746 Est
1276 5690 1629 5747 simulacrum
1658 5690 1871 5746 Baccha
1907 5689 2181 5744 Ismakeclt
2205 5690 2311 5744 illis

715 5788 943 5851 dictum,
980 5789 1121 5853 quod
1157 5788 1270 5856 ipse
1317 5785 1619 5840 Adaramen
1658 5785 2031 5841 observationis
2052 5784 2308 5855 appellat,

716 5892 772 5938 et
794 5891 850 5935 ut
889 5883 1068 5936 miseri
1101 5879 1318 5935 barbari
1353 5881 1650 5938 adorarent
1672 5879 1952 5954 prmcepit.
1989 5878 2094 5935 Sed
2117 5888 2166 5934 et
2203 5878 2312 5935 duo

2411 4668 2637 4722 ουσίασε
2675 4670 2742 4737 τῇ
2797 4666 2971 4735 ’Λγάρ
3025 4667 3054 4717 6
3101 4663 3393 4733 ’Λΰραάμο
3419 4661 3569 4715 ἄλλοι
3592 4661 3671 4726 δὲ,
3716 4662 3796 4713 ὅτι
3830 4675 4003 4729 προσ-

2410 4762 2600 4828 έδησεν
2622 4760 2773 4830 αὑτῷ
2803 4759 2903 4826 τὴν
2928 4758 3199 4827 κάμηλον,
3232 4756 3445 4826 μέλλων
3463 4754 3629 4806 θῦσαι
3662 4754 3753 4805 τὸν
3790 4755 4000 4807 Ἰσαάκ.

2411 4855 2557 4924 Πρὸς
2585 4852 2679 4917 οὓς
2712 4852 2878 4905 πάλιν
2906 4852 3098 4921 ἡμεῖς·
3136 4845 3271 4902 Εἶτα
3309 4848 3469 4917 ὑμεῖς
3497 4847 3599 4915 μὲν
3638 4845 3737 4898 οὐκ
3760 4843 4000 4895 αἰδεῖσθε

2412 4946 2855 5018 προσκυνοῦντες
2888 4944 2984 4997 καὶ
3024 4942 3299 5011 τιμῶντες
3328 4939 3503 5004 λίθον,
3534 4937 3619 5006 ἐφ’
3671 4931 3733 4989 οῦ
3773 4937 4001 5005 γυναικὶ

2415 5039 2774 5094 συνουσίασεν
2808 5039 2836 5090 6
2879 5036 3159 5105 Ἀϐραὰμ,
3195 5033 3228 5105 ἦ
3258 5032 3564 5102 προσέδησε
3595 5030 3696 5101 τὴν
3728 5028 3999 5098 κάμηλονο

2414 5138 2547 5205 ἡμῖν
2586 5133 2645 5186 δὲ
2675 5130 3013 5195 ὀνειδίζεσθε
3046 5126 3418 5200 προσκυνοῦσι
3457 5125 3553 5177 τὸν
3583 5122 3820 5189 σταυρὸν
3846 5120 3917 5172 δι’
3941 5113 4002 5172 οῦ

2411 5228 2687 5297 δαιμόνων
2727 5225 2906 5295 ἰσχὺς,
2956 5222 3053 5277 καὶ
3088 5221 3346 5276 διαϐόλου
3406 5218 3745 5273 καταλύεται
3779 5215 3999 5285 πλάνης

2423 5321 2484 5373 '0
2507 5320 2564 5373 δὲ
2599 5317 2793 5390 ῥηθεὶς
2854 5316 3004 5380 λίθος
3050 5316 3264 5386 κεφαλὴ
3301 5315 3403 5384 τῆς
3454 5311 3783 5383 ’Λφροδίτης
3827 5312 4001 5374 ἐστὶν,

2412 5413 2482 5484 ἢν
2520 5414 2691 5467 πάλαι
2720 5411 3100 5483 προσεκύνουν
3122 5410 3172 5462 οί
3213 5407 3561 5479 Ἰσμαηλῖται
3585 5423 3600 5440 ο
3643 5406 3801 5475 φέρει
3842 5406 3951 5475 γάρ
3975 5405 4003 5456 6

2414 5508 2563 5571 λίθος
2597 5508 2763 5577 μέχρι
2795 5507 2891 5559 καὶ
2920 5503 3015 5558 νῦν
3032 5506 3147 5566 τοῖς
3180 5500 3428 5572 ἀκριϐῶς
3460 5497 3910 5554 κατασκοποῦσιν
3937 5498 4003 5548 ἐκ

2414 5603 2674 5674 γλυφίδος
2705 5600 3064 5657 ἀποτύπωσιν
3088 5598 3355 5666 κεφαλῆςο
3384 5596 3443 5649 τὸ
3468 5596 3677 5662 Buzzi:
3713 5591 4001 5661 Ἰσμακὲχ

2415 5698 2756 5767 καλούμενον
2786 5695 3028 5756 εἴδωλον,
3054 5692 3193 5761 ὅπερ
3220 5690 3386 5752 αὐτὸς
3437 5689 3847 5757 «pecuda-ripa
3888 5704 4002 5739 πα-

2408 5795 2837 5863 ρατηρήματος
2869 5786 3155 5859 ὀνομάζει,
3217 5785 3346 5848 τοὺς
3398 5785 3625 5849 ἀθλίους
3688 5784 4002 5855 βαρϐάρους

2416 5890 2752 5948 προσκυνεῖν
2788 5885 3069 5941 ἐκέλευσε.
3102 5883 3215 5939 Καὶ
3246 5879 3340 5937 δύο
3367 5881 3423 5936 δὲ
3455 5883 3699 5953 ὀνόματα
3725 5881 4002 5953 βάρόαρα,
