  <div class='ocr_page' id='page_1' title='image "/cluster/home/n/w/nwhite01/storage/ocr_20150623/130/nnc1.0046979603/690.png"; bbox 0 0 4420 6462; ppageno 0'>
   <div class='ocr_carea' id='block_1_1' title="bbox 433 412 556 473">
    <p class='ocr_par' dir='ltr' id='par_1_1' title="bbox 433 412 556 473">
     <span class='ocr_line' id='line_1_1' title="bbox 433 412 556 473; baseline -0.033 0"><span class='ocrx_word' id='word_1_1' title='bbox 433 412 556 473; x_wconf 74' lang='grc'><strong>1341</strong></span> 
     </span>
    </p>
   </div>
   <div class='ocr_carea' id='block_1_2' title="bbox 1335 418 2816 488">
    <p class='ocr_par' dir='ltr' id='par_1_2' title="bbox 1335 418 2816 488">
     <span class='ocr_line' id='line_1_2' title="bbox 1335 418 2816 488; baseline 0.008 -13"><span class='ocrx_word' id='word_1_2' title='bbox 1335 418 1714 477; x_wconf 73' lang='lat' dir='ltr'><strong>PANOPLIA</strong></span> <span class='ocrx_word' id='word_1_3' title='bbox 1775 420 2236 484; x_wconf 80' lang='lat' dir='ltr'><strong>DOGMATICA.</strong></span> <span class='ocrx_word' id='word_1_4' title='bbox 2271 449 2338 460; x_wconf 86' lang='lat'>-</span> <span class='ocrx_word' id='word_1_5' title='bbox 2372 426 2525 488; x_wconf 85' lang='lat' dir='ltr'><strong>TIT.</strong></span> <span class='ocrx_word' id='word_1_6' title='bbox 2546 429 2816 487; x_wconf 79' lang='lat' dir='ltr'><strong>XXVIII.</strong></span> 
     </span>
    </p>
   </div>
   <div class='ocr_carea' id='block_1_3' title="bbox 3566 437 3697 498">
    <p class='ocr_par' dir='ltr' id='par_1_3' title="bbox 3566 437 3697 498">
     <span class='ocr_line' id='line_1_3' title="bbox 3566 437 3697 498; baseline 0.008 -1"><span class='ocrx_word' id='word_1_7' title='bbox 3566 437 3697 498; x_wconf 67' lang='lat'><strong>134?.</strong></span> 
     </span>
    </p>
   </div>
   <div class='ocr_carea' id='block_1_4' title="bbox 424 523 2169 612">
    <p class='ocr_par' dir='ltr' id='par_1_4' title="bbox 424 523 2169 599">
     <span class='ocr_line' id='line_1_4' title="bbox 424 523 2169 599; baseline 0.006 -25"><span class='ocrx_word' id='word_1_8' title='bbox 424 525 486 574; x_wconf 80' lang='grc' dir='ltr'><strong>τὸ</strong></span> <span class='ocrx_word' id='word_1_9' title='bbox 549 523 822 592; x_wconf 70' lang='grc' dir='ltr'>Τζιτζαφίι</span> <span class='ocrx_word' id='word_1_10' title='bbox 862 524 956 577; x_wconf 73' lang='grc' dir='ltr'><strong>καὶ</strong></span> <span class='ocrx_word' id='word_1_11' title='bbox 1020 528 1289 593; x_wconf 82' lang='grc' dir='ltr'>Μαρουὰ,</span> <span class='ocrx_word' id='word_1_12' title='bbox 1358 531 1422 579; x_wconf 84' lang='grc' dir='ltr'><strong>ἐκ</strong></span> <span class='ocrx_word' id='word_1_13' title='bbox 1484 529 1596 580; x_wconf 82' lang='grc' dir='ltr'><strong>τῶν</strong></span> <span class='ocrx_word' id='word_1_14' title='bbox 1645 532 2006 599; x_wconf 72' lang='grc' dir='ltr'>σεδασμάτων</span> <span class='ocrx_word' id='word_1_15' title='bbox 2040 541 2081 594; x_wconf 82' lang='grc' dir='ltr'>Λ</span> <span class='ocrx_word' id='word_1_16' title='bbox 2113 551 2169 587; x_wconf 71' lang='lat' dir='ltr'><strong>vc</strong></span> 
     </span>
    </p>
   </div>
   <div class='ocr_carea' id='block_1_5' title="bbox 1945 523 3690 612">
    <p class='ocr_par' dir='ltr' id='par_1_5' title="bbox 1947 538 3690 612">
     <span class='ocr_line' id='line_1_5' title="bbox 1947 538 3690 612; baseline 0.011 -28"><span class='ocrx_word' id='word_1_17' title='bbox 1947 553 2006 584; x_wconf 73' lang='grc' dir='ltr'><strong>ον</strong></span> <span class='ocrx_word' id='word_1_18' title='bbox 2040 541 2081 594; x_wconf 82' lang='grc' dir='ltr'>Λ</span> <span class='ocrx_word' id='word_1_19' title='bbox 2113 538 2378 590; x_wconf 81' lang='lat' dir='ltr'><strong>vocabula</strong></span> <span class='ocrx_word' id='word_1_20' title='bbox 2417 541 2672 603; x_wconf 85' lang='lat' dir='ltr'><strong>barbara,</strong></span> <span class='ocrx_word' id='word_1_21' title='bbox 2705 556 2895 608; x_wconf 92' lang='lat' dir='ltr'><strong>nempe</strong></span> <span class='ocrx_word' id='word_1_22' title='bbox 2927 540 3214 610; x_wconf 77' lang='lat' dir='ltr'><strong>Tzitzapha</strong></span> <span class='ocrx_word' id='word_1_23' title='bbox 3238 553 3290 598; x_wconf 92' lang='lat' dir='ltr'><strong>et</strong></span> <span class='ocrx_word' id='word_1_24' title='bbox 3349 546 3568 612; x_wconf 85' lang='lat' dir='ltr'><strong>Marua,</strong></span> <span class='ocrx_word' id='word_1_25' title='bbox 3627 568 3690 604; x_wconf 76' lang='lat' dir='ltr'><strong>ex</strong></span> 
     </span>
    </p>
   </div>
   <div class='ocr_carea' id='block_1_6' title="bbox 425 609 1998 681">
    <p class='ocr_par' dir='ltr' id='par_1_6' title="bbox 425 609 1998 681">
     <span class='ocr_line' id='line_1_6' title="bbox 425 609 1998 681; baseline 0.006 -15"><span class='ocrx_word' id='word_1_26' title='bbox 425 609 564 667; x_wconf 78' lang='grc' dir='ltr'>εἷναι</span> <span class='ocrx_word' id='word_1_27' title='bbox 591 615 738 680; x_wconf 81' lang='grc' dir='ltr'>λέγει</span> <span class='ocrx_word' id='word_1_28' title='bbox 769 617 862 667; x_wconf 90' lang='grc' dir='ltr'><strong>τοῦ</strong></span> <span class='ocrx_word' id='word_1_29' title='bbox 894 617 1029 668; x_wconf 85' lang='grc' dir='ltr'>Θεοῦ</span> <span class='ocrx_word' id='word_1_30' title='bbox 1058 633 1071 646; x_wconf 83' lang='lat'><strong><em>°</em></strong></span> <span class='ocrx_word' id='word_1_31' title='bbox 1106 617 1242 669; x_wconf 81' lang='grc' dir='ltr'>Θεοῦ</span> <span class='ocrx_word' id='word_1_32' title='bbox 1275 619 1335 668; x_wconf 82' lang='grc' dir='ltr'><strong>δὲ</strong></span> <span class='ocrx_word' id='word_1_33' title='bbox 1378 620 1593 681; x_wconf 73' lang='grc' dir='ltr'>πάντως</span> <span class='ocrx_word' id='word_1_34' title='bbox 1623 621 1718 672; x_wconf 80' lang='grc' dir='ltr'><strong>τοῦ</strong></span> <span class='ocrx_word' id='word_1_35' title='bbox 1770 625 1998 675; x_wconf 84' lang='grc' dir='ltr'>οἰκείου.</span> 
     </span>
    </p>
   </div>
   <div class='ocr_carea' id='block_1_7' title="bbox 425 707 2002 784">
    <p class='ocr_par' dir='ltr' id='par_1_7' title="bbox 425 707 2002 784">
     <span class='ocr_line' id='line_1_7' title="bbox 425 707 2002 784; baseline 0.007 -28"><span class='ocrx_word' id='word_1_36' title='bbox 425 707 533 756; x_wconf 66' lang='grc' dir='ltr'>Καὶ</span> <span class='ocrx_word' id='word_1_37' title='bbox 562 709 674 766; x_wconf 82' lang='grc' dir='ltr'>τοῖς</span> <span class='ocrx_word' id='word_1_38' title='bbox 700 708 1078 775; x_wconf 77' lang='grc' dir='ltr'>ήπατημένοις</span> <span class='ocrx_word' id='word_1_39' title='bbox 1107 709 1161 760; x_wconf 78' lang='grc' dir='ltr'>δὲ</span> <span class='ocrx_word' id='word_1_40' title='bbox 1200 710 1290 758; x_wconf 79' lang='grc' dir='ltr'>ὑπ’</span> <span class='ocrx_word' id='word_1_41' title='bbox 1313 712 1500 774; x_wconf 80' lang='grc' dir='ltr'>αὐτοῦ,</span> <span class='ocrx_word' id='word_1_42' title='bbox 1540 717 2002 784; x_wconf 75' lang='grc' dir='ltr'><strong>παραγινομένοις</strong></span> 
     </span>
    </p>
   </div>
   <div class='ocr_carea' id='block_1_8' title="bbox 424 797 1998 873">
    <p class='ocr_par' dir='ltr' id='par_1_8' title="bbox 424 797 1998 873">
     <span class='ocr_line' id='line_1_8' title="bbox 424 797 1998 873; baseline 0.004 -24"><span class='ocrx_word' id='word_1_43' title='bbox 424 797 567 850; x_wconf 74' lang='grc' dir='ltr'>κατᾶ</span> <span class='ocrx_word' id='word_1_44' title='bbox 597 799 658 848; x_wconf 69' lang='grc' dir='ltr'>τὸ</span> <span class='ocrx_word' id='word_1_45' title='bbox 691 799 868 849; x_wconf 83' lang='grc' dir='ltr'>ἐκεῖσε</span> <span class='ocrx_word' id='word_1_46' title='bbox 915 799 1112 867; x_wconf 70' lang='grc' dir='ltr'>μιαρὸν</span> <span class='ocrx_word' id='word_1_47' title='bbox 1141 799 1348 867; x_wconf 75' lang='grc' dir='ltr'>οἴκημα</span> <span class='ocrx_word' id='word_1_48' title='bbox 1385 801 1480 852; x_wconf 77' lang='grc' dir='ltr'><strong>τοῦ</strong></span> <span class='ocrx_word' id='word_1_49' title='bbox 1534 807 1998 873; x_wconf 77' lang='grc' dir='ltr'>προσευκτηρίου,</span> 
     </span>
    </p>
   </div>
   <div class='ocr_carea' id='block_1_9' title="bbox 423 891 1998 965">
    <p class='ocr_par' dir='ltr' id='par_1_9' title="bbox 423 891 1998 965">
     <span class='ocr_line' id='line_1_9' title="bbox 423 891 1998 965; baseline 0.006 -27"><span class='ocrx_word' id='word_1_50' title='bbox 423 891 731 957; x_wconf 76' lang='grc' dir='ltr'>περιελοῖῖν</span> <span class='ocrx_word' id='word_1_51' title='bbox 758 891 891 942; x_wconf 68' lang='grc' dir='ltr'>αὐτὸ</span> <span class='ocrx_word' id='word_1_52' title='bbox 933 891 1210 951; x_wconf 77' lang='grc' dir='ltr'>κυκλικῶς</span> <span class='ocrx_word' id='word_1_53' title='bbox 1246 893 1600 959; x_wconf 73' lang='grc' dir='ltr'><strong>προστάσσει.</strong></span> <span class='ocrx_word' id='word_1_54' title='bbox 1644 894 1730 956; x_wconf 86' lang='grc' dir='ltr'>Ὠς</span> <span class='ocrx_word' id='word_1_55' title='bbox 1754 896 1810 946; x_wconf 84' lang='grc' dir='ltr'><strong>δέ</strong></span> <span class='ocrx_word' id='word_1_56' title='bbox 1847 898 1998 965; x_wconf 82' lang='grc' dir='ltr'>παρά</span> 
     </span>
    </p>
   </div>
   <div class='ocr_carea' id='block_1_10' title="bbox 398 973 1997 1054">
    <p class='ocr_par' dir='ltr' id='par_1_10' title="bbox 398 973 1997 1054">
     <span class='ocr_line' id='line_1_10' title="bbox 398 973 1997 1054; baseline 0.005 -24"><span class='ocrx_word' id='word_1_57' title='bbox 398 973 561 1037; x_wconf 83' lang='grc' dir='ltr'>’τινο;</span> <span class='ocrx_word' id='word_1_58' title='bbox 614 981 670 1044; x_wconf 79' lang='grc' dir='ltr'>ἐξ</span> <span class='ocrx_word' id='word_1_59' title='bbox 710 982 891 1033; x_wconf 77' lang='grc' dir='ltr'>αὐτῶν</span> <span class='ocrx_word' id='word_1_60' title='bbox 931 982 1066 1048; x_wconf 78' lang='grc' dir='ltr'>πρὸς</span> <span class='ocrx_word' id='word_1_61' title='bbox 1111 983 1474 1050; x_wconf 82' lang='grc' dir='ltr'>Χριστιανοὺς</span> <span class='ocrx_word' id='word_1_62' title='bbox 1520 985 1997 1054; x_wconf 84' lang='grc' dir='ltr'>αὐτομολήσαντος</span> 
     </span>
    </p>
   </div>
   <div class='ocr_carea' id='block_1_11' title="bbox 422 1072 1995 1144">
    <p class='ocr_par' dir='ltr' id='par_1_11' title="bbox 422 1072 1995 1144">
     <span class='ocr_line' id='line_1_11' title="bbox 422 1072 1995 1144; baseline 0.004 -21"><span class='ocrx_word' id='word_1_63' title='bbox 422 1072 648 1140; x_wconf 70' lang='grc' dir='ltr'>ἔμαθον,</span> <span class='ocrx_word' id='word_1_64' title='bbox 683 1073 903 1125; x_wconf 76' lang='grc' dir='ltr'>εἴδωλόν</span> <span class='ocrx_word' id='word_1_65' title='bbox 933 1091 984 1124; x_wconf 86' lang='grc' dir='ltr'><strong>τι</strong></span> <span class='ocrx_word' id='word_1_66' title='bbox 1012 1073 1213 1125; x_wconf 80' lang='grc' dir='ltr'>)ίοινον</span> <span class='ocrx_word' id='word_1_67' title='bbox 1245 1074 1478 1142; x_wconf 85' lang='grc' dir='ltr'>κάοηται</span> <span class='ocrx_word' id='word_1_68' title='bbox 1506 1077 1672 1144; x_wconf 83' lang='grc' dir='ltr'>μέσον</span> <span class='ocrx_word' id='word_1_69' title='bbox 1707 1077 1800 1128; x_wconf 83' lang='grc' dir='ltr'><strong>τοῦ</strong></span> <span class='ocrx_word' id='word_1_70' title='bbox 1821 1079 1995 1130; x_wconf 81' lang='grc' dir='ltr'>οἴκου·</span> 
     </span>
    </p>
   </div>
   <div class='ocr_carea' id='block_1_12' title="bbox 421 1165 1997 1239">
    <p class='ocr_par' dir='ltr' id='par_1_12' title="bbox 421 1165 1997 1239">
     <span class='ocr_line' id='line_1_12' title="bbox 421 1165 1997 1239; baseline 0.006 -26"><span class='ocrx_word' id='word_1_71' title='bbox 421 1168 513 1213; x_wconf 78' lang='grc' dir='ltr'><strong>καὶ</strong></span> <span class='ocrx_word' id='word_1_72' title='bbox 543 1165 591 1213; x_wconf 83' lang='lat' dir='ltr'><strong>ot</strong></span> <span class='ocrx_word' id='word_1_73' title='bbox 627 1166 724 1230; x_wconf 81' lang='grc' dir='ltr'><strong>τὴν</strong></span> <span class='ocrx_word' id='word_1_74' title='bbox 763 1165 964 1232; x_wconf 71' lang='grc' dir='ltr'>πρᾶξιν</span> <span class='ocrx_word' id='word_1_75' title='bbox 1014 1166 1109 1215; x_wconf 85' lang='grc' dir='ltr'><strong>τοῦ</strong></span> <span class='ocrx_word' id='word_1_76' title='bbox 1168 1167 1557 1232; x_wconf 86' lang='grc' dir='ltr'>δαιμονιώδους</span> <span class='ocrx_word' id='word_1_77' title='bbox 1617 1172 1997 1239; x_wconf 75' lang='grc' dir='ltr'><strong>ἐπιτάγματος</strong></span> 
     </span>
    </p>
   </div>
   <div class='ocr_carea' id='block_1_13' title="bbox 419 1256 1996 1324">
    <p class='ocr_par' dir='ltr' id='par_1_13' title="bbox 419 1256 1996 1324">
     <span class='ocr_line' id='line_1_13' title="bbox 419 1256 1996 1324; baseline 0.006 -18"><span class='ocrx_word' id='word_1_78' title='bbox 419 1256 612 1308; x_wconf 74' lang='grc' dir='ltr'>τούτου</span> <span class='ocrx_word' id='word_1_79' title='bbox 659 1258 1015 1324; x_wconf 71' lang='grc' dir='ltr'>πληροῦντες,</span> <span class='ocrx_word' id='word_1_80' title='bbox 1058 1259 1378 1321; x_wconf 84' lang='grc' dir='ltr'>κεκλικότες</span> <span class='ocrx_word' id='word_1_81' title='bbox 1407 1262 1530 1321; x_wconf 81' lang='grc' dir='ltr'><strong>τούς</strong></span> <span class='ocrx_word' id='word_1_82' title='bbox 1562 1263 1781 1323; x_wconf 78' lang='grc' dir='ltr'><strong>ἀθλίους</strong></span> <span class='ocrx_word' id='word_1_83' title='bbox 1814 1264 1996 1316; x_wconf 80' lang='grc' dir='ltr'>αὐτῶν</span> 
     </span>
    </p>
   </div>
   <div class='ocr_carea' id='block_1_14' title="bbox 417 1349 1996 1420">
    <p class='ocr_par' dir='ltr' id='par_1_14' title="bbox 417 1349 1996 1420">
     <span class='ocr_line' id='line_1_14' title="bbox 417 1349 1996 1420; baseline 0.006 -22"><span class='ocrx_word' id='word_1_84' title='bbox 417 1349 673 1415; x_wconf 74' lang='grc' dir='ltr'>αὐχένας,</span> <span class='ocrx_word' id='word_1_85' title='bbox 702 1351 795 1402; x_wconf 81' lang='grc' dir='ltr'><strong>καὶ</strong></span> <span class='ocrx_word' id='word_1_86' title='bbox 826 1352 924 1418; x_wconf 71' lang='grc' dir='ltr'><strong>τὴν</strong></span> <span class='ocrx_word' id='word_1_87' title='bbox 959 1354 1111 1420; x_wconf 81' lang='grc' dir='ltr'>χεῖρα</span> <span class='ocrx_word' id='word_1_88' title='bbox 1143 1353 1326 1415; x_wconf 83' lang='grc' dir='ltr'>δροιον</span> <span class='ocrx_word' id='word_1_89' title='bbox 1365 1355 1501 1413; x_wconf 65' lang='grc' dir='ltr'>πρὸς</span> <span class='ocrx_word' id='word_1_90' title='bbox 1537 1356 1668 1405; x_wconf 72' lang='grc' dir='ltr'>αὐτὸ</span> <span class='ocrx_word' id='word_1_91' title='bbox 1699 1356 1996 1407; x_wconf 74' lang='grc' dir='ltr'>ἐκτετακό·</span> 
     </span>
    </p>
   </div>
   <div class='ocr_carea' id='block_1_15' title="bbox 418 1445 1995 1514">
    <p class='ocr_par' dir='ltr' id='par_1_15' title="bbox 418 1445 1995 1514">
     <span class='ocr_line' id='line_1_15' title="bbox 418 1445 1995 1514; baseline 0.005 -24"><span class='ocrx_word' id='word_1_92' title='bbox 418 1459 530 1503; x_wconf 90' lang='grc' dir='ltr'>τες,</span> <span class='ocrx_word' id='word_1_93' title='bbox 573 1447 636 1510; x_wconf 81' lang='grc' dir='ltr'>τῇ</span> <span class='ocrx_word' id='word_1_94' title='bbox 675 1461 732 1494; x_wconf 90' lang='grc' dir='ltr'><strong>τε</strong></span> <span class='ocrx_word' id='word_1_95' title='bbox 767 1446 932 1513; x_wconf 72' lang='grc' dir='ltr'>ἑτέρᾳ</span> <span class='ocrx_word' id='word_1_96' title='bbox 957 1445 1015 1494; x_wconf 76' lang='grc' dir='ltr'>τὸ</span> <span class='ocrx_word' id='word_1_97' title='bbox 1043 1445 1133 1504; x_wconf 72' lang='grc' dir='ltr'>οὓς</span> <span class='ocrx_word' id='word_1_98' title='bbox 1173 1446 1382 1496; x_wconf 78' lang='grc' dir='ltr'>ἑαυτῶν</span> <span class='ocrx_word' id='word_1_99' title='bbox 1416 1448 1763 1514; x_wconf 80' lang='grc' dir='ltr'>κατέχοντες,</span> <span class='ocrx_word' id='word_1_100' title='bbox 1801 1448 1995 1498; x_wconf 79' lang='grc' dir='ltr'>κυκλο-</span> 
     </span>
    </p>
   </div>
   <div class='ocr_carea' id='block_1_16' title="bbox 418 1535 1995 1608">
    <p class='ocr_par' dir='ltr' id='par_1_16' title="bbox 418 1535 1995 1608">
     <span class='ocr_line' id='line_1_16' title="bbox 418 1535 1995 1608; baseline 0.003 -24"><span class='ocrx_word' id='word_1_101' title='bbox 418 1535 595 1602; x_wconf 81' lang='grc' dir='ltr'>τερῶς</span> <span class='ocrx_word' id='word_1_102' title='bbox 635 1537 1046 1605; x_wconf 77' lang='grc' dir='ltr'>περιέρχονται,</span> <span class='ocrx_word' id='word_1_103' title='bbox 1096 1538 1293 1606; x_wconf 70' lang='grc' dir='ltr'>μιχρις</span> <span class='ocrx_word' id='word_1_104' title='bbox 1321 1540 1386 1590; x_wconf 80' lang='grc' dir='ltr'>ἂν</span> <span class='ocrx_word' id='word_1_105' title='bbox 1415 1541 1720 1608; x_wconf 79' lang='grc' dir='ltr'>σκοτοδινίᾳ</span> <span class='ocrx_word' id='word_1_106' title='bbox 1761 1538 1995 1607; x_wconf 78' lang='grc' dir='ltr'>ληφθέν-</span> 
     </span>
    </p>
   </div>
   <div class='ocr_carea' id='block_1_17' title="bbox 415 1629 1993 1701">
    <p class='ocr_par' dir='ltr' id='par_1_17' title="bbox 415 1629 1993 1701">
     <span class='ocr_line' id='line_1_17' title="bbox 415 1629 1993 1701; baseline 0.006 -26"><span class='ocrx_word' id='word_1_107' title='bbox 415 1643 506 1686; x_wconf 89' lang='grc' dir='ltr'><strong>τες</strong></span> <span class='ocrx_word' id='word_1_108' title='bbox 558 1629 969 1681; x_wconf 86' lang='grc' dir='ltr'>καταπέσωσιν.</span> <span class='ocrx_word' id='word_1_109' title='bbox 1046 1629 1179 1680; x_wconf 82' lang='grc' dir='ltr'>Ἰδοὺ</span> <span class='ocrx_word' id='word_1_110' title='bbox 1239 1632 1523 1699; x_wconf 77' lang='grc' dir='ltr'><strong>προδήλως</strong></span> <span class='ocrx_word' id='word_1_111' title='bbox 1581 1632 1993 1701; x_wconf 80' lang='grc' dir='ltr'>εἰδωλολατρεῖν</span> 
     </span>
    </p>
   </div>
   <div class='ocr_carea' id='block_1_18' title="bbox 415 1716 831 1785">
    <p class='ocr_par' dir='ltr' id='par_1_18' title="bbox 415 1716 831 1785">
     <span class='ocr_line' id='line_1_18' title="bbox 415 1716 831 1785; baseline 0.01 -21"><span class='ocrx_word' id='word_1_112' title='bbox 415 1716 831 1785; x_wconf 72' lang='grc' dir='ltr'>ἐνομοθέτησεν.</span> 
     </span>
    </p>
   </div>
   <div class='ocr_carea' id='block_1_19' title="bbox 487 1803 1995 1884">
    <p class='ocr_par' dir='ltr' id='par_1_19' title="bbox 487 1803 1995 1884">
     <span class='ocr_line' id='line_1_19' title="bbox 487 1803 1995 1884; baseline 0.008 -28"><span class='ocrx_word' id='word_1_113' title='bbox 487 1808 551 1861; x_wconf 88' lang='lat'><strong>0&#39;.</strong></span> <span class='ocrx_word' id='word_1_114' title='bbox 605 1809 684 1873; x_wconf 79' lang='grc' dir='ltr'><strong>(Ι)</strong></span> <span class='ocrx_word' id='word_1_115' title='bbox 752 1803 922 1870; x_wconf 75' lang='grc' dir='ltr'>Οὗτος</span> <span class='ocrx_word' id='word_1_116' title='bbox 974 1811 1000 1862; x_wconf 97' lang='lat'><strong>6</strong></span> <span class='ocrx_word' id='word_1_117' title='bbox 1057 1811 1347 1879; x_wconf 82' lang='grc' dir='ltr'>Μωάμεο,</span> <span class='ocrx_word' id='word_1_118' title='bbox 1407 1813 1589 1864; x_wconf 77' lang='grc' dir='ltr'>καίτοι</span> <span class='ocrx_word' id='word_1_119' title='bbox 1657 1815 1873 1884; x_wconf 80' lang='grc' dir='ltr'>ἀμαθὴς</span> <span class='ocrx_word' id='word_1_120' title='bbox 1919 1817 1995 1868; x_wconf 80' lang='grc' dir='ltr'>ὢν</span> 
     </span>
    </p>
   </div>
   <div class='ocr_carea' id='block_1_20' title="bbox 415 1900 1997 1973">
    <p class='ocr_par' dir='ltr' id='par_1_20' title="bbox 415 1900 1997 1973">
     <span class='ocr_line' id='line_1_20' title="bbox 415 1900 1997 1973; baseline 0.006 -26"><span class='ocrx_word' id='word_1_121' title='bbox 415 1901 508 1947; x_wconf 74' lang='grc' dir='ltr'><strong>καὶ</strong></span> <span class='ocrx_word' id='word_1_122' title='bbox 550 1900 832 1965; x_wconf 80' lang='grc' dir='ltr'>ἄγροικος,</span> <span class='ocrx_word' id='word_1_123' title='bbox 852 1918 879 1950; x_wconf 92' lang='grc' dir='ltr'><strong>τ</strong></span> <span class='ocrx_word' id='word_1_124' title='bbox 893 1903 983 1970; x_wconf 78' lang='grc' dir='ltr'><strong>ρία</strong></span> <span class='ocrx_word' id='word_1_125' title='bbox 1025 1905 1117 1952; x_wconf 72' lang='grc' dir='ltr'><strong>καὶ</strong></span> <span class='ocrx_word' id='word_1_126' title='bbox 1135 1903 1267 1954; x_wconf 80' lang='grc' dir='ltr'>δέκα</span> <span class='ocrx_word' id='word_1_127' title='bbox 1290 1904 1381 1954; x_wconf 79' lang='grc' dir='ltr'><strong>καὶ</strong></span> <span class='ocrx_word' id='word_1_128' title='bbox 1400 1904 1596 1954; x_wconf 83' lang='grc' dir='ltr'>ἐκατὺν</span> <span class='ocrx_word' id='word_1_129' title='bbox 1615 1906 1997 1973; x_wconf 69' lang='grc' dir='ltr'>συνεγράψατο</span> 
     </span>
    </p>
   </div>
   <div class='ocr_carea' id='block_1_21' title="bbox 417 1990 1997 2065">
    <p class='ocr_par' dir='ltr' id='par_1_21' title="bbox 417 1990 1997 2065">
     <span class='ocr_line' id='line_1_21' title="bbox 417 1990 1997 2065; baseline 0.004 -25"><span class='ocrx_word' id='word_1_130' title='bbox 417 1990 695 2059; x_wconf 73' lang='grc' dir='ltr'>μυθάρια,</span> <span class='ocrx_word' id='word_1_131' title='bbox 736 1993 952 2060; x_wconf 63' lang='grc' dir='ltr'>ἑκάστῳ</span> <span class='ocrx_word' id='word_1_132' title='bbox 989 1993 1194 2044; x_wconf 74' lang='grc' dir='ltr'>τούτων</span> <span class='ocrx_word' id='word_1_133' title='bbox 1247 1996 1419 2062; x_wconf 72' lang='grc' dir='ltr'>δνομα</span> <span class='ocrx_word' id='word_1_134' title='bbox 1452 1995 1659 2056; x_wconf 82' lang='grc' dir='ltr'>ἐπιο;“ις</span> <span class='ocrx_word' id='word_1_135' title='bbox 1702 1996 1851 2058; x_wconf 80' lang='grc' dir='ltr'>ἀξιον</span> <span class='ocrx_word' id='word_1_136' title='bbox 1899 1997 1997 2065; x_wconf 82' lang='grc' dir='ltr'><strong>τῆς</strong></span> 
     </span>
    </p>
   </div>
   <div class='ocr_carea' id='block_1_22' title="bbox 414 2081 1998 2158">
    <p class='ocr_par' dir='ltr' id='par_1_22' title="bbox 414 2081 1998 2158">
     <span class='ocr_line' id='line_1_22' title="bbox 414 2081 1998 2158; baseline 0.006 -26"><span class='ocrx_word' id='word_1_137' title='bbox 414 2083 770 2145; x_wconf 73' lang='grc' dir='ltr'>ἀπαιδευσίας</span> <span class='ocrx_word' id='word_1_138' title='bbox 809 2085 901 2135; x_wconf 79' lang='lat' dir='ltr'><strong>xal.</strong></span> <span class='ocrx_word' id='word_1_139' title='bbox 922 2085 1268 2155; x_wconf 84' lang='grc' dir='ltr'>μωρολογίας</span> <span class='ocrx_word' id='word_1_140' title='bbox 1296 2081 1592 2140; x_wconf 77' lang='grc' dir='ltr'>αὐτοῦ.⁷Ων</span> <span class='ocrx_word' id='word_1_141' title='bbox 1621 2089 1878 2141; x_wconf 69' lang='grc' dir='ltr'>ἁπάντων</span> <span class='ocrx_word' id='word_1_142' title='bbox 1898 2089 1998 2158; x_wconf 83' lang='grc' dir='ltr'><strong>τὴν</strong></span> 
     </span>
    </p>
   </div>
   <div class='ocr_carea' id='block_1_23' title="bbox 412 2177 1996 2251">
    <p class='ocr_par' dir='ltr' id='par_1_23' title="bbox 412 2177 1996 2251">
     <span class='ocr_line' id='line_1_23' title="bbox 412 2177 1996 2251; baseline 0.003 -22"><span class='ocrx_word' id='word_1_143' title='bbox 412 2177 758 2246; x_wconf 77' lang='grc' dir='ltr'>ἀκαθαρσίαν</span> <span class='ocrx_word' id='word_1_144' title='bbox 811 2181 906 2231; x_wconf 71' lang='grc' dir='ltr'><strong>καὶ</strong></span> <span class='ocrx_word' id='word_1_145' title='bbox 957 2181 1056 2247; x_wconf 80' lang='grc' dir='ltr'>τὴν</span> <span class='ocrx_word' id='word_1_146' title='bbox 1111 2182 1381 2248; x_wconf 78' lang='grc' dir='ltr'>πρόδηλον</span> <span class='ocrx_word' id='word_1_147' title='bbox 1436 2183 1712 2251; x_wconf 80' lang='grc' dir='ltr'>φλυαρίαν</span> <span class='ocrx_word' id='word_1_148' title='bbox 1778 2182 1838 2234; x_wconf 84' lang='grc' dir='ltr'>τὸ</span> <span class='ocrx_word' id='word_1_149' title='bbox 1902 2184 1996 2235; x_wconf 79' lang='grc' dir='ltr'>καὶ</span> 
     </span>
    </p>
   </div>
   <div class='ocr_carea' id='block_1_24' title="bbox 411 2268 1996 2344">
    <p class='ocr_par' dir='ltr' id='par_1_24' title="bbox 411 2268 1996 2344">
     <span class='ocr_line' id='line_1_24' title="bbox 411 2268 1996 2344; baseline 0.006 -26"><span class='ocrx_word' id='word_1_150' title='bbox 411 2268 775 2336; x_wconf 82' lang='grc' dir='ltr'>διηγήσασθαι</span> <span class='ocrx_word' id='word_1_151' title='bbox 794 2273 888 2322; x_wconf 75' lang='grc' dir='ltr'><strong>καὶ</strong></span> <span class='ocrx_word' id='word_1_152' title='bbox 915 2274 1218 2342; x_wconf 52' lang='grc' dir='ltr'>ἀνατρέψαι</span> <span class='ocrx_word' id='word_1_153' title='bbox 1245 2275 1360 2326; x_wconf 64' lang='grc' dir='ltr'>[συν</span> <span class='ocrx_word' id='word_1_154' title='bbox 1393 2275 1512 2325; x_wconf 80' lang='grc' dir='ltr'>ἐστὶ</span> <span class='ocrx_word' id='word_1_155' title='bbox 1538 2275 1616 2343; x_wconf 81' lang='grc' dir='ltr'>τῷ</span> <span class='ocrx_word' id='word_1_156' title='bbox 1634 2277 1732 2344; x_wconf 80' lang='grc' dir='ltr'>τὴν</span> <span class='ocrx_word' id='word_1_157' title='bbox 1763 2275 1996 2342; x_wconf 78' lang='grc' dir='ltr'>Αὐγείου</span> 
     </span>
    </p>
   </div>
   <div class='ocr_carea' id='block_1_25' title="bbox 414 2362 1994 2435">
    <p class='ocr_par' dir='ltr' id='par_1_25' title="bbox 414 2362 1994 2435">
     <span class='ocr_line' id='line_1_25' title="bbox 414 2362 1994 2435; baseline 0.005 -23"><span class='ocrx_word' id='word_1_158' title='bbox 414 2362 621 2431; x_wconf 83' lang='grc' dir='ltr'>κόπρον</span> <span class='ocrx_word' id='word_1_159' title='bbox 654 2364 975 2431; x_wconf 70' lang='grc' dir='ltr'>ἐκκομίσαι,</span> <span class='ocrx_word' id='word_1_160' title='bbox 1008 2365 1150 2417; x_wconf 75' lang='grc' dir='ltr'>κατὰ</span> <span class='ocrx_word' id='word_1_161' title='bbox 1186 2369 1276 2416; x_wconf 60' lang='grc' dir='ltr'><strong>τον</strong></span> <span class='ocrx_word' id='word_1_162' title='bbox 1320 2367 1622 2435; x_wconf 83' lang='grc' dir='ltr'>Ἡρακλέα.</span> <span class='ocrx_word' id='word_1_163' title='bbox 1651 2367 1853 2419; x_wconf 81' lang='grc' dir='ltr'>Λοιπὸν</span> <span class='ocrx_word' id='word_1_164' title='bbox 1875 2364 1994 2435; x_wconf 70' lang='grc' dir='ltr'>οὖν,</span> 
     </span>
    </p>
   </div>
   <div class='ocr_carea' id='block_1_26' title="bbox 412 2453 1993 2528">
    <p class='ocr_par' dir='ltr' id='par_1_26' title="bbox 412 2453 1993 2528">
     <span class='ocr_line' id='line_1_26' title="bbox 412 2453 1993 2528; baseline 0.003 -24"><span class='ocrx_word' id='word_1_165' title='bbox 412 2453 581 2506; x_wconf 80' lang='grc' dir='ltr'>τᾶλλα</span> <span class='ocrx_word' id='word_1_166' title='bbox 624 2456 1106 2525; x_wconf 81' lang='grc' dir='ltr'>παραδραμόντες,</span> <span class='ocrx_word' id='word_1_167' title='bbox 1137 2457 1335 2524; x_wconf 82' lang='grc' dir='ltr'>ὀλίγων</span> <span class='ocrx_word' id='word_1_168' title='bbox 1369 2458 1717 2527; x_wconf 82' lang='grc' dir='ltr'>ποιησόμεθα</span> <span class='ocrx_word' id='word_1_169' title='bbox 1747 2462 1993 2528; x_wconf 79' lang='grc' dir='ltr'>μνήμην,</span> 
     </span>
    </p>
   </div>
   <div class='ocr_carea' id='block_1_27' title="bbox 411 2548 2000 2620">
    <p class='ocr_par' dir='ltr' id='par_1_27' title="bbox 411 2548 2000 2620">
     <span class='ocr_line' id='line_1_27' title="bbox 411 2548 2000 2620; baseline 0.003 -23"><span class='ocrx_word' id='word_1_170' title='bbox 411 2549 507 2599; x_wconf 77' lang='grc' dir='ltr'><strong>καὶ</strong></span> <span class='ocrx_word' id='word_1_171' title='bbox 555 2548 654 2599; x_wconf 87' lang='grc' dir='ltr'>ὅσα</span> <span class='ocrx_word' id='word_1_172' title='bbox 687 2550 906 2609; x_wconf 77' lang='grc' dir='ltr'>πάντως</span> <span class='ocrx_word' id='word_1_173' title='bbox 936 2549 1367 2616; x_wconf 81' lang='grc' dir='ltr'>ἀναγκαιότερα,</span> <span class='ocrx_word' id='word_1_174' title='bbox 1399 2549 1536 2620; x_wconf 80' lang='grc' dir='ltr'>πρὸς</span> <span class='ocrx_word' id='word_1_175' title='bbox 1573 2550 1632 2601; x_wconf 79' lang='grc' dir='ltr'><strong>τὸ</strong></span> <span class='ocrx_word' id='word_1_176' title='bbox 1658 2550 2000 2620; x_wconf 83' lang='grc' dir='ltr'>διαγνωσοῆ-</span> 
     </span>
    </p>
   </div>
   <div class='ocr_carea' id='block_1_28' title="bbox 412 2642 1217 2711">
    <p class='ocr_par' dir='ltr' id='par_1_28' title="bbox 412 2642 1217 2711">
     <span class='ocr_line' id='line_1_28' title="bbox 412 2642 1217 2711; baseline 0.002 -17"><span class='ocrx_word' id='word_1_177' title='bbox 412 2642 499 2695; x_wconf 78' lang='grc' dir='ltr'><strong>ναί</strong></span> <span class='ocrx_word' id='word_1_178' title='bbox 523 2659 580 2694; x_wconf 85' lang='grc' dir='ltr'><strong>τε</strong></span> <span class='ocrx_word' id='word_1_179' title='bbox 613 2644 702 2693; x_wconf 59' lang='grc' dir='ltr'><strong>καὶ⁵</strong></span> <span class='ocrx_word' id='word_1_180' title='bbox 734 2644 1217 2711; x_wconf 73' lang='grc' dir='ltr'>καταγνωσθῆναι.</span> 
     </span>
    </p>
   </div>
   <div class='ocr_carea' id='block_1_29' title="bbox 493 2735 1998 2807">
    <p class='ocr_par' dir='ltr' id='par_1_29' title="bbox 493 2735 1998 2807">
     <span class='ocr_line' id='line_1_29' title="bbox 493 2735 1998 2807; baseline 0 -19"><span class='ocrx_word' id='word_1_181' title='bbox 493 2735 724 2802; x_wconf 67' lang='grc' dir='ltr'>Ὀλόσφυ</span> <span class='ocrx_word' id='word_1_182' title='bbox 737 2752 826 2804; x_wconf 91' lang='grc' dir='ltr'><strong>ρον</strong></span> <span class='ocrx_word' id='word_1_183' title='bbox 851 2737 1000 2802; x_wconf 75' lang='grc' dir='ltr'>λέγει</span> <span class='ocrx_word' id='word_1_184' title='bbox 1033 2738 1124 2788; x_wconf 74' lang='grc' dir='ltr'>τὸν</span> <span class='ocrx_word' id='word_1_185' title='bbox 1147 2737 1302 2799; x_wconf 66' lang='grc' dir='ltr'>Θεὸν,</span> <span class='ocrx_word' id='word_1_186' title='bbox 1331 2738 1448 2805; x_wconf 75' lang='grc' dir='ltr'>ήτοι</span> <span class='ocrx_word' id='word_1_187' title='bbox 1481 2737 1797 2807; x_wconf 74' lang='grc' dir='ltr'>σφαιρικὸν.</span> <span class='ocrx_word' id='word_1_188' title='bbox 1824 2735 1998 2790; x_wconf 88' lang='grc' dir='ltr'>Τοῦτο</span> 
     </span>
    </p>
   </div>
   <div class='ocr_carea' id='block_1_30' title="bbox 411 2829 1992 2898">
    <p class='ocr_par' dir='ltr' id='par_1_30' title="bbox 411 2829 1992 2898">
     <span class='ocr_line' id='line_1_30' title="bbox 411 2829 1992 2898; baseline 0.001 -18"><span class='ocrx_word' id='word_1_189' title='bbox 411 2829 466 2880; x_wconf 63' lang='grc' dir='ltr'><strong>δὲ</strong></span> <span class='ocrx_word' id='word_1_190' title='bbox 495 2830 556 2880; x_wconf 82' lang='grc' dir='ltr'><strong>τὸ</strong></span> <span class='ocrx_word' id='word_1_191' title='bbox 593 2830 777 2897; x_wconf 79' lang='grc' dir='ltr'>σχῆμα</span> <span class='ocrx_word' id='word_1_192' title='bbox 807 2829 1062 2897; x_wconf 77' lang='grc' dir='ltr'>σώματός</span> <span class='ocrx_word' id='word_1_193' title='bbox 1101 2833 1241 2892; x_wconf 86' lang='grc' dir='ltr'>ἐστι,</span> <span class='ocrx_word' id='word_1_194' title='bbox 1268 2829 1361 2882; x_wconf 73' lang='grc' dir='ltr'><strong>καὶ</strong></span> <span class='ocrx_word' id='word_1_195' title='bbox 1391 2829 1552 2897; x_wconf 81' lang='grc' dir='ltr'>σῶμα</span> <span class='ocrx_word' id='word_1_196' title='bbox 1577 2830 1862 2898; x_wconf 71' lang='grc' dir='ltr'>ἐμφαίνει·</span> <span class='ocrx_word' id='word_1_197' title='bbox 1895 2829 1992 2882; x_wconf 71' lang='grc' dir='ltr'>ὦσι</span> 
     </span>
    </p>
   </div>
   <div class='ocr_carea' id='block_1_31' title="bbox 411 2925 1997 2995">
    <p class='ocr_par' dir='ltr' id='par_1_31' title="bbox 411 2925 1997 2995">
     <span class='ocr_line' id='line_1_31' title="bbox 411 2925 1997 2995; baseline 0.001 -19"><span class='ocrx_word' id='word_1_198' title='bbox 411 2943 518 2995; x_wconf 70' lang='grc' dir='ltr'><strong>περ</strong></span> <span class='ocrx_word' id='word_1_199' title='bbox 541 2926 606 2993; x_wconf 82' lang='grc' dir='ltr'>δή</span> <span class='ocrx_word' id='word_1_200' title='bbox 641 2925 736 2978; x_wconf 81' lang='grc' dir='ltr'>καὶ</span> <span class='ocrx_word' id='word_1_201' title='bbox 768 2926 859 2976; x_wconf 78' lang='grc' dir='ltr'>τὸν</span> <span class='ocrx_word' id='word_1_202' title='bbox 889 2925 1096 2977; x_wconf 76' lang='grc' dir='ltr'>πυκνὸν</span> <span class='ocrx_word' id='word_1_203' title='bbox 1125 2927 1218 2976; x_wconf 73' lang='grc' dir='ltr'><strong>καὶ</strong></span> <span class='ocrx_word' id='word_1_204' title='bbox 1248 2926 1651 2992; x_wconf 84' lang='grc' dir='ltr'>πεπιλημένον.</span> <span class='ocrx_word' id='word_1_205' title='bbox 1698 2927 1915 2995; x_wconf 84' lang='grc' dir='ltr'>Σφαῖρα</span> <span class='ocrx_word' id='word_1_206' title='bbox 1940 2925 1997 2977; x_wconf 81' lang='grc' dir='ltr'><strong>δὲ</strong></span> 
     </span>
    </p>
   </div>
   <div class='ocr_carea' id='block_1_32' title="bbox 411 3013 1989 3086">
    <p class='ocr_par' dir='ltr' id='par_1_32' title="bbox 411 3013 1989 3086">
     <span class='ocr_line' id='line_1_32' title="bbox 411 3013 1989 3086; baseline 0.001 -19"><span class='ocrx_word' id='word_1_207' title='bbox 411 3018 573 3086; x_wconf 77' lang='grc' dir='ltr'>ὑλικὴ</span> <span class='ocrx_word' id='word_1_208' title='bbox 616 3016 740 3069; x_wconf 84' lang='grc' dir='ltr'>κατ’</span> <span class='ocrx_word' id='word_1_209' title='bbox 776 3018 939 3068; x_wconf 84' lang='grc' dir='ltr'>αὐτὸν</span> <span class='ocrx_word' id='word_1_210' title='bbox 975 3019 1003 3070; x_wconf 91' lang='lat'><strong>6</strong></span> <span class='ocrx_word' id='word_1_211' title='bbox 1034 3017 1170 3079; x_wconf 76' lang='grc' dir='ltr'>Θεὸς</span> <span class='ocrx_word' id='word_1_212' title='bbox 1209 3015 1306 3081; x_wconf 80' lang='grc' dir='ltr'>ὧν,</span> <span class='ocrx_word' id='word_1_213' title='bbox 1340 3013 1466 3068; x_wconf 78' lang='grc' dir='ltr'>οὔτε</span> <span class='ocrx_word' id='word_1_214' title='bbox 1508 3016 1826 3079; x_wconf 78' lang='grc' dir='ltr'>ἀκούσεται,</span> <span class='ocrx_word' id='word_1_215' title='bbox 1865 3017 1989 3070; x_wconf 81' lang='grc' dir='ltr'>οὐτε</span> 
     </span>
    </p>
   </div>
   <div class='ocr_carea' id='block_1_33' title="bbox 410 3109 1992 3180">
    <p class='ocr_par' dir='ltr' id='par_1_33' title="bbox 410 3109 1992 3180">
     <span class='ocr_line' id='line_1_33' title="bbox 410 3109 1992 3180; baseline 0.001 -20"><span class='ocrx_word' id='word_1_216' title='bbox 410 3109 600 3177; x_wconf 68' lang='grc' dir='ltr'>ὄψεται</span> <span class='ocrx_word' id='word_1_217' title='bbox 626 3123 641 3136; x_wconf 86' lang='grc'>⁶</span> <span class='ocrx_word' id='word_1_218' title='bbox 677 3109 773 3161; x_wconf 79' lang='grc' dir='ltr'>καὶ</span> <span class='ocrx_word' id='word_1_219' title='bbox 808 3109 1202 3178; x_wconf 86' lang='grc' dir='ltr'>καταπρανῶς,</span> <span class='ocrx_word' id='word_1_220' title='bbox 1236 3109 1310 3172; x_wconf 86' lang='grc' dir='ltr'>ὠς</span> <span class='ocrx_word' id='word_1_221' title='bbox 1358 3109 1576 3180; x_wconf 80' lang='grc' dir='ltr'>ἔτυχεν,</span> <span class='ocrx_word' id='word_1_222' title='bbox 1608 3109 1992 3180; x_wconf 82' lang='grc' dir='ltr'>ἐνεχθήσεται,</span> 
     </span>
    </p>
   </div>
   <div class='ocr_carea' id='block_1_34' title="bbox 411 3201 1356 3272">
    <p class='ocr_par' dir='ltr' id='par_1_34' title="bbox 411 3201 1356 3272">
     <span class='ocr_line' id='line_1_34' title="bbox 411 3201 1356 3272; baseline 0.001 -20"><span class='ocrx_word' id='word_1_223' title='bbox 411 3201 506 3255; x_wconf 75' lang='grc' dir='ltr'>καὶ</span> <span class='ocrx_word' id='word_1_224' title='bbox 544 3205 759 3255; x_wconf 76' lang='grc' dir='ltr'>ἄτακτα</span> <span class='ocrx_word' id='word_1_225' title='bbox 797 3201 1356 3272; x_wconf 80' lang='grc' dir='ltr'>κατακυλισθήσεται.</span> 
     </span>
    </p>
   </div>
   <div class='ocr_carea' id='block_1_35' title="bbox 491 3378 1995 3450">
    <p class='ocr_par' dir='ltr' id='par_1_35' title="bbox 491 3378 1995 3450">
     <span class='ocr_line' id='line_1_35' title="bbox 491 3378 1995 3450; baseline 0.001 -18"><span class='ocrx_word' id='word_1_226' title='bbox 491 3382 860 3450; x_wconf 78' lang='grc' dir='ltr'>Δογματίζων</span> <span class='ocrx_word' id='word_1_227' title='bbox 892 3382 1064 3434; x_wconf 69' lang='grc' dir='ltr'>αἴτιον</span> <span class='ocrx_word' id='word_1_228' title='bbox 1105 3378 1246 3434; x_wconf 77' lang='grc' dir='ltr'>εἶναι</span> <span class='ocrx_word' id='word_1_229' title='bbox 1278 3383 1479 3446; x_wconf 81' lang='grc' dir='ltr'>παντὸς</span> <span class='ocrx_word' id='word_1_230' title='bbox 1513 3382 1686 3434; x_wconf 86' lang='grc' dir='ltr'>κακοῦ</span> <span class='ocrx_word' id='word_1_231' title='bbox 1719 3383 1812 3435; x_wconf 67' lang='grc' dir='ltr'>τὸν</span> <span class='ocrx_word' id='word_1_232' title='bbox 1839 3382 1995 3440; x_wconf 73' lang='grc' dir='ltr'>Θεὸν.</span> 
     </span>
    </p>
   </div>
   <div class='ocr_carea' id='block_1_36' title="bbox 409 3473 2000 3544">
    <p class='ocr_par' dir='ltr' id='par_1_36' title="bbox 409 3473 2000 3544">
     <span class='ocr_line' id='line_1_36' title="bbox 409 3473 2000 3544; baseline 0.004 -22"><span class='ocrx_word' id='word_1_233' title='bbox 409 3473 598 3543; x_wconf 73' lang='grc' dir='ltr'>ὥσπερ</span> <span class='ocrx_word' id='word_1_234' title='bbox 645 3474 708 3542; x_wconf 78' lang='grc' dir='ltr'><strong>δὴ</strong></span> <span class='ocrx_word' id='word_1_235' title='bbox 743 3475 832 3526; x_wconf 72' lang='grc' dir='ltr'><strong>καὶ</strong></span> <span class='ocrx_word' id='word_1_236' title='bbox 868 3475 1070 3535; x_wconf 71' lang='grc' dir='ltr'>παντὸς</span> <span class='ocrx_word' id='word_1_237' title='bbox 1099 3475 1328 3541; x_wconf 72' lang='grc' dir='ltr'>ἀγαθοῦ,</span> <span class='ocrx_word' id='word_1_238' title='bbox 1381 3474 1546 3543; x_wconf 80' lang='grc' dir='ltr'>φησίν</span> <span class='ocrx_word' id='word_1_239' title='bbox 1571 3491 1582 3503; x_wconf 69' lang='grc' dir='ltr'><strong>ο</strong></span> <span class='ocrx_word' id='word_1_240' title='bbox 1625 3493 1643 3526; x_wconf 77' lang='grc' dir='ltr'><strong>ι</strong></span> <span class='ocrx_word' id='word_1_241' title='bbox 1683 3477 1782 3527; x_wconf 83' lang='lat' dir='ltr'><strong>&quot;Ov</strong></span> <span class='ocrx_word' id='word_1_242' title='bbox 1809 3476 2000 3544; x_wconf 76' lang='grc' dir='ltr'>ὁδηγεῖ</span> 
     </span>
    </p>
   </div>
   <div class='ocr_carea' id='block_1_37' title="bbox 406 3564 1996 3637">
    <p class='ocr_par' dir='ltr' id='par_1_37' title="bbox 406 3564 1996 3637">
     <span class='ocr_line' id='line_1_37' title="bbox 406 3564 1996 3637; baseline -0.001 -18"><span class='ocrx_word' id='word_1_243' title='bbox 406 3569 434 3619; x_wconf 86' lang='lat'><strong>6</strong></span> <span class='ocrx_word' id='word_1_244' title='bbox 462 3564 617 3629; x_wconf 82' lang='grc' dir='ltr'>Θεὸς,</span> <span class='ocrx_word' id='word_1_245' title='bbox 655 3565 856 3626; x_wconf 74' lang='grc' dir='ltr'>ἐκεῖνός</span> <span class='ocrx_word' id='word_1_246' title='bbox 895 3569 1043 3617; x_wconf 83' lang='grc' dir='ltr'>ἐστιν</span> <span class='ocrx_word' id='word_1_247' title='bbox 1085 3565 1474 3636; x_wconf 63' lang='grc' dir='ltr'>ὡδτηημὲνος·</span> <span class='ocrx_word' id='word_1_248' title='bbox 1523 3568 1619 3617; x_wconf 76' lang='grc' dir='ltr'><strong>καὶ</strong></span> <span class='ocrx_word' id='word_1_249' title='bbox 1653 3567 1746 3628; x_wconf 78' lang='grc' dir='ltr'>οὒς</span> <span class='ocrx_word' id='word_1_250' title='bbox 1795 3567 1996 3637; x_wconf 76' lang='grc' dir='ltr'>πλανᾷ,</span> 
     </span>
    </p>
   </div>
   <div class='ocr_carea' id='block_1_38' title="bbox 411 3658 2000 3728">
    <p class='ocr_par' dir='ltr' id='par_1_38' title="bbox 411 3658 2000 3728">
     <span class='ocr_line' id='line_1_38' title="bbox 411 3658 2000 3728; baseline 0.002 -19"><span class='ocrx_word' id='word_1_251' title='bbox 411 3659 605 3713; x_wconf 66' lang='grc' dir='ltr'>ἐκεῖνοί</span> <span class='ocrx_word' id='word_1_252' title='bbox 639 3659 774 3709; x_wconf 71' lang='grc' dir='ltr'>εἰσιν</span> <span class='ocrx_word' id='word_1_253' title='bbox 799 3661 846 3710; x_wconf 75' lang='grc' dir='ltr'><strong>οἱ</strong></span> <span class='ocrx_word' id='word_1_254' title='bbox 879 3659 1218 3726; x_wconf 85' lang='grc' dir='ltr'>λειπόμενοι.</span> <span class='ocrx_word' id='word_1_255' title='bbox 1251 3677 1270 3709; x_wconf 72' lang='grc' dir='ltr'><strong>ι</strong></span> <span class='ocrx_word' id='word_1_256' title='bbox 1303 3659 1413 3711; x_wconf 78' lang='grc' dir='ltr'>Καὶ</span> <span class='ocrx_word' id='word_1_257' title='bbox 1451 3658 1570 3728; x_wconf 80' lang='grc' dir='ltr'>μετ’</span> <span class='ocrx_word' id='word_1_258' title='bbox 1593 3658 1751 3726; x_wconf 80' lang='grc' dir='ltr'>ὀλίγα</span> <span class='ocrx_word' id='word_1_259' title='bbox 1785 3659 1845 3711; x_wconf 85' lang='grc' dir='ltr'><strong>τὸ</strong></span> <span class='ocrx_word' id='word_1_260' title='bbox 1870 3661 2000 3712; x_wconf 83' lang='grc' dir='ltr'>αὐτὸ</span> 
     </span>
    </p>
   </div>
   <div class='ocr_carea' id='block_1_39' title="bbox 417 3749 1997 3822">
    <p class='ocr_par' dir='ltr' id='par_1_39' title="bbox 417 3749 1997 3822">
     <span class='ocr_line' id='line_1_39' title="bbox 417 3749 1997 3822; baseline 0.002 -21"><span class='ocrx_word' id='word_1_261' title='bbox 417 3749 643 3818; x_wconf 47' lang='grc' dir='ltr'>δεδαιῶν</span> <span class='ocrx_word' id='word_1_262' title='bbox 674 3751 981 3819; x_wconf 82' lang='grc' dir='ltr'>ἐπήγαγεν,</span> <span class='ocrx_word' id='word_1_263' title='bbox 1006 3751 1089 3802; x_wconf 79' lang='grc' dir='ltr'>ὅτι</span> <span class='ocrx_word' id='word_1_264' title='bbox 1130 3768 1147 3799; x_wconf 77' lang='grc' dir='ltr'><strong>ι</strong></span> <span class='ocrx_word' id='word_1_265' title='bbox 1185 3751 1257 3803; x_wconf 89' lang='grc' dir='ltr'>Οὐ</span> <span class='ocrx_word' id='word_1_266' title='bbox 1283 3751 1526 3820; x_wconf 84' lang='grc' dir='ltr'>κυριεύω</span> <span class='ocrx_word' id='word_1_267' title='bbox 1557 3751 1656 3818; x_wconf 80' lang='grc' dir='ltr'>τῆς</span> <span class='ocrx_word' id='word_1_268' title='bbox 1685 3753 1865 3822; x_wconf 64' lang='grc' dir='ltr'>ψυχῆς</span> <span class='ocrx_word' id='word_1_269' title='bbox 1894 3770 1997 3820; x_wconf 91' lang='grc' dir='ltr'><strong>μου</strong></span> 
     </span>
    </p>
   </div>
   <div class='ocr_carea' id='block_1_40' title="bbox 409 3841 2000 3912">
    <p class='ocr_par' dir='ltr' id='par_1_40' title="bbox 409 3841 2000 3912">
     <span class='ocr_line' id='line_1_40' title="bbox 409 3841 2000 3912; baseline 0.002 -20"><span class='ocrx_word' id='word_1_270' title='bbox 409 3842 486 3902; x_wconf 84' lang='grc' dir='ltr'><strong>είς</strong></span> <span class='ocrx_word' id='word_1_271' title='bbox 534 3841 828 3909; x_wconf 59' lang='grc' dir='ltr'>ὠφέλειαν,</span> <span class='ocrx_word' id='word_1_272' title='bbox 889 3843 999 3893; x_wconf 86' lang='grc' dir='ltr'>εῐτε</span> <span class='ocrx_word' id='word_1_273' title='bbox 1039 3841 1285 3910; x_wconf 74' lang='grc' dir='ltr'>βλάϐην,</span> <span class='ocrx_word' id='word_1_274' title='bbox 1337 3844 1387 3893; x_wconf 83' lang='grc' dir='ltr'>εἰ</span> <span class='ocrx_word' id='word_1_275' title='bbox 1453 3841 1527 3912; x_wconf 84' lang='grc' dir='ltr'>μὴ</span> <span class='ocrx_word' id='word_1_276' title='bbox 1579 3843 1718 3910; x_wconf 79' lang='grc' dir='ltr'>ὅπερ</span> <span class='ocrx_word' id='word_1_277' title='bbox 1765 3843 1941 3895; x_wconf 78' lang='grc' dir='ltr'>ἐθέλει</span> <span class='ocrx_word' id='word_1_278' title='bbox 1973 3845 2000 3896; x_wconf 92' lang='lat'><strong>6</strong></span> 
     </span>
    </p>
   </div>
   <div class='ocr_carea' id='block_1_41' title="bbox 407 3931 2000 4006">
    <p class='ocr_par' dir='ltr' id='par_1_41' title="bbox 407 3931 2000 4006">
     <span class='ocr_line' id='line_1_41' title="bbox 407 3931 2000 4006; baseline 0.003 -22"><span class='ocrx_word' id='word_1_279' title='bbox 407 3931 560 3995; x_wconf 75' lang='grc' dir='ltr'>Θεός.</span> <span class='ocrx_word' id='word_1_280' title='bbox 596 3953 614 3984; x_wconf 69' lang='grc' dir='ltr'><strong>ι</strong></span> <span class='ocrx_word' id='word_1_281' title='bbox 652 3933 762 3985; x_wconf 73' lang='grc' dir='ltr'><strong>Καὶ</strong></span> <span class='ocrx_word' id='word_1_282' title='bbox 788 3931 1187 4001; x_wconf 82' lang='grc' dir='ltr'>ἐπιλαθόμενος</span> <span class='ocrx_word' id='word_1_283' title='bbox 1212 3934 1295 3985; x_wconf 77' lang='grc' dir='ltr'><strong>ὅτι</strong></span> <span class='ocrx_word' id='word_1_284' title='bbox 1322 3935 1614 4003; x_wconf 72' lang='grc' dir='ltr'>προφήτην</span> <span class='ocrx_word' id='word_1_285' title='bbox 1646 3935 1756 4005; x_wconf 77' lang='grc' dir='ltr'><strong>πρὸ</strong></span> <span class='ocrx_word' id='word_1_286' title='bbox 1798 3937 2000 4006; x_wconf 82' lang='grc' dir='ltr'>μικροῦ</span> 
     </span>
    </p>
   </div>
   <div class='ocr_carea' id='block_1_42' title="bbox 408 4025 2001 4095">
    <p class='ocr_par' dir='ltr' id='par_1_42' title="bbox 408 4025 2001 4095">
     <span class='ocr_line' id='line_1_42' title="bbox 408 4025 2001 4095; baseline 0.003 -19"><span class='ocrx_word' id='word_1_287' title='bbox 408 4026 718 4095; x_wconf 79' lang='grc' dir='ltr'>ἐκήρυσσεν</span> <span class='ocrx_word' id='word_1_288' title='bbox 777 4026 993 4088; x_wconf 77' lang='grc' dir='ltr'>ἑαυτὸν,</span> <span class='ocrx_word' id='word_1_289' title='bbox 1031 4025 1222 4091; x_wconf 73' lang='grc' dir='ltr'>λέγει’</span> <span class='ocrx_word' id='word_1_290' title='bbox 1279 4045 1298 4078; x_wconf 77' lang='grc' dir='ltr'><strong>ι</strong></span> <span class='ocrx_word' id='word_1_291' title='bbox 1331 4029 1440 4079; x_wconf 74' lang='grc' dir='ltr'><strong>Καὶ</strong></span> <span class='ocrx_word' id='word_1_292' title='bbox 1479 4027 1528 4078; x_wconf 76' lang='grc' dir='ltr'>εἰ</span> <span class='ocrx_word' id='word_1_293' title='bbox 1573 4028 1880 4094; x_wconf 75' lang='grc' dir='ltr'>ἐγίνωσκον</span> <span class='ocrx_word' id='word_1_294' title='bbox 1931 4029 2001 4082; x_wconf 80' lang='grc' dir='ltr'>τὰ</span> 
     </span>
    </p>
   </div>
   <div class='ocr_carea' id='block_1_43' title="bbox 410 4115 2002 4187">
    <p class='ocr_par' dir='ltr' id='par_1_43' title="bbox 410 4115 2002 4187">
     <span class='ocr_line' id='line_1_43' title="bbox 410 4115 2002 4187; baseline 0.002 -15"><span class='ocrx_word' id='word_1_295' title='bbox 410 4121 639 4180; x_wconf 68' lang='grc' dir='ltr'>ἀπόντα,</span> <span class='ocrx_word' id='word_1_296' title='bbox 667 4115 813 4187; x_wconf 78' lang='grc' dir='ltr'>εἶχον</span> <span class='ocrx_word' id='word_1_297' title='bbox 859 4120 924 4171; x_wconf 82' lang='grc' dir='ltr'><strong>ἂν</strong></span> <span class='ocrx_word' id='word_1_298' title='bbox 953 4118 1251 4171; x_wconf 74' lang='grc' dir='ltr'>πλεονάσαι</span> <span class='ocrx_word' id='word_1_299' title='bbox 1284 4121 1346 4171; x_wconf 83' lang='grc' dir='ltr'><strong>ἐκ</strong></span> <span class='ocrx_word' id='word_1_300' title='bbox 1373 4119 1469 4172; x_wconf 87' lang='grc' dir='ltr'><strong>τοῦ</strong></span> <span class='ocrx_word' id='word_1_301' title='bbox 1507 4121 1740 4186; x_wconf 79' lang='grc' dir='ltr'>ἀγαθοῦ,</span> <span class='ocrx_word' id='word_1_302' title='bbox 1774 4124 1869 4173; x_wconf 72' lang='grc' dir='ltr'><strong>καὶ</strong></span> <span class='ocrx_word' id='word_1_303' title='bbox 1901 4124 2002 4175; x_wconf 84' lang='grc' dir='ltr'><strong>οὐκ</strong></span> 
     </span>
    </p>
   </div>
   <div class='ocr_carea' id='block_1_44' title="bbox 406 4207 2001 4281">
    <p class='ocr_par' dir='ltr' id='par_1_44' title="bbox 406 4207 2001 4281">
     <span class='ocr_line' id='line_1_44' title="bbox 406 4207 2001 4281; baseline 0.001 -18"><span class='ocrx_word' id='word_1_304' title='bbox 406 4212 470 4264; x_wconf 83' lang='grc' dir='ltr'>ἆν</span> <span class='ocrx_word' id='word_1_305' title='bbox 508 4207 620 4279; x_wconf 74' lang='grc' dir='ltr'>εἷχέ</span> <span class='ocrx_word' id='word_1_306' title='bbox 659 4228 761 4279; x_wconf 86' lang='grc' dir='ltr'><strong>μου</strong></span> <span class='ocrx_word' id='word_1_307' title='bbox 793 4210 1031 4279; x_wconf 57' lang='grc' dir='ltr'>ἅψασθαι</span> <span class='ocrx_word' id='word_1_308' title='bbox 1063 4211 1265 4262; x_wconf 82' lang='grc' dir='ltr'>δεινόν.</span> <span class='ocrx_word' id='word_1_309' title='bbox 1301 4228 1319 4260; x_wconf 73' lang='grc' dir='ltr'><strong>ι</strong></span> <span class='ocrx_word' id='word_1_310' title='bbox 1360 4212 1470 4263; x_wconf 77' lang='grc' dir='ltr'><strong>Καὶ</strong></span> <span class='ocrx_word' id='word_1_311' title='bbox 1505 4211 1620 4272; x_wconf 83' lang='grc' dir='ltr'>πῶς</span> <span class='ocrx_word' id='word_1_312' title='bbox 1651 4211 1716 4265; x_wconf 78' lang='grc' dir='ltr'>ἂν</span> <span class='ocrx_word' id='word_1_313' title='bbox 1736 4211 2001 4281; x_wconf 77' lang='grc' dir='ltr'>ἑξέφυγες</span> 
     </span>
    </p>
   </div>
   <div class='ocr_carea' id='block_1_45' title="bbox 415 4301 2002 4370">
    <p class='ocr_par' dir='ltr' id='par_1_45' title="bbox 415 4301 2002 4370">
     <span class='ocr_line' id='line_1_45' title="bbox 415 4301 2002 4370; baseline 0.002 -16"><span class='ocrx_word' id='word_1_314' title='bbox 415 4305 474 4355; x_wconf 65' lang='grc' dir='ltr'>τὰ</span> <span class='ocrx_word' id='word_1_315' title='bbox 500 4304 669 4366; x_wconf 73' lang='grc' dir='ltr'>δεινὰ,</span> <span class='ocrx_word' id='word_1_316' title='bbox 713 4304 894 4370; x_wconf 71' lang='grc' dir='ltr'>φύσει,</span> <span class='ocrx_word' id='word_1_317' title='bbox 962 4303 1146 4364; x_wconf 75' lang='grc' dir='ltr'>καθὼς</span> <span class='ocrx_word' id='word_1_318' title='bbox 1201 4301 1361 4364; x_wconf 80' lang='grc' dir='ltr'>αὐτὸς</span> <span class='ocrx_word' id='word_1_319' title='bbox 1407 4303 1611 4370; x_wconf 78' lang='grc' dir='ltr'>λέγεις,</span> <span class='ocrx_word' id='word_1_320' title='bbox 1651 4305 1818 4369; x_wconf 74' lang='grc' dir='ltr'>ὄντας</span> <span class='ocrx_word' id='word_1_321' title='bbox 1857 4305 1917 4358; x_wconf 81' lang='lat' dir='ltr'><strong>Ei</strong></span> <span class='ocrx_word' id='word_1_322' title='bbox 1944 4306 2002 4357; x_wconf 80' lang='grc' dir='ltr'><strong>δὲ</strong></span> 
     </span>
    </p>
   </div>
   <div class='ocr_carea' id='block_1_46' title="bbox 408 4393 1990 4463">
    <p class='ocr_par' dir='ltr' id='par_1_46' title="bbox 408 4393 1990 4463">
     <span class='ocr_line' id='line_1_46' title="bbox 408 4393 1990 4463; baseline 0.004 -19"><span class='ocrx_word' id='word_1_323' title='bbox 408 4395 644 4463; x_wconf 42' lang='lat' dir='ltr'><strong>ixi-ivstae</strong></span> <span class='ocrx_word' id='word_1_324' title='bbox 699 4394 985 4462; x_wconf 75' lang='grc' dir='ltr'>διαφυγεῖν</span> <span class='ocrx_word' id='word_1_325' title='bbox 1028 4393 1190 4458; x_wconf 73' lang='grc' dir='ltr'>αὐτὰ,</span> <span class='ocrx_word' id='word_1_326' title='bbox 1250 4395 1308 4446; x_wconf 75' lang='grc' dir='ltr'>οὐ</span> <span class='ocrx_word' id='word_1_327' title='bbox 1360 4394 1521 4461; x_wconf 80' lang='grc' dir='ltr'>φύσει</span> <span class='ocrx_word' id='word_1_328' title='bbox 1571 4397 1787 4459; x_wconf 69' lang='grc' dir='ltr'>πάντως</span> <span class='ocrx_word' id='word_1_329' title='bbox 1827 4398 1990 4452; x_wconf 86' lang='grc' dir='ltr'>εἰσίν.</span> 
     </span>
    </p>
   </div>
   <div class='ocr_carea' id='block_1_47' title="bbox 409 4490 2005 4554">
    <p class='ocr_par' dir='ltr' id='par_1_47' title="bbox 409 4490 2005 4554">
     <span class='ocr_line' id='line_1_47' title="bbox 409 4490 2005 4554; baseline 0.003 -12"><span class='ocrx_word' id='word_1_330' title='bbox 409 4493 531 4542; x_wconf 83' lang='grc' dir='ltr'>Ὅτι</span> <span class='ocrx_word' id='word_1_331' title='bbox 583 4491 639 4542; x_wconf 81' lang='grc' dir='ltr'>δὲ</span> <span class='ocrx_word' id='word_1_332' title='bbox 673 4492 771 4542; x_wconf 86' lang='grc' dir='ltr'><strong>οὐκ</strong></span> <span class='ocrx_word' id='word_1_333' title='bbox 802 4491 951 4542; x_wconf 82' lang='grc' dir='ltr'>ἔστιν</span> <span class='ocrx_word' id='word_1_334' title='bbox 1001 4490 1172 4552; x_wconf 82' lang='grc' dir='ltr'>αἴτιος</span> <span class='ocrx_word' id='word_1_335' title='bbox 1207 4491 1316 4542; x_wconf 79' lang='grc' dir='ltr'>τῶν</span> <span class='ocrx_word' id='word_1_336' title='bbox 1351 4492 1537 4544; x_wconf 81' lang='grc' dir='ltr'>κακῶν</span> <span class='ocrx_word' id='word_1_337' title='bbox 1573 4493 1600 4543; x_wconf 81' lang='lat'><strong>6</strong></span> <span class='ocrx_word' id='word_1_338' title='bbox 1627 4492 1756 4554; x_wconf 76' lang='grc' dir='ltr'>Θεὸς</span> <span class='ocrx_word' id='word_1_339' title='bbox 1785 4494 2005 4546; x_wconf 74' lang='grc' dir='ltr'>ἀπεδεί-</span> 
     </span>
    </p>
   </div>
   <div class='ocr_carea' id='block_1_48' title="bbox 408 4579 2004 4654">
    <p class='ocr_par' dir='ltr' id='par_1_48' title="bbox 408 4579 2004 4654">
     <span class='ocr_line' id='line_1_48' title="bbox 408 4579 2004 4654; baseline 0.003 -21"><span class='ocrx_word' id='word_1_340' title='bbox 408 4582 581 4652; x_wconf 82' lang='grc' dir='ltr'>ξαμεν</span> <span class='ocrx_word' id='word_1_341' title='bbox 608 4585 665 4636; x_wconf 83' lang='grc' dir='ltr'><strong>ἐν</strong></span> <span class='ocrx_word' id='word_1_342' title='bbox 699 4581 776 4651; x_wconf 82' lang='grc' dir='ltr'>τῷ</span> <span class='ocrx_word' id='word_1_343' title='bbox 802 4579 954 4634; x_wconf 82' lang='grc' dir='ltr'>κατὰ</span> <span class='ocrx_word' id='word_1_344' title='bbox 1019 4579 1139 4632; x_wconf 84' lang='grc' dir='ltr'>τῶν</span> <span class='ocrx_word' id='word_1_345' title='bbox 1195 4580 1656 4638; x_wconf 78' lang='grc' dir='ltr'>Μασσαλιανῶν</span> <span class='ocrx_word' id='word_1_346' title='bbox 1682 4583 1870 4654; x_wconf 86' lang='grc' dir='ltr'>τίτλῳ,</span> <span class='ocrx_word' id='word_1_347' title='bbox 1910 4588 2004 4638; x_wconf 78' lang='grc' dir='ltr'><strong>καὶ</strong></span> 
     </span>
    </p>
   </div>
   <div class='ocr_carea' id='block_1_49' title="bbox 405 4672 1193 4743">
    <p class='ocr_par' dir='ltr' id='par_1_49' title="bbox 405 4672 1193 4743">
     <span class='ocr_line' id='line_1_49' title="bbox 405 4672 1193 4743; baseline 0.001 -17"><span class='ocrx_word' id='word_1_348' title='bbox 405 4675 646 4743; x_wconf 84' lang='grc' dir='ltr'>ζήτησον</span> <span class='ocrx_word' id='word_1_349' title='bbox 672 4673 732 4725; x_wconf 79' lang='grc' dir='ltr'>τὸ</span> <span class='ocrx_word' id='word_1_350' title='bbox 765 4673 830 4736; x_wconf 73' lang='grc' dir='ltr'><strong>ιζ’</strong></span> <span class='ocrx_word' id='word_1_351' title='bbox 865 4672 1193 4741; x_wconf 76' lang='grc' dir='ltr'>κεφάλαιον.</span> 
     </span>
    </p>
   </div>
   <div class='ocr_carea' id='block_1_50' title="bbox 479 4766 2006 4838">
    <p class='ocr_par' dir='ltr' id='par_1_50' title="bbox 479 4766 2006 4838">
     <span class='ocr_line' id='line_1_50' title="bbox 479 4766 2006 4838; baseline 0.005 -22"><span class='ocrx_word' id='word_1_352' title='bbox 479 4767 739 4836; x_wconf 69' lang='grc' dir='ltr'>Φησὶνέν</span> <span class='ocrx_word' id='word_1_353' title='bbox 772 4766 850 4836; x_wconf 84' lang='grc' dir='ltr'>τῷ</span> <span class='ocrx_word' id='word_1_354' title='bbox 878 4767 1049 4834; x_wconf 85' lang='grc' dir='ltr'>ὀγδόῳ</span> <span class='ocrx_word' id='word_1_355' title='bbox 1073 4767 1183 4819; x_wconf 83' lang='grc' dir='ltr'><strong>τῶν</strong></span> <span class='ocrx_word' id='word_1_356' title='bbox 1206 4766 1489 4837; x_wconf 82' lang='grc' dir='ltr'>μυΟαρίων</span> <span class='ocrx_word' id='word_1_357' title='bbox 1526 4769 1692 4822; x_wconf 89' lang='grc' dir='ltr'>αὐτοῦ</span> <span class='ocrx_word' id='word_1_358' title='bbox 1716 4787 1729 4800; x_wconf 87' lang='grc'><strong>·</strong></span> <span class='ocrx_word' id='word_1_359' title='bbox 1769 4772 2006 4838; x_wconf 77' lang='grc' dir='ltr'><strong>«Λέγου-</strong></span> 
     </span>
    </p>
   </div>
   <div class='ocr_carea' id='block_1_51' title="bbox 377 4860 1997 4930">
    <p class='ocr_par' dir='ltr' id='par_1_51' title="bbox 377 4860 1997 4930">
     <span class='ocr_line' id='line_1_51' title="bbox 377 4860 1997 4930; baseline 0.006 -22"><span class='ocrx_word' id='word_1_360' title='bbox 377 4879 493 4913; x_wconf 81' lang='grc' dir='ltr'>.σιν</span> <span class='ocrx_word' id='word_1_361' title='bbox 514 4863 563 4915; x_wconf 77' lang='lat' dir='ltr'><strong>oi</strong></span> <span class='ocrx_word' id='word_1_362' title='bbox 597 4861 844 4913; x_wconf 83' lang='grc' dir='ltr'>Ἰουδαῖοι</span> <span class='ocrx_word' id='word_1_363' title='bbox 877 4875 892 4891; x_wconf 82' lang='lat'><strong><em>°</em></strong></span> <span class='ocrx_word' id='word_1_364' title='bbox 941 4860 999 4913; x_wconf 86' lang='grc' dir='ltr'>Ὀ</span> <span class='ocrx_word' id='word_1_365' title='bbox 1033 4860 1254 4930; x_wconf 83' lang='grc' dir='ltr'>Ἰσραήλ</span> <span class='ocrx_word' id='word_1_366' title='bbox 1302 4863 1452 4913; x_wconf 80' lang='grc' dir='ltr'>ἐστιν</span> <span class='ocrx_word' id='word_1_367' title='bbox 1487 4863 1514 4914; x_wconf 83' lang='lat'><strong>6</strong></span> <span class='ocrx_word' id='word_1_368' title='bbox 1551 4863 1665 4926; x_wconf 81' lang='grc' dir='ltr'>υίὸς</span> <span class='ocrx_word' id='word_1_369' title='bbox 1698 4864 1792 4917; x_wconf 82' lang='grc' dir='ltr'><strong>τοῦ</strong></span> <span class='ocrx_word' id='word_1_370' title='bbox 1831 4865 1997 4918; x_wconf 71' lang='grc' dir='ltr'>Θεοῦ·</span> 
     </span>
    </p>
   </div>
   <div class='ocr_carea' id='block_1_52' title="bbox 408 4951 2000 5020">
    <p class='ocr_par' dir='ltr' id='par_1_52' title="bbox 408 4951 2000 5020">
     <span class='ocr_line' id='line_1_52' title="bbox 408 4951 2000 5020; baseline 0.002 -16"><span class='ocrx_word' id='word_1_371' title='bbox 408 4953 504 5004; x_wconf 77' lang='grc' dir='ltr'>καὶ</span> <span class='ocrx_word' id='word_1_372' title='bbox 544 4951 798 5019; x_wconf 71' lang='grc' dir='ltr'>λέγουσιν</span> <span class='ocrx_word' id='word_1_373' title='bbox 826 4951 875 5001; x_wconf 78' lang='lat' dir='ltr'><strong>oi</strong></span> <span class='ocrx_word' id='word_1_374' title='bbox 929 4951 1276 5020; x_wconf 82' lang='grc' dir='ltr'>Χριστιανοὶ,</span> <span class='ocrx_word' id='word_1_375' title='bbox 1318 4953 1399 5003; x_wconf 82' lang='grc' dir='ltr'>ὅτι</span> <span class='ocrx_word' id='word_1_376' title='bbox 1443 4954 1470 5004; x_wconf 89' lang='grc' dir='ltr'><strong>ὀ</strong></span> <span class='ocrx_word' id='word_1_377' title='bbox 1500 4953 1740 5020; x_wconf 85' lang='grc' dir='ltr'>Χριστός</span> <span class='ocrx_word' id='word_1_378' title='bbox 1794 4955 1942 5007; x_wconf 87' lang='grc' dir='ltr'>ἐστιν</span> <span class='ocrx_word' id='word_1_379' title='bbox 1973 4955 2000 5006; x_wconf 88' lang='lat'><strong>6</strong></span> 
     </span>
    </p>
   </div>
   <div class='ocr_carea' id='block_1_53' title="bbox 408 5043 2001 5112">
    <p class='ocr_par' dir='ltr' id='par_1_53' title="bbox 408 5043 2001 5112">
     <span class='ocr_line' id='line_1_53' title="bbox 408 5043 2001 5112; baseline -0.001 -13"><span class='ocrx_word' id='word_1_380' title='bbox 408 5047 536 5110; x_wconf 79' lang='grc' dir='ltr'>Υἱὸς</span> <span class='ocrx_word' id='word_1_381' title='bbox 569 5045 661 5098; x_wconf 81' lang='grc' dir='ltr'><strong>τοῦ</strong></span> <span class='ocrx_word' id='word_1_382' title='bbox 703 5043 841 5096; x_wconf 83' lang='grc' dir='ltr'>Θεοῦ</span> <span class='ocrx_word' id='word_1_383' title='bbox 868 5059 882 5072; x_wconf 89' lang='grc'><strong>·</strong></span> <span class='ocrx_word' id='word_1_384' title='bbox 932 5043 1076 5095; x_wconf 83' lang='grc' dir='ltr'>τοῦτ’</span> <span class='ocrx_word' id='word_1_385' title='bbox 1109 5043 1258 5096; x_wconf 81' lang='grc' dir='ltr'>ἐστιν</span> <span class='ocrx_word' id='word_1_386' title='bbox 1286 5046 1314 5096; x_wconf 89' lang='grc' dir='ltr'><strong>ὀ</strong></span> <span class='ocrx_word' id='word_1_387' title='bbox 1349 5044 1507 5112; x_wconf 87' lang='grc' dir='ltr'>λόγος</span> <span class='ocrx_word' id='word_1_388' title='bbox 1559 5046 1743 5100; x_wconf 83' lang='grc' dir='ltr'>αὐτῶν</span> <span class='ocrx_word' id='word_1_389' title='bbox 1781 5047 1869 5100; x_wconf 78' lang='grc' dir='ltr'><strong>διὰ</strong></span> <span class='ocrx_word' id='word_1_390' title='bbox 1892 5047 2001 5099; x_wconf 82' lang='grc' dir='ltr'>τῶν</span> 
     </span>
    </p>
   </div>
   <div class='ocr_carea' id='block_1_54' title="bbox 411 5136 2003 5207">
    <p class='ocr_par' dir='ltr' id='par_1_54' title="bbox 411 5136 2003 5207">
     <span class='ocr_line' id='line_1_54' title="bbox 411 5136 2003 5207; baseline 0.003 -17"><span class='ocrx_word' id='word_1_391' title='bbox 411 5137 705 5207; x_wconf 80' lang='grc' dir='ltr'>στομάτων</span> <span class='ocrx_word' id='word_1_392' title='bbox 731 5136 912 5190; x_wconf 84' lang='grc' dir='ltr'>αὐτῶν</span> <span class='ocrx_word' id='word_1_393' title='bbox 939 5151 952 5164; x_wconf 83' lang='lat'><strong><em>°</em></strong></span> <span class='ocrx_word' id='word_1_394' title='bbox 979 5156 997 5188; x_wconf 74' lang='grc' dir='ltr'>ι</span> <span class='ocrx_word' id='word_1_395' title='bbox 1043 5138 1138 5189; x_wconf 74' lang='grc' dir='ltr'><strong>καὶ</strong></span> <span class='ocrx_word' id='word_1_396' title='bbox 1169 5137 1235 5190; x_wconf 75' lang='grc' dir='ltr'>τὰ</span> <span class='ocrx_word' id='word_1_397' title='bbox 1267 5138 1416 5207; x_wconf 74' lang='grc' dir='ltr'>ἑξῆς.</span> <span class='ocrx_word' id='word_1_398' title='bbox 1464 5138 1604 5192; x_wconf 67' lang='grc' dir='ltr'>Ἀλλ’</span> <span class='ocrx_word' id='word_1_399' title='bbox 1633 5140 1890 5206; x_wconf 78' lang='grc' dir='ltr'>ἄκουσον,</span> <span class='ocrx_word' id='word_1_400' title='bbox 1917 5141 2003 5194; x_wconf 85' lang='grc' dir='ltr'><strong>υἱέ</strong></span> 
     </span>
    </p>
   </div>
   <div class='ocr_carea' id='block_1_55' title="bbox 410 5230 2005 5304">
    <p class='ocr_par' dir='ltr' id='par_1_55' title="bbox 410 5230 2005 5304">
     <span class='ocr_line' id='line_1_55' title="bbox 410 5230 2005 5304; baseline 0.003 -21"><span class='ocrx_word' id='word_1_401' title='bbox 410 5230 503 5283; x_wconf 77' lang='grc' dir='ltr'><strong>τοῦ</strong></span> <span class='ocrx_word' id='word_1_402' title='bbox 543 5231 750 5301; x_wconf 77' lang='grc' dir='ltr'>πατρὸς</span> <span class='ocrx_word' id='word_1_403' title='bbox 782 5230 877 5284; x_wconf 87' lang='grc' dir='ltr'><strong>τοῦ</strong></span> <span class='ocrx_word' id='word_1_404' title='bbox 930 5230 1180 5299; x_wconf 73' lang='grc' dir='ltr'>ψεύδους.</span> <span class='ocrx_word' id='word_1_405' title='bbox 1226 5231 1472 5286; x_wconf 86' lang='grc' dir='ltr'>Ἰουδαῖοι</span> <span class='ocrx_word' id='word_1_406' title='bbox 1535 5234 1634 5302; x_wconf 83' lang='grc' dir='ltr'><strong>μὲν</strong></span> <span class='ocrx_word' id='word_1_407' title='bbox 1671 5236 1729 5286; x_wconf 80' lang='grc' dir='ltr'><strong>οὐ</strong></span> <span class='ocrx_word' id='word_1_408' title='bbox 1778 5237 2005 5304; x_wconf 83' lang='grc' dir='ltr'>γνήσιον</span> 
     </span>
    </p>
   </div>
   <div class='ocr_carea' id='block_1_56' title="bbox 413 5323 2004 5396">
    <p class='ocr_par' dir='ltr' id='par_1_56' title="bbox 413 5323 2004 5396">
     <span class='ocr_line' id='line_1_56' title="bbox 413 5323 2004 5396; baseline 0.001 -19"><span class='ocrx_word' id='word_1_409' title='bbox 413 5325 529 5378; x_wconf 76' lang='grc' dir='ltr'>υἱὸν</span> <span class='ocrx_word' id='word_1_410' title='bbox 558 5323 651 5376; x_wconf 87' lang='grc' dir='ltr'><strong>τοῦ</strong></span> <span class='ocrx_word' id='word_1_411' title='bbox 683 5323 820 5376; x_wconf 83' lang='grc' dir='ltr'>Θεοῦ</span> <span class='ocrx_word' id='word_1_412' title='bbox 852 5323 1070 5394; x_wconf 81' lang='grc' dir='ltr'>Ἰσραὴλ</span> <span class='ocrx_word' id='word_1_413' title='bbox 1109 5324 1497 5393; x_wconf 82' lang='grc' dir='ltr'>ὀνομάζουσιν,</span> <span class='ocrx_word' id='word_1_414' title='bbox 1536 5325 1657 5378; x_wconf 83' lang='grc' dir='ltr'>ἀλλ’</span> <span class='ocrx_word' id='word_1_415' title='bbox 1688 5327 1718 5396; x_wconf 83' lang='grc' dir='ltr'>ἢ</span> <span class='ocrx_word' id='word_1_416' title='bbox 1749 5325 1874 5379; x_wconf 85' lang='grc' dir='ltr'>ὅσον</span> <span class='ocrx_word' id='word_1_417' title='bbox 1896 5326 2004 5379; x_wconf 85' lang='grc' dir='ltr'>δεῖ-</span> 
     </span>
    </p>
   </div>
   <div class='ocr_carea' id='block_1_57' title="bbox 413 5415 2002 5489">
    <p class='ocr_par' dir='ltr' id='par_1_57' title="bbox 413 5415 2002 5489">
     <span class='ocr_line' id='line_1_57' title="bbox 413 5415 2002 5489; baseline 0.001 -20"><span class='ocrx_word' id='word_1_418' title='bbox 413 5419 500 5484; x_wconf 78' lang='grc' dir='ltr'><strong>ξαι</strong></span> <span class='ocrx_word' id='word_1_419' title='bbox 550 5418 651 5489; x_wconf 75' lang='grc' dir='ltr'><strong>τὴν</strong></span> <span class='ocrx_word' id='word_1_420' title='bbox 698 5418 837 5485; x_wconf 79' lang='grc' dir='ltr'>πρὸς</span> <span class='ocrx_word' id='word_1_421' title='bbox 887 5417 1087 5480; x_wconf 76' lang='grc' dir='ltr'>αὐτοὺς</span> <span class='ocrx_word' id='word_1_422' title='bbox 1130 5418 1226 5470; x_wconf 82' lang='grc' dir='ltr'><strong>τοῦ</strong></span> <span class='ocrx_word' id='word_1_423' title='bbox 1256 5415 1395 5469; x_wconf 87' lang='grc' dir='ltr'>Θεοῦ</span> <span class='ocrx_word' id='word_1_424' title='bbox 1458 5417 1699 5486; x_wconf 77' lang='grc' dir='ltr'>στοργήν</span> <span class='ocrx_word' id='word_1_425' title='bbox 1755 5417 1844 5470; x_wconf 82' lang='grc' dir='ltr'><strong>διὰ</strong></span> <span class='ocrx_word' id='word_1_426' title='bbox 1903 5417 2002 5489; x_wconf 83' lang='grc' dir='ltr'>τὴν</span> 
     </span>
    </p>
   </div>
   <div class='ocr_carea' id='block_1_58' title="bbox 419 5509 2002 5580">
    <p class='ocr_par' dir='ltr' id='par_1_58' title="bbox 419 5509 2002 5580">
     <span class='ocr_line' id='line_1_58' title="bbox 419 5509 2002 5580; baseline 0 -17"><span class='ocrx_word' id='word_1_427' title='bbox 419 5511 724 5580; x_wconf 75' lang='grc' dir='ltr'>προσοῦσαν</span> <span class='ocrx_word' id='word_1_428' title='bbox 779 5510 962 5573; x_wconf 84' lang='grc' dir='ltr'>αὐτοῖς</span> <span class='ocrx_word' id='word_1_429' title='bbox 1003 5509 1325 5563; x_wconf 74' lang='grc' dir='ltr'>εὐσέϐειαν·</span> <span class='ocrx_word' id='word_1_430' title='bbox 1382 5510 1430 5562; x_wconf 79' lang='lat' dir='ltr'><strong>oi</strong></span> <span class='ocrx_word' id='word_1_431' title='bbox 1480 5510 1536 5561; x_wconf 77' lang='grc' dir='ltr'><strong>δέ</strong></span> <span class='ocrx_word' id='word_1_432' title='bbox 1590 5527 1652 5577; x_wconf 91' lang='grc' dir='ltr'><strong>γε</strong></span> <span class='ocrx_word' id='word_1_433' title='bbox 1682 5510 2002 5578; x_wconf 77' lang='grc' dir='ltr'>Χριστιανοὶ</span> 
     </span>
    </p>
   </div>
   <div class='ocr_carea' id='block_1_59' title="bbox 415 5599 2002 5671">
    <p class='ocr_par' dir='ltr' id='par_1_59' title="bbox 415 5599 2002 5671">
     <span class='ocr_line' id='line_1_59' title="bbox 415 5599 2002 5671; baseline -0.003 -16"><span class='ocrx_word' id='word_1_434' title='bbox 415 5604 574 5670; x_wconf 76' lang='grc' dir='ltr'>φύσει</span> <span class='ocrx_word' id='word_1_435' title='bbox 606 5602 733 5653; x_wconf 79' lang='grc' dir='ltr'>Υίὸν</span> <span class='ocrx_word' id='word_1_436' title='bbox 751 5600 908 5663; x_wconf 87' lang='grc' dir='ltr'>Θεοῦ,</span> <span class='ocrx_word' id='word_1_437' title='bbox 944 5602 1034 5654; x_wconf 77' lang='grc' dir='ltr'>καὶ</span> <span class='ocrx_word' id='word_1_438' title='bbox 1064 5600 1354 5668; x_wconf 83' lang='grc' dir='ltr'>ὀμοούσιον</span> <span class='ocrx_word' id='word_1_439' title='bbox 1380 5599 1460 5668; x_wconf 84' lang='grc' dir='ltr'>τῷ</span> <span class='ocrx_word' id='word_1_440' title='bbox 1489 5599 1665 5671; x_wconf 79' lang='grc' dir='ltr'>Πατρὶ</span> <span class='ocrx_word' id='word_1_441' title='bbox 1686 5641 1700 5665; x_wconf 93' lang='grc'><strong>,</strong></span> <span class='ocrx_word' id='word_1_442' title='bbox 1732 5601 1873 5653; x_wconf 69' lang='grc' dir='ltr'>κατὰ</span> <span class='ocrx_word' id='word_1_443' title='bbox 1903 5603 2002 5670; x_wconf 78' lang='grc' dir='ltr'><strong>τὴν</strong></span> 
     </span>
    </p>
   </div>
   <div class='ocr_carea' id='block_1_60' title="bbox 414 5694 2002 5766">
    <p class='ocr_par' dir='ltr' id='par_1_60' title="bbox 414 5694 2002 5766">
     <span class='ocr_line' id='line_1_60' title="bbox 414 5694 2002 5766; baseline -0.003 -16"><span class='ocrx_word' id='word_1_444' title='bbox 414 5697 664 5766; x_wconf 79' lang='grc' dir='ltr'>Θεὸτητα,</span> <span class='ocrx_word' id='word_1_445' title='bbox 697 5695 788 5748; x_wconf 80' lang='grc' dir='ltr'><strong>τὸν</strong></span> <span class='ocrx_word' id='word_1_446' title='bbox 829 5695 1067 5766; x_wconf 85' lang='grc' dir='ltr'>Χριστὸν</span> <span class='ocrx_word' id='word_1_447' title='bbox 1095 5695 1470 5764; x_wconf 82' lang='grc' dir='ltr'>ὁμολογοῦσιν.</span> <span class='ocrx_word' id='word_1_448' title='bbox 1521 5695 1582 5748; x_wconf 73' lang='lat' dir='ltr'><strong>Et</strong></span> <span class='ocrx_word' id='word_1_449' title='bbox 1616 5694 1746 5765; x_wconf 81' lang='grc' dir='ltr'>γὰρ,</span> <span class='ocrx_word' id='word_1_450' title='bbox 1798 5694 1872 5757; x_wconf 84' lang='grc' dir='ltr'>ὼς</span> <span class='ocrx_word' id='word_1_451' title='bbox 1905 5695 2002 5746; x_wconf 71' lang='grc' dir='ltr'>αὐ-</span> 
     </span>
    </p>
   </div>
   <div class='ocr_carea' id='block_1_61' title="bbox 2112 631 3695 700">
    <p class='ocr_par' dir='ltr' id='par_1_61' title="bbox 2112 631 3695 700">
     <span class='ocr_line' id='line_1_61' title="bbox 2112 631 3695 700; baseline 0.007 -18"><span class='ocrx_word' id='word_1_452' title='bbox 2112 631 2368 695; x_wconf 71' lang='lat' dir='ltr'><strong>singulari</strong></span> <span class='ocrx_word' id='word_1_453' title='bbox 2409 631 2499 684; x_wconf 98' lang='lat' dir='ltr'><strong>Dei</strong></span> <span class='ocrx_word' id='word_1_454' title='bbox 2535 633 2746 685; x_wconf 83' lang='lat' dir='ltr'><strong>colendi</strong></span> <span class='ocrx_word' id='word_1_455' title='bbox 2778 635 3037 700; x_wconf 82' lang='lat' dir='ltr'><strong>religione</strong></span> <span class='ocrx_word' id='word_1_456' title='bbox 3079 651 3199 688; x_wconf 92' lang='lat' dir='ltr'><strong>esse</strong></span> <span class='ocrx_word' id='word_1_457' title='bbox 3225 640 3408 698; x_wconf 90' lang='lat' dir='ltr'><strong>docet;</strong></span> <span class='ocrx_word' id='word_1_458' title='bbox 3447 639 3536 692; x_wconf 87' lang='lat' dir='ltr'><strong>Dei</strong></span> <span class='ocrx_word' id='word_1_459' title='bbox 3601 657 3695 692; x_wconf 83' lang='lat' dir='ltr'><strong>au-</strong></span> 
     </span>
    </p>
   </div>
   <div class='ocr_carea' id='block_1_62' title="bbox 2108 725 3693 792">
    <p class='ocr_par' dir='ltr' id='par_1_62' title="bbox 2108 725 3693 792">
     <span class='ocr_line' id='line_1_62' title="bbox 2108 725 3693 792; baseline 0.01 -22"><span class='ocrx_word' id='word_1_460' title='bbox 2108 731 2210 772; x_wconf 86' lang='lat' dir='ltr'><strong>tem</strong></span> <span class='ocrx_word' id='word_1_461' title='bbox 2243 725 2464 775; x_wconf 89' lang='lat' dir='ltr'><strong>omnino</strong></span> <span class='ocrx_word' id='word_1_462' title='bbox 2516 726 2598 776; x_wconf 85' lang='lat' dir='ltr'><strong>sui</strong></span> <span class='ocrx_word' id='word_1_463' title='bbox 2632 734 2684 777; x_wconf 92' lang='lat' dir='ltr'><strong>et</strong></span> <span class='ocrx_word' id='word_1_464' title='bbox 2715 728 2940 792; x_wconf 78' lang='lat' dir='ltr'><strong>proprii.</strong></span> <span class='ocrx_word' id='word_1_465' title='bbox 2967 727 3107 789; x_wconf 88' lang='lat' dir='ltr'><strong>Quin</strong></span> <span class='ocrx_word' id='word_1_466' title='bbox 3137 730 3302 781; x_wconf 87' lang='lat' dir='ltr'><strong>etiam</strong></span> <span class='ocrx_word' id='word_1_467' title='bbox 3341 731 3426 783; x_wconf 90' lang='lat' dir='ltr'><strong>ille</strong></span> <span class='ocrx_word' id='word_1_468' title='bbox 3479 733 3693 786; x_wconf 76' lang='lat' dir='ltr'><strong>miseris</strong></span> 
     </span>
    </p>
   </div>
   <div class='ocr_carea' id='block_1_63' title="bbox 2105 813 3686 886">
    <p class='ocr_par' dir='ltr' id='par_1_63' title="bbox 2105 813 3686 886">
     <span class='ocr_line' id='line_1_63' title="bbox 2105 813 3686 886; baseline 0.007 -24"><span class='ocrx_word' id='word_1_469' title='bbox 2105 813 2209 865; x_wconf 84' lang='lat' dir='ltr'><strong>illis</strong></span> <span class='ocrx_word' id='word_1_470' title='bbox 2248 822 2344 866; x_wconf 87' lang='lat' dir='ltr'><strong>eta</strong></span> <span class='ocrx_word' id='word_1_471' title='bbox 2378 828 2436 866; x_wconf 87' lang='lat' dir='ltr'><strong>se</strong></span> <span class='ocrx_word' id='word_1_472' title='bbox 2475 816 2732 883; x_wconf 72' lang='lat' dir='ltr'><strong>deceptis,</strong></span> <span class='ocrx_word' id='word_1_473' title='bbox 2771 819 2819 867; x_wconf 91' lang='lat' dir='ltr'><strong>in</strong></span> <span class='ocrx_word' id='word_1_474' title='bbox 2858 820 3175 872; x_wconf 81' lang='lat' dir='ltr'><strong>exsecrabili</strong></span> <span class='ocrx_word' id='word_1_475' title='bbox 3238 822 3328 872; x_wconf 87' lang='lat' dir='ltr'><strong>illo</strong></span> <span class='ocrx_word' id='word_1_476' title='bbox 3390 824 3686 886; x_wconf 76' lang='lat' dir='ltr'><strong>tittlllit‘tlit),</strong></span> 
     </span>
    </p>
   </div>
   <div class='ocr_carea' id='block_1_64' title="bbox 2104 907 3688 973">
    <p class='ocr_par' dir='ltr' id='par_1_64' title="bbox 2104 907 3688 973">
     <span class='ocr_line' id='line_1_64' title="bbox 2104 907 3688 973; baseline 0.003 -16"><span class='ocrx_word' id='word_1_477' title='bbox 2104 907 2246 972; x_wconf 87' lang='lat' dir='ltr'><strong>quod</strong></span> <span class='ocrx_word' id='word_1_478' title='bbox 2271 907 2674 973; x_wconf 88' lang='lat' dir='ltr'><strong>precationilms</strong></span> <span class='ocrx_word' id='word_1_479' title='bbox 2699 909 3054 971; x_wconf 87' lang='lat' dir='ltr'><strong>destinatum,</strong></span> <span class='ocrx_word' id='word_1_480' title='bbox 3094 912 3305 970; x_wconf 88' lang='lat' dir='ltr'><strong>adesse.</strong></span> <span class='ocrx_word' id='word_1_481' title='bbox 3341 921 3393 963; x_wconf 83' lang='lat' dir='ltr'><strong>et</strong></span> <span class='ocrx_word' id='word_1_482' title='bbox 3426 914 3474 964; x_wconf 92' lang='lat' dir='ltr'><strong>in</strong></span> <span class='ocrx_word' id='word_1_483' title='bbox 3502 916 3688 964; x_wconf 86' lang='lat' dir='ltr'><strong>orhcm</strong></span> 
     </span>
    </p>
   </div>
   <div class='ocr_carea' id='block_1_65' title="bbox 2103 997 3688 1071">
    <p class='ocr_par' dir='ltr' id='par_1_65' title="bbox 2103 997 3688 1071">
     <span class='ocr_line' id='line_1_65' title="bbox 2103 997 3688 1071; baseline 0.003 -23"><span class='ocrx_word' id='word_1_484' title='bbox 2103 997 2231 1049; x_wconf 92' lang='lat' dir='ltr'><strong>illud</strong></span> <span class='ocrx_word' id='word_1_485' title='bbox 2264 999 2497 1052; x_wconf 88' lang='lat' dir='ltr'><strong>circuire</strong></span> <span class='ocrx_word' id='word_1_486' title='bbox 2522 1000 2712 1066; x_wconf 87' lang='lat' dir='ltr'><strong>jubet;</strong></span> <span class='ocrx_word' id='word_1_487' title='bbox 2752 1011 2802 1054; x_wconf 87' lang='lat' dir='ltr'><strong>et</strong></span> <span class='ocrx_word' id='word_1_488' title='bbox 2834 1005 3306 1068; x_wconf 75' lang='lat' dir='ltr'><strong>(quemadmmlnm</strong></span> <span class='ocrx_word' id='word_1_489' title='bbox 3341 1021 3437 1070; x_wconf 80' lang='lat' dir='ltr'><strong>ego</strong></span> <span class='ocrx_word' id='word_1_490' title='bbox 3463 1021 3523 1056; x_wconf 76' lang='lat' dir='ltr'><strong>ex</strong></span> <span class='ocrx_word' id='word_1_491' title='bbox 3553 1024 3688 1071; x_wconf 76' lang='lat' dir='ltr'><strong>qun-</strong></span> 
     </span>
    </p>
   </div>
   <div class='ocr_carea' id='block_1_66' title="bbox 2101 1087 3693 1160">
    <p class='ocr_par' dir='ltr' id='par_1_66' title="bbox 2101 1087 3693 1160">
     <span class='ocr_line' id='line_1_66' title="bbox 2101 1087 3693 1160; baseline 0.005 -22"><span class='ocrx_word' id='word_1_492' title='bbox 2101 1087 2223 1138; x_wconf 87' lang='lat' dir='ltr'><strong>dam</strong></span> <span class='ocrx_word' id='word_1_493' title='bbox 2251 1089 2416 1155; x_wconf 89' lang='lat' dir='ltr'><strong>ipsius</strong></span> <span class='ocrx_word' id='word_1_494' title='bbox 2433 1090 2834 1155; x_wconf 86' lang='lat' dir='ltr'><strong>discipulorum,</strong></span> <span class='ocrx_word' id='word_1_495' title='bbox 2858 1093 2944 1159; x_wconf 89' lang='lat' dir='ltr'><strong>qui</strong></span> <span class='ocrx_word' id='word_1_496' title='bbox 2975 1093 3482 1147; x_wconf 80' lang='lat' dir='ltr'><strong>:nlChristianormn</strong></span> <span class='ocrx_word' id='word_1_497' title='bbox 3515 1111 3693 1160; x_wconf 82' lang='lat' dir='ltr'><strong>partes</strong></span> 
     </span>
    </p>
   </div>
   <div class='ocr_carea' id='block_1_67' title="bbox 2104 1179 3692 1250">
    <p class='ocr_par' dir='ltr' id='par_1_67' title="bbox 2104 1179 3692 1250">
     <span class='ocr_line' id='line_1_67' title="bbox 2104 1179 3692 1250; baseline 0.004 -20"><span class='ocrx_word' id='word_1_498' title='bbox 2104 1179 2338 1240; x_wconf 83' lang='lat' dir='ltr'><strong>transiit,</strong></span> <span class='ocrx_word' id='word_1_499' title='bbox 2375 1181 2633 1245; x_wconf 80' lang='lat' dir='ltr'><strong>intellexi)</strong></span> <span class='ocrx_word' id='word_1_500' title='bbox 2669 1190 2842 1234; x_wconf 86' lang='lat' dir='ltr'><strong>statua</strong></span> <span class='ocrx_word' id='word_1_501' title='bbox 2881 1185 3125 1249; x_wconf 66' lang='lat' dir='ltr'><strong>quxdam</strong></span> <span class='ocrx_word' id='word_1_502' title='bbox 3157 1186 3364 1250; x_wconf 84' lang='lat' dir='ltr'><strong>lapidea</strong></span> <span class='ocrx_word' id='word_1_503' title='bbox 3395 1200 3574 1237; x_wconf 79' lang='lat' dir='ltr'><strong>erecta</strong></span> <span class='ocrx_word' id='word_1_504' title='bbox 3606 1181 3692 1237; x_wconf 61' lang='lat' dir='ltr'><strong>est</strong></span> 
     </span>
    </p>
   </div>
   <div class='ocr_carea' id='block_1_68' title="bbox 2102 1269 3689 1340">
    <p class='ocr_par' dir='ltr' id='par_1_68' title="bbox 2102 1269 3689 1340">
     <span class='ocr_line' id='line_1_68' title="bbox 2102 1269 3689 1340; baseline 0.006 -19"><span class='ocrx_word' id='word_1_505' title='bbox 2102 1271 2156 1321; x_wconf 83' lang='lat' dir='ltr'><strong>in</strong></span> <span class='ocrx_word' id='word_1_506' title='bbox 2194 1269 2368 1322; x_wconf 87' lang='lat' dir='ltr'><strong>medio</strong></span> <span class='ocrx_word' id='word_1_507' title='bbox 2393 1271 2680 1332; x_wconf 84' lang='lat' dir='ltr'><strong>domicilii,</strong></span> <span class='ocrx_word' id='word_1_508' title='bbox 2707 1283 2758 1324; x_wconf 90' lang='lat' dir='ltr'><strong>et</strong></span> <span class='ocrx_word' id='word_1_509' title='bbox 2811 1275 2898 1340; x_wconf 89' lang='lat' dir='ltr'><strong>qui</strong></span> <span class='ocrx_word' id='word_1_510' title='bbox 2959 1275 3286 1328; x_wconf 74' lang='lat' dir='ltr'><strong>dzemoniaca</strong></span> <span class='ocrx_word' id='word_1_511' title='bbox 3316 1278 3400 1328; x_wconf 82' lang='lat' dir='ltr'><strong>illa</strong></span> <span class='ocrx_word' id='word_1_512' title='bbox 3448 1281 3689 1331; x_wconf 80' lang='lat' dir='ltr'><strong>mandati</strong></span> 
     </span>
    </p>
   </div>
   <div class='ocr_carea' id='block_1_69' title="bbox 2107 1361 3688 1431">
    <p class='ocr_par' dir='ltr' id='par_1_69' title="bbox 2107 1361 3688 1431">
     <span class='ocr_line' id='line_1_69' title="bbox 2107 1361 3688 1431; baseline 0.004 -19"><span class='ocrx_word' id='word_1_513' title='bbox 2107 1361 2270 1413; x_wconf 78' lang='lat' dir='ltr'><strong>istius</strong></span> <span class='ocrx_word' id='word_1_514' title='bbox 2300 1364 2513 1414; x_wconf 75' lang='lat' dir='ltr'><strong>actione</strong></span> <span class='ocrx_word' id='word_1_515' title='bbox 2545 1363 2929 1431; x_wconf 59' lang='lat' dir='ltr'><strong>diiunguntur,</strong></span> <span class='ocrx_word' id='word_1_516' title='bbox 2985 1367 3198 1418; x_wconf 67' lang='lat' dir='ltr'><strong>misi-ris</strong></span> <span class='ocrx_word' id='word_1_517' title='bbox 3253 1371 3361 1419; x_wconf 86' lang='lat' dir='ltr'><strong>suis</strong></span> <span class='ocrx_word' id='word_1_518' title='bbox 3389 1371 3688 1419; x_wconf 72' lang='lat' dir='ltr'><strong>cervicibus</strong></span> 
     </span>
    </p>
   </div>
   <div class='ocr_carea' id='block_1_70' title="bbox 2101 1452 3686 1526">
    <p class='ocr_par' dir='ltr' id='par_1_70' title="bbox 2101 1452 3686 1526">
     <span class='ocr_line' id='line_1_70' title="bbox 2101 1452 3686 1526; baseline 0.004 -23"><span class='ocrx_word' id='word_1_519' title='bbox 2101 1452 2394 1514; x_wconf 73' lang='lat' dir='ltr'><strong>inclinatis,</strong></span> <span class='ocrx_word' id='word_1_520' title='bbox 2449 1454 2618 1504; x_wconf 83' lang='lat' dir='ltr'><strong>altera</strong></span> <span class='ocrx_word' id='word_1_521' title='bbox 2683 1471 2842 1506; x_wconf 91' lang='lat' dir='ltr'><strong>manu</strong></span> <span class='ocrx_word' id='word_1_522' title='bbox 2874 1473 3086 1507; x_wconf 88' lang='lat' dir='ltr'><strong>sursum</strong></span> <span class='ocrx_word' id='word_1_523' title='bbox 3146 1461 3210 1508; x_wconf 85' lang='lat' dir='ltr'><strong>ad</strong></span> <span class='ocrx_word' id='word_1_524' title='bbox 3262 1459 3433 1526; x_wconf 82' lang='lat' dir='ltr'><strong>ipsam</strong></span> <span class='ocrx_word' id='word_1_525' title='bbox 3484 1474 3686 1522; x_wconf 84' lang='lat' dir='ltr'><strong>creeta,</strong></span> 
     </span>
    </p>
   </div>
   <div class='ocr_carea' id='block_1_71' title="bbox 2101 1543 3686 1608">
    <p class='ocr_par' dir='ltr' id='par_1_71' title="bbox 2101 1543 3686 1608">
     <span class='ocr_line' id='line_1_71' title="bbox 2101 1543 3686 1608; baseline 0.006 -16"><span class='ocrx_word' id='word_1_526' title='bbox 2101 1543 2267 1594; x_wconf 77' lang='lat' dir='ltr'><strong>altera</strong></span> <span class='ocrx_word' id='word_1_527' title='bbox 2330 1552 2505 1596; x_wconf 86' lang='lat' dir='ltr'><strong>autem</strong></span> <span class='ocrx_word' id='word_1_528' title='bbox 2568 1555 2832 1605; x_wconf 83' lang='lat' dir='ltr'><strong>tenentes,</strong></span> <span class='ocrx_word' id='word_1_529' title='bbox 2894 1548 3276 1608; x_wconf 81' lang='lat' dir='ltr'><strong>circumeunt,</strong></span> <span class='ocrx_word' id='word_1_530' title='bbox 3343 1552 3512 1601; x_wconf 67' lang='lat' dir='ltr'><strong>donec</strong></span> <span class='ocrx_word' id='word_1_531' title='bbox 3569 1567 3686 1601; x_wconf 66' lang='lat' dir='ltr'><strong>ver-</strong></span> 
     </span>
    </p>
   </div>
   <div class='ocr_carea' id='block_1_72' title="bbox 2100 1635 3688 1706">
    <p class='ocr_par' dir='ltr' id='par_1_72' title="bbox 2100 1635 3688 1706">
     <span class='ocr_line' id='line_1_72' title="bbox 2100 1635 3688 1706; baseline 0.004 -21"><span class='ocrx_word' id='word_1_532' title='bbox 2100 1635 2265 1702; x_wconf 71' lang='lat' dir='ltr'><strong>tigine</strong></span> <span class='ocrx_word' id='word_1_533' title='bbox 2301 1636 2530 1703; x_wconf 89' lang='lat' dir='ltr'><strong>correpti</strong></span> <span class='ocrx_word' id='word_1_534' title='bbox 2561 1637 2868 1689; x_wconf 90' lang='lat' dir='ltr'><strong>concidant.</strong></span> <span class='ocrx_word' id='word_1_535' title='bbox 2932 1639 3216 1694; x_wconf 79' lang='lat' dir='ltr'><strong>Enimvero</strong></span> <span class='ocrx_word' id='word_1_536' title='bbox 3259 1643 3387 1706; x_wconf 90' lang='lat' dir='ltr'><strong>quid</strong></span> <span class='ocrx_word' id='word_1_537' title='bbox 3415 1643 3503 1696; x_wconf 90' lang='lat' dir='ltr'><strong>hic</strong></span> <span class='ocrx_word' id='word_1_538' title='bbox 3544 1643 3688 1694; x_wconf 77' lang='lat' dir='ltr'><strong>aliud</strong></span> 
     </span>
    </p>
   </div>
   <div class='ocr_carea' id='block_1_73' title="bbox 2099 1729 3308 1797">
    <p class='ocr_par' dir='ltr' id='par_1_73' title="bbox 2099 1729 3308 1797">
     <span class='ocr_line' id='line_1_73' title="bbox 2099 1729 3308 1797; baseline 0.007 -22"><span class='ocrx_word' id='word_1_539' title='bbox 2099 1741 2258 1792; x_wconf 89' lang='lat' dir='ltr'><strong>quam</strong></span> <span class='ocrx_word' id='word_1_540' title='bbox 2285 1735 2518 1780; x_wconf 80' lang='lat' dir='ltr'><strong>statuam</strong></span> <span class='ocrx_word' id='word_1_541' title='bbox 2543 1729 2718 1781; x_wconf 87' lang='lat' dir='ltr'><strong>colere</strong></span> <span class='ocrx_word' id='word_1_542' title='bbox 2764 1732 2914 1797; x_wconf 88' lang='lat' dir='ltr'><strong>quasi</strong></span> <span class='ocrx_word' id='word_1_543' title='bbox 2947 1731 3058 1796; x_wconf 65' lang='lat' dir='ltr'><strong>lege</strong></span> <span class='ocrx_word' id='word_1_544' title='bbox 3083 1733 3308 1784; x_wconf 74' lang='lat' dir='ltr'><strong>sanxit?</strong></span> 
     </span>
    </p>
   </div>
   <div class='ocr_carea' id='block_1_74' title="bbox 2173 1819 3694 1894">
    <p class='ocr_par' dir='ltr' id='par_1_74' title="bbox 2173 1819 3694 1894">
     <span class='ocr_line' id='line_1_74' title="bbox 2173 1819 3694 1894; baseline 0.007 -24"><span class='ocrx_word' id='word_1_545' title='bbox 2173 1819 2227 1872; x_wconf 93' lang='lat'><strong>9.</strong></span> <span class='ocrx_word' id='word_1_546' title='bbox 2265 1819 2361 1871; x_wconf 89' lang='lat' dir='ltr'><strong>llic</strong></span> <span class='ocrx_word' id='word_1_547' title='bbox 2392 1821 2612 1887; x_wconf 84' lang='lat' dir='ltr'><strong>quidem</strong></span> <span class='ocrx_word' id='word_1_548' title='bbox 2639 1821 2902 1873; x_wconf 86' lang='lat' dir='ltr'><strong>Moameth</strong></span> <span class='ocrx_word' id='word_1_549' title='bbox 2941 1824 3064 1874; x_wconf 90' lang='lat' dir='ltr'><strong>licet</strong></span> <span class='ocrx_word' id='word_1_550' title='bbox 3093 1835 3228 1877; x_wconf 87' lang='lat' dir='ltr'><strong>esset</strong></span> <span class='ocrx_word' id='word_1_551' title='bbox 3285 1827 3432 1878; x_wconf 89' lang='lat' dir='ltr'><strong>rudis</strong></span> <span class='ocrx_word' id='word_1_552' title='bbox 3463 1836 3512 1879; x_wconf 84' lang='lat' dir='ltr'><strong>ct</strong></span> <span class='ocrx_word' id='word_1_553' title='bbox 3537 1843 3694 1894; x_wconf 81' lang='lat' dir='ltr'><strong>agre-</strong></span> 
     </span>
    </p>
   </div>
   <div class='ocr_carea' id='block_1_75' title="bbox 2107 1912 3693 1986">
    <p class='ocr_par' dir='ltr' id='par_1_75' title="bbox 2107 1912 3693 1986">
     <span class='ocr_line' id='line_1_75' title="bbox 2107 1912 3693 1986; baseline 0.003 -20"><span class='ocrx_word' id='word_1_554' title='bbox 2107 1912 2206 1966; x_wconf 76' lang='lat' dir='ltr'><strong>stis</strong></span> <span class='ocrx_word' id='word_1_555' title='bbox 2232 1915 2414 1977; x_wconf 86' lang='lat' dir='ltr'><strong>homo,</strong></span> <span class='ocrx_word' id='word_1_556' title='bbox 2449 1924 2625 1966; x_wconf 87' lang='lat' dir='ltr'><strong>tamen</strong></span> <span class='ocrx_word' id='word_1_557' title='bbox 2651 1926 2862 1966; x_wconf 77' lang='lat' dir='ltr'><strong>centum</strong></span> <span class='ocrx_word' id='word_1_558' title='bbox 2888 1927 2939 1967; x_wconf 87' lang='lat' dir='ltr'><strong>et</strong></span> <span class='ocrx_word' id='word_1_559' title='bbox 2972 1918 3225 1969; x_wconf 77' lang='lat' dir='ltr'><strong>tredecim</strong></span> <span class='ocrx_word' id='word_1_560' title='bbox 3259 1920 3581 1986; x_wconf 73' lang='lat' dir='ltr'><strong>conscripsit</strong></span> <span class='ocrx_word' id='word_1_561' title='bbox 3616 1919 3693 1971; x_wconf 78' lang='lat' dir='ltr'><strong>fa-</strong></span> 
     </span>
    </p>
   </div>
   <div class='ocr_carea' id='block_1_76' title="bbox 2101 2005 3690 2076">
    <p class='ocr_par' dir='ltr' id='par_1_76' title="bbox 2101 2005 3690 2076">
     <span class='ocr_line' id='line_1_76' title="bbox 2101 2005 3690 2076; baseline 0.006 -20"><span class='ocrx_word' id='word_1_562' title='bbox 2101 2005 2350 2068; x_wconf 82' lang='lat' dir='ltr'><strong>bellas,el</strong></span> <span class='ocrx_word' id='word_1_563' title='bbox 2383 2007 2676 2072; x_wconf 79' lang='lat' dir='ltr'><strong>unicuique</strong></span> <span class='ocrx_word' id='word_1_564' title='bbox 2702 2008 2891 2058; x_wconf 89' lang='lat' dir='ltr'><strong>harum</strong></span> <span class='ocrx_word' id='word_1_565' title='bbox 2922 2007 3141 2071; x_wconf 66' lang='lat' dir='ltr'><strong>dignum</strong></span> <span class='ocrx_word' id='word_1_566' title='bbox 3194 2013 3462 2076; x_wconf 80' lang='lat' dir='ltr'><strong>quoddam</strong></span> <span class='ocrx_word' id='word_1_567' title='bbox 3499 2026 3690 2064; x_wconf 75' lang='lat' dir='ltr'><strong>nomen</strong></span> 
     </span>
    </p>
   </div>
   <div class='ocr_carea' id='block_1_77' title="bbox 2103 2098 3688 2168">
    <p class='ocr_par' dir='ltr' id='par_1_77' title="bbox 2103 2098 3688 2168">
     <span class='ocr_line' id='line_1_77' title="bbox 2103 2098 3688 2168; baseline 0.003 -18"><span class='ocrx_word' id='word_1_568' title='bbox 2103 2098 2204 2151; x_wconf 85' lang='lat' dir='ltr'><strong>hac</strong></span> <span class='ocrx_word' id='word_1_569' title='bbox 2243 2113 2342 2151; x_wconf 85' lang='lat' dir='ltr'><strong>sua</strong></span> <span class='ocrx_word' id='word_1_570' title='bbox 2395 2098 2614 2150; x_wconf 81' lang='lat' dir='ltr'><strong>inscitia</strong></span> <span class='ocrx_word' id='word_1_571' title='bbox 2646 2099 2858 2151; x_wconf 87' lang='lat' dir='ltr'><strong>indidit.</strong></span> <span class='ocrx_word' id='word_1_572' title='bbox 2897 2099 3138 2162; x_wconf 80' lang='lat' dir='ltr'><strong>Quarum</strong></span> <span class='ocrx_word' id='word_1_573' title='bbox 3175 2103 3386 2168; x_wconf 85' lang='lat' dir='ltr'><strong>quidem</strong></span> <span class='ocrx_word' id='word_1_574' title='bbox 3450 2109 3688 2155; x_wconf 84' lang='lat' dir='ltr'><strong>omnium</strong></span> 
     </span>
    </p>
   </div>
   <div class='ocr_carea' id='block_1_78' title="bbox 2103 2189 3690 2257">
    <p class='ocr_par' dir='ltr' id='par_1_78' title="bbox 2103 2189 3690 2257">
     <span class='ocr_line' id='line_1_78' title="bbox 2103 2189 3690 2257; baseline 0.006 -17"><span class='ocrx_word' id='word_1_575' title='bbox 2103 2189 2467 2256; x_wconf 82' lang='lat' dir='ltr'><strong>impuritatem</strong></span> <span class='ocrx_word' id='word_1_576' title='bbox 2500 2200 2553 2243; x_wconf 90' lang='lat' dir='ltr'><strong>et</strong></span> <span class='ocrx_word' id='word_1_577' title='bbox 2587 2207 2757 2257; x_wconf 81' lang='lat' dir='ltr'><strong>nugas</strong></span> <span class='ocrx_word' id='word_1_578' title='bbox 2787 2191 3101 2245; x_wconf 78' lang='lat' dir='ltr'><strong>manifestas</strong></span> <span class='ocrx_word' id='word_1_579' title='bbox 3127 2205 3179 2245; x_wconf 83' lang='lat' dir='ltr'><strong>et</strong></span> <span class='ocrx_word' id='word_1_580' title='bbox 3208 2211 3489 2248; x_wconf 81' lang='lat' dir='ltr'><strong>recensere</strong></span> <span class='ocrx_word' id='word_1_581' title='bbox 3520 2211 3572 2248; x_wconf 89' lang='lat' dir='ltr'><strong>et</strong></span> <span class='ocrx_word' id='word_1_582' title='bbox 3608 2214 3690 2249; x_wconf 88' lang='lat' dir='ltr'><strong>re-</strong></span> 
     </span>
    </p>
   </div>
   <div class='ocr_carea' id='block_1_79' title="bbox 2101 2281 3692 2359">
    <p class='ocr_par' dir='ltr' id='par_1_79' title="bbox 2101 2281 3692 2359">
     <span class='ocr_line' id='line_1_79' title="bbox 2101 2281 3692 2359; baseline 0.006 -26"><span class='ocrx_word' id='word_1_583' title='bbox 2101 2281 2287 2334; x_wconf 80' lang='lat' dir='ltr'><strong>fellere</strong></span> <span class='ocrx_word' id='word_1_584' title='bbox 2313 2281 2444 2349; x_wconf 89' lang='lat' dir='ltr'><strong>quid</strong></span> <span class='ocrx_word' id='word_1_585' title='bbox 2475 2282 2621 2336; x_wconf 83' lang='lat' dir='ltr'><strong>aliud</strong></span> <span class='ocrx_word' id='word_1_586' title='bbox 2657 2281 2854 2348; x_wconf 80' lang='lat' dir='ltr'><strong>fuerit,</strong></span> <span class='ocrx_word' id='word_1_587' title='bbox 2894 2300 3056 2353; x_wconf 85' lang='lat' dir='ltr'><strong>quam</strong></span> <span class='ocrx_word' id='word_1_588' title='bbox 3089 2302 3210 2338; x_wconf 81' lang='lat' dir='ltr'><strong>(‘Um</strong></span> <span class='ocrx_word' id='word_1_589' title='bbox 3249 2287 3478 2340; x_wconf 82' lang='lat' dir='ltr'><strong>llcrcule</strong></span> <span class='ocrx_word' id='word_1_590' title='bbox 3512 2292 3692 2359; x_wconf 73' lang='lat' dir='ltr'><strong>Angia:</strong></span> 
     </span>
    </p>
   </div>
   <div class='ocr_carea' id='block_1_80' title="bbox 2100 2376 3690 2452">
    <p class='ocr_par' dir='ltr' id='par_1_80' title="bbox 2100 2376 3690 2452">
     <span class='ocr_line' id='line_1_80' title="bbox 2100 2376 3690 2452; baseline 0.003 -22"><span class='ocrx_word' id='word_1_591' title='bbox 2100 2376 2369 2431; x_wconf 89' lang='lat' dir='ltr'><strong>stabulum</strong></span> <span class='ocrx_word' id='word_1_592' title='bbox 2399 2391 2582 2447; x_wconf 77' lang='lat' dir='ltr'><strong>egesto</strong></span> <span class='ocrx_word' id='word_1_593' title='bbox 2610 2389 2851 2434; x_wconf 77' lang='lat' dir='ltr'><strong>stercore</strong></span> <span class='ocrx_word' id='word_1_594' title='bbox 2889 2381 3151 2448; x_wconf 74' lang='lat' dir='ltr'><strong>purgare?</strong></span> <span class='ocrx_word' id='word_1_595' title='bbox 3190 2381 3476 2448; x_wconf 80' lang='lat' dir='ltr'><strong>Reliquum</strong></span> <span class='ocrx_word' id='word_1_596' title='bbox 3528 2385 3690 2452; x_wconf 76' lang='lat' dir='ltr'><strong>igitur</strong></span> 
     </span>
    </p>
   </div>
   <div class='ocr_carea' id='block_1_81' title="bbox 2101 2471 3696 2540">
    <p class='ocr_par' dir='ltr' id='par_1_81' title="bbox 2101 2471 3696 2540">
     <span class='ocr_line' id='line_1_81' title="bbox 2101 2471 3696 2540; baseline 0.006 -22"><span class='ocrx_word' id='word_1_597' title='bbox 2101 2471 2288 2534; x_wconf 83' lang='lat' dir='ltr'><strong>fuerit,</strong></span> <span class='ocrx_word' id='word_1_598' title='bbox 2316 2471 2434 2526; x_wconf 88' lang='lat' dir='ltr'><strong>aliis</strong></span> <span class='ocrx_word' id='word_1_599' title='bbox 2457 2474 2767 2540; x_wconf 71' lang='lat' dir='ltr'><strong>praeteritis,</strong></span> <span class='ocrx_word' id='word_1_600' title='bbox 2797 2477 2982 2540; x_wconf 80' lang='lat' dir='ltr'><strong>paucis</strong></span> <span class='ocrx_word' id='word_1_601' title='bbox 3011 2490 3194 2527; x_wconf 86' lang='lat' dir='ltr'><strong>eorum</strong></span> <span class='ocrx_word' id='word_1_602' title='bbox 3217 2475 3481 2528; x_wconf 78' lang='lat' dir='ltr'><strong>duntaxat</strong></span> <span class='ocrx_word' id='word_1_603' title='bbox 3507 2479 3696 2529; x_wconf 80' lang='lat' dir='ltr'><strong>memi-</strong></span> 
     </span>
    </p>
   </div>
   <div class='ocr_carea' id='block_1_82' title="bbox 2102 2564 3699 2634">
    <p class='ocr_par' dir='ltr' id='par_1_82' title="bbox 2102 2564 3699 2634">
     <span class='ocr_line' id='line_1_82' title="bbox 2102 2564 3699 2634; baseline 0.003 -18"><span class='ocrx_word' id='word_1_604' title='bbox 2102 2564 2268 2627; x_wconf 87' lang='lat' dir='ltr'><strong>nisse,</strong></span> <span class='ocrx_word' id='word_1_605' title='bbox 2287 2581 2406 2632; x_wconf 65' lang='lat' dir='ltr'><strong>qum</strong></span> <span class='ocrx_word' id='word_1_606' title='bbox 2442 2567 2666 2634; x_wconf 83' lang='lat' dir='ltr'><strong>majoris</strong></span> <span class='ocrx_word' id='word_1_607' title='bbox 2694 2567 2952 2619; x_wconf 89' lang='lat' dir='ltr'><strong>momenti</strong></span> <span class='ocrx_word' id='word_1_608' title='bbox 2979 2577 3123 2631; x_wconf 90' lang='lat' dir='ltr'><strong>sunt,</strong></span> <span class='ocrx_word' id='word_1_609' title='bbox 3147 2578 3199 2620; x_wconf 89' lang='lat' dir='ltr'><strong>et</strong></span> <span class='ocrx_word' id='word_1_610' title='bbox 3227 2570 3289 2620; x_wconf 87' lang='lat' dir='ltr'><strong>ad</strong></span> <span class='ocrx_word' id='word_1_611' title='bbox 3327 2579 3470 2621; x_wconf 91' lang='lat' dir='ltr'><strong>recte</strong></span> <span class='ocrx_word' id='word_1_612' title='bbox 3500 2585 3699 2634; x_wconf 73' lang='lat' dir='ltr'><strong>cogno-</strong></span> 
     </span>
    </p>
   </div>
   <div class='ocr_carea' id='block_1_83' title="bbox 2100 2654 3693 2725">
    <p class='ocr_par' dir='ltr' id='par_1_83' title="bbox 2100 2654 3693 2725">
     <span class='ocr_line' id='line_1_83' title="bbox 2100 2654 3693 2725; baseline 0.001 -18"><span class='ocrx_word' id='word_1_613' title='bbox 2100 2654 2379 2717; x_wconf 83' lang='lat' dir='ltr'><strong>scendam,</strong></span> <span class='ocrx_word' id='word_1_614' title='bbox 2409 2666 2461 2707; x_wconf 91' lang='lat' dir='ltr'><strong>et</strong></span> <span class='ocrx_word' id='word_1_615' title='bbox 2511 2656 2574 2708; x_wconf 89' lang='lat' dir='ltr'><strong>ad</strong></span> <span class='ocrx_word' id='word_1_616' title='bbox 2619 2657 2979 2708; x_wconf 75' lang='lat' dir='ltr'><strong>damnandam</strong></span> <span class='ocrx_word' id='word_1_617' title='bbox 3021 2667 3230 2710; x_wconf 88' lang='lat' dir='ltr'><strong>sectam</strong></span> <span class='ocrx_word' id='word_1_618' title='bbox 3281 2661 3693 2725; x_wconf 75' lang='lat' dir='ltr'><strong>exsecrabilem_</strong></span> 
     </span>
    </p>
   </div>
   <div class='ocr_carea' id='block_1_84' title="bbox 2176 2744 3696 2816">
    <p class='ocr_par' dir='ltr' id='par_1_84' title="bbox 2176 2744 3696 2816">
     <span class='ocr_line' id='line_1_84' title="bbox 2176 2744 3696 2816; baseline 0.006 -20"><span class='ocrx_word' id='word_1_619' title='bbox 2176 2744 2344 2800; x_wconf 86' lang='lat' dir='ltr'><strong>Deum</strong></span> <span class='ocrx_word' id='word_1_620' title='bbox 2374 2745 2676 2816; x_wconf 82' lang='grc' dir='ltr'>ὀλόσφυρον</span> <span class='ocrx_word' id='word_1_621' title='bbox 2757 2749 2907 2811; x_wconf 87' lang='lat' dir='ltr'><strong>dicit,</strong></span> <span class='ocrx_word' id='word_1_622' title='bbox 2967 2750 3287 2815; x_wconf 73' lang='lat' dir='ltr'><strong>spha-ricum</strong></span> <span class='ocrx_word' id='word_1_623' title='bbox 3338 2752 3588 2803; x_wconf 80' lang='lat' dir='ltr'><strong>videlicet</strong></span> <span class='ocrx_word' id='word_1_624' title='bbox 3633 2767 3696 2805; x_wconf 84' lang='lat' dir='ltr'><strong>ac</strong></span> 
     </span>
    </p>
   </div>
   <div class='ocr_carea' id='block_1_85' title="bbox 2103 2837 3692 2906">
    <p class='ocr_par' dir='ltr' id='par_1_85' title="bbox 2103 2837 3692 2906">
     <span class='ocr_line' id='line_1_85' title="bbox 2103 2837 3692 2906; baseline 0.002 -16"><span class='ocrx_word' id='word_1_625' title='bbox 2103 2838 2420 2892; x_wconf 80' lang='lat' dir='ltr'><strong>retundum.</strong></span> <span class='ocrx_word' id='word_1_626' title='bbox 2454 2837 2616 2905; x_wconf 84' lang='lat' dir='ltr'><strong>Atqui</strong></span> <span class='ocrx_word' id='word_1_627' title='bbox 2651 2840 2764 2890; x_wconf 68' lang='lat' dir='ltr'><strong>haec</strong></span> <span class='ocrx_word' id='word_1_628' title='bbox 2797 2839 2964 2906; x_wconf 73' lang='lat' dir='ltr'><strong>ligura</strong></span> <span class='ocrx_word' id='word_1_629' title='bbox 2991 2839 3237 2906; x_wconf 91' lang='lat' dir='ltr'><strong>corporis</strong></span> <span class='ocrx_word' id='word_1_630' title='bbox 3297 2849 3401 2904; x_wconf 85' lang='lat' dir='ltr'><strong>est,</strong></span> <span class='ocrx_word' id='word_1_631' title='bbox 3471 2851 3523 2892; x_wconf 89' lang='lat' dir='ltr'><strong>et</strong></span> <span class='ocrx_word' id='word_1_632' title='bbox 3567 2857 3692 2893; x_wconf 70' lang='lat' dir='ltr'><strong>eur—</strong></span> 
     </span>
    </p>
   </div>
   <div class='ocr_carea' id='block_1_86' title="bbox 2101 2927 3698 2997">
    <p class='ocr_par' dir='ltr' id='par_1_86' title="bbox 2101 2927 3698 2997">
     <span class='ocr_line' id='line_1_86' title="bbox 2101 2927 3698 2997; baseline 0.001 -17"><span class='ocrx_word' id='word_1_633' title='bbox 2101 2942 2202 2996; x_wconf 91' lang='lat' dir='ltr'><strong>pus</strong></span> <span class='ocrx_word' id='word_1_634' title='bbox 2233 2927 2504 2991; x_wconf 84' lang='lat' dir='ltr'><strong>declarat;</strong></span> <span class='ocrx_word' id='word_1_635' title='bbox 2562 2928 3014 2994; x_wconf 88' lang='lat' dir='ltr'><strong>quemadmodum</strong></span> <span class='ocrx_word' id='word_1_636' title='bbox 3079 2928 3218 2994; x_wconf 89' lang='lat' dir='ltr'><strong>quod</strong></span> <span class='ocrx_word' id='word_1_637' title='bbox 3259 2930 3480 2981; x_wconf 87' lang='lat' dir='ltr'><strong>densum</strong></span> <span class='ocrx_word' id='word_1_638' title='bbox 3538 2941 3698 2997; x_wconf 68' lang='lat' dir='ltr'><strong>atque</strong></span> 
     </span>
    </p>
   </div>
   <div class='ocr_carea' id='block_1_87' title="bbox 2101 3018 3698 3088">
    <p class='ocr_par' dir='ltr' id='par_1_87' title="bbox 2101 3018 3698 3088">
     <span class='ocr_line' id='line_1_87' title="bbox 2101 3018 3698 3088; baseline 0.001 -15"><span class='ocrx_word' id='word_1_639' title='bbox 2101 3020 2466 3086; x_wconf 87' lang='lat' dir='ltr'><strong>constipatum</strong></span> <span class='ocrx_word' id='word_1_640' title='bbox 2493 3029 2596 3072; x_wconf 91' lang='lat' dir='ltr'><strong>est.</strong></span> <span class='ocrx_word' id='word_1_641' title='bbox 2624 3018 2759 3072; x_wconf 91' lang='lat' dir='ltr'><strong>Cum</strong></span> <span class='ocrx_word' id='word_1_642' title='bbox 2795 3019 2979 3085; x_wconf 81' lang='lat' dir='ltr'><strong>igitur,</strong></span> <span class='ocrx_word' id='word_1_643' title='bbox 3036 3029 3092 3072; x_wconf 89' lang='lat' dir='ltr'><strong>ut</strong></span> <span class='ocrx_word' id='word_1_644' title='bbox 3131 3020 3228 3087; x_wconf 84' lang='lat' dir='ltr'><strong>ipsi</strong></span> <span class='ocrx_word' id='word_1_645' title='bbox 3307 3021 3503 3088; x_wconf 82' lang='lat' dir='ltr'><strong>placet,</strong></span> <span class='ocrx_word' id='word_1_646' title='bbox 3557 3021 3698 3075; x_wconf 79' lang='lat' dir='ltr'><strong>Deus</strong></span> 
     </span>
    </p>
   </div>
   <div class='ocr_carea' id='block_1_88' title="bbox 2101 3107 3686 3176">
    <p class='ocr_par' dir='ltr' id='par_1_88' title="bbox 2101 3107 3686 3176">
     <span class='ocr_line' id='line_1_88' title="bbox 2101 3107 3686 3176; baseline 0 -15"><span class='ocrx_word' id='word_1_647' title='bbox 2101 3107 2387 3161; x_wconf 83' lang='lat' dir='ltr'><strong>materiata</strong></span> <span class='ocrx_word' id='word_1_648' title='bbox 2419 3107 2662 3175; x_wconf 71' lang='grc' dir='ltr'>τιυειιὼιιιι</span> <span class='ocrx_word' id='word_1_649' title='bbox 2685 3108 2756 3160; x_wconf 91' lang='lat' dir='ltr'><strong>sit</strong></span> <span class='ocrx_word' id='word_1_650' title='bbox 2797 3109 3034 3173; x_wconf 64' lang='lat' dir='ltr'><strong>Spha-ra,</strong></span> <span class='ocrx_word' id='word_1_651' title='bbox 3093 3123 3266 3176; x_wconf 90' lang='lat' dir='ltr'><strong>neque</strong></span> <span class='ocrx_word' id='word_1_652' title='bbox 3313 3107 3522 3171; x_wconf 88' lang='lat' dir='ltr'><strong>audiet,</strong></span> <span class='ocrx_word' id='word_1_653' title='bbox 3585 3126 3686 3162; x_wconf 53' lang='lat' dir='ltr'><strong>ne-</strong></span> 
     </span>
    </p>
   </div>
   <div class='ocr_carea' id='block_1_89' title="bbox 2021 3197 3689 3268">
    <p class='ocr_par' dir='ltr' id='par_1_89' title="bbox 2021 3197 3689 3268">
     <span class='ocr_line' id='line_1_89' title="bbox 2021 3197 3689 3268; baseline 0.004 -22"><span class='ocrx_word' id='word_1_654' title='bbox 2021 3205 2067 3268; x_wconf 71' lang='grc' dir='ltr'><strong>ρ</strong></span> <span class='ocrx_word' id='word_1_655' title='bbox 2100 3213 2205 3267; x_wconf 86' lang='lat' dir='ltr'><strong>que</strong></span> <span class='ocrx_word' id='word_1_656' title='bbox 2228 3197 2428 3250; x_wconf 84' lang='lat' dir='ltr'><strong>videbit</strong></span> <span class='ocrx_word' id='word_1_657' title='bbox 2454 3213 2467 3248; x_wconf 89' lang='lat'><strong>:</strong></span> <span class='ocrx_word' id='word_1_658' title='bbox 2492 3197 2617 3250; x_wconf 88' lang='lat' dir='ltr'><strong>etin</strong></span> <span class='ocrx_word' id='word_1_659' title='bbox 2646 3212 2883 3265; x_wconf 53' lang='lat' dir='ltr'><strong>praeceps</strong></span> <span class='ocrx_word' id='word_1_660' title='bbox 2909 3206 3109 3250; x_wconf 79' lang='lat' dir='ltr'><strong>temere</strong></span> <span class='ocrx_word' id='word_1_661' title='bbox 3134 3197 3357 3260; x_wconf 78' lang='lat' dir='ltr'><strong>teretur,</strong></span> <span class='ocrx_word' id='word_1_662' title='bbox 3387 3197 3689 3252; x_wconf 82' lang='lat' dir='ltr'><strong>incondito-</strong></span> 
     </span>
    </p>
   </div>
   <div class='ocr_carea' id='block_1_90' title="bbox 2101 3287 2776 3355">
    <p class='ocr_par' dir='ltr' id='par_1_90' title="bbox 2101 3287 2776 3355">
     <span class='ocr_line' id='line_1_90' title="bbox 2101 3287 2776 3355; baseline 0 -15"><span class='ocrx_word' id='word_1_663' title='bbox 2101 3302 2206 3355; x_wconf 91' lang='lat' dir='ltr'><strong>que</strong></span> <span class='ocrx_word' id='word_1_664' title='bbox 2239 3296 2389 3341; x_wconf 92' lang='lat' dir='ltr'><strong>motu</strong></span> <span class='ocrx_word' id='word_1_665' title='bbox 2418 3287 2776 3340; x_wconf 85' lang='lat' dir='ltr'><strong>volutabitur.</strong></span> 
     </span>
    </p>
   </div>
   <div class='ocr_carea' id='block_1_91' title="bbox 2172 3380 3697 3436">
    <p class='ocr_par' dir='ltr' id='par_1_91' title="bbox 2172 3380 3697 3436">
     <span class='ocr_line' id='line_1_91' title="bbox 2172 3380 3697 3436; baseline 0.001 -2"><span class='ocrx_word' id='word_1_666' title='bbox 2172 3381 2308 3434; x_wconf 88' lang='lat' dir='ltr'><strong>Cum</strong></span> <span class='ocrx_word' id='word_1_667' title='bbox 2347 3391 2525 3434; x_wconf 87' lang='lat' dir='ltr'><strong>autem</strong></span> <span class='ocrx_word' id='word_1_668' title='bbox 2561 3383 2751 3433; x_wconf 88' lang='lat' dir='ltr'><strong>statuit</strong></span> <span class='ocrx_word' id='word_1_669' title='bbox 2785 3380 2953 3434; x_wconf 88' lang='lat' dir='ltr'><strong>Deum</strong></span> <span class='ocrx_word' id='word_1_670' title='bbox 2985 3388 3262 3435; x_wconf 76' lang='lat' dir='ltr'><strong>auctorem</strong></span> <span class='ocrx_word' id='word_1_671' title='bbox 3328 3382 3508 3434; x_wconf 82' lang='lat' dir='ltr'><strong>omnis</strong></span> <span class='ocrx_word' id='word_1_672' title='bbox 3573 3383 3697 3436; x_wconf 79' lang='lat' dir='ltr'><strong>mali</strong></span> 
     </span>
    </p>
   </div>
   <div class='ocr_carea' id='block_1_92' title="bbox 2103 3471 3699 3541">
    <p class='ocr_par' dir='ltr' id='par_1_92' title="bbox 2103 3471 3699 3541">
     <span class='ocr_line' id='line_1_92' title="bbox 2103 3471 3699 3541; baseline 0.002 -16"><span class='ocrx_word' id='word_1_673' title='bbox 2103 3471 2559 3541; x_wconf 89' lang='lat' dir='ltr'><strong>quemadmodum</strong></span> <span class='ocrx_word' id='word_1_674' title='bbox 2597 3481 2648 3525; x_wconf 91' lang='lat' dir='ltr'><strong>et</strong></span> <span class='ocrx_word' id='word_1_675' title='bbox 2684 3473 2863 3526; x_wconf 85' lang='lat' dir='ltr'><strong>omnis</strong></span> <span class='ocrx_word' id='word_1_676' title='bbox 2892 3472 3041 3534; x_wconf 83' lang='lat' dir='ltr'><strong>boni.</strong></span> <span class='ocrx_word' id='word_1_677' title='bbox 3094 3473 3169 3525; x_wconf 86' lang='lat' dir='ltr'><strong>ait</strong></span> <span class='ocrx_word' id='word_1_678' title='bbox 3212 3490 3225 3525; x_wconf 88' lang='lat'><strong>:</strong></span> <span class='ocrx_word' id='word_1_679' title='bbox 3270 3491 3287 3524; x_wconf 77' lang='grc' dir='ltr'><strong>ι</strong></span> <span class='ocrx_word' id='word_1_680' title='bbox 3327 3475 3497 3538; x_wconf 84' lang='lat' dir='ltr'><strong>Quem</strong></span> <span class='ocrx_word' id='word_1_681' title='bbox 3557 3472 3699 3529; x_wconf 89' lang='lat' dir='ltr'><strong>Deus</strong></span> 
     </span>
    </p>
   </div>
   <div class='ocr_carea' id='block_1_93' title="bbox 2109 3563 3695 3633">
    <p class='ocr_par' dir='ltr' id='par_1_93' title="bbox 2109 3563 3695 3633">
     <span class='ocr_line' id='line_1_93' title="bbox 2109 3563 3695 3633; baseline 0.001 -17"><span class='ocrx_word' id='word_1_682' title='bbox 2109 3564 2281 3628; x_wconf 88' lang='lat' dir='ltr'><strong>ducit,</strong></span> <span class='ocrx_word' id='word_1_683' title='bbox 2321 3563 2410 3617; x_wconf 86' lang='lat' dir='ltr'><strong>ille</strong></span> <span class='ocrx_word' id='word_1_684' title='bbox 2457 3575 2602 3617; x_wconf 87' lang='lat' dir='ltr'><strong>recte</strong></span> <span class='ocrx_word' id='word_1_685' title='bbox 2633 3563 2850 3617; x_wconf 87' lang='lat' dir='ltr'><strong>ducitur</strong></span> <span class='ocrx_word' id='word_1_686' title='bbox 2899 3574 2996 3618; x_wconf 88' lang='lat' dir='ltr'><strong>:et</strong></span> <span class='ocrx_word' id='word_1_687' title='bbox 3048 3578 3183 3633; x_wconf 85' lang='lat' dir='ltr'><strong>quos</strong></span> <span class='ocrx_word' id='word_1_688' title='bbox 3219 3565 3305 3618; x_wconf 89' lang='lat' dir='ltr'><strong>illc</strong></span> <span class='ocrx_word' id='word_1_689' title='bbox 3339 3567 3388 3617; x_wconf 91' lang='lat' dir='ltr'><strong>in</strong></span> <span class='ocrx_word' id='word_1_690' title='bbox 3449 3581 3695 3619; x_wconf 90' lang='lat' dir='ltr'><strong>errorem</strong></span> 
     </span>
    </p>
   </div>
   <div class='ocr_carea' id='block_1_94' title="bbox 2107 3655 3701 3726">
    <p class='ocr_par' dir='ltr' id='par_1_94' title="bbox 2107 3655 3701 3726">
     <span class='ocr_line' id='line_1_94' title="bbox 2107 3655 3701 3726; baseline 0.002 -18"><span class='ocrx_word' id='word_1_691' title='bbox 2107 3656 2361 3725; x_wconf 89' lang='lat' dir='ltr'><strong>impellit,</strong></span> <span class='ocrx_word' id='word_1_692' title='bbox 2401 3655 2477 3708; x_wconf 91' lang='lat' dir='ltr'><strong>illi</strong></span> <span class='ocrx_word' id='word_1_693' title='bbox 2510 3657 2755 3725; x_wconf 90' lang='lat' dir='ltr'><strong>suntqui</strong></span> <span class='ocrx_word' id='word_1_694' title='bbox 2802 3656 3148 3709; x_wconf 88' lang='lat' dir='ltr'><strong>deseruntur.</strong></span> <span class='ocrx_word' id='word_1_695' title='bbox 3189 3677 3205 3708; x_wconf 75' lang='grc' dir='ltr'><strong>ι</strong></span> <span class='ocrx_word' id='word_1_696' title='bbox 3245 3659 3308 3710; x_wconf 83' lang='grc' dir='ltr'>Ει</span> <span class='ocrx_word' id='word_1_697' title='bbox 3349 3659 3510 3726; x_wconf 87' lang='lat' dir='ltr'><strong>paulo</strong></span> <span class='ocrx_word' id='word_1_698' title='bbox 3559 3669 3701 3726; x_wconf 88' lang='lat' dir='ltr'><strong>post,</strong></span> 
     </span>
    </p>
   </div>
   <div class='ocr_carea' id='block_1_95' title="bbox 2108 3748 3701 3816">
    <p class='ocr_par' dir='ltr' id='par_1_95' title="bbox 2108 3748 3701 3816">
     <span class='ocr_line' id='line_1_95' title="bbox 2108 3748 3701 3816; baseline 0.001 -15"><span class='ocrx_word' id='word_1_699' title='bbox 2108 3749 2221 3801; x_wconf 71' lang='lat' dir='ltr'><strong>lucc</strong></span> <span class='ocrx_word' id='word_1_700' title='bbox 2289 3748 2648 3813; x_wconf 66' lang='lat' dir='ltr'><strong>conﬁrmans;</strong></span> <span class='ocrx_word' id='word_1_701' title='bbox 2706 3749 2921 3816; x_wconf 84' lang='lat' dir='ltr'><strong>subjicit</strong></span> <span class='ocrx_word' id='word_1_702' title='bbox 2987 3767 3058 3800; x_wconf 82' lang='grc'>.‹</span> <span class='ocrx_word' id='word_1_703' title='bbox 3102 3748 3215 3802; x_wconf 74' lang='lat' dir='ltr'><strong>Non</strong></span> <span class='ocrx_word' id='word_1_704' title='bbox 3273 3766 3390 3802; x_wconf 89' lang='lat' dir='ltr'><strong>sum</strong></span> <span class='ocrx_word' id='word_1_705' title='bbox 3451 3753 3701 3803; x_wconf 66' lang='lat' dir='ltr'><strong>iteiiiinus</strong></span> 
     </span>
    </p>
   </div>
   <div class='ocr_carea' id='block_1_96' title="bbox 2105 3840 3702 3908">
    <p class='ocr_par' dir='ltr' id='par_1_96' title="bbox 2105 3840 3702 3908">
     <span class='ocr_line' id='line_1_96' title="bbox 2105 3840 3702 3908; baseline 0.003 -16"><span class='ocrx_word' id='word_1_706' title='bbox 2105 3841 2320 3904; x_wconf 62' lang='lat' dir='ltr'><strong>anima,</strong></span> <span class='ocrx_word' id='word_1_707' title='bbox 2362 3854 2538 3908; x_wconf 88' lang='lat' dir='ltr'><strong>neque</strong></span> <span class='ocrx_word' id='word_1_708' title='bbox 2573 3842 2638 3892; x_wconf 85' lang='lat' dir='ltr'><strong>ad</strong></span> <span class='ocrx_word' id='word_1_709' title='bbox 2659 3840 2888 3893; x_wconf 84' lang='lat' dir='ltr'><strong>salutem</strong></span> <span class='ocrx_word' id='word_1_710' title='bbox 2942 3857 3116 3908; x_wconf 84' lang='lat' dir='ltr'><strong>neque</strong></span> <span class='ocrx_word' id='word_1_711' title='bbox 3154 3841 3218 3894; x_wconf 89' lang='lat' dir='ltr'><strong>ad</strong></span> <span class='ocrx_word' id='word_1_712' title='bbox 3257 3842 3571 3908; x_wconf 80' lang='lat' dir='ltr'><strong>perniciem,</strong></span> <span class='ocrx_word' id='word_1_713' title='bbox 3601 3845 3702 3897; x_wconf 79' lang='lat' dir='ltr'><strong>nisi</strong></span> 
     </span>
    </p>
   </div>
   <div class='ocr_carea' id='block_1_97' title="bbox 2106 3930 3703 4001">
    <p class='ocr_par' dir='ltr' id='par_1_97' title="bbox 2106 3930 3703 4001">
     <span class='ocr_line' id='line_1_97' title="bbox 2106 3930 3703 4001; baseline 0.003 -19"><span class='ocrx_word' id='word_1_714' title='bbox 2106 3942 2378 4001; x_wconf 86' lang='lat' dir='ltr'><strong>quatenus</strong></span> <span class='ocrx_word' id='word_1_715' title='bbox 2413 3931 2514 3984; x_wconf 91' lang='lat' dir='ltr'><strong>hoc</strong></span> <span class='ocrx_word' id='word_1_716' title='bbox 2585 3931 2762 4000; x_wconf 90' lang='lat' dir='ltr'><strong>ipsum</strong></span> <span class='ocrx_word' id='word_1_717' title='bbox 2798 3930 2936 3984; x_wconf 89' lang='lat' dir='ltr'><strong>Deus</strong></span> <span class='ocrx_word' id='word_1_718' title='bbox 2992 3933 3126 3984; x_wconf 80' lang='lat' dir='ltr'><strong>vult.</strong></span> <span class='ocrx_word' id='word_1_719' title='bbox 3178 3951 3194 3983; x_wconf 73' lang='grc' dir='ltr'><strong>ι</strong></span> <span class='ocrx_word' id='word_1_720' title='bbox 3253 3932 3461 3986; x_wconf 85' lang='lat' dir='ltr'><strong>Oblitus</strong></span> <span class='ocrx_word' id='word_1_721' title='bbox 3506 3933 3703 3987; x_wconf 88' lang='lat' dir='ltr'><strong>deinde</strong></span> 
     </span>
    </p>
   </div>
   <div class='ocr_carea' id='block_1_98' title="bbox 2107 4024 3698 4092">
    <p class='ocr_par' dir='ltr' id='par_1_98' title="bbox 2107 4024 3698 4092">
     <span class='ocr_line' id='line_1_98' title="bbox 2107 4024 3698 4092; baseline 0.004 -18"><span class='ocrx_word' id='word_1_722' title='bbox 2107 4024 2248 4092; x_wconf 87' lang='lat' dir='ltr'><strong>quod</strong></span> <span class='ocrx_word' id='word_1_723' title='bbox 2273 4024 2586 4092; x_wconf 84' lang='lat' dir='ltr'><strong>prophetam</strong></span> <span class='ocrx_word' id='word_1_724' title='bbox 2609 4024 2768 4090; x_wconf 91' lang='lat' dir='ltr'><strong>paqu</strong></span> <span class='ocrx_word' id='word_1_725' title='bbox 2789 4032 2913 4076; x_wconf 89' lang='lat' dir='ltr'><strong>ante</strong></span> <span class='ocrx_word' id='word_1_726' title='bbox 2930 4025 3164 4090; x_wconf 90' lang='lat' dir='ltr'><strong>seipsum</strong></span> <span class='ocrx_word' id='word_1_727' title='bbox 3188 4025 3558 4092; x_wconf 73' lang='lat' dir='ltr'><strong>praedicasset,</strong></span> <span class='ocrx_word' id='word_1_728' title='bbox 3587 4029 3698 4080; x_wconf 86' lang='lat' dir='ltr'><strong>ait:</strong></span> 
     </span>
    </p>
   </div>
   <div class='ocr_carea' id='block_1_99' title="bbox 2113 4115 3704 4184">
    <p class='ocr_par' dir='ltr' id='par_1_99' title="bbox 2113 4115 3704 4184">
     <span class='ocr_line' id='line_1_99' title="bbox 2113 4115 3704 4184; baseline 0.003 -17"><span class='ocrx_word' id='word_1_729' title='bbox 2113 4135 2130 4167; x_wconf 75' lang='grc' dir='ltr'><strong>ι</strong></span> <span class='ocrx_word' id='word_1_730' title='bbox 2159 4115 2295 4169; x_wconf 90' lang='lat' dir='ltr'><strong>Etsi</strong></span> <span class='ocrx_word' id='word_1_731' title='bbox 2326 4130 2542 4168; x_wconf 87' lang='lat' dir='ltr'><strong>nossem</strong></span> <span class='ocrx_word' id='word_1_732' title='bbox 2597 4129 2660 4169; x_wconf 90' lang='lat' dir='ltr'><strong>ea</strong></span> <span class='ocrx_word' id='word_1_733' title='bbox 2685 4131 2802 4183; x_wconf 79' lang='lat' dir='ltr'><strong>qua:</strong></span> <span class='ocrx_word' id='word_1_734' title='bbox 2840 4116 3059 4182; x_wconf 86' lang='lat' dir='ltr'><strong>absunt,</strong></span> <span class='ocrx_word' id='word_1_735' title='bbox 3091 4132 3303 4184; x_wconf 85' lang='lat' dir='ltr'><strong>possem</strong></span> <span class='ocrx_word' id='word_1_736' title='bbox 3360 4132 3492 4171; x_wconf 89' lang='lat' dir='ltr'><strong>sane</strong></span> <span class='ocrx_word' id='word_1_737' title='bbox 3544 4119 3704 4172; x_wconf 81' lang='lat' dir='ltr'><strong>bonis</strong></span> 
     </span>
    </p>
   </div>
   <div class='ocr_carea' id='block_1_100' title="bbox 2107 4207 3704 4277">
    <p class='ocr_par' dir='ltr' id='par_1_100' title="bbox 2107 4207 3704 4277">
     <span class='ocr_line' id='line_1_100' title="bbox 2107 4207 3704 4277; baseline 0.003 -15"><span class='ocrx_word' id='word_1_738' title='bbox 2107 4207 2348 4270; x_wconf 85' lang='lat' dir='ltr'><strong>amuere,</strong></span> <span class='ocrx_word' id='word_1_739' title='bbox 2384 4222 2558 4277; x_wconf 83' lang='lat' dir='ltr'><strong>neque</strong></span> <span class='ocrx_word' id='word_1_740' title='bbox 2583 4222 2668 4260; x_wconf 90' lang='lat' dir='ltr'><strong>me</strong></span> <span class='ocrx_word' id='word_1_741' title='bbox 2701 4218 2882 4274; x_wconf 86' lang='lat' dir='ltr'><strong>posset</strong></span> <span class='ocrx_word' id='word_1_742' title='bbox 2917 4209 3116 4264; x_wconf 86' lang='lat' dir='ltr'><strong>malum</strong></span> <span class='ocrx_word' id='word_1_743' title='bbox 3154 4211 3440 4276; x_wconf 79' lang='lat' dir='ltr'><strong>attingere.</strong></span> <span class='ocrx_word' id='word_1_744' title='bbox 3500 4230 3518 4262; x_wconf 70' lang='grc' dir='ltr'><strong>ι</strong></span> <span class='ocrx_word' id='word_1_745' title='bbox 3555 4210 3704 4276; x_wconf 89' lang='lat' dir='ltr'><strong>Quo-</strong></span> 
     </span>
    </p>
   </div>
   <div class='ocr_carea' id='block_1_101' title="bbox 2107 4299 3701 4369">
    <p class='ocr_par' dir='ltr' id='par_1_101' title="bbox 2107 4299 3701 4369">
     <span class='ocr_line' id='line_1_101' title="bbox 2107 4299 3701 4369; baseline 0 -13"><span class='ocrx_word' id='word_1_746' title='bbox 2107 4302 2268 4356; x_wconf 90' lang='lat' dir='ltr'><strong>modo</strong></span> <span class='ocrx_word' id='word_1_747' title='bbox 2319 4315 2450 4354; x_wconf 77' lang='lat' dir='ltr'><strong>vero</strong></span> <span class='ocrx_word' id='word_1_748' title='bbox 2483 4311 2536 4353; x_wconf 94' lang='lat' dir='ltr'><strong>tu</strong></span> <span class='ocrx_word' id='word_1_749' title='bbox 2575 4300 2711 4353; x_wconf 88' lang='lat' dir='ltr'><strong>mala</strong></span> <span class='ocrx_word' id='word_1_750' title='bbox 2745 4299 3031 4369; x_wconf 73' lang='lat' dir='ltr'><strong>effugeres.</strong></span> <span class='ocrx_word' id='word_1_751' title='bbox 3083 4317 3220 4368; x_wconf 69' lang='lat' dir='ltr'><strong>quae,</strong></span> <span class='ocrx_word' id='word_1_752' title='bbox 3268 4304 3344 4356; x_wconf 90' lang='lat' dir='ltr'><strong>uti</strong></span> <span class='ocrx_word' id='word_1_753' title='bbox 3409 4313 3461 4355; x_wconf 91' lang='lat' dir='ltr'><strong>tu</strong></span> <span class='ocrx_word' id='word_1_754' title='bbox 3512 4305 3701 4369; x_wconf 88' lang='lat' dir='ltr'><strong>doces,</strong></span> 
     </span>
    </p>
   </div>
   <div class='ocr_carea' id='block_1_102' title="bbox 2107 4392 3700 4462">
    <p class='ocr_par' dir='ltr' id='par_1_102' title="bbox 2107 4392 3700 4462">
     <span class='ocr_line' id='line_1_102' title="bbox 2107 4392 3700 4462; baseline 0.001 -14"><span class='ocrx_word' id='word_1_755' title='bbox 2107 4403 2230 4448; x_wconf 79' lang='lat' dir='ltr'><strong>sum</strong></span> <span class='ocrx_word' id='word_1_756' title='bbox 2261 4393 2500 4447; x_wconf 88' lang='lat' dir='ltr'><strong>natura?</strong></span> <span class='ocrx_word' id='word_1_757' title='bbox 2549 4393 2606 4446; x_wconf 89' lang='lat' dir='ltr'><strong>Si</strong></span> <span class='ocrx_word' id='word_1_758' title='bbox 2652 4407 2779 4446; x_wconf 79' lang='lat' dir='ltr'><strong>vero</strong></span> <span class='ocrx_word' id='word_1_759' title='bbox 2829 4401 2885 4445; x_wconf 93' lang='lat' dir='ltr'><strong>tu</strong></span> <span class='ocrx_word' id='word_1_760' title='bbox 2948 4392 3039 4446; x_wconf 89' lang='lat' dir='ltr'><strong>illa</strong></span> <span class='ocrx_word' id='word_1_761' title='bbox 3069 4393 3243 4448; x_wconf 82' lang='lat' dir='ltr'><strong>vitare</strong></span> <span class='ocrx_word' id='word_1_762' title='bbox 3293 4395 3542 4462; x_wconf 92' lang='lat' dir='ltr'><strong>potuisti,</strong></span> <span class='ocrx_word' id='word_1_763' title='bbox 3594 4410 3700 4450; x_wconf 94' lang='lat' dir='ltr'><strong>non</strong></span> 
     </span>
    </p>
   </div>
   <div class='ocr_carea' id='block_1_103' title="bbox 2113 4486 3706 4554">
    <p class='ocr_par' dir='ltr' id='par_1_103' title="bbox 2113 4486 3706 4554">
     <span class='ocr_line' id='line_1_103' title="bbox 2113 4486 3706 4554; baseline 0.002 -15"><span class='ocrx_word' id='word_1_764' title='bbox 2113 4488 2278 4554; x_wconf 81' lang='lat' dir='ltr'><strong>igitur</strong></span> <span class='ocrx_word' id='word_1_765' title='bbox 2313 4488 2403 4540; x_wconf 87' lang='lat' dir='ltr'><strong>illa</strong></span> <span class='ocrx_word' id='word_1_766' title='bbox 2439 4494 2632 4540; x_wconf 84' lang='lat' dir='ltr'><strong>natura</strong></span> <span class='ocrx_word' id='word_1_767' title='bbox 2657 4494 2808 4540; x_wconf 88' lang='lat' dir='ltr'><strong>sunt.</strong></span> <span class='ocrx_word' id='word_1_768' title='bbox 2847 4486 3012 4540; x_wconf 89' lang='lat' dir='ltr'><strong>Deum</strong></span> <span class='ocrx_word' id='word_1_769' title='bbox 3059 4501 3190 4541; x_wconf 86' lang='lat' dir='ltr'><strong>vero</strong></span> <span class='ocrx_word' id='word_1_770' title='bbox 3229 4503 3333 4542; x_wconf 92' lang='lat' dir='ltr'><strong>non</strong></span> <span class='ocrx_word' id='word_1_771' title='bbox 3364 4502 3484 4542; x_wconf 86' lang='lat' dir='ltr'><strong>esse</strong></span> <span class='ocrx_word' id='word_1_772' title='bbox 3517 4499 3706 4543; x_wconf 78' lang='lat' dir='ltr'><strong>aucto-</strong></span> 
     </span>
    </p>
   </div>
   <div class='ocr_carea' id='block_1_104' title="bbox 2030 4552 3707 4636">
    <p class='ocr_par' dir='ltr' id='par_1_104' title="bbox 2030 4552 3707 4636">
     <span class='ocr_line' id='line_1_104' title="bbox 2030 4552 3707 4636; baseline 0.002 -4"><span class='ocrx_word' id='word_1_773' title='bbox 2030 4552 2083 4614; x_wconf 81' lang='lat' dir='ltr'><strong>D</strong></span> <span class='ocrx_word' id='word_1_774' title='bbox 2113 4593 2226 4633; x_wconf 92' lang='lat' dir='ltr'><strong>rem</strong></span> <span class='ocrx_word' id='word_1_775' title='bbox 2274 4579 2538 4632; x_wconf 87' lang='lat' dir='ltr'><strong>malorum</strong></span> <span class='ocrx_word' id='word_1_776' title='bbox 2582 4579 2638 4632; x_wconf 92' lang='lat' dir='ltr'><strong>in</strong></span> <span class='ocrx_word' id='word_1_777' title='bbox 2669 4578 2824 4633; x_wconf 88' lang='lat' dir='ltr'><strong>titulo</strong></span> <span class='ocrx_word' id='word_1_778' title='bbox 2868 4590 3052 4630; x_wconf 84' lang='lat' dir='ltr'><strong>contra</strong></span> <span class='ocrx_word' id='word_1_779' title='bbox 3101 4577 3450 4634; x_wconf 67' lang='lat' dir='ltr'><strong>Massaliota:</strong></span> <span class='ocrx_word' id='word_1_780' title='bbox 3491 4596 3518 4634; x_wconf 92' lang='lat' dir='ltr'><strong>a</strong></span> <span class='ocrx_word' id='word_1_781' title='bbox 3551 4581 3707 4636; x_wconf 82' lang='lat' dir='ltr'><strong>nobis</strong></span> 
     </span>
    </p>
   </div>
   <div class='ocr_carea' id='block_1_105' title="bbox 2113 4673 3273 4742">
    <p class='ocr_par' dir='ltr' id='par_1_105' title="bbox 2113 4673 3273 4742">
     <span class='ocr_line' id='line_1_105' title="bbox 2113 4673 3273 4742; baseline 0.002 -17"><span class='ocrx_word' id='word_1_782' title='bbox 2113 4675 2543 4725; x_wconf 78' lang='lat' dir='ltr'><strong>demonstratum</strong></span> <span class='ocrx_word' id='word_1_783' title='bbox 2597 4681 2680 4725; x_wconf 88' lang='lat' dir='ltr'><strong>est</strong></span> <span class='ocrx_word' id='word_1_784' title='bbox 2716 4689 2730 4725; x_wconf 83' lang='lat'><strong>:</strong></span> <span class='ocrx_word' id='word_1_785' title='bbox 2763 4675 2986 4726; x_wconf 86' lang='lat' dir='ltr'><strong>consule</strong></span> <span class='ocrx_word' id='word_1_786' title='bbox 3009 4687 3130 4742; x_wconf 89' lang='lat' dir='ltr'><strong>cap.</strong></span> <span class='ocrx_word' id='word_1_787' title='bbox 3185 4673 3273 4727; x_wconf 82' lang='lat' dir='ltr'><strong>t7.</strong></span> 
     </span>
    </p>
   </div>
   <div class='ocr_carea' id='block_1_106' title="bbox 2185 4764 3710 4822">
    <p class='ocr_par' dir='ltr' id='par_1_106' title="bbox 2185 4764 3710 4822">
     <span class='ocr_line' id='line_1_106' title="bbox 2185 4764 3710 4822; baseline 0.003 -5"><span class='ocrx_word' id='word_1_788' title='bbox 2185 4766 2241 4817; x_wconf 93' lang='lat' dir='ltr'><strong>In</strong></span> <span class='ocrx_word' id='word_1_789' title='bbox 2269 4775 2457 4819; x_wconf 80' lang='lat' dir='ltr'><strong>octava</strong></span> <span class='ocrx_word' id='word_1_790' title='bbox 2487 4764 2808 4820; x_wconf 78' lang='lat' dir='ltr'><strong>fabellarum</strong></span> <span class='ocrx_word' id='word_1_791' title='bbox 2838 4780 3059 4820; x_wconf 81' lang='lat' dir='ltr'><strong>suarum</strong></span> <span class='ocrx_word' id='word_1_792' title='bbox 3093 4768 3169 4820; x_wconf 90' lang='lat' dir='ltr'><strong>ait</strong></span> <span class='ocrx_word' id='word_1_793' title='bbox 3214 4784 3230 4820; x_wconf 88' lang='lat'><strong>:</strong></span> <span class='ocrx_word' id='word_1_794' title='bbox 3261 4785 3278 4818; x_wconf 79' lang='grc' dir='ltr'><strong>ι</strong></span> <span class='ocrx_word' id='word_1_795' title='bbox 3315 4766 3484 4822; x_wconf 66' lang='lat' dir='ltr'><strong>Judaei</strong></span> <span class='ocrx_word' id='word_1_796' title='bbox 3519 4769 3710 4822; x_wconf 83' lang='lat' dir='ltr'><strong>dicunt</strong></span> 
     </span>
    </p>
   </div>
   <div class='ocr_carea' id='block_1_107' title="bbox 2112 4854 3708 4912">
    <p class='ocr_par' dir='ltr' id='par_1_107' title="bbox 2112 4854 3708 4912">
     <span class='ocr_line' id='line_1_107' title="bbox 2112 4854 3708 4912; baseline 0.002 -3"><span class='ocrx_word' id='word_1_797' title='bbox 2112 4854 2369 4910; x_wconf 87' lang='lat' dir='ltr'><strong>lsraelem</strong></span> <span class='ocrx_word' id='word_1_798' title='bbox 2409 4871 2532 4911; x_wconf 86' lang='lat' dir='ltr'><strong>esse</strong></span> <span class='ocrx_word' id='word_1_799' title='bbox 2560 4857 2726 4910; x_wconf 82' lang='lat' dir='ltr'><strong>ﬁlium</strong></span> <span class='ocrx_word' id='word_1_800' title='bbox 2753 4857 2846 4910; x_wconf 88' lang='lat' dir='ltr'><strong>Dei</strong></span> <span class='ocrx_word' id='word_1_801' title='bbox 2873 4874 2887 4911; x_wconf 88' lang='lat'><strong>:</strong></span> <span class='ocrx_word' id='word_1_802' title='bbox 2913 4868 2965 4911; x_wconf 90' lang='lat' dir='ltr'><strong>et</strong></span> <span class='ocrx_word' id='word_1_803' title='bbox 2999 4857 3298 4912; x_wconf 88' lang='lat' dir='ltr'><strong>Christiani</strong></span> <span class='ocrx_word' id='word_1_804' title='bbox 3338 4861 3524 4912; x_wconf 87' lang='lat' dir='ltr'><strong>dicunt</strong></span> <span class='ocrx_word' id='word_1_805' title='bbox 3546 4859 3708 4912; x_wconf 81' lang='lat' dir='ltr'><strong>Chri-</strong></span> 
     </span>
    </p>
   </div>
   <div class='ocr_carea' id='block_1_108' title="bbox 2111 4946 3711 5019">
    <p class='ocr_par' dir='ltr' id='par_1_108' title="bbox 2111 4946 3711 5019">
     <span class='ocr_line' id='line_1_108' title="bbox 2111 4946 3711 5019; baseline 0.001 -17"><span class='ocrx_word' id='word_1_806' title='bbox 2111 4957 2254 5002; x_wconf 84' lang='lat' dir='ltr'><strong>stum</strong></span> <span class='ocrx_word' id='word_1_807' title='bbox 2287 4961 2410 5007; x_wconf 79' lang='lat' dir='ltr'><strong>ease</strong></span> <span class='ocrx_word' id='word_1_808' title='bbox 2439 4946 2637 5001; x_wconf 85' lang='lat' dir='ltr'><strong>Filium</strong></span> <span class='ocrx_word' id='word_1_809' title='bbox 2703 4949 2794 5003; x_wconf 88' lang='lat' dir='ltr'><strong>Dei</strong></span> <span class='ocrx_word' id='word_1_810' title='bbox 2825 4964 2844 5002; x_wconf 89' lang='lat'><strong>:</strong></span> <span class='ocrx_word' id='word_1_811' title='bbox 2880 4949 2968 5003; x_wconf 90' lang='lat' dir='ltr'><strong>hic</strong></span> <span class='ocrx_word' id='word_1_812' title='bbox 3002 4960 3084 5004; x_wconf 91' lang='lat' dir='ltr'><strong>est</strong></span> <span class='ocrx_word' id='word_1_813' title='bbox 3136 4966 3321 5004; x_wconf 89' lang='lat' dir='ltr'><strong>sermo</strong></span> <span class='ocrx_word' id='word_1_814' title='bbox 3356 4966 3423 5005; x_wconf 80' lang='lat' dir='ltr'><strong>ex</strong></span> <span class='ocrx_word' id='word_1_815' title='bbox 3493 4953 3711 5019; x_wconf 80' lang='lat' dir='ltr'><strong>pmpriu</strong></span> 
     </span>
    </p>
   </div>
   <div class='ocr_carea' id='block_1_109' title="bbox 2111 5042 3708 5111">
    <p class='ocr_par' dir='ltr' id='par_1_109' title="bbox 2111 5042 3708 5111">
     <span class='ocr_line' id='line_1_109' title="bbox 2111 5042 3708 5111; baseline 0.001 -18"><span class='ocrx_word' id='word_1_816' title='bbox 2111 5042 2349 5110; x_wconf 88' lang='lat' dir='ltr'><strong>ipsorum</strong></span> <span class='ocrx_word' id='word_1_817' title='bbox 2387 5053 2482 5094; x_wconf 86' lang='lat' dir='ltr'><strong>ore</strong></span> <span class='ocrx_word' id='word_1_818' title='bbox 2513 5042 2813 5109; x_wconf 81' lang='lat' dir='ltr'><strong>protectus,</strong></span> <span class='ocrx_word' id='word_1_819' title='bbox 2846 5060 2864 5092; x_wconf 74' lang='grc' dir='ltr'><strong>ι</strong></span> <span class='ocrx_word' id='word_1_820' title='bbox 2895 5051 3095 5110; x_wconf 72' lang='lat' dir='ltr'><strong>etquae.</strong></span> <span class='ocrx_word' id='word_1_821' title='bbox 3156 5053 3477 5111; x_wconf 85' lang='lat' dir='ltr'><strong>sequuntur.</strong></span> <span class='ocrx_word' id='word_1_822' title='bbox 3511 5042 3708 5096; x_wconf 84' lang='lat' dir='ltr'><strong>Verum</strong></span> 
     </span>
    </p>
   </div>
   <div class='ocr_carea' id='block_1_110' title="bbox 2109 5117 3711 5205">
    <p class='ocr_par' dir='ltr' id='par_1_110' title="bbox 2109 5117 3711 5205">
     <span class='ocr_line' id='line_1_110' title="bbox 2109 5117 3711 5205; baseline -0.001 -17"><span class='ocrx_word' id='word_1_823' title='bbox 2109 5135 2358 5198; x_wconf 84' lang='lat' dir='ltr'><strong>attende,</strong></span> <span class='ocrx_word' id='word_1_824' title='bbox 2419 5147 2453 5188; x_wconf 92' lang='grc' dir='ltr'>ο</span> <span class='ocrx_word' id='word_1_825' title='bbox 2517 5133 2589 5187; x_wconf 78' lang='lat' dir='ltr'><strong>fili</strong></span> <span class='ocrx_word' id='word_1_826' title='bbox 2651 5117 2822 5200; x_wconf 85' lang='lat' dir='ltr'><strong>patris</strong></span> <span class='ocrx_word' id='word_1_827' title='bbox 2895 5134 3204 5189; x_wconf 84' lang='lat' dir='ltr'><strong>mendacii!</strong></span> <span class='ocrx_word' id='word_1_828' title='bbox 3270 5133 3440 5189; x_wconf 71' lang='lat' dir='ltr'><strong>Judaei</strong></span> <span class='ocrx_word' id='word_1_829' title='bbox 3496 5137 3711 5205; x_wconf 80' lang='lat' dir='ltr'><strong>quidem</strong></span> 
     </span>
    </p>
   </div>
   <div class='ocr_carea' id='block_1_111' title="bbox 2107 5225 3710 5296">
    <p class='ocr_par' dir='ltr' id='par_1_111' title="bbox 2107 5225 3710 5296">
     <span class='ocr_line' id='line_1_111' title="bbox 2107 5225 3710 5296; baseline -0.004 -12"><span class='ocrx_word' id='word_1_830' title='bbox 2107 5240 2218 5284; x_wconf 86' lang='lat' dir='ltr'><strong>non</strong></span> <span class='ocrx_word' id='word_1_831' title='bbox 2262 5241 2581 5296; x_wconf 77' lang='lat' dir='ltr'><strong>germanum</strong></span> <span class='ocrx_word' id='word_1_832' title='bbox 2643 5225 2738 5281; x_wconf 90' lang='lat' dir='ltr'><strong>Dei</strong></span> <span class='ocrx_word' id='word_1_833' title='bbox 2781 5226 2949 5280; x_wconf 83' lang='lat' dir='ltr'><strong>lilium</strong></span> <span class='ocrx_word' id='word_1_834' title='bbox 2983 5227 3240 5281; x_wconf 89' lang='lat' dir='ltr'><strong>lsraelem</strong></span> <span class='ocrx_word' id='word_1_835' title='bbox 3278 5229 3583 5292; x_wconf 90' lang='lat' dir='ltr'><strong>nominant,</strong></span> <span class='ocrx_word' id='word_1_836' title='bbox 3611 5227 3710 5281; x_wconf 82' lang='lat' dir='ltr'><strong>sed</strong></span> 
     </span>
    </p>
   </div>
   <div class='ocr_carea' id='block_1_112' title="bbox 2106 5319 3715 5388">
    <p class='ocr_par' dir='ltr' id='par_1_112' title="bbox 2106 5319 3715 5388">
     <span class='ocr_line' id='line_1_112' title="bbox 2106 5319 3715 5388; baseline -0.001 -15"><span class='ocrx_word' id='word_1_837' title='bbox 2106 5326 2340 5385; x_wconf 89' lang='lat' dir='ltr'><strong>tantum,</strong></span> <span class='ocrx_word' id='word_1_838' title='bbox 2362 5325 2422 5372; x_wconf 90' lang='lat' dir='ltr'><strong>ut</strong></span> <span class='ocrx_word' id='word_1_839' title='bbox 2459 5319 2748 5374; x_wconf 87' lang='lat' dir='ltr'><strong>ostendant</strong></span> <span class='ocrx_word' id='word_1_840' title='bbox 2779 5319 2869 5374; x_wconf 87' lang='lat' dir='ltr'><strong>Dei</strong></span> <span class='ocrx_word' id='word_1_841' title='bbox 2894 5334 3020 5388; x_wconf 79' lang='lat' dir='ltr'><strong>erga</strong></span> <span class='ocrx_word' id='word_1_842' title='bbox 3045 5333 3107 5374; x_wconf 83' lang='lat' dir='ltr'><strong>se</strong></span> <span class='ocrx_word' id='word_1_843' title='bbox 3135 5334 3376 5374; x_wconf 91' lang='lat' dir='ltr'><strong>amorem</strong></span> <span class='ocrx_word' id='word_1_844' title='bbox 3399 5329 3452 5373; x_wconf 87' lang='lat' dir='ltr'><strong>et</strong></span> <span class='ocrx_word' id='word_1_845' title='bbox 3476 5335 3715 5388; x_wconf 87' lang='lat' dir='ltr'><strong>propen—</strong></span> 
     </span>
    </p>
   </div>
   <div class='ocr_carea' id='block_1_113' title="bbox 2105 5411 3705 5481">
    <p class='ocr_par' dir='ltr' id='par_1_113' title="bbox 2105 5411 3705 5481">
     <span class='ocr_line' id='line_1_113' title="bbox 2105 5411 3705 5481; baseline -0.004 -16"><span class='ocrx_word' id='word_1_846' title='bbox 2105 5412 2334 5478; x_wconf 86' lang='lat' dir='ltr'><strong>sionem,</strong></span> <span class='ocrx_word' id='word_1_847' title='bbox 2381 5411 2452 5466; x_wconf 92' lang='lat' dir='ltr'><strong>ob</strong></span> <span class='ocrx_word' id='word_1_848' title='bbox 2487 5427 2606 5467; x_wconf 87' lang='lat' dir='ltr'><strong>eam</strong></span> <span class='ocrx_word' id='word_1_849' title='bbox 2663 5427 2768 5481; x_wconf 82' lang='lat' dir='ltr'><strong>qua</strong></span> <span class='ocrx_word' id='word_1_850' title='bbox 2803 5422 2984 5480; x_wconf 74' lang='lat' dir='ltr'><strong>patres</strong></span> <span class='ocrx_word' id='word_1_851' title='bbox 3017 5413 3357 5467; x_wconf 77' lang='lat' dir='ltr'><strong>excellebant</strong></span> <span class='ocrx_word' id='word_1_852' title='bbox 3385 5413 3647 5481; x_wconf 86' lang='lat' dir='ltr'><strong>pietatem</strong></span> <span class='ocrx_word' id='word_1_853' title='bbox 3692 5428 3705 5459; x_wconf 87' lang='lat'><strong>:</strong></span> 
     </span>
    </p>
   </div>
   <div class='ocr_carea' id='block_1_114' title="bbox 2102 5487 3715 5559">
    <p class='ocr_par' dir='ltr' id='par_1_114' title="bbox 2102 5487 3715 5559">
     <span class='ocr_line' id='line_1_114' title="bbox 2102 5487 3715 5559; baseline -0.001 -1"><span class='ocrx_word' id='word_1_854' title='bbox 2102 5504 2402 5558; x_wconf 85' lang='lat' dir='ltr'><strong>Christiani</strong></span> <span class='ocrx_word' id='word_1_855' title='bbox 2495 5519 2624 5559; x_wconf 83' lang='lat' dir='ltr'><strong>vero</strong></span> <span class='ocrx_word' id='word_1_856' title='bbox 2709 5500 3168 5559; x_wconf 51' lang='lat' dir='ltr'><strong>natura&#39;Filium</strong></span> <span class='ocrx_word' id='word_1_857' title='bbox 3240 5503 3335 5558; x_wconf 84' lang='lat' dir='ltr'><strong>Det</strong></span> <span class='ocrx_word' id='word_1_858' title='bbox 3425 5515 3474 5558; x_wconf 90' lang='lat' dir='ltr'><strong>et</strong></span> <span class='ocrx_word' id='word_1_859' title='bbox 3563 5487 3715 5557; x_wconf 79' lang='lat' dir='ltr'><strong>Patri</strong></span> 
     </span>
    </p>
   </div>
   <div class='ocr_carea' id='block_1_115' title="bbox 2106 5598 3715 5654">
    <p class='ocr_par' dir='ltr' id='par_1_115' title="bbox 2106 5598 3715 5654">
     <span class='ocr_line' id='line_1_115' title="bbox 2106 5598 3715 5654; baseline -0.002 -1"><span class='ocrx_word' id='word_1_860' title='bbox 2106 5599 2634 5653; x_wconf 79' lang='lat' dir='ltr'><strong>consubstantialem</strong></span> <span class='ocrx_word' id='word_1_861' title='bbox 2705 5599 3007 5654; x_wconf 87' lang='lat' dir='ltr'><strong>secundum</strong></span> <span class='ocrx_word' id='word_1_862' title='bbox 3049 5599 3394 5654; x_wconf 87' lang='lat' dir='ltr'><strong>divinitatem</strong></span> <span class='ocrx_word' id='word_1_863' title='bbox 3427 5598 3715 5653; x_wconf 84' lang='lat' dir='ltr'><strong>Christum</strong></span> 
     </span>
    </p>
   </div>
   <div class='ocr_carea' id='block_1_116' title="bbox 2095 5691 3722 5759">
    <p class='ocr_par' dir='ltr' id='par_1_116' title="bbox 2095 5691 3722 5759">
     <span class='ocr_line' id='line_1_116' title="bbox 2095 5691 3722 5759; baseline -0.003 -11"><span class='ocrx_word' id='word_1_864' title='bbox 2095 5694 2442 5749; x_wconf 81' lang='lat' dir='ltr'><strong>conﬁtentur.</strong></span> <span class='ocrx_word' id='word_1_865' title='bbox 2481 5691 2614 5746; x_wconf 82' lang='lat' dir='ltr'><strong>Nam</strong></span> <span class='ocrx_word' id='word_1_866' title='bbox 2637 5693 2782 5758; x_wconf 91' lang='lat' dir='ltr'><strong>si,ut</strong></span> <span class='ocrx_word' id='word_1_867' title='bbox 2813 5692 3024 5759; x_wconf 78' lang='lat' dir='ltr'><strong>fateris,</strong></span> <span class='ocrx_word' id='word_1_868' title='bbox 3059 5695 3276 5749; x_wconf 83' lang='lat' dir='ltr'><strong>Christo</strong></span> <span class='ocrx_word' id='word_1_869' title='bbox 3308 5710 3336 5746; x_wconf 88' lang='lat' dir='ltr'><strong>a</strong></span> <span class='ocrx_word' id='word_1_870' title='bbox 3375 5693 3482 5749; x_wconf 85' lang='lat' dir='ltr'><strong>Deo</strong></span> <span class='ocrx_word' id='word_1_871' title='bbox 3544 5693 3722 5745; x_wconf 82' lang='lat' dir='ltr'><strong>Evan-</strong></span> 
     </span>
    </p>
   </div>
   <div class='ocr_carea' id='block_1_117' title="bbox 482 5829 2227 5894">
    <p class='ocr_par' dir='ltr' id='par_1_117' title="bbox 482 5832 2227 5894">
     <span class='ocr_line' id='line_1_117' title="bbox 482 5832 2227 5894; baseline -0.002 -11"><span class='ocrx_word' id='word_1_872' title='bbox 482 5835 552 5888; x_wconf 77' lang='grc'><strong>(11</strong></span> <span class='ocrx_word' id='word_1_873' title='bbox 594 5834 846 5882; x_wconf 82' lang='lat' dir='ltr'><strong>Palatinus</strong></span> <span class='ocrx_word' id='word_1_874' title='bbox 878 5848 970 5886; x_wconf 85' lang='lat' dir='ltr'><strong>ms.</strong></span> <span class='ocrx_word' id='word_1_875' title='bbox 995 5835 1086 5884; x_wconf 81' lang='grc' dir='ltr'>Ἐκ</span> <span class='ocrx_word' id='word_1_876' title='bbox 1110 5836 1205 5881; x_wconf 82' lang='grc' dir='ltr'><strong>τῶν</strong></span> <span class='ocrx_word' id='word_1_877' title='bbox 1237 5832 1323 5880; x_wconf 77' lang='grc' dir='ltr'><strong>τοῦ</strong></span> <span class='ocrx_word' id='word_1_878' title='bbox 1351 5834 1489 5894; x_wconf 77' lang='grc' dir='ltr'>ἁγίου</span> <span class='ocrx_word' id='word_1_879' title='bbox 1516 5835 1736 5890; x_wconf 74' lang='grc' dir='ltr'>Εὐοδίου,</span> <span class='ocrx_word' id='word_1_880' title='bbox 1775 5837 1847 5881; x_wconf 86' lang='lat' dir='ltr'><strong>uti</strong></span> <span class='ocrx_word' id='word_1_881' title='bbox 1871 5840 1924 5885; x_wconf 71' lang='lat' dir='ltr'>Pl</span> <span class='ocrx_word' id='word_1_882' title='bbox 1951 5834 2105 5882; x_wconf 77' lang='lat' dir='ltr'><strong>linus</strong></span> <span class='ocrx_word' id='word_1_883' title='bbox 2132 5832 2178 5880; x_wconf 89' lang='lat' dir='ltr'><strong>in</strong></span> <span class='ocrx_word' id='word_1_884' title='bbox 2203 5849 2227 5880; x_wconf 90' lang='lat' dir='ltr'><strong>tl</strong></span> 
     </span>
    </p>
   </div>
   <div class='ocr_carea' id='block_1_118' title="bbox 1970 5829 3715 5894">
    <p class='ocr_par' dir='ltr' id='par_1_118' title="bbox 1970 5829 3715 5894">
     <span class='ocr_line' id='line_1_118' title="bbox 1970 5829 3715 5894; baseline 0 -13"><span class='ocrx_word' id='word_1_885' title='bbox 1970 5834 2105 5882; x_wconf 71' lang='lat' dir='ltr'><strong>Linus</strong></span> <span class='ocrx_word' id='word_1_886' title='bbox 2132 5832 2178 5880; x_wconf 89' lang='lat' dir='ltr'><strong>in</strong></span> <span class='ocrx_word' id='word_1_887' title='bbox 2203 5846 2379 5892; x_wconf 49' lang='lat' dir='ltr'><strong>marg&quot;</strong></span> <span class='ocrx_word' id='word_1_888' title='bbox 2405 5835 2479 5881; x_wconf 73' lang='lat' dir='ltr'><strong>Ex</strong></span> <span class='ocrx_word' id='word_1_889' title='bbox 2523 5829 2694 5881; x_wconf 69' lang='lat' dir='ltr'><strong>Eoo/lii</strong></span> <span class='ocrx_word' id='word_1_890' title='bbox 2717 5829 2941 5881; x_wconf 82' lang='lat' dir='ltr'><strong>monachi</strong></span> <span class='ocrx_word' id='word_1_891' title='bbox 2974 5830 3187 5891; x_wconf 80' lang='lat' dir='ltr'><strong>scriptis,</strong></span> <span class='ocrx_word' id='word_1_892' title='bbox 3223 5832 3360 5892; x_wconf 84' lang='lat' dir='ltr'><strong>quasi</strong></span> <span class='ocrx_word' id='word_1_893' title='bbox 3401 5844 3461 5880; x_wconf 81' lang='lat' dir='ltr'><strong>ex</strong></span> <span class='ocrx_word' id='word_1_894' title='bbox 3484 5893 3497 5894; x_wconf 22' lang='grc' dir='ltr'><strong>γ</strong></span> <span class='ocrx_word' id='word_1_895' title='bbox 3540 5830 3715 5881; x_wconf 79' lang='lat' dir='ltr'><strong>Evodii</strong></span> 
     </span>
    </p>
   </div>
   <div class='ocr_carea' id='block_1_119' title="bbox 417 5893 3712 5961">
    <p class='ocr_par' dir='ltr' id='par_1_119' title="bbox 417 5893 3712 5961">
     <span class='ocr_line' id='line_1_119' title="bbox 417 5893 3712 5961; baseline -0.002 -15"><span class='ocrx_word' id='word_1_896' title='bbox 417 5898 753 5947; x_wconf 68' lang='lat' dir='ltr'><strong>monumentis</strong></span> <span class='ocrx_word' id='word_1_897' title='bbox 786 5898 1048 5960; x_wconf 85' lang='lat' dir='ltr'><strong>sequentia</strong></span> <span class='ocrx_word' id='word_1_898' title='bbox 1085 5900 1345 5958; x_wconf 80' lang='lat' dir='ltr'><strong>desumpta</strong></span> <span class='ocrx_word' id='word_1_899' title='bbox 1382 5893 1498 5956; x_wconf 84' lang='lat' dir='ltr'><strong>sint,</strong></span> <span class='ocrx_word' id='word_1_900' title='bbox 1532 5903 1584 5947; x_wconf 83' lang='lat' dir='ltr'><strong>ut</strong></span> <span class='ocrx_word' id='word_1_901' title='bbox 1613 5905 1714 5947; x_wconf 86' lang='lat' dir='ltr'><strong>tota</strong></span> <span class='ocrx_word' id='word_1_902' title='bbox 1743 5896 1847 5946; x_wconf 79' lang='lat' dir='ltr'><strong>fere</strong></span> <span class='ocrx_word' id='word_1_903' title='bbox 1895 5898 2132 5961; x_wconf 78' lang='lat' dir='ltr'><strong>Punoplta</strong></span> <span class='ocrx_word' id='word_1_904' title='bbox 2173 5909 2201 5945; x_wconf 91' lang='lat' dir='ltr'><strong>c</strong></span> <span class='ocrx_word' id='word_1_905' title='bbox 2236 5904 2466 5946; x_wconf 82' lang='lat' dir='ltr'><strong>\ctcrum</strong></span> <span class='ocrx_word' id='word_1_906' title='bbox 2523 5896 2722 5946; x_wconf 79' lang='lat' dir='ltr'><strong>l‘atrum</strong></span> <span class='ocrx_word' id='word_1_907' title='bbox 2757 5895 2957 5958; x_wconf 81' lang='lat' dir='ltr'><strong>scriptis</strong></span> <span class='ocrx_word' id='word_1_908' title='bbox 2984 5899 3279 5946; x_wconf 79' lang='lat' dir='ltr'><strong>concinnata</strong></span> <span class='ocrx_word' id='word_1_909' title='bbox 3317 5901 3414 5944; x_wconf 87' lang='lat' dir='ltr'><strong>est.</strong></span> <span class='ocrx_word' id='word_1_910' title='bbox 3471 5893 3712 5943; x_wconf 75' lang='lat' dir='ltr'><strong>StLBUttc.</strong></span> 
     </span>
    </p>
   </div>
  </div>
