4420 6462
695 418 833 482 1343

1931 406 2313 470 EUTIIYMII
2357 407 2725 465 ZIGABENI

3813 402 3946 462 1344

692 536 890 603 gelium
922 531 1105 584 datum
1137 539 1236 589 cst,
1268 525 1719 596 quemadmodum
1760 536 1858 574 nos
1911 522 2012 589 ipsi
2046 522 2098 572 in
2134 521 2261 573 suh-
2294 520 2339 574 Α
2369 521 2428 570 τὸ

2203 521 2261 570 ιι·
2294 520 2339 574 Α
2369 521 2461 580 τος
2492 519 2800 586 ὁμολογεῖς,
2842 520 2902 568 ὲκ
2922 517 3057 568 Θεοῦ
3087 517 3297 569 δέδοται
3333 515 3411 582 τῷ
3435 513 3658 582 Χριστῷ
3690 513 3747 563 τί»
3775 515 3947 576 Εὐαγ-

692 620 1043 689 sequentibns
1080 619 1572 671 demonstrabimus
1601 632 1612 666 :
1641 622 1695 666 ct
1731 614 1784 664 in
1817 610 2103 678 Evangelio
2133 609 2266 662 ειη-ἰν

690 726 839 782 ptum
863 722 942 766 est
975 711 1112 778 quod
1133 722 1213 763 ter
1242 710 1380 761 Deus
1402 707 1690 761 ctelitusde
1707 706 1921 758 Christo
1952 702 2268 755 testiﬁcatus

693 806 804 866 sit;
841 802 1037 854 alicubi
1106 801 1319 868 quidem
1351 799 1536 852 dicens
1569 816 1581 850 :
1616 797 1716 848 Hic
1783 806 1854 848 est
1889 791 2061 845 Filius
2123 806 2268 843 meus

695 895 916 945 tl-lectus
953 895 966 922 ¹
1006 909 1018 942 :
1078 890 1271 944 alicubi
1313 905 1460 952 vero,
1498 887 1563 940 Et
1600 886 1895 956 gloriﬁcavi
1928 894 1977 937 et
2013 880 2270 954 (rursum)

695 984 1002 1048 σιονίίὶτίιὺο
1026 985 1046 1011 ’
1091 999 1106 1043 ;
1137 991 1187 1034 et
1216 983 1266 1032 in
1296 990 1474 1032 monte
1499 979 1748 1033 Thabore
1781 995 1794 1030 ε
1830 977 2009 1044 Ipsum
2050 975 2271 1037 audite;

698 1076 954 1139 quidnam
1022 1073 1239 1124 absurdi
1307 1080 1360 1123 et
1415 1072 1575 1124 alieni
1631 1071 1917 1121 admittunt
1953 1065 2271 1127 Christiani,

700 1165 787 1232 qui
817 1173 870 1215 et
905 1165 1093 1224 Deum,
1138 1171 1191 1215 et
1223 1163 1311 1216 Dei
1360 1162 1550 1214 Filium
1594 1162 1868 1214 Christqu
1905 1159 2228 1212 confitentur
2259 1174 2272 1209 :

700 1269 823 1306 cum
852 1262 902 1304 et
939 1252 1075 1305 Deus
1098 1253 1314 1305 Christo
1344 1266 1406 1305 ea
1443 1253 1641 1304 tribuat
1674 1265 1738 1303 ex
1769 1249 2078 1302 testimonio
2100 1247 2276 1298 Evan-

703 1343 848 1407 gelii.
884 1343 1025 1410 quod
1066 1343 1233 1396 etiam
1270 1352 1322 1394 tu
1352 1341 1611 1396 divinitus
1651 1341 1835 1394 datum
1901 1338 2071 1392 fuisse
2132 1335 2278 1387 amr-

706 1447 822 1485 mas
849 1432 870 1482 ?

773 1521 908 1574 Cum
951 1534 1077 1574 vero
1098 1520 1302 1572 Christi
1335 1529 1389 1572 et
1425 1519 1702 1587 Evangelii
1732 1520 2062 1572 mentionem
2099 1519 2276 1586 ,‘facit,

703 1626 766 1663 cx
802 1625 1033 1678 persona
1076 1610 1168 1662 Dei
1215 1609 1340 1661 ait:
1408 1626 1425 1657 ι
1490 1608 1731 1662 Misimus
1785 1618 1905 1675 post
1965 1611 2063 1662 hos
2091 1623 2281 1662 omnes

703 1699 859 1766 (alios
914 1698 1121 1752 scilicet
1208 1697 1539 1765 prophetas)
1607 1696 1789 1750 Jesum
1831 1698 1996 1750 lilium
2060 1697 2279 1762 Mariae;

704 1802 848 1841 utea
884 1805 1002 1858 qua:
1063 1790 1117 1843 in
1152 1789 1270 1858 lege
1303 1801 1430 1843 ante
1484 1791 1683 1857 scripta
1734 1802 1917 1855 erant,
1975 1805 2097 1844 vera
2159 1806 2282 1844 cer-

705 1894 869 1950 taque
945 1893 1402 1950 reprmseutaret,
1461 1882 1755 1950 Evangelio
1819 1884 1885 1936 ad
1953 1886 2128 1950 ipsum
2191 1885 2282 1936 de-

706 1975 875 2027 misso
917 1992 928 2024 :
995 1975 1044 2025 in
1101 1989 1206 2041 quo
1235 1982 1314 2026 est
1345 1976 1450 2039 via,
1488 1974 1574 2026 lux
1624 1975 1953 2043 etjustitia:
1992 1976 2293 2029 secundum

707 2066 999 2134 potentiam
1022 2065 1176 2130 legis,
1207 2080 1327 2134 qua:
1364 2066 1537 2134 ipsum
1562 2068 1876 2129 antecessit,
1907 2069 1970 2120 ad
1997 2067 2294 2121 institutio-

707 2171 827 2208 nem
860 2167 912 2207 ct
943 2155 1354 2221 promissionem
1388 2171 1572 2208 eorum
1596 2157 1687 2225 qui
1721 2157 1895 2224 ipsum
1925 2158 2137 2217 timent,
2160 2156 2298 2209 etad

703 2246 1049 2310 iudicandum
1071 2247 1396 2300 domesticos
1414 2247 1714 2315 Evangelii.
1729 2266 1746 2298 ι
1767 2247 1820 2299 Si
1849 2247 2010 2314 igitur
2029 2246 2297 2312 Christus,

708 2351 840 2391 utea
871 2355 987 2406 qua:
1015 2340 1210 2407 deipso
1235 2340 1484 2407 praedicta
1509 2351 1687 2406 erant,
1716 2355 1839 2392 vera
1866 2348 2298 2407 reprzesentaret,

710 2437 757 2483 iet
800 2446 882 2486 est
917 2434 1167 2500 ulleng
1205 2446 1441 2487 veterem
1481 2440 1742 2503 expleret,
1780 2434 2021 2496 advenit,
2055 2431 2300 2500 Evange-

709 2528 945 2592 liimque
1000 2527 1161 2590 viam,
1217 2527 1635 2591 institutionem,
1695 2529 1870 2579 lucem
1931 2537 1986 2579 et
2032 2527 2298 2596 justitiam

710 2619 1020 2672 hominibus
1091 2619 1335 2679 tradidit,
1385 2618 1839 2685 quemadmodum
1885 2625 1938 2670 tu
1990 2621 2106 2692 ipse
2169 2632 2303 2672 con-

711 2711 901 2772 literis,
935 2717 988 2762 et
1044 2711 1156 2776 ipse
1208 2710 1472 2776 judicium
1507 2708 1747 2761 facturus
1778 2717 1880 2770 est,
1930 2708 2194 2777 reliquum
2222 2717 2304 2761 est

711 2801 854 2852 aliud
893 2810 942 2854 te
979 2802 1109 2854 nihil
1140 2802 1448 2856 hominibus
1511 2800 1802 2855 obtrudere
1847 2816 2005 2869 quam
2066 2815 2299 2864 errores,

709 2902 766 2944 et
817 2907 935 2958 qua:
995 2909 1058 2945 ex
1128 2895 1398 2947 diametro
1445 2909 1566 2948 cum
1606 2893 1855 2948 doctrina
1906 2894 2150 2949 veritatis
2208 2909 2305 2962 pu-

714 2991 903 3049 gnent.

787 3072 983 3125 lterum
1015 3085 1266 3144 tanquam
1300 3091 1360 3130 ex
1394 3091 1620 3145 persona
1672 3077 1764 3132 Dei
1797 3078 2049 3148 proponit
2082 3097 2092 3130 :
2120 3096 2140 3131 ί
2167 3076 2302 3132 Cum

2370 609 2573 672 γέλιον,
2608 607 2789 668 καθὼς
2822 607 3210 667 ὑποκατιόντες
3271 605 3662 670 ἀποδείξομεν·
3698 605 3756 654 ὲν
3802 604 3950 670 αύτῷ

2371 699 2428 750 δὲ
2455 698 2532 766 τῷ
2563 699 2878 766 Εὑαγγελίῳ
2915 698 3265 766 γέγραπται,
3312 697 3394 747 ὅτι
3425 696 3609 764 τρίτον
3665 693 3875 746 ἄνωθεν
3925 696 3953 743 ὁ

2372 791 2504 852 Θεὸς
2557 790 2697 858 ὑπὲρ
2734 787 2974 858 Χριστοῦ
3028 790 3422 857 ἐμαρτύρησε,
3481 788 3558 854 πῆ
3619 785 3719 853 μὲν
3754 787 3951 851 λέγων,

2373 880 2454 930 ὅτι
2483 873 2674 942 Οὗτός
2707 880 2876 931 ἐστιν
2906 882 2938 931 d
2974 880 3107 942 Υἱός
3166 896 3285 946 μου
3329 880 3360 930 ὁ
3387 877 3696 944 ἀγαπητός
3720 892 3732 904 ο
3767 877 3843 943 πῆ
3876 876 3952 936 δὲ,

2374 972 2484 1026 Καὶ
2506 971 2791 1036 ἐδόξασα,
2829 971 2928 1023 καί
2982 970 3169 1024 πάλιν
3211 969 3488 1032 δοξάσω·
3522 970 3614 1021 καὶ
3649 971 3704 1019 έν
3738 968 3814 1034 τῷ
3842 969 3956 1036 ὃρει

2376 1063 2431 1114 δὲ
2461 1062 2536 1128 τῷ
2566 1062 2785 1130 Θαὸὼρ,
2812 1062 3011 1115 Αὑτοῦ
3039 1062 3292 1115 ἀκούετε
3313 1077 3325 1090 °
3366 1060 3419 1111 τί
3461 1059 3665 1111 ἄτοπον
3685 1063 3772 1109 καὶ
3811 1059 3956 1120 ξένον

2379 1153 2627 1204 ποιοῦσιν
2681 1154 2730 1204 ot
2770 1153 3112 1221 Χριστιανοὶ,
3151 1152 3282 1205 Θεὸν
3322 1152 3416 1202 καὶ
3447 1150 3582 1202 Θεοῦ
3616 1150 3739 1201 Υίὸν
3769 1150 3959 1216 ὁμολοο

2379 1241 2599 1309 γοῦντες
2626 1241 2718 1292 τὸν
2747 1242 3003 1310 Χριστὸν,
3033 1240 3127 1294 τοῦ
3153 1239 3288 1292 Θεοῦ
3348 1241 3440 1290 καὶ
3484 1239 3563 1306 τῷ
3590 1238 3807 1306 Χριστῷ
3829 1236 3962 1286 ταῦ-

2380 1351 2446 1386 τα
2480 1331 3057 1403 προσμαρτυροῦντος,
3109 1332 3186 1394 ὡς
3233 1332 3483 1383 διδάσκει
3516 1332 3578 1382 τὸ
3609 1328 3959 1396 Εύαγγέλιον,

2380 1427 2408 1477 ὃ
2440 1428 2501 1478 ὲκ
2527 1427 2661 1478 Θεοῦ
2689 1425 2940 1478 δεδόσθαι
2973 1425 3294 1493 ὀμολογεϊςς

2465 1517 2852 1587 Ἐπιμνησθεὶς
2878 1517 2934 1570 δὲ
2960 1516 3054 1568 τοῦ
3082 1513 3320 1585 Χριστοῦ
3353 1517 3449 1568 καὶ
3480 1514 3574 1566 τοῦ
3603 1511 3962 1579 Εὑαγγελίου,

2386 1610 2551 1676 φησίν
2580 1611 2642 1660 ὲκ
2671 1607 2968 1674 προσώπου
2993 1606 3089 1658 τοῦ
3124 1606 3263 1658 Θεοῦ
3287 1622 3300 1635 ·
3336 1624 3354 1656 ι
3379 1605 3807 1669 Ἀπεστείλαμεν
3837 1603 3970 1654 ἀκό-

2384 1700 2574 1751 λουθον
2592 1699 2799 1751 τούτων
2819 1699 3043 1752 πάντων
3061 1697 3282 1768 (δηλαδὴ
3301 1697 3411 1748 τῶν
3435 1695 3970 1766 προφητῶνὶῚηοοῦν

2385 1793 2477 1844 τὸν
2523 1792 2638 1842 υίὸν
2657 1792 2898 1860 Μαρίας,
2937 1793 3019 1853 είς
3038 1790 3101 1843 τδ
3129 1789 3534 1858 ἀληθοποιῆσαι
3556 1789 3623 1839 τὰ
3653 1788 3757 1854 πρὸ
3783 1787 3971 1849 αὑτοῦ,

2396 1883 2464 1935 τὰ
2509 1883 2600 1935 τοῦ
2641 1884 2832 1953 νόμου,
2875 1885 3288 1952 καταγαγόντες
3341 1884 3479 1950 πρὸς
3521 1882 3684 1935 αὐτὸν
3706 1881 3765 1932 τὸ
3792 1880 3975 1945 Εὐαγ-

2398 1976 2578 2042 γέλιον
2599 1991 2613 2006 ο
2652 1978 2710 2028 έν
2737 1968 2780 2042 ᾧ
2811 1976 2961 2028 ἐστιν
2988 1976 3272 2045 ὁδήγησις,
3315 1977 3454 2045 φῶς,
3486 1977 3579 2026 καὶ
3629 1974 3974 2041 δικαιοσύνη,

2400 2069 2540 2121 κατά
2564 2066 2661 2136 τὴν
2687 2069 2920 2135 δύναμιν
2947 2067 3043 2120 τοῦ
3095 2069 3200 2138 πρὸ
3232 2067 3399 2120 αὑτοῦ
3436 2068 3630 2137 νόμου,
3666 2069 3744 2130 εἰς
3775 2066 3978 2135 ὁδὴγη-

2401 2176 2489 2212 σιν
2534 2160 2628 2211 καὶ
2657 2159 2992 2228 ἐπαγγελίαν
3030 2164 3145 2222 τοῖς
3171 2160 3534 2228 φοϐουμένοις
3560 2159 3743 2219 αὐτὸν,
3782 2161 3873 2210 καὶ
3903 2160 3982 2219 εἰς

2401 2251 2462 2305 τὸ
2498 2255 2683 2321 κρῖναι
2712 2253 2838 2314 τοὺς
2863 2253 3099 2314 οἰκείους
3126 2251 3221 2304 τοῦ
3255 2253 3612 2319 Εὑαγγελίου.
3646 2272 3663 2303 ›
3697 2250 3829 2302 Είδὲ
3848 2251 3984 2318 ἀλη-

2404 2345 2697 2415 θοποιῆσαι
2730 2345 2796 2397 τὰ
2827 2345 2934 2414 πρὸ
2981 2344 3172 2406 αὐτοῦ,
3227 2344 3474 2397 τουτέστι
3506 2345 3575 2396 τὰ
3605 2343 3699 2396 τοῦ
3751 2339 3983 2394 παλαιοῦ

2403 2440 2597 2508 νόμου,
2633 2440 3087 2510 παραγενόμενος
3135 2438 3164 2489 ὁ
3191 2438 3450 2507 Χριστὸς,
3490 2440 3584 2490 καὶ
3627 2438 3688 2488 τὸ
3739 2436 3989 2502 Εύαγγέ-

2403 2537 2538 2599 λιον,
2567 2535 2850 2604 όδήγησιν,
2884 2535 2979 2588 καὶ
3030 2533 3169 2602 φῶς,
3203 2533 3298 2585 καὶ
3350 2532 3704 2601 δικαιοσύνην
3750 2535 3861 2594 τοῖς
3896 2537 3990 2583 ἀν-

2406 2627 2649 2695 θρώποις
2669 2624 3008 2693 παρέδωκεν,
3035 2624 3110 2685 ὡς
3132 2623 3292 2684 αὐτὸς
3312 2621 3620 2690 ὁμολογεῖς,
3639 2625 3733 2674 καὶ
3750 2623 3848 2690 τὴν
3870 2620 3990 2690 κρί-

2409 2735 2492 2770 σιν
2530 2719 2690 2780 αὐτὸς
2722 2717 2908 2786 μέλλει
2938 2719 3137 2778 ποιεῖν,
3177 2717 3259 2768 σοὶ
3311 2716 3728 2785 περιλέλειπται
3766 2732 3992 2766 συνεισ-

2409 2811 2652 2876 ενεγκεῖν
2706 2810 2819 2869 τοῖς
2881 2806 3194 2874 ἀνθρώποις
3233 2806 3386 2859 οὐδὲν
3434 2806 3624 2874 ἕτερον
3685 2806 3716 2874 ἢ
3783 2804 3993 2873 πλάνην

2410 2901 2504 2954 καὶ
2536 2898 2858 2952 ἐναντίωσιν
2882 2896 2982 2965 τῆς
3007 2895 3269 2966 ἀληθείας
3293 2893 3604 2962 δογμάτων.

2482 3063 2646 3132 Λέγει
2686 3060 2851 3113 πάλιν
2872 3060 2934 3112 έκ
2965 3056 3260 3127 προσώπου
3293 3057 3387 3110 τοῦ
3411 3057 3546 3110 Θεοῦ
3572 3074 3586 3087 ·
3620 3076 3636 3106 ι
3672 3057 3841 3108 Ὅταν
3866 3057 3994 3124 ἠθέ-

714 3165 986 3228 regionem
1051 3165 1288 3233 aliquam
1330 3171 1553 3234 perdere
1581 3168 1912 3230 volebamus,
1980 3168 2307 3236 jubebamus
2333 3177 2377 3234 C
2411 3160 2459 3211 λε

2256 3185 2307 3224 δε
2333 3177 2377 3234 c
2411 3160 2577 3228 λομεν
2611 3154 2876 3209 ἀπολέσαι
2910 3152 3132 3221 χωρίον,
3167 3150 3495 3219 ἐκελεύομεν
3533 3153 3644 3212 τοῖς
3677 3151 3910 3201 ἑστῶσιν
3943 3152 4001 3202 ἐν

717 3256 962 3309 homines
988 3257 1038 3308 in
1071 3259 1258 3312 eadem
1287 3271 1529 3328 agentes,
1549 3277 1666 3316 sese
1693 3261 1837 3314 luxui
1861 3270 1916 3315 et
1940 3261 2310 3330 intemperan-

716 3352 804 3402 tiae
839 3351 1034 3402 dedere
1069 3369 1081 3403 :
1118 3360 1170 3404 et
1199 3352 1297 3405 hoc
1330 3353 1598 3407 decretum
1634 3356 1698 3407 de
1727 3354 2027 3421 perditione
2047 3356 2306 3420 ipsorum,

717 3443 783 3492 de
827 3441 954 3508 ipsis
987 3458 1172 3496 verum
1224 3445 1404 3509 ﬁebat,
1467 3460 1570 3498 una
1624 3461 1745 3498 cum
1803 3446 2068 3497 oraculo:
2122 3455 2175 3498 et
2234 3446 2313 3497 sic

719 3536 865 3606 ipsos
897 3551 1020 3588 vere
1053 3537 1459 3603 perdomuimus
1495 3556 1508 3590 :
1544 3539 1849 3606 multosque
1877 3538 2216 3608 perdidimus
2245 3554 2310 3591 ex

721 3630 934 3682 sreculis
967 3629 1073 3682 illis
1122 3638 1244 3697 post
1270 3629 1400 3684 Nee.
1439 3649 1456 3681 ι
1497 3629 1624 3684 llaec
1667 3632 1829 3684 verba
1861 3633 2076 3684 cuinam
2131 3634 2314 3698 potius

721 3724 1042 3775 tonveniant
1070 3724 1092 3774 ?
1118 3721 1298 3776 Deone
1327 3724 1519 3776 salutis
1552 3726 1802 3778 humana:
1825 3725 2049 3788 amanti,
2084 3739 2151 3777 an
2187 3737 2315 3777 vero

723 3815 977 3878 daunoni,
1008 3814 1098 3882 qui
1163 3813 1410 3867 homines
1472 3829 1687 3866 summo
1741 3813 1865 3867 odio
1920 3813 2313 3884 prosequitur?

722 3905 933 3959 lietISne
980 3906 1133 3971 jubet
1192 3905 1438 3960 homines
1469 3906 1896 3974 intemperanter
1964 3907 2148 3961 vivere
2181 3951 2196 3972 ,
2246 3924 2314 3962 an

721 3999 1009 4051 diabolus?
1042 3999 1109 4050 At
1143 3998 1233 4065 qui
1260 3996 1409 4066 iubet
1433 3998 1860 4066 intemperanter
1887 3998 2090 4061 vivere,
2156 4001 2199 4055 is
2232 4011 2317 4054 est

719 4102 911 4146 auctor
976 4091 1410 4160 intemperantia:
1432 4102 1487 4146 et
1514 4092 1880 4160 luxus,atque
1930 4093 2068 4146 adeo
2120 4094 2315 4164 majori

724 4199 882 4252 P0308
913 4185 1134 4253 dignus.

795 4278 970 4331 Moses
1000 4278 1223 4345 quidem
1275 4276 1474 4331 litteris
1509 4276 1788 4330 mandavit
1853 4278 1994 4345 quod
2041 4277 2174 4330 Filii
2222 4278 2320 4334 Det

722 4372 948 4424 videntes
987 4369 1126 4436 ﬁlias
1157 4370 1432 4422 hominum
1465 4370 1602 4437 quod
1632 4377 1803 4424 essent
1843 4369 2108 4436 formosae.
2149 4372 2317 4426 duxe-

725 4461 953 4530 ωιιιςείὺὶ
981 4475 1171 4514 uxores
1220 4461 1240 4491 ⁸
1263 4480 1275 4515 :
1330 4460 1468 4514 ﬁlios
1495 4461 1584 4515 Dei
1606 4471 1855 4531 posteros
1874 4460 2317 4531 Sethiappellaus

721 4559 824 4624 (sic
855 4555 999 4608 enim
1037 4553 1128 4605 ille
1182 4555 1492 4608 nominatus
1519 4563 1599 4608 est
1622 4554 2072 4609 obimitationem
2127 4555 2224 4610 Dei
2265 4566 2321 4611 et

721 4650 961 4702 studium
1039 4648 1308 4713 virtutis,
1377 4649 1651 4715 vitamque
1732 4647 2111 4719 religiosam),
2172 4651 2316 4716 ﬁlias

722 4753 850 4790 vero
876 4740 1143 4791 hominum
1176 4738 1314 4791 dixit
1353 4752 1468 4801 eas,
1524 4751 1642 4792 aute
1674 4751 1701 4788 a
1734 4737 1907 4790 Caino
1943 4750 2128 4794 essent
2191 4757 2318 4809 pro.

722 4841 918 4883 creatae
958 4842 1050 4884 at.t
1079 4833 1145 4885 ab
1183 4833 1302 4900 ipso
1351 4845 1522 4900 genus
1551 4837 1833 4886 ducerent.
1869 4830 2138 4888 Moameth
2191 4849 2318 4889 vero

720 4936 910 4977 eontra
970 4924 1154 4978 dixit:
1199 4934 1254 4978 et
1305 4938 1402 4992 pro
1453 4925 1576 4978 [iliis
1623 4926 1839 4992 quidem
1916 4926 2007 4978 Dei
2094 4927 2317 4995 angelos

720 5017 953 5071 felltitlas
1007 5017 1331 5082 nominavit,
1368 5026 1425 5071 ut
1466 5026 1552 5072 est
1612 5017 1662 5071 in
1701 5017 1898 5072 fabulis
1956 5016 2314 5073 Graecorum:

724 5109 813 5158 Ast
847 5107 948 5159 Iris
994 5106 1205 5161 Helena:
1228 5106 1477 5175 [omnem
1510 5107 1698 5160 nuntia
1731 5106 1933 5160 venit‘.
1969 5105 2076 5160 Pro
2108 5104 2320 5163 ﬁliabus

724 5217 853 5253 vero
909 5201 1187 5256 hominum
1252 5200 1389 5255 filios
1455 5201 1732 5255 hominum
1769 5200 2041 5265 subjecit;
2091 5210 2146 5254 et
2173 5199 2319 5270 quod

725 5297 972 5347 omnium
1013 5296 1246 5350 maxime
1289 5295 1600 5350 miserabile
1632 5305 1740 5360 est,
1778 5296 1893 5349 haec
1927 5310 1955 5347 a
2008 5294 2117 5348 Deo
2175 5293 2317 5347 facta

727 5397 939 5448 narrat,
967 5402 1088 5440 cum
1137 5387 1213 5439 ait
1247 5405 1260 5440 :
1301 5404 1319 5437 t
1360 5386 1532 5454 Elegit
1579 5385 1843 5439 Dominus
1881 5395 2063 5439 noster
2117 5383 2260 5438 ﬁlios
2302 5399 2318 5437 :

727 5489 779 5531 et
805 5481 1098 5548 aceepitex
1167 5479 1373 5547 angelis
1435 5479 1653 5547 quidem
1716 5477 1963 5530 feminas.
2037 5475 2143 5531 Vos
2190 5490 2323 5530 vero

729 5573 898 5624 ardua
962 5573 1209 5640 quaedam
1265 5583 1318 5625 et
1395 5586 1590 5640 magna
1648 5569 2036 5639 pronuntiatis,
2107 5569 2156 5622 id
2215 5578 2322 5634 est,

732 5663 901 5717 Deum
939 5666 1141 5718 liberes
1175 5666 1375 5720 habere
1409 5664 1748 5736 divulgatis:
1795 5665 1958 5716 immo
1983 5676 2108 5714 vero
2142 5663 2326 5731 potius

807 5830 822 5860 '
852 5826 1040 5884 Matth.
1079 5846 1157 5893 ιιι,
1193 5829 1292 5882 Π·
1342 5844 1474 5894 xvii,
1510 5828 1563 5883 ὅ.
1644 5828 1661 5856 ’
1689 5823 1847 5880 Joau.
1882 5841 1978 5889 xu,
2008 5823 2097 5878 ‘23.

2178 5823 2198 5855 ³
2231 5823 2368 5878 Gen.
2402 5838 2454 5878 v1
2512 5821 2567 5874 ‘2.

2413 3250 2583 3318 αύτῷ,
2609 3249 2704 3300 καὶ
2734 3247 3011 3316 ὴσώτευον
3030 3247 3087 3296 ὲν
3123 3241 3273 3312 αύτῷ
3297 3259 3310 3271 °
3337 3243 3433 3295 καὶ
3467 3242 3772 3294 ἐδικαιοῦτο
3814 3243 4002 3293 ἐπάνω

2415 3342 2597 3395 αὐτῶν
2656 3341 2684 3392 ὁ
2735 3341 2915 3407 λόγος,
2973 3340 3000 3390 ὁ
3034 3337 3135 3405 τῆς
3169 3336 3446 3396 ἀπωλείας
3495 3336 3676 3386 αὐτῶν
3733 3334 4000 3402 δηλονότι,

2415 3434 2512 3486 καὶ
2542 3433 2640 3502 τῆς
2694 3429 2816 3482 κατ’
2857 3428 3036 3481 αὐτῶν
3088 3429 3457 3493 ἀποφάσεως·
3508 3427 3602 3477 καὶ
3647 3425 4004 3493 ὲδαμὰσαμεν

2415 3526 2612 3588 αὐτοὺς
2639 3525 2911 3593 δαμάσει,
2948 3522 3045 3574 καὶ
3087 3519 3322 3581 πολλοὺς
3374 3518 3742 3586 ἀπωλέσαμεν
3785 3519 3849 3568 ἐκ
3896 3517 4007 3568 τῶν

2416 3619 2618 3684 γενεῶν
2646 3617 2785 3686 μετά
2810 3616 2899 3668 τὸν
2939 3615 3083 3666 Νῶε.
3113 3631 3130 3664 ι
3167 3612 3358 3664 Ταῦτα
3380 3611 3448 3662 τὰ
3486 3612 3714 3679 ῥήματα
3735 3610 3838 3660 τένι
3861 3611 4007 3678 pi}...

2420 3710 2513 3764 λον
2555 3709 2809 3779 ἁρμόζει,
2845 3705 2924 3776 τῷ
2981 3702 3356 3772 φιλανθρώπῳ
3402 3701 3542 3771 Θεῷ,
3601 3703 3632 3768 ἢ
3692 3701 3768 3767 τῷ
3810 3716 4009 3766 μισαν-

2418 3804 2624 3874 θρώπῳ
2649 3801 2897 3870 δαίμονι;
2925 3797 3058 3856 Θεὸς
3082 3796 3298 3849 κελεύει
3327 3794 3649 3857 ἀσωτεύειν,
3671 3793 3703 3862 ἢ
3723 3792 4009 3856 διὰϐολοςς

2429 3898 2488 3950 Ὀ
2515 3896 2571 3948 δὲ
2601 3893 2840 3947 κελεύων
2873 3891 3202 3955 ἀσωτεύειν,
3254 3891 3463 3951 ἐκεῖνος
3497 3886 3598 3954 τῆς
3648 3885 3888 3946 ἀσωτίας
3923 3886 4011 3936 αἴ-

2417 4007 2531 4054 τιος
2567 3988 2826 4060 μάλιστα,
2847 3986 2942 4040 καὶ
2974 3984 3224 4046 πλείονος
3253 3983 3529 4044 κολάσεως
3565 3981 3738 4046 ἄξιος.

2493 4261 2702 4332 Μωσῆς
2741 4258 2843 4328 μὲν
2893 4255 3155 4327 ἔγραψεν,
3189 4255 3272 4307 ὅτι
3323 4251 3585 4316 Ἰδόντες
3634 4251 3690 4303 οἱ
3740 4252 3855 4302 vici
3911 4249 4014 4301 τοῦ

2422 4352 2569 4406 Θεοῦ
2618 4351 2726 4415 τὰς
2780 4347 3113 4418 θυγατέρας
3158 4345 3276 4399 τῶν
3318 4345 3669 4412 ἀνθρώπων,
3712 4343 3799 4395 ὅτι
3836 4347 4015 4393 παλαι

2421 4447 2604 4507 είσιν,
2630 4441 2924 4495 ἐλάϐοντο
2943 4438 3180 4504 ἑαυτοῖς
3198 4436 3495 4507 γυναῖκας
3518 4453 3533 4468 ο
3583 4437 3734 4496 υἱοὺς
3767 4435 3862 4502 μὲν
3881 4434 4016 4485 Θεοῦ

2425 4540 2553 4600 τοῦς
2577 4536 2881 4604 ἀπογόνους
2916 4533 3011 4585 τοῦ
3045 4532 3152 4601 Σὴθ
3196 4528 3628 4599 προσαγορεύων
3683 4525 3849 4596 (οὕτω
3910 4527 4017 4596 γὰρ

2426 4632 2574 4684 δοκεῖ
2608 4629 2926 4696 ὠνομάσθαι
2960 4627 3048 4679 διὰ
3100 4625 3162 4678 τὸ
3198 4624 3540 4694 θεομίμητον
3573 4620 3740 4674 αὐτοῦ
3786 4619 3883 4672 καὶ
3918 4621 4019 4687 τὴν

2426 4723 2687 4792 ἐνάρετον
2729 4722 2821 4774 καὶ
2888 4718 3100 4789 εὐλαϐῆ
3154 4716 3484 4787 πολιτείαν),
3557 4716 3894 4784 θυγατέρας
3953 4712 4018 4766 δὲ

2426 4816 2762 4885 ἀνθρώπων
2791 4815 2890 4876 τὰς
2914 4815 2977 4867 ἐκ
3004 4812 3101 4866 τοῦ
3126 4812 3267 4866 Κάῖν
3303 4812 3399 4865 καὶ
3429 4810 3535 4864 τῶν
3566 4809 3625 4872 ἐξ
3653 4807 3820 4861 αὐτοῦ
3853 4826 4019 4860 κατα-

2427 4912 2713 4982 γομένων
2766 4912 2795 4963 ό
2850 4909 2906 4961 δὲ
2947 4906 3196 4977 Μωάμεθ
3239 4905 3555 4958 τούναντίον
3614 4903 3863 4972 εἴρηκεν·
3899 4902 4023 4954 ἀντὶ

2429 5006 2530 5076 μὲν
2559 5005 2668 5058 τῶν
2705 5001 2838 5056 υἱῶν
2873 5001 2968 5054 τοῦ
3034 5000 3173 5052 Θεοῦ
3223 4999 3447 5066 θηλείας
3499 4994 3768 5063 ἀγγέλους
3825 4995 4018 5057 εἰπὼν,

2426 5098 2570 5154 κατά
2595 5095 2688 5150 τὸν
2719 5096 2964 5165 Ἕλληνα
3018 5093 3210 5164 μῦθον,
3251 5087 3409 5160 Ἶρις
3442 5089 3493 5141 δ’
3519 5085 3597 5143 αὗ
3634 5088 3842 5153 Ἑλένῃ
3881 5091 4025 5140 λευ-

2424 5194 2669 5256 κωλένῳ
2699 5189 2960 5260 ἄγγελος
3006 5183 3231 5259 ἦλθεν
3279 5186 3401 5238 ἀντὶ
3454 5185 3511 5237 δὲ
3541 5183 3648 5235 τῶν
3702 5182 4027 5260 θυγατέρων

2427 5286 2536 5339 τῶν
2563 5259 2869 5354 ἀνθρώπων
2901 5283 3055 5338 υἱοὺς
3108 5278 3415 5349 ἀνθρώπων
3460 5273 3780 5342 ἐπαγαγών.
3809 5259 3921 5325 ΚΞὶ
3964 5273 4027 5321 τδ

2433 5379 2653 5433 πάντων
2689 5375 3086 5439 ὲλεεινότατον,
3123 5374 3206 5426 ὅτι
3238 5371 3391 5440 παρὰ
3419 5368 3554 5421 Θεοῦ
3587 5367 3747 5419 τοῦτο
3769 5364 4025 5434 γενέσθαι

2433 5470 2822 5539 καταγγέλλει,
2857 5468 3032 5534 λέγων
3055 5483 3068 5496 ο
3107 5485 3125 5516 t
3151 5463 3468 5529 Ἐξελέξατο
3515 5461 3722 5531 Κύριος
3773 5457 3932 5528 ἡμῶν
3960 5455 4028 5505 τὰ

2436 5564 2636 5614 τέκνα·
2668 5561 2762 5612 καὶ
2797 5559 2993 5610 ἔλασεν
3027 5559 3090 5609 ὲκ
3125 5555 3234 5607 τῶν
3265 5553 3516 5623 ἀγγέλων
3547 5551 3790 5622 θηλείας.
3836 5547 4026 5615 Ὑμεῖς

2435 5655 2491 5708 δὲ
2514 5656 2703 5724 λέγετε
2738 5651 2933 5720 λόγους
2981 5650 3278 5720 μεγάλους,
3341 5646 3591 5702 τουτέστι
3639 5643 3908 5714 φημίξετε
3938 5638 4030 5691 τὸν

2645 5820 2665 5851 ⁸
2708 5818 2864 5874 Iliad.
2907 5833 2993 5873 ιιι.
