4420 6462
439 377 573 438 ί3ί5

1321 382 1696 440 ΡλΝὲἶὶιῚιιᾹ
1743 380 2200 441 DOGMATICA.
2242 405 2302 415 --
2344 381 2495 442 Τιτ.
2541 381 2816 441 XXVIII.

3564 387 3699 448 lSit’i

429 491 562 542 Θεὸν
595 491 740 551 aiio");
767 491 913 559 ἔχειν
950 509 959 520 ·
1002 493 1201 560 μᾶλλον
1235 492 1331 557 μὲν
1359 487 1449 542 οὖν
1486 493 1705 560 θηλείας
1754 489 2023 557 ἀγγέλους
2056 494 2096 550 Α
2129 503 2174 539 at

1953 505 2023 551 ,υς
2056 494 2096 550 Α
2129 489 2350 554 angelos
2387 489 2636 553 fetutinas,
2694 490 2959 558 nymphas
3014 492 3160 545 dedit
3213 493 3297 548 ille
3342 495 3464 549 ﬁliis
3526 498 3698 550 homi-

433 582 653 650 νύμφας
683 583 886 634 δέδωκε
924 585 1035 644 τοῖς
1070 585 1205 645 υἱοῖς
1235 583 1343 634 τῶν
1391 582 1698 651 ἀνθρώπων
1721 599 1734 611 ’
1782 581 1841 646 ἐξ
1870 573 1943 633 ὧν
1966 582 2017 634 οῑ

430 674 686 739 γίγαντες
746 675 1138 742 ἐγεννήθησαν.
1182 693 1199 724 ι
1256 675 1366 726 Kal.
1413 675 1496 725 ὅτι
1547 675 1645 743 μὲν
1706 673 1762 725 αι
1799 673 2018 741 θήλειαι

429 762 651 828 ἄγγελοι
680 761 780 814 οὔκ
811 765 918 815 εἰσι
951 763 1254 833 θυγατέρες
1300 763 1458 829 Θεοῦ,
1495 766 1636 816 κατὰ
1684 766 1776 816 τὸν
1812 763 1889 826 ις’
1917 763 2017 831 μῦ-

432 853 548 918 θον,
591 855 809 922 ὄμνυσι,
889 856 982 907 καὶ
1039 856 1448 926 ὲπαρᾶται·τὸν
1498 856 1659 908 τοῦτο
1698 855 2020 924 ὑπολαμϐά-

431 963 615 998 νοντα·
644 947 728 998 ὅτι
755 947 812 999 δὲ
845 946 1064 1016 θήλειαι
1095 947 1320 1014 ἄγγελοί
1376 947 1537 1011 εἰσιν,
1565 948 1868 1013 ἐνίσταται,
1920 949 2017 1002 καὶ

365 1091 368 1095 ,
430 1037 844 1107 διισχυρίζεται.
889 1039 1031 1090 Ἀλλ’
1061 1041 1109 1091 εί
1143 1041 1236 1092 καὶ
1270 1040 1479 1108 δοθείη,
1523 1042 1660 1109 ὅπερ
1705 1042 2012 1110 ἀμήχανον,

430 1133 598 1200 ἄνδρα
629 1133 819 1204 θηλείᾳ
850 1134 1066 1202 ἀγγέλῳ
1099 1135 1418 1203 μίγνυσθαι,
1450 1137 1543 1188 καὶ
1575 1138 1934 1205 σπερμαίνειν
1961 1137 2017 1190 ἐν

430 1226 567 1292 αὐτῇ
590 1241 603 1253 ·
647 1226 706 1275 ἐν
737 1224 867 1292 ποία
889 1225 1072 1294 μήτρᾳ
1108 1224 1322 1288 συνέξει
1352 1225 1448 1276 καὶ
1483 1223 1698 1288 ζωὼσει
1734 1227 1793 1276 τὸ
1821 1243 2015 1291 σωμα-

428 1314 582 1366 τικὸν
606 1315 830 1382 σπέρμα
860 1316 893 1384 ἡ
928 1314 1258 1382 ἀσώματος;
1293 1315 1429 1384 ῐΙοίᾳ
1457 1316 1512 1367 δὲ
1547 1315 1874 1383 καταλλήλῳ
1912 1313 2016 1384 ὕλῃ

431 1404 625 1473 θρέψει
652 1404 848 1469 colito;
909 1406 1026 1466 πῶς
1055 1406 1110 1457 δὲ
1167 1406 1264 1459 καὶ
1301 1409 1633 1472 έγγὰστριον
1669 1405 1926 1474 περιάξει
1957 1406 2018 1456 τὸ

431 1496 662 1565 βρέφος;
698 1498 815 1559 πῶς
853 1498 910 1549 δὲ
941 1501 1033 1550 καὶ
1069 1499 1410 1567 γαλουχήσει
1454 1498 1512 1549 τὸ
1546 1499 1757 1566 χυμοὺς
1791 1497 2018 1565 θρεπτι-

428 1589 558 1650 κοῦς
588 1588 778 1651 εἰωθὸς
808 1590 1149 1642 ἐπισπᾶσθαι
1213 1590 1354 1652 ζῶον
1405 1592 1438 1657 ἠ
1476 1591 1638 1651 ἇῦλος
1668 1591 1760 1642 καὶ
1787 1590 2018 1658 ἄναιμος

428 1681 626 1747 φύσις
687 1681 803 1735 Οὐκ
849 1682 959 1751 ἄρα
999 1684 1219 1743 πάντως
1257 1684 1380 1733 οὔτε
1440 1682 1633 1751 θήλεια
1667 1683 1818 1733 ἐστιν
1851 1681 2019 1749 ἄγγε-

429 1772 549 1835 λος’
585 1775 646 1824 τὸ
681 1776 788 1842 γὰρ
822 1775 993 1844 ἅῤῥεν
1033 1779 1126 1826 καὶ
1159 1776 1220 1827 τὸ
1277 1776 1413 1843 θῆλυ
1444 1777 1717 1843 σωμάτων
1746 1775 1874 1827 ἴδια.

2125 579 2568 645 tttitn;cqnibus
2602 580 2848 645 gigantes
2899 582 3012 633 nati
3073 591 3218 635 sunt.
3306 603 3322 633 ι
3386 583 3502 638 Jam
3567 603 3695 640 vero

2123 667 2343 734 angelos
2381 667 2612 718 feminas
2640 683 2745 719 non
2789 682 2909 722 esse
2942 668 3078 723 filias
3110 670 3227 734 Dei,
3263 684 3321 723 ut
3379 683 3460 726 e~t
3513 674 3562 725 in
3616 676 3697 726 fa-

2121 757 2258 810 bella
2293 758 2789 825 xvr,jurejurando
2857 759 3129 823 amrmat;
3190 779 3423 829 eumque
3474 767 3563 832 qui
3633 770 3700 818 il.t

2122 851 2398 918 opinetur,
2431 861 2770 904 exsecratur.
2802 854 2952 917 Quod
2979 869 3103 905 vero
3128 853 3340 908 feinince
3370 857 3542 924 angeli
3573 861 3699 920 sint,

2122 942 2646 1012 iterntniterumquc
2701 944 2929 998 allirmat
2981 956 3034 998 et
3095 950 3384 1015 pertendit.
3438 949 3590 1013 Quod
3657 953 3699 1000 si

2121 1039 2285 1089 etiam
2342 1038 2584 1103 daretur,
2651 1040 2793 1106 quod
2844 1047 3022 1090 tamen
3091 1040 3204 1091 fieri
3268 1044 3475 1108 ltf‘qttil,
3527 1047 3699 1094 \éiuin

2121 1145 2238 1182 cum
2271 1130 2468 1183 femina
2498 1133 2687 1198 angelo
2719 1147 2829 1183 rem
2857 1132 3079 1196 habere,
3123 1146 3176 1185 ct
3231 1149 3414 1186 semen
3461 1138 3510 1186 in
3554 1152 3703 1187 eain-

2122 1224 2520 1277 dem.emittere
2557 1241 2572 1276 :
2607 1239 2862 1292 quanam,
2901 1227 3055 1285 cedo,
3112 1227 3340 1280 matrice
3382 1229 3700 1289 continebit,

2121 1325 2172 1363 et
2207 1313 2386 1365 vivum
2424 1314 2619 1366 elliciet
2646 1329 2708 1368 ea
2729 1330 2848 1383 quae
2874 1318 3122 1384 corporis
3146 1327 3226 1368 est
3259 1333 3472 1382 expers,
3517 1336 3702 1371 semen

2122 1420 2445 1472 corporeum
2483 1407 2504 1456 ?
2547 1406 2768 1468 Deinde,
2813 1422 3050 1474 quanam
3079 1420 3415 1476 enngrucnte
3450 1411 3704 1464 alimonia

2122 1501 2324 1554 nutriet
2369 1501 2510 1553 istud
2541 1501 2562 1553 ?
2590 1504 2862 1570 quomodo
2931 1502 3213 1567 infantem,
3253 1508 3341 1572 qui
3398 1516 3522 1559 ante
3580 1524 3707 1576 par-

2124 1603 2236 1644 tum
2295 1593 2346 1644 in
2396 1602 2584 1646 ventre
2649 1594 2883 1657 fovetur,
2976 1597 3324 1649 circumferet
3387 1599 3407 1649 ‘.’
3463 1597 3706 1665 Denique

2120 1685 2392 1751 quomodo
2427 1685 2563 1739 lacte
2591 1685 2791 1738 fovebit
2817 1688 3035 1750 animal,
3068 1689 3208 1756 quod
3238 1705 3429 1742 succos
3458 1695 3705 1743 nutrien-

2122 1783 2200 1826 tcs
2268 1775 2540 1827 attrahere
2606 1777 2934 1840 censuerit,
3016 1792 3076 1830 ea
3137 1795 3258 1846 qua:
3321 1781 3564 1831 materia:
3651 1789 3703 1829 et

427 1867 713 1935 sanguinis
751 1876 833 1918 est
885 1882 1085 1937 expers
1114 1870 1352 1922 natura?
1418 1867 1536 1922 Non
1585 1869 1754 1937 igitur
1827 1867 2053 1921 omnino
2085 1877 2166 1920 cst
2221 1868 2443 1934 angelus
2472 1867 2710 1923 femina:
2752 1870 2952 1924 femina
2997 1872 3141 1925 enim
3205 1883 3260 1926 et
3326 1890 3441 1927 nias
3493 1876 3704 1941 proprii

428 1967 552 2011 sunt
599 1974 977 2026 corpororuin.

505 2051 558 2105 ι’.
580 2053 808 2121 Εἰσάγει
834 2056 926 2108 τὸν
945 2055 1078 2110 Θεὸν
1099 2057 1249 2128 αὐτῷ
1266 2056 1509 2112 τοιοῦτον
1527 2059 1689 2130 ὅρκον
1717 2057 2012 2127 ὀμνύοντα,
2047 2063 2090 2117 Β

434 2163 451 2194 ι
493 2144 577 2197 Μὰ
613 2146 807 2213 φουλκὶ
857 2147 969 2198 τῶν
1037 2148 1311 2215 φουλκῶν,
1364 2149 1457 2201 καὶ
1499 2149 1851 2218 προθίσματα
1885 2165 2017 2216 προ-

428 2237 734 2306 θισμάτων.
779 2258 795 2289 ι
859 2240 966 2292 Kal.
1026 2237 1187 2302 αὖθις
1227 2242 1283 2294 ὲν
1334 2243 1510 2312 ἑτέρῳ
1545 2242 1818 2311 μυθαρίῳ,
1863 2261 1879 2292 ι
1927 2242 2020 2294 Μὰ

427 2328 733 2397 λικμοῦντα
787 2330 1155 2400 λικμούντων,
1211 2332 1307 2384 καὶ
1362 2333 1740 2402 βασταζούσας
1788 2333 2013 2401 γάμους,

431 2423 524 2473 καὶ
562 2422 862 2492 τρεχούσας
904 2423 1142 2488 εὐθεῖαν,
1191 2427 1287 2477 καὶ
1320 2428 1387 2478 τὰ
1425 2425 1720 2493 μερίζονται
1759 2429 2020 2496 πραγμα-

430 2531 501 2565 τα
523 2527 534 2539 ⁸
580 2532 597 2563 ›
637 2515 728 2565 καὶ
754 2515 917 2566 πάλιν
942 2515 999 2566 ὲν
1027 2515 1218 2585 έτέρῳο
1248 2534 1266 2566 ι
1290 2515 1384 2569 Μὰ
1412 2517 1472 2568 τὸ
1505 2516 1648 2584 ὅρος,
1683 2518 1778 2569 καὶ
1802 2517 2020 2586 γραφὴν

432 2605 854 2674 δ.στιχισμένην
886 2607 945 2657 ὲν
982 2605 1294 2676 μεμὸρὰνῳ
1325 2607 1456 2674 λιτῴ
1487 2623 1501 2636 ·
1535 2610 1629 2658 καὶ
1663 2607 1722 2658 τὸ
1757 2607 2020 2676 ὀσπήτιον

433 2700 494 2746 τὸ
527 2696 976 2768 ᾠκοδομημένον,
1002 2698 1096 2748 καὶ
1125 2699 1184 2749 τὸ
1218 2699 1407 2766 στέγος
1442 2699 1499 2752 τὸ
1531 2699 1890 2768 σηκούμενον,
1928 2701 2022 2752 καὶ

435 2789 531 2856 τὴν
559 2788 838 2840 θάλασσαν
867 2788 966 2858 τὴν
993 2790 1309 2860 δεδεμένην.
1353 2809 1370 2841 ι
1420 2791 1530 2842 Καὶ
1557 2794 1614 2843 ὲν
1651 2792 1863 2860 ἑτέροις
1888 2791 2023 2845 ἄλλα

437 2883 560 2931 τινα
591 2881 902 2950 βαρϐαρικὰ
920 2882 1014 2933 καὶ
1047 2883 1273 2949 ἀνόητα,
1308 2883 1403 2936 καὶ
1431 2884 1527 2952 τῆς
1561 2885 1726 2937 αὐτοῦ
1755 2886 2022 2956 φλυαρίας

439 2974 532 3024 καὶ
552 2973 982 3040 φρενοϐλαϐείας
1009 2974 1111 3026 οὐκ
1143 2975 1462 3028 ἀποδέοντα.
1495 2978 1605 3029 Kal.
1650 2977 1888 3047 ἀλλαχοῦ
1920 2979 2023 3032 πά-

438 3064 556 3114 λιν’
620 3083 636 3114 ι
682 3065 768 3117 Μὰ
818 3066 909 3118 τὸν
969 3066 1214 3135 κάλαμον
1270 3071 1364 3120 καὶ
1405 3069 1439 3122 "a
1485 3073 1856 3138 στιχίζουσι.»
1911 3071 2024 3124 Kal.

437 3155 601 3207 πάλιν
629 3157 686 3206 ἐν
709 3156 1071 3226 ἄλλοιςοὸρκον
1104 3159 1416 3228 πεποίηται,
1457 3179 1474 3210 ι
1517 3163 1608 3213 Μὰ
1640 3163 1738 3223 τὰς
1786 3162 2022 3215 ἀπολυο-

441 3249 607 3316 μένας
655 3248 889 3316 ὀρδίνου,
933 3249 1026 3299 καὶ
1090 3251 1427 3316 καταιγίδων
1500 3253 1864 3319 καταιγίδας,
1932 3255 2024 3306 καὶ

439 3339 800 3392 ἁπλωθέντων
832 3341 1166 3409 διπλώματα,
1200 3345 1295 3395 καὶ
1324 3344 1613 3412 χωρούσας
1642 3343 1901 3414 χώρημα,
1928 3347 2024 3398 καὶ

2192 2055 2282 2108 10,
2314 2054 2525 2109 Ιιι‹]υιὶ1
2565 2055 2728 2110 Deum
2759 2072 2914 2110 suum
2942 2057 3028 2110 tali
3058 2058 3412 2127 jurejurando
3450 2079 3566 2116 sese
3598 2069 3665 2117 oh
3686 2098 3706 2106 -

2126 2149 2480 2215 stringentem
2511 2166 2524 2202 :
2564 2167 2579 2198 ι
2614 2148 2704 2203 Na:
2742 2164 2836 2217 per
2869 2151 3093 2220 pbuleos
3122 2152 3463 2218 plmleorum,
3499 2169 3547 2209 et
3583 2176 3709 2226 pro-

2129 2242 2388 2295 lliismala
2427 2242 2865 2309 protltismalum.
2911 2263 2928 2295 ι
3000 2244 3064 2297 Ει
3096 2246 3291 2298 iterum
3328 2248 3376 2298 in
3412 2251 3513 2300 alia
3546 2255 3712 2305 label-

2126 2333 2171 2385 la
2211 2350 2224 2386 :
2272 2353 2288 2384 t
2341 2333 2430 2386 Nae
2473 2349 2568 2402 per
2604 2334 2865 2386 licnmnta
2904 2334 3255 2398 licmuntum,
3327 2348 3378 2389 et
3431 2353 3711 2406 portantes

2125 2440 2312 2489 onera,
2367 2436 2758 2492 currentesque
2817 2436 3019 2478 rectam
3051 2427 3214 2490 viam,
3249 2438 3304 2480 et
3335 2443 3395 2479 ea
3455 2449 3573 2500 qua:
3623 2452 3708 2487 res

2125 2515 2452 2582 partiuntur.
2494 2534 2509 2564 ι
2580 2515 2642 2567 lit
2677 2516 2868 2568 iterum
2903 2515 2959 2567 in
3021 2516 3124 2567 alia
3164 2536 3175 2569 :
3211 2535 3227 2567 ι
3285 2517 3372 2570 Νιρ
3405 2537 3498 2587 per
3561 2541 3710 2574 ιιιυιι-

2127 2612 2233 2657 tem
2268 2614 2322 2657 et
2370 2604 2699 2676 scripturam
2762 2604 2974 2659 duobus
3031 2608 3279 2663 versibus
3341 2615 3598 2680 scriptam
3659 2618 3708 2668 in

2125 2691 2440 2744 membrana
2503 2692 2693 2754 tenui;
2752 2701 2806 2745 et
2873 2692 3166 2761 hospitium
3254 2696 3599 2762 mdilicatum,
3660 2717 3713 2756 et

2128 2793 2336 2837 rectum
2372 2786 2514 2852 quod
2545 2786 2891 2853 appenditur,
2931 2795 2983 2838 et
3035 2802 3130 2856 per
3172 2805 3321 2843 mare
3380 2796 3642 2848 \‘inctnm.
3686 2817 3702 2849 ο

2129 2879 2195 2933 Ει
2229 2879 2281 2932 in
2313 2878 2436 2933 aliis
2497 2881 2600 2930 alia
2643 2881 2888 2944 ιμιςειίιιιη
2939 2881 3248 2945 barbarica,
3288 2886 3474 2948 stulta,
3507 2890 3714 2959 Iltt‘pla,

2130 2985 2230 3024 nec
2256 2969 2430 3023 aliena
2480 2969 2546 3022 ab
2612 2972 2782 3038 ipsius
2841 2972 2999 3038 nugis
3042 2983 3094 3025 et
3144 2978 3403 3030 amentia.
3470 2981 3531 3032 Et
3589 2983 3714 3036 alibi

2131 3077 2393 3115 rursum:
2465 3080 2482 3111 ι
2545 3061 2649 3114 Per
2717 3063 3011 3126 Calamum,
3083 3075 3137 3118 et
3206 3082 3326 3133 quae
3378 3070 3717 3141 distinguunt

2130 3167 2342 3205 versus.
2386 3169 2404 3202 ι
2442 3151 2505 3204 Ει
2549 3154 2741 3205 iterum
2778 3152 2828 3205 in
2863 3152 3384 3220 aliisjuramentnm
3419 3162 3656 3229 concipit
3697 3180 3714 3219 τ

2137 3261 2155 3293 ι
2200 3242 2302 3296 Per
2355 3244 2636 3298 absolutas
2671 3245 2886 3308 ordine,
2942 3255 2998 3297 et
3050 3262 3144 3312 per
3178 3250 3540 3314 procellarum
3598 3271 3720 3320 pro-

2135 3335 2325 3402 cellas,
2362 3352 2456 3405 per
2486 3351 2848 3404 expansormn
2885 3341 3272 3403 expansiones,
3311 3352 3364 3394 et
3431 3346 3717 3412 Cupientes

443 3433 745 3502 ῥιπτούσας
780 3401 1009 3503 γνώμην
1035 3401 1463 3506 ἁπολογητίξιήν.
1506 3455 1523 3486 ι
1592 3401 1917 3500 ιιζιιᾋὲθιῖς
1964 3439 2022 3492 ὲν
2052 3401 2095 3458 C
2137 3439 2188 3480 ε(

1966 3439 2022 3492 ὲν
2052 3401 2095 3458 C
2137 3435 2550 3495 coneeptamen,
2580 3436 2633 3479 et
2653 3426 2918 3494 iacientes
2940 3430 3263 3482 sententiam
3286 3431 3644 3488 defensor-iam
3667 3458 3711 3490 ,ι

440 3526 659 3588 ἄλλοιςο
701 3545 715 3575 ι
748 3526 840 3580 Μὰ
891 3527 988 3589 τὰς
1019 3529 1424 3597 ἀνασπωμένας
1471 3529 1727 3599 βόλισμα,
1765 3534 1859 3584 καὶ
1889 3533 2027 3600 ἀφε-

437 3619 670 3686 λομένας
698 3620 988 3687 ἀφέλωμα,
1048 3621 1140 3672 καὶ
1167 3622 1547 3688 κολυμὸούσας
1583 3624 1873 3692 κύλυμϐον,
1931 3627 2024 3677 καὶ

441 3708 824 3775 προλαϐούσας
861 3707 1226 3778 προλαϐωμα,
1253 3714 1348 3762 καὶ
1369 3712 1682 3776 διωκούσας
1702 3717 1939 3785 πρᾶγμα
1969 3718 2028 3768 έν

441 3804 626 3875 ἡμέρᾳ
677 3805 733 3856 ὲν
834 3803 968 3856 σείει
1002 3807 1226 3872 σεισμός
1249 3825 1261 3837 ο
1306 3826 1324 3859 ι
1388 3810 1484 3861 xal.
1519 3807 1675 3873 αὖθις
1708 3812 1764 3864 ὲν
1819 3813 2024 3884 ἑτέρῳο

450 3918 466 3947 ι
496 3899 696 3951 Mith
713 3899 944 3969 οὐρανὸν
963 3899 1054 3952 τὸν
1081 3903 1537 3970 πεπυργωμένον,
1569 3905 1659 3954 καὶ
1687 3903 1783 3972 τὴν
1813 3905 2028 3974 ἡμέραν

448 3991 547 4060 τῆς
582 3993 882 4058 συνταγῆςο
903 3993 996 4044 καὶ
1027 3992 1238 4062 μάρτυν
1259 3994 1354 4044 καὶ
1389 3993 1894 4062 μαρτυρούμενον.»
1920 3995 2032 4046 Kal.

443 4083 606 4137 πάλιν
645 4083 701 4133 ἐν
737 4083 911 4152 ἑτέρῳ
936 4102 949 4115 ·
991 4103 1010 4135 ι
1041 4085 1132 4137 Μὰ
1174 4085 1264 4136 τὸν
1293 4086 1525 4155 οὐρανὸν
1579 4087 1675 4140 καὶ
1707 4088 1799 4140 τὸν
1838 4089 2030 4142 Ἀλτα-

443 4175 552 4245 ρίκ.
589 4193 607 4226 ι
639 4174 747 4227 Καί
777 4179 829 4228 τί
862 4173 1012 4237 οἶδας
1044 4177 1096 4228 τί
1121 4176 1183 4228 τὸ
1219 4177 1516 4246 Ἀλταρίκ;
1562 4178 1619 4232 Ὀ
1645 4179 1822 4249 ἀστὴρ
1851 4182 1878 4233 ὁ
1902 4197 2033 4251 τρυ-

442 4269 650 4339 πητός·
710 4271 804 4322 καὶ
860 4272 917 4322 ὲν
979 4270 1124 4339 ἄλλῳ
1168 4271 1366 4323 πάλιν
1429 4289 1447 4322 ι
1483 4272 1575 4324 Μὰ
1605 4273 1667 4324 τὸ
1706 4271 1890 4340 αὖγος
1940 4275 2034 4325 καὶ

441 4363 645 4425 νύκτας
675 4363 839 4415 δέκα·
871 4364 964 4417 καὶ
999 4364 1030 4432 ὴ
1065 4364 1205 4433 ζυγὴ
1232 4365 1325 4416 καὶ
1357 4365 1388 4430 ὴ
1425 4363 1678 4433 ἀποξυγή
1702 4381 1716 4394 ·
1749 4365 1844 4417 καὶ
1873 4369 1905 4435 ἡ
1937 4365 2036 4430 νὺξ

444 4460 574 4509 όταν
597 4454 945 4522 ὲφαπλῶται.
979 4473 996 4506 ι
1025 4455 1134 4506 Kal
1163 4455 1318 4517 αὖθις
1342 4458 1398 4507 ἐν
1420 4456 1566 4524 ἄλλῳ
1586 4472 1599 4485 ·
1624 4475 1642 4507 ι
1672 4457 1766 4509 Μὰ
1803 4455 1900 4517 τὰς
1937 4473 2034 4507 συ-

445 4551 546 4612 κᾶς
575 4551 667 4600 καὶ
692 4549 788 4609 τὰς
818 4547 1004 4609 ὲλαίας
1027 4547 1123 4598 τοῦ
1141 4548 1291 4608 Σινᾶ,
1317 4548 1411 4600 καὶ
1433 4548 1640 4617 ταύτην
1668 4549 1768 4617 τὴν
1793 4547 2028 4618 χώραν.»

445 4643 556 4694 Kal
595 4643 652 4694 ὲν
684 4641 831 4709 ἄλλῳ
865 4639 1027 4692 πάλιν
1050 4655 1062 4669 ·
1109 4657 1126 4690 ι
1167 4641 1260 4692 Μὰ
1295 4641 1393 4701 τὰς
1447 4640 1764 4710 δραμούσας
1809 4643 1866 4693 ἐν
1900 4641 2035 4694 ὑλα-

446 4734 657 4802 κισμῴ,
707 4734 803 4785 καὶ
838 4733 936 4794 τὰς
981 4730 1340 4794 δεικνυούσας
1369 4733 1707 4803 πυροὸολίαν
1735 4772 1749 4795 ,
1811 4733 1907 4785 καὶ
1936 4734 2035 4794 τὰς

451 4826 894 4899 περιπιπτούσας
929 4827 1010 4888 εἰς
1037 4825 1098 4877 τὸ
1126 4841 1317 4892 αυγος,
1349 4828 1439 4877 καὶ
1468 4827 1929 4894 ταράξαντας-είς
1977 4827 2036 4880 τὸ

451 4918 822 4992 ὑδρόσταθμα.
861 4937 879 4969 ι
932 4919 1040 4970 Kal.
1074 4917 1312 4987 ἀλλαχοῦ
1337 4934 1348 4946 ·
1394 4936 1412 4968 ι
1443 4918 1536 4970 Μὰ
1578 4919 1674 4970 τὸν
1718 4917 1974 4990 Ἀλεζερ.
2012 4938 2030 4970 ι

451 5015 669 5068 Τούτων
696 5013 752 5066 δὲ
770 5011 876 5065 τῶν
902 5012 1083 5081 ὅρκων
1118 5012 1246 5073 τοὺς
1280 5011 1378 5076 μὲν
1403 5010 1497 5062 τοῦ
1526 5009 1656 5081 παρ’
1693 5010 1861 5064 αὑτοῦ
1899 5011 2036 5064 Θεοῦ

453 5123 617 5175 φησιν
649 5100 806 5168 εἶναι,
837 5103 961 5163 τοὺς
986 5100 1044 5153 δὲ
1072 5100 1233 5160 αὐτὸς
1252 5099 1472 5168 ὄμνυσι,
1507 5099 1906 5169 καταπλήττων
1933 5100 2036 5153 κάν

451 5199 660 5260 τούτοις
693 5197 816 5257 τοὺς
845 5193 1182 5263 βαρϐάρους,
1229 5193 1324 5246 καὶ
1378 5192 1550 5245 θέλων
1602 5191 1771 5258 δεῖξαι
1827 5191 2037 5256 τούτοις

455 5290 797 5361 πολυμαθὴς,
827 5288 920 5340 καὶ
936 5285 1106 5356 βαθέα
1136 5289 1416 5355 μυστήρια
1438 5285 1828 5354 ἐπιστάμενος,
1853 5285 2042 5355 ὥσπερ

455 5385 549 5438 καὶ
576 5385 702 5436 ὅταν
730 5383 886 5452 λέγῃ,
920 5398 938 5431 ι
985 5377 1302 5447 Ἐπιγραφὴ
1337 5380 1418 5440 είς
1447 5377 1508 5430 τὸ
1555 5379 1757 5431 Ἀκκαο
1791 5397 1809 5430 ι
1853 5380 1946 5432 καὶ
1994 5381 2044 5432 τί

457 5475 604 5542 οἶδας
633 5475 685 5529 τί
723 5475 785 5527 τὸ
825 5473 997 5526 Ἀκκά
1027 5488 1041 5536 ;
1073 5474 1168 5525 καὶ
1200 5473 1337 5529 ἀλλα
1391 5471 1563 5525 πολλὰ
1596 5471 1819 5524 τοιαῦτα
1846 5489 2040 5525 παντε-

459 5572 567 5635 λῶς
599 5570 923 5639 δύσφραστα
947 5568 1044 5621 καὶ
1074 5567 1306 5635 ἀνόητα,
1345 5568 1442 5620 καὶ
1465 5569 1563 5630 τὰς
1605 5566 1774 5630 ἀκοὰς
1809 5583 2047 5620 κατατυο

463 5663 670 5718 ποῦντα
688 5661 798 5716 τῶν
831 5660 1297 5733 μαθητευομένων
1321 5661 1494 5732 αὐτῷ.

540 5823 665 5882 Ἔτι
697 5826 989 5893 ἐξόμνυται
1036 5823 1281 5894 Μωάμεθ
1317 5825 1456 5880 κατά
1484 5841 1541 5878 τε
1582 5824 1731 5894 ἡλίου
1762 5826 1854 5879 καὶ
1893 5823 2049 5894 σελή-

2131 3521 2197 3575 Ει
2226 3521 2421 3572 iterum
2450 3519 2500 3572 in
2549 3518 2709 3573 aliis:
2763 3537 2780 3570 ι
2842 3517 2934 3572 Na:
2999 3536 3095 3589 per
3150 3537 3242 3576 eas
3281 3539 3399 3590 quae
3435 3539 3488 3587 at
3519 3530 3721 3584 raliunt

2131 3613 2390 3676 bolidem,
2429 3626 2524 3680 per
2551 3612 2855 3666 adiinentes
2910 3615 3268 3681 adimentum,
3329 3634 3424 3686 per
3470 3632 3720 3676 natatiles

2131 3705 2488 3771 natationem,
2523 3719 2617 3773 per
2645 3705 3007 3772 anticipantes
3041 3707 3429 3777 anticipameu,
3470 3728 3561 3779 pi-r
3627 3716 3722 3766 ad—

2141 3797 2524 3851 ministrantes
2571 3798 2849 3866 negotium
2913 3799 2966 3850 in
3015 3798 3101 3850 die
3157 3813 3266 3865 quo
3321 3809 3484 3855 terra:
3545 3815 3724 3863 motus

2134 3891 2332 3961 quatit.
2361 3908 2379 3940 ›
2405 3890 2701 3943 Etrursum
2740 3891 2791 3941 in
2817 3891 2922 3944 alia
2958 3908 2970 3944 :
3016 3909 3034 3941 ι
3074 3889 3164 3945 Na:
3195 3908 3289 3960 per
3322 3897 3516 3949 coelum
3565 3902 3724 3953 turri‘

2136 3991 2271 4047 tum,
2303 3989 2359 4034 et
2384 3979 2525 4033 diem
2559 3981 2988 4048 compesitiouis,
3026 3998 3121 4051 per
3153 3996 3344 4039 testem
3372 3998 3426 4040 et
3468 3991 3728 4043 testiﬁca-

2137 4081 2275 4124 tum.
2320 4088 2338 4121 ι
2384 4071 2450 4124 Et
2481 4072 2775 4124 rursumin
2803 4073 2958 4127 alia:
3028 4093 3044 4125 ι
3110 4073 3203 4129 Na:
3257 4092 3355 4145 per
3409 4081 3609 4134 cmlnm
3673 4095 3724 4137 et

2133 4159 2363 4215 Altarik.
2400 4179 2417 4212 ι
2460 4161 2527 4214 Ει
2579 4160 2670 4228 qui
2729 4162 2869 4215 scire
2924 4163 3101 4229 possis
3157 4163 3288 4232 quid
3349 4166 3421 4218 sit
3469 4168 3726 4222 Altarik?

2143 4269 2161 4302 ι
2191 4249 2598 4317 Stella,inquit,
2622 4247 2948 4315 perforata»
2977 4251 3108 4304 Elin
3131 4251 3237 4305 alio
3257 4253 3375 4307 loco
3408 4273 3420 4308 :
3463 4273 3480 4305 ι
3507 4255 3595 4307 Na:
3632 4269 3725 4326 pe:

2141 4343 2401 4412 fulgorem
2433 4350 2487 4394 et
2524 4352 2709 4394 noetes
2743 4341 2934 4395 decem
2970 4358 2985 4397 :
3040 4342 3474 4411 perjunctnrarn
3529 4357 3582 4398 et
3637 4365 3724 4401 se-

2137 4435 2482 4502 juncturam,
2517 4447 2613 4498 per
2647 4441 2861 4485 noctem
2909 4448 3031 4487 cum
3065 4448 3304 4502 expansa
3341 4436 3524 4489 fuerit.
3583 4458 3600 4489 ι
3663 4439 3728 4492 Et

2140 4543 2332 4581 rursus
2357 4527 2408 4580 in
2471 4527 2619 4578 alio:
2668 4543 2684 4575 ι
2731 4523 2819 4576 Nm
2849 4539 2944 4592 per
2964 4525 3096 4580 ﬁcus
3132 4536 3186 4580 et
3213 4528 3360 4582 oleas
3399 4532 3598 4584 mOntis
3647 4533 3730 4585 Si-

2139 4635 2234 4680 na,
2279 4629 2332 4670 et
2369 4632 2463 4686 per
2498 4618 2642 4670 lianc
2673 4615 2975 4684 regionem.
3009 4635 3027 4668 ›
3064 4617 3125 4670 Ει
3149 4618 3199 4669 in
3231 4619 3340 4670 alio
3375 4636 3386 4670 :
3448 4637 3465 4669 t
3513 4620 3600 4673 Nil‘.
3637 4639 3729 4690 per

2143 4721 2450 4763 currentem
2488 4710 2537 4762 in
2607 4705 2832 4779 latratu,
2905 4718 2959 4762 et
3019 4724 3116 4777 per
3167 4724 3538 4767 monstrantes
3591 4718 3731 4786 ignis

2138 4801 2316 4869 jaenla
2344 4819 2357 4867 ;
2387 4816 2484 4869 per
2526 4817 2646 4855 eam
2681 4817 2801 4869 quae
2854 4801 3048 4854 incidit
3096 4803 3148 4854 in
3197 4802 3485 4872 fulgorem,
3529 4819 3581 4860 et
3635 4825 3732 4875 per

2144 4909 2237 4948 eos
2270 4895 2359 4962 qui
2400 4896 2621 4948 turbant
2659 4911 2859 4964 aquam
2920 4905 3287 4965 stagnantem.
3354 4918 3371 4950 ι
3414 4900 3479 4953 Et
3539 4903 3666 4956 alibi
3716 4923 3727 4956 :

2151 5006 2168 5038 ι
2204 4984 2295 5040 Nae
2321 5001 2416 5054 per
2453 4987 2669 5040 Alezer.
2704 5006 2721 5036 ι
2752 4987 2953 5040 lIarum
2983 5002 3112 5041 vero
3139 4987 3498 5043 formularum
3541 4996 3733 5060 juran-

2146 5081 2223 5144 di,
2286 5081 2419 5134 alias
2456 5082 2676 5149 quidem
2715 5082 2800 5135 sui
2837 5081 2929 5135 Dei
2950 5095 3072 5135 esse
3102 5082 3218 5144 ait;
3249 5083 3370 5136 aliis
3426 5101 3550 5138 vero
3620 5089 3733 5157 ipsi:

2148 5177 2342 5238 utitur,
2391 5176 2579 5229 volens
2614 5176 2667 5227 in
2736 5175 2822 5229 liis
2899 5191 3115 5248 quoque
3174 5180 3437 5234 barbaros
3484 5194 3730 5237 conster-

2150 5283 2303 5331 nare,
2371 5278 2534 5334 atque
2592 5267 2886 5321 ostendere
2939 5282 2998 5322 se
3072 5271 3429 5340 multiplicem
3497 5275 3735 5342 discipli-

2152 5378 2275 5414 nam
2334 5377 2396 5416 ac
2456 5360 2726 5429 profunda
2783 5362 3037 5430 mysteria
3089 5363 3326 5429 callere;
3388 5374 3442 5416 ut
3497 5375 3552 5417 et
3610 5384 3731 5419 cum

2152 5455 2320 5510 dicit:
2350 5454 2637 5523 Inscriptio
2666 5455 2722 5507 in
2759 5456 2898 5507 Acca
2925 5469 2957 5517 ;-
2980 5463 3034 5508 et
3068 5455 3158 5524 qui
3203 5458 3343 5511 scire
3394 5457 3577 5524 possis
3605 5461 3734 5524 quid

2160 5547 2228 5601 sit
2252 5547 2395 5601 Acca
2414 5548 2436 5600 ἲ
2455 5547 2670 5616 aliaque
2700 5547 2963 5614 permulta
2991 5548 3279 5617 ejusmodi,
3306 5564 3424 5618 qua:
3451 5561 3498 5603 et
3527 5551 3734 5618 prolatu

2155 5652 2281 5695 sunt
2325 5639 2587 5704 dimi-ilia,
2628 5652 2680 5692 et
2711 5640 2932 5708 intelligi
2969 5655 3191 5708 prorsus
3235 5653 3530 5711 nequeunt,
3575 5657 3738 5699 aures

2159 5750 2353 5804 nempe
2378 5750 2606 5787 suorum
2632 5733 3022 5802 discipulorum
3058 5737 3430 5803 percellentia.

2229 5826 2383 5883 Iurat
2433 5838 2695 5895 praetcrea
2767 5825 3037 5883 llloametli
3108 5843 3201 5894 per
3268 5831 3481 5891 stlem,
3528 5829 3734 5890 lunam,
