4420 6462
728 379 863 447 1347

1961 373 2338 435 EUTlIYMIl
2376 374 2758 436 ZIGABENI.

3865 383 3996 448 i348

727 503 897 557 astra,
933 493 1143 561 igneum
1168 489 1532 557 splendorem,
1560 487 1830 546 animalia.
1859 501 2019 539 canes
2044 500 2318 546 cursores,
2352 489 2392 544 Α
2427 503 2472 539 ντ

2252 500 2318 546 :8.
2352 489 2392 544 Α
2427 502 2543 553 νης,
2575 489 2673 540 καὶ
2717 491 2824 541 τῶν
2854 491 3092 560 ἄστρων,
3137 494 3229 544 καὶ
3265 494 3638 562 λαμπυρίδων,
3676 496 3851 558 ζώων,
3906 501 3997 550 καὶ

725 586 960 652 plantas,
992 582 1206 646 aliaque
1235 581 1508 647 incognita
1555 589 1606 630 et
1635 578 1871 629 barbara
1902 576 2160 628 vocabula
2225 579 2307 643 (ut

723 691 826 742 ego
852 675 1137 740 Existimo)
1166 673 1472 725 dremonnm
1509 672 1796 723 noxiorum
1833 679 1886 720 et
1915 668 2306 720 scclestorum.

725 767 854 820 llazc
886 779 1050 832 porro
1082 779 1203 817 cum
1225 763 1310 814 ille
1340 762 1391 814 in
1423 760 1537 814 suis
1611 760 1828 828 jurandi
1872 758 2120 810 formulis
2160 758 2308 810 adbi-

723 861 871 917 lieat,
915 856 1200 924 perspicue
1231 854 1490 915 ostendit,
1512 853 1658 921 quod
1709 853 1805 904 ista
1839 865 1936 917 pro
1966 851 2066 902 diis
2124 849 2265 902 colat
2293 867 2307 902 :

721 951 813 1016 qui
845 950 989 1000 enim
1018 946 1188 1012 jurat,
1223 959 1317 1012 per
1340 945 1594 1011 majorem
1620 943 1811 1012 jurare
1831 942 1988 994 solet.
2018 942 2204 1009 Itaque
2257 950 2311 993 et

726 1042 893 1101 Deus,
934 1055 1055 1092 cum
1093 1053 1197 1090 non
1247 1047 1433 1104 posset
1490 1051 1586 1104 per
1660 1036 1918 1102 majorem
1963 1034 2171 1101 jurare.
2213 1047 2309 1102 per

719 1131 1210 1199 scipsumjuravit.
1267 1128 1727 1196 quemadmodum
1759 1127 2046 1193 Scriptura
2102 1124 2306 1177 docuit.

719 1224 1108 1292 Jusjurandum
1146 1232 1322 1274 autem
1357 1221 1408 1271 in
1438 1220 1601 1271 Deum
1653 1218 2025 1283 intelligimus,
2056 1215 2309 1283 promissi

719 1318 800 1369 sui
837 1331 933 1383 per
961 1314 1178 1382 aliquod
1209 1321 1544 1379 assumptum
1583 1310 2089 1362 conﬁrmationem.

794 1408 884 1460 Η.
904 1406 1184 1472 Templum
1207 1405 1367 1455 etiam
1391 1402 1551 1454 tradit
1573 1411 1622 1453 et
1649 1402 1716 1452 ab
1745 1400 1967 1453 lsmaele
1991 1408 2046 1450 et
2066 1398 2310 1450 Abraha-

718 1517 808 1553 mo
845 1501 1170 1552 aediﬁcatum
1194 1511 1315 1549 esse
1348 1494 1456 1545 Deo
1487 1511 1501 1558 ;
1531 1493 1672 1561 quod
1701 1493 1916 1560 quidem
1941 1507 2114 1559 neque
2145 1493 2311 1544 exsti-

723 1596 782 1645 tit
823 1607 1084 1659 unquam,
1114 1602 1289 1656 neque
1315 1603 1340 1637 a
1374 1586 1652 1654 Scriptura
1699 1593 2066 1648 memoratur;
2113 1599 2239 1636 nam
2265 1583 2308 1635 si

719 1687 950 1753 lapidem
1018 1695 1262 1740 unctum,
1293 1691 1349 1732 ut
1378 1681 1484 1731 Deo
1521 1686 1703 1731 statua
1760 1677 2064 1744 erigeretur
2123 1686 2307 1738 uncta,

715 1778 930 1831 divinus
956 1775 1128 1827 Moses
1156 1789 1258 1826 non
1286 1772 1500 1825 reticuit
1529 1811 1542 1833 ,
1580 1770 1849 1838 quomodo
1880 1769 2134 1836 templum
2169 1769 2307 1821 inte-

715 1885 870 1937 grum
911 1868 1130 1920 silentio
1165 1863 1596 1934 prmterivisset?

797 1960 883 2010 12.
919 1957 1213 2010 Constituit
1245 1965 1294 2004 ut
1324 1956 1404 2007 sui
1431 1951 2002 2007 orarentconversiad
2022 1959 2302 2016 austrum;

712 2052 931 2104 scilicet
964 2058 1018 2100 ut
1045 2048 1207 2101 etiam
1239 2046 1409 2100 hacin
1438 2061 1492 2098 re
1539 2047 1606 2097 ab
1660 2046 1765 2097 illis
1815 2047 2301 2113 distinguerentur,

711 2144 803 2214 qui
839 2147 903 2194 ad
932 2142 1197 2194 orientem
1227 2140 1393 2192 solem
1423 2138 1672 2190 conversi
1733 2146 2047 2206 precantur.

783 2236 942 2288 Jubet
978 2245 1238 2298 praeterea
1268 2247 1364 2284 eos
1396 2233 1482 2298 qui
1525 2245 1583 2282 se
1627 2231 1691 2280 ad
1745 2243 1934 2297 preces
1987 2227 2299 2292 conferunt,

711 2327 861 2396 prius
887 2340 1006 2378 sese
1054 2337 1327 2391 purgare;
1376 2336 1516 2389 aqua
1553 2319 1814 2388 quidem,
1879 2321 1923 2372 si
1981 2321 2152 2384 adsit;
2215 2322 2297 2373 sin

712 2421 914 2481 minus,
947 2420 1111 2469 lnnnn
1142 2415 1372 2470 fossitia.
1400 2416 1562 2482 Atqui
1591 2414 1703 2466 haec
1736 2414 1905 2481 magis
1956 2413 2143 2473 foedat.
2194 2428 2298 2467 non

711 2521 928 2579 purgat.
1004 2507 1210 2560 Deinde
1263 2507 1516 2575 quidnam
1581 2505 1796 2559 confert
1855 2507 1994 2557 nuda
2055 2507 2146 2557 illa
2205 2521 2300 2572 per

710 2618 906 2670 nquam
946 2600 1197 2668 purgatio
1225 2638 1240 2662 ,
1282 2597 1551 2666 siquidem
1581 2597 1747 2649 animi
1779 2598 1925 2650 omni
1986 2595 2300 2663 impunitate

706 2691 960 2749 scatent?

781 2787 920 2839 Dicit
962 2786 1184 2847 iterum,
1213 2791 1472 2851 tanquam
1535 2797 1600 2836 ex
1651 2795 1882 2850 persona
1933 2782 2028 2836 Dei
2068 2799 2128 2835 τι
2189 2781 2298 2836 Nos

707 2880 958 2932 dedimus
1022 2875 1119 2928 tibi
1170 2877 1554 2929 scarabmum:
1598 2884 1653 2927 tu
1690 2888 1818 2942 ergo
1878 2875 2045 2927 funde
2104 2889 2297 2940 preces

705 2973 773 3024 ad
821 2969 1107 3023 Dominum
1174 2979 1324 3021 tuum
1351 3007 1369 3031 .
1401 2977 1460 3020 et
1497 2975 1700 3020 macta.
1741 2984 1759 3017 ›
1803 2964 1847 3021 Ο
1913 2965 2294 3020 admirandum

706 3064 1034 3118 sacriﬁcium
1071 3070 1125 3116 et
1167 3062 1542 3131 magniﬁcum,
1594 3061 1798 3129 talique
1845 3060 2157 3131 legislatore
2213 3060 2297 3116 di-

703 3156 903 3227 guunt!

779 3249 866 3301 15.
904 3247 1032 3312 Quae
1066 3259 1096 3299 a
1136 3261 1272 3300 xvm
1301 3243 1598 3299 Moamctlii
1630 3243 1825 3299 fabella
1851 3257 2022 3312 usque
2046 3242 2111 3297 ad
2135 3259 2295 3296 xxxw

707 3344 1163 3410 intcrjcctalmtnt,
1183 3341 1364 3395 omnia
1390 3338 1867 3408 praetermisimus,
1897 3346 2154 3404 tanquam
2193 3337 2297 3401 ple-

716 3452 781 3487 na
812 3435 1066 3488 Omnibus
1090 3433 1272 3500 nugis,
1299 3440 1352 3484 et
1393 3429 1719 3483 monstrosis
1752 3429 2042 3499 ﬁgmentis,
2068 3441 2298 3497 quaeque

703 3530 840 3582 adeo
881 3545 910 3580 a
951 3528 1147 3594 seipsis
1173 3534 1492 3597 evertuntur
1513 3534 1566 3578 et
1592 3524 1935 3576 refutantur:
1967 3522 2053 3576 illa
2103 3536 2298 3588 nempe

705 3632 1047 3687 quaacunque
1092 3633 1156 3668 ex
1187 3613 1366 3668 Veteri
1391 3614 1598 3682 pariter
1647 3622 1701 3666 et
1748 3610 1899 3666 Novo
1945 3611 2297 3666 Testamento

704 3709 914 3777 accepit
945 3719 997 3762 et
1054 3706 1328 3776 corrupit.
1383 3704 1524 3759 Dicit
1570 3705 1714 3758 enim
1779 3703 2004 3758 Mariam
2049 3717 2296 3756 sororem

703 3800 866 3854 Mosis
897 3810 950 3853 et
977 3799 1398 3869 Aaronis,juxta
1424 3797 1659 3866 palmam
1682 3799 1960 3866 peperisse
1979 3796 2256 3850 Chrisutm
2282 3812 2296 3849 :

701 3903 758 3946 et
814 3908 935 3946 cum
983 3893 1348 3962 desponderet
1391 3891 1635 3944 animum
1684 3893 1753 3944 ob
1813 3889 2029 3944 dolores
2085 3897 2298 3957 partus,

701 3983 982 4039 Christum
1007 4000 1072 4038 ex
1101 3995 1256 4038 utero
1276 3984 1449 4053 ipsam
1477 3983 1773 4037 allocutum
1793 3997 1936 4043 esse.
1956 3981 2300 4051 jussisseque

711 4077 948 4145 palmam
977 4086 1296 4140 concutere,
1326 4085 1380 4130 et
1407 4077 1694 4129 comedere
1723 4077 1788 4128 de
1839 4073 2100 4132 fructibus
2156 4073 2298 4141 ejus:

705 4171 1125 4224 Davidemvero
1151 4177 1206 4222 et
1265 4169 1613 4223 Salomonem
1672 4180 1792 4218 cum
1861 4162 2198 4217 daemonibus
2249 4172 2303 4215 et

701 4265 897 4319 avibus
928 4264 1228 4318 collocutos
1284 4260 1511 4329 scripsit
1547 4266 1640 4312 :et
1676 4258 1955 4310 dazmonas
2023 4253 2301 4308 Salomoni

698 4358 1055 4413 administros
1075 4356 1260 4421 fuisse,
1277 4353 1401 4407 item
1416 4362 1469 4406 et
1486 4353 1692 4422 gundas
1711 4349 1999 4419 quasdam,
2022 4348 2304 4401 eumdem-

693 4469 803 4523 que
839 4451 1126 4520 imperium
1163 4451 1214 4502 in
1249 4457 1444 4503 ventos
1488 4446 1774 4509 habuisse;
1839 4456 1894 4498 et
1947 4442 2299 4496 formicarum

2413 579 2592 629 κυνῶν
2620 580 2923 649 δρομικῶν,
2979 585 3071 635 καὶ
3103 585 3312 652 φυτῶν,
3346 586 3440 637 καὶ
3471 587 3674 655 ἐτέρων
3702 588 3996 653 ἁγνώστωβ

2413 671 2507 722 καὶ
2536 670 2888 740 βαρϐαρικῶν
2910 675 3217 743 ὀνομάτων,
3236 677 3310 737 ὡς
3335 674 3514 743 οἶμαι,
3531 679 3804 745 δαιμόνων
3832 681 3997 731 τινῶν

2413 761 2712 830 ἀλιτηρίων
2768 767 2864 815 καὶ
2913 765 3294 832 παλαμναίων.
3328 767 3514 820 Ταῦτα
3573 770 3629 820 δὲ
3670 771 3996 838 ποιούμενος

2410 855 2592 922 ὅρκον,
2610 855 2766 923 δῆλός
2796 859 2911 908 ἐστι
2935 858 3092 921 θεοὺς
3122 860 3263 911 αύτά
3287 861 3526 929 νομίζων
3543 877 3554 890 '
3578 862 3603 912 ὁ
3625 863 3734 928 γὰρ
3780 862 3995 928 ὀμνύων

2413 948 2557 1000 κατά
2598 949 2689 1001 τοῦ
2726 951 2977 1018 μείζονος
3023 953 3214 1004 εἴωθεν
3245 955 3488 1022 ὀμνύειν.
3518 955 3610 1006 Διὸ
3651 956 3743 1006 καὶ
3771 957 3797 1006 ό
3828 956 3984 1017 Θεὸς,

2416 1041 2492 1111 μὴ
2527 1041 2667 1110 ἔχων
2703 1043 2843 1096 κατά
2887 1044 3136 1111 μείζονος
3180 1044 3429 1112 ὀμνύειν,
3481 1046 3605 1097 καθ’
3630 1045 3825 1096 ἑαυτοῦ
3848 1045 3967 1110 ὦμο

2415 1149 2527 1192 σεν,
2573 1133 2647 1193 ὡς
2672 1133 2911 1198 ἐδίδαξεν
2960 1134 2992 1203 ἡ
3042 1134 3253 1202 Γραφή.
3293 1135 3499 1204 Ὅρκον
3528 1135 3584 1187 δὲ
3635 1134 3866 1202 νοοῦμεν
3903 1135 3989 1185 ἐπὶ

2413 1223 2548 1274 Θεοῦ
2576 1226 2674 1293 τὴν
2702 1224 2788 1277 διά
2807 1241 2946 1286 τινος
2974 1225 3543 1294 παραλαμϐανομένου
3577 1226 3868 1294 βεϐαίωσιν
3895 1226 3992 1292 τῆς

2413 1318 2772 1384 ἐπαγγελίας.

2487 1406 2576 1460 ια’.
2615 1409 2761 1459 Ναὸν
2789 1407 2938 1474 λέγει
2983 1409 3136 1478 παρά
3162 1426 3220 1460 τε
3253 1410 3471 1479 Ἰσραὴλ
3505 1411 3597 1462 καί
3631 1409 3887 1476 Ἀδραάμ
3917 1407 3995 1476 τῷ

2414 1497 2534 1568 Θεῷ
2570 1500 3095 1570 ἀνοικοδομηθῆναιο
3128 1503 3220 1553 τὸν
3244 1502 3368 1554 οὔτε
3401 1503 3696 1569 γενόμενον
3751 1498 3992 1560 πώποτε,

2412 1589 2541 1641 οὗτε
2562 1591 2713 1659 παρὰ
2733 1595 2797 1660 τῇ
2827 1592 3016 1661 Γραφῇ
3046 1594 3546 1661 μνημονευόμενονο
3566 1593 3614 1644 εί
3636 1592 3742 1660 γὰρ
3766 1592 3996 1658 ἀλοιφὴν

2413 1681 2562 1734 λίθου
2630 1685 2791 1750 μόνον
2849 1686 2929 1746 είς
2982 1686 3182 1753 στήλην
3229 1686 3305 1753 τῷ
3353 1685 3473 1753 Θεῷ
3532 1687 3895 1753 κεχρισμένον
3935 1684 3995 1735 ού

2415 1775 2672 1842 παρεῖδεν
2698 1779 2724 1828 ὁ
2748 1776 2889 1838 θεῖος
2933 1778 3162 1846 Μωσῆς,
3214 1778 3331 1838 πῶς
3359 1779 3487 1829 ναὸν
3522 1777 3641 1828 ὅλον
3669 1776 3992 1841 ἀπεσιώπη-

2412 1882 2504 1917 σεν
2530 1866 2594 1919 ἄν
2619 1885 2631 1927 ;

2484 1955 2572 2025 ιβ’.
2609 1958 3032 2028 Ἐνομοθὲτησεν
3060 1957 3319 2028 εῠχεσθαι
3344 1959 3478 2028 πρὸς
3498 1957 3648 2008 νότον
3680 1958 3998 2022 ἀπεστραμ-

2417 2048 2614 2117 μένους
2639 2065 2651 2077 ·
2681 2050 2765 2100 ἵνα
2790 2050 2893 2100 κάν
2915 2050 3088 2120 τούτῳ
3105 2050 3492 2118 διακρίνωνται
3513 2049 3621 2100 ἀπὸ
3639 2048 3746 2100 τῶν
3769 2063 3996 2115 στρεφοα

2410 2140 2589 2206 μένων
2613 2139 2751 2208 πρὸς
2784 2141 2882 2209 τὴν
2911 2138 3006 2192 τοῦ
3047 2140 3198 2209 ἡλίου
3229 2138 3521 2208 ἀνατολήν.

2480 2233 2709 2284 Κελεύει
2740 2234 2869 2295 τοὺς
2915 2235 2994 2288 εἰς
3042 2233 3211 2302 εὐχὴν
3276 2231 3610 2301 ἐρχομένους
3669 2227 3994 2297 κιθαρίζειν

2405 2327 2634 2388 ἑαυτούς
2659 2345 2672 2357 ·
2709 2327 2863 2380 ὕδατι
2891 2329 2990 2396 μὲν
3031 2329 3079 2380 εί
3107 2329 3411 2396 πάρεστιν
3442 2328 3487 2379 εί
3523 2326 3582 2378 δὲ
3620 2325 3844 2380 ἄπεστι.
3879 2320 3992 2392 χώ-

2409 2437 2576 2488 ματι·
2617 2421 2774 2471 τοῦτο
2807 2421 2862 2471 δὲ
2899 2421 3063 2488 ῥυποί
3117 2420 3341 2488 μᾶλλον,
3375 2420 3497 2488 οὐχὶ
3533 2417 3808 2484 καθαίρει.
3844 2415 3908 2466 Τί
3937 2412 3993 2464 δὲ

2405 2516 2498 2565 καὶ
2532 2513 2844 2565 συντελέσει
2882 2514 2912 2582 ἡ
2951 2512 3038 2565 διὰ
3067 2512 3162 2565 τοῦ
3195 2513 3390 2574 ὕδατος
3425 2511 3556 2581 ψιλὴ
3596 2509 3884 2577 κάθαρσις,
3914 2505 3996 2556 εί-

2405 2623 2512 2674 περ
2538 2607 2593 2658 αι
2627 2606 2798 2674 ψυχαὶ
2820 2605 3025 2659 τούτων
3065 2605 3410 2675 ἀκαθαρσίας
3443 2606 3551 2656 εἰσὶ
3581 2603 3814 2673 pcata-5;

2474 2787 2638 2852 Λέγει
2691 2785 2875 2842 πάλιν,
2908 2783 2984 2844 ὡς
3037 2785 3101 2835 ἐκ
3135 2781 3308 2835 Θεοῦ·
3353 2799 3374 2832 ι
3422 2782 3618 2851 Ἡμεῖς
3679 2777 3994 2846 δεδώκαμεν

2405 2895 2488 2931 σοι
2529 2882 2620 2931 τον
2661 2879 2936 2946 κάνθαρον
2967 2895 2979 2908 ·
3016 2877 3110 2928 καὶ
3144 2872 3299 2940 εὖξαι
3333 2876 3469 2944 πρὸς
3502 2873 3593 2926 τὸν
3627 2873 3829 2942 Κύριον
3875 2888 3992 2930 σου,

2402 2972 2497 3022 καὶ
2534 2971 2758 3038 σφάξαν.
2793 2991 2810 3022 ι
2855 2971 2920 3021 Ὢ
2953 2970 3270 3038 θαυμαστὴ,
3301 2968 3466 3022 θυσία
3519 2968 3612 3020 καὶ
3649 2965 3998 3035 μεγαλοπρε-

2404 3065 2534 3136 πὴς,
2556 3065 2652 3117 καὶ
2684 3063 2780 3117 τοῦ
2805 3063 3275 3133 νομοθετήσαντος
3312 3061 3543 3125 ἑπαξίαῐ

2479 3247 2568 3316 ιγ’.
2593 3249 2674 3300 Τὰ
2693 3247 2800 3300 ἀπὸ
2823 3244 2916 3298 τοῦ
2943 3243 3016 3314 ιη’
3040 3243 3311 3313 μυθαρίου
3332 3241 3582 3311 Μωάμεθ
3607 3243 3770 3311 μέχρι
3791 3241 3883 3294 τοῦ
3902 3241 3996 3305 λς’

2405 3344 2584 3392 πάντα
2646 3340 3000 3408 παρήκαμεν,
3035 3338 3110 3398 ὡς
3159 3337 3335 3402 μεστὰ
3361 3336 3545 3404 πάσης
3578 3334 3870 3400 τερθρείας
3900 3338 3995 3386 καὶ

2400 3433 2810 3503 τερατολογίας,
2845 3431 2942 3481 καὶ
3001 3429 3229 3481 αὐτόθεν
3264 3429 3708 3496 ἀνατρεπόμενα,
3746 3427 3846 3479 ὅσα
3881 3427 3994 3479 ἀπό

2401 3543 2460 3577 τε
2493 3525 2592 3593 τῆς
2631 3525 2897 3583 ΙΙαλαιᾶς,
2943 3522 3052 3574 ἀπό
3081 3539 3138 3573 τε
3171 3521 3270 3588 τῆς
3296 3520 3440 3581 Νέας
3479 3519 3636 3573 ἔλαϐε
3671 3521 3765 3571 καὶ
3818 3520 3993 3587 παρέ-

2404 3618 2614 3686 φθειρε.
2647 3617 2810 3683 Λέγει
2838 3614 2944 3683 γὰρ
2981 3615 3080 3683 τὴν
3112 3613 3205 3665 τοῦ
3232 3613 3474 3674 Μωσέως
3495 3611 3815 3682 καὶἋαρὼν
3837 3611 3990 3662 ἀδελ.-

2405 3712 2512 3782 ιρὴν
2536 3709 2760 3780 Μαρίαν
2799 3710 2951 3778 παρὰ
2975 3708 3182 3776 φοίνικι
3214 3708 3421 3759 τίκτειν
3449 3709 3541 3757 τὸν
3564 3705 3824 3773 Χριστὸν,
3854 3704 3994 3754 ἀπο-

2402 3803 2710 3873 λεγομένην
2741 3803 2841 3870 τὴν
2871 3799 3073 3869 ἑαυτῆς
3100 3800 3280 3869 ψυχὴν
3324 3799 3412 3852 διὰ
3451 3799 3551 3859 τὰς
3608 3799 3832 3853 ὠδῖνας·
3897 3801 3996 3850 καί

2404 3899 2496 3951 τὸν
2531 3897 2768 3966 Χριστὸν
2795 3895 2901 3948 ἀπὸ
2931 3894 3030 3962 τῆς
3057 3893 3294 3961 γαστρὸς
3322 3893 3458 3961 αὐτῇ
3486 3891 3991 3960 προσφθέγξασθαι,

2406 3991 2503 4044 atat
2538 3988 2799 4042 κελεῦσαι
2847 3989 3024 4039 σεῖσαι
3064 3987 3157 4038 τὸν
3211 3988 3468 4052 φοίνικα,
3511 3986 3606 4036 καὶ
3639 3986 3833 4052 φαγεῖν
3886 3985 3997 4037 ἀπὸ

2403 4082 2512 4134 τῶν
2545 4080 2776 4149 καρπῶν
2809 4078 3000 4132 αὑτοῦ.
3042 4079 3148 4130 Τὸν
3177 4079 3232 4129 δὲ
3269 4078 3434 4130 Δαϐὶδ
3465 4077 3558 4130 καὶ
3594 4077 3683 4130 τὸν
3708 4077 3999 4146 Σολομῶνα

2405 4170 2631 4241 δαίμοσι
2667 4169 2762 4222 καὶ
2819 4170 2996 4238 ὄρνισι
3063 4168 3588 4237 προσδιαλέγεσθαι,
3624 4167 3886 4235 δαίμονάς
3938 4184 3994 4218 τε

2408 4262 2808 4334 συνεργοῦντας
2837 4260 2917 4330 τῷ
2965 4260 3238 4330 Σολομῶνι
3273 4264 3555 4329 παρεῖναι,
3607 4261 3700 4311 καὶ
3735 4257 3997 4327 τούνόιις

2404 4359 2591 4421 τινάςο
2627 4357 2853 4410 καὶτῶν
2887 4354 3106 4424 ἀνέμων
3138 4355 3331 4424 ἄρχειν
3368 4355 3553 4420 αὑτὸν,
3588 4355 3684 4407 κα)⁵
3719 4354 3828 4406 τῶν
3860 4371 3997 4421 μυρ-

2408 4454 2603 4522 μήκων
2635 4466 2978 4519 κατανοησαι
3016 4449 3082 4502 (ἀ
3142 4449 3424 4518 μυστήρια
3452 4465 3467 4479 ο
3508 4450 3602 4500 καὶ
3646 4447 3842 4516 ἄγριόν
3873 4464 3996 4498 τινα

695 4545 1044 4617 perspexisse
1071 4541 1352 4611 mysteria,
1381 4548 1436 4594 et
1466 4541 1774 4594 silvestrem
1811 4538 2103 4609 quemdam
2142 4537 2298 4604 galli-
2331 4565 2374 4618 ι)
2405 4546 2439 4598 ἀ

2235 4538 2298 4590 ΙῙ-
2331 4565 2374 4618 ι)
2405 4543 2747 4614 ἀλεκτρυόνα
2772 4539 2913 4594 εἶναι
2943 4542 3154 4602 τούτοις
3177 4541 3523 4594 διδάσκαλον.
3564 4541 3672 4592 Καὶ
3696 4541 3788 4592 τὸν
3818 4539 3968 4608 {nepa

695 4652 926 4693 naceum
992 4635 1124 4703 ipsis
1208 4635 1489 4688 doctorem
1543 4630 1736 4695 fuisse,
1797 4629 1894 4683 sed
1947 4639 2001 4684 et
2058 4629 2296 4682 ferreum

694 4733 974 4784 thoracem
1014 4726 1252 4794 primum
1283 4737 1312 4775 a
1343 4722 1548 4778 Davide
1573 4721 1943 4789 excogitatum
1973 4733 2120 4773 esse.

768 4817 1441 4889 Seipsumverojudicem
1498 4831 1623 4870 cum
1682 4813 1794 4870 Deo
1864 4814 2145 4884 prmdicat,
2203 4813 2296 4881 qui

683 4919 1037 4988 iudicaturus
1067 4914 1137 4968 sit
1169 4913 1398 4978 orbem;
1427 4911 1648 4980 aliaque
1709 4909 1832 4966 istis
1886 4911 2212 4968 absurdiOra
2240 4918 2295 4965 et

691 5011 866 5079 magis
901 5005 1172 5062 diabolica
1210 5005 1540 5061 deblaterat.

762 5103 948 5158 Solem
984 5100 1153 5156 tradit
1185 5099 1236 5153 in
1260 5115 1459 5170 aquam
1491 5099 1726 5157 calidam
1757 5101 1824 5156 ad
1861 5101 1997 5158 ﬁnes
2065 5117 2294 5161 occasus

690 5198 972 5268 immergi;
999 5207 1054 5250 et
1085 5195 1258 5248 lotum
1293 5195 1437 5250 circa
1466 5196 1770 5251 diluculum
1803 5197 2105 5251 ascendere
2134 5207 2294 5268 atque

688 5293 915 5348 exoriri.
952 5292 1118 5360 Atqui
1156 5292 1202 5345 si
1236 5290 1317 5345 sol
1349 5291 1567 5360 quidem
1608 5291 1752 5360 ignis
1788 5303 1890 5359 est,
1921 5291 2062 5360 ignis
2110 5302 2292 5347 autem

685 5405 742 5449 οε
770 5409 908 5463 aqua
940 5409 999 5448 se
1037 5394 1271 5448 invicem
1300 5399 1488 5445 mutuo
1517 5386 1840 5452 conﬁciunt,
1873 5386 1962 5456 qui
1993 5385 2052 5438 fit
2078 5395 2134 5436 ut
2161 5384 2296 5440 alte-

685 5503 806 5542 rum
843 5502 952 5541 non
987 5495 1286 5542 consumat
1345 5482 1624 5537 alterum?
1682 5480 1910 5545 Deinde,
1962 5479 2091 5548 quid
2153 5492 2292 5546 opus

685 5589 770 5633 est
799 5580 898 5633 soli
932 5580 1033 5633 hoc
1063 5576 1330 5632 lavacro?
1356 5576 1448 5630 Sol
1478 5575 1626 5628 enim
1658 5572 1988 5642 purissimus
2013 5579 2121 5636 est,
2150 5569 2293 5637 ipsa-

684 5691 792 5748 que
824 5678 963 5731 adeo
999 5689 1141 5744 aqua
1171 5673 1342 5729 multo
1377 5675 1590 5741 purior.

756 5865 844 5922 Η.
877 5861 1059 5923 Solem
1098 5871 1152 5921 ct
1184 5863 1366 5919 lunam
1397 5861 1449 5916 in
1476 5858 1633 5929 equis
1667 5855 1922 5913 incedere
1955 5851 2280 5931 tradit._Sed

2404 4655 2478 4690 κα
2525 4636 2581 4689 δὲ
2613 4637 2702 4690 τὸν
2741 4635 3000 4704 σιδηροῦν
3032 4634 3184 4702 παρά
3224 4634 3319 4686 τοῦ
3375 4634 3540 4686 Δαὸὶό
3593 4633 3740 4701 λέγει
3779 4633 3996 4702 πρῶτον

2403 4730 2787 4798 ἐπινοηθῆναι.

2488 4822 2716 4875 Ἑαυτὸν
2766 4819 2822 4872 δὲ
2860 4819 3057 4889 κριτὴν
3090 4819 3231 4889 μετά
3278 4817 3373 4869 τοῦ
3415 4815 3552 4870 Θεοῦ
3591 4818 3840 4887 φημίζει,
3875 4836 3995 4887 κρι-

2399 4916 2596 4969 νοῦντα
2625 4916 2726 4985 τὴν
2755 4914 3084 4982 οἰκουμένην
3105 4928 3119 4941 ⁸
3144 4914 3236 4964 καὶ
3260 4911 3423 4982 ἔτερα
3451 4911 3658 4963 τούτων
3677 4911 3994 4982 ἀλογώτερα

2399 5010 2495 5060 καὶ
2527 5005 2849 5076 δαιμονιωδέ
2861 5022 3027 5074 στερα
3058 5002 3460 5072 καταφλυαρεῖ.

2470 5099 2576 5154 Τδν
2604 5100 2756 5171 ἥλιόν
2806 5114 2975 5168 φησιν
3003 5100 3082 5162 είς
3135 5097 3344 5166 θερμὸν
3377 5096 3525 5163 ὕδωρ
3585 5095 3996 5159 καταῦαπτίζε-

2400 5195 2527 5249 σθαι
2556 5193 2694 5262 πρὸς
2725 5191 2805 5263 τῷ
2857 5192 3006 5244 τέλει
3056 5193 3156 5261 τῆς
3193 5191 3495 5260 ἑσπερίαςο
3541 5193 3635 5244 καὶ
3675 5191 3990 5260 λουόμενον,

2397 5288 2611 5342 ἀνιέναι
2668 5287 2808 5354 πρὸς
2859 5284 3061 5356 ὄρθρον
3096 5284 3189 5335 καὶ
3237 5283 3573 5336 ἀνατέλλειν.
3629 5284 3772 5338 Ἀλλ’
3801 5287 3848 5335 εί
3883 5285 3993 5354 πῦρ

2401 5383 2500 5454 μὲν
2533 5385 2561 5435 6
2605 5381 2779 5452 ἥλιος,
2812 5380 3065 5450 ἀλλήλων
3104 5379 3161 5430 δὲ
3220 5378 3498 5449 φθαρτικά
3549 5379 3610 5430 τὸ
3645 5377 3754 5448 πῦρ
3793 5381 3889 5430 καὶ
3932 5380 3992 5432 τὺ

2400 5479 2545 5547 ὕδωρ
2569 5490 2583 5504 ⁸
2614 5476 2730 5537 πῶς
2765 5475 2866 5527 οῦκ
2894 5472 3175 5526 ἀναλίσκει
3213 5472 3444 5542 θάτερον
3471 5473 3527 5525 τὸ
3562 5473 3786 5541 ἕτερον;
3819 5474 3912 5534 Τίς
3935 5474 3992 5525 δὲ

2397 5573 2554 5641 καὶὴ
2596 5570 2755 5641 χρεία
2813 5567 2904 5620 τοῦ
2963 5566 3206 5618 τοιούτου
3257 5566 3518 5635 λο-›τρο·;;
3581 5567 3995 5636 Καθαρὼτατος

2399 5665 2506 5733 γὰρ
2534 5665 2562 5715 ὁ
2584 5663 2762 5732 ἥλιος,
2820 5662 2915 5712 καὶ
2957 5658 3126 5712 αὐτοῦ
3162 5659 3259 5710 τοῦ
3295 5658 3483 5722 ὓδατος
3518 5659 3699 5730 πολλῴ
3733 5661 3994 5731 καθαρώο

2394 5774 2573 5828 τερος.

2471 5852 2552 5908 ιδ’.
2594 5852 2695 5909 Τὸν
2727 5852 2881 5925 ἣλιον
2904 5851 3116 5923 καὶτὴν
3135 5851 3367 5924 σελήνην
3399 5853 3483 5924 ἐφ’
3505 5853 3692 5918 fama;
3726 5851 3867 5909 εἷναί
3891 5874 3995 5925 φη-
