4420 6462
418 457 554 518 1349

1279 453 1650 512 PANOPLH
1695 451 2147 509 DOGMATICA.
2188 476 2254 486 ·-
2289 454 2431 512 TiT.
2469 454 2740 514 XXVIIII

3525 459 3663 523 1350

410 588 515 624 σιν.
537 570 696 621 Ἀλλᾶ
714 571 826 631 πῶς
850 569 1032 638 ἄψυχα
1053 568 1223 620 ταῦτα
1240 569 1388 630 ὄντα,
1408 569 1659 619 ἱππεύειν
1690 569 1975 626 δύνανται;
2009 569 2051 622 Λ
2083 583 2148 632 qu

1927 580 1975 626 ι;
2009 569 2051 622 Λ
2083 570 2351 632 quomodo
2385 583 2516 626 tunc.
2546 585 2664 619 cum
2698 578 2803 620 smt
2833 569 3088 630 inanima,
3117 569 3358 632 equitare
3394 575 3662 635 pOS-tlnll

414 662 528 722 πῶς
561 661 614 711 δὲ
649 661 741 710 καὶ
772 661 820 710 οι
863 661 1018 712 ἵπποι
1048 660 1228 727 ὄχημα
1264 660 1435 728 πυρὸς
1458 657 1595 711 εἶναι
1643 659 1978 724 ὑποστήσον-

409 767 525 813 ras;
563 751 746 817 Γήῖνος
776 752 882 817 γὰρ
919 753 1151 811 ἕκαστος
1188 752 1372 813 ἵππος,
1408 755 1498 802 καὶ
1535 751 1745 816 δαπάνη
1785 749 1977 816 πυρός.

414 842 476 890 Ui
509 843 563 891 δὲ
600 843 736 892 κατὰ
769 840 860 891 τὸν
903 842 1088 892 Ἠλίαν
1123 842 1359 910 ἔμπυρος
1405 842 1559 892 ἵπποι
1595 842 1654 892 οὔ
1708 840 1869 907 φύσιν
1905 836 1980 890 εἴ·

413 951 506 1000 χον
535 934 736 994 ἵππων,
770 933 904 986 ἀλλὰ
938 936 1124 1002 σχῆμα
1155 935 1340 1003 μόνον,
1374 933 1594 1000 ἄγγελοι
1621 932 1755 985 Θεοῦ
1783 931 1982 997 τυγχά-

415 1042 614 1084 νοντες.

490 1115 568 1166 ιε’.
615 1117 707 1166 Ἐκ
731 1116 951 1185 βδέλλης
1007 1116 1293 1186 ἄνθρωπον
1333 1117 1578 1183 γίνεσθαι
1609 1118 1778 1181 λέγει.
1824 1118 1982 1169 ’Λλλὰ

415 1207 533 1266 πῶς
562 1208 626 1258 ὲκ
683 1207 777 1258 τοῦ
817 1209 1139 1276 ἀτιμοτάτου
1185 1209 1245 1260 τὸ
1274 1210 1622 1277 τιμιώτατον,
1669 1210 1762 1260 καὶ
1795 1213 1857 1260 ἐκ
1889 1210 1982 1259 τοῦ

415 1296 615 1362 ἀλόγου
649 1297 740 1347 τὸν
767 1299 1006 1362 λογικὸν,
1038 1299 1133 1349 καὶ
1164 1299 1227 1349 ὲκ
1253 1298 1348 1349 τοῦ
1391 1298 1625 1365 φευκτοῦ
1657 1299 1717 1348 τὸ
1752 1297 1978 1359 eux-:6»);

489 1559 585 1622 ις’.
614 1561 709 1612 Ἐκ
731 1560 948 1613 πάντων
966 1562 1072 1613 τῶν
1093 1561 1246 1622 ζώων
1263 1564 1360 1630 τῆς
1386 1561 1639 1631 βρώσεως
1663 1560 1988 1628 ἀποπέμπε·

416 1668 504 1703 ται
526 1652 686 1720 μόνον
717 1652 808 1703 τὸν
839 1655 1047 1719 χοῖρονο
1080 1653 1200 1703 οὒτε
1230 1653 1283 1703 δὲ
1316 1655 1472 1715 κύνα,
1504 1653 1624 1704 οὒτε
1653 1653 1836 1711 λύκον,
1864 1651 1986 1703 οὔτε

415 1762 464 1795 τι
511 1745 672 1795 ἄλλο·
712 1746 848 1797 sua
884 1744 1100 1796 πάντων
1136 1747 1385 1811 μετέῇιν
1428 1745 1800 1813 προτρέπεται
1858 1744 1984 1804 τοὺς

422 1835 699 1886 ὑπἀὐτοῦ
736 1836 1123 1904 ἠπατημένους
1146 1852 1156 1864 ⁸
1185 1854 1200 1883 ι
1223 1839 1426 1902 ειεαξετε
1459 1853 1585 1902 γαρ,
1620 1854 1633 1884 ι
1672 1837 1854 1900 ερησῖν,
1883 1854 1897 1883 ι
1927 1839 1989 1883 εκ

411 1927 516 1976 τῶν
539 1926 706 1977 ὄντων
738 1928 793 1976 ἐν
818 1930 881 1994 τῇ
915 1931 983 1995 γῇ
1010 1945 1024 1958 ο
1058 1928 1274 1994 καθαρὰ.
1309 1927 1414 1994 γὰρ
1446 1929 1538 1976 καί
1565 1926 1706 1976 κλλᾶ
1729 1944 1740 1953 ·
1785 1926 1881 1976 καὶ
1915 1926 1986 1992 μὴ
2023 1909 2062 1961 Β

412 2017 743 2084 ἀκολουθῆτε
780 2023 888 2078 τοῖς
927 2018 1097 2085 ἴχνεσι
1139 2019 1232 2070 τοῦ
1269 2019 1503 2070 Σατανᾶ.
1551 2037 1566 2066 ι
1617 2017 1859 2067 Σατανᾶν
1896 2016 1988 2085 δη-

412 2108 588 2159 λονότι
635 2108 815 2160 καλῶν
871 2108 960 2159 τὸν
1015 2109 1083 2160 τὰ
1121 2108 1216 2177 μὲν
1251 2109 1489 2176 καθαρὰ,
1529 2109 1596 2158 τὰ
1618 2108 1672 2158 δὲ
1702 2107 2000 2176 ἀκάθαρτα

413 2199 897 2268 προσηγορευκότα
927 2197 1082 2251 Θεόν.
1119 2198 1260 2251 Ἀλλ’
1282 2200 1330 2250 ει
1366 2200 1612 2260 Σατανᾶς
1640 2191 1817 2262 οὗτος,
1871 2199 1989 2261 πῶς

411 2290 543 2340 Θεδν
573 2290 733 2341 αὑτὸν
766 2291 823 2341 ἐν
856 2289 1037 2352 ἄλλοις
1087 2290 1398 2358 ὀνομάζεις.
1423 2307 1468 2342 ω
1491 2291 1620 2359 λῆρε
1653 2292 1747 2343 καὶ
1780 2291 1988 2359 σεαυτῴ

417 2383 736 2452 pax/ausu;

484 2473 567 2537 ιζ’.
611 2476 745 2542 Περὶ
806 2476 1058 2544 νηστείας
1107 2476 1415 2543 νομοθετῶν
1467 2476 1609 2529 οὕτω
1658 2477 1855 2546 φησιν’
1907 2479 1988 2530 ὅτι

414 2569 574 2632 «Ἕξε
587 2585 697 2619 στιν
716 2568 845 2636 ὑμῖν
863 2571 893 2637 ἠ
913 2568 1008 2632 νὺξ
1023 2570 1117 2637 τῆς
1136 2570 1390 2637 νηστείας
1412 2572 1490 2632 εἰς
1512 2571 1657 2639 μίξιν
1677 2572 1782 2622 τῶν
1801 2588 1988 2637 γυ-ιαιε

411 2662 525 2714 κῶν
579 2663 752 2728 ὑμῶν.
780 2656 948 2713 Αὗται
981 2662 1089 2731 γὰρ
1139 2661 1292 2728 ὑμῶν
1321 2663 1426 2713 εἱσι
1462 2664 1828 2729 σκεπάσματα
1855 2677 1868 2690 ⁸
1897 2665 1989 2714 καὶ

411 2753 570 2822 ὑμεῖς
596 2755 785 2814 αὑταῖς
834 2755 956 2803 ἐστε
1019 2753 1405 2822 σκεπάσματα.
1439 2753 1622 2818 Ἔγνω
1660 2753 1768 2821 γὰρ
1806 2755 1831 2804 6
1862 2753 1992 2816 Θεὸς

411 2846 494 2898 ὅτι
524 2844 1006 2913 παραόουλεύεσθε
1034 2847 1152 2906 ταῖς
1182 2847 1380 2912 ψυχαῖς
1405 2844 1555 2912 ὑμῶν
1575 2845 1632 2894 ὲν
1651 2846 1716 2913 τῇ
1743 2845 1989 2914 νηστεία,

416 2937 511 2988 καὶ
548 2937 702 2997 ἵλεως
738 2939 868 3003 ὑμῖν
901 2937 1132 3003 γίνεται.
1188 2936 1433 3004 Μέχθητε
1465 2937 1657 2997 αὑταῖς
1704 2938 1781 2996 εἰς
1816 2939 1993 3004 παρά-

416 3030 636 3095 xix-par
699 3027 901 3094 φάγετε
960 3025 1197 3095 ἑσπέρας
1246 3025 1341 3076 καὶ
1416 3025 1598 3089 πίε-ιε,
1666 3026 1772 3087 ’ἕως
1807 3027 1866 3077 τὸ
1894 3027 1992 3093 τῆς

414 3121 606 3180 νυκτὸς
644 3120 812 3188 μέλαν
846 3121 988 3188 φανῇ
1018 3118 1212 3169 λευκὸν
1240 3117 1328 3169 διὰ
1360 3118 1458 3186 τῆς
1485 3117 1698 3187 ἡμέρας
1721 3135 1733 3146 ·
1764 3120 1856 3168 καὶ
1886 3118 1992 3169 πά-

2088 662 2499 726 quomodoeqni
2529 660 2667 726 ignis
2725 659 3036 711 vehiculum
3091 673 3208 712 esse
3281 663 3660 714 sustinebunt?

2086 749 2270 814 Equus
2293 749 2435 802 enim
2479 750 2755 803 terrestris
2783 760 2883 811 est,
2920 759 2969 802 et
3006 751 3111 815 igni
3145 750 3436 818 deﬂagrare
3463 763 3656 818 potest.

2087 839 2212 893 Elia:
2243 856 2366 894 vero
2399 841 2470 895 illi
2500 841 2638 910 ignei
2675 845 2794 908 equi
2857 841 3079 909 ﬁguram
3104 858 3361 908 equorum
3415 846 3658 913 przefere-

2086 933 2232 995 bant,
2262 948 2380 986 cum
2411 948 2594 987 revera
2623 935 2795 999 anguli
2824 933 2914 987 Dei
2948 945 3150 987 essent.

2161 1115 2244 1167 15.
2281 1115 2350 1166 lix
2397 1115 2650 1168 birudine
2693 1119 2806 1171 sive
2837 1121 3158 1186 sanguisuga
3229 1123 3495 1176 hominem
3551 1129 3663 1179 Ιίιϊί

2090 1205 2239 1258 dieit.
2281 1208 2478 1258 Verum
2513 1210 2791 1260 enimvero
2837 1228 2939 1278 qua
2974 1215 3178 1266 ratione
3209 1232 3269 1268 ex
3303 1219 3402 1285 abj.
3427 1221 3668 1272 etissimo

2089 1300 2566 1366 pretiosissimum,
2597 1318 2658 1352 ex
2695 1305 2853 1356 bruto
2905 1305 3113 1358 ratione
3178 1311 3479 1374 prmditnm,
3511 1329 3572 1365 ex
3604 1332 3667 1363 eo

2089 1391 2229 1458 quod
2290 1390 2600 1455 fugiendum
2662 1403 2716 1446 et
2770 1399 3128 1449 aversandum
3196 1410 3319 1463 est,
3388 1403 3437 1455 id
3523 1407 3667 1472 qtm-I

2088 1484 2400 1549 expetitur?

2164 1577 2246 1628 lli.
2283 1576 2356 1628 lix
2376 1591 2466 1629 esu
2499 1578 2734 1630 omnium
2765 1579 3079 1634 animalium
3121 1584 3290 1635 solum
3327 1586 3671 1640 abominatur

2091 1682 2341 1734 porcum;
2381 1683 2552 1735 neque
2582 1684 2790 1732 canem,
2824 1687 2994 1739 neque
3026 1673 3228 1738 lupum,
3283 1693 3454 1744 neque
3507 1681 3670 1731 ullqu

2092 1759 2274 1821 aliud;
2313 1760 2406 1812 sed
2438 1762 2648 1815 caeteris
2679 1763 2930 1816 omnibus
2986 1768 3125 1818 \esei
3173 1768 3322 1832 jubet
3381 1772 3429 1821 di
3465 1773 3672 1838 cipnlo;

2095 1865 2120 1900 a
2153 1865 2207 1901 se
2235 1851 2506 1918 deceptos.
2553 1871 2569 1901 ι
2608 1854 2904 1919 Comcdite,
2936 1856 3128 1924 inquit,
3163 1860 3226 1912 de
3277 1862 3357 1911 bis
3395 1879 3510 1928 qnze
3544 1875 3673 1916 sunt

2095 1937 2144 1990 in
2179 1948 2319 1989 terra
2353 1956 2367 2004 ;
2397 1956 2528 2009 pura
2562 1943 2702 1994 enim
2735 1956 2858 1997 sunt
2893 1955 2946 1997 et
2973 1947 3143 2012 bona;
3182 1965 3351 2017 neque
3389 1955 3672 2018 sequimini

2095 2031 2315 2099 vestigia
2386 2032 2687 2087 Satanmzi
2756 2036 3010 2090 Satanam
3090 2042 3294 2095 scilicet
3353 2047 3675 2112 appr-bimus

2098 2122 2280 2185 Deum,
2312 2126 2398 2190 qui
2432 2126 2534 2178 alia
2569 2129 2784 2193 quidem
2821 2132 3040 2191 munda,
3079 2134 3181 2186 alia
3214 2150 3339 2186 vero
3396 2137 3671 2189 immunda

2095 2214 2253 2267 dixit.
2291 2215 2395 2268 Sed
2429 2217 2471 2269 si
2535 2222 2750 2284 quidem
2789 2221 2890 2274 isto
2941 2222 3172 2278 Satanas
3243 2237 3346 2286 est,
3405 2231 3676 2294 quomodo

2094 2303 2266 2373 ipsum
2295 2307 2346 2360 in
2385 2308 2505 2362 aliis
2545 2309 2708 2363 Deum
2749 2313 3009 2381 appellas,
3041 2331 3072 2369 o
3103 2331 3237 2372 vane
3267 2337 3514 2386 lt'lgtttm'.
3553 2321 3674 2373 tibi-

2095 2411 2198 2465 que
2231 2397 2333 2464 ipsi
2373 2403 2720 2468 repugnans?

2165 2488 2248 2540 l7.
2286 2487 2578 2558 Dejejunio
2596 2493 2718 2546 dum
2750 2495 2891 2564 leges
2912 2497 3032 2563 fert,
3056 2499 3131 2551 sic
3155 2499 3260 2553 ait:
3305 2519 3321 2549 ι
3353 2500 3462 2554 Nox
3489 2502 3675 2570 jejumi

2100 2579 2255 2632 vobis
2288 2582 2450 2634 libera
2470 2598 2723 2639 concessa
2740 2597 2841 2650 est,
2862 2599 3050 2641 tthtttn
3071 2591 3260 2646 vestris
3283 2594 3538 2648 uxoribus
3563 2612 3682 2648 con-

2096 2672 2524 2743 cumbatistsa:
2544 2678 2685 2731 enim
2705 2691 2827 2733 sunt
2847 2693 3022 2735 vestra
3042 2691 3391 2753 tegumenta,«
3414 2694 3530 2739 tvos
3551 2689 3682 2752 ipsis

2096 2765 2227 2818 estis
2253 2769 2743 2834 tegumenta.l)eus
2783 2775 2923 2825 enim
2949 2789 3285 2842 perspectum
3331 2781 3515 2832 babuit
3560 2781 3682 2833 insi-

2097 2857 2213 2910 dias
2235 2860 2384 2912 vobis
2405 2860 2516 2912 liozri
2542 2862 2762 2928 jejunio,
2784 2877 2834 2916 et
2853 2867 3117 2934 propitius
3137 2880 3236 2920 est.
3257 2869 3439 2939 Itaque
3459 2874 3681 2927 miscea-

2097 2949 2228 3000 mini
2252 2967 2374 3002 cum
2411 2953 2514 3004 illis
2541 2958 2604 3005 ad
2633 2957 3059 3011 consolationem
3083 2976 3097 3022 ;
3119 2965 3392 3030 etvesperi
3417 2967 3682 3020 COtltt‘tliIB

2097 3053 2157 3090 ac
2187 3038 2374 3102 bibite,
2422 3045 2590 3097 donec
2620 3059 2682 3096 cx
2709 3056 2820 3098 atra
2849 3051 3022 3103 noctis
3049 3052 3276 3120 ealigine
3307 3056 3532 3109 candida
3566 3059 3682 3111 dies

2099 3131 2378 3185 illuccseat
2401 3152 2413 3191 :
2436 3146 2486 3187 et
2517 3136 2707 3189 iterum
2732 3140 2943 3208 expleto
2961 3159 3131 3210 usque
3156 3147 3219 3198 ad
3247 3153 3681 3221 vesperamjojn-

412 3211 496 3262 λιν
524 3210 851 3279 πληρώσατε
881 3209 977 3279 τὴν
1030 3209 1284 3278 νηστείαν
1319 3211 1424 3272 ἕως
1451 3212 1553 3278 τῆς
1589 3212 1852 3278 ἑσπέρας,
1901 3214 1994 3263 καὶ
2021 3237 2065 3294 c
2098 3222 2157 3273 ni.

1938 3214 1994 3263 αἰ
2021 3237 2065 3294 c
2098 3222 2208 3285 nio,
2242 3239 2361 3276 cum
2395 3226 2714 3282 mulieribus
2741 3247 2852 3283 rem
2883 3232 3099 3295 babete.
3133 3242 3431 3292 oratorium
3461 3247 3678 3297 assidue

418 3303 651 3372 μίχθητε
689 3302 901 3363 αὐταῖς,
938 3302 1092 3368 ὑμῶν
1121 3302 1499 3369 συχναζόντων
1535 3305 1591 3354 ἐν
1640 3303 1715 3371 τῷ
1746 3321 1990 3371 προσκυ-

413 3396 680 3463 νητηρίῳ.
709 3392 860 3460 Α’ύτη
891 3393 1038 3443 ἐστὶν
1066 3394 1094 3444 6
1124 3394 1287 3462 νόμος
1318 3394 1476 3447 Θεοῦ.
1516 3414 1534 3445 ι
1577 3396 1710 3446 Ποία
1740 3397 1987 3464 νηστεία,

412 3487 712 3554 ὰλάθαρτε,
766 3485 797 3554 ἢ
852 3486 1002 3546 ποῖος
1063 3486 1225 3553 νόμος
1261 3485 1422 3550 Θεοῦ,
1476 3485 1537 3538 τὸ
1566 3486 1632 3538 δι’
1664 3485 1790 3554 ὅλης
1845 3487 1990 3557 (τῆς)

412 3579 608 3638 νυκτὸς
644 3576 864 3638 εὐαζειν
894 3579 990 3629 καὶ
1018 3576 1403 3645 ἀσελγαίνειν;

483 3671 620 3740 Περὶ
647 3670 1004 3739 σωφροσύνης
1037 3672 1220 3733 αὐτοῖς
1251 3671 1629 3739 διαλεγόμενος
1653 3691 1818 3742 φησιν
1839 3690 1852 3702 ·
1895 3676 1987 3727 «Αἱ

412 3766 673 3832 γυναῖκες
732 3762 908 3830 ὑμῶν,
961 3762 1150 3825 ναετὸς
1203 3763 1378 3833 ὑμῶν.
1422 3763 1702 3815 Εἰσελθετε
1740 3767 1820 3827 εἰς
1864 3768 1991 3828 τοὺς

413 3860 635 3918 ναετοὺς
690 3857 865 3924 ὑμῶν,
902 3856 1024 3908 ὅθεν
1073 3855 1364 3922 βούλεσθε·
1415 3857 1506 3908 καὶ
1557 3856 1836 3908 συνέλθετε
1870 3859 1991 3920 ταῖς

411 3952 613 4024 ψυχαῖς
643 3949 795 4019 ὑμῶν
820 3965 832 3976 ·
858 3968 876 3999 ι
916 3950 1184 4012 τουτέστι,
1213 3951 1393 4002 πᾶσαν
1426 3950 1725 4019 ἐπιθυμίαν
1756 3949 1862 4003 τῶν
1890 3951 1994 4020 ψυ-

410 4043 519 4113 χῶν
544 4041 696 4110 ὑμῶν
730 4039 1088 4108 πληρώσατε,
1131 4040 1226 4090 καὶ
1292 4040 1568 4108 χρήσασθε
1599 4043 1719 4102 ταῖς
1746 4041 1991 4108 γυναιξὶν

411 4135 564 4204 ὑμῶν
597 4132 1004 4201 ἀμφοτέρωθεν.
1053 4133 1119 4183 Τί
1153 4133 1250 4200 τῆς
1303 4135 1401 4198 σῆς
1464 4134 1802 4204 ἀκαθαρσίας
1858 4135 1991 4189 ταύ-

410 4243 507 4295 της
540 4224 940 4291 ἀσελγέστερον
965 4223 1056 4274 καὶ
1084 4225 1462 4290 μιαρώτερον;

484 4311 573 4382 ιη’.
610 4310 776 4374 Οὗτος
796 4310 1152 4380 ἐνομοθέτησε
1173 4314 1436 4378 γυναῖκας
1454 4312 1553 4380 μὲν
1572 4312 1842 4382 τέσσαρας
1862 4313 1990 4367 ἕκα-

411 4424 537 4459 στον
568 4403 767 4476 [ὑμῶν]
789 4403 1124 4472 λαμϐάνειν·
1167 4403 1448 4463 παλλακὰς
1475 4404 1532 4456 δὲ
1566 4404 1765 4473 χιλίας,
1801 4406 1987 4475 ἢὸσας

409 4500 475 4553 ἂν
501 4499 721 4567 τρέφειν
746 4496 1029 4565 δυνηθείη.
1055 4494 1408 4548 Ὑποκεῖσοαι
1437 4496 1491 4548 δὲ
1518 4500 1639 4559 ταῖς
1656 4499 1869 4564 γυναιξὶ
1889 4499 1988 4562 τὰς

408 4588 694 4649 παλλακάς
717 4605 731 4620 ·
769 4588 866 4639 καὶ
897 4587 966 4654 ἢν
1017 4587 1082 4639 ἂν
1114 4588 1142 4638 6
1170 4588 1309 4657 ἀνὴρ
1361 4587 1656 4657 βούληται,
1702 4590 1986 4656 ἀπολύειν,
2012 4577 2068 4636 Ῑ)

409 4683 504 4735 καὶ
533 4681 702 4748 ἄλλην
746 4680 1114 4746 ἀντεισάγειν.
1177 4680 1240 4730 Ὢ
1287 4681 1390 4746 τῆς
1421 4682 1838 4752 ἁνυπερῦλήτου
1897 4685 1990 4736 καὶ

409 4771 704 4843 χοιρώδους
741 4770 774 4839 ἢ
809 4769 1087 4831 κυνώδους
1121 4769 1457 4833 ἀκολασίαςῑ

479 4960 702 5019 Λύσεως
760 4956 1143 5026 μνημονεύσας
1198 4957 1460 5023 γυναικὸς
1519 4958 1579 5021 ἐξ
1627 4961 1818 5031 ἀνδρός
1858 4978 1988 5029 φησι

405 5054 554 5108 τάδε’
589 5070 605 5100 ι
641 5050 770 5104 Ἐάν
794 5068 876 5112 τις
911 5051 1159 5120 ἀπολύσῃ
1190 5049 1287 5120 τὴν
1315 5053 1550 5118 γυναῖκα
1586 5053 1772 5117 αὐτοῦ,
1807 5071 1990 5126 γαμη-

407 5147 556 5216 (tth
584 5142 729 5213 αῦτη
755 5143 928 5213 ἑτέρῳ
951 5160 966 5175 ·
1001 5144 1097 5195 καὶ
1136 5142 1333 5206 οὕτως,
1363 5145 1410 5195 εἰ
1439 5143 1696 5214 βούλεται
1729 5149 1756 5200 6
1787 5149 1988 5200 ἀπολύ-

409 5257 504 5302 σας
537 5240 708 5309 αὑτὴν
738 5240 878 5308 ἀνὴρ
924 5239 1116 5310 αὐτῆς,
1153 5240 1659 5310 ἐπαναστρεψάσθω
1708 5243 1844 5314 πρὸς
1889 5246 1988 5299 αὐ-

406 5334 520 5387 τόν.
554 5334 667 5385 Οὐκ
693 5333 909 5397 ἐξέσται
936 5333 990 5385 δὲ
1017 5335 1178 5402 αὐτῇ,
1204 5333 1311 5403 πρὸ
1335 5334 1429 5385 τοῦ
1454 5335 1772 5406 γαμηθῆναι
1795 5340 1987 5410 ἐτέρῳ,

407 5426 816 5496 ὲπαναστρέψαι
877 5427 1012 5496 πρὸς
1056 5427 1234 5478 αὐτόν.
1280 5447 1297 5480 ι
1380 5428 1559 5492 Καλὸς
1610 5431 1769 5499 νόμος
1804 5434 1831 5484 ὁ
1865 5449 1990 5501 μοι-

404 5522 558 5590 χεὶαν
591 5521 916 5583 ἐπιτάττων,
950 5521 1042 5572 καὶ
1089 5519 1391 5591 καθάρσιον
1432 5522 1601 5593 αὐτὴν
1646 5524 1746 5594 τῆς
1776 5527 1986 5579 ἀπολύ-

407 5633 544 5675 σεως
575 5613 888 5684 ὁριζόμενος
917 5615 929 5666 !

481 5706 565 5758 tli'.
591 5707 678 5768 Εἰς
710 5707 799 5758 τὸν
829 5706 954 5758 καθ’
973 5707 1130 5775 ἡμῶν
1158 5710 1638 5782 πόλεμονὲγείρων
1656 5716 1782 5777 τοὺς
1811 5716 1987 5786 μαθη-

405 5797 502 5859 τὰς
519 5799 684 5852 αὐτοῦ
713 5815 876 5867 φησι·
901 5819 918 5851 ι
939 5800 1240 5854 Φονεύσατε
1265 5805 1461 5866 αὐτοὺς
1479 5805 1613 5857 ὅπου
1639 5806 1704 5859 ἂν
1725 5810 1984 5877 συναντή-

405 5908 535 5960 οητε
568 5894 772 5958 αὐτοῖς.
814 5915 831 5948 ι
866 5893 1030 5949 Ἀλλὰ
1059 5895 1203 5960 τίνος
1244 5897 1403 5952 ἕνεκα
1440 5899 1598 5952 τοῦτο
1631 5901 1898 5967 κελεύεις,
1937 5895 1979 5954 ὦ

2101 3311 2532 3379 frequentantcs.
2569 3318 2689 3375 Haec
2721 3323 2997 3390 jejunandi
3043 3328 3180 3382 ratio
3216 3329 3298 3384 lex
3365 3331 3453 3385 Dei
3506 3347 3608 3389 est.
3653 3357 3672 3388 ι

2100 3404 2380 3469 Quodnam
2418 3411 2852 3479 verojejunium,
2897 3434 2927 3470 0
2965 3419 3212 3487 impure;
3269 3438 3514 3490 quamam
3583 3427 3678 3482 Dei

2101 3496 2210 3560 lex,
2242 3513 2338 3566 per
2367 3511 2534 3555 tatam
2577 3517 2791 3559 noctem
2826 3507 3081 3563 bacchari
3153 3523 3206 3566 et
3262 3513 3467 3569 libidini
3496 3519 3678 3574 indul-

2099 3592 2264 3657 gere?

2170 3684 2244 3740 De
2272 3688 2599 3743 continentia
2634 3703 2795 3760 atque
2848 3695 3109 3750 modestia
3155 3700 3293 3765 apud
3335 3715 3461 3755 suos
3503 3703 3677 3758 disse-

2101 3786 2226 3826 rens
2258 3775 2375 3828 ait:
2425 3777 2710 3833 «Mulieres
2765 3791 2956 3834 vestrm
2998 3785 3359 3840 habitaculum
3435 3783 3673 3845 vestrum

2103 3873 2251 3919 sunt.
2309 3867 2514 3923 Intrate
2549 3870 2599 3922 in
2633 3882 2872 3927 vestrum
2938 3875 3326 3941 habitaculum,
3399 3883 3674 3937 undecun-

2102 3970 2206 4023 que
2235 3957 2419 4023 vultis,
2445 3970 2498 4015 et
2524 3979 2644 4016 cum
2666 3967 2862 4021 animis
2911 3970 3108 4022 vestris
3158 3975 3548 4039 congredimini
3592 3995 3606 4032 :
3651 3997 3668 4028 ι

2101 4049 2154 4102 id
2185 4061 2289 4112 est.
2321 4067 2536 4107 omnem
2569 4056 2848 4112 libidinem
2891 4062 3056 4114 animi
3114 4063 3278 4117 vestri
3331 4067 3566 4134 explete,
3620 4083 3675 4123 et

2104 4141 2317 4196 utimini
2343 4145 2663 4202 mulieribus
2703 4152 2898 4206 vestris
2936 4154 3214 4223 utrinque.
3254 4155 3390 4222 Quid
3424 4159 3526 4212 bac
3581 4169 3672 4215 tua

2101 4234 2422 4302 impuritate
2454 4241 2704 4307 spurcius
2723 4252 2777 4296 et
2808 4244 3224 4302 abominabilius
3255 4249 3279 4301 ?

2174 4327 2261 4381 l8.
2305 4326 2402 4383 llic
2428 4331 2599 4401 legem
2643 4334 2782 4396 tulit,
2815 4345 2871 4388 ut
2903 4338 3131 4406 quisque
3167 4349 3406 4394 vestrum
3444 4354 3677 4410 quatuor

2098 4435 2294 4476 uxores
2335 4425 2535 4479 ducere
2573 4438 2772 4495 queat;
2808 4430 3025 4498 pollices
3049 4448 3176 4486 vero
3203 4434 3370 4498 mille,
3398 4446 3490 4489 aut
3516 4451 3674 4507 qttot-

2098 4521 2227 4581 quot
2264 4514 2461 4585 aliquis
2499 4517 2644 4571 alere
2677 4521 2864 4588 possit.
2910 4521 3108 4576 Verum
3149 4527 3408 4580 uxoribus
3443 4530 3664 4598 subjec-

2096 4612 2178 4660 tas
2205 4621 2324 4660 esse
2352 4607 2467 4661 vult
2498 4608 2717 4676 pellices
2743 4627 2757 4664 :
2785 4612 3157 4681 permittitque
3190 4618 3474 4684 repudiare
3505 4636 3668 4688 quam

2096 4697 2323 4754 maritus
2356 4699 2506 4763 velit,
2551 4712 2604 4755 et
2659 4704 2817 4778 aliam
2862 4721 2957 4771 pro
2996 4723 3056 4760 ea
3109 4708 3326 4764 ducere.
3383 4709 3426 4764 Ο
3459 4713 3671 4767 intom-

2095 4790 2416 4858 parabilem,
2454 4795 2843 4864 porcinamque
2873 4807 2968 4852 aut
2998 4801 3247 4852 caninam
3308 4801 3674 4870 intemperati»

2096 4882 2222 4936 tiam
2253 4885 2265 4936 ι

2168 4975 2303 5031 Cum
2338 4980 2560 5035 divortii
2587 4982 2836 5036 meminit
2879 4983 3022 5038 inter
3095 4988 3270 5041 virum
3320 5001 3373 5043 et
3424 5009 3669 5057 uxorem,

2094 5065 2211 5121 haec
2248 5070 2538 5124 constituit
2570 5089 2584 5126 :
2629 5091 2646 5124 ι
2681 5073 2736 5126 Si
2769 5076 2891 5142 quis
2929 5091 3156 5132 uxorem
3217 5095 3368 5134 suam
3420 5087 3671 5152 repudia-

2094 5161 2254 5226 verit,
2289 5162 2404 5232 ipsa
2438 5165 2605 5219 nubat
2641 5166 2731 5221 alii
2765 5185 2778 5232 ;
2807 5177 2970 5239 atque
2997 5172 3091 5236 ita,
3136 5172 3180 5226 si
3215 5173 3346 5228 velit
3401 5178 3491 5245 qui
3548 5194 3668 5231 eam

2093 5255 2296 5309 dimisit
2335 5258 2568 5312 maritus
2595 5258 2734 5326 ejus,
2769 5262 2832 5314 ad
2868 5262 3040 5330 ipsmn
3071 5275 3398 5321 revertatur.
3454 5268 3671 5322 Reverti

2094 5361 2222 5400 vero
2251 5349 2314 5398 ad
2356 5349 2556 5415 ipsum,
2588 5363 2879 5421 antequam
2917 5354 3005 5407 alii
3065 5359 3328 5423 nupserit,
3377 5376 3481 5414 non
3542 5361 3671 5414 lice-

2092 5441 2187 5494 bit.
2247 5460 2265 5492 ι
2305 5441 2567 5497 Praeclara
2604 5460 2728 5500 vero
2765 5449 2871 5511 lex,
2924 5466 3043 5517 qua:
3087 5454 3410 5507 adulterium
3469 5459 3668 5524 sant-it,

2091 5544 2143 5585 ct
2173 5548 2238 5587 eo
2279 5533 2391 5589 vult
2422 5535 2704 5603 repudium
2745 5537 2951 5607 expiari
2988 5547 2998 5592 !

2166 5720 2247 5774 l9.
2291 5721 2422 5775 Cum
2451 5736 2579 5777 vero
2606 5737 2732 5778 suos
2770 5724 3068 5793 discipulos
3091 5728 3145 5781 in
3180 5728 3381 5783 bellum
3409 5731 3670 5787 adversus

2091 5829 2187 5867 nos
2226 5816 2434 5880 incitat,
2464 5817 2572 5872 ait:
2607 5835 2623 5866 ι
2645 5817 2892 5872 Occidite
2917 5817 3081 5888 ipsos,
3105 5820 3420 5888 ubicunque
3444 5823 3495 5876 in
3521 5823 3670 5893 ipsos

2094 5907 2416 5962 incidet-itis.
2463 5927 2477 5958 ι
2523 5907 2628 5964 Sed
2664 5909 2817 5981 cujus
2846 5909 2923 5965 rei
2959 5924 3126 5967 causa
3181 5913 3285 5969 boc
3349 5915 3523 5983 ipsum
3577 5915 3667 5983 ju-
