4420 6462
806 425 943 490 1351

2067 417 2454 480 ΕΙῙΤΠΥΜΙΙ
2496 416 2668 475 ZIGA
2683 413 2856 473 BENI

3952 408 4102 471 1352

800 543 916 598 bes,
969 549 1002 586 ο
1047 529 1390 599 sanguinarie
1425 527 1448 580 ?
1485 528 1562 582 Ne
1612 525 1886 592 videlicet,
1944 540 2064 581 eum
2116 528 2392 596 sapientes
2425 531 2466 585 Α
2501 540 2540 590 μ

2355 539 2392 578 τε
2425 531 2466 585 Α
2501 523 2756 591 μιαιφόνε
2782 538 2796 585 ;
2846 522 2934 573 ινα
2960 519 3176 578 πάντως
3213 518 3310 586 μὴ,
3337 519 3603 586 νουνεχεῖς
3631 515 4100 585 δντες,ὲλέγχωσι

801 626 928 685 sint,
962 623 1124 691 impia
1178 632 1265 674 tua
1296 631 1349 674 et
1374 634 1572 687 spurca
1605 618 1800 686 placita
1830 626 2152 686 coarguant.

872 736 962 787 ‘20.
994 735 1208 788 Excitat
1235 740 1415 785 autem
1438 731 1625 787 multis
1646 730 1820 783 modis
1836 741 1889 783 et
1909 738 2085 782 armat
2108 729 2389 790 barbaros,

804 835 862 876 ut
898 826 1340 878 Christianorum
1384 824 1652 890 sanguine
1701 821 2022 890 polluantur
2060 840 2072 874 :
2117 821 2247 874 dum
2285 821 2392 873 illis

803 932 1127 985 persuasum
1155 930 1280 968 esse
1310 916 1443 976 vult,
1474 929 1725 983 magnam
1756 922 1812 967 et
1844 915 2124 980 cepiosam
2182 926 2392 965 merce-

805 1010 928 1062 dem
970 1011 1110 1076 apud
1149 1009 1314 1061 Deum
1363 1009 1660 1075 repositam
1678 1021 1801 1060 esse
1836 1008 1902 1059 iis
1958 1008 2048 1074 qui
2103 1006 2396 1060 crudeliter

808 1103 1028 1166 inipsos
1069 1110 1414 1169 grasseutur.
1445 1098 1605 1152 Jubet
1653 1101 1818 1151 etiam
1875 1099 2123 1166 quintam
2182 1107 2393 1164 partem

806 1196 1224 1258 captivorumet
1257 1191 1487 1242 aliorum
1517 1190 1815 1256 spoliorum
1854 1189 2096 1242 dedicari
2162 1189 2296 1250 Deo,
2342 1197 2397 1240 et

808 1283 1083 1349 projiheta:
1111 1280 1466 1348 apostoloque
1517 1280 1639 1348 ejus
1667 1280 1995 1334 llloametho.
2034 1279 2220 1346 Neque
2251 1277 2396 1331 enim

807 1391 1023 1442 aequum
1062 1383 1181 1427 erat
1206 1374 1343 1426 lucri
1377 1389 1480 1426 non
1502 1389 1622 1427 esse
1645 1390 1768 1426 cum
1799 1374 1905 1426 illis
1925 1371 2243 1440 participem
2271 1384 2395 1422 eum

809 1466 898 1531 qui
941 1466 1071 1531 ipsis
1111 1463 1433 1532 perditionis
1463 1463 1904 1518 Christianorum
1938 1462 2128 1515 fuisset
2155 1471 2350 1514 auctor
2381 1475 2396 1523 ;

807 1559 902 1611 sed
946 1573 1042 1624 par
1095 1566 1214 1609 erat
1268 1571 1331 1607 ex
1385 1557 1739 1622 sanguinaria
1799 1554 1997 1620 populo
2042 1551 2398 1621 sanguinario

806 1656 1086 1717 proptietre
1114 1647 1496 1714 sanguinarias
1533 1647 1801 1714 primitias
1830 1645 2083 1700 decerni.

882 1759 986 1812 Sed
1022 1769 1199 1809 tamen
1235 1760 1556 1821 rogantibus
1586 1758 1916 1812 Christianis
1949 1759 2102 1826 jubet
2148 1759 2395 1812 reconci-

2495 617 2562 667 τὰ
2595 613 2874 667 ἁσέὁαστόι
2909 630 3002 664 σου
3038 612 3132 664 καὶ
3155 611 3516 664 κατάπτυστα
3539 610 3811 678 δόγματα.

2567 726 2657 792 κ⁶.1
2689 726 3007 794 Διανίστησι
3035 724 3129 778 καὶ
3171 723 3446 789 ἐξοπλίζει
3490 722 3934 791 παντοιοτρόπως
3965 722 4102 779 τοὺς

2499 820 2807 892 βαρϐάρους
2839 818 2978 886 πρὸς
3005 816 3063 867 τὸ
3092 818 3200 878 τοῖς
3255 814 3366 868 τῶν
3398 815 3743 883 Χριστιανῶν
3770 814 3964 877 αἵμασι
3997 830 4105 863 κα-

2497 909 2910 978 ταχραίνεσθαι,
2945 907 3305 967 πιστεύοντας
3328 905 3536 976 πολλὴν
3563 908 3715 974 παρὰ
3745 904 3864 973 Θεῷ
3890 904 4105 972 μισθα-

2499 999 2756 1052 ποδοσίαν
2811 998 3026 1051 κεῖσθαι
3071 999 3187 1059 τοῖς
3221 996 3389 1066 ὠμῶς
3442 997 3564 1048 κατ’
3605 997 3786 1048 αὐτῶν
3829 995 4102 1062 χωροῦσι.

2499 1094 2611 1161 Τὴν
2653 1092 2912 1161 πέμπτην
2962 1090 3020 1142 δὲ
3053 1091 3250 1160 μοῖραν
3282 1075 3395 1141 τών
3450 1087 3820 1156 αἰχμαλώτων
3855 1091 3950 1138 καὶ
3982 1086 4103 1136 τῶν

2499 1184 2677 1236 ἄλλων
2711 1185 2924 1236 σκύλων
2954 1181 3307 1237 ἀνατίθεσθαι
3341 1181 3418 1250 τῷ
3439 1181 3581 1249 Θεῷ,
3610 1184 3702 1232 καί
3730 1181 3805 1248 τῷ
3836 1180 4104 1247 προφήτῃ

2501 1277 2595 1328 καὶ
2622 1275 2910 1346 ἀποστόλῳ
2951 1274 3120 1328 αὑτοῦ
3161 1272 3445 1340 Μωάμεθο
3487 1273 3549 1324 οὐ
3603 1272 3714 1341 γὰρ
3745 1273 3852 1323 ἔδει
3891 1274 3966 1337 μὴ
3998 1273 4102 1321 καὶ

2499 1366 2594 1418 τοῦ
2619 1366 2852 1435 κέρδους
2915 1367 3097 1428 αὐτοῖς
3149 1364 3478 1433 κοινωνῆσαι
3533 1365 3625 1414 τὸν
3668 1363 3769 1430 τῆς
3817 1363 4107 1422 ἀπωλείας

2502 1460 2687 1521 αὐτοῖς
2719 1458 2914 1511 αἴτιον.
2970 1458 3170 1528 Ἐχρῆν
3198 1457 3255 1508 δὲ
3288 1459 3353 1509 ἐκ
3388 1456 3674 1526 μιαιφόνου
3709 1454 3838 1506 λαοῦ
3869 1454 4110 1522 μιαιφό-

2502 1569 2578 1620 νῳ
2615 1552 2873 1620 προφήτῃ
2900 1550 3220 1619 μιαιφόνους
3249 1544 3388 1601 εἶναι
3423 1549 3520 1610 τὰς
3555 1545 3928 1618 προσενέξεις.

2575 1751 2686 1804 Καὶ
2717 1749 3182 1804 καταλλάττεσθαι
3235 1747 3292 1799 δὲ
3336 1745 3575 1809 κελεύει,
3625 1743 4106 1813 παρακαλούντων

809 1850 954 1902 liari.
1030 1851 1187 1916 Papa:
1255 1850 1603 1902 inhumanam
1667 1851 2059 1903 humanitatem
2097 1851 2109 1903 !
2156 1851 2210 1903 Si
2257 1851 2400 1904 enim
2431 1819 2478 1880 Β
2510 1845 2552 1895 Χ

2356 1866 2400 1902 ιιι
2431 1819 2478 1880 Β
2510 1841 2872 1913 Χριστιανῶν.
2904 1841 3080 1893 Βαὸαὶ
3112 1841 3211 1909 τῆς
3235 1837 3608 1904 ἀπανθρώπου
3638 1835 4055 1904 φιλανθρωπίας
4087 1835 4101 1886 !

812 1943 1132 2004 Christiani,
1175 1949 1316 1995 facta
1358 1942 1822 2004 reconciliatione,
1881 1943 1932 1993 in
2001 1941 2402 1993 Saracenorum

812 2049 997 2102 partes
1024 2037 1416 2098 concesserint,
1469 2046 1521 2087 et
1571 2045 1757 2102 postea
1793 2036 1859 2086 ah
1900 2033 2217 2086 eorumdcm
2256 2042 2406 2099 pote-

813 2137 956 2179 st..te
989 2143 1043 2179 se
1061 2127 1358 2195 abgrcgare
1387 2127 1502 2179 ausi
1566 2127 1786 2190 lncriul,
1831 2125 2025 2177 bellum
2067 2135 2258 2177 contra
2317 2139 2408 2177 eos

813 2219 1041 2272 conflari
1083 2220 1386 2287 ctjugulari
1411 2233 1504 2272 eos
1534 2221 1650 2270 vult
1677 2235 1690 2280 ;
1716 2227 1770 2268 at
1811 2219 1855 2270 si
1888 2219 2136 2270 eamdem
2191 2216 2408 2287 religio-

815 2330 938 2366 nem
980 2313 1386 2379 amplcxentur,
1419 2311 1471 2364 iu
1513 2311 1741 2362 fratrum
1775 2324 2060 2362 numerum
2099 2309 2295 2378 recipi.

891 2447 910 2479 ι
949 2427 1064 2481 Non
1100 2428 1334 2494 adigetis
1397 2427 1569 2496 ipsos,
1620 2426 1716 2490 ait,
1744 2426 1810 2478 ad
1843 2424 2024 2478 fidem.
2048 2423 2184 2478 Nam
2216 2439 2278 2479 ex
2327 2425 2410 2478 luo

817 2523 972 2574 brico
1007 2531 1059 2573 et
1093 2520 1425 2587 periculoso,
1460 2520 1601 2585 quod
1637 2528 1846 2587 gratum
1878 2528 2273 2587 acceptumque
2303 2528 2408 2579 est,

823 2618 1040 2684 planum
1074 2614 1278 2667 factum
1305 2623 1405 2677 est,
1450 2632 1469 2664 ι
1541 2613 1589 2665 id
1621 2621 1730 2674 est,
1794 2612 2044 2680 apparuit
2071 2617 2248 2664 vestra
2277 2610 2412 2663 fides

822 2708 931 2760 Deo
970 2719 1148 2776 grata,
1204 2708 1325 2758 aliis
1359 2704 1712 2773 religionibus
1748 2688 2094 2771 improbatis,
2148 2712 2406 2769 tanquam

818 2801 1168 2870 periculosis.
1207 2799 1375 2867 Euge,
1414 2812 1606 2867 magna
1633 2811 1763 2848 sane
1793 2794 2125 2858 humanitas,
2154 2795 2297 2862 quod
2327 2796 2411 2848 in-

819 2897 1075 2949 terﬁcere
1102 2893 1449 2946 Christianos
1483 2889 1786 2942 mandasti!
1839 2889 2059 2957 adigere
2090 2888 2306 2940 interim
2341 2891 2410 2941 ad

827 2989 984 3039 tidem
1017 3001 1120 3036 non
1166 2983 1400 3052 jnssisti,
1438 2981 1537 3035 sed
1569 2982 1823 3034 occidere
1850 2981 2118 3033 mandasti
2148 2980 2162 3031 l
2193 2994 2299 3034 non
2339 2981 2409 3034 ob

819 3079 1054 3129 alienam
1084 3077 1275 3138 tidem,
1316 3075 1409 3127 sed
1439 3076 1509 3127 ob
1563 3073 1785 3125 insitam
1812 3072 2074 3124 saevitietn
2107 3081 2270 3140 atque
2324 3073 2408 3125 in-

2511 1937 2571 1988 El
2630 1935 2730 2005 μὲν
2767 1932 3228 2000 καταλλαγέντες,
3266 1933 3360 1983 καὶ
3407 1929 3528 1981 καθ’
3592 1929 3823 1988 ἑαυτοὺς
3873 1926 4109 1993 γενόρε.⁴

2510 2045 2613 2091 νοι,
2662 2026 2996 2095 τολμήσουσι
3035 2025 3133 2092 τῆς
3190 2022 3363 2091 αὐτῆς
3419 2021 3669 2084 ἐξουσίας
3708 2018 4109 2088 ἁποδιαιρεθῆ-

2513 2135 2622 2182 ναι,
2661 2117 2902 2185 πόλεμον
2935 2115 3056 2168 κατ’
3090 2113 3274 2166 αὐτῶν
3308 2114 3657 2182 συγκροτεῖν,
3689 2113 3785 2163 καὶ
3818 2110 4110 2175 ἀποσφάτ-

2511 2227 2627 2261 τειν
2689 2209 2919 2270 αὐτούς⁸
2974 2208 3023 2259 εί
3058 2207 3115 2260 δὲ
3160 2207 3260 2275 τὴν
3324 2205 3500 2274 αὐτὴν
3547 2204 3894 2256 ὲπανέλοιντο
3971 2202 4110 2271 θρη-

2515 2300 2730 2366 σκείαν,
2757 2302 2837 2362 είς
2870 2299 3135 2366 ἀδελφοὺς
3158 2299 3356 2361 αὐτοὺς
3386 2297 3814 2367 παραδέχεσθαι.

2591 2433 2610 2465 ι
2648 2415 2721 2466 Uti
2793 2413 3266 2480 καταναγκάσετε.
3324 2414 3534 2482 φησὶν,
3601 2416 3680 2476 είς
3754 2415 3940 2465 πίστιν
3999 2415 4110 2465 αὑ-

2513 2506 2662 2569 τούς.
2729 2504 3080 2576 Ἐφανερώθη
3111 2505 3220 2574 γὰρ
3250 2505 3311 2557 τὸ
3331 2506 3730 2574 εὑπρὸσδεκτον
3757 2508 3820 2558 ἐκ
3847 2507 3939 2560 τοῦ
3963 2524 4112 2573 σφα-

2513 2595 2697 2666 λεροῦ.
2738 2613 2756 2646 ι
2808 2594 3125 2659 Τουτέστιν,
3179 2593 3356 2662 ὲφάνη
3387 2594 3419 2661 ὴ
3455 2593 3580 2644 καθ’
3623 2594 3769 2662 ὑμᾶς
3803 2594 3986 2652 πίστις
4015 2593 4112 2642 εὑ-

2517 2690 2850 2759 πρόσδεκτος
2906 2687 2985 2757 τῷ
3018 2687 3163 2754 Θεῷ,
3217 2686 3328 2738 τῶν
3361 2686 3536 2738 ἄλλων
3562 2686 3801 2737 πίστεων
3843 2685 4109 2737 ἀποδοκι-

2521 2781 2857 2850 μασθεισῶν,
2880 2775 2968 2832 οἷα
2997 2779 3310 2849 σφαλερῶν.
3343 2775 3483 2846 Εὖγε
3518 2782 3616 2847 τῆς
3645 2778 4060 2848 φιλανθρωπίας
4089 2778 4105 2829 !

2518 2876 2600 2928 ὃτι
2630 2873 2862 2942 σφάζειν
2895 2875 3022 2935 τοὺς
3048 2875 3415 2943 Χριστιανοὺς
3448 2871 3736 2936 ἐπιτάξας.
3766 2872 3840 2941 μὴ
3861 2872 4111 2936 ἀναγκά-

2518 2968 2635 3034 ζειν
2663 2969 2802 3030 τέως
2819 2969 2897 3029 είς
2916 2968 3015 3036 τὴν
3043 2967 3228 3019 πίστιν
3251 2966 3508 3018 ἐκέλευσε
3535 2964 3785 3034 φονεύειν
3813 2962 4107 3025 ἐπιτάξας,

2519 3066 2581 3117 οὐ
2653 3064 2720 3117 δι’
2761 3064 3153 3131 ἀλλοτριότητα
3235 3040 3513 3125 πίστεως,
3577 3060 3715 3112 ἀλλὰ
3763 3059 3834 3111 δι’
3898 3057 4113 3109 οἰκείαν

835 3171 1258 3233 humanitatem,
1296 3177 1346 3219 et
1378 3183 1445 3219 ne
1463 3164 1793 3234 superstites
1818 3175 2122 3234 coarguant
2155 3175 2302 3217 tuam
2330 3164 2413 3217 in-
2443 3174 2485 3228 (ι
2517 3159 2580 3210 ἀτ

2371 3181 2413 3216 ιο
2443 3174 2485 3228 C
2517 3157 2787 3226 ἀπήνειαν
2847 3156 2942 3206 καὶ
2994 3152 3437 3222 ἀπανθρωπίαν,
3487 3153 3582 3205 καὶ
3631 3153 3721 3204 ἵνα
3776 3153 3852 3221 μὴ
3904 3151 4114 3215 ζῶντες

821 3262 1032 3316 saniatn
1057 3271 1218 3329 atque
1261 3259 1616 3328 impietatem,
1644 3259 1718 3310 uti
1748 3258 2064 3327 praedictum
2094 3270 2200 3310 est.

891 3465 1160 3518 Admouet
1188 3475 1315 3514 suos
1357 3461 1540 3513 dicens
1575 3475 1589 3511 :
1627 3478 1646 3510 ι
1688 3457 1765 3512 Ne
1799 3459 1920 3512 sitis
1951 3460 2083 3512 socii
2112 3475 2287 3529 neque
2314 3459 2414 3514 Ju-

822 3560 1091 3618 damrum,
1164 3569 1338 3621 neque
1395 3553 1860 3606 Christianorum.
1911 3552 2045 3605 Nam
2103 3554 2419 3622 quicunque

822 3653 970 3722 ipsos
1001 3649 1266 3709 defendit,
1294 3663 1359 3700 ex
1387 3648 1519 3715 ipsis
1535 3655 1640 3700 est.
1675 3665 1692 3696 ι
1726 3644 1858 3698 Esto
1880 3661 2045 3699 sane:
2073 3645 2418 3700 Christianos

822 3745 1252 3812 omnipotentem
1289 3751 1643 3808 sanetamque
1669 3738 1989 3791 Trinitatem
2028 3739 2268 3792 eoicntcs
2295 3739 2419 3793 odio

825 3837 1210 3907 prosequeris;
1251 3835 1304 3886 in
1336 3831 1553 3886 Judzeos
1589 3846 1736 3894 vero,
1789 3830 1880 3898 qui
1917 3830 2247 3898 profitentur
2297 3847 2418 3886 sese

825 3931 1122 3985 Abrahami
1155 3928 1312 3982 (idem
1352 3939 1706 3988 conservare,
1749 3939 1847 3977 cur
1884 3925 1986 3977 hoc
2022 3924 2271 3976 moliris?
2310 3922 2418 3977 Sed

825 4029 961 4082 nihil
995 4027 1228 4080 alienum
1263 4039 1292 4076 a
1323 4033 1412 4075 tua
1435 4022 1666 4074 malitia.
1703 4018 1856 4073 Nosti
1883 4021 2028 4072 enim
2062 4020 2204 4087 quod
2233 4020 2319 4073 lex
2340 4020 2421 4073 div

827 4120 1105 4172 vinitatem
1134 4115 1335 4170 Christi
1359 4112 1598 4167 declaret
1624 4130 1636 4164 :
1663 4111 1868 4165 idcirco
1893 4119 2152 4178 utrosque
2174 4110 2300 4163 odio
2330 4112 2423 4163 ha-

826 4215 956 4266 bere
1025 4209 1294 4279 praecipis,
1328 4205 1420 4276 qui
1443 4203 1666 4268 Christi,
1701 4203 1912 4266 iuto.ut
1976 4202 2155 4271 potius
2210 4202 2417 4268 dicam,

826 4306 921 4360 Dei
945 4305 1124 4360 hostis
1146 4317 1226 4357 es.

905 4601 1106 4658 Deinde
1148 4598 1224 4652 sic
1258 4595 1512 4651 condolet
1570 4592 1770 4649 Iudaeis
1797 4598 1852 4646 et
1901 4588 2252 4656 Christianis,
2299 4604 2423 4644 cuni

833 4701 946 4753 ait:
1012 4715 1029 4746 ι
1065 4692 1157 4746 Va:
1192 4692 1368 4755 vobis,
1430 4687 1722 4744 domestici
1789 4685 2234 4752 Scripturarum!
2293 4683 2426 4738 nihil

831 4792 985 4846 vobis
1009 4788 1134 4851 erit,
1175 4783 1355 4853 quoad
1389 4783 1564 4850 legem
1593 4778 1894 4847 scquemini
1923 4786 1981 4830 et
2008 4776 2420 4845 Evangelinm.»

829 4882 1001 4946 Nihil,
1035 4892 1228 4944 nempe
1283 4875 1557 4928 utilitatis.
1620 4872 1783 4940 Atqui
1829 4869 1990 4939 paulo
2030 4880 2157 4923 ante
2185 4869 2360 4939 legem
2397 4883 2428 4920 a

827 4976 1051 5033 Christo
1126 4973 1404 5041 impletam
1466 4967 1638 5020 fuisse
1695 4962 1899 5026 dixisti,
1957 4961 2429 5032 Evangeliumque

830 5068 1233 5142 promulgatum
1295 5077 1417 5118 esse
1479 5059 1623 5113 viam
1683 5065 1738 5111 et
1799 5057 1972 5110 lucem
2038 5067 2094 5110 et.
2133 5054 2426 5122 justitiam.

833 5163 942 5218 Sed
977 5175 1166 5213 revera
1197 5155 1540 5211 mendacium
1574 5153 1812 5221 seipsutn
1842 5149 2071 5220 jugulat,
2129 5148 2427 5202 uteviden-

830 5268 913 5313 ter
943 5261 1292 5324 coarguatur.

908 5437 981 5490 De
1008 5429 1432 5489 circumcisione
1461 5439 1516 5482 et
1540 5427 1769 5480 marium
1824 5433 1879 5477 et
1903 5421 2229 5476 feminarum
2257 5420 2429 5488 legem

834 5532 954 5588 tulit
989 5547 1002 5582 :
1038 5525 1324 5582 interdixit
1360 5523 1468 5576 illis
1509 5522 1673 5574 etiam
1712 5520 1859 5572 vino.
1901 5515 1966 5570 Et
2003 5528 2180 5568 mares
2208 5514 2426 5580 quidem

833 5621 1231 5681 circumcidere
1279 5617 1608 5670 llebraicum
1645 5630 1659 5678 ;
1690 5611 1924 5664 feminas
1954 5622 2083 5662 vero
2146 5605 2435 5674 impuden-

833 5721 919 5773 tia:
962 5712 1335 5770 Mnamethicze
1364 5708 1668 5779 pr0prium.
1712 5704 1922 5757 scilicet
1958 5710 2017 5755 ut
2051 5700 2431 5754 circumcisio-

837 5829 959 5866 nem
1031 5812 1081 5862 in
1138 5810 1254 5876 lrge
1313 5802 1692 5874 praastriptatn
1747 5797 1849 5852 hoc
1900 5803 2056 5864 pacto
2108 5794 2427 5860 corrigeret.

835 5905 1178 5964 Abstinentia
1212 5919 1240 5957 a
1275 5901 1396 5956 vino
1432 5899 1532 5953 hoc
1578 5895 1715 5962 vult,
1754 5909 1823 5950 ne
1858 5891 1993 5950 ebrii
2059 5887 2212 5958 facti,
2271 5886 2428 5942 facile

2521 3252 2790 3320 ἐλέγχωσι
2843 3249 2944 3317 τὴν
3009 3246 3190 3301 αὐτῶν
3262 3247 3525 3300 ἀπόνοιαν
3570 3247 3666 3298 καὶ
3720 3245 4112 3310 ἀσέϐειαν,ώς

2524 3347 2874 3413 προείρηται.

2569 3524 2573 3528 ἡ
2597 3458 2864 3527 Παραινεῖ
2883 3459 2997 3518 τοῖς
3032 3456 3183 3517 ἰδίοις
3211 3455 3386 3522 λέγων
3414 3468 3426 3482 ·
3466 3470 3485 3504 ι
3524 3452 3617 3523 Μὴ
3645 3452 3864 3518 γίνεσθε
3893 3451 4118 3522 ἀντιλή-

2525 3568 2726 3621 πτορες
2767 3549 3043 3602 Ἰουδαίων
3105 3566 3163 3600 τε
3221 3549 3316 3601 καὶ
3349 3546 3719 3618 Χριστιανῶν.
3756 3547 3947 3607 Ὅστις
3998 3547 4112 3614 γὰρ

2523 3642 2969 3713 ὑπερασπίζεται
3001 3641 3183 3694 αὐτῶν
3205 3640 3266 3704 ἐξ
3294 3640 3470 3708 ὑμῶν,
3503 3643 3530 3692 ὁ
3562 3637 3805 3701 τοιοῦτος
3848 3639 3907 3702 ὲξ
3934 3639 4119 3690 αὐτῶν

2526 3737 2791 3806 ὑπάρχει.
2829 3753 2848 3785 ι
2911 3733 3139 3786 Ἔστωο
3201 3731 3569 3800 Χριστιανοὺς
3639 3729 3760 3800 μὲν,
3830 3732 3956 3793 τοὺς
4016 3731 4118 3799 τὴν

2528 3829 2877 3898 παντουργὸν
2910 3828 3006 3881 καὶ
3036 3828 3202 3893 ἁγίαν
3235 3824 3445 3894 Τριάδα
3477 3823 3758 3885 σέὸοντας,
3793 3826 3995 3892 μισεῖς,
4016 3825 4119 3876 καί

2526 3922 2751 3974 τοιαῦτα
2803 3920 3099 3989 ὑπομένειν
3165 3916 3454 3978 κελεύεις³
3521 3916 3799 3977 Ἰουδαίοις
3866 3915 3944 3978 δὲ,
4003 3918 4117 3978 τοῖς

2529 4013 3033 4082 ἐπαγγελλομένοις
3095 4010 3195 4081 τὴν
3222 4010 3316 4062 τοῦ
3363 4009 3620 4079 Ἀϐραὰμ
3649 4007 3964 4070 ἀποσώζειν
4024 4008 4118 4059 πί-

2531 4125 2675 4173 στιν,
2723 4107 2812 4160 διὰ
2846 4106 2900 4158 τί
2961 4104 3139 4158 ταῦτα
3180 4103 3460 4175 προξενεῖς
3495 4118 3512 4166 ;
3551 4101 3689 4154 Ἀλλ’
3745 4101 3843 4151 οὐκ
3897 4098 4002 4164 ἔξω
4027 4100 4122 4150 καὶ

2531 4204 2691 4256 τοῦτο
2723 4204 2824 4271 τῆς
2854 4204 2952 4272 σῆς
2975 4197 3416 4268 κακοφροσύνης.
3451 4190 3616 4257 Οἶδας
3642 4195 3748 4262 γὰρ
3777 4195 3860 4246 ὅτι
3894 4195 3922 4245 ό
3949 4195 4118 4261 νόμος

2532 4298 2630 4368 τὴν
2676 4296 2773 4349 τοῦ
2817 4292 3067 4364 ίΧριστοῦ
3101 4291 3331 4358 θεότητα
3364 4285 3607 4340 δείκνυσι
3645 4301 3660 4316 ο
3695 4287 3788 4340 καὶ
3835 4285 3926 4338 διὰ
3955 4286 4120 4338 τοῦτο

2535 4389 2889 4461 ἀμφοτέρους
2942 4382 3254 4455 ὲχθραίνεὶν
3315 4380 3586 4445 κελεύεις,
3629 4378 4018 4449 χριστομάχος,
4083 4381 4120 4450 ἢ

2449 4524 2503 4583 D
2540 4486 2740 4558 μᾶλλον
2775 4482 2974 4544 εἰπεῖν,
3006 4475 3275 4546 θεομάχος
3297 4472 3400 4526 ὢν.

2605 4574 2720 4630 Εἶθ’
2778 4573 2926 4627 οὕτω
2980 4568 3256 4632 ταλανίςει
3305 4564 3672 4636 Χριστιανούς
3729 4583 3791 4617 τε
3828 4565 3920 4618 καὶ
3990 4565 4109 4618 Ἰου-

2530 4671 2739 4733 δαίους,
2791 4666 2998 4735 λέγων·
3067 4683 3084 4715 ι
3123 4661 3262 4714 Οὐαὶ
3298 4659 3452 4728 ὑμῖν,
3512 4661 3704 4712 οίκεῖοι
3738 4658 4003 4727 Γραφιίνί
4032 4661 4125 4711 οὑ-

2530 4765 2619 4817 δὲν
2678 4763 2807 4832 ὑμῖν
2840 4759 3016 4822 ἔσται,
3049 4756 3154 4816 ἕως
3195 4753 3260 4806 ἂν
3292 4751 3690 4820 ἐξακολουθῆτε
3746 4748 3823 4818 τῷ
3846 4751 3997 4820 νόμῳ
4028 4755 4126 4803 καὶ

2531 4859 2609 4930 τῷ
2655 4853 2998 4923 Εὑαγγελίῳ.
3043 4869 3060 4900 ι
3100 4847 3331 4916 Ὄφελον
3386 4845 3661 4914 δηλονότι.
3709 4845 3820 4897 Καὶ
3847 4844 3954 4913 μὴν
3985 4846 4118 4895 ἀνω.

2530 4952 2680 5021 τέρω
2739 4946 2934 5017 μικρὸν
3002 4935 3472 5008 ἀληθοποιηθῆναι
3540 4934 3643 5001 μὲν
3676 4932 3824 5000 παρὰ
3874 4932 4122 5000 Χριστος,

2530 5044 2621 5096 τὸν
2654 5039 2818 5104 νόμον
2851 5035 3079 5101 εἴρηκας
3111 5045 3123 5058 ⁸
3166 5027 3388 5096 δοθῆναι
3419 5025 3475 5076 δὲ
3515 5022 3604 5077 διὰ
3639 5021 3736 5075 τοῦ
3780 5021 4124 5088 Εὑαγγελίου

2533 5139 2814 5206 ὁδῂγῃσιν,
2865 5129 2955 5179 καὶ
3016 5123 3154 5193 φῶς,
3187 5120 3286 5173 καὶ
3311 5117 3684 5184 δικαιοσύνην.
3759 5114 3902 5167 Ἀλλ’
3952 5114 4122 5175 ὅντως

2535 5226 2716 5294 ἑαυτῷ
2755 5219 3078 5292 περιπίπτει
3104 5215 3174 5268 τὰ
3201 5212 3374 5266 πολλά
3403 5211 3464 5262 τὸ
3493 5209 3713 5278 ψεῦδος,
3746 5208 3838 5262 ἵνα,
3868 5224 4127 5276 φανερω-

2533 5324 2708 5391 τέρως
2749 5313 3061 5385 ἐλεγχθείη.

2606 5410 2968 5483 Περιτέμνειν
3003 5404 3097 5457 καὶ
3147 5402 3274 5462 τοὺς
3327 5398 3566 5467 ἄρρενας
3620 5395 3718 5447 καὶ
3745 5394 3846 5456 τάς
3897 5391 4124 5483 θηλείας

2535 5481 2938 5577 νομοθετήσας,
2996 5495 3385 5564 ἀπηγόρευσεν
3447 5491 3634 5548 αὐτοῖς
3692 5489 3786 5541 καὶ
3835 5487 3927 5539 τὸν
3959 5481 4126 5537 οἶνον.

2535 5603 2608 5654 Τὸ
2647 5599 2747 5670 μὲν
2779 5595 2873 5648 οὖν
2903 5590 3260 5662 περιτέμνειν
3297 5589 3423 5648 τοὺς
3441 5585 3682 5655 ἄρρενας
3716 5581 4030 5652 Ἐϐραῐκόψ
4067 5579 4128 5630 τὸ

2535 5696 2590 5748 δὲ
2619 5694 2717 5755 τὰς
2753 5690 2975 5758 θηλείας
3009 5686 3109 5755 τῆς
3132 5682 3227 5735 τοῦ
3262 5679 3512 5750 Μωὰμεθ
3544 5677 3934 5746 ἀναισχυντίας
3965 5673 4126 5733 ἴδιον,

2541 5789 2637 5840 ἐπὶ
2666 5782 2956 5853 διορθώσει
3007 5778 3171 5849 δῆθεν
3211 5776 3311 5847 τῆς
3363 5772 3600 5843 νομικῆς
3637 5770 3943 5838 περιτομῆς
3971 5783 3982 5796 ·
4018 5766 4132 5834 ἡδὲ

2542 5879 2723 5952 ἀποχὴ
2759 5875 2850 5931 τοῦ
2888 5876 3056 5938 οἴνου,
3118 5871 3208 5925 ἵνα
3273 5867 3347 5940 μὴ
3407 5863 3816 5936 μεθυσκόμενοι
3867 5860 3979 5920 τοῖς
4037 5858 4132 5928 ἐκ-
