4420 6462
721 404 852 460 Ῑὲῧῦ

1966 402 2343 460 ΕΙἽἸΙΥΜΗ
2389 405 2769 480 ZiGAlllﬁXl

3853 404 3984 464 3356

721 517 963 578 mandat,
1009 516 1110 568 hoc
1144 515 1357 580 quidem
1401 522 1662 581 tempore,
1721 523 1976 581 tanquam
2033 515 2291 567 divinitus
2324 521 2368 575 Α
2403 519 2460 568 νῦ

2238 528 2291 567 us
2324 521 2368 575 Δ
2403 519 2495 568 νῦν
2550 521 2652 588 μὲν
2697 522 2770 582 ὡς
2824 521 3165 574 θεόπνευστα
3211 521 3468 589 δέχεσθαι
3525 518 3590 569 τὰ
3625 516 3752 584 παρ’
3817 518 3983 568 αὑτοῦ

720 611 1000 677 inspirata,
1031 623 1123 660 sua
1152 607 1400 674 amplecti
1427 607 1631 668 omnia,
1659 606 2136 673 htt'cstigationem
2163 619 2292 658 vero

723 704 933 755 illorum
963 713 1016 752 et
1061 701 1433 767 probationem
1468 698 1530 750 ad
1566 698 1707 750 dicm
1768 712 1939 766 usque
1987 707 2289 750 extremum

722 794 909 856 judicii
943 794 1265 847 universalis
1314 789 1713 846 reservandam.
1753 792 1903 843 Tunc
1953 790 2095 842 enim
2153 791 2294 859 quod

727 889 951 951 probum
1016 885 1404 952 sincerumque
1452 889 1542 950 sil,
1583 887 1799 952 planum
1853 885 1989 938 fore.
2029 884 2106 938 Ne
2168 899 2294 937 vero

725 978 1012 1047 quisquam
1054 980 1198 1032 dicat
1232 997 1245 1035 :
1285 997 1301 1028 t
1355 977 1569 1031 Postula
1599 994 1625 1031 a
1659 979 1764 1032 Deo
1803 979 2017 1046 signum
2077 977 2294 1046 aliquod

723 1070 789 1121 ad
822 1068 1290 1123 conﬁrmationem
1347 1080 1558 1123 tuorum
1614 1069 1958 1135 placitorum,
2005 1087 2022 1117 ι
2073 1067 2297 1120 simulat

724 1161 1056 1227 petitionem,
1088 1172 1140 1213 et
1174 1161 1240 1213 ad
1276 1161 1438 1213 Deum
1471 1162 1588 1211 ait:
1633 1179 1648 1208 ι
1696 1158 1980 1212 Postulant
2021 1175 2048 1211 a
2107 1168 2156 1212 te
2197 1161 2295 1213 do-

726 1254 931 1306 IIICSIiCi
982 1263 1034 1304 ct
1091 1253 1369 1306 vernaculi
1437 1251 1683 1317 discipuli
1734 1253 2017 1320 scriptura)
2061 1252 2136 1318 (id
2189 1262 2290 1312 est,

727 1347 815 1408 qui
866 1345 1193 1412 scripturam
1240 1345 1380 1397 illam
1413 1345 1671 1398 divinitus
1705 1345 1922 1396 missam
1957 1344 2295 1411 amplectun-

728 1437 834 1503 tur)
868 1446 926 1488 ut
958 1437 1211 1492 demittas
1245 1437 1310 1489 ad
1351 1449 1445 1489 eos
1483 1436 1809 1504 scripturam
1849 1450 1879 1488 e
1919 1434 2091 1495 cmlis,
2144 1453 2160 1482 ι
2197 1437 2301 1486 sei-

728 1530 859 1583 licet
888 1531 1212 1597 scripturam
1246 1531 1558 1591 secundam,
1606 1543 1726 1596 qua:
1752 1537 1934 1579 certos
1970 1541 2064 1580 eos
2115 1529 2296 1584 reddat

728 1624 922 1686 placita
958 1638 985 1674 a
1020 1638 1106 1676 me
1159 1622 1428 1689 prnposita
1477 1632 1530 1673 et
1565 1621 1857 1673 constituta
1916 1633 2037 1672 esse
2080 1635 2207 1672 vera
2249 1628 2301 1672 et

731 1715 824 1768 tibi
860 1723 1032 1781 grata.
1068 1713 1260 1766 Postea
1294 1713 1358 1765 de
1421 1710 1661 1764 Hebraeis
1698 1711 1966 1780 proponit,
2022 1711 2163 1775 quod
2225 1710 2298 1762 illi

736 1808 907 1875 majus
941 1806 1218 1874 quippiam
1249 1819 1278 1857 a
1312 1804 1463 1856 Mose
1505 1803 1776 1871 petierint,
1819 1802 2096 1857 dicentes:
2143 1822 2160 1853 ι
2199 1804 2301 1857 Os-

2399 611 2578 662 πάντα
2611 627 2624 639 ·
2659 613 3028 681 παραπέμψαι
3085 613 3140 664 δὲ
3171 613 3269 681 τὴν
3306 612 3537 664 ίτούτων
3608 611 3836 678 ἔρευναν
3890 608 3985 660 καὶ

2397 702 2720 770 δοκιμασίαν
2750 705 2832 764 εἰς
2863 704 2962 766 τὴν
2982 703 3304 763 τελευταίαν
3336 704 3552 770 ἡμέραν
3585 700 3684 764 τῆς
3775 714 3984 763 παγκο-

2402 794 2563 858 σμίου
2594 793 2834 859 κρίσεως
2866 810 2879 823 ·
2913 795 3034 846 τότε
3063 795 3172 864 γὰρ
3201 793 3438 871 φανῆναι
3484 792 3542 843 τὸ
3570 791 3787 850 πάντως
3831 790 3980 841 δοκι-

2403 902 2520 951 μον.
2557 886 2676 939 Ἵνα
2704 886 2758 937 δὲ
2797 888 2980 955 μήτις
3016 888 3166 957 εἴπῃ,
3201 904 3220 936 ι
3262 886 3497 954 Αἴτησαι
3532 882 3683 951 παρὰ
3718 883 3814 934 τοῦ
3837 879 3977 932 Θεοῦ

2403 980 2628 1045 σημεῖον
2665 980 2744 1041 εἰς
2778 980 3044 1032 πίστωσιν
3097 979 3211 1030 τῶν
3251 978 3404 1044 παρὰ
3459 976 3555 1028 σοῦ
3585 974 3986 1042 δογματιζομέ-

2402 1087 2581 1140 νων.)
2621 1070 2976 1139 ὑποκρίνεται
3005 1071 3103 1139 τὴν
3128 1071 3363 1139 αἴτησιν,
3430 1067 3526 1119 καί
3573 1083 3705 1134 φησι
3734 1064 3867 1132 προς
3897 1065 3986 1114 τὸν

2401 1159 2534 1210 Θεόν
2559 1174 2570 1187 ·
2619 1177 2636 1208 ι
2679 1159 2966 1212 Λιτοῦνταί
2998 1177 3055 1212 σε
3091 1162 3141 1213 οῖ
3171 1162 3362 1212 οἰκεῖοι
3395 1159 3495 1225 τῆς
3524 1157 3740 1224 γραφῆς
3780 1155 3986 1223 (τουτέ-

2405 1270 2521 1304 στιν
2549 1255 2596 1302 οἱ
2633 1253 2733 1319 τὴν
2776 1253 3126 1317 θεόπεμπτόν
3161 1269 3254 1304 σου
3288 1249 3509 1318 γραφὴν
3538 1249 3849 1316 δεξάμενοι)
3889 1247 3984 1298 τοῦ

2404 1346 2730 1408 κατενέγκαι
2758 1345 2944 1394 ἐπάνω
2972 1343 3153 1395 αὐτῶν
3185 1341 3405 1410 γραφὴν
3434 1343 3497 1390 ὲκ
3525 1338 3618 1390 τοῦ
3645 1337 3880 1406 ούρανοῦ
3903 1352 3916 1367 ⁸
3962 1355 3980 1386 ι

2403 1435 2620 1505 γραφὴν
2650 1435 2911 1504 δευτέραν
2930 1434 3197 1502 δηλονότι,
3227 1431 3686 1501 πληροφοροῦσαν
3719 1429 3850 1496 περὶ
3876 1428 3987 1478 τῶν

2405 1529 2538 1596 παρ’
2591 1528 2756 1580 αὐτοῦ
2796 1526 3312 1596 δογματιςομένων,
3344 1523 3637 1590 ὅτιάληθῆ
3673 1525 3769 1573 καὶ
3796 1523 3989 1590 εὐάρε-

2407 1637 2524 1671 στα.
2565 1616 2696 1671 Εἶτα
2763 1618 3157 1687 προσεκτξθησι
3205 1618 3332 1683 περὶ
3387 1615 3494 1666 τῶν
3565 1613 3862 1682 Ἐϐραίων,
3904 1613 3988 1663 ὅτι

2404 1712 2676 1780 ᾐτήσαντο
2731 1713 2823 1762 τον
2885 1712 3094 1779 Μωσῆν
3158 1709 3390 1776 μείζονα
3430 1707 3646 1767 τούτου,
3690 1707 3784 1757 καὶ
3813 1701 3985 1765 εἷπον,

2418 1822 2436 1854 ι
2474 1805 2658 1867 Δεῖξον
2683 1807 2813 1872 ἡμῖν
2849 1805 2942 1857 τὸν
2976 1805 3108 1856 Θεὸν
3143 1802 3392 1871 φανερῶς
3420 1819 3434 1832 ·
3476 1820 3493 1851 ι
3543 1800 3635 1852 καὶ
3671 1799 3863 1853 ἒλαεεν
3894 1799 3989 1849 αύ-

731 1902 887 1954 tende
928 1900 1084 1954 nobis
1141 1899 1309 1951 Deum
1345 1896 1651 1956 manifesto,
1706 1914 1722 1941 ι
1771 1905 1823 1948 et
1873 1898 2017 1963 quod
2051 1910 2301 1961 compre-
2337 1873 2380 1926 Β
2409 1911 2476 1946 τοι

2245 1910 2301 1948 e-
2337 1873 2380 1926 Β
2409 1895 2535 1955 τοὺς
2563 1895 2624 1945 τὸ
2670 1898 2826 1945 Θεῖον
2858 1895 2943 1946 διὰ
3007 1896 3104 1962 τῆς
3152 1893 3363 1954 ἀδικίας
3416 1893 3598 1943 αὐτῶν
3633 1907 3646 1918 ·
3687 1889 3990 1949 τουτέστιν,

737 1995 983 2048 henderit
1041 1995 1184 2062 ipsos
1216 1991 1358 2044 Deus
1387 1990 1455 2043 oh
1509 1989 1832 2056 injnslitiam
1877 2004 2054 2050 suam,
2111 1989 2161 2041 id
2223 1999 2304 2041 est

735 2085 1015 2138 sustulerit
1042 2100 1068 2136 e
1100 2083 1298 2145 medio,
1327 2082 1395 2134 oh
1424 2082 1561 2133 hanc
1616 2079 1908 2131 absurdam
1966 2090 2019 2132 et
2073 2079 2304 2146 ineptam

736 2179 1048 2244 petitionem
1085 2175 1349 2244 ipsorum.
1409 2171 1532 2225 Haec
1564 2172 1781 2241 quidem
1843 2171 1928 2224 ille
1977 2171 2202 2233 addidit,
2254 2181 2310 2224 ιιι

739 2280 966 2323 tri-reret
998 2265 1291 2334 discipulos
1319 2279 1466 2328 suos,
1501 2275 1554 2315 nt
1579 2266 1886 2329 prohiberet
1915 2263 2010 2333 (uti
2065 2263 2310 2316 declara-

740 2377 848 2412 lttttt
878 2362 981 2430 est)
1017 2358 1291 2424 inquirere
1338 2358 1827 2411 demonstrationes
1885 2357 2134 2411 veritatis
2173 2374 2187 2420 ;
2241 2372 2309 2410 ne

739 2456 940 2510 srilicet
997 2452 1193 2507 similia
1224 2452 1354 2518 ipsis
1387 2450 1717 2503 acciderent.
1753 2449 1921 2503 Judmi
1959 2462 2138 2504 tamen
2192 2465 2309 2503 ma-

735 2547 817 2614 gis
852 2546 1293 2613 dcprecatisunt,
1364 2558 1427 2594 ne
1463 2542 1600 2595 Deus
1646 2542 1958 2609 loqueretur
2017 2544 2081 2596 ad
2140 2545 2308 2611 ipsos,

738 2648 792 2693 et
815 2639 1038 2709 gloriam
1079 2638 1192 2699 Dei,
1229 2649 1346 2703 quae
1377 2634 1507 2701 ipsis
1539 2635 1590 2686 in
1628 2643 1812 2688 monte
1861 2634 1990 2688 Sina
2046 2650 2311 2704 apparue-

737 2743 840 2798 rat,
878 2731 1188 2786 horribilem
1221 2728 1601 2782 existimarunt
1628 2737 1681 2780 et
1727 2726 2121 2781 intolerabilem
2155 2747 2165 2779 :
2212 2727 2312 2778 l‘al-

736 2839 964 2893 sumque
997 2831 1080 2876 est
1124 2821 1434 2888 exemplum
1496 2818 1845 2874 Hebraeorum
1901 2821 1991 2888 qui
2038 2835 2103 2871 co
2159 2822 2315 2874 modo

735 2915 1021 2983 perierint.

809 3007 1074 3063 Prmterea
1150 3021 1382 3064 conatur
1441 3012 1738 3066 conciliare
1791 3009 1892 3063 sibi
1925 3008 2170 3062 veritatis
2195 3017 2313 3061 stn-

740 3102 909 3164 dium,
945 3115 997 3154 et
1036 3104 1136 3154 lidc
1184 3103 1398 3173 dignam
1460 3106 1848 3159 auctoritatem
1924 3103 2140 3172 placitis
2202 3103 2315 3157 suis

2411 1987 2620 2038 ἀνεῖλεν
2685 1988 2883 2048 αὐτοὺς
2922 1987 3008 2038 διὰ
3038 1987 3136 2055 τὴν
3199 1986 3512 2054 παράλογον
3538 1986 3747 2048 ταύτην
3771 1983 3994 2047 αἴτησιν

2410 2078 2610 2130 αὐτῶν.
2649 2077 2837 2132 Ταῦτα
2873 2078 2927 2130 δὲ
2959 2078 3326 2147 προσέθηκεν.
3359 2075 3610 2142 ἐκφοϐῶν
3632 2075 3759 2134 τοὺς
3813 2072 3988 2141 μαθη-

2410 2173 2508 2233 τὰς
2537 2171 2725 2231 αὑτοῦ,
2767 2171 2861 2221 καὶ
2910 2169 3134 2221 κωλύων
3181 2169 3278 2236 (ὼς
3303 2167 3618 2236 δεδήλωται)
3678 2166 3862 2234 ζητεῖν
3896 2163 3992 2216 αῦ-

2411 2266 2536 2326 τοὺς
2575 2264 2879 2329 ἀποδείξεις
2934 2265 3032 2333 τῆς
3057 2265 3337 2333 ἀληθείας,
3365 2265 3450 2314 ἵνα
3480 2263 3556 2331 μὴ
3598 2265 3663 2314 τὰ
3695 2263 3856 2328 ὃμοια
3880 2261 3990 2313 πά-

2413 2359 2564 2412 Θωσι.
2627 2359 2815 2411 Καίτοι
2850 2359 3236 2427 παρῃτήσαντο
3284 2357 3482 2425 μᾶλλον
3535 2356 3584 2406 οἱ
3651 2355 3897 2408 Ἰουδαῖοι
3932 2355 3993 2404 τὸ

2414 2451 2598 2504 λαλεῖν
2647 2453 2782 2519 πρὸς
2831 2452 3032 2511 αὐτοὺς
3086 2451 3176 2501 τὸν
3216 2449 3349 2502 Θεόν
3382 2467 3394 2477 ο
3457 2449 3552 2501 καὶ
3594 2449 3695 2516 τὴν
3745 2447 3838 2498 ἐπὶ
3895 2444 3991 2496 τοῦ

2415 2547 2571 2612 ὅρους
2602 2545 2864 2610 ὀφθεῖσαν
2896 2541 2987 2596 τοῦ
3019 2542 3155 2595 Θεοῦ
3212 2543 3373 2606 δόξαν
3413 2542 3681 2611 φορτικὴν
3719 2542 3996 2609 ἡγήσαντο

2417 2638 2510 2688 καὶ
2549 2638 2921 2688 ἀνυπόστατον
2953 2653 2965 2667 ·
3005 2635 3098 2688 καὶ
3131 2635 3324 2704 ψευδὲς
3375 2635 3506 2687 αὐτο
3545 2634 3604 2686 τὸ
3635 2632 3993 2702 παράδειγμα

2415 2729 2525 2779 τῶν
2555 2730 2727 2790 οὕτως
2760 2727 3146 2780 ἀποθανόντων
3187 2725 3478 2795 Ἐϐραίων.
3858 2724 3864 2728 ’

2493 3024 2609 3076 Ἔτι
2644 3021 3096 3090 περιποιούμενος
3134 3019 3311 3086 ἑαυτῷ
3342 3014 3597 3085 ἀλήθειαν
3649 3013 3740 3064 καὶ
3783 3010 3993 3074 ἀξιοπι-

2422 3116 2690 3168 στίανὲπὶ
2742 3116 2852 3174 τοῖς
2905 3111 3410 3180 δοεείματιζομένοις,
3475 3107 3684 3171 εἰσάγει
3719 3101 3994 3170 πρόσωπά

741 3205 1010 3257 astruere,
1065 3196 1277 3249 dum'in
1319 3196 1551 3250 medium
1579 3197 1798 3250 adducit
1822 3209 2084 3263 personas
2153 3210 2314 3262 quas:
2347 3220 2389 3276 ο
2423 3228 2486 3262 τι.

2264 3210 2389 3276 ετο
2423 3227 2541 3262 τινα
2608 3209 2774 3260 πᾶσιν
2831 3207 3197 3271 ἀδιάγνωστα,
3261 3206 3340 3264 εἰς
3424 3204 3690 3270 κήρυγμα
3741 3197 3844 3264 προ
3903 3196 3999 3246 τοῦ

740 3288 860 3339 dam
889 3288 1135 3343 dilIicifes
1168 3293 1410 3359 cognitu,
1444 3305 1563 3359 qua!
1595 3300 1718 3343 ante
1746 3289 1859 3343 Noe
1893 3291 1957 3340 ad
2005 3289 2312 3357 pradican-

741 3383 868 3435 dum
904 3385 1173 3446 venerint,
1198 3394 1250 3435 et
1278 3383 1326 3435 in
1352 3383 1546 3451 quibus
1573 3385 1787 3451 quidem
1812 3383 1943 3449 ipsis
1980 3381 2111 3432 lides
2137 3379 2314 3430 habita

745 3475 929 3538 fuerit,
975 3475 1403 3529 benedictionem
1444 3463 1691 3544 magnam
1741 3483 2020 3527 assecutus
2065 3486 2187 3524 esse
2223 3471 2317 3522 ho-

743 3570 950 3634 mines;
1014 3572 1064 3620 in
1133 3569 1326 3636 quibus
1380 3582 1509 3621 vero
1567 3568 1976 3634 lidesdcrogata
2021 3567 2110 3630 sit,
2151 3564 2318 3615 malc-

741 3662 1034 3716 dictionem
1053 3676 1317 3715 summam
1338 3660 1593 3714 sensisse.
1616 3661 1745 3712 Post
1763 3658 1868 3713 Noe
1889 3674 2014 3711 vero
2029 3657 2319 3710 introducit

743 3751 940 3807 Tzalcd
969 3752 1255 3821 quemdam
1285 3753 1628 3821 prophetam,
1654 3750 1874 3802 fratrem
1903 3749 2163 3803 Thantodi
2187 3788 2201 3812 ,
2227 3750 2317 3814 qui

746 3861 918 3912 neque
966 3862 1198 3914 unquam
1231 3847 1348 3908 fuit,
1388 3859 1563 3912 neque
1603 3842 1671 3895 ab
1701 3844 1809 3895 ullo
1853 3842 1954 3895 alio
2009 3842 2321 3894 nominatus

743 3948 822 3992 est
853 3956 867 4002 ;
904 3941 1028 3992 item
1072 3949 1126 3992 ct
1159 3937 1404 4006 Saipum,
1441 3937 1687 3990 similiter
1725 3937 1964 4003 ignotum
1990 3945 2044 3987 et
2082 3933 2237 3997 Mosi,
2270 3943 2323 3986 et

743 4036 996 4088 omnibus
1027 4033 1148 4085 aliis
1181 4029 1477 4084 historicis.
1511 4029 1687 4095 Atque
1731 4030 1826 4080 hos
1872 4027 2087 4094 quidem
2133 4040 2322 4078 omnes

746 4133 1071 4201 pmdicasse
1104 4128 1254 4191 dicit,
1283 4127 1614 4193 eosdemque
1639 4123 1742 4175 illis
1767 4123 1856 4189 qui
1881 4121 2039 4175 Iidem
2069 4120 2202 4187 ipsis
2230 4120 2324 4172 ha-

749 4225 987 4286 huerint,
1017 4223 1182 4274 Deum
1226 4219 1518 4288 propitium
1549 4215 1845 4283 pra-huisse
1876 4232 1890 4268 :
1919 4213 2007 4266 ubi
2037 4228 2164 4266 vero
2193 4213 2324 4265 lides

750 4319 855 4370 illis
877 4321 1090 4384 penitus
1113 4315 1292 4370 habita
1318 4330 1420 4367 non
1449 4313 1569 4373 fuit,
1587 4327 1680 4366 eas
1698 4319 1886 4380 gentes
1907 4307 2072 4361 fuisse
2085 4320 2320 4360 eversas.

817 4410 908 4463 24.
934 4410 1195 4477 Deinceps
1217 4407 1281 4460 de
1315 4406 1496 4476 seipso
1533 4404 1679 4456 addit
1699 4401 1822 4456 talia
1852 4419 1863 4452 :
1895 4420 1912 4450 ι
1940 4399 2024 4453 Vm
2043 4400 2320 4453 homines!

751 4519 850 4574 ego
883 4519 1000 4555 sum
1029 4501 1118 4554 Dei
1145 4499 1441 4567 apostolus.
1478 4516 1494 4549 ι
1550 4496 1625 4548 Εἰ
1690 4495 1906 4563 placitis
1935 4495 2040 4546 tuis
2103 4493 2324 4560 planum

754 4600 832 4660 ﬁt,
883 4597 1035 4664 cujus
1084 4594 1191 4656 dei,
1227 4607 1259 4646 ο
1301 4592 1600 4659 impostor,
1658 4589 1733 4644 sis
1790 4589 2090 4656 apostolus,
2164 4584 2324 4648 falso,
2363 4623 2405 4679 Β

753 4692 1000 4756 inquam,
1033 4688 1108 4738 sic
1146 4683 1430 4751 appellati,
1481 4695 1673 4749 nempe
1717 4678 1969 4738 Satanae;
2021 4677 2144 4730 huic
2178 4690 2326 4728 nam-

753 4795 858 4848 que
888 4787 1039 4846 grata
1066 4785 1118 4829 et
1142 4775 1314 4827 amica
1359 4773 1543 4835 doces,
1576 4781 1630 4824 at
1653 4771 1871 4824 inimica
1904 4783 2030 4824 vero
2059 4777 2111 4821 et
2135 4780 2329 4834 magno

755 4875 884 4926 Deo;

827 4970 1059 5022 Rursum
1100 4967 1242 5021 velut
1270 4981 1332 5021 ex
1373 4977 1602 5032 persona
1652 4960 1740 5013 Dei
1775 4958 1906 5012 dicit
1944 4975 1955 5009 ι
2018 4973 2035 5006 ι
2089 4954 2331 5008 Misimus

757 5076 808 5117 te
848 5064 912 5116 ad
954 5071 1188 5126 gentem,
1228 5069 1285 5111 ut
1324 5073 1385 5112 ea
1416 5071 1534 5125 quae
1567 5055 1656 5109 tibi
1703 5052 1937 5106 revelata
1969 5059 2023 5103 et
2062 5046 2327 5116 patefacta

755 5165 903 5220 sunt,
934 5156 1108 5209 eidem
1147 5153 1368 5222 prmsiut
1399 5160 1453 5204 et
1499 5151 1787 5216 imperent,
1820 5163 1839 5195 ι
1885 5143 1937 5197 id
1967 5150 2073 5205 est,
2122 5149 2180 5192 ut
2241 5137 2327 5190 illa

757 5249 995 5316 sul-jecla
1046 5247 1114 5300 sit
1164 5247 1229 5299 iis
1290 5259 1410 5313 qua:
1461 5242 1553 5295 tibi
1622 5238 1859 5292 revelata
1912 5242 2044 5289 sunt
2095 5232 2326 5299 placitis.

756 5349 928 5412 Atque
969 5343 1069 5394 hoc
1120 5338 1335 5408 quidem
1375 5335 1495 5388 ideo
1538 5331 1712 5394 dixit,
1761 5336 1818 5380 ut
1857 5325 2236 5379 auctoritatem
2278 5331 2331 5376 et

758 5438 917 5490 tidem
978 5433 1080 5487 sibi
1137 5434 1503 5500 compararet,
1561 5419 2016 5493 quemadmodum
2088 5429 2332 5485 smpenu-

761 5545 914 5582 mero
955 5526 1239 5581 consuevit
1303 5524 1503 5575 facere.
1565 5518 1630 5570 Et
1679 5518 1874 5569 iterum
1926 5511 2118 5564 addit:
2161 5527 2178 5558 ι
2232 5508 2332 5574 Qui

753 5622 1070 5690 religionem
1112 5627 1357 5669 nostram
1403 5610 1728 5681 improbant,
1768 5608 1920 5661 aiunt
1946 5618 2032 5656 me
2070 5616 2183 5656 non
2213 5615 2333 5655 esse

759 5713 1063 5784 apostolum
1114 5726 1128 5762 :
1181 5708 1318 5761 Dens
1352 5704 1479 5759 mihi
1536 5700 1784 5761 suliiciat,
1820 5697 1904 5749 hic
1943 5696 2086 5748 inter
2142 5706 2231 5744 me
2283 5700 2336 5743 et

757 5824 852 5861 vos
879 5806 1054 5860 testis.
1100 5822 1118 5855 ι
1155 5801 1307 5867 Quod
1362 5807 1540 5851 autem
1596 5793 1724 5847 dicit
1761 5812 1772 5846 :
1817 5810 1834 5842 ι
1904 5788 2143 5843 Suliiciat
2199 5784 2333 5840 mihi

763 5903 930 5962 Dens,
954 5915 970 5948 ι
1011 5898 1152 5951 idem
1190 5903 1272 5951 est
1306 5907 1365 5946 ac
1389 5891 1433 5945 si
1457 5889 1722 5944 dixisset:
1758 5884 1999 5940 Suﬂicict
2030 5883 2157 5937 mihi
2188 5883 2329 5936 Dcus

2422 3300 2544 3351 Νῶε
2605 3298 2827 3350 ἐλθόντα
2863 3314 2874 3327 ·
2910 3299 3003 3348 καὶ
3042 3299 3097 3346 ὲν
3124 3289 3203 3356 οἷς
3241 3295 3336 3360 μὲν
3372 3290 3798 3356 ἐπιστεύθησαν,
3835 3285 3992 3339 Θείαν

2423 3389 2675 3457 εὐλογίαν
2741 3389 3166 3458 προεξενηκότα,
3247 3389 3303 3437 ὲν
3364 3380 3442 3446 οἷς
3486 3385 3541 3434 δὲ
3596 3379 4000 3450 ἠπιστήθησαν,

2424 3485 2669 3552 κατάραν
2705 3484 2995 3551 μεγίστην.
3033 3482 3187 3533 Μετὰ
3221 3479 3513 3549 μέντοιτδν
3549 3478 3669 3529 Νῶε
3722 3475 4003 3541 ἐπεισάγει

2425 3577 2630 3640 Τζάλ-εδ
2681 3577 2810 3626 ’τινά
2840 3574 3151 3643 προφήτην,
3215 3569 3442 3639 ἀδελφὸν
3487 3567 3710 3636 Θαμὼδ,
3754 3566 3844 3615 τὸν
3875 3563 4003 3615 οὔτε

2425 3671 2711 3736 γεγονότα,
2782 3666 2905 3717 οῦτε
2964 3664 3095 3730 παρ’
3154 3663 3313 3715 ἄλλου
3378 3660 3786 3728 ὀνομασθέντα·
3837 3656 4005 3706 ἔτιδὲ

2427 3762 2521 3811 καὶ
2570 3761 2797 3832 Σάῐπον,
2853 3758 3056 3824 ὁμοίως
3114 3755 3394 3821 ἄγνωστον
3426 3753 3519 3804 καὶ
3574 3752 3650 3817 τῷ
3684 3750 4006 3818 Μωσῇ,κα“ι

2427 3855 2561 3902 πᾶσι
2594 3852 2703 3911 τοῖς
2723 3849 2902 3908 ἄλλοις
2937 3848 3232 3915 ἱστορικοῖς
3265 3860 3278 3873 ’
3316 3845 3408 3903 οὓς
3467 3843 3619 3908 λέγει
3655 3840 4005 3909 κηρύξαντας

2428 3946 2558 4014 παρ’
2581 3940 2660 4006 οἷς
2699 3944 2794 4012 μὲν
2817 3939 3239 4005 ἐπιστεύθησαν,
3303 3936 3394 3988 τὸν
3425 3936 3556 3987 Θεὸν
3588 3936 3769 3995 αὐτοῖς
3798 3934 4007 4000 εὐμενῆ

2431 4038 2862 4106 παρεσχηκέναι,
2891 4031 3021 4099 παρ’
3056 4025 3135 4091 οἷς
3163 4029 3219 4080 δὲ
3251 4027 3655 4096 ἠπιστήθησαν,
3699 4039 4008 4092 καταστρο·

2429 4128 2536 4197 φὴν
2567 4129 2747 4186 αὐτοῖς
2775 4142 2830 4191 γε
2843 4123 3050 4176 νὲοθαι.

2506 4396 2604 4448 κδ’.
2649 4389 2781 4446 Εἶτα
2821 4391 3146 4460 προστίθησι
3181 4388 3312 4456 περὶ
3343 4385 3539 4438 ἑαυτοῦ
3579 4384 3786 4436 τοιάδε’
3824 4400 3841 4432 ι
3871 4381 4006 4433 Οὐαὶ

2433 4488 2710 4557 ἄνθρωποι
2740 4488 2750 4536 l
2779 4483 2890 4550 ἐγὼ
2918 4481 3210 4541 ἀπόστολος
3235 4480 3350 4546 ειμι
3372 4477 3463 4528 τοῦ
3499 4476 3657 4528 Θεοῦ.
3691 4493 3708 4524 ι
3743 4471 4010 4535 Ἐδειξας,

2436 4580 2530 4649 ἀφ’
2566 4575 2642 4633 ὧν
2664 4576 3037 4644 δογματίζεις,
3067 4567 3111 4626 ὦ
3146 4571 3337 4632 πλάνε,
3372 4570 3528 4621 ποίου
3578 4567 3703 4619 θεοῦ
3749 4565 4014 4632 ὑπάρχεις

2441 4671 2762 4732 ἀποστολος,
2780 4669 2860 4719 ὅτι
2878 4664 2970 4717 τοῦ
2987 4662 3349 4732 ψευδωνύμου
3367 4699 3382 4725 ,
3407 4660 3551 4728 φημὶ
3570 4658 3632 4725 δὴ
3667 4656 3758 4708 τοῦ
3780 4655 4011 4706 Σατανᾶ.

2444 4765 2630 4833 Τούτῳ
2666 4762 2763 4832 μὲν
2789 4761 2897 4828 γὰρ
2931 4757 3063 4824 φίλα
3086 4755 3386 4816 διδάσκεις,
3415 4750 3590 4821 ἐχθρά
3620 4750 3674 4802 δὲ
3710 4748 3787 4816 τῷ
3821 4745 4018 4813 ἀληθεῖ

2440 4859 2534 4910 καὶ
2569 4855 2788 4923 μεγάλῳ
2812 4853 2950 4920 Θεῷ.

2514 4948 2675 5013 Λέγει
2703 4945 2861 4997 πάλιν
2896 4943 2971 5003 ὼς
2997 4945 3060 4994 ἑκ
3094 4937 3387 5010 προσώπου
3441 4931 3532 4984 τοῦ
3562 4930 3698 4984 Θεοῦ
3738 4947 3802 4980 πε
3816 4931 3866 4997 ρί
3892 4932 4018 4980 ἑαυ-

2439 5040 2533 5093 τοῦ
2562 5057 2574 5070 ·
2617 5059 2634 5090 ι
2680 5034 3111 5104 Ἀπεστείλαμέν
3138 5050 3196 5085 σε
3221 5031 3357 5096 πρὸς
3390 5027 3568 5086 ἔθνος,
3603 5023 3696 5077 τοῦ
3726 5023 4020 5090 τυγχάνειν

2439 5136 2625 5188 ἐπάνω
2654 5132 2831 5186 αὐτῶν
2852 5131 2921 5184 τὰ
2955 5123 3380 5198 δηλοποιηθέντα
3411 5119 3548 5189 πρὸς
3585 5118 3666 5180 σὲ,
3717 5135 3733 5167 ι
3773 5114 4018 5167 τουτέστι

2440 5226 2533 5280 τοῦ
2591 5223 2915 5279 ὑποκεῖσθαι
2965 5219 3164 5278 αὐτοὺς
3236 5216 3350 5275 τοῖς
3412 5207 3845 5280 δηλοποιηθεῐσι.
3906 5206 4017 5256 Καὶ

2439 5319 2596 5372 τοῦτο
2629 5318 2684 5369 δὲ
2709 5317 2953 5384 εἴρηκεν,
2988 5309 3305 5375 ἀξιόπιστον
3335 5301 3526 5356 ἑαυτὸν
3545 5301 3736 5362 ποιῶν,
3759 5298 3832 5358 ὠς
3863 5294 4020 5347 εῖωθε

2443 5411 2703 5470 πολλάκις
2738 5409 2936 5459 ποιεῖν.
3007 5402 3115 5455 Καὶ
3148 5399 3302 5460 αὖθις
3351 5393 3674 5462 προστίθησι
3707 5405 3721 5420 ·
3766 5408 3784 5441 ι
3819 5391 4012 5447 Λέγου-

2447 5525 2529 5560 σιν
2569 5506 2618 5558 οἱ
2649 5502 2998 5570 ἀρνούμενοι,
3034 5498 3114 5548 ὃτι
3137 5493 3236 5546 οῦκ
3266 5493 3382 5559 εἰμι
3421 5487 3747 5548 ἀπόστολος.
3848 5483 4021 5552 Αρκεο

2448 5601 2549 5668 σθῇ
2592 5595 2738 5666 μοιὸ
2805 5591 2938 5653 Θεός
2969 5602 2984 5617 ⁶
3035 5583 3188 5648 οὗτος
3249 5585 3456 5652 μάρτυς
3489 5578 3693 5649 μεταξὺ
3738 5574 3872 5644 ἐμοῦ
3927 5574 4022 5625 καὶ

2447 5663 2624 5761 sed}.
2665 5708 2681 5738 ι
2740 5687 2813 5738 Τὸ
2843 5685 2919 5744 δὲ,
2957 5701 2974 5733 ‹
3011 5679 3282 5748 Ἀρκεσθῇ
3328 5676 3468 5744 μοιὸ
3494 5673 3652 5734 Θεὸς,
3699 5687 3716 5720 ι
3750 5668 3871 5720 ἀντὶ
3901 5663 4019 5725 τοῦ,

2455 5756 2703 5850 ’Ᾰρκέσει
2744 5793 2833 5846 μοι
2867 5775 2948 5835 εἰς
3001 5768 3308 5841 μαρτυρίαν
3355 5765 3383 5815 ὸ
3416 5764 3547 5826 Θεὸς
3582 5778 3596 5792 ο
3628 5761 3684 5822 ὃς
3719 5761 3835 5812 ἐστι
3881 5756 4020 5822 μάρ-

2444 5892 2535 5936 τυς
2575 5869 2708 5940 ἐμοῦ
2746 5869 2864 5938 μὲν,
2896 5867 2976 5917 ὅτι
3016 5862 3132 5932 εἰμὶ
3174 5857 3475 5920 ἀπόστολος
3524 5852 3711 5918 αὑτοῦ,
3747 5849 3901 5916 ὑμῶν
3938 5847 4022 5908 δὲ,
