1893 3081
227 156 261 191 2³
834 165 1023 199 EUTHYMII
1042 168 1222 198 ZIGABENI
1812 160 1848 192 2t

227 219 279 247 sibi
297 221 457 255 pontiﬁcum
492 231 592 253 munus
610 227 766 262 arrogavit.
797 228 844 256 sed
882 228 1002 264 exemplo

1064 227 1182 262 Ἀνάγκη
1198 227 1263 262 γάρ.
1278 225 1435 256 σιωπῶντος
1453 223 1578 259 ἀκαίρως
1593 222 1639 249 τοῦ
1653 221 1701 257 τὴν
1718 221 1846 254 ἐξουσίαν

228 272 279 292 suo
296 267 440 301 pontiﬁces
456 269 602 303 excitavit.
629 279 712 307 seque
729 273 781 301 illis
797 274 900 302 socium
917 280 945 303 et
962 275 1011 302 ads

224 311 344 345 jutorem
376 313 510 348 adjunxit.
531 316 626 352 Neque
646 326 712 346 vero
734 319 840 347 crimini
868 326 915 348 aut
943 321 1009 349 vitio

229 357 388 401 vertendum
421 363 482 392 est,
521 361 544 388 si
569 369 623 389 non
663 364 749 391 solum
779 365 925 400 imperalor
951 366 1009 401 ipse

226 396 338 435 pietatis
365 403 600 440 studiosissimus,
630 409 677 436 sed
705 409 792 445 quivis
809 411 949 439 onminoe
975 412 1010 439 li-

225 446 328 474 delium
346 457 475 483 numero,
503 453 583 481 modo
597 456 701 488 peritus
724 455 760 484 sit
778 457 940 493 dicendique
959 467 1007 494 po-

226 494 322 521 testate
337 497 478 531 praeditus,
494 500 633 528 veritatem
650 501 678 530 in
693 503 838 532 discrimen
864 505 1007 534 adductam

225 539 449 578 laborantemque
474 548 583 572 tueatur
600 552 682 582 atque
699 548 827 578 defendat
841 559 848 577 :
864 551 916 578 nisi
937 551 1008 579 forte

224 585 270 620 qui
297 586 442 616 immanem
458 594 485 617 et
508 592 674 620 mortiferam
697 594 813 629 aliquam
832 595 916 623 feram
936 597 1008 624 occi-

224 631 311 664 derit.
326 641 360 661 eo
370 636 481 664 nomine
495 637 521 664 in
535 638 638 666 crimen
652 641 742 667 vocari
751 641 848 674 debet,
863 642 934 677 quod
945 650 1006 670 cum

224 684 279 704 non
295 677 331 706 sit
345 679 490 714 indigena.
507 683 645 710 communi
657 689 733 718 peste
749 685 783 713 de
798 686 888 714 medio
901 687 1006 714 sublata

224 722 326 768 incolas
345 729 372 752 et
391 726 533 762 indigenas
550 729 585 756 ab
602 729 662 764 ejus
683 731 805 766 pernicie
832 733 1007 768 periculoque

223 764 389 796 liberaverit.
417 769 560 798 Beatorum
599 764 691 809 igiturr
722 764 840 803 Patrum
870 764 1006 812 rectaeque

223 810 286 838 ﬁdei
305 811 480 842 defensorum
495 815 612 845 decretis
636 825 684 852 per
701 820 839 854 sapientes
852 825 880 848 et
904 810 1006 856 peritos

223 856 307 891 hujus
320 859 409 887 artatis
424 860 496 888 viros
523 860 617 890 electis
631 882 639 895 .
654 860 681 890 in
704 872 844 900 unumque
872 866 1004 900 redactis,

223 901 294 930 hanc
310 904 376 931 mihi
390 906 557 940 provinciam
576 908 751 937 demandavit
764 930 771 943 ,
789 915 820 938 ιιι
834 918 928 939 eorum
943 920 1005 939 sen-
1021 903 1041 930 Β

223 948 324 977 tentias
341 949 485 986 diligenter
500 952 527 980 in
545 953 656 981 ordines
675 955 869 984 distribuerem
884 975 892 990 ,
909 962 935 985 et
949 957 1007 986 suis

221 1001 345 1028 quasque
356 995 422 1024 locis
436 1002 499 1032 apte
513 999 700 1035 concinneque
714 1001 889 1036 disponerem
902 1011 933 1031 ac
948 1004 1005 1031 col-

221 1036 354 1068 locarem.
372 1041 555 1074 Quamobrem
569 1051 630 1072 cum
652 1046 711 1081 ejus
726 1047 861 1076 mandatis
878 1056 910 1076 ac
921 1049 1006 1084 jussis

220 1084 300 1113 nefas
318 1086 353 1114 sit
371 1088 518 1122 adversari,
536 1094 620 1118 restat
636 1095 666 1118 ut
686 1092 792 1120 ratione
817 1093 927 1129 Deoque
955 1095 1006 1123 bu—

219 1127 265 1166 jus
280 1133 402 1160 muneris
417 1133 486 1162 duce
500 1154 508 1167 ,
525 1143 575 1170 per
601 1145 681 1171 quem
699 1142 726 1165 et
745 1146 842 1166 manus
863 1140 1005 1168 instruun-

223 1181 266 1203 tur
282 1177 315 1205 ad
343 1186 460 1215 pugnam
478 1199 486 1213 ,
509 1185 536 1209 et
560 1181 635 1218 digiti
652 1183 805 1212 scribentes
830 1185 864 1213 ad
887 1185 1005 1214 haereses

221 1222 403 1260 proﬂigandas
418 1225 574 1262 diriguntur
590 1247 598 1262 ,
615 1230 826 1265 congrediamur
841 1251 848 1263 ,
864 1235 892 1258 et
907 1239 1005 1259 manus

221 1275 398 1298 conseramus
413 1291 422 1304 ,
439 1272 482 1299 vel
498 1273 589 1308 potius
615 1275 772 1310 religionem
791 1277 859 1304 tueri
875 1297 882 1310 ,
898 1281 927 1305 et
941 1285 1003 1304 cum

222 1315 346 1343 hostibus
358 1317 417 1351 ejus
425 1316 566 1348 decertare
574 1319 726 1349 volentibus
733 1329 807 1350 arma
818 1330 1005 1358 comparemus

221 1361 392 1390 adamantina
410 1370 442 1391 ac
453 1361 561 1392 lethalia
575 1373 693 1402 vereque
703 1367 833 1400 calestia,
849 1369 948 1404 quibus
957 1369 1004 1404 qui

1062 273 1169 308 ἔχοντος
1184 272 1230 299 τοῦ
1256 271 1431 306 διαλέγεσθαι
1448 270 1513 305 περὶ
1535 269 1665 300 πίστεως,
1677 266 1848 301 ἀντιλαμϐά-

1062 318 1154 346 νεσθαι
1170 317 1370 348 κινδυνεύοντος
1389 316 1435 343 τοῦ
1451 315 1543 349 λόγου,
1554 313 1591 349 μὴ
1608 314 1649 340 ὅτι
1661 321 1693 347 γε
1708 312 1753 339 τὸν
1771 312 1847 337 εὐσε-

1062 365 1192 391 ϐέστατον
1215 363 1339 399 βασιλέα,
1357 363 1403 390 τδν
1415 362 1462 388 καὶ
1475 363 1531 393 τοῖς
1541 361 1658 395 δόγμασι
1673 359 1726 386 τῶν
1747 359 1843 393 ἀρχιε-

1062 411 1130 445 ρέων
1141 409 1172 436 τὸ
1185 409 1267 444 κῦρος
1283 409 1326 436 διὰ
1340 409 1390 444 τῆς
1410 408 1507 435 ἑαυτοῦ
1532 407 1617 442 ῥοπῆς
1643 406 1691 433 καὶ
1709 403 1845 435 σινιέσεως

1061 456 1253 491 χαριζόμενον,
1263 455 1332 482 ἀλλὰ
1346 454 1393 481 καὶ
1411 454 1456 481 τὸν
1476 453 1569 484 ἁπλῶς
1584 452 1679 503 πιστὸν
1692 449 1844 503 άνδρα,καὶ

1060 503 1149 537 λέγειν
1172 502 1352 537 ἐπιστάμενον
1383 501 1431 528 καὶ
1454 499 1612 534 δυνάμενον,
1627 498 1652 546 εί
1670 497 1707 531 μὴ
1720 496 1781 546 ,καὶ
1796 496 1843 546 τὶν

1062 546 1193 573 ἀνελόντα
1215 545 1309 580 θηρίον
1335 544 1564 580 ὰνθρωποφθόρον
1574 540 1727 569 αἰτιάσαιτό
1740 548 1792 572 τις,
1802 540 1844 565 ὅτι

1062 593 1101 627 μὴ
1107 591 1238 627 ἐγχώριος
1246 590 1283 617 ὢν
1291 591 1336 616 τὸν
1348 590 1435 617 κοινὸν
1442 586 1552 624 δλεθρον
1562 589 1594 614 ὲκ
1602 587 1684 623 μέσου
1697 585 1844 619 πεποίηκε,

1060 638 1108 664 καὶ
1124 637 1174 671 τῆς
1188 635 1311 662 ἐντεῦθεν
1328 635 1418 670 λύμης
1435 633 1570 669 ἀπήλλαξε
1584 633 1647 664 τοὺς
1660 630 1841 666 αὐτόχθονας.

1060 683 1115 710 Καὶ
1132 683 1163 718 δὴ
1179 682 1214 709 τὰ
1237 682 1360 716 δόγματα
1376 680 1432 707 τῶν
1460 680 1602 715 μακαρίων
1629 676 1771 713 Πατέρων,
1796 676 1844 701 καὶ

1060 729 1214 764 προμάχων
1234 728 1284 763 τῆς
1304 726 1388 762 ὀρθῆς
1403 725 1521 757 πίστεως
1531 725 1575 752 διὰ
1585 723 1638 750 τῶν
1648 722 1695 750 τοῦ
1708 721 1845 757 παρόντος

1059 775 1156 810 καιροῦ
1174 773 1264 808 σοφῶν
1280 773 1327 800 καὶ
1344 772 1516 806 πολυπείρων
1531 770 1637 805 ἀνδρῶν
1649 767 1843 801 ἐκλεξάμενος,

1059 820 1106 847 καὶ
1116 819 1277 853 συναγαγὼν
1291 819 1352 853 ἐμοὶ
1365 817 1415 852 τὴν
1429 815 1568 851 συνθήκην
1581 813 1683 841 τούτων
1695 811 1844 847 ἐπέτρεψε,

1058 867 1106 894 καὶ
1117 866 1194 899 τάξιν
1208 865 1343 892 ἐπιθεῖναι
1358 863 1473 895 τούτοις,
1482 862 1530 889 καὶ
1540 859 1742 895 διεσκεμμένην
1755 859 1843 893 ἁρμο-

1056 913 1126 945 νίαν,
1138 913 1186 939 καὶ
1203 910 1400 946 λελογισμένην
1414 909 1576 944 οἰκονομίαν
1589 907 1751 954 ὲκέλευιιέν.Δ
1763 904 1843 954 ’ξπελ

1054 959 1083 986 δὲ
1102 958 1152 985 οὐκ
1174 956 1209 993 ἦν
1236 956 1409 987 ἀναδύεσθαι,
1422 954 1517 981 λοιπὸν
1542 952 1692 1005 cuii/Nyso
1710 950 1841 1005 adiges?

1057 1002 1274 1038 στρατηγοῦντος
1300 1001 1346 1028 τοῦ
1366 1001 1556 1036 συντάγματος
1569 999 1623 1026 τῶν
1649 998 1746 1032 λόγων,
1761 996 1796 1023 δι’
1812 996 1842 1022 οὗ

1056 1049 1103 1076 καὶ⁹
1112 1049 1202 1084 χεῖρες
1216 1048 1386 1075 διδάσκονται
1400 1047 1466 1082 πρὸς
1480 1043 1641 1080 παράταξιν,
1656 1044 1702 1069 καὶ
1712 1040 1842 1068 δάκτυλοι

1056 1094 1208 1130 γράφοντες
1223 1092 1386 1128 κατορθοῦσι
1397 1092 1442 1118 τὸν
1456 1091 1527 1117 κατὰ
1541 1089 1594 1116 τῶν
1611 1087 1743 1123 αἱρέσεων
1759 1086 1842 1113 πόλε-

1059 1147 1119 1175 μοψ
1132 1139 1200 1166 ίτέον
1216 1139 1281 1174 ἡμῖν
1296 1139 1346 1173 ήδη
1363 1137 1432 1173 πρὸς
1442 1138 1492 1172 τὴν
1506 1135 1672 1170 ἐγχείρησιν,
1686 1132 1733 1160 καὶ
1753 1140 1842 1158 κατα-

1058 1186 1231 1218 σκευαστέον,
1246 1184 1346 1219 μᾶλλον
1367 1184 1397 1210 δὲ
1418 1182 1583 1210 συντακτέον
1605 1179 1761 1206 Πανοπλίαν
1784 1179 1843 1209 τοίς

1058 1231 1230 1267 βουλομένοις
1246 1231 1416 1265 ὑπερμαχεῖν
1437 1229 1486 1263 τῆς
1500 1227 1653 1260 εὐσεϐείας,
1673 1225 1721 1252 καὶ
1736 1225 1842 1260 συρρή⁹

1057 1278 1171 1313 γνυσθαι
1182 1279 1237 1309 τοῖς
1248 1278 1355 1312 ἐχθροῖς
1369 1277 1464 1311 αὐτῆς,
1474 1275 1570 1302 παθεῖν
1585 1274 1635 1309 μὲν
1644 1272 1840 1307 ἀδαμαντίνην,

1057 1325 1123 1361 δρᾷν
1139 1326 1168 1352 δὲ
1183 1323 1437 1360 καιριωτάτην,καὶ
1450 1323 1519 1355 δλως
1542 1320 1778 1355 ἀκαταγώνιστον,
1792 1318 1843 1346 καὶ

1057 1371 1141 1402 ὅντως
1154 1371 1410 1406 οὐρανοχάλκευτον.

220 1413 302 1436 erunt
317 1409 527 1446 instructi,cum
542 1413 601 1441 lmdi
613 1419 751 1450 nequeant
766 1416 888 1449 omnino,
910 1420 966 1444 tum
1000 1417 1167 1447 adversarios
1196 1419 1247 1454 ipsi
1277 1419 1428 1451 vulnerent,
1451 1421 1626 1454 prosternant
1652 1423 1684 1444 ac
1698 1419 1841 1451 superent-

255 1459 445 1493 Appellabitur
477 1466 568 1489 autem
590 1462 635 1490 hic
664 1463 911 1499 libeﬁOrtlwdoxc
942 1465 1005 1500 ﬁdei

220 1503 374 1539 Dogmatica
398 1505 544 1540 Panoptz‘a,
568 1507 612 1535 vel
638 1507 814 1537 Decretorum
845 1510 1006 1539 Armamen—

221 1549 399 1582 tarium,'ut
427 1557 488 1578 cum
530 1553 666 1587 pugnandi
699 1558 806 1588 tempus
845 1555 1003 1590 advenerit,

221 1595 428 1631 oportueritque
466 1597 603 1632 spiritales
635 1605 850 1635 propugnatores
884 1602 1003 1634 armari.

221 1646 255 1666 co
284 1639 419 1674 patefacto
436 1659 445 1673 ,
482 1642 565 1670 armis
590 1643 661 1671 bello
700 1653 750 1680 pro
786 1650 906 1681 tempore
940 1654 1005 1674 con-

221 1685 379 1719 gruentibus
406 1686 591 1716 instruantur.
607 1690 665 1717 Hoc
695 1691 766 1718 enim
791 1692 864 1719 varia
890 1692 1004 1720 telorum

221 1737 412 1766 armorumque
438 1739 538 1767 genera
550 1734 584 1761 ad
600 1735 690 1762 omnia
710 1736 779 1764 bella
795 1737 912 1772 gerenda
937 1745 1004 1765 cono

221 1775 392 1811 ﬁciendaque
412 1778 518 1806 abunde
531 1780 756 1810 subministrabit.
773 1783 905 1811 Caeterum
917 1804 924 1816 ,
940 1792 1003 1812 cum

220 1823 322 1858 duplex
338 1823 390 1856 sit,
406 1824 636 1860 quemadmodum
654 1828 734 1854 tradit
752 1828 898 1864 Gregorius
913 1828 1003 1857 Theo-

219 1869 298 1905 logus
313 1890 321 1903 ,
337 1870 468 1898 orationis
480 1878 567 1905 genus
579 1891 587 1903 ,
605 1880 689 1900 unum
714 1881 768 1908 quo
788 1879 881 1902 nostra
909 1875 1003 1902 deten-

219 1915 335 1948 dimus,
362 1915 497 1946 alterum.
523 1922 577 1950 quo
605 1923 649 1944 res
676 1917 893 1944 adversariorum
919 1925 1003 1953 oppu-

219 1967 334 1995 guamus
347 1979 356 1993 ,
370 1959 410 1987 sic
424 1960 488 1987 item
501 1968 552 1988 nos
578 1969 689 1996 agemus
700 1982 708 1994 ,
738 1969 767 1991 ut
796 1964 897 1992 nostris
927 1964 1002 1999 prius

218 2005 350 2040 expositis
365 2012 396 2032 ac
411 2005 576 2039 constitutis,
593 2011 649 2034 tum
674 2008 783 2035 demum
806 2009 894 2037 aliena
920 2014 1002 2044 atque

219 2050 327 2078 hostilia
353 2051 537 2086 proﬂigemus.
555 2052 706 2088 Utrumque
738 2059 829 2082 autem
862 2056 1001 2090 prastabi-

218 2102 280 2121 mus
294 2116 302 2128 ,
318 2100 348 2123 ut
371 2095 472 2123 dictum
488 2101 530 2124 cst
544 2117 552 2130 ,
573 2097 674 2125 auxilio
697 2099 794 2126 muniti
822 2098 931 2127 Patrum
955 2108 1000 2128 sa-

216 2140 469 2175 pientissimorum,
496 2142 541 2176 qui
566 2148 629 2170 ante
655 2151 706 2171 nos
731 2151 780 2178 pro
799 2145 912 2172 veritate
937 2144 999 2172 ﬁdei

217 2183 406 2217 dimicarunt,
436 2185 592 2221 scriptaque
621 2195 691 2221 sua,
708 2193 737 2215 ut
763 2188 841 2216 ﬁrma
869 2189 998 2217 adversus

1093 1466 1190 1494 Ἔσται
1199 1467 1226 1494 δὲ
1242 1469 1275 1503 τῇ
1287 1467 1371 1503 βίϐλῳ
1379 1467 1467 1503 ταύτῃ
1480 1466 1574 1501 κλῆσις
1586 1463 1752 1500 Δογματικὴ
1763 1465 1842 1490 Παν-

1057 1512 1160 1544 οπλία,
1183 1512 1199 1548 ἢ
1225 1512 1364 1547 ὁπλοθήκη
1394 1512 1548 1547 δογμάτων,
1564 1511 1635 1537 ὥστε
1659 1508 1757 1543 καιροῦ
1772 1517 1842 1535 ποτε

1057 1557 1202 1589 καλοῦντος
1215 1559 1254 1588 εις
1270 1559 1369 1594 μάχην¹
1383 1557 1429 1585 καὶ
1439 1557 1501 1588 τοὺς
1513 1555 1715 1591 πνευματικοὺς
1726 1554 1842 1585 ὁπλίτας

1055 1604 1218 1639 ἐγείροντος,
1229 1604 1413 1631 ἀναπτύσσειν
1423 1604 1535 1639 ταύτην,
1550 1602 1598 1629 καὶ
1614 1601 1747 1637 πρὸςτὰς
1766 1600 1841 1632 ίδέας

1054 1650 1108 1676 τῶν
1117 1650 1245 1685 πολέμων
1258 1650 1423 1686 φράττεσθαι
1436 1651 1490 1680 τοῖς
1499 1647 1719 1682 ὲναποκειμένοις
1727 1646 1823 1677 ὅπλοις
1831 1653 1839 1661 ·

1055 1695 1183 1728 πολυειδῆ
1211 1695 1265 1731 γάρ
1281 1695 1380 1726 ταῦτα.
1401 1695 1448 1722 καὶ
1472 1693 1581 1728 δαψιλῆ,
1610 1692 1741 1727 καὶπρὸς
1767 1700 1839 1718 παν.

1054 1741 1125 1767 τοῖον
1139 1741 1256 1776 πόλεμον
1279 1740 1458 1776 ὲξαρκοῦντα.
1487 1739 1583 1767 Διττοῦ
1597 1739 1625 1765 δὲ
1650 1738 1727 1769 bima;
1754 1737 1839 1770 λόγου

1055 1786 1167 1819 παντὸς,
1185 1786 1256 1813 κατὰ
1283 1786 1330 1813 τὸν
1356 1786 1488 1820 Θεολόγον
1518 1785 1601 1820 φάναι
1617 1783 1839 1819 Γρηγόριον,τοῠ

1055 1832 1104 1866 μὲν
1116 1832 1146 1858 τὺ
1156 1833 1255 1859 οἰκεῖον
1265 1832 1526 1864 κατασκευάζοντος,
1538 1830 1587 1857 τοῦ
1602 1830 1630 1856 δὲ
1642 1830 1671 1856 τὸ
1687 1828 1840 1855 ἀντίπαλον

1052 1876 1263 1912 ἀνατρέποντος,
1279 1877 1326 1904 καὶ
1344 1878 1425 1912 ἡμεῖς
1442 1877 1486 1904 τὸν
1502 1877 1602 1903 οίκείον
1613 1874 1754 1909 ὲκθέμενοι
1770 1874 1841 1909 πρέ-

1051 1930 1142 1956 τερον,
1159 1922 1230 1949 οὕτω
1244 1923 1277 1949 τὰ
1295 1923 1349 1950 τῶν
1372 1923 1502 1950 ἐναντίων
1521 1920 1676 1955 ἀνατρέψαι
1701 1920 1839 1955 πειρασό-

1054 1965 1134 2002 μεθα,
1156 1968 1202 1994 καὶ
1219 1967 1362 2002 ἀμφότερα
1376 1967 1403 1993 δὲ
1415 1967 1459 1994 διὰ
1472 1966 1526 1993 τῶν
1541 1965 1744 1999 πανσόφων,ὠς
1762 1964 1841 1999 etpu-

1052 2020 1098 2038 ται
1109 2031 1116 2043 ,
1132 2012 1262 2047 Πατέρων
1276 2012 1330 2039 τῶν
1344 2012 1577 2048 προκεκμηκότων
1589 2010 1658 2045 ὑπὲρ
1673 2009 1719 2036 τοῦ
1736 2010 1838 2043 Λόγου,

1053 2056 1101 2083 καὶ
1116 2057 1244 2092 καθάπερ
1259 2058 1321 2084 τινὰ
1334 2058 1434 2092 κλῆρον
1446 2056 1681 2083 καταλελοιπότων
1693 2056 1762 2090 ἡμῖν
1774 2055 1840 2086 τοὺς

1052 2103 1169 2134 οἰκείους
1183 2103 1291 2136 λόγους,
1302 2104 1349 2131 καὶ
1366 2103 1415 2135 τὰς
1438 2104 1470 2130 ἐκ
1485 2103 1587 2129 τούτων
1604 2102 1672 2137 πρὸς
1684 2103 1734 2133 τὰς
1751 2102 1839 2128 ὑπενι

1052 2148 1159 2180 αντίθυς
1173 2148 1299 2180 ποικίλας
1318 2148 1489 2183 συμπλοκὰς,
1506 2149 1554 2176 καὶ
1570 2149 1633 2178 τοὺς
1648 2147 1768 2182 τρόπους
1784 2148 1840 2174 τῶν

1052 2193 1315 2229 ἀνδραγαθημάτων.
1332 2194 1539 2229 Ἐκτεθήσονται
1559 2193 1587 2220 δὲ
1603 2193 1680 2226 τάξει
1699 2193 1754 2219 τινὶ
1767 2194 1839 2220 κατὰ

217 2229 307 2256 varios
327 2229 444 2257 hostium
473 2231 591 2265 impetus
612 2233 736 2266 prmsidia
754 2253 761 2266 ,
781 2239 808 2261 et
831 2234 999 2262 fortitudinis

1060 2237 1114 2270 τοὺς
1139 2239 1252 2274 χρόνους
1272 2239 1300 2265 ul
1324 2239 1379 2265 τῶν
1406 2239 1494 2266 ἄλλων
1510 2239 1547 2270 ὡς
1563 2239 1592 2266 ὲν
1615 2238 1716 2272 ἐκλογῇ
1741 2238 1838 2264 κακῶν

217 2274 343 2309 exempla
355 2275 434 2302 nobis
448 2275 618 2304 haereditarin
630 2277 810 2313 reliquerunt.
823 2279 1000 2315 Exponentur

216 2323 307 2346 autem
321 2324 428 2347 servato
443 2325 595 2356 temporum
608 2323 703 2351 ordine
714 2325 830 2352 aliorum
844 2327 998 2360 sententia},

217 2369 346 2401 tanquam
363 2366 390 2392 in
407 2367 539 2395 malorum
554 2370 735 2403 explicatione
758 2379 856 2407 pravas
880 2372 999 2400 bzereses

216 2411 254 2439 ita
269 2416 446 2440 recensentes
461 2432 469 2445 ,
484 2419 514 2440 ut
529 2415 619 2442 statim
635 2420 784 2450 sequantur
807 2425 900 2445 earum
930 2426 998 2446 con-

177 2490 180 2496 ,
216 2456 364 2485 futationes
376 2477 384 2491 ,
399 2463 426 2486 et
437 2459 482 2493 qui
499 2459 526 2487 in
538 2459 650 2495 singulis
669 2463 824 2491 evertendis
842 2465 944 2499 optime
969 2472 999 2492 se

172 2532 174 2535 ,
216 2508 380 2538 gesserunt,
403 2505 566 2540 scriptisque
591 2507 648 2534 Suis
679 2516 726 2536 eas
754 2515 946 2545 oppugnarunt
971 2516 999 2539 et

215 2548 430 2577 transﬁxerunt.
460 2549 636 2586 Antiquiores
664 2553 774 2586 quidem
807 2558 997 2590 vetustateque

213 2592 269 2630 iam
296 2595 419 2624 aboletas
446 2600 526 2632 atque
545 2604 721 2634 consumptas
751 2600 996 2635 praetermisimus,

215 2639 461 2676 lnsigniores‘vero
478 2662 485 2675 ,
510 2647 538 2670 et
563 2651 678 2678 quarum
706 2643 769 2673 licet
796 2647 930 2674 exstincta
961 2647 998 2675 sit

213 2685 323 2714 ﬂamma
336 2706 344 2719 ,
358 2687 489 2716 carbones
501 2693 589 2716 tamen
606 2689 755 2718 Ecclesiae)
767 2692 867 2719 laedunt
879 2712 885 2724 ,
901 2693 978 2721 nobis
988 2714 996 2726 ,

215 2736 244 2758 ut
262 2731 368 2765 signum
383 2753 390 2765 ,
408 2735 540 2767 petendas
559 2736 719 2771 sagittisque
744 2737 918 2771 conﬁgcndas
933 2746 996 2772 pro-

214 2777 356 2811 posuimus
367 2798 375 2805 .
394 2779 432 2806 Ac
445 2779 467 2806 si
483 2788 542 2814 quae
566 2786 695 2815 prmtcrca
715 2790 747 2809 ex
770 2782 803 2810 iis
819 2783 950 2816 excissis,
967 2788 996 2811 ut

213 2823 335 2852 stolones
350 2825 461 2859 quidam
487 2827 592 2860 relicti,
615 2828 723 2856 interim
745 2829 911 2864 pullularunt
926 2850 933 2862 ,
949 2838 996 2859 eas

213 2875 323 2906 quoque
355 2870 522 2907 dejiciendas
552 2874 797 2910 opprimendasque
827 2875 992 2905 curavimus.

1053 2282 1222 2316 ὲπιλογεῖσαι
1234 2283 1382 2319 κακοήθεις
1395 2284 1516 2318 αἱρέσεις
1531 2283 1580 2314 τὰς
1596 2283 1754 2317 ἀνατροπὰς
1770 2283 1837 2308 ὲπο-

1056 2328 1138 2364 μένας
1152 2329 1272 2364 ἔχουσαι,
1288 2329 1335 2356 καὶ
1348 2329 1412 2360 τοὺς
1424 2329 1466 2362 ἐφ’
1487 2328 1604 2363 ἑκάστης
1617 2327 1838 2363 ἀριστεύσαντας

1052 2376 1268 2410 κατατρέχοντας
1282 2375 1373 2402 αὐτῶν
1391 2374 1435 2401 διὰ
1451 2374 1504 2400 τῶν
1519 2373 1628 2400 οἰκείων
1644 2373 1836 2408 ἁντιρῤήσεων

1050 2421 1098 2447 καὶ
1122 2421 1442 2453 κατακοντίζοντας.ἰ“άς
1470 2420 1518 2455 μὲν
1533 2417 1581 2447 οὖν
1599 2419 1784 2453 παλαιοτέρας
1798 2419 1837 2449 ὡς

1049 2466 1101 2501 πρὸ
1114 2466 1212 2493 πολλοῦ
1226 2467 1439 2502 σεσητιυίας,καὶ
1450 2467 1539 2500 πάντη
1551 2465 1751 2501 διαφθαρείσας
1760 2474 1836 2500 παρ-

1048 2512 1212 2547 εδράμομεν,
1232 2513 1280 2544 τὰς
1306 2513 1509 2548 ὲπισημοτέρας
1538 2512 1567 2538 δὲ
1582 2530 1589 2543 ,
1603 2511 1650 2538 καὶ
1675 2508 1723 2543 ὧν,
1739 2511 1764 2536 εἰ
1788 2511 1837 2537 καὶ

1048 2556 1065 2591 ή
1078 2555 1143 2590 φλὸξ
1157 2555 1351 2591 ἀπεμαράνθη,
1364 2555 1590 2590 παραλυποῦντες
1602 2554 1641 2581 ἔτι
1650 2555 1700 2589 τὴν
1717 2554 1836 2589 Ἐκκλη-

1049 2601 1110 2627 σίαν
1120 2601 1145 2627 οἱ
1160 2601 1308 2636 ἄνθρακες,
1319 2600 1421 2632 ταύτας
1438 2600 1595 2636 ἐστήσαμεν
1612 2599 1731 2631 σκοποὺς
1744 2599 1788 2631 είς
1805 2601 1835 2626 τὸ

1049 2646 1194 2682 βάλλεσθαι
1218 2647 1264 2674 καὶ
1277 2646 1516 2680 κατατοξεύεσθαι.
1532 2646 1587 2672 Καὶ
1603 2645 1629 2671 εἴ
1642 2653 1714 2676 τινες
1733 2645 1761 2671 δὲ
1778 2645 1835 2672 τῶν

1049 2692 1150 2727 μεταξὺ
1165 2693 1212 2719 καὶ
1236 2692 1378 2727 προσεχῶν
1395 2691 1594 2726 παρειάθησαν,
1615 2690 1652 2721 ὡς
1675 2690 1835 2722 ὰποσπάδλς

1046 2736 1162 2771 τούτων,
1175 2738 1192 2773 ἢ
1210 2737 1388 2772 παραφυάδες
1408 2736 1570 2772 ἀφείθησαν,
1601 2735 1653 2770 τῆς
1683 2735 1835 2761 καταπτώ-

1048 2791 1118 2814 σεως
1133 2783 1186 2809 τῶν
1206 2782 1437 2819 προϐεϐλημένων
1453 2782 1548 2817 ἱκανῆς
1576 2781 1622 2808 καὶ
1647 2779 1749 2812 ταύτας
1765 2788 1833 2815 συγ-

1047 2830 1237 2857 καταϐάλλειν.
