1893 3081
59 121 88 153 Ξῖ)
641 124 827 156 PANOPLIA
848 124 1079 158 DOGMATICA.

1632 126 1669 158 '26

87 178 163 205 Πόθεν
177 174 225 204 οὖν
240 177 312 213 ἡμῖν
329 177 443 212 ἀρκτέον
459 179 506 205 τοῦ
523 180 702 215 προκειμένου
715 181 829 214 συντάγ-

912 180 1013 209 Verum
1028 181 1165 210 undenam
1193 180 1306 217 hujusce
1331 179 1422 217 operis
1435 179 1575 209 exordium
1590 181 1670 209 nobis

60 231 131 260 ματος
154 225 200 250 καὶ
218 223 448 258 σπουδάσμστοςς
467 224 550 251 πόθεν
573 226 693 258 ἄλλοθεν,
707 226 724 261 ἢ
743 226 804 253 ὅθεν
816 227 831 253 6

59 270 132 305 μέγας
151 270 178 296 ὲν
195 269 326 305 θεολογίᾳ
345 270 414 304 φησὶ
432 270 601 306 Γρηγόριος,
613 272 696 308 Τρεῖς
713 273 742 299 αἱ
759 273 830 299 ἀνω-

58 315 120 342 τάτω
134 313 216 347 δόξαι,
231 314 325 349 λέγων
341 316 406 351 περὶ
416 314 486 342 Θεοῦ
496 324 504 332 ο
519 316 647 352 ἀναρχία,
668 317 831 352 πολυαρχία,

59 361 98 387 καὶ
124 361 266 396 μοναρχία.
295 361 329 387 Δί
354 361 403 396 μὲν
428 361 476 388 οὖν
497 361 544 388 δύο
572 363 666 389 παισὶν
698 363 832 397 Ἑλλήνων

59 407 222 442 ὲταίχθησαν,
236 407 286 434 καὶ
312 408 522 440 παιςέσθωσαν·
546 409 577 436 τό
597 418 627 436 τε
638 400 700 444 ¹γὰρ
714 410 832 444 ἄναρχον

58 454 168 485 ἄτακτον,
195 453 227 479 τό
257 461 289 479 τε
317 453 471 488 πολύαρχον
492 455 650 487 στασιῶδες,
676 455 723 481 καὶ
746 454 833 486 οὕτως

59 499 169 533 ἄναρχον,
184 499 231 524 καὶ
248 499 338 530 οὕτως
349 499 478 527 ἁτακτον.
493 500 540 531 Είς
556 500 656 527 ταυτὸν
671 501 725 534 γὰρ
743 501 832 535 ἀμφό-

59 551 111 577 τερα
121 544 195 578 φέρει
211 545 262 578 τὴν
277 544 402 577 ἀταξίαν,
415 546 430 580 ἠ
445 545 474 572 δὲ
491 546 531 576 είς
554 545 632 572 λύσιν
642 551 649 561 ¹
667 547 765 579 ἀταξία
777 547 832 582 γὰρ

60 588 143 623 μελέτη
171 588 291 620 λύσεως.
318 590 401 624 Ἦμτν
423 590 451 616 δὲ
467 590 600 626 μοναρχία
615 591 645 617 τὸ
664 591 830 626 τιμώμενον⁸

60 635 178 668 μοναρχία
205 633 233 660 δὲ
251 634 304 669 οὐχ
334 636 366 670 ἣν
381 635 411 661 ἓν
430 636 599 671 περιγράφει
617 636 772 671 πρόσωπον,
785 636 832 662 καὶ

58 677 84 702 τὰ
97 676 163 710 ἑξῆς.
175 677 279 704 Λοιπὸν
297 675 343 705 οὖν
369 679 448 714 ὀλίγα
472 680 518 706 καὶ
537 680 746 716 συντετμημένα
762 681 833 709 κατά

58 731 82 749 τε
93 722 140 748 τῶν
153 722 283 758 ἀνάρχων
306 724 352 750 καὶ
367 724 456 751 ἀθέων
484 726 692 760 Ἐπικουρείων,
715 727 761 753 καὶ
778 726 832 754 τῶν

59 768 133 795 ἄλλων
145 769 373 804 πολυάρχων,καὶ
388 770 475 798 ἀθέων
495 770 629 806 Ἐλλήνων
638 771 831 805 διεξελθόντες,

61 815 98 840 καὶ
111 815 155 849 τὴν
166 816 296 843 ἑναντὶαν
312 816 418 852 πλάνην
433 817 536 844 τούτων
552 826 582 844 τε
601 818 736 845 κάκείνων
759 818 831 845 κατὰ

59 860 222 896 παραδρομὴν
249 862 425 896 ὲλέγξαντες,
440 864 488 889 καὶ
510 863 726 898 ἀνατρέψαντες,
744 864 831 896 οὕτως

60 907 98 933 ιπι
112 909 142 934 τὰ
157 908 245 935 οἰκεία
262 910 438 944 χωρήσομεν.
450 909 513 936 Τῶν
526 909 580 945 γὰρ
597 910 733 944 Ἑλλήνων
744 910 769 936 οἱ
783 911 832 945 μὲν

59 953 130 987 him,
153 954 177 980 οἱ
203 954 233 981 δὲ
250 954 381 989 σελήνην,
390 956 414 982 oi
443 955 471 982 δὲ
488 956 614 991 ἀστέρων
630 956 743 991 πλῆθος,
758 956 783 982 οι
803 956 832 983 δὲ

60 999 158 1033 οὐρανὸν
170 1000 265 1033 αὑτὸν,
279 1001 340 1035 ἅμα
365 1001 482 1035 τούτοις,
496 1010 537 1034 ot:
559 1003 605 1029 καὶ
623 1002 653 1029 τὸ
673 1003 727 1029 πᾶν
753 1003 831 1036 ἄγειν

61 1043 175 1071 δεδώκασι
194 1047 267 1073 κατὰ
282 1046 315 1073 τὸ
326 1047 403 1073 ποιὸν
413 1048 431 1083 ἢ
440 1048 470 1074 τὸ
482 1048 563 1074 ποσὸν
579 1048 628 1083 τῆς
638 1049 771 1082 κινήσεως
780 1056 787 1064 ⁸
805 1048 831 1075 οἱ

63 1089 85 1116 δὲ
103 1091 134 1117 τὰ
151 1094 282 1127 στοιχεῖα,
294 1094 357 1128 γῆν,
368 1093 451 1130 ὕδωρ,
461 1094 541 1129 ἀέρα,
551 1094 606 1130 πῦρ
621 1094 666 1121 διὰ
689 1094 719 1122 τὸ
737 1094 834 1130 χρειῶ-

882 227 1036 255 ducendum
1056 231 1097 255 est
1113 247 1120 259 .
1142 227 1195 255 nisi
1209 235 1243 255 ex
1260 227 1314 255 illis
1339 228 1430 255 verbis
1457 227 1529 255 unde
1554 234 1669 262 magnus

883 273 928 300 ille
943 274 969 300 in
990 273 1124 309 theologia
1151 273 1298 309 Gregorius
1327 273 1477 305 exorditur,
1509 273 1600 307 Tres,
1627 273 1670 300 in-

882 319 979 353 quiens
991 340 999 352 ,
1017 319 1050 347 de
1065 319 1122 346 Deo
1142 320 1285 347 sententia:
1310 324 1374 346 sunt
1386 340 1393 351 .
1407 327 1460 346 una
1480 327 1591 349 eorum.
1621 320 1667 355 qui

882 366 1003 399 nullius;
1033 365 1135 397 altera,
1158 365 1204 400 qni
1223 366 1392 399 multorum;
1416 365 1506 395 tertia.
1525 366 1569 400 qui
1589 366 1669 392 unius

882 414 1006 438 asserunt
1019 410 1135 445 imperio
1150 410 1280 437 mundum
1296 410 1455 445 gubernari.
1488 409 1598 437 Priores
1609 410 1670 437 dua:

882 456 1002 492 pueriles
1018 460 1104 488 sunt.
1133 460 1191 483 eta
1218 455 1321 483 Graecis
1349 455 1483 482 iuventte.
1521 455 1611 487 Quare
1639 459 1670 482 ut.

882 503 1000 538 pueriles
1016 506 1234 530 contemnantur.
1249 500 1315 528 Nam
1328 506 1355 528 et
1366 501 1436 536 quod
1449 500 1565 535 imperio
1574 505 1668 534 caret,

881 548 1023 577 contusum
1039 551 1101 575 est:
1120 552 1149 575 et
1161 547 1234 581 quod
1255 547 1404 574 multorum
1421 547 1525 582 regitur
1542 547 1667 582 imperio,

882 594 1052 627 seditiosum,
1063 597 1091 621 et
1103 593 1204 622 idcirco
1221 593 1303 621 etiam
1320 593 1435 628 imperio
1462 600 1572 624 vacans.
1587 597 1669 627 atque

882 639 945 667 ideo
964 638 1129 666 confusum.
1149 638 1244 673 Itaque
1263 639 1350 665 ambat
1382 638 1525 666 sententite
1542 638 1570 665 in
1604 645 1671 665 con-

882 684 1016 712 fusionem
1032 685 1190 712 incurrunt.
1209 683 1405 712 Confusionem
1437 691 1520 718 porro
1545 684 1670 719 sequitur

882 729 988 757 eversio
1013 736 1046 757 ac
1071 729 1224 756 dissolutio.
1255 728 1325 761 Quid
1340 728 1412 755 enim
1433 728 1506 755 aliud
1532 733 1573 756 est
1596 735 1670 755 cono

883 774 974 802 fusum
991 781 1052 801 esse
1087 777 1167 808 atque
1190 773 1286 800 ordine
1302 780 1398 800 vacare
1412 793 1420 805 ,
1440 772 1492 799 nisi
1510 773 1543 799 ad
1556 773 1668 800 exitium

883 819 1089 855 perniciemque
1098 818 1289 846 contendere?
1306 817 1424 845 Proinde
1439 818 1518 845 nobis
1534 817 1612 845 tertia
1624 817 1669 844 illa

883 865 1018 893 sententia
1036 864 1229 900 comprobatur
1242 885 1250 897 ,
1269 871 1322 899 qua
1335 863 1416 890 unius
1432 863 1563 891 asseritur
1584 863 1670 898 impe-

880 910 921 938 rio
937 918 969 938 ac
999 910 1152 946 principatu
1176 915 1273 937 cuncta
1288 910 1343 945 regi
1369 913 1450 944 atque
1464 909 1661 936 administrari.

882 956 968 984 Unius
997 960 1088 983 autem
1116 955 1299 990 principatum
1328 955 1448 990 intelligo
1467 975 1475 988 ,
1505 963 1560 982 non
1582 962 1663 989 quem

880 1009 934 1030 una
950 1009 1065 1037 persona
1099 1000 1315 1034 circumscribit;
1342 1005 1369 1028 et
1392 1008 1452 1035 quae
1476 1000 1604 1035 deinceps
1628 1007 1671 1028 se-

880 1051 1018 1083 quuntur.
1036 1047 1181 1082 Reliquum
1203 1051 1246 1073 est
1267 1047 1368 1082 igitur,
1384 1051 1414 1073 ut
1441 1054 1526 1081 pauca
1550 1047 1668 1082 conjun-

881 1098 979 1128 cteque
993 1092 1116 1120 dicamus
1142 1097 1198 1120 tum
1213 1097 1306 1120 contra
1316 1093 1415 1128 impios
1427 1092 1575 1127 Epicureos
1591 1111 1599 1124 ,
1615 1093 1661 1127 qui

63 1135 106 1168 δες,
117 1134 150 1164 ὧν
163 1138 225 1165 ἄνευ
240 1139 304 1166 οὐδὲ
321 1141 452 1175 συστῆναι
466 1139 580 1166 δυνατὸν
592 1139 639 1166 τὸν
663 1139 830 1174 ἀνθρώπινον

889 1147 897 1166 l
913 1139 988 1166 nullo
1002 1158 1010 1171 ,
1037 1142 1095 1166 tum
1124 1138 1254 1166 adversus
1272 1138 1339 1166 alios
1358 1138 1466 1166 Grtecos
1479 1158 1487 1170 .
1504 1138 1549 1174 qui
1569 1145 1585 1165 a
1599 1138 1670 1165 mul-

64 1180 110 1215 βίον
120 1191 126 1198 ν
138 1183 161 1210 ol
176 1183 204 1210 δὲ
218 1185 233 1211 ὃ
249 1193 277 1211 τι
288 1184 397 1219 τύχοιεν
412 1184 526 1216 ἕκαστος
538 1185 593 1211 τῶν
604 1186 656 1220 όρα
671 1185 725 1211 τῶν
739 1184 830 1211 ἐσεϐά-

889 1183 919 1212 tis
937 1183 1072 1211 aﬂirmant
1093 1185 1226 1212 mundum
1251 1185 1396 1219 gubernari
1423 1204 1431 1217 ,
1455 1184 1611 1219 duplicique
1642 1188 1670 1211 et

64 1230 160 1265 σθησιν,
169 1228 205 1259 ὧν
219 1232 316 1267 ἐώρων
325 1233 360 1259 τὰ
371 1233 503 1260 κάλλιστα
513 1232 591 1264 θεοὺς
603 1232 830 1267 προστησάμενοι.

891 1231 1029 1259 contrario
1050 1231 1166 1259 istorum
1183 1239 1277 1259 errore
1299 1231 1419 1259 breviter
1433 1231 1574 1259 cont‘utato
1589 1235 1671 1265 atque

64 1279 188 1311 convicto,
214 1280 248 1308 ad
263 1285 359 1308 nostra
390 1280 671 1316 veniamus.Reliqui
704 1278 791 1307 Gratci
810 1278 907 1314 partim
933 1279 1030 1311 solem,
1062 1279 1162 1314 partim
1195 1278 1311 1311 lunam,
1340 1278 1438 1313 partim
1467 1277 1669 1305 multitudinem

64 1323 181 1352 stellarum
195 1343 203 1357 ,
237 1323 365 1354 nonnulli
409 1332 464 1353 una
480 1333 542 1353 eum
566 1327 611 1353 his
637 1326 735 1353 ctelum
750 1326 839 1360 ipsum
854 1343 863 1357 .
884 1330 999 1359 quorum
1018 1324 1148 1359 qualitate
1170 1328 1261 1352 motus
1286 1328 1314 1351 et
1338 1323 1489 1358 quantitate
1509 1329 1589 1358 agere
1615 1327 1671 1350 tra-

64 1369 212 1398 duntorbem
227 1371 407 1405 universum;
425 1371 536 1407 quidam
561 1371 695 1400 elementa
706 1390 713 1403 ,
729 1375 839 1401 terram,
860 1376 957 1404 aquam
970 1388 978 1401 ,
997 1374 1060 1396 aera
1074 1387 1083 1401 ,
1114 1368 1204 1404 ignem
1228 1372 1338 1403 propter
1353 1367 1498 1394 utilitatem
1512 1386 1520 1400 ,
1534 1373 1596 1393 cum
1610 1365 1671 1393 sine

63 1414 97 1442 his
110 1416 158 1444 vita
171 1417 288 1445 humana
304 1417 364 1453 degi
381 1425 437 1445 non
468 1418 571 1453 possit;
602 1417 648 1446 alii
682 1424 749 1446 vero
785 1415 887 1451 aliquid
920 1422 1016 1443 eorum
1042 1421 1103 1450 qua:
1127 1418 1278 1442 cernuntur
1297 1413 1417 1442 venerati
1459 1417 1522 1440 sunt
1536 1433 1551 1454 ,υ
1565 1416 1593 1440 et
1612 1419 1672 1447 quae

64 1463 223 1496 pslcherrima
239 1464 350 1492 fuerant
376 1464 527 1500 conspicati
547 1468 578 1491 ut
595 1463 707 1491 numina
723 1462 877 1491 coluerunt.

101 1524 162 1558 Περὶ
175 1524 228 1552 τοῦ
248 1524 426 1558 Ἐπικούρου
450 1524 594 1559 ποσαχῶς
612 1524 646 1552 τὸ
670 1523 794 1558 ἄτομον.

97 1569 247 1605 Ἐπίκουρος
261 1570 292 1597 δὲ
321 1569 461 1599 ὲκὸάλλων
476 1569 525 1596 καὶ
549 1569 617 1596 Θεὸν
635 1568 686 1596 καὶ
700 1569 830 1604 πρόνοιαν

63 1613 87 1640 τὸ
99 1614 242 1649 αὐτόματον
257 1614 365 1649 εἰσῆγε,
376 1614 426 1640 καὶ
439 1614 489 1646 τὰς
503 1614 634 1649 ἀτόμους.
647 1613 830 1649 Πολυσήμαν-

64 1665 100 1685 τον
114 1659 139 1686 δὲ
153 1659 181 1686 τὸ
195 1659 310 1695 ἄτομον.
326 1660 445 1694 Λέγεται
470 1660 524 1695 γὰρ
542 1660 573 1686 τὸ
589 1660 753 1695 δύστμητον,
764 1659 802 1690 ὡς
815 1659 830 1685 ό

64 1704 165 1739 ἀδάμας,
179 1706 225 1733 καὶ
240 1707 272 1733 τὸ
287 1705 428 1737 παντελῶς
440 1705 572 1740 ἄτμητον,
581 1705 618 1737 ὡς
632 1706 663 1732 τὸ
672 1704 829 1740 ἀσώματον,

65 1750 103 1776 καὶ
116 1751 143 1777 τὸ
158 1752 230 1786 παρὰ
245 1753 303 1783 τοῖς
319 1751 477 1786 φιλοσόφοις
495 1751 609 1787 μερικὸν
625 1752 674 1779 καὶ
691 1751 753 1778 καθ’
765 1752 831 1778 ἑκα-

65 1796 146 1827 στον,ὂ
158 1797 293 1832 τμηθῆναι
310 1797 360 1832 μὲν
373 1797 497 1831 δύναται,
515 1797 688 1832 τετμημένον
710 1797 739 1823 δὲ
751 1797 830 1832 φθεί-

66 1848 140 1875 ρεται,
159 1841 251 1878 ὥσπερ
269 1843 284 1869 ὁ
302 1842 453 1878 Σωκράτης
470 1843 570 1877 τυχόν
591 1843 757 1878 τεμνόμενος
774 1843 830 1878 γὰρ

65 1886 96 1917 είς
109 1888 232 1923 κεφαλὴν,
246 1889 293 1915 καὶ
307 1889 412 1924 χεῖρας,
443 1889 492 1915 καὶ
515 1887 633 1919 κοιλίαν,
654 1888 747 1915 οὐκέτι
771 1889 830 1914 ἐστὶ

66 1930 208 1968 Σωκράτης·
234 1933 368 1969 τέταρτον
397 1934 498 1968 ἄτομον
512 1933 542 1960 τὸ
556 1933 601 1960 διὰ
619 1932 777 1968 βραχύτητα
792 1933 829 1969 μὴ

66 1975 195 2012 δυνάμενον
210 1978 408 2014 τμηθῆναιιώς
424 1978 454 2005 τὸ
475 1979 589 2013 σημεῖον
606 1978 655 2012 μὲν
671 1978 745 2013 παρὰ
761 1987 830 2013 γεω-

67 2021 173 2057 μέτραις,
192 2025 209 2059 ἠ
226 2024 311 2060 μονὰς
328 2023 357 2051 δὲ
382 2024 460 2059 παρὰ
485 2022 688 2060 ἀριθμητικοῖς,
701 2025 715 2050 ό
729 2023 776 2050 νῦν
801 2022 830 2050 δὲ

65 2067 144 2101 χρόνος
156 2070 227 2104 παρά
243 2070 382 2105 φυσικοῖς.
392 2068 520 2096 Τοιοῦτόν
533 2078 560 2096 τι
574 2069 687 2105 ἄτομον,
697 2069 745 2097 καὶ
760 2069 788 2096 τὸ
800 2069 829 2103 ἐξ

66 2111 165 2147 ἡλιακῆς
177 2113 286 2145 ἀκτῖνος
301 2113 331 2140 ἑν
353 2113 414 2149 ἀέρι
433 2112 654 2149 διαφαινόμενον,
667 2113 715 2141 καὶ
728 2111 784 2155 οἷον
798 2114 830 2140 ἐκ

66 2157 104 2183 τοῦ
121 2159 226 2194 ἐδάφους
239 2159 426 2195 ἀνιμώμενον,
439 2159 573 2195 ξεσμάτιά
585 2168 645 2187 τινα
656 2159 730 2186 δοκεί
741 2159 829 2187 ταῦτα

68 2204 213 2241 κονιορτὼδη
221 2206 270 2233 καὶ
276 2205 361 2232 αὑτοῦ
368 2205 415 2232 τοῦ
426 2205 487 2240 χοὸς
497 2205 659 2241 λεπτότερα.
672 2205 720 2232 Ἐκ
727 2206 831 2232 τούτων

68 2248 105 2275 οὖν
121 2250 276 2287 Ἐπίκουρος
293 2252 472 2279 συνίστασθαι
489 2253 576 2279 πάντα
590 2249 748 2285 Elevanda
759 2252 832 2279 κατὰ

69 2295 179 2323 ἀνάλυσιν
196 2298 250 2324 ἀπὸ
267 2298 323 2324 τῶν
354 2297 481 2333 μεγεθῶν
502 2298 611 2334 χωρῶν,
624 2298 670 2325 καὶ
687 2298 770 2333 μηδὲν
785 2297 832 2324 εὕ-

71 2339 156 2373 ρίσκων
169 2343 353 2378 ἁπλούστερον
379 2343 396 2378 ἢ
413 2343 590 2377 λεπτότερον.
603 2343 732 2377 Λέγονται
743 2343 771 2370 δὲ
784 2343 832 2370 καὶ

70 2385 194 2422 οὐδετίρως
209 2390 309 2424 ἄτομα,
326 2389 375 2415 καὶ
399 2388 522 2425 θηλυκῶς
537 2390 645 2424 ἄτομοι.

70 2441 357 2480 Κοτὰᾖεπικουρδῖων
371 2446 426 2473 τοῦ
435 2446 567 2480 μεγάλου
593 2446 758 2480 Γρηγορῐου
777 2446 831 2474 τοῦ

128 2479 267 2514 Θεολότιου
278 2481 313 2507 ἐκ
328 2481 381 2508 τοῦ
399 2481 466 2515 περὶ
479 2479 640 2516 Θεολοτίιις
654 2479 759 2516 λόγου.

97 2521 142 2549 τοῦ
159 2525 205 2559 μὲν
218 2525 273 2559 γὰρ
290 2523 361 2553 εἶναι
379 2526 455 2559 Θεὸν,
473 2526 520 2553 καὶ
537 2526 587 2562 τὴν
618 2527 728 2554 πάντων
750 2535 830 2562 ποιη-

72 2568 136 2603 τικήν
151 2577 178 2596 τε
193 2571 238 2598 καὶ
257 2571 418 2606 συνεκτικὴν
437 2572 541 2604 αἰτίαν,
555 2573 601 2599 καὶ
626 2573 688 2607 ὄψις
702 2573 830 2600 διδάσκα-

74 2612 172 2646 λος,κ‹ιὶ
187 2617 200 2643 ό
215 2617 328 2652 φυσικὸς
355 2618 449 2652 νόμος,
479 2619 495 2652 ἡ
519 2618 569 2653 μὲν
595 2618 650 2645 τῶν
683 2619 830 2654 ὁρωμένων

75 2659 248 2694 προϐάλλουσα,
272 2662 321 2688 καὶ
342 2662 481 2696 πεπηγόσι
505 2662 606 2695 καλῶς,
628 2663 674 2689 καὶ
692 2663 829 2695 ὁδεύουσι,

76 2703 112 2729 καὶ
124 2704 258 2739 ἀκινήτως,
280 2707 315 2734 ἶν’
328 2707 414 2738 οὕτως
426 2707 506 2740 εἴπω,
535 2707 706 2743 κινουμένως
719 2709 766 2735 καὶ
782 2717 829 2743 φε-

77 2748 185 2783 ρομένως,
199 2752 212 2778 ὁ
228 2751 256 2778 δὲ
272 2751 317 2778 διὰ
333 2751 388 2778 τῶν
408 2753 555 2787 ὁρωμένων
579 2753 625 2779 καὶ
650 2754 829 2788 τεταγμένων

78 2792 112 2819 τὸν
130 2796 238 2832 ἀρχηγὸν
263 2798 366 2826 τούτων
386 2798 621 2835 συλλογιζόμενος.
639 2800 700 2833 Πῶς
722 2800 775 2836 γὰρ
793 2800 826 2829 ἂν

844 1514 866 1542 (ἶ
928 1518 965 1546 De
979 1519 1100 1554 Epicuro,
1122 1518 1306 1555 quotuplicller
1329 1522 1431 1545 atomus
1446 1516 1620 1553 intelligatur.

915 1564 950 1591 Δι
963 1561 1106 1599 Epicurus,
1122 1563 1178 1591 Deo
1200 1563 1425 1599 providentiaque
1447 1563 1559 1598 reiecta,
1575 1570 1670 1590 casum

882 1614 1023 1638 etatomos
1035 1609 1194 1637 introduxit.
1211 1609 1300 1637 Multis
1324 1614 1414 1636 autem
1444 1608 1531 1636 modis
1556 1612 1664 1636 atomus

880 1655 1050 1691 intelligitur.
1064 1654 1131 1682 Nam
1151 1659 1178 1682 et.
1190 1655 1216 1682 id
1232 1654 1365 1691 significat
1395 1655 1467 1690 quod
1480 1662 1543 1682 cum
1556 1654 1671 1682 dillicul-

880 1705 936 1729 tate
949 1701 1036 1728 secari
1055 1704 1153 1735 potest,
1167 1705 1197 1727 ut
1211 1700 1339 1732 adamas;
1372 1703 1399 1726 et
1418 1699 1491 1734 quod
1508 1699 1610 1726 nullam
1627 1707 1672 1726 se-

881 1747 998 1775 ctionem
1012 1746 1140 1779 admittit,
1154 1751 1185 1773 ut
1200 1746 1226 1773 id
1239 1745 1311 1781 quod
1325 1749 1402 1773 vacat
1417 1753 1541 1780 corpore,
1556 1750 1582 1772 et
1599 1744 1671 1779 quod

880 1800 895 1820 a
910 1792 1077 1827 philosophis
1091 1792 1259 1819 individuum
1277 1791 1464 1826 singulareque
1476 1791 1585 1823 dicitur,
1599 1791 1672 1826 quod

881 1837 965 1866 secari
978 1837 1086 1872 quidem
1102 1841 1199 1872 potest,
1213 1841 1316 1864 sectum
1328 1841 1417 1864 tamen
1425 1837 1617 1871 corrumpitur.
1630 1841 1670 1868 ut.

879 1882 995 1918 exempli
1014 1883 1109 1918 gratia,
1123 1882 1260 1912 Socrates.
1282 1881 1389 1910 Etenim
1408 1882 1430 1910 si
1456 1886 1566 1910 secetur
1582 1882 1610 1909 in
1626 1889 1674 1909 ca-

880 1932 939 1962 put,
968 1932 996 1955 et
1021 1935 1128 1961 manus,
1153 1933 1180 1956 et
1205 1932 1340 1961 ventrem,
1369 1932 1397 1956 et
1417 1928 1510 1963 pedes,
1538 1936 1593 1956 non
1618 1928 1671 1955 erit

880 1975 995 2010 amplius
1015 1973 1153 2003 Socrates.
1179 1975 1307 2002 Atomum
1331 1975 1449 2010 denique
1476 1975 1572 2003 dicunt
1596 1976 1669 2010 quod

879 2024 989 2055 propter
1004 2021 1176 2056 exiguitatem
1188 2020 1271 2047 dividi
1287 2021 1392 2055 nequit,
1408 2025 1439 2047 ut
1451 2025 1583 2056 punctum
1594 2022 1665 2056 apud

860 2069 1041 2100 -geometras,
1057 2065 1147 2094 unitas
1161 2065 1232 2100 apud
1263 2066 1460 2099 arithmeticos,
1492 2071 1519 2094 et
1547 2075 1671 2095 momen-

881 2115 939 2138 tum
955 2112 1026 2146 apud
1041 2111 1217 2146 philosophos
1247 2111 1395 2140 naturales.
1413 2111 1492 2140 Tales
1504 2113 1584 2140 atomi
1614 2118 1670 2140 tum

845 2174 870 2204 υ
883 2155 912 2183 in
924 2163 985 2183 aere
1002 2156 1067 2184 solis
1081 2157 1162 2185 radiis
1184 2157 1319 2185 illustrato
1338 2163 1478 2192 apparent,
1500 2162 1556 2185 tum
1572 2166 1587 2185 e
1613 2159 1672 2186 solo

883 2201 1092 2236 pavimentoque
1103 2202 1242 2230 tolluntur.
1260 2202 1326 2236 Quae
1336 2208 1459 2231 ramenta
1479 2204 1603 2239 quaedam
1616 2209 1671 2231 ter-

883 2247 980 2274 restria
996 2247 1133 2280 videntur,
1153 2247 1212 2282 ipso
1241 2248 1322 2275 etiam
1345 2249 1457 2283 pulvere
1481 2248 1615 2276 tenuiora.
1631 2248 1670 2276 Ex

883 2292 926 2320 his
940 2294 1030 2320 omnia
1041 2294 1167 2329 componi
1181 2299 1209 2322 et
1219 2294 1371 2322 consistere
1391 2294 1508 2322 aﬂirmat
1524 2295 1669 2330 Epicurus,

882 2345 944 2364 cum
960 2345 1008 2373 per
1034 2338 1227 2366 resolutionem
1244 2347 1259 2366 a
1278 2339 1383 2374 magnis
1408 2340 1567 2375 corporibus
1581 2341 1669 2374 disce-

883 2383 960 2416 dens,
980 2383 1048 2411 nihil
1061 2384 1211 2420 simplicius
1223 2385 1411 2420 subtiliusque
1426 2386 1545 2420 reperiat

917 2447 1015 2476 Contra
1030 2448 1182 2485 Epicureos,
1198 2450 1288 2484 magni
1301 2448 1420 2484 Gregorii
1435 2449 1555 2485 Tlteologi
1567 2458 1598 2477 ex
1607 2457 1669 2477 ora-

1124 2484 1193 2511 tione
1209 2491 1228 2511 ll
1241 2485 1272 2510 de
1284 2484 1422 2520 theologia.

917 2528 995 2561 Quod
1012 2528 1082 2557 Deus
1097 2529 1142 2562 sit,
1157 2528 1283 2564 quodque
1297 2529 1369 2557 idem
1390 2538 1482 2557 rerum
1500 2530 1536 2558 sit
1547 2530 1668 2558 omnium

881 2582 962 2602 causa
974 2575 1106 2607 eirectrix,
1117 2576 1350 2608 et'conservatrix,
1364 2583 1425 2604 cum
1452 2576 1524 2604 oculi
1551 2585 1602 2604 nos
1620 2577 1668 2603 do-

880 2620 1017 2656 eentipsi.
1035 2625 1093 2648 tum
1110 2621 1151 2649 lex
1173 2621 1313 2650 naturalis.
1332 2622 1420 2655 Oculi.
1454 2623 1518 2650 dum
1547 2623 1607 2650 illos
1634 2623 1668 2650 ad

880 2673 924 2693 res
951 2674 1011 2701 qua:
1040 2666 1167 2700 praeclare
1185 2671 1332 2702 compactae
1354 2674 1418 2696 sunt
1445 2673 1472 2696 et
1482 2668 1577 2696 ordine
1593 2668 1668 2695 ince-

880 2711 958 2745 dunt,
988 2711 1182 2747 immobilique,
1202 2717 1232 2740 ut
1260 2714 1296 2741 ita
1322 2714 1422 2747 dicam,
1448 2715 1552 2742 ratione
1586 2719 1666 2742 moLe

880 2757 1014 2786 feruntur.
1029 2757 1249 2792 contemplandas
1263 2758 1466 2790 convertimus;
1489 2762 1592 2785 natura:
1608 2758 1665 2791 lex,

850 2844 862 2846 _
880 2803 944 2831 dum
951 2810 982 2832 ex
990 2802 1049 2838 ipso
1057 2810 1161 2840 rerum,
1172 2811 1241 2840 quas
1253 2804 1392 2834 cernimus
1399 2808 1426 2834 et
1440 2804 1668 2839 contemplamur,
