1893 3081
197 108 231 138 27
671 110 674 111 ⁷
807 113 910 143 ΕΗΤΙΙ
917 112 992 143 ΥΜΗ

1049 114 1212 144 .[GABENI
1792 114 1830 144 εδ

196 167 302 199 ordine,
320 175 413 195 carum
438 173 577 196 auctorem
607 169 862 204 moderatoremque
883 170 986 205 colligi-

1049 171 1086 196 ιαὶ
1105 171 1210 205 ὑπέστη
1228 170 1287 197 τάδε
1300 171 1329 196 τὺ
1345 171 1409 202 πᾶν,
1422 170 1437 203 ἦ
1451 169 1580 204 συνέττη,
1599 170 1636 204 μὴ
1652 169 1720 196 Θεοῦ
1735 171 1831 197 πάντα

197 222 268 240 mus.
286 214 429 246 Quomodo
452 215 523 241 cnim
549 215 623 242 orbis
639 216 809 242 constitisset
823 220 870 242 aut
885 223 991 250 perma-

196 267 252 285 ncr.
265 263 285 289 t,
298 259 349 285 nisi
364 264 461 285 cuncta
474 258 544 286 Deus
555 264 582 286 et
595 259 732 287 effecisset
753 266 780 287 et
794 260 990 287 conservaret?

197 305 247 335 Ac,
262 305 491 337 quemadmodum
506 305 527 331 si
539 305 600 340 quis
615 305 724 332 citharm
738 306 921 340 pulclwrrime
937 306 991 333 ela-

198 349 298 376 borat-.1:
315 350 528 376 concinnitatem
544 357 571 377 et
585 351 812 386 compositionem
840 352 988 384 intueatur.

196 400 242 421 aut
251 395 371 429 ejusdem
385 401 545 424 concentum
554 398 690 429 exaudiat,
703 398 785 433 ipsius
795 398 906 424 citharae
914 398 991 432 opili-

196 449 255 468 crm
291 445 318 468 ct
350 442 549 470 moderatorem
576 444 770 476 considerabit,
805 443 837 470 ad
872 451 988 478 eumque

197 487 287 513 statim
322 487 486 522 cogitatione
522 489 654 523 rapietur,
672 489 735 516 licet
761 490 850 524 ipsum
875 489 989 516 fortasse

197 542 338 568 nunquam
357 535 514 569 aspexerit:
532 535 568 562 ita
593 535 674 563 nobis
703 543 798 562 eorum
826 543 885 570 quae
918 536 989 562 facta

197 586 270 612 sunt,
286 585 391 612 auctor,
409 586 435 608 et
450 586 636 614 conservator,
650 586 676 608 et
689 586 776 609 motor
797 586 840 608 est
875 581 989 608 manife-

197 631 265 658 stus,
279 626 403 661 quamvis
419 627 510 654 animo
524 634 576 654 non
592 627 848 661 comprehendatur.
866 626 943 660 Quod
965 627 987 654 si

197 670 260 704 quis
285 679 338 697 non
372 671 404 698 ad
438 671 496 699 haec
524 679 610 706 usque
636 672 705 699 ultro
732 672 930 707 progrediatur,
959 677 989 700 ut

198 716 368 743 naturalibus
386 717 664 744 demonstrationibus
679 717 845 753 acquiescat,
870 718 892 745 is
921 725 988 746 sane

197 769 277 796 quant
290 762 429 796 improbus
444 770 474 789 ac
489 763 590 790 stultus
613 768 666 790 est.

356 817 387 843 In
405 817 506 844 eosdem
525 826 557 844 ex
574 817 664 844 eadem
679 818 808 845 oratione.

1043 216 1090 242 καὶ
1106 215 1291 247 οὑσιώσαντος
1315 217 1362 243 καὶ
1391 216 1563 250 συνέχοντος
1582 215 1649 242 Οὐδὲ
1676 218 1731 250 γὰρ
1747 216 1830 242 κιοά-

1042 269 1093 296 ραν
1109 270 1150 292 τις
1163 262 1234 296 ὁρῶν
1252 261 1382 288 κάλλιστα
1402 261 1574 296 ἠσκημένην,
1588 262 1635 287 καὶ
1654 261 1702 296 τὴν
1723 262 1831 295 ταύτης

1040 307 1224 342 εὐαρμοστίαν
1236 308 1283 334 καὶ
1298 307 1434 339 εὐταξίαν,
1462 307 1479 342 ἢ
1496 307 1544 341 τῆς
1560 307 1725 341 κιθαρῳδίτς
1739 307 1830 341 αὐτῆς

1040 353 1156 386 ἀκούων,
1176 353 1241 380 ἄλλο
1260 362 1286 379 τι
1300 353 1316 388 ἢ
1333 354 1378 380 τὸν
1395 353 1443 387 τῆς
1456 353 1573 386 κιθάρας
1589 353 1766 388 δημιουργὸν,
1781 354 1830 379 καὶ

1039 398 1086 424 τὸν
1103 398 1254 433 κιθαρῳδὸν
1272 399 1458 432 ὲννοήσει,καὶ
1479 398 1547 432 πρὸς
1560 397 1643 425 αὐτὸν
1659 397 1829 431 ἀναδραμεῖ-

1040 453 1086 470 ται
1106 445 1138 480 τῇ
1171 445 1289 479 διανιίᾳ,
1314 445 1365 471 κᾶν
1396 443 1502 477 ἀγνοῶν
1533 443 1603 480 τύχῃ
1635 444 1695 475 ταῖς
1722 443 1830 477 ὄψεσιν.

1040 490 1119 516 Οὕτω
1143 489 1191 516 καὶ
1219 490 1286 525 ἡμῖν
1301 489 1330 515 τὸ
1345 489 1488 524 ποιητικὸν
1506 488 1597 522 δῆλον,
1613 488 1705 515 καὶτὸ
1727 488 1830 523 τηροῦν

1041 537 1087 563 καὶ
1107 536 1203 571 δηλοῦν
1215 537 1247 563 τὰ
1257 537 1443 571 πεποιημένα,
1459 537 1510 563 κᾶν
1522 537 1558 572 μὴ
1571 536 1674 571 διανοίᾳ
1692 536 1829 571 περιλαμ-

1039 583 1170 618 6άνηται·
1186 583 1235 609 καὶ
1253 583 1313 609 λίαν
1329 582 1476 617 ἀγνώμων,
1501 583 1515 609 ό
1534 582 1601 617 μηδὲ
1617 583 1701 617 μέχρι
1722 582 1829 608 τούτων

1040 629 1143 663 προῖὼν
1171 629 1316 663 ἑκουσίως,
1327 629 1374 656 καὶ
1390 630 1450 661 ταῖς
1466 630 1596 663 φυσικαῖς
1614 629 1747 664 ἑπόμενος
1759 629 1830 655 ἁπο-

1038 675 1148 708 δείξεσι.

1125 810 1207 837 Κατὰ
1222 809 1280 837 τῶν
1299 810 1400 837 αὐτῶν
1415 810 1448 837 ὲκ
1469 810 1522 837 τοῦ
1537 810 1630 837 αὐτοῦ
1648 811 1756 844 λόγου.

232 862 289 889 Nos
301 867 402 895 autem,
417 863 464 897 qui
476 863 523 890 Dei
539 864 630 890 studio
656 869 791 895 tenemur,
822 871 874 891 nec
890 863 987 892 adduci

1079 857 1167 891 Ἦμᾶς
1186 857 1214 883 δὲ
1227 857 1241 883 ὁ
1261 856 1340 890 λόγος
1351 856 1497 891 δεξάμενος
1519 856 1679 890 ἐφιεμένους
1693 856 1773 888 Θεοῦ,
1786 856 1832 883 καὶ

198 915 353 942 possumus,
368 913 397 934 ut
409 908 538 934 llltlllduttl
553 908 611 935 sine
622 909 745 943 principe
762 913 789 936 et
805 909 988 943 gubernatore

198 954 340 980 credamus
356 961 426 985 esse,
444 954 550 980 ratione
575 954 632 988 ipsa
648 954 701 981 huc
718 954 894 989 impellimur,
921 959 990 982 utea

199 1007 259 1033 qua:
273 999 401 1026 sensibus
425 1005 490 1026 sunt
508 1000 630 1034 exposita
653 1000 880 1034 contemplemur,
896 1000 923 1027 in
939 1000 989 1028 iis-

197 1053 251 1078 que
266 1044 301 1071 ab
317 1044 394 1071 initio
406 1044 559 1078 repetendis
570 1049 599 1072 et
607 1045 781 1079 explorandis
794 1045 985 1073 immoremur.

203 1090 303 1116 Verum
318 1090 381 1125 quia
394 1098 450 1117 non
461 1094 502 1117 est
524 1095 750 1122 consentaneum,
767 1095 796 1118 ut
827 1091 865 1117 illi
894 1099 989 1118 eorum

199 1144 269 1170 quae,
288 1140 421 1170 quantum
449 1136 482 1163 ad
500 1143 611 1163 sensum
642 1137 771 1171 pertinet,
785 1137 912 1164 eumdem
941 1137 990 1164 0b—

201 1183 289 1208 tiueut
306 1182 418 1209 honoris
433 1182 556 1217 gradum,
569 1182 649 1209 detur
680 1176 861 1217 principatus,
892 1183 988 1210 eadem

200 1226 304 1253 ratione
321 1227 390 1254 duce
406 1235 486 1261 supra
501 1227 721 1258 conscendimus,
734 1233 816 1262 atque
831 1228 866 1255 ita
881 1229 989 1255 tandem

199 1271 232 1298 ad
250 1279 312 1298 cum
327 1273 512 1306 pervenimus,
538 1280 587 1306 per
607 1280 688 1306 quem
716 1273 774 1300 ha‘c
793 1273 860 1308 ipsa,
878 1279 907 1301 ut
924 1274 989 1306 sint,

202 1316 324 1349 habent;
341 1317 380 1344 sic
400 1317 473 1344 enim
491 1317 541 1352 ipsi
558 1318 701 1344 nobiseum
717 1327 722 1344 :
743 1318 809 1350 Quis
832 1319 990 1346 cmlestibus

199 1361 427 1395 terrestribusque
457 1362 550 1393 rebus,
575 1366 602 1388 et
619 1362 652 1389 iis
667 1370 728 1397 qure
744 1362 770 1389 in
795 1370 858 1390 aere
875 1368 902 1390 et
920 1371 990 1398 aqua

199 1411 354 1439 versantur,
384 1407 554 1442 praescripsit
579 1407 653 1434 hunc
673 1408 817 1434 ordinem?
840 1408 897 1434 lino
927 1416 991 1436 vero

199 1453 261 1487 quis
287 1460 319 1479 ca
345 1460 405 1487 qua:
430 1454 584 1487 antiquiora
610 1458 685 1484 sunt,
707 1461 803 1488 neinpe
841 1455 939 1481 caelum
965 1459 991 1482 et

200 1504 313 1530 terram,
338 1503 365 1525 et
390 1507 490 1531 aerem,
517 1504 544 1526 et
570 1507 647 1534 aqua:
674 1506 799 1526 natumut
829 1500 991 1527 constituit?

200 1543 268 1576 Quis
288 1551 319 1571 ea
342 1544 488 1577 disjunxit?
505 1545 557 1571 Per
574 1552 653 1578 quem
679 1549 771 1571 mutua
793 1545 863 1571 inter
880 1545 938 1572 haec
953 1553 994 1572 so.

201 1589 294 1621 cietas,
314 1597 464 1615 consensus
485 1594 512 1616 et
531 1589 715 1624 conspiratio?
736 1590 791 1624 Ego
809 1591 881 1617 enim
905 1591 993 1618 virum

203 1634 289 1665 illum.
308 1634 416 1660 tametsi
445 1634 548 1662 alienus
571 1639 621 1666 est,
646 1635 735 1664 laudo.
757 1635 824 1669 Quis
851 1635 908 1663 haec
934 1644 993 1663 m0-

200 1684 257 1710 vet,
276 1685 461 1714 perpetuoque
484 1688 515 1707 ac
537 1688 675 1714 nunquam
698 1686 821 1708 cessante
846 1690 992 1716 progressu

205 1725 388 1761 circumagit?
403 1725 499 1753 Nonne
519 1735 613 1753 eortun
632 1731 728 1754 auctor
746 1732 826 1762 atque
841 1729 930 1762 opil'cx
946 1729 993 1764 qui

203 1770 334 1798 rationem
353 1772 403 1798 illis
438 1772 562 1802 inseruit,
595 1780 646 1806 qua
666 1773 877 1807 unumquodque
907 1773 994 1800 fertur

202 1821 283 1850 atque
301 1817 454 1852 dirigitur?
474 1817 541 1850 Quis
568 1826 650 1852 porro
665 1826 760 1845 eorum
789 1824 884 1846 auctor
911 1825 992 1854 atque

202 1861 303 1896 opifex,
319 1870 410 1890 nonne
424 1863 446 1890 is
459 1864 503 1898 qui
517 1871 549 1891 ea
563 1863 711 1891 fabricatus
727 1869 778 1896 est.
796 1869 832 1896 et,
846 1869 875 1892 ut
890 1869 992 1896 essent,

202 1907 342 1942 perfecit?
358 1909 450 1944 Neque
469 1909 541 1936 enim
557 1910 583 1937 in
610 1917 675 1937 casu
696 1915 796 1938 tantam
813 1918 874 1938 esse
904 1911 992 1939 facul-

1040 902 1079 936 μὴ
1092 902 1272 935 ἀνεχομένους
1285 901 1315 927 τὺ
1330 901 1549 936 ἀνηγεμόνευτον
1565 909 1593 927 τε
1612 901 1665 934 ὶκσὲι
1675 901 1831 936 ἀκυϐέρνη-

1038 955 1094 979 τον,
1123 945 1182 974 εἶτα
1206 948 1263 978 τοῖς
1295 947 1445 983 ὁρωμένοις
1472 947 1662 982 προσϐάλλων,
1693 949 1745 974 καὶ
1781 948 1830 982 τῆς

1039 993 1167 1028 ἀπαρχῆς
1195 993 1368 1027 ἐντυγχάνων
1386 992 1448 1019 οὔτε
1465 994 1548 1028 μέχρι
1572 992 1677 1019 τούτων
1700 993 1829 1028 ἔστησεν.

1039 1039 1076 1066 Οὐ
1090 1040 1144 1074 γὰρ
1163 1037 1197 1074 ἦν
1213 1039 1293 1074 λόγου
1311 1039 1403 1065 δοῦναι
1418 1039 1468 1074 τὴν
1492 1034 1643 1074 ἡγεμονίαν
1659 1041 1716 1071 τοῖς
1732 1039 1830 1072 ὁμοτί-

1041 1094 1103 1120 μοις
1120 1085 1192 1112 κατὰ
1209 1086 1259 1120 τὴν
1277 1085 1418 1120 αἴσθησιν,
1431 1085 1478 1111 καὶ
1497 1085 1541 1111 διὰ
1556 1084 1659 1111 τούτων
1683 1085 1744 1119 ἄγει
1760 1085 1831 1119 πρὶς

1039 1131 1069 1158 τὸ
1085 1131 1155 1166 ὑπὲρ
1169 1131 1256 1157 ταῦτα
1269 1133 1316 1158 καὶ
1331 1131 1364 1158 δι’
1376 1127 1406 1157 οὗ
1427 1131 1534 1162 τούτοις
1557 1131 1587 1157 τὸ
1600 1128 1670 1157 εἶναι
1690 1131 1827 1165 περίεστι.

1040 1178 1072 1204 Τί
1089 1178 1144 1214 γὰρ
1159 1179 1189 1205 τὺ
1202 1178 1286 1211 τάξαν
1303 1178 1336 1205 τὰ
1349 1178 1463 1214 οὐράνιὰ
1477 1187 1505 1204 τε
1535 1179 1580 1205 καὶ
1596 1178 1715 1212 ἐπίγεια,
1728 1179 1778 1204 ὅσα
1799 1185 1830 1204 τι

1039 1222 1073 1249 δι’
1088 1224 1179 1259 ἀέρος.
1204 1227 1251 1250 καὶ
1268 1225 1318 1250 ὃσα
1349 1225 1410 1251 καθ’
1438 1224 1546 1257 ὓδατος,
1561 1225 1663 1260 μᾶλλον
1678 1225 1705 1250 δὲ
1723 1225 1758 1251 τὰ
1775 1225 1829 1259 πρὸ

1040 1270 1153 1302 τούτων,
1169 1270 1285 1304 οὐρανόν
1298 1279 1339 1301 τε.
1356 1271 1403 1297 καὶ
1423 1271 1486 1305 γῆν,
1511 1271 1558 1297 καὶ
1585 1271 1665 1305 ἀέρα,
1680 1272 1728 1297 καὶ
1745 1271 1827 1304 φύσιν

1041 1316 1155 1350 ὓδατος;
1173 1317 1221 1348 Τίς
1236 1316 1322 1343 ταῦτα
1338 1316 1427 1350 ἔμιξε,
1454 1317 1500 1343 καὶ
1514 1317 1628 1352 ἐμέρισε
1642 1326 1649 1349 ;
1669 1317 1717 1348 Τίς
1732 1318 1748 1352 ὴ
1769 1326 1829 1343 κοι-

1041 1362 1126 1389 νωνία
1152 1361 1257 1388 τούτων
1274 1361 1342 1396 πρὸς
1371 1362 1486 1396 ἄλληλα,
1502 1362 1549 1388 καὶ
1575 1362 1698 1397 συμφυῖα
1724 1362 1830 1388 τούτων

1041 1407 1088 1433 καὶ
1100 1406 1254 1440 σύμπνοια;
1275 1407 1395 1433 Ἐπαινῶ
1407 1408 1461 1441 γὰρ
1477 1407 1522 1434 τὸν
1535 1407 1677 1442 εἰρηκότα,
1690 1406 1740 1433 κᾶν
1752 1407 1831 1434 ἀλλό-

1042 1459 1116 1487 τριος
1176 1451 1209 1477 Τί
1226 1451 1256 1477 τδ
1271 1451 1357 1478 ταῦτα
1372 1453 1530 1486 κεκινηκὸς,
1544 1453 1590 1478 καὶ
1600 1453 1667 1486 ἆγον
1680 1452 1729 1487 τὴν
1743 1452 1829 1487 ἄληκ-

1042 1505 1087 1523 τον
1097 1497 1196 1531 φοράν.
1209 1497 1256 1524 καὶ
1267 1496 1409 1524 ἀκώλυτον
1417 1495 1460 1530 ;⁷Λ
1467 1498 1547 1532 ρὀὑχ
1557 1499 1570 1523 ὀ
1582 1499 1706 1535 τεχνίτης
1715 1498 1830 1530 τούτων,

1043 1542 1091 1568 καὶ
1105 1542 1174 1568 πᾶσι
1191 1542 1270 1576 λόγον
1284 1542 1383 1574 ἐνθεὶς,
1401 1541 1491 1574 καθὼς
1503 1543 1532 1569 τὸ
1544 1543 1598 1569 πᾶν
1610 1543 1722 1579 φέρεταί
1734 1552 1763 1570 τε
1776 1545 1825 1570 καὶ

1041 1587 1215 1622 διεξάγεταις
1242 1587 1290 1619 Τίς
1317 1587 1340 1614 δ’
1366 1587 1380 1614 ὁ
1409 1588 1535 1623 τεχνίτης
1561 1589 1678 1622 τούτων;
1700 1587 1828 1625 τΑρ“οὺχ

1041 1634 1055 1660 ὁ
1070 1633 1228 1668 πεποιηκὼς
1251 1633 1348 1666 ταῦτα,
1361 1633 1411 1660 κα)⁸
1437 1634 1479 1665 ei;
1492 1634 1523 1660 τὸ
1541 1633 1611 1661 εἶναι
1630 1635 1824 1670 παραγαγώνς

1042 1679 1072 1706 οὺ
1094 1679 1147 1714 γὰρ
1158 1679 1190 1714 δὴ
1206 1679 1244 1714 τῷ
1264 1679 1411 1714 αὐτομάτῳ
1431 1679 1520 1706 δοτέον
1544 1681 1678 1716 τοσαύτην
1701 1681 1830 1716 δύναμιν.

1044 1727 1133 1752 Ἔστω
1141 1725 1194 1760 γὰρ
1205 1726 1235 1752 τὸ
1245 1726 1372 1760 γενέσοαι
1382 1726 1429 1752 τοῦ
1441 1727 1605 1762 abrogato-4'
1615 1728 1685 1759 τίνος
1697 1729 1726 1754 τὺ
1736 1729 1830 1761 τάξας

1044 1771 1098 1798 Kal.
1123 1771 1212 1803 τοῦτο,
1233 1772 1257 1797 εί
1274 1772 1358 1803 δοκεῖ,
1373 1771 1473 1806 δῶμεν.
1486 1772 1565 1804 Τίνος
1588 1773 1618 1799 τὸ
1644 1775 1760 1809 τηρῆσαι
1783 1775 1831 1800 καὶ

1043 1817 1160 1853 φυλάξαι
1184 1817 1246 1845 καθ’
1261 1817 1308 1849 οὓς
1334 1818 1441 1852 πρῶτον
1460 1819 1564 1854 ὑπέστη
1584 1819 1697 1852 lorove;
1728 1820 1825 1855 ἑτέρου

1041 1864 1114 1895 τινος
1137 1862 1153 1898 ἥ
1184 1863 1231 1889 τοῦ
1255 1863 1427 1898 αὐτομάτου;
1454 1864 1548 1898 ἑτέρου
1580 1865 1680 1899 δηλαδὴ
1697 1865 1773 1899 παρᾶ
1799 1865 1831 1891 τὸ

1044 1909 1212 1944 αὐτόματον.
1236 1909 1321 1935 Τοῦτο
1333 1909 1361 1936 δὲ
1372 1909 1398 1935 τί
1415 1918 1480 1936 ποτε
1491 1910 1555 1937 ἄλλο
1568 1909 1636 1945 πλὴν
1654 1910 1720 1941 Θεὸς
1733 1918 1740 1943 ;

203 1959 286 1981 tatem
319 1955 522 1982 concedendum
560 1960 613 1988 est,
643 1961 673 1983 ut
702 1963 811 1983 causam
841 1965 934 1984 eorum
972 1957 1104 1985 fateamur
1125 1955 1272 1983 exstitisse.
1303 1955 1380 1988 Quod
1404 1955 1427 1983 si
1453 1956 1479 1983 id
1505 1957 1735 1990 concesserimus,
1764 1964 1831 1984 num

202 2000 284 2027 etiam
313 2002 489 2036 pulcherrimi
519 2003 636 2038 hujusce
672 2011 762 2031 rerum
787 2003 892 2032 ordinis
931 2004 983 2031 erit
1005 2003 1107 2032 causa?
1133 2002 1185 2030 Sed
1201 2003 1297 2030 demus
1332 2003 1358 2031 id
1373 2011 1491 2039 quoque,
1513 2003 1535 2030 si
1557 2004 1673 2031 videtur.
1688 2004 1830 2032 Uteadein

201 2051 291 2074 autem
315 2048 430 2082 ratione,
459 2057 512 2084 qua
537 2051 672 2086 principio
700 2059 789 2078 rerum
824 2051 989 2079 universitas
1010 2051 1144 2084 constitit,
1173 2054 1362 2084 conservetur,
1389 2058 1480 2078 nonne
1511 2050 1544 2077 ad
1573 2051 1658 2083 aliud,
1687 2058 1769 2085 quam
1800 2050 1832 2078 ad

202 2100 294 2119 casum
310 2093 482 2122 referendum
504 2095 563 2122 est?
575 2095 615 2123 Ad
628 2097 700 2123 aliud
715 2095 845 2131 profecto.
860 2095 964 2131 Ecquid
980 2101 1071 2124 autem
1087 2098 1140 2124 erit
1153 2097 1226 2124 istuc
1243 2095 1337 2124 aliud?
1358 2095 1430 2123 Nihil
1446 2103 1524 2129 sane,
1549 2096 1603 2123 nisi
1619 2096 1703 2123 Deus.

239 2157 272 2185 In
287 2158 393 2200 eosdem
410 2158 528 2203 Gregorii
545 2160 637 2203 [χρίεται
650 2161 781 2203 pontiﬁcis
788 2169 820 2202 ei:
832 2161 896 2188 libro
910 2161 955 2196 qui

1049 2163 1101 2190 Τοῦ
1119 2163 1250 2196 Νύσσης
1263 2162 1298 2189 ἐκ
1319 2161 1372 2203 τῆς
1383 2162 1502 2203 meum
1512 2162 1748 2203 ’τῆς-λεγομένης
1765 2165 1833 2191 Oeae

379 2195 532 2222 inscribitur
548 2195 586 2222 De
600 2197 745 2230 cognitione
761 2197 818 2223 Dei.

237 2256 315 2290 Quod
347 2266 379 2285 ex
395 2258 557 2293 simplicium
581 2259 776 2287 elementorum
800 2264 890 2291 terrae.
905 2268 992 2295 aquae,

203 2311 285 2335 aeris,
295 2304 364 2339 ignis
373 2305 559 2340 permistione,
569 2310 616 2333 aut.
627 2313 659 2332 ex
672 2306 839 2340 corpusculis
850 2305 994 2333 individuis

203 2350 306 2382 omnia,
329 2358 388 2385 quae
408 2351 435 2378 in
452 2351 555 2379 mundo
582 2355 657 2383 sunt,
684 2356 819 2384 constent,
850 2356 878 2378 ut
897 2353 995 2379 asserit

205 2395 352 2429 Epicurus.
367 2397 439 2431 quod
454 2398 576 2432 genitum
597 2402 638 2425 est
660 2405 713 2424 non
729 2397 831 2432 genito,
866 2398 994 2432 quodque

205 2441 305 2468 factum
320 2441 451 2470 cﬂ‘ectore
466 2443 525 2470 sine
553 2443 608 2470 ulla
635 2443 803 2471 dubitatione
823 2447 901 2471 tanto
924 2451 995 2479 pra:-

206 2488 325 2515 stantius
354 2493 436 2524 atque
451 2490 610 2524 prmelarius
637 2490 869 2525 deprehendetur,
894 2495 995 2525 quanto

205 2533 379 2568 simplicibus
415 2535 558 2563 elementis
594 2542 622 2564 et
649 2536 819 2571 corpusculis
846 2536 908 2567 illis,
935 2543 995 2571 qua:

205 2585 311 2608 atomos
326 2581 432 2616 dicunt,
449 2582 530 2610 homo
547 2583 677 2618 praecellit
692 2602 699 2610 .
713 2579 847 2611 Praeterea
858 2583 996 2617 quomodo

205 2634 266 2660 qum
279 2632 377 2654 natura
392 2627 465 2655 inter
478 2635 507 2655 se
519 2629 657 2657 contraria
671 2633 746 2662 sunt,
764 2633 812 2656 aut
832 2628 894 2655 siue
908 2627 995 2655 detri-

207 2677 301 2700 mento
318 2673 353 2701 ad
372 2673 452 2701 unius
472 2675 546 2702 orbis
559 2675 756 2710 perfectionem
774 2678 994 2702 concurrerunt:

205 2721 253 2744 aut
272 2717 332 2745 sine
347 2720 464 2746 consilio
484 2720 645 2756 rationeque
662 2720 812 2748 convenire
838 2719 910 2748 inter
925 2727 954 2747 se
969 2724 996 2747 et

208 2770 362 2798 congruere
385 2769 553 2799 potuerunt:
577 2771 625 2794 aut
640 2766 744 2794 homini
767 2766 898 2793 rationem
923 2766 996 2793 inse-

207 2815 277 2843 rere,
293 2818 345 2846 qua
359 2811 416 2847 ipsa
432 2816 526 2842 carent
543 2812 667 2848 omnino,
681 2812 782 2849 quippe
793 2819 853 2848 qua:
863 2811 950 2841 animi
964 2819 996 2840 ac

1231 2198 1364 2232 γνωσιας
1375 2198 1451 2225 κατὰ
1466 2198 1525 2224 τῶν
1540 2198 1650 2226 autin“.

1080 2255 1167 2291 Εἴπερ
1181 2257 1212 2283 ὲκ
1228 2255 1279 2290 τῆς
1291 2256 1345 2282 τῶν
1355 2255 1446 2283 ἁπλῶν
1459 2255 1597 2291 στοιχείων
1608 2256 1763 2290 συνουσίας,
1784 2258 1833 2292 γῆς

1045 2303 1126 2336 λέγω,
1145 2303 1191 2329 καὶ
1211 2302 1319 2334 ὓδατος,
1333 2303 1380 2329 καὶ
1394 2302 1484 2338 ἀέρος,
1505 2303 1552 2329 καὶ
1578 2303 1700 2339 πυρδς,ἢ
1717 2304 1773 2330 τῶν
1788 2304 1832 2331 λε-

1045 2350 1168 2385 γομένων
1179 2350 1287 2386 ἀτόμων
1298 2349 1358 2377 κατ’
1380 2349 1539 2384 Ἐπίκουρον
1555 2349 1590 2376 τὰ
1600 2350 1737 2384 ἑγκόσμια
1753 2351 1832 2384 γεγέ-

1045 2403 1134 2431 νηται,
1149 2396 1328 2430 εὑρεθήσεται
1346 2395 1376 2422 τὸ
1391 2396 1522 2430 γεννητὸν
1539 2395 1586 2421 τοῦ
1610 2396 1775 2431 ἁγεννήτου,
1789 2397 1833 2424 καὶ

1045 2441 1075 2468 τὸ
1095 2442 1207 2477 ποιηθὲν
1231 2441 1279 2468 τοῦ
1306 2442 1471 2477 ποιήσαντος
1503 2442 1677 2477 ἀσυγκρίτως
1699 2444 1830 2477 κρεῖττον,

1046 2488 1094 2514 καὶ
1110 2487 1285 2522 τιμιώτερον,
1299 2488 1347 2514 καὶ
1362 2486 1491 2514 τοσοῦτον
1518 2487 1581 2513 ὅσον
1595 2489 1608 2513 ὸ
1620 2486 1766 2522 ἄνθρωπος
1782 2487 1832 2513 τῶν

1047 2533 1140 2560 ἁπλῶν
1159 2534 1299 2568 στοιχείων
1323 2533 1371 2560 καὶ
1399 2533 1453 2560 τῶν
1479 2533 1633 2569 εἰρημένων
1653 2533 1763 2567 ἀτόμων
1779 2533 1833 2559 διαο

1046 2580 1209 2616 φορώτερος.
1223 2580 1283 2612 Πῶς
1294 2580 1317 2606 δ’
1329 2580 1361 2606 ἂν
1377 2580 1424 2606 καὶ
1439 2580 1510 2606 κατὰ
1524 2579 1605 2613 φύσιν
1622 2579 1732 2606 ἐναντία
1765 2587 1827 2605 συν-

1047 2628 1164 2662 έδραμον
1188 2626 1314 2658 aetum;
1333 2627 1373 2658 εἰς
1401 2626 1460 2657 ἐνὸς
1486 2627 1590 2660 κόσμου
1620 2626 1831 2661 συμπλήρωσιν;

1048 2673 1110 2704 Πῶς
1125 2672 1147 2699 δ’
1170 2672 1204 2699 ἂν
1221 2672 1269 2698 καὶ
1287 2671 1485 2706 συνεφώνησαν
1501 2672 1551 2698 οὐκ
1574 2671 1671 2707 ἔχοντα
1692 2670 1832 2705 βούλησιν,

1046 2718 1064 2755 ἦ
1081 2718 1178 2752 λόγον;
1194 2718 1229 2744 Ἦ
1245 2717 1303 2749 πῶς
1318 2717 1357 2752 τῷ
1382 2716 1520 2753 ἀνθρώπῳ
1543 2717 1623 2752 λόγον
1648 2716 1788 2752 ἀνέθηκαν
1804 2715 1833 2742 τὰ

1048 2764 1185 2796 παντελῶς
1201 2764 1303 2799 ἄψυχα,
1324 2765 1370 2791 καὶ
1386 2764 1482 2798 ἄλογα,
1506 2765 1552 2791 καὶ
1568 2763 1739 2799 ἀναίσθητα;
1761 2763 1832 2790 Ἐδει

1048 2811 1077 2839 δὶ
1093 2811 1140 2839 καὶ
1153 2807 1177 2845 ᾧ
1190 2811 1220 2838 τὸ
1235 2810 1316 2838 πλέον
1336 2810 1386 2846 τῆς
1411 2809 1545 2845 σφετέρας
1564 2809 1658 2842 οὐσίας
1673 2808 1831 2844 ἀπεκλήρω-
