  <div class='ocr_page' id='page_1' title='image "/cluster/home/n/w/nwhite01/storage/ocr_20150623/130/njp.32101010942777/027.png"; bbox 0 0 1893 3081; ppageno 0'>
   <div class='ocr_carea' id='block_1_1' title="bbox 229 143 1862 174">
    <p class='ocr_par' dir='ltr' id='par_1_1' title="bbox 229 143 1862 174">
     <span class='ocr_line' id='line_1_1' title="bbox 229 143 1862 174; baseline -0.002 0"><span class='ocrx_word' id='word_1_1' title='bbox 229 145 265 174; x_wconf 83' lang='grc'><strong>39</strong></span> <span class='ocrx_word' id='word_1_2' title='bbox 865 143 1057 174; x_wconf 82' lang='lat' dir='ltr'><strong>EUTHYMH</strong></span> <span class='ocrx_word' id='word_1_3' title='bbox 1077 143 1259 173; x_wconf 80' lang='lat' dir='ltr'><strong>ZlGABENl</strong></span> <span class='ocrx_word' id='word_1_4' title='bbox 1827 145 1862 171; x_wconf 64' lang='lat' dir='ltr'><strong>At)</strong></span> 
     </span>
    </p>
   </div>
   <div class='ocr_carea' id='block_1_2' title="bbox 227 195 1010 235">
    <p class='ocr_par' dir='ltr' id='par_1_2' title="bbox 227 199 1010 235">
     <span class='ocr_line' id='line_1_2' title="bbox 227 199 1010 235; baseline 0.001 -9"><span class='ocrx_word' id='word_1_5' title='bbox 227 199 368 227; x_wconf 68' lang='lat' dir='ltr'><strong>auditores</strong></span> <span class='ocrx_word' id='word_1_6' title='bbox 391 199 557 235; x_wconf 75' lang='lat' dir='ltr'><strong>cogitatione</strong></span> <span class='ocrx_word' id='word_1_7' title='bbox 586 199 756 235; x_wconf 71' lang='lat' dir='ltr'><strong>distinguant</strong></span> <span class='ocrx_word' id='word_1_8' title='bbox 786 200 906 227; x_wconf 85' lang='lat' dir='ltr'><strong>Verbum</strong></span> <span class='ocrx_word' id='word_1_9' title='bbox 932 201 966 227; x_wconf 85' lang='lat' dir='ltr'><strong>ab</strong></span> <span class='ocrx_word' id='word_1_10' title='bbox 991 207 1010 227; x_wconf 59' lang='lat' dir='ltr'><strong>et</strong></span> 
     </span>
    </p>
   </div>
   <div class='ocr_carea' id='block_1_3' title="bbox 1065 195 1863 235">
    <p class='ocr_par' dir='ltr' id='par_1_3' title="bbox 1075 195 1863 230">
     <span class='ocr_line' id='line_1_3' title="bbox 1075 195 1863 230; baseline -0.001 -6"><span class='ocrx_word' id='word_1_11' title='bbox 1075 198 1230 224; x_wconf 79' lang='grc' dir='ltr'><strong>ἀκουόντων</strong></span> <span class='ocrx_word' id='word_1_12' title='bbox 1255 197 1359 225; x_wconf 80' lang='grc' dir='ltr'>διάνοια</span> <span class='ocrx_word' id='word_1_13' title='bbox 1372 196 1452 224; x_wconf 70' lang='grc' dir='ltr'>αὐτόν</span> <span class='ocrx_word' id='word_1_14' title='bbox 1467 204 1496 223; x_wconf 88' lang='grc' dir='ltr'><strong>τε</strong></span> <span class='ocrx_word' id='word_1_15' title='bbox 1512 195 1556 222; x_wconf 77' lang='grc' dir='ltr'>τὸν</span> <span class='ocrx_word' id='word_1_16' title='bbox 1569 195 1665 230; x_wconf 79' lang='grc' dir='ltr'>Λόγον,</span> <span class='ocrx_word' id='word_1_17' title='bbox 1680 195 1728 223; x_wconf 75' lang='grc' dir='ltr'>καὶ</span> <span class='ocrx_word' id='word_1_18' title='bbox 1740 196 1786 223; x_wconf 71' lang='grc' dir='ltr'>τὸν</span> <span class='ocrx_word' id='word_1_19' title='bbox 1799 196 1863 223; x_wconf 74' lang='grc' dir='ltr'>ὅθεν</span> 
     </span>
    </p>
   </div>
   <div class='ocr_carea' id='block_1_4' title="bbox 229 244 1019 280">
    <p class='ocr_par' dir='ltr' id='par_1_4' title="bbox 229 244 1019 280">
     <span class='ocr_line' id='line_1_4' title="bbox 229 244 1019 280; baseline 0 -9"><span class='ocrx_word' id='word_1_20' title='bbox 229 245 308 279; x_wconf 82' lang='lat' dir='ltr'><strong>cujus</strong></span> <span class='ocrx_word' id='word_1_21' title='bbox 324 249 366 271; x_wconf 88' lang='lat' dir='ltr'><strong>est</strong></span> <span class='ocrx_word' id='word_1_22' title='bbox 381 244 512 276; x_wconf 83' lang='lat' dir='ltr'><strong>Verbum,</strong></span> <span class='ocrx_word' id='word_1_23' title='bbox 526 252 582 271; x_wconf 88' lang='lat' dir='ltr'><strong>non</strong></span> <span class='ocrx_word' id='word_1_24' title='bbox 596 245 713 279; x_wconf 83' lang='lat' dir='ltr'><strong>amplius</strong></span> <span class='ocrx_word' id='word_1_25' title='bbox 727 245 885 280; x_wconf 74' lang='lat' dir='ltr'><strong>mysterium</strong></span> <span class='ocrx_word' id='word_1_26' title='bbox 899 245 977 271; x_wconf 89' lang='lat' dir='ltr'><strong>nobis</strong></span> <span class='ocrx_word' id='word_1_27' title='bbox 993 245 1019 271; x_wconf 93' lang='lat' dir='ltr'><strong>in</strong></span> 
     </span>
    </p>
   </div>
   <div class='ocr_carea' id='block_1_5' title="bbox 232 290 1022 327">
    <p class='ocr_par' dir='ltr' id='par_1_5' title="bbox 232 290 1022 327">
     <span class='ocr_line' id='line_1_5' title="bbox 232 290 1022 327; baseline 0 -9"><span class='ocrx_word' id='word_1_28' title='bbox 232 290 356 327; x_wconf 85' lang='lat' dir='ltr'><strong>periculo</strong></span> <span class='ocrx_word' id='word_1_29' title='bbox 379 295 517 321; x_wconf 73' lang='lat' dir='ltr'><strong>versatur,</strong></span> <span class='ocrx_word' id='word_1_30' title='bbox 542 298 577 317; x_wconf 88' lang='lat' dir='ltr'><strong>ne</strong></span> <span class='ocrx_word' id='word_1_31' title='bbox 603 290 666 317; x_wconf 89' lang='lat' dir='ltr'><strong>dtnn</strong></span> <span class='ocrx_word' id='word_1_32' title='bbox 694 290 849 318; x_wconf 72' lang='lat' dir='ltr'><strong>Cra-corum</strong></span> <span class='ocrx_word' id='word_1_33' title='bbox 879 291 1022 326; x_wconf 81' lang='lat' dir='ltr'><strong>opiniones</strong></span> 
     </span>
    </p>
   </div>
   <div class='ocr_carea' id='block_1_6' title="bbox 230 336 1019 372">
    <p class='ocr_par' dir='ltr' id='par_1_6' title="bbox 230 336 1019 372">
     <span class='ocr_line' id='line_1_6' title="bbox 230 336 1019 372; baseline 0.001 -8"><span class='ocrx_word' id='word_1_34' title='bbox 230 337 389 365; x_wconf 70' lang='lat' dir='ltr'><strong>rel&#39;t-llimus.</strong></span> <span class='ocrx_word' id='word_1_35' title='bbox 404 336 547 363; x_wconf 73' lang='lat' dir='ltr'><strong>videamur</strong></span> <span class='ocrx_word' id='word_1_36' title='bbox 565 336 720 364; x_wconf 69' lang='lat' dir='ltr'><strong>Jndtrorutn</strong></span> <span class='ocrx_word' id='word_1_37' title='bbox 739 337 902 365; x_wconf 85' lang='lat' dir='ltr'><strong>sententiam</strong></span> <span class='ocrx_word' id='word_1_38' title='bbox 918 345 1019 372; x_wconf 88' lang='lat' dir='ltr'><strong>appro-</strong></span> 
     </span>
    </p>
   </div>
   <div class='ocr_carea' id='block_1_7' title="bbox 230 381 1021 417">
    <p class='ocr_par' dir='ltr' id='par_1_7' title="bbox 230 381 1021 417">
     <span class='ocr_line' id='line_1_7' title="bbox 230 381 1021 417; baseline 0.003 -9"><span class='ocrx_word' id='word_1_39' title='bbox 230 382 360 409; x_wconf 82' lang='lat' dir='ltr'><strong>bantibus</strong></span> <span class='ocrx_word' id='word_1_40' title='bbox 384 382 524 408; x_wconf 78' lang='lat' dir='ltr'><strong>assentiri.</strong></span> <span class='ocrx_word' id='word_1_41' title='bbox 551 381 618 408; x_wconf 82' lang='lat' dir='ltr'><strong>Nam</strong></span> <span class='ocrx_word' id='word_1_42' title='bbox 644 382 874 417; x_wconf 84' lang='lat' dir='ltr'><strong>quemadmodum</strong></span> <span class='ocrx_word' id='word_1_43' title='bbox 899 383 925 409; x_wconf 93' lang='lat' dir='ltr'><strong>in</strong></span> <span class='ocrx_word' id='word_1_44' title='bbox 943 383 1021 410; x_wconf 88' lang='lat' dir='ltr'><strong>nobis</strong></span> 
     </span>
    </p>
   </div>
   <div class='ocr_carea' id='block_1_8' title="bbox 227 428 1020 464">
    <p class='ocr_par' dir='ltr' id='par_1_8' title="bbox 227 428 1020 464">
     <span class='ocr_line' id='line_1_8' title="bbox 227 428 1020 464; baseline 0.003 -10"><span class='ocrx_word' id='word_1_45' title='bbox 227 428 344 455; x_wconf 88' lang='lat' dir='ltr'><strong>dicimus</strong></span> <span class='ocrx_word' id='word_1_46' title='bbox 378 428 490 455; x_wconf 88' lang='lat' dir='ltr'><strong>verbum</strong></span> <span class='ocrx_word' id='word_1_47' title='bbox 516 436 530 454; x_wconf 85' lang='lat' dir='ltr'><strong>a</strong></span> <span class='ocrx_word' id='word_1_48' title='bbox 556 432 646 455; x_wconf 89' lang='lat' dir='ltr'><strong>tuente</strong></span> <span class='ocrx_word' id='word_1_49' title='bbox 669 428 816 463; x_wconf 82' lang='lat' dir='ltr'><strong>proﬁcisci,</strong></span> <span class='ocrx_word' id='word_1_50' title='bbox 841 437 930 464; x_wconf 88' lang='lat' dir='ltr'><strong>neqtte</strong></span> <span class='ocrx_word' id='word_1_51' title='bbox 950 429 1020 456; x_wconf 87' lang='lat' dir='ltr'><strong>idem</strong></span> 
     </span>
    </p>
   </div>
   <div class='ocr_carea' id='block_1_9' title="bbox 228 473 1021 510">
    <p class='ocr_par' dir='ltr' id='par_1_9' title="bbox 228 473 1021 510">
     <span class='ocr_line' id='line_1_9' title="bbox 228 473 1021 510; baseline 0.004 -11"><span class='ocrx_word' id='word_1_52' title='bbox 228 473 340 500; x_wconf 88' lang='lat' dir='ltr'><strong>omnino</strong></span> <span class='ocrx_word' id='word_1_53' title='bbox 370 481 430 500; x_wconf 82' lang='lat' dir='ltr'><strong>esse</strong></span> <span class='ocrx_word' id='word_1_54' title='bbox 455 473 527 507; x_wconf 85' lang='lat' dir='ltr'><strong>quod</strong></span> <span class='ocrx_word' id='word_1_55' title='bbox 545 478 587 500; x_wconf 82' lang='lat' dir='ltr'><strong>est</strong></span> <span class='ocrx_word' id='word_1_56' title='bbox 612 482 698 507; x_wconf 88' lang='lat' dir='ltr'><strong>mens,</strong></span> <span class='ocrx_word' id='word_1_57' title='bbox 714 482 765 501; x_wconf 88' lang='lat' dir='ltr'><strong>ttec</strong></span> <span class='ocrx_word' id='word_1_58' title='bbox 788 475 822 501; x_wconf 83' lang='lat' dir='ltr'><strong>ab</strong></span> <span class='ocrx_word' id='word_1_59' title='bbox 842 475 885 502; x_wconf 86' lang='lat' dir='ltr'><strong>illa</strong></span> <span class='ocrx_word' id='word_1_60' title='bbox 908 482 1021 510; x_wconf 89' lang='lat' dir='ltr'><strong>prorsus</strong></span> 
     </span>
    </p>
   </div>
   <div class='ocr_carea' id='block_1_10' title="bbox 229 518 1021 555">
    <p class='ocr_par' dir='ltr' id='par_1_10' title="bbox 229 518 1021 555">
     <span class='ocr_line' id='line_1_10' title="bbox 229 518 1021 555; baseline 0.004 -11"><span class='ocrx_word' id='word_1_61' title='bbox 229 519 367 546; x_wconf 85' lang='lat' dir='ltr'><strong>diversum</strong></span> <span class='ocrx_word' id='word_1_62' title='bbox 383 518 495 553; x_wconf 88' lang='lat' dir='ltr'><strong>(etenim</strong></span> <span class='ocrx_word' id='word_1_63' title='bbox 517 523 652 553; x_wconf 82' lang='lat' dir='ltr'><strong>quatenus</strong></span> <span class='ocrx_word' id='word_1_64' title='bbox 671 520 706 547; x_wconf 87' lang='lat' dir='ltr'><strong>ab</strong></span> <span class='ocrx_word' id='word_1_65' title='bbox 724 520 768 547; x_wconf 82' lang='lat' dir='ltr'><strong>illa</strong></span> <span class='ocrx_word' id='word_1_66' title='bbox 789 520 927 555; x_wconf 86' lang='lat' dir='ltr'><strong>provenit,</strong></span> <span class='ocrx_word' id='word_1_67' title='bbox 946 521 1021 548; x_wconf 84' lang='lat' dir='ltr'><strong>aliud</strong></span> 
     </span>
    </p>
   </div>
   <div class='ocr_carea' id='block_1_11' title="bbox 228 563 1020 600">
    <p class='ocr_par' dir='ltr' id='par_1_11' title="bbox 228 563 1020 600">
     <span class='ocr_line' id='line_1_11' title="bbox 228 563 1020 600; baseline 0.004 -11"><span class='ocrx_word' id='word_1_68' title='bbox 228 563 357 597; x_wconf 77' lang='lat' dir='ltr'><strong>qui-Idam</strong></span> <span class='ocrx_word' id='word_1_69' title='bbox 373 571 453 597; x_wconf 82' lang='lat' dir='ltr'><strong>qualn</strong></span> <span class='ocrx_word' id='word_1_70' title='bbox 478 565 533 599; x_wconf 86' lang='lat' dir='ltr'><strong>ipsa</strong></span> <span class='ocrx_word' id='word_1_71' title='bbox 556 569 597 591; x_wconf 81' lang='lat' dir='ltr'><strong>est</strong></span> <span class='ocrx_word' id='word_1_72' title='bbox 615 573 622 591; x_wconf 89' lang='lat'><strong>:</strong></span> <span class='ocrx_word' id='word_1_73' title='bbox 646 571 781 600; x_wconf 88' lang='lat' dir='ltr'><strong>quatentts</strong></span> <span class='ocrx_word' id='word_1_74' title='bbox 795 571 885 592; x_wconf 88' lang='lat' dir='ltr'><strong>autem</strong></span> <span class='ocrx_word' id='word_1_75' title='bbox 900 571 1020 594; x_wconf 69' lang='lat' dir='ltr'><strong>mentem</strong></span> 
     </span>
    </p>
   </div>
   <div class='ocr_carea' id='block_1_12' title="bbox 228 607 1020 645">
    <p class='ocr_par' dir='ltr' id='par_1_12' title="bbox 228 607 1020 645">
     <span class='ocr_line' id='line_1_12' title="bbox 228 607 1020 645; baseline 0.005 -12"><span class='ocrx_word' id='word_1_76' title='bbox 228 608 400 642; x_wconf 75' lang='lat' dir='ltr'><strong>perspicuam</strong></span> <span class='ocrx_word' id='word_1_77' title='bbox 419 607 482 634; x_wconf 77' lang='lat' dir='ltr'><strong>facit</strong></span> <span class='ocrx_word' id='word_1_78' title='bbox 501 613 529 635; x_wconf 84' lang='lat' dir='ltr'><strong>et</strong></span> <span class='ocrx_word' id='word_1_79' title='bbox 541 609 669 643; x_wconf 67' lang='lat' dir='ltr'><strong>etplicat,</strong></span> <span class='ocrx_word' id='word_1_80' title='bbox 698 617 753 636; x_wconf 89' lang='lat' dir='ltr'><strong>non</strong></span> <span class='ocrx_word' id='word_1_81' title='bbox 772 609 847 637; x_wconf 83' lang='lat' dir='ltr'><strong>aliud</strong></span> <span class='ocrx_word' id='word_1_82' title='bbox 866 610 921 645; x_wconf 84' lang='lat' dir='ltr'><strong>jam</strong></span> <span class='ocrx_word' id='word_1_83' title='bbox 936 611 971 637; x_wconf 92' lang='lat' dir='ltr'><strong>ab</strong></span> <span class='ocrx_word' id='word_1_84' title='bbox 989 617 1020 637; x_wconf 85' lang='lat' dir='ltr'><strong>ea</strong></span> 
     </span>
    </p>
   </div>
   <div class='ocr_carea' id='block_1_13' title="bbox 229 652 1021 690">
    <p class='ocr_par' dir='ltr' id='par_1_13' title="bbox 229 652 1021 690">
     <span class='ocr_line' id='line_1_13' title="bbox 229 652 1021 690; baseline 0.005 -12"><span class='ocrx_word' id='word_1_85' title='bbox 229 652 366 679; x_wconf 85' lang='lat' dir='ltr'><strong>diversum</strong></span> <span class='ocrx_word' id='word_1_86' title='bbox 396 653 542 688; x_wconf 67' lang='lat' dir='ltr'><strong>Cogitatur,</strong></span> <span class='ocrx_word' id='word_1_87' title='bbox 573 655 620 681; x_wconf 90' lang='lat' dir='ltr'><strong>sed</strong></span> <span class='ocrx_word' id='word_1_88' title='bbox 645 659 740 681; x_wconf 86' lang='lat' dir='ltr'><strong>natura</strong></span> <span class='ocrx_word' id='word_1_89' title='bbox 770 663 866 688; x_wconf 90' lang='lat' dir='ltr'><strong>unum,</strong></span> <span class='ocrx_word' id='word_1_90' title='bbox 896 655 1021 690; x_wconf 81' lang='lat' dir='ltr'><strong>subjecto</strong></span> 
     </span>
    </p>
   </div>
   <div class='ocr_carea' id='block_1_14' title="bbox 228 697 1021 735">
    <p class='ocr_par' dir='ltr' id='par_1_14' title="bbox 228 697 1021 735">
     <span class='ocr_line' id='line_1_14' title="bbox 228 697 1021 735; baseline 0.004 -10"><span class='ocrx_word' id='word_1_91' title='bbox 228 701 333 725; x_wconf 87' lang='lat' dir='ltr'><strong>tantum</strong></span> <span class='ocrx_word' id='word_1_92' title='bbox 349 697 489 732; x_wconf 68' lang='lat' dir='ltr'><strong>dim-reus;</strong></span> <span class='ocrx_word' id='word_1_93' title='bbox 506 707 513 726; x_wconf 92' lang='lat'>:</span> <span class='ocrx_word' id='word_1_94' title='bbox 528 699 567 725; x_wconf 79' lang='lat' dir='ltr'><strong>sic</strong></span> <span class='ocrx_word' id='word_1_95' title='bbox 582 698 663 726; x_wconf 84' lang='lat' dir='ltr'><strong>etiam</strong></span> <span class='ocrx_word' id='word_1_96' title='bbox 678 699 725 726; x_wconf 87' lang='lat' dir='ltr'><strong>Dei</strong></span> <span class='ocrx_word' id='word_1_97' title='bbox 741 698 871 733; x_wconf 77' lang='lat' dir='ltr'><strong>Vetbum,</strong></span> <span class='ocrx_word' id='word_1_98' title='bbox 886 705 1021 735; x_wconf 81' lang='lat' dir='ltr'><strong>quatenus</strong></span> 
     </span>
    </p>
   </div>
   <div class='ocr_carea' id='block_1_15' title="bbox 227 743 1020 778">
    <p class='ocr_par' dir='ltr' id='par_1_15' title="bbox 227 743 1020 778">
     <span class='ocr_line' id='line_1_15' title="bbox 227 743 1020 778; baseline 0.006 -10"><span class='ocrx_word' id='word_1_99' title='bbox 227 749 276 776; x_wconf 88' lang='lat' dir='ltr'><strong>per</strong></span> <span class='ocrx_word' id='word_1_100' title='bbox 297 750 326 769; x_wconf 85' lang='lat' dir='ltr'><strong>se</strong></span> <span class='ocrx_word' id='word_1_101' title='bbox 339 743 475 774; x_wconf 81' lang='lat' dir='ltr'><strong>subsistit,</strong></span> <span class='ocrx_word' id='word_1_102' title='bbox 497 743 530 770; x_wconf 90' lang='lat' dir='ltr'><strong>ab</strong></span> <span class='ocrx_word' id='word_1_103' title='bbox 552 751 585 771; x_wconf 86' lang='lat' dir='ltr'><strong>eo</strong></span> <span class='ocrx_word' id='word_1_104' title='bbox 604 743 780 778; x_wconf 75' lang='lat' dir='ltr'><strong>distinguitur</strong></span> <span class='ocrx_word' id='word_1_105' title='bbox 804 745 876 772; x_wconf 92' lang='lat' dir='ltr'><strong>unde</strong></span> <span class='ocrx_word' id='word_1_106' title='bbox 901 749 931 772; x_wconf 85' lang='lat' dir='ltr'><strong>ut</strong></span> <span class='ocrx_word' id='word_1_107' title='bbox 956 745 1020 773; x_wconf 86' lang='lat' dir='ltr'><strong>sub-</strong></span> 
     </span>
    </p>
   </div>
   <div class='ocr_carea' id='block_1_16' title="bbox 227 788 1020 824">
    <p class='ocr_par' dir='ltr' id='par_1_16' title="bbox 227 788 1020 824">
     <span class='ocr_line' id='line_1_16' title="bbox 227 788 1020 824; baseline 0.004 -10"><span class='ocrx_word' id='word_1_108' title='bbox 227 788 309 815; x_wconf 81' lang='lat' dir='ltr'><strong>sistat</strong></span> <span class='ocrx_word' id='word_1_109' title='bbox 322 788 402 814; x_wconf 80' lang='lat' dir='ltr'><strong>habet</strong></span> <span class='ocrx_word' id='word_1_110' title='bbox 414 796 421 814; x_wconf 88' lang='lat'>:</span> <span class='ocrx_word' id='word_1_111' title='bbox 436 792 572 822; x_wconf 77' lang='lat' dir='ltr'><strong>quatenus</strong></span> <span class='ocrx_word' id='word_1_112' title='bbox 586 793 675 816; x_wconf 83' lang='lat' dir='ltr'><strong>autent</strong></span> <span class='ocrx_word' id='word_1_113' title='bbox 692 795 723 815; x_wconf 86' lang='lat' dir='ltr'><strong>ea</strong></span> <span class='ocrx_word' id='word_1_114' title='bbox 743 788 865 816; x_wconf 80' lang='lat' dir='ltr'><strong>declarat</strong></span> <span class='ocrx_word' id='word_1_115' title='bbox 879 790 906 817; x_wconf 92' lang='lat' dir='ltr'><strong>in</strong></span> <span class='ocrx_word' id='word_1_116' title='bbox 919 790 1020 824; x_wconf 87' lang='lat' dir='ltr'><strong>seipso,</strong></span> 
     </span>
    </p>
   </div>
   <div class='ocr_carea' id='block_1_17' title="bbox 228 833 1018 871">
    <p class='ocr_par' dir='ltr' id='par_1_17' title="bbox 228 833 1018 871">
     <span class='ocr_line' id='line_1_17' title="bbox 228 833 1018 871; baseline 0.003 -10"><span class='ocrx_word' id='word_1_117' title='bbox 228 842 289 868; x_wconf 59' lang='lat' dir='ltr'><strong>quae</strong></span> <span class='ocrx_word' id='word_1_118' title='bbox 308 839 456 861; x_wconf 85' lang='lat' dir='ltr'><strong>cernuntur</strong></span> <span class='ocrx_word' id='word_1_119' title='bbox 474 834 500 861; x_wconf 91' lang='lat' dir='ltr'><strong>in</strong></span> <span class='ocrx_word' id='word_1_120' title='bbox 521 833 584 866; x_wconf 86' lang='lat' dir='ltr'><strong>Deo,</strong></span> <span class='ocrx_word' id='word_1_121' title='bbox 608 834 678 861; x_wconf 86' lang='lat' dir='ltr'><strong>idem</strong></span> <span class='ocrx_word' id='word_1_122' title='bbox 694 839 738 862; x_wconf 88' lang='lat' dir='ltr'><strong>est</strong></span> <span class='ocrx_word' id='word_1_123' title='bbox 753 841 850 862; x_wconf 86' lang='lat' dir='ltr'><strong>natura</strong></span> <span class='ocrx_word' id='word_1_124' title='bbox 869 843 930 863; x_wconf 92' lang='lat' dir='ltr'><strong>cum</strong></span> <span class='ocrx_word' id='word_1_125' title='bbox 949 837 1018 871; x_wconf 90' lang='lat' dir='ltr'><strong>ipso,</strong></span> 
     </span>
    </p>
   </div>
   <div class='ocr_carea' id='block_1_18' title="bbox 228 879 1019 915">
    <p class='ocr_par' dir='ltr' id='par_1_18' title="bbox 228 879 1019 915">
     <span class='ocr_line' id='line_1_18' title="bbox 228 879 1019 915; baseline 0.004 -9"><span class='ocrx_word' id='word_1_126' title='bbox 228 879 256 907; x_wconf 89' lang='lat' dir='ltr'><strong>in</strong></span> <span class='ocrx_word' id='word_1_127' title='bbox 274 887 328 914; x_wconf 90' lang='lat' dir='ltr'><strong>quo</strong></span> <span class='ocrx_word' id='word_1_128' title='bbox 349 879 445 907; x_wconf 84' lang='lat' dir='ltr'><strong>eadem</strong></span> <span class='ocrx_word' id='word_1_129' title='bbox 476 879 576 906; x_wconf 87' lang='lat' dir='ltr'><strong>indicia</strong></span> <span class='ocrx_word' id='word_1_130' title='bbox 597 885 625 907; x_wconf 89' lang='lat' dir='ltr'><strong>et</strong></span> <span class='ocrx_word' id='word_1_131' title='bbox 646 885 718 907; x_wconf 62' lang='lat' dir='ltr'><strong>notae</strong></span> <span class='ocrx_word' id='word_1_132' title='bbox 739 881 925 915; x_wconf 91' lang='lat' dir='ltr'><strong>reperiuntur.</strong></span> <span class='ocrx_word' id='word_1_133' title='bbox 951 881 1019 909; x_wconf 85' lang='lat' dir='ltr'><strong>Nam</strong></span> 
     </span>
    </p>
   </div>
   <div class='ocr_carea' id='block_1_19' title="bbox 228 925 1018 961">
    <p class='ocr_par' dir='ltr' id='par_1_19' title="bbox 228 925 1018 961">
     <span class='ocr_line' id='line_1_19' title="bbox 228 925 1018 961; baseline 0.004 -10"><span class='ocrx_word' id='word_1_134' title='bbox 228 926 286 952; x_wconf 83' lang='lat' dir='ltr'><strong>sive</strong></span> <span class='ocrx_word' id='word_1_135' title='bbox 316 925 476 956; x_wconf 86' lang='lat' dir='ltr'><strong>bonitatem,</strong></span> <span class='ocrx_word' id='word_1_136' title='bbox 503 926 562 952; x_wconf 88' lang='lat' dir='ltr'><strong>sive</strong></span> <span class='ocrx_word' id='word_1_137' title='bbox 588 926 746 960; x_wconf 85' lang='lat' dir='ltr'><strong>potentiam,</strong></span> <span class='ocrx_word' id='word_1_138' title='bbox 771 926 829 954; x_wconf 86' lang='lat' dir='ltr'><strong>sive</strong></span> <span class='ocrx_word' id='word_1_139' title='bbox 844 927 1018 961; x_wconf 86' lang='lat' dir='ltr'><strong>sapientiam,</strong></span> 
     </span>
    </p>
   </div>
   <div class='ocr_carea' id='block_1_20' title="bbox 227 966 1018 1008">
    <p class='ocr_par' dir='ltr' id='par_1_20' title="bbox 227 966 1018 1008">
     <span class='ocr_line' id='line_1_20' title="bbox 227 966 1018 1008; baseline 0.003 -10"><span class='ocrx_word' id='word_1_140' title='bbox 227 971 285 999; x_wconf 89' lang='lat' dir='ltr'><strong>sive</strong></span> <span class='ocrx_word' id='word_1_141' title='bbox 298 972 490 1004; x_wconf 63' lang='lat' dir='ltr'><strong>aeternitatem,</strong></span> <span class='ocrx_word' id='word_1_142' title='bbox 507 972 565 999; x_wconf 83' lang='lat' dir='ltr'><strong>sive</strong></span> <span class='ocrx_word' id='word_1_143' title='bbox 582 972 704 1004; x_wconf 60' lang='lat' dir='ltr'><strong>malitiae,</strong></span> <span class='ocrx_word' id='word_1_144' title='bbox 715 966 811 1001; x_wconf 63' lang='lat' dir='ltr'><strong>mo&#39;rtis</strong></span> <span class='ocrx_word' id='word_1_145' title='bbox 825 978 853 1000; x_wconf 89' lang='lat' dir='ltr'><strong>et</strong></span> <span class='ocrx_word' id='word_1_146' title='bbox 863 974 1018 1008; x_wconf 88' lang='lat' dir='ltr'><strong>corruptio-</strong></span> 
     </span>
    </p>
   </div>
   <div class='ocr_carea' id='block_1_21' title="bbox 227 1017 1018 1054">
    <p class='ocr_par' dir='ltr' id='par_1_21' title="bbox 227 1017 1018 1054">
     <span class='ocr_line' id='line_1_21' title="bbox 227 1017 1018 1054; baseline 0.001 -10"><span class='ocrx_word' id='word_1_147' title='bbox 227 1018 270 1045; x_wconf 90' lang='lat' dir='ltr'><strong>nis</strong></span> <span class='ocrx_word' id='word_1_148' title='bbox 285 1019 460 1050; x_wconf 87' lang='lat' dir='ltr'><strong>vacuitatent,</strong></span> <span class='ocrx_word' id='word_1_149' title='bbox 477 1017 534 1044; x_wconf 84' lang='lat' dir='ltr'><strong>sive</strong></span> <span class='ocrx_word' id='word_1_150' title='bbox 551 1017 659 1051; x_wconf 85' lang='lat' dir='ltr'><strong>aliquod</strong></span> <span class='ocrx_word' id='word_1_151' title='bbox 677 1017 750 1045; x_wconf 84' lang='lat' dir='ltr'><strong>aliud</strong></span> <span class='ocrx_word' id='word_1_152' title='bbox 767 1018 900 1053; x_wconf 86' lang='lat' dir='ltr'><strong>ejusmodi</strong></span> <span class='ocrx_word' id='word_1_153' title='bbox 910 1019 1018 1054; x_wconf 78' lang='lat' dir='ltr'><strong>signum</strong></span> 
     </span>
    </p>
   </div>
   <div class='ocr_carea' id='block_1_22' title="bbox 228 1062 1019 1098">
    <p class='ocr_par' dir='ltr' id='par_1_22' title="bbox 228 1062 1019 1098">
     <span class='ocr_line' id='line_1_22' title="bbox 228 1062 1019 1098; baseline 0.003 -9"><span class='ocrx_word' id='word_1_154' title='bbox 228 1065 390 1095; x_wconf 84' lang='lat' dir='ltr'><strong>constituas,</strong></span> <span class='ocrx_word' id='word_1_155' title='bbox 406 1070 461 1098; x_wconf 92' lang='lat' dir='ltr'><strong>quo</strong></span> <span class='ocrx_word' id='word_1_156' title='bbox 476 1062 555 1090; x_wconf 74' lang='lat' dir='ltr'><strong>Patre</strong></span> <span class='ocrx_word' id='word_1_157' title='bbox 569 1063 626 1098; x_wconf 86' lang='lat' dir='ltr'><strong>ipse</strong></span> <span class='ocrx_word' id='word_1_158' title='bbox 652 1064 910 1098; x_wconf 85' lang='lat' dir='ltr'><strong>comprehendatur,</strong></span> <span class='ocrx_word' id='word_1_159' title='bbox 923 1065 1019 1092; x_wconf 87' lang='lat' dir='ltr'><strong>eodem</strong></span> 
     </span>
    </p>
   </div>
   <div class='ocr_carea' id='block_1_23' title="bbox 227 1109 1018 1144">
    <p class='ocr_par' dir='ltr' id='par_1_23' title="bbox 227 1109 1018 1144">
     <span class='ocr_line' id='line_1_23' title="bbox 227 1109 1018 1144; baseline 0.004 -9"><span class='ocrx_word' id='word_1_160' title='bbox 227 1109 306 1143; x_wconf 75' lang='lat' dir='ltr'><strong>signo</strong></span> <span class='ocrx_word' id='word_1_161' title='bbox 331 1113 360 1136; x_wconf 88' lang='lat' dir='ltr'><strong>et</strong></span> <span class='ocrx_word' id='word_1_162' title='bbox 383 1109 523 1142; x_wconf 80' lang='lat' dir='ltr'><strong>Verbum,</strong></span> <span class='ocrx_word' id='word_1_163' title='bbox 549 1111 621 1144; x_wconf 85' lang='lat' dir='ltr'><strong>quod</strong></span> <span class='ocrx_word' id='word_1_164' title='bbox 644 1117 676 1136; x_wconf 75' lang='lat' dir='ltr'><strong>ex</strong></span> <span class='ocrx_word' id='word_1_165' title='bbox 704 1110 750 1136; x_wconf 91' lang='lat' dir='ltr'><strong>illo</strong></span> <span class='ocrx_word' id='word_1_166' title='bbox 777 1111 913 1142; x_wconf 82' lang='lat' dir='ltr'><strong>subsistit,</strong></span> <span class='ocrx_word' id='word_1_167' title='bbox 940 1112 1018 1138; x_wconf 77' lang='lat' dir='ltr'><strong>inve-</strong></span> 
     </span>
    </p>
   </div>
   <div class='ocr_carea' id='block_1_24' title="bbox 226 1156 313 1182">
    <p class='ocr_par' dir='ltr' id='par_1_24' title="bbox 226 1156 313 1182">
     <span class='ocr_line' id='line_1_24' title="bbox 226 1156 313 1182; baseline 0.011 -1"><span class='ocrx_word' id='word_1_168' title='bbox 226 1156 313 1182; x_wconf 85' lang='lat' dir='ltr'><strong>neris.</strong></span> 
     </span>
    </p>
   </div>
   <div class='ocr_carea' id='block_1_25' title="bbox 474 1250 750 1286">
    <p class='ocr_par' dir='ltr' id='par_1_25' title="bbox 474 1250 750 1286">
     <span class='ocr_line' id='line_1_25' title="bbox 474 1250 750 1286; baseline 0 -7"><span class='ocrx_word' id='word_1_169' title='bbox 474 1251 512 1279; x_wconf 78' lang='lat' dir='ltr'><strong>De</strong></span> <span class='ocrx_word' id='word_1_170' title='bbox 530 1250 631 1286; x_wconf 81' lang='lat' dir='ltr'><strong>Spiritu</strong></span> <span class='ocrx_word' id='word_1_171' title='bbox 648 1257 750 1279; x_wconf 73' lang='lat' dir='ltr'><strong>sancto.</strong></span> 
     </span>
    </p>
   </div>
   <div class='ocr_carea' id='block_1_26' title="bbox 262 1307 1019 1343">
    <p class='ocr_par' dir='ltr' id='par_1_26' title="bbox 262 1307 1019 1343">
     <span class='ocr_line' id='line_1_26' title="bbox 262 1307 1019 1343; baseline 0.003 -9"><span class='ocrx_word' id='word_1_172' title='bbox 262 1308 302 1335; x_wconf 82' lang='lat' dir='ltr'><strong>Ac</strong></span> <span class='ocrx_word' id='word_1_173' title='bbox 324 1307 554 1342; x_wconf 86' lang='lat' dir='ltr'><strong>quemadmodum</strong></span> <span class='ocrx_word' id='word_1_174' title='bbox 579 1307 655 1335; x_wconf 88' lang='lat' dir='ltr'><strong>hisce</strong></span> <span class='ocrx_word' id='word_1_175' title='bbox 681 1308 812 1343; x_wconf 80' lang='lat' dir='ltr'><strong>gradibus</strong></span> <span class='ocrx_word' id='word_1_176' title='bbox 838 1308 1019 1337; x_wconf 85' lang='lat' dir='ltr'><strong>ascendentes</strong></span> 
     </span>
    </p>
   </div>
   <div class='ocr_carea' id='block_1_27' title="bbox 225 1353 1019 1389">
    <p class='ocr_par' dir='ltr' id='par_1_27' title="bbox 225 1353 1019 1389">
     <span class='ocr_line' id='line_1_27' title="bbox 225 1353 1019 1389; baseline 0.003 -9"><span class='ocrx_word' id='word_1_177' title='bbox 225 1360 260 1381; x_wconf 82' lang='lat' dir='ltr'><strong>ex</strong></span> <span class='ocrx_word' id='word_1_178' title='bbox 273 1358 366 1381; x_wconf 84' lang='lat' dir='ltr'><strong>nostra</strong></span> <span class='ocrx_word' id='word_1_179' title='bbox 382 1361 536 1388; x_wconf 73' lang='lat' dir='ltr'><strong>supremam</strong></span> <span class='ocrx_word' id='word_1_180' title='bbox 552 1353 624 1380; x_wconf 85' lang='lat' dir='ltr'><strong>illaut</strong></span> <span class='ocrx_word' id='word_1_181' title='bbox 641 1358 765 1380; x_wconf 87' lang='lat' dir='ltr'><strong>natttram</strong></span> <span class='ocrx_word' id='word_1_182' title='bbox 778 1355 962 1389; x_wconf 76' lang='lat' dir='ltr'><strong>cognovimus,</strong></span> <span class='ocrx_word' id='word_1_183' title='bbox 979 1354 1019 1382; x_wconf 89' lang='lat' dir='ltr'><strong>sic</strong></span> 
     </span>
    </p>
   </div>
   <div class='ocr_carea' id='block_1_28' title="bbox 228 1398 1017 1433">
    <p class='ocr_par' dir='ltr' id='par_1_28' title="bbox 228 1398 1017 1433">
     <span class='ocr_line' id='line_1_28' title="bbox 228 1398 1017 1433; baseline 0.001 -8"><span class='ocrx_word' id='word_1_184' title='bbox 228 1399 342 1430; x_wconf 86' lang='lat' dir='ltr'><strong>umbris,</strong></span> <span class='ocrx_word' id='word_1_185' title='bbox 359 1406 391 1425; x_wconf 86' lang='lat' dir='ltr'><strong>ac</strong></span> <span class='ocrx_word' id='word_1_186' title='bbox 408 1398 562 1425; x_wconf 84' lang='lat' dir='ltr'><strong>simulacris</strong></span> <span class='ocrx_word' id='word_1_187' title='bbox 582 1399 745 1433; x_wconf 84' lang='lat' dir='ltr'><strong>quibusdam</strong></span> <span class='ocrx_word' id='word_1_188' title='bbox 763 1400 905 1433; x_wconf 85' lang='lat' dir='ltr'><strong>potestatis</strong></span> <span class='ocrx_word' id='word_1_189' title='bbox 931 1399 1017 1431; x_wconf 87' lang='lat' dir='ltr'><strong>illius,</strong></span> 
     </span>
    </p>
   </div>
   <div class='ocr_carea' id='block_1_29' title="bbox 225 1444 1018 1480">
    <p class='ocr_par' dir='ltr' id='par_1_29' title="bbox 225 1444 1018 1480">
     <span class='ocr_line' id='line_1_29' title="bbox 225 1444 1018 1480; baseline 0.001 -8"><span class='ocrx_word' id='word_1_190' title='bbox 225 1452 286 1480; x_wconf 68' lang='lat' dir='ltr'><strong>qua:</strong></span> <span class='ocrx_word' id='word_1_191' title='bbox 301 1444 392 1472; x_wconf 87' lang='lat' dir='ltr'><strong>verbis</strong></span> <span class='ocrx_word' id='word_1_192' title='bbox 406 1444 536 1479; x_wconf 74' lang='lat' dir='ltr'><strong>explicari</strong></span> <span class='ocrx_word' id='word_1_193' title='bbox 562 1452 617 1471; x_wconf 84' lang='lat' dir='ltr'><strong>non</strong></span> <span class='ocrx_word' id='word_1_194' title='bbox 641 1448 742 1479; x_wconf 84' lang='lat' dir='ltr'><strong>potest,</strong></span> <span class='ocrx_word' id='word_1_195' title='bbox 759 1445 786 1471; x_wconf 91' lang='lat' dir='ltr'><strong>in</strong></span> <span class='ocrx_word' id='word_1_196' title='bbox 812 1449 907 1472; x_wconf 83' lang='lat' dir='ltr'><strong>natura</strong></span> <span class='ocrx_word' id='word_1_197' title='bbox 924 1449 1018 1473; x_wconf 85' lang='lat' dir='ltr'><strong>nostra</strong></span> 
     </span>
    </p>
   </div>
   <div class='ocr_carea' id='block_1_30' title="bbox 225 1490 1016 1526">
    <p class='ocr_par' dir='ltr' id='par_1_30' title="bbox 225 1490 1016 1526">
     <span class='ocr_line' id='line_1_30' title="bbox 225 1490 1016 1526; baseline -0.001 -7"><span class='ocrx_word' id='word_1_198' title='bbox 225 1491 381 1526; x_wconf 72' lang='lat' dir='ltr'><strong>conspectis</strong></span> <span class='ocrx_word' id='word_1_199' title='bbox 411 1491 445 1518; x_wconf 89' lang='lat' dir='ltr'><strong>ad</strong></span> <span class='ocrx_word' id='word_1_200' title='bbox 484 1490 602 1525; x_wconf 87' lang='lat' dir='ltr'><strong>Spiritus</strong></span> <span class='ocrx_word' id='word_1_201' title='bbox 627 1490 812 1525; x_wconf 74' lang='lat' dir='ltr'><strong>cognitionem</strong></span> <span class='ocrx_word' id='word_1_202' title='bbox 847 1491 1016 1518; x_wconf 87' lang='lat' dir='ltr'><strong>accedimus.</strong></span> 
     </span>
    </p>
   </div>
   <div class='ocr_carea' id='block_1_31' title="bbox 1072 241 1862 278">
    <p class='ocr_par' dir='ltr' id='par_1_31' title="bbox 1072 241 1862 278">
     <span class='ocr_line' id='line_1_31' title="bbox 1072 241 1862 278; baseline -0.001 -10"><span class='ocrx_word' id='word_1_203' title='bbox 1072 243 1159 275; x_wconf 69' lang='grc' dir='ltr'>ἐστὶν,</span> <span class='ocrx_word' id='word_1_204' title='bbox 1174 243 1225 270; x_wconf 76' lang='grc' dir='ltr'>οὐκ</span> <span class='ocrx_word' id='word_1_205' title='bbox 1237 243 1277 269; x_wconf 72' lang='grc' dir='ltr'><strong>ἐτ’</strong></span> <span class='ocrx_word' id='word_1_206' title='bbox 1289 243 1321 270; x_wconf 84' lang='grc' dir='ltr'>ἂν</span> <span class='ocrx_word' id='word_1_207' title='bbox 1334 243 1400 278; x_wconf 78' lang='grc' dir='ltr'>ἡμῖν</span> <span class='ocrx_word' id='word_1_208' title='bbox 1415 241 1578 277; x_wconf 80' lang='grc' dir='ltr'><strong>κινδυνεύσῃ</strong></span> <span class='ocrx_word' id='word_1_209' title='bbox 1589 241 1620 268; x_wconf 78' lang='grc' dir='ltr'><strong>τὸ</strong></span> <span class='ocrx_word' id='word_1_210' title='bbox 1633 241 1785 276; x_wconf 78' lang='grc' dir='ltr'>μυστήριον</span> <span class='ocrx_word' id='word_1_211' title='bbox 1800 243 1862 271; x_wconf 78' lang='grc' dir='ltr'>ταῖς</span> 
     </span>
    </p>
   </div>
   <div class='ocr_carea' id='block_1_32' title="bbox 1072 285 1862 324">
    <p class='ocr_par' dir='ltr' id='par_1_32' title="bbox 1072 285 1862 324">
     <span class='ocr_line' id='line_1_32' title="bbox 1072 285 1862 324; baseline -0.004 -10"><span class='ocrx_word' id='word_1_212' title='bbox 1072 288 1226 324; x_wconf 75' lang='grc' dir='ltr'>ἑλληνικαῖς</span> <span class='ocrx_word' id='word_1_213' title='bbox 1247 288 1401 323; x_wconf 78' lang='grc' dir='ltr'>μαχόμενον</span> <span class='ocrx_word' id='word_1_214' title='bbox 1418 287 1571 322; x_wconf 66' lang='grc' dir='ltr'>ὑπολήψεσι</span> <span class='ocrx_word' id='word_1_215' title='bbox 1587 287 1644 317; x_wconf 86' lang='grc' dir='ltr'>τοῖς</span> <span class='ocrx_word' id='word_1_216' title='bbox 1663 285 1698 312; x_wconf 86' lang='grc' dir='ltr'><strong>τὰ</strong></span> <span class='ocrx_word' id='word_1_217' title='bbox 1722 285 1862 312; x_wconf 75' lang='grc' dir='ltr'><strong>Ἰουδαίων</strong></span> 
     </span>
    </p>
   </div>
   <div class='ocr_carea' id='block_1_33' title="bbox 1073 331 1862 368">
    <p class='ocr_par' dir='ltr' id='par_1_33' title="bbox 1073 331 1862 368">
     <span class='ocr_line' id='line_1_33' title="bbox 1073 331 1862 368; baseline -0.001 -9"><span class='ocrx_word' id='word_1_218' title='bbox 1073 333 1255 368; x_wconf 73' lang='grc' dir='ltr'>πρεσϐεύουσι</span> <span class='ocrx_word' id='word_1_219' title='bbox 1271 333 1474 368; x_wconf 70' lang='grc' dir='ltr'>συνενεχθῆναι.</span> <span class='ocrx_word' id='word_1_220' title='bbox 1487 333 1592 368; x_wconf 81' lang='grc' dir='ltr'>Ὠσπερ</span> <span class='ocrx_word' id='word_1_221' title='bbox 1607 333 1663 367; x_wconf 83' lang='grc' dir='ltr'>γὰρ</span> <span class='ocrx_word' id='word_1_222' title='bbox 1675 332 1717 366; x_wconf 77' lang='grc' dir='ltr'><strong>ἐφ’</strong></span> <span class='ocrx_word' id='word_1_223' title='bbox 1731 331 1813 366; x_wconf 85' lang='grc' dir='ltr'>ἡμῶν</span> <span class='ocrx_word' id='word_1_224' title='bbox 1831 332 1862 358; x_wconf 78' lang='grc' dir='ltr'>ὲκ</span> 
     </span>
    </p>
   </div>
   <div class='ocr_carea' id='block_1_34' title="bbox 1071 377 1862 413">
    <p class='ocr_par' dir='ltr' id='par_1_34' title="bbox 1071 377 1862 413">
     <span class='ocr_line' id='line_1_34' title="bbox 1071 377 1862 413; baseline -0.004 -8"><span class='ocrx_word' id='word_1_225' title='bbox 1071 378 1119 406; x_wconf 72' lang='grc' dir='ltr'><strong>τοῦ</strong></span> <span class='ocrx_word' id='word_1_226' title='bbox 1139 378 1184 405; x_wconf 85' lang='grc' dir='ltr'><strong>νοῦ</strong></span> <span class='ocrx_word' id='word_1_227' title='bbox 1212 387 1302 413; x_wconf 80' lang='grc' dir='ltr'>φαμεν</span> <span class='ocrx_word' id='word_1_228' title='bbox 1325 377 1396 405; x_wconf 80' lang='grc' dir='ltr'>εἶναι</span> <span class='ocrx_word' id='word_1_229' title='bbox 1424 379 1470 405; x_wconf 73' lang='grc' dir='ltr'>τὸν</span> <span class='ocrx_word' id='word_1_230' title='bbox 1495 379 1587 412; x_wconf 83' lang='grc' dir='ltr'>λόγον,</span> <span class='ocrx_word' id='word_1_231' title='bbox 1609 378 1671 405; x_wconf 75' lang='grc' dir='ltr'>οὔτε</span> <span class='ocrx_word' id='word_1_232' title='bbox 1696 377 1786 403; x_wconf 82' lang='grc' dir='ltr'>διόλου</span> <span class='ocrx_word' id='word_1_233' title='bbox 1815 378 1862 403; x_wconf 72' lang='grc' dir='ltr'><strong>τὸν</strong></span> 
     </span>
    </p>
   </div>
   <div class='ocr_carea' id='block_1_35' title="bbox 1072 423 1861 459">
    <p class='ocr_par' dir='ltr' id='par_1_35' title="bbox 1072 423 1861 459">
     <span class='ocr_line' id='line_1_35' title="bbox 1072 423 1861 459; baseline -0.001 -8"><span class='ocrx_word' id='word_1_234' title='bbox 1072 425 1153 451; x_wconf 77' lang='grc' dir='ltr'>αὐτὸν</span> <span class='ocrx_word' id='word_1_235' title='bbox 1164 424 1229 450; x_wconf 80' lang='grc' dir='ltr'>ὄντα</span> <span class='ocrx_word' id='word_1_236' title='bbox 1244 424 1282 459; x_wconf 83' lang='grc' dir='ltr'>τῷ</span> <span class='ocrx_word' id='word_1_237' title='bbox 1296 425 1344 459; x_wconf 80' lang='grc' dir='ltr'>νῷ,</span> <span class='ocrx_word' id='word_1_238' title='bbox 1358 424 1418 451; x_wconf 76' lang='grc' dir='ltr'>οὔτε</span> <span class='ocrx_word' id='word_1_239' title='bbox 1436 425 1608 452; x_wconf 77' lang='grc' dir='ltr'>παντάπασιν</span> <span class='ocrx_word' id='word_1_240' title='bbox 1642 424 1750 459; x_wconf 75' lang='grc' dir='ltr'>ἕτερον·</span> <span class='ocrx_word' id='word_1_241' title='bbox 1765 423 1796 450; x_wconf 85' lang='grc' dir='ltr'><strong>τδ</strong></span> <span class='ocrx_word' id='word_1_242' title='bbox 1810 423 1861 458; x_wconf 80' lang='grc' dir='ltr'>μὲν</span> 
     </span>
    </p>
   </div>
   <div class='ocr_carea' id='block_1_36' title="bbox 1071 467 1862 505">
    <p class='ocr_par' dir='ltr' id='par_1_36' title="bbox 1071 467 1862 505">
     <span class='ocr_line' id='line_1_36' title="bbox 1071 467 1862 505; baseline 0 -9"><span class='ocrx_word' id='word_1_243' title='bbox 1071 469 1126 505; x_wconf 79' lang='grc' dir='ltr'>γὰρ</span> <span class='ocrx_word' id='word_1_244' title='bbox 1139 469 1168 503; x_wconf 76' lang='grc' dir='ltr'><strong>ἐξ</strong></span> <span class='ocrx_word' id='word_1_245' title='bbox 1181 469 1284 496; x_wconf 72' lang='grc' dir='ltr'>ἐκείνου</span> <span class='ocrx_word' id='word_1_246' title='bbox 1297 467 1368 496; x_wconf 82' lang='grc' dir='ltr'>εἶναι</span> <span class='ocrx_word' id='word_1_247' title='bbox 1383 469 1447 497; x_wconf 77' lang='grc' dir='ltr'><strong>ἄλλο</strong></span> <span class='ocrx_word' id='word_1_248' title='bbox 1460 479 1497 503; x_wconf 85' lang='grc' dir='ltr'><strong>τι,</strong></span> <span class='ocrx_word' id='word_1_249' title='bbox 1511 470 1556 496; x_wconf 78' lang='grc' dir='ltr'>καὶ</span> <span class='ocrx_word' id='word_1_250' title='bbox 1570 470 1620 497; x_wconf 74' lang='grc' dir='ltr'>οὐκ</span> <span class='ocrx_word' id='word_1_251' title='bbox 1637 469 1726 496; x_wconf 80' lang='grc' dir='ltr'>ἐκεῖνό</span> <span class='ocrx_word' id='word_1_252' title='bbox 1741 471 1813 496; x_wconf 77' lang='grc' dir='ltr'>ἐστι’</span> <span class='ocrx_word' id='word_1_253' title='bbox 1833 470 1862 496; x_wconf 79' lang='grc' dir='ltr'>τὸ</span> 
     </span>
    </p>
   </div>
   <div class='ocr_carea' id='block_1_37' title="bbox 1070 515 1860 551">
    <p class='ocr_par' dir='ltr' id='par_1_37' title="bbox 1070 515 1860 551">
     <span class='ocr_line' id='line_1_37' title="bbox 1070 515 1860 551; baseline -0.001 -9"><span class='ocrx_word' id='word_1_254' title='bbox 1070 516 1098 542; x_wconf 74' lang='grc' dir='ltr'>δὲ</span> <span class='ocrx_word' id='word_1_255' title='bbox 1113 516 1194 544; x_wconf 69' lang='grc' dir='ltr'>αὑτὸν</span> <span class='ocrx_word' id='word_1_256' title='bbox 1214 516 1258 543; x_wconf 78' lang='grc' dir='ltr'><strong>τὸν</strong></span> <span class='ocrx_word' id='word_1_257' title='bbox 1274 516 1336 543; x_wconf 82' lang='grc' dir='ltr'>νοῦν</span> <span class='ocrx_word' id='word_1_258' title='bbox 1352 516 1397 543; x_wconf 75' lang='grc' dir='ltr'>τὸν</span> <span class='ocrx_word' id='word_1_259' title='bbox 1410 517 1450 548; x_wconf 74' lang='grc' dir='ltr'><strong>εἰς</strong></span> <span class='ocrx_word' id='word_1_260' title='bbox 1464 515 1494 542; x_wconf 83' lang='grc' dir='ltr'><strong>τδ</strong></span> <span class='ocrx_word' id='word_1_261' title='bbox 1510 515 1630 551; x_wconf 64' lang='grc' dir='ltr'>ἐμφανὲς</span> <span class='ocrx_word' id='word_1_262' title='bbox 1646 516 1725 549; x_wconf 79' lang='grc' dir='ltr'>ἄγειν</span> <span class='ocrx_word' id='word_1_263' title='bbox 1752 516 1804 542; x_wconf 76' lang='grc' dir='ltr'><strong>οὐκ</strong></span> <span class='ocrx_word' id='word_1_264' title='bbox 1823 515 1860 542; x_wconf 71' lang='grc' dir='ltr'><strong>ἔτ’</strong></span> 
     </span>
    </p>
   </div>
   <div class='ocr_carea' id='block_1_38' title="bbox 1072 561 1860 598">
    <p class='ocr_par' dir='ltr' id='par_1_38' title="bbox 1072 561 1860 598">
     <span class='ocr_line' id='line_1_38' title="bbox 1072 561 1860 598; baseline 0 -10"><span class='ocrx_word' id='word_1_265' title='bbox 1072 562 1105 589; x_wconf 82' lang='grc' dir='ltr'>ἂν</span> <span class='ocrx_word' id='word_1_266' title='bbox 1130 562 1225 597; x_wconf 74' lang='grc' dir='ltr'>ἕτερόν</span> <span class='ocrx_word' id='word_1_267' title='bbox 1241 571 1266 588; x_wconf 86' lang='grc' dir='ltr'><strong>τι</strong></span> <span class='ocrx_word' id='word_1_268' title='bbox 1278 563 1343 598; x_wconf 87' lang='grc' dir='ltr'>παρ’</span> <span class='ocrx_word' id='word_1_269' title='bbox 1361 563 1464 588; x_wconf 74' lang='grc' dir='ltr'>ἐκεῖνον</span> <span class='ocrx_word' id='word_1_270' title='bbox 1476 562 1626 593; x_wconf 83' lang='grc' dir='ltr'>ὑπονοοίτο,</span> <span class='ocrx_word' id='word_1_271' title='bbox 1644 561 1712 588; x_wconf 76' lang='grc' dir='ltr'><strong>ἀλλὰ</strong></span> <span class='ocrx_word' id='word_1_272' title='bbox 1724 561 1797 588; x_wconf 76' lang='grc' dir='ltr'>κατὰ</span> <span class='ocrx_word' id='word_1_273' title='bbox 1810 563 1860 596; x_wconf 77' lang='grc' dir='ltr'>τὴν</span> 
     </span>
    </p>
   </div>
   <div class='ocr_carea' id='block_1_39' title="bbox 1072 607 1860 644">
    <p class='ocr_par' dir='ltr' id='par_1_39' title="bbox 1072 607 1860 644">
     <span class='ocr_line' id='line_1_39' title="bbox 1072 607 1860 644; baseline -0.001 -10"><span class='ocrx_word' id='word_1_274' title='bbox 1072 607 1155 644; x_wconf 73' lang='grc' dir='ltr'>φύσιν</span> <span class='ocrx_word' id='word_1_275' title='bbox 1166 608 1197 635; x_wconf 82' lang='grc' dir='ltr'>ἓν</span> <span class='ocrx_word' id='word_1_276' title='bbox 1210 607 1247 635; x_wconf 84' lang='grc' dir='ltr'>ὢν</span> <span class='ocrx_word' id='word_1_277' title='bbox 1265 608 1359 643; x_wconf 75' lang='grc' dir='ltr'>ἕτερον</span> <span class='ocrx_word' id='word_1_278' title='bbox 1372 609 1410 643; x_wconf 83' lang='grc' dir='ltr'>τῷ</span> <span class='ocrx_word' id='word_1_279' title='bbox 1428 608 1602 643; x_wconf 59' lang='grc' dir='ltr'>ῦπικειμένῳ</span> <span class='ocrx_word' id='word_1_280' title='bbox 1616 608 1689 634; x_wconf 75' lang='grc' dir='ltr'>ἐστίν</span> <span class='ocrx_word' id='word_1_281' title='bbox 1700 616 1706 623; x_wconf 94' lang='grc'><strong>·</strong></span> <span class='ocrx_word' id='word_1_282' title='bbox 1724 608 1800 634; x_wconf 77' lang='grc' dir='ltr'>οὕτω</span> <span class='ocrx_word' id='word_1_283' title='bbox 1815 612 1860 634; x_wconf 76' lang='grc' dir='ltr'>καὶ</span> 
     </span>
    </p>
   </div>
   <div class='ocr_carea' id='block_1_40' title="bbox 1072 654 1859 690">
    <p class='ocr_par' dir='ltr' id='par_1_40' title="bbox 1072 654 1859 690">
     <span class='ocr_line' id='line_1_40' title="bbox 1072 654 1859 690; baseline 0.001 -10"><span class='ocrx_word' id='word_1_284' title='bbox 1072 655 1087 680; x_wconf 89' lang='grc' dir='ltr'><strong>ό</strong></span> <span class='ocrx_word' id='word_1_285' title='bbox 1116 654 1163 680; x_wconf 83' lang='grc' dir='ltr'><strong>τοῦ</strong></span> <span class='ocrx_word' id='word_1_286' title='bbox 1182 654 1250 680; x_wconf 86' lang='grc' dir='ltr'>Θεοῦ</span> <span class='ocrx_word' id='word_1_287' title='bbox 1277 655 1363 689; x_wconf 83' lang='grc' dir='ltr'>Λόγος</span> <span class='ocrx_word' id='word_1_288' title='bbox 1384 654 1423 690; x_wconf 81' lang='grc' dir='ltr'>τῷ</span> <span class='ocrx_word' id='word_1_289' title='bbox 1441 655 1492 690; x_wconf 83' lang='grc' dir='ltr'>μὲν</span> <span class='ocrx_word' id='word_1_290' title='bbox 1506 655 1657 688; x_wconf 79' lang='grc' dir='ltr'>ὑφεστάναι</span> <span class='ocrx_word' id='word_1_291' title='bbox 1683 654 1745 682; x_wconf 82' lang='grc' dir='ltr'>καθ’</span> <span class='ocrx_word' id='word_1_292' title='bbox 1759 655 1859 682; x_wconf 80' lang='grc' dir='ltr'>ἑαυτὸν</span> 
     </span>
    </p>
   </div>
   <div class='ocr_carea' id='block_1_41' title="bbox 1071 698 1858 737">
    <p class='ocr_par' dir='ltr' id='par_1_41' title="bbox 1071 698 1858 737">
     <span class='ocr_line' id='line_1_41' title="bbox 1071 698 1858 737; baseline 0 -10"><span class='ocrx_word' id='word_1_293' title='bbox 1071 699 1198 736; x_wconf 76' lang='grc' dir='ltr'>διῄρηται</span> <span class='ocrx_word' id='word_1_294' title='bbox 1218 701 1286 737; x_wconf 78' lang='grc' dir='ltr'>πρὸς</span> <span class='ocrx_word' id='word_1_295' title='bbox 1304 702 1408 728; x_wconf 80' lang='grc' dir='ltr'>ἐκεῖνον</span> <span class='ocrx_word' id='word_1_296' title='bbox 1428 701 1493 736; x_wconf 84' lang='grc' dir='ltr'>παρ’</span> <span class='ocrx_word' id='word_1_297' title='bbox 1506 698 1537 728; x_wconf 79' lang='grc' dir='ltr'><strong>οὗ</strong></span> <span class='ocrx_word' id='word_1_298' title='bbox 1552 701 1601 737; x_wconf 84' lang='grc' dir='ltr'>τὴν</span> <span class='ocrx_word' id='word_1_299' title='bbox 1616 701 1766 728; x_wconf 77' lang='grc' dir='ltr'><strong>ὑπόστασιν</strong></span> <span class='ocrx_word' id='word_1_300' title='bbox 1780 701 1840 736; x_wconf 72' lang='grc' dir='ltr'>ἔχει</span> <span class='ocrx_word' id='word_1_301' title='bbox 1852 710 1858 716; x_wconf 93' lang='grc'><strong>·</strong></span> 
     </span>
    </p>
   </div>
   <div class='ocr_carea' id='block_1_42' title="bbox 1071 745 1858 781">
    <p class='ocr_par' dir='ltr' id='par_1_42' title="bbox 1071 745 1858 781">
     <span class='ocr_line' id='line_1_42' title="bbox 1071 745 1858 781; baseline 0.003 -11"><span class='ocrx_word' id='word_1_302' title='bbox 1071 745 1109 780; x_wconf 81' lang='grc' dir='ltr'>τῷ</span> <span class='ocrx_word' id='word_1_303' title='bbox 1123 745 1151 771; x_wconf 75' lang='grc' dir='ltr'>δὲ</span> <span class='ocrx_word' id='word_1_304' title='bbox 1172 745 1259 772; x_wconf 83' lang='grc' dir='ltr'>ταῦτα</span> <span class='ocrx_word' id='word_1_305' title='bbox 1286 745 1420 772; x_wconf 78' lang='grc' dir='ltr'>δεικνύειν</span> <span class='ocrx_word' id='word_1_306' title='bbox 1438 747 1467 773; x_wconf 77' lang='grc' dir='ltr'>ἐν</span> <span class='ocrx_word' id='word_1_307' title='bbox 1479 746 1569 781; x_wconf 74' lang='grc' dir='ltr'>ἑαυτῷ</span> <span class='ocrx_word' id='word_1_308' title='bbox 1593 746 1612 774; x_wconf 71' lang='grc' dir='ltr'><strong>ἃ,</strong></span> <span class='ocrx_word' id='word_1_309' title='bbox 1625 747 1690 781; x_wconf 75' lang='grc' dir='ltr'>περὶ</span> <span class='ocrx_word' id='word_1_310' title='bbox 1718 747 1764 773; x_wconf 69' lang='grc' dir='ltr'>τὸν</span> <span class='ocrx_word' id='word_1_311' title='bbox 1791 746 1858 772; x_wconf 72' lang='grc' dir='ltr'>Θεὸν</span> 
     </span>
    </p>
   </div>
   <div class='ocr_carea' id='block_1_43' title="bbox 1071 790 1857 827">
    <p class='ocr_par' dir='ltr' id='par_1_43' title="bbox 1071 790 1857 827">
     <span class='ocr_line' id='line_1_43' title="bbox 1071 790 1857 827; baseline 0 -10"><span class='ocrx_word' id='word_1_312' title='bbox 1071 790 1235 825; x_wconf 72' lang='grc' dir='ltr'>καθορᾶται,</span> <span class='ocrx_word' id='word_1_313' title='bbox 1257 791 1271 817; x_wconf 79' lang='grc' dir='ltr'>ὁ</span> <span class='ocrx_word' id='word_1_314' title='bbox 1283 791 1365 822; x_wconf 81' lang='grc' dir='ltr'>αὑτός</span> <span class='ocrx_word' id='word_1_315' title='bbox 1381 792 1439 817; x_wconf 73' lang='grc' dir='ltr'>ἐστι</span> <span class='ocrx_word' id='word_1_316' title='bbox 1454 791 1526 818; x_wconf 75' lang='grc' dir='ltr'>κατὰ</span> <span class='ocrx_word' id='word_1_317' title='bbox 1539 792 1588 827; x_wconf 81' lang='grc' dir='ltr'>τὴν</span> <span class='ocrx_word' id='word_1_318' title='bbox 1603 791 1685 826; x_wconf 79' lang='grc' dir='ltr'>φύσιν</span> <span class='ocrx_word' id='word_1_319' title='bbox 1701 791 1800 827; x_wconf 74' lang='grc' dir='ltr'>ἐκείνῳ</span> <span class='ocrx_word' id='word_1_320' title='bbox 1821 792 1857 825; x_wconf 77' lang='grc' dir='ltr'>τῷ</span> 
     </span>
    </p>
   </div>
   <div class='ocr_carea' id='block_1_44' title="bbox 1071 835 1857 873">
    <p class='ocr_par' dir='ltr' id='par_1_44' title="bbox 1071 835 1857 873">
     <span class='ocr_line' id='line_1_44' title="bbox 1071 835 1857 873; baseline 0.003 -11"><span class='ocrx_word' id='word_1_321' title='bbox 1071 835 1203 863; x_wconf 81' lang='grc' dir='ltr'>δι”αὑτών</span> <span class='ocrx_word' id='word_1_322' title='bbox 1217 837 1272 863; x_wconf 84' lang='grc' dir='ltr'>τῶν</span> <span class='ocrx_word' id='word_1_323' title='bbox 1289 837 1488 872; x_wconf 84' lang='grc' dir='ltr'>γνωρισμάτων</span> <span class='ocrx_word' id='word_1_324' title='bbox 1500 837 1697 873; x_wconf 81' lang='grc' dir='ltr'>εὑρισκομὲνῳ.</span> <span class='ocrx_word' id='word_1_325' title='bbox 1713 837 1779 864; x_wconf 76' lang='grc' dir='ltr'>Εἴτε</span> <span class='ocrx_word' id='word_1_326' title='bbox 1805 837 1857 872; x_wconf 83' lang='grc' dir='ltr'>γὰρ</span> 
     </span>
    </p>
   </div>
   <div class='ocr_carea' id='block_1_45' title="bbox 1073 882 1857 917">
    <p class='ocr_par' dir='ltr' id='par_1_45' title="bbox 1073 882 1857 917">
     <span class='ocr_line' id='line_1_45' title="bbox 1073 882 1857 917; baseline -0.001 -8"><span class='ocrx_word' id='word_1_327' title='bbox 1073 883 1240 916; x_wconf 78' lang='grc' dir='ltr'>ἀγαυότητα,</span> <span class='ocrx_word' id='word_1_328' title='bbox 1253 883 1310 908; x_wconf 72' lang='grc' dir='ltr'>εἴτε</span> <span class='ocrx_word' id='word_1_329' title='bbox 1323 883 1449 917; x_wconf 68' lang='grc' dir='ltr'>δύναμιν,</span> <span class='ocrx_word' id='word_1_330' title='bbox 1464 883 1519 909; x_wconf 74' lang='grc' dir='ltr'>εἴτε</span> <span class='ocrx_word' id='word_1_331' title='bbox 1536 883 1643 917; x_wconf 76' lang='grc' dir='ltr'>σοφίαν,</span> <span class='ocrx_word' id='word_1_332' title='bbox 1656 883 1712 909; x_wconf 69' lang='grc' dir='ltr'>εἴτε</span> <span class='ocrx_word' id='word_1_333' title='bbox 1723 882 1754 909; x_wconf 74' lang='grc' dir='ltr'><strong>τὸ</strong></span> <span class='ocrx_word' id='word_1_334' title='bbox 1765 883 1857 913; x_wconf 79' lang='grc' dir='ltr'>ἀῖδῐως</span> 
     </span>
    </p>
   </div>
   <div class='ocr_carea' id='block_1_46' title="bbox 1071 925 1857 963">
    <p class='ocr_par' dir='ltr' id='par_1_46' title="bbox 1071 925 1857 963">
     <span class='ocr_line' id='line_1_46' title="bbox 1071 925 1857 963; baseline 0 -9"><span class='ocrx_word' id='word_1_335' title='bbox 1071 925 1154 960; x_wconf 70' lang='grc' dir='ltr'>εἶναι,</span> <span class='ocrx_word' id='word_1_336' title='bbox 1181 927 1236 953; x_wconf 76' lang='grc' dir='ltr'>εἴτε</span> <span class='ocrx_word' id='word_1_337' title='bbox 1264 927 1294 954; x_wconf 80' lang='grc' dir='ltr'>τὸ</span> <span class='ocrx_word' id='word_1_338' title='bbox 1321 927 1433 959; x_wconf 74' lang='grc' dir='ltr'>κακίας,</span> <span class='ocrx_word' id='word_1_339' title='bbox 1456 928 1504 954; x_wconf 76' lang='grc' dir='ltr'>καὶ</span> <span class='ocrx_word' id='word_1_340' title='bbox 1529 927 1657 960; x_wconf 84' lang='grc' dir='ltr'>θανάτου,</span> <span class='ocrx_word' id='word_1_341' title='bbox 1676 928 1724 954; x_wconf 78' lang='grc' dir='ltr'>καὶ</span> <span class='ocrx_word' id='word_1_342' title='bbox 1753 927 1857 963; x_wconf 77' lang='grc' dir='ltr'>φθορᾶς</span> 
     </span>
    </p>
   </div>
   <div class='ocr_carea' id='block_1_47' title="bbox 1071 973 1856 1006">
    <p class='ocr_par' dir='ltr' id='par_1_47' title="bbox 1071 973 1856 1006">
     <span class='ocr_line' id='line_1_47' title="bbox 1071 973 1856 1006; baseline -0.001 -7"><span class='ocrx_word' id='word_1_343' title='bbox 1071 973 1258 1006; x_wconf 79' lang='grc' dir='ltr'>ἀνεπίδεκτον,</span> <span class='ocrx_word' id='word_1_344' title='bbox 1289 974 1344 1000; x_wconf 84' lang='grc' dir='ltr'>εἴτε</span> <span class='ocrx_word' id='word_1_345' title='bbox 1367 974 1414 1000; x_wconf 80' lang='grc' dir='ltr'><strong>τὸν</strong></span> <span class='ocrx_word' id='word_1_346' title='bbox 1443 975 1472 1000; x_wconf 74' lang='grc' dir='ltr'>ἐν</span> <span class='ocrx_word' id='word_1_347' title='bbox 1494 973 1576 1000; x_wconf 82' lang='grc' dir='ltr'>παντὶ</span> <span class='ocrx_word' id='word_1_348' title='bbox 1605 974 1721 1006; x_wconf 78' lang='grc' dir='ltr'>τέλειον,</span> <span class='ocrx_word' id='word_1_349' title='bbox 1750 975 1806 1000; x_wconf 83' lang='grc' dir='ltr'>εἴτε</span> <span class='ocrx_word' id='word_1_350' title='bbox 1832 982 1856 999; x_wconf 77' lang='grc' dir='ltr'><strong>τι</strong></span> 
     </span>
    </p>
   </div>
   <div class='ocr_carea' id='block_1_48' title="bbox 1069 1020 1853 1055">
    <p class='ocr_par' dir='ltr' id='par_1_48' title="bbox 1069 1020 1853 1055">
     <span class='ocr_line' id='line_1_48' title="bbox 1069 1020 1853 1055; baseline 0 -9"><span class='ocrx_word' id='word_1_351' title='bbox 1069 1020 1191 1047; x_wconf 83' lang='grc' dir='ltr'>τοιοῦτον</span> <span class='ocrx_word' id='word_1_352' title='bbox 1207 1020 1275 1051; x_wconf 79' lang='grc' dir='ltr'>ὅλως</span> <span class='ocrx_word' id='word_1_353' title='bbox 1300 1020 1415 1055; x_wconf 77' lang='grc' dir='ltr'>σημεῖόν</span> <span class='ocrx_word' id='word_1_354' title='bbox 1430 1029 1471 1051; x_wconf 88' lang='grc' dir='ltr'>τις</span> <span class='ocrx_word' id='word_1_355' title='bbox 1489 1021 1592 1046; x_wconf 84' lang='grc' dir='ltr'>ποιεῖτο</span> <span class='ocrx_word' id='word_1_356' title='bbox 1614 1021 1663 1055; x_wconf 83' lang='grc' dir='ltr'><strong>τῆς</strong></span> <span class='ocrx_word' id='word_1_357' title='bbox 1677 1021 1726 1046; x_wconf 86' lang='grc' dir='ltr'><strong>τοῦ</strong></span> <span class='ocrx_word' id='word_1_358' title='bbox 1747 1020 1853 1055; x_wconf 72' lang='grc' dir='ltr'>Πατρὶς</span> 
     </span>
    </p>
   </div>
   <div class='ocr_carea' id='block_1_49' title="bbox 1072 1065 1856 1101">
    <p class='ocr_par' dir='ltr' id='par_1_49' title="bbox 1072 1065 1856 1101">
     <span class='ocr_line' id='line_1_49' title="bbox 1072 1065 1856 1101; baseline 0 -9"><span class='ocrx_word' id='word_1_359' title='bbox 1072 1065 1266 1101; x_wconf 76' lang='grc' dir='ltr'>καταλήψεως,</span> <span class='ocrx_word' id='word_1_360' title='bbox 1286 1065 1330 1092; x_wconf 79' lang='grc' dir='ltr'><strong>διὰ</strong></span> <span class='ocrx_word' id='word_1_361' title='bbox 1353 1065 1407 1091; x_wconf 84' lang='grc' dir='ltr'>τῶν</span> <span class='ocrx_word' id='word_1_362' title='bbox 1419 1066 1508 1092; x_wconf 82' lang='grc' dir='ltr'>αὐτῶν</span> <span class='ocrx_word' id='word_1_363' title='bbox 1525 1065 1636 1101; x_wconf 71' lang='grc' dir='ltr'>εὑρήσει</span> <span class='ocrx_word' id='word_1_364' title='bbox 1663 1065 1788 1100; x_wconf 72' lang='grc' dir='ltr'>σημείων</span> <span class='ocrx_word' id='word_1_365' title='bbox 1812 1067 1856 1092; x_wconf 79' lang='grc' dir='ltr'>καὶ</span> 
     </span>
    </p>
   </div>
   <div class='ocr_carea' id='block_1_50' title="bbox 1069 1112 1569 1148">
    <p class='ocr_par' dir='ltr' id='par_1_50' title="bbox 1069 1112 1569 1148">
     <span class='ocr_line' id='line_1_50' title="bbox 1069 1112 1569 1148; baseline -0.002 -9"><span class='ocrx_word' id='word_1_366' title='bbox 1069 1114 1116 1139; x_wconf 68' lang='grc' dir='ltr'>τιν</span> <span class='ocrx_word' id='word_1_367' title='bbox 1136 1113 1165 1145; x_wconf 78' lang='grc' dir='ltr'>ἐξ</span> <span class='ocrx_word' id='word_1_368' title='bbox 1185 1112 1292 1138; x_wconf 80' lang='grc' dir='ltr'>ἐκείνου</span> <span class='ocrx_word' id='word_1_369' title='bbox 1312 1112 1454 1148; x_wconf 79' lang='grc' dir='ltr'>ὑφεστῶτα</span> <span class='ocrx_word' id='word_1_370' title='bbox 1469 1112 1569 1146; x_wconf 84' lang='grc' dir='ltr'>Λόγον.</span> 
     </span>
    </p>
   </div>
   <div class='ocr_carea' id='block_1_51' title="bbox 1230 1236 1698 1271">
    <p class='ocr_par' dir='ltr' id='par_1_51' title="bbox 1230 1236 1698 1271">
     <span class='ocr_line' id='line_1_51' title="bbox 1230 1236 1698 1271; baseline -0.002 -7"><span class='ocrx_word' id='word_1_371' title='bbox 1230 1236 1302 1271; x_wconf 77' lang='grc' dir='ltr'>Περὶ</span> <span class='ocrx_word' id='word_1_372' title='bbox 1333 1237 1386 1264; x_wconf 76' lang='grc' dir='ltr'><strong>τοῦ</strong></span> <span class='ocrx_word' id='word_1_373' title='bbox 1407 1236 1494 1271; x_wconf 77' lang='grc' dir='ltr'>ἁγίου</span> <span class='ocrx_word' id='word_1_374' title='bbox 1515 1238 1698 1271; x_wconf 79' lang='grc' dir='ltr'>Πνεύματος.</span> 
     </span>
    </p>
   </div>
   <div class='ocr_carea' id='block_1_52' title="bbox 1108 1293 1854 1331">
    <p class='ocr_par' dir='ltr' id='par_1_52' title="bbox 1108 1293 1854 1331">
     <span class='ocr_line' id='line_1_52' title="bbox 1108 1293 1854 1331; baseline -0.004 -9"><span class='ocrx_word' id='word_1_375' title='bbox 1108 1296 1218 1331; x_wconf 85' lang='grc' dir='ltr'>Ὠσπερ</span> <span class='ocrx_word' id='word_1_376' title='bbox 1241 1295 1270 1321; x_wconf 75' lang='grc' dir='ltr'><strong>δὲ</strong></span> <span class='ocrx_word' id='word_1_377' title='bbox 1285 1295 1331 1321; x_wconf 67' lang='grc' dir='ltr'>τὸν</span> <span class='ocrx_word' id='word_1_378' title='bbox 1354 1295 1441 1330; x_wconf 80' lang='grc' dir='ltr'>Λόγον</span> <span class='ocrx_word' id='word_1_379' title='bbox 1456 1295 1487 1321; x_wconf 80' lang='grc' dir='ltr'>ἐκ</span> <span class='ocrx_word' id='word_1_380' title='bbox 1510 1294 1564 1320; x_wconf 86' lang='grc' dir='ltr'><strong>τῶν</strong></span> <span class='ocrx_word' id='word_1_381' title='bbox 1582 1294 1644 1320; x_wconf 85' lang='grc' dir='ltr'>καθ’</span> <span class='ocrx_word' id='word_1_382' title='bbox 1657 1294 1730 1329; x_wconf 77' lang='grc' dir='ltr'><strong>ἡμᾶς</strong></span> <span class='ocrx_word' id='word_1_383' title='bbox 1748 1293 1854 1328; x_wconf 85' lang='grc' dir='ltr'>ἀναγω-</span> 
     </span>
    </p>
   </div>
   <div class='ocr_carea' id='block_1_53' title="bbox 1070 1338 1856 1376">
    <p class='ocr_par' dir='ltr' id='par_1_53' title="bbox 1070 1338 1856 1376">
     <span class='ocr_line' id='line_1_53' title="bbox 1070 1338 1856 1376; baseline -0.004 -8"><span class='ocrx_word' id='word_1_384' title='bbox 1070 1341 1158 1376; x_wconf 82' lang='grc' dir='ltr'>γικῶς</span> <span class='ocrx_word' id='word_1_385' title='bbox 1170 1342 1217 1368; x_wconf 73' lang='grc' dir='ltr'><strong>ἐπὶ</strong></span> <span class='ocrx_word' id='word_1_386' title='bbox 1233 1341 1282 1375; x_wconf 77' lang='grc' dir='ltr'>τῆς</span> <span class='ocrx_word' id='word_1_387' title='bbox 1296 1341 1499 1375; x_wconf 79' lang='grc' dir='ltr'><strong>ὑπερκειμένης</strong></span> <span class='ocrx_word' id='word_1_388' title='bbox 1513 1339 1637 1374; x_wconf 78' lang='grc' dir='ltr'>ἔγνωμεν</span> <span class='ocrx_word' id='word_1_389' title='bbox 1653 1338 1772 1372; x_wconf 69' lang='grc' dir='ltr'>φύσεως,</span> <span class='ocrx_word' id='word_1_390' title='bbox 1787 1340 1856 1365; x_wconf 82' lang='grc' dir='ltr'>κατά</span> 
     </span>
    </p>
   </div>
   <div class='ocr_carea' id='block_1_54' title="bbox 1067 1385 1855 1422">
    <p class='ocr_par' dir='ltr' id='par_1_54' title="bbox 1067 1385 1855 1422">
     <span class='ocr_line' id='line_1_54' title="bbox 1067 1385 1855 1422; baseline -0.005 -8"><span class='ocrx_word' id='word_1_391' title='bbox 1067 1389 1114 1414; x_wconf 63' lang='grc' dir='ltr'><strong>τὸν</strong></span> <span class='ocrx_word' id='word_1_392' title='bbox 1129 1387 1211 1413; x_wconf 65' lang='grc' dir='ltr'>αὐτὴν</span> <span class='ocrx_word' id='word_1_393' title='bbox 1224 1387 1325 1422; x_wconf 81' lang='grc' dir='ltr'>τρόπον</span> <span class='ocrx_word' id='word_1_394' title='bbox 1339 1386 1385 1412; x_wconf 76' lang='grc' dir='ltr'>καὶ</span> <span class='ocrx_word' id='word_1_395' title='bbox 1401 1387 1435 1421; x_wconf 78' lang='grc' dir='ltr'><strong>τῇ</strong></span> <span class='ocrx_word' id='word_1_396' title='bbox 1451 1386 1517 1420; x_wconf 81' lang='grc' dir='ltr'>περὶ</span> <span class='ocrx_word' id='word_1_397' title='bbox 1531 1386 1577 1412; x_wconf 85' lang='grc' dir='ltr'><strong>τοῦ</strong></span> <span class='ocrx_word' id='word_1_398' title='bbox 1592 1385 1752 1419; x_wconf 77' lang='grc' dir='ltr'>Πνεῦματος</span> <span class='ocrx_word' id='word_1_399' title='bbox 1765 1386 1855 1420; x_wconf 62' lang='grc' dir='ltr'>ἐννοίᾳ</span> 
     </span>
    </p>
   </div>
   <div class='ocr_carea' id='block_1_55' title="bbox 1070 1431 1854 1467">
    <p class='ocr_par' dir='ltr' id='par_1_55' title="bbox 1070 1431 1854 1467">
     <span class='ocr_line' id='line_1_55' title="bbox 1070 1431 1854 1467; baseline -0.003 -8"><span class='ocrx_word' id='word_1_400' title='bbox 1070 1432 1299 1467; x_wconf 80' lang='grc' dir='ltr'>ὺπαχθησόμεθα,</span> <span class='ocrx_word' id='word_1_401' title='bbox 1325 1432 1405 1463; x_wconf 76' lang='grc' dir='ltr'>σκιάς</span> <span class='ocrx_word' id='word_1_402' title='bbox 1431 1440 1518 1465; x_wconf 82' lang='grc' dir='ltr'>τινας,</span> <span class='ocrx_word' id='word_1_403' title='bbox 1555 1431 1604 1458; x_wconf 80' lang='grc' dir='ltr'>καὶ</span> <span class='ocrx_word' id='word_1_404' title='bbox 1628 1432 1777 1466; x_wconf 77' lang='grc' dir='ltr'>μιμήματα</span> <span class='ocrx_word' id='word_1_405' title='bbox 1807 1432 1854 1466; x_wconf 70' lang='grc' dir='ltr'><strong>τῆς</strong></span> 
     </span>
    </p>
   </div>
   <div class='ocr_carea' id='block_1_56' title="bbox 1069 1477 1854 1516">
    <p class='ocr_par' dir='ltr' id='par_1_56' title="bbox 1069 1477 1854 1516">
     <span class='ocr_line' id='line_1_56' title="bbox 1069 1477 1854 1516; baseline -0.003 -11"><span class='ocrx_word' id='word_1_406' title='bbox 1069 1479 1209 1516; x_wconf 75' lang='grc' dir='ltr'>ἀφράστου</span> <span class='ocrx_word' id='word_1_407' title='bbox 1233 1478 1374 1513; x_wconf 78' lang='grc' dir='ltr'>δυνάμεως</span> <span class='ocrx_word' id='word_1_408' title='bbox 1397 1479 1426 1505; x_wconf 79' lang='grc' dir='ltr'>ὲν</span> <span class='ocrx_word' id='word_1_409' title='bbox 1449 1479 1483 1513; x_wconf 77' lang='grc' dir='ltr'>τῇ</span> <span class='ocrx_word' id='word_1_410' title='bbox 1502 1477 1564 1505; x_wconf 80' lang='grc' dir='ltr'>καθ’</span> <span class='ocrx_word' id='word_1_411' title='bbox 1587 1478 1660 1512; x_wconf 80' lang='grc' dir='ltr'><strong>ἡμᾶς</strong></span> <span class='ocrx_word' id='word_1_412' title='bbox 1687 1477 1854 1512; x_wconf 76' lang='grc' dir='ltr'>Θεωροῦντες</span> 
     </span>
    </p>
   </div>
   <div class='ocr_carea' id='block_1_57' title="bbox 224 1523 1010 1570">
    <p class='ocr_par' dir='ltr' id='par_1_57' title="bbox 224 1523 1010 1570">
     <span class='ocr_line' id='line_1_57' title="bbox 224 1523 1010 1570; baseline -0.001 -8"><span class='ocrx_word' id='word_1_413' title='bbox 224 1523 386 1570; x_wconf 78' lang='lat' dir='ltr'><strong>Quanquam</strong></span> <span class='ocrx_word' id='word_1_414' title='bbox 415 1523 528 1569; x_wconf 77' lang='lat' dir='ltr'><strong>spiritus</strong></span> <span class='ocrx_word' id='word_1_415' title='bbox 556 1534 604 1569; x_wconf 87' lang='lat' dir='ltr'><strong>qui</strong></span> <span class='ocrx_word' id='word_1_416' title='bbox 635 1523 673 1561; x_wconf 35' lang='lat' dir='ltr'><strong>inv</strong></span> <span class='ocrx_word' id='word_1_417' title='bbox 687 1534 766 1561; x_wconf 85' lang='lat' dir='ltr'><strong>nobis</strong></span> <span class='ocrx_word' id='word_1_418' title='bbox 779 1539 838 1568; x_wconf 89' lang='lat' dir='ltr'><strong>est,</strong></span> <span class='ocrx_word' id='word_1_419' title='bbox 863 1542 897 1562; x_wconf 82' lang='lat' dir='ltr'><strong>ex</strong></span> <span class='ocrx_word' id='word_1_420' title='bbox 926 1535 1010 1562; x_wconf 86' lang='lat' dir='ltr'><strong>alicnc</strong></span> 
     </span>
    </p>
   </div>
   <div class='ocr_carea' id='block_1_58' title="bbox 1065 1523 1852 1570">
    <p class='ocr_par' dir='ltr' id='par_1_58' title="bbox 1069 1523 1852 1560">
     <span class='ocr_line' id='line_1_58' title="bbox 1069 1523 1852 1560; baseline 0 -10"><span class='ocrx_word' id='word_1_421' title='bbox 1069 1524 1158 1559; x_wconf 80' lang='grc' dir='ltr'>φύσει.</span> <span class='ocrx_word' id='word_1_422' title='bbox 1180 1523 1250 1551; x_wconf 83' lang='grc' dir='ltr'><strong>Ἀλλ’</strong></span> <span class='ocrx_word' id='word_1_423' title='bbox 1267 1524 1310 1558; x_wconf 76' lang='grc' dir='ltr'><strong>ἐφ’</strong></span> <span class='ocrx_word' id='word_1_424' title='bbox 1330 1524 1409 1559; x_wconf 74' lang='grc' dir='ltr'>ήμῶν</span> <span class='ocrx_word' id='word_1_425' title='bbox 1429 1524 1477 1559; x_wconf 75' lang='grc' dir='ltr'>μὲν</span> <span class='ocrx_word' id='word_1_426' title='bbox 1491 1525 1521 1550; x_wconf 88' lang='grc' dir='ltr'><strong>τδ</strong></span> <span class='ocrx_word' id='word_1_427' title='bbox 1543 1523 1652 1559; x_wconf 80' lang='grc' dir='ltr'>πνεῦμα</span> <span class='ocrx_word' id='word_1_428' title='bbox 1671 1523 1687 1560; x_wconf 72' lang='grc' dir='ltr'><em>ἡ</em></span> <span class='ocrx_word' id='word_1_429' title='bbox 1710 1523 1757 1550; x_wconf 83' lang='grc' dir='ltr'><strong>τοῦ</strong></span> <span class='ocrx_word' id='word_1_430' title='bbox 1773 1524 1852 1558; x_wconf 78' lang='grc' dir='ltr'>ἀέρος</span> 
     </span>
    </p>
   </div>
   <div class='ocr_carea' id='block_1_59' title="bbox 224 1580 1017 1615">
    <p class='ocr_par' dir='ltr' id='par_1_59' title="bbox 224 1580 1017 1615">
     <span class='ocr_line' id='line_1_59' title="bbox 224 1580 1017 1615; baseline -0.003 -6"><span class='ocrx_word' id='word_1_431' title='bbox 224 1583 374 1612; x_wconf 86' lang='lat' dir='ltr'><strong>reducitur.</strong></span> <span class='ocrx_word' id='word_1_432' title='bbox 394 1587 493 1615; x_wconf 87' lang='lat' dir='ltr'><strong>nempe</strong></span> <span class='ocrx_word' id='word_1_433' title='bbox 512 1588 544 1607; x_wconf 78' lang='lat' dir='ltr'><strong>ex</strong></span> <span class='ocrx_word' id='word_1_434' title='bbox 561 1587 637 1609; x_wconf 83' lang='lat' dir='ltr'><strong>aere.</strong></span> <span class='ocrx_word' id='word_1_435' title='bbox 649 1580 696 1614; x_wconf 90' lang='lat' dir='ltr'><strong>qui</strong></span> <span class='ocrx_word' id='word_1_436' title='bbox 716 1580 749 1607; x_wconf 90' lang='lat' dir='ltr'><strong>ad</strong></span> <span class='ocrx_word' id='word_1_437' title='bbox 767 1581 892 1615; x_wconf 89' lang='lat' dir='ltr'><strong>corporis</strong></span> <span class='ocrx_word' id='word_1_438' title='bbox 912 1582 1017 1608; x_wconf 89' lang='lat' dir='ltr'><strong>consti-</strong></span> 
     </span>
    </p>
   </div>
   <div class='ocr_carea' id='block_1_60' title="bbox 225 1625 1015 1659">
    <p class='ocr_par' dir='ltr' id='par_1_60' title="bbox 225 1625 1015 1659">
     <span class='ocr_line' id='line_1_60' title="bbox 225 1625 1015 1659; baseline 0 -5"><span class='ocrx_word' id='word_1_439' title='bbox 225 1627 359 1655; x_wconf 76' lang='lat' dir='ltr'><strong>tutionem</strong></span> <span class='ocrx_word' id='word_1_440' title='bbox 380 1625 536 1653; x_wconf 85' lang='lat' dir='ltr'><strong>necessario</strong></span> <span class='ocrx_word' id='word_1_441' title='bbox 550 1625 676 1652; x_wconf 87' lang='lat' dir='ltr'><strong>hauritur</strong></span> <span class='ocrx_word' id='word_1_442' title='bbox 690 1629 718 1653; x_wconf 87' lang='lat' dir='ltr'><strong>et</strong></span> <span class='ocrx_word' id='word_1_443' title='bbox 733 1625 893 1659; x_wconf 63' lang='lat' dir='ltr'><strong>effunditur,</strong></span> <span class='ocrx_word' id='word_1_444' title='bbox 911 1631 938 1654; x_wconf 89' lang='lat' dir='ltr'><strong>et</strong></span> <span class='ocrx_word' id='word_1_445' title='bbox 953 1634 1015 1654; x_wconf 87' lang='lat' dir='ltr'><strong>cum</strong></span> 
     </span>
    </p>
   </div>
   <div class='ocr_carea' id='block_1_61' title="bbox 224 1670 1016 1707">
    <p class='ocr_par' dir='ltr' id='par_1_61' title="bbox 224 1670 1016 1707">
     <span class='ocr_line' id='line_1_61' title="bbox 224 1670 1016 1707; baseline 0.001 -8"><span class='ocrx_word' id='word_1_446' title='bbox 224 1672 336 1699; x_wconf 79' lang='lat' dir='ltr'><strong>verbum</strong></span> <span class='ocrx_word' id='word_1_447' title='bbox 351 1670 558 1706; x_wconf 87' lang='lat' dir='ltr'><strong>pronuntiatur,</strong></span> <span class='ocrx_word' id='word_1_448' title='bbox 573 1671 602 1698; x_wconf 86' lang='lat' dir='ltr'><strong>tit</strong></span> <span class='ocrx_word' id='word_1_449' title='bbox 617 1679 667 1698; x_wconf 84' lang='lat' dir='ltr'><strong>vox</strong></span> <span class='ocrx_word' id='word_1_450' title='bbox 680 1678 742 1706; x_wconf 61' lang='lat' dir='ltr'><strong>qua;</strong></span> <span class='ocrx_word' id='word_1_451' title='bbox 765 1672 838 1699; x_wconf 88' lang='lat' dir='ltr'><strong>verbi</strong></span> <span class='ocrx_word' id='word_1_452' title='bbox 854 1677 1016 1707; x_wconf 79' lang='lat' dir='ltr'><strong>potestatem</strong></span> 
     </span>
    </p>
   </div>
   <div class='ocr_carea' id='block_1_62' title="bbox 225 1717 1015 1753">
    <p class='ocr_par' dir='ltr' id='par_1_62' title="bbox 225 1717 1015 1753">
     <span class='ocr_line' id='line_1_62' title="bbox 225 1717 1015 1753; baseline 0.001 -9"><span class='ocrx_word' id='word_1_453' title='bbox 225 1717 252 1744; x_wconf 93' lang='lat' dir='ltr'><strong>in</strong></span> <span class='ocrx_word' id='word_1_454' title='bbox 265 1717 353 1752; x_wconf 85' lang='lat' dir='ltr'><strong>seipsa</strong></span> <span class='ocrx_word' id='word_1_455' title='bbox 367 1717 506 1750; x_wconf 83' lang='lat' dir='ltr'><strong>declarat;</strong></span> <span class='ocrx_word' id='word_1_456' title='bbox 523 1717 550 1744; x_wconf 95' lang='lat' dir='ltr'><strong>in</strong></span> <span class='ocrx_word' id='word_1_457' title='bbox 568 1717 660 1744; x_wconf 87' lang='lat' dir='ltr'><strong>divina</strong></span> <span class='ocrx_word' id='word_1_458' title='bbox 675 1725 740 1744; x_wconf 88' lang='lat' dir='ltr'><strong>vero</strong></span> <span class='ocrx_word' id='word_1_459' title='bbox 754 1722 862 1749; x_wconf 90' lang='lat' dir='ltr'><strong>natura,</strong></span> <span class='ocrx_word' id='word_1_460' title='bbox 877 1718 927 1745; x_wconf 83' lang='lat' dir='ltr'><strong>etsi</strong></span> <span class='ocrx_word' id='word_1_461' title='bbox 942 1718 1015 1753; x_wconf 88' lang='lat' dir='ltr'><strong>pittnt</strong></span> 
     </span>
    </p>
   </div>
   <div class='ocr_carea' id='block_1_63' title="bbox 223 1761 1010 1798">
    <p class='ocr_par' dir='ltr' id='par_1_63' title="bbox 223 1761 1010 1798">
     <span class='ocr_line' id='line_1_63' title="bbox 223 1761 1010 1798; baseline 0.001 -9"><span class='ocrx_word' id='word_1_462' title='bbox 223 1766 276 1795; x_wconf 90' lang='lat' dir='ltr'><strong>est,</strong></span> <span class='ocrx_word' id='word_1_463' title='bbox 293 1761 340 1790; x_wconf 74' lang='lat' dir='ltr'><strong>Dei</strong></span> <span class='ocrx_word' id='word_1_464' title='bbox 355 1761 489 1797; x_wconf 89' lang='lat' dir='ltr'><strong>Spiritutn</strong></span> <span class='ocrx_word' id='word_1_465' title='bbox 514 1762 646 1798; x_wconf 74' lang='lat' dir='ltr'><strong>cogitare,</strong></span> <span class='ocrx_word' id='word_1_466' title='bbox 665 1763 894 1797; x_wconf 85' lang='lat' dir='ltr'><strong>quemadmodum</strong></span> <span class='ocrx_word' id='word_1_467' title='bbox 915 1768 942 1790; x_wconf 85' lang='lat' dir='ltr'><strong>et</strong></span> <span class='ocrx_word' id='word_1_468' title='bbox 963 1763 1010 1790; x_wconf 85' lang='lat' dir='ltr'><strong>Dei</strong></span> 
     </span>
    </p>
   </div>
   <div class='ocr_carea' id='block_1_64' title="bbox 226 1810 1013 1845">
    <p class='ocr_par' dir='ltr' id='par_1_64' title="bbox 226 1810 1013 1845">
     <span class='ocr_line' id='line_1_64' title="bbox 226 1810 1013 1845; baseline 0.001 -8"><span class='ocrx_word' id='word_1_469' title='bbox 226 1810 341 1838; x_wconf 82' lang='lat' dir='ltr'><strong>Verbum</strong></span> <span class='ocrx_word' id='word_1_470' title='bbox 358 1810 471 1837; x_wconf 80' lang='lat' dir='ltr'><strong>inferius</strong></span> <span class='ocrx_word' id='word_1_471' title='bbox 486 1812 532 1842; x_wconf 89' lang='lat' dir='ltr'><strong>sit,</strong></span> <span class='ocrx_word' id='word_1_472' title='bbox 554 1810 575 1837; x_wconf 89' lang='lat' dir='ltr'><strong>si</strong></span> <span class='ocrx_word' id='word_1_473' title='bbox 600 1815 721 1838; x_wconf 82' lang='lat' dir='ltr'><strong>nostrum</strong></span> <span class='ocrx_word' id='word_1_474' title='bbox 740 1817 802 1838; x_wconf 91' lang='lat' dir='ltr'><strong>cum</strong></span> <span class='ocrx_word' id='word_1_475' title='bbox 819 1811 929 1845; x_wconf 87' lang='lat' dir='ltr'><strong>spiritu,</strong></span> <span class='ocrx_word' id='word_1_476' title='bbox 948 1811 1013 1838; x_wconf 91' lang='lat' dir='ltr'><strong>illud</strong></span> 
     </span>
    </p>
   </div>
   <div class='ocr_carea' id='block_1_65' title="bbox 223 1857 1014 1892">
    <p class='ocr_par' dir='ltr' id='par_1_65' title="bbox 223 1857 1014 1892">
     <span class='ocr_line' id='line_1_65' title="bbox 223 1857 1014 1892; baseline 0.001 -9"><span class='ocrx_word' id='word_1_477' title='bbox 223 1857 283 1884; x_wconf 88' lang='lat' dir='ltr'><strong>sine</strong></span> <span class='ocrx_word' id='word_1_478' title='bbox 306 1857 406 1892; x_wconf 87' lang='lat' dir='ltr'><strong>spiritu</strong></span> <span class='ocrx_word' id='word_1_479' title='bbox 437 1864 498 1884; x_wconf 87' lang='lat' dir='ltr'><strong>esse</strong></span> <span class='ocrx_word' id='word_1_480' title='bbox 510 1857 654 1890; x_wconf 71' lang='lat' dir='ltr'><strong>credatur,</strong></span> <span class='ocrx_word' id='word_1_481' title='bbox 679 1865 735 1885; x_wconf 88' lang='lat' dir='ltr'><strong>non</strong></span> <span class='ocrx_word' id='word_1_482' title='bbox 760 1861 851 1884; x_wconf 74' lang='lat' dir='ltr'><strong>tamen</strong></span> <span class='ocrx_word' id='word_1_483' title='bbox 870 1862 1014 1885; x_wconf 87' lang='lat' dir='ltr'><strong>consenta-</strong></span> 
     </span>
    </p>
   </div>
   <div class='ocr_carea' id='block_1_66' title="bbox 224 1902 1013 1937">
    <p class='ocr_par' dir='ltr' id='par_1_66' title="bbox 224 1902 1013 1937">
     <span class='ocr_line' id='line_1_66' title="bbox 224 1902 1013 1937; baseline 0.003 -9"><span class='ocrx_word' id='word_1_484' title='bbox 224 1909 306 1929; x_wconf 83' lang='lat' dir='ltr'><strong>neum</strong></span> <span class='ocrx_word' id='word_1_485' title='bbox 360 1906 402 1929; x_wconf 87' lang='lat' dir='ltr'><strong>est</strong></span> <span class='ocrx_word' id='word_1_486' title='bbox 433 1902 543 1937; x_wconf 90' lang='lat' dir='ltr'><strong>Deoque</strong></span> <span class='ocrx_word' id='word_1_487' title='bbox 580 1903 692 1937; x_wconf 77' lang='lat' dir='ltr'><strong>dignum</strong></span> <span class='ocrx_word' id='word_1_488' title='bbox 738 1903 863 1930; x_wconf 85' lang='lat' dir='ltr'><strong>arbitrari</strong></span> <span class='ocrx_word' id='word_1_489' title='bbox 895 1903 1013 1930; x_wconf 87' lang='lat' dir='ltr'><strong>alienum</strong></span> 
     </span>
    </p>
   </div>
   <div class='ocr_carea' id='block_1_67' title="bbox 225 1946 1013 1983">
    <p class='ocr_par' dir='ltr' id='par_1_67' title="bbox 225 1946 1013 1983">
     <span class='ocr_line' id='line_1_67' title="bbox 225 1946 1013 1983; baseline 0.003 -10"><span class='ocrx_word' id='word_1_490' title='bbox 225 1946 365 1981; x_wconf 78' lang='lat' dir='ltr'><strong>quiddam,</strong></span> <span class='ocrx_word' id='word_1_491' title='bbox 387 1951 416 1973; x_wconf 87' lang='lat' dir='ltr'><strong>ut</strong></span> <span class='ocrx_word' id='word_1_492' title='bbox 439 1947 467 1973; x_wconf 91' lang='lat' dir='ltr'><strong>in</strong></span> <span class='ocrx_word' id='word_1_493' title='bbox 486 1947 583 1981; x_wconf 88' lang='lat' dir='ltr'><strong>spiritu</strong></span> <span class='ocrx_word' id='word_1_494' title='bbox 602 1952 696 1974; x_wconf 91' lang='lat' dir='ltr'><strong>nostro</strong></span> <span class='ocrx_word' id='word_1_495' title='bbox 719 1947 862 1983; x_wconf 75' lang='lat' dir='ltr'><strong>contingit,</strong></span> <span class='ocrx_word' id='word_1_496' title='bbox 883 1947 910 1974; x_wconf 89' lang='lat' dir='ltr'><strong>in</strong></span> <span class='ocrx_word' id='word_1_497' title='bbox 927 1948 1013 1975; x_wconf 87' lang='lat' dir='ltr'><strong>Deum</strong></span> 
     </span>
    </p>
   </div>
   <div class='ocr_carea' id='block_1_68' title="bbox 223 1991 1010 2027">
    <p class='ocr_par' dir='ltr' id='par_1_68' title="bbox 223 1991 1010 2027">
     <span class='ocr_line' id='line_1_68' title="bbox 223 1991 1010 2027; baseline 0.001 -8"><span class='ocrx_word' id='word_1_498' title='bbox 223 1992 396 2019; x_wconf 75' lang='lat' dir='ltr'><strong>extrinsecus</strong></span> <span class='ocrx_word' id='word_1_499' title='bbox 408 1991 531 2024; x_wconf 83' lang='lat' dir='ltr'><strong>inﬂuere,</strong></span> <span class='ocrx_word' id='word_1_500' title='bbox 542 1992 569 2019; x_wconf 91' lang='lat' dir='ltr'><strong>in</strong></span> <span class='ocrx_word' id='word_1_501' title='bbox 588 1992 701 2027; x_wconf 87' lang='lat' dir='ltr'><strong>ipsoque</strong></span> <span class='ocrx_word' id='word_1_502' title='bbox 716 1993 841 2027; x_wconf 87' lang='lat' dir='ltr'><strong>spiritum</strong></span> <span class='ocrx_word' id='word_1_503' title='bbox 853 1993 932 2020; x_wconf 71' lang='lat' dir='ltr'><strong>efﬁci.</strong></span> <span class='ocrx_word' id='word_1_504' title='bbox 956 1993 1010 2021; x_wconf 83' lang='lat' dir='ltr'><strong>Sed</strong></span> 
     </span>
    </p>
   </div>
   <div class='ocr_carea' id='block_1_69' title="bbox 223 2037 1012 2074">
    <p class='ocr_par' dir='ltr' id='par_1_69' title="bbox 223 2037 1012 2074">
     <span class='ocr_line' id='line_1_69' title="bbox 223 2037 1012 2074; baseline -0.001 -8"><span class='ocrx_word' id='word_1_505' title='bbox 223 2039 294 2066; x_wconf 88' lang='lat' dir='ltr'><strong>sicut</strong></span> <span class='ocrx_word' id='word_1_506' title='bbox 309 2038 355 2065; x_wconf 88' lang='lat' dir='ltr'><strong>Dei</strong></span> <span class='ocrx_word' id='word_1_507' title='bbox 372 2037 490 2065; x_wconf 80' lang='lat' dir='ltr'><strong>Verbum</strong></span> <span class='ocrx_word' id='word_1_508' title='bbox 509 2038 662 2069; x_wconf 86' lang='lat' dir='ltr'><strong>audientes,</strong></span> <span class='ocrx_word' id='word_1_509' title='bbox 690 2046 744 2065; x_wconf 91' lang='lat' dir='ltr'><strong>non</strong></span> <span class='ocrx_word' id='word_1_510' title='bbox 771 2038 923 2074; x_wconf 76' lang='lat' dir='ltr'><strong>cogitamus</strong></span> <span class='ocrx_word' id='word_1_511' title='bbox 946 2038 1012 2066; x_wconf 93' lang='lat' dir='ltr'><strong>illud</strong></span> 
     </span>
    </p>
   </div>
   <div class='ocr_carea' id='block_1_70' title="bbox 224 2083 1012 2119">
    <p class='ocr_par' dir='ltr' id='par_1_70' title="bbox 224 2083 1012 2119">
     <span class='ocr_line' id='line_1_70' title="bbox 224 2083 1012 2119; baseline 0 -8"><span class='ocrx_word' id='word_1_512' title='bbox 224 2083 369 2118; x_wconf 76' lang='lat' dir='ltr'><strong>ejusmodi,</strong></span> <span class='ocrx_word' id='word_1_513' title='bbox 395 2084 468 2118; x_wconf 82' lang='lat' dir='ltr'><strong>quod</strong></span> <span class='ocrx_word' id='word_1_514' title='bbox 496 2091 544 2118; x_wconf 90' lang='lat' dir='ltr'><strong>per</strong></span> <span class='ocrx_word' id='word_1_515' title='bbox 566 2091 596 2111; x_wconf 84' lang='lat' dir='ltr'><strong>se</strong></span> <span class='ocrx_word' id='word_1_516' title='bbox 620 2091 675 2110; x_wconf 90' lang='lat' dir='ltr'><strong>non</strong></span> <span class='ocrx_word' id='word_1_517' title='bbox 698 2083 842 2117; x_wconf 74' lang='lat' dir='ltr'><strong>subsistat,</strong></span> <span class='ocrx_word' id='word_1_518' title='bbox 869 2089 916 2111; x_wconf 85' lang='lat' dir='ltr'><strong>aut</strong></span> <span class='ocrx_word' id='word_1_519' title='bbox 939 2084 1012 2119; x_wconf 88' lang='lat' dir='ltr'><strong>quod</strong></span> 
     </span>
    </p>
   </div>
   <div class='ocr_carea' id='block_1_71' title="bbox 224 2129 1012 2164">
    <p class='ocr_par' dir='ltr' id='par_1_71' title="bbox 224 2129 1012 2164">
     <span class='ocr_line' id='line_1_71' title="bbox 224 2129 1012 2164; baseline 0.001 -8"><span class='ocrx_word' id='word_1_520' title='bbox 224 2130 348 2157; x_wconf 87' lang='lat' dir='ltr'><strong>doctrina</strong></span> <span class='ocrx_word' id='word_1_521' title='bbox 373 2129 560 2164; x_wconf 76' lang='lat' dir='ltr'><strong>ingeneretur,</strong></span> <span class='ocrx_word' id='word_1_522' title='bbox 583 2136 683 2156; x_wconf 86' lang='lat' dir='ltr'><strong>voccve</strong></span> <span class='ocrx_word' id='word_1_523' title='bbox 703 2129 867 2164; x_wconf 67' lang='lat' dir='ltr'><strong>proferatur,</strong></span> <span class='ocrx_word' id='word_1_524' title='bbox 894 2133 941 2156; x_wconf 87' lang='lat' dir='ltr'><strong>aut</strong></span> <span class='ocrx_word' id='word_1_525' title='bbox 960 2129 1012 2157; x_wconf 87' lang='lat' dir='ltr'><strong>dis-</strong></span> 
     </span>
    </p>
   </div>
   <div class='ocr_carea' id='block_1_72' title="bbox 224 2175 1010 2210">
    <p class='ocr_par' dir='ltr' id='par_1_72' title="bbox 224 2175 1010 2210">
     <span class='ocr_line' id='line_1_72' title="bbox 224 2175 1010 2210; baseline -0.001 -7"><span class='ocrx_word' id='word_1_526' title='bbox 224 2175 345 2203; x_wconf 69' lang='lat' dir='ltr'><strong>solvatur</strong></span> <span class='ocrx_word' id='word_1_527' title='bbox 370 2179 548 2210; x_wconf 87' lang='lat' dir='ltr'><strong>posteaquam</strong></span> <span class='ocrx_word' id='word_1_528' title='bbox 577 2175 784 2209; x_wconf 83' lang='lat' dir='ltr'><strong>pronuntiatum</strong></span> <span class='ocrx_word' id='word_1_529' title='bbox 817 2179 869 2208; x_wconf 76' lang='lat' dir='ltr'><strong>est,</strong></span> <span class='ocrx_word' id='word_1_530' title='bbox 892 2179 940 2202; x_wconf 87' lang='lat' dir='ltr'><strong>aut</strong></span> <span class='ocrx_word' id='word_1_531' title='bbox 967 2175 1010 2202; x_wconf 84' lang='lat' dir='ltr'><strong>cui</strong></span> 
     </span>
    </p>
   </div>
   <div class='ocr_carea' id='block_1_73' title="bbox 225 2219 1012 2255">
    <p class='ocr_par' dir='ltr' id='par_1_73' title="bbox 225 2219 1012 2255">
     <span class='ocr_line' id='line_1_73' title="bbox 225 2219 1012 2255; baseline 0.001 -8"><span class='ocrx_word' id='word_1_532' title='bbox 225 2221 342 2255; x_wconf 84' lang='lat' dir='ltr'><strong>denique</strong></span> <span class='ocrx_word' id='word_1_533' title='bbox 362 2219 464 2253; x_wconf 86' lang='lat' dir='ltr'><strong>aliquid</strong></span> <span class='ocrx_word' id='word_1_534' title='bbox 487 2226 582 2246; x_wconf 89' lang='lat' dir='ltr'><strong>eorum</strong></span> <span class='ocrx_word' id='word_1_535' title='bbox 606 2220 715 2247; x_wconf 85' lang='lat' dir='ltr'><strong>eveniat</strong></span> <span class='ocrx_word' id='word_1_536' title='bbox 735 2227 795 2254; x_wconf 75' lang='lat' dir='ltr'><strong>quae</strong></span> <span class='ocrx_word' id='word_1_537' title='bbox 812 2220 896 2248; x_wconf 86' lang='lat' dir='ltr'><strong>verbo</strong></span> <span class='ocrx_word' id='word_1_538' title='bbox 918 2225 1012 2248; x_wconf 88' lang='lat' dir='ltr'><strong>nostro</strong></span> 
     </span>
    </p>
   </div>
   <div class='ocr_carea' id='block_1_74' title="bbox 227 2264 1012 2298">
    <p class='ocr_par' dir='ltr' id='par_1_74' title="bbox 227 2264 1012 2298">
     <span class='ocr_line' id='line_1_74' title="bbox 227 2264 1012 2298; baseline 0.001 -6"><span class='ocrx_word' id='word_1_539' title='bbox 227 2265 354 2293; x_wconf 87' lang='lat' dir='ltr'><strong>videmus</strong></span> <span class='ocrx_word' id='word_1_540' title='bbox 368 2265 502 2298; x_wconf 83' lang='lat' dir='ltr'><strong>accidere,</strong></span> <span class='ocrx_word' id='word_1_541' title='bbox 522 2264 570 2292; x_wconf 85' lang='lat' dir='ltr'><strong>sed</strong></span> <span class='ocrx_word' id='word_1_542' title='bbox 589 2269 688 2292; x_wconf 87' lang='lat' dir='ltr'><strong>natura</strong></span> <span class='ocrx_word' id='word_1_543' title='bbox 711 2265 876 2298; x_wconf 82' lang='lat' dir='ltr'><strong>subsistens,</strong></span> <span class='ocrx_word' id='word_1_544' title='bbox 893 2270 921 2293; x_wconf 87' lang='lat' dir='ltr'><strong>et</strong></span> <span class='ocrx_word' id='word_1_545' title='bbox 943 2265 1012 2293; x_wconf 80' lang='lat' dir='ltr'><strong>libe-</strong></span> 
     </span>
    </p>
   </div>
   <div class='ocr_carea' id='block_1_75' title="bbox 225 2312 1009 2346">
    <p class='ocr_par' dir='ltr' id='par_1_75' title="bbox 225 2312 1009 2346">
     <span class='ocr_line' id='line_1_75' title="bbox 225 2312 1009 2346; baseline 0.003 -8"><span class='ocrx_word' id='word_1_546' title='bbox 225 2321 296 2345; x_wconf 74' lang='lat' dir='ltr'><strong>rum,</strong></span> <span class='ocrx_word' id='word_1_547' title='bbox 312 2317 340 2340; x_wconf 91' lang='lat' dir='ltr'><strong>et</strong></span> <span class='ocrx_word' id='word_1_548' title='bbox 354 2312 459 2344; x_wconf 81' lang='lat' dir='ltr'><strong>etlicax,</strong></span> <span class='ocrx_word' id='word_1_549' title='bbox 473 2317 501 2339; x_wconf 87' lang='lat' dir='ltr'><strong>et</strong></span> <span class='ocrx_word' id='word_1_550' title='bbox 519 2312 712 2346; x_wconf 83' lang='lat' dir='ltr'><strong>omnipotens:</strong></span> <span class='ocrx_word' id='word_1_551' title='bbox 731 2312 826 2339; x_wconf 91' lang='lat' dir='ltr'><strong>eodem</strong></span> <span class='ocrx_word' id='word_1_552' title='bbox 846 2312 927 2340; x_wconf 90' lang='lat' dir='ltr'><strong>modo</strong></span> <span class='ocrx_word' id='word_1_553' title='bbox 947 2320 1009 2340; x_wconf 91' lang='lat' dir='ltr'><strong>cum</strong></span> 
     </span>
    </p>
   </div>
   <div class='ocr_carea' id='block_1_76' title="bbox 226 2356 1012 2393">
    <p class='ocr_par' dir='ltr' id='par_1_76' title="bbox 226 2356 1012 2393">
     <span class='ocr_line' id='line_1_76' title="bbox 226 2356 1012 2393; baseline 0 -8"><span class='ocrx_word' id='word_1_554' title='bbox 226 2359 275 2385; x_wconf 87' lang='lat' dir='ltr'><strong>Dei</strong></span> <span class='ocrx_word' id='word_1_555' title='bbox 291 2357 435 2393; x_wconf 88' lang='lat' dir='ltr'><strong>Spiritutn,</strong></span> <span class='ocrx_word' id='word_1_556' title='bbox 445 2358 491 2393; x_wconf 92' lang='lat' dir='ltr'><strong>qui</strong></span> <span class='ocrx_word' id='word_1_557' title='bbox 512 2356 601 2384; x_wconf 82' lang='lat' dir='ltr'><strong>Verbo</strong></span> <span class='ocrx_word' id='word_1_558' title='bbox 623 2357 809 2385; x_wconf 83' lang='lat' dir='ltr'><strong>testimonium</strong></span> <span class='ocrx_word' id='word_1_559' title='bbox 827 2357 916 2390; x_wconf 63' lang='grc' dir='ltr'>δῦθι-ι,</span> <span class='ocrx_word' id='word_1_560' title='bbox 938 2357 1012 2392; x_wconf 78' lang='lat' dir='ltr'><strong>ejus-</strong></span> 
     </span>
    </p>
   </div>
   <div class='ocr_carea' id='block_1_77' title="bbox 225 2403 1009 2438">
    <p class='ocr_par' dir='ltr' id='par_1_77' title="bbox 225 2403 1009 2438">
     <span class='ocr_line' id='line_1_77' title="bbox 225 2403 1009 2438; baseline 0.001 -9"><span class='ocrx_word' id='word_1_561' title='bbox 225 2411 278 2438; x_wconf 86' lang='lat' dir='ltr'><strong>que</strong></span> <span class='ocrx_word' id='word_1_562' title='bbox 307 2403 360 2430; x_wconf 92' lang='lat' dir='ltr'><strong>vim</strong></span> <span class='ocrx_word' id='word_1_563' title='bbox 384 2403 554 2437; x_wconf 75' lang='lat' dir='ltr'><strong>perspicuam</strong></span> <span class='ocrx_word' id='word_1_564' title='bbox 585 2403 693 2436; x_wconf 83' lang='lat' dir='ltr'><strong>reddit,</strong></span> <span class='ocrx_word' id='word_1_565' title='bbox 722 2403 917 2438; x_wconf 78' lang='lat' dir='ltr'><strong>intelligimus,</strong></span> <span class='ocrx_word' id='word_1_566' title='bbox 956 2411 1009 2430; x_wconf 91' lang='lat' dir='ltr'><strong>non</strong></span> 
     </span>
    </p>
   </div>
   <div class='ocr_carea' id='block_1_78' title="bbox 224 2447 1010 2484">
    <p class='ocr_par' dir='ltr' id='par_1_78' title="bbox 224 2447 1010 2484">
     <span class='ocr_line' id='line_1_78' title="bbox 224 2447 1010 2484; baseline 0 -8"><span class='ocrx_word' id='word_1_567' title='bbox 224 2448 359 2476; x_wconf 86' lang='lat' dir='ltr'><strong>anhelitus</strong></span> <span class='ocrx_word' id='word_1_568' title='bbox 383 2448 508 2483; x_wconf 87' lang='lat' dir='ltr'><strong>spiritum</strong></span> <span class='ocrx_word' id='word_1_569' title='bbox 526 2447 678 2483; x_wconf 81' lang='lat' dir='ltr'><strong>cogitamus</strong></span> <span class='ocrx_word' id='word_1_570' title='bbox 695 2448 792 2482; x_wconf 87' lang='lat' dir='ltr'><strong>(nimis</strong></span> <span class='ocrx_word' id='word_1_571' title='bbox 816 2448 889 2475; x_wconf 90' lang='lat' dir='ltr'><strong>enim</strong></span> <span class='ocrx_word' id='word_1_572' title='bbox 907 2448 1010 2484; x_wconf 85' lang='lat' dir='ltr'><strong>ahjice-</strong></span> 
     </span>
    </p>
   </div>
   <div class='ocr_carea' id='block_1_79' title="bbox 225 2493 1009 2528">
    <p class='ocr_par' dir='ltr' id='par_1_79' title="bbox 225 2493 1009 2528">
     <span class='ocr_line' id='line_1_79' title="bbox 225 2493 1009 2528; baseline -0.003 -6"><span class='ocrx_word' id='word_1_573' title='bbox 225 2499 300 2522; x_wconf 88' lang='lat' dir='ltr'><strong>retur</strong></span> <span class='ocrx_word' id='word_1_574' title='bbox 313 2494 412 2521; x_wconf 68' lang='lat' dir='ltr'><strong>divinat</strong></span> <span class='ocrx_word' id='word_1_575' title='bbox 435 2494 577 2528; x_wconf 86' lang='lat' dir='ltr'><strong>potestatis</strong></span> <span class='ocrx_word' id='word_1_576' title='bbox 601 2493 768 2528; x_wconf 77' lang='lat' dir='ltr'><strong>magnitudo,</strong></span> <span class='ocrx_word' id='word_1_577' title='bbox 784 2493 806 2520; x_wconf 91' lang='lat' dir='ltr'><strong>si</strong></span> <span class='ocrx_word' id='word_1_578' title='bbox 823 2494 934 2528; x_wconf 89' lang='lat' dir='ltr'><strong>spiritus</strong></span> <span class='ocrx_word' id='word_1_579' title='bbox 950 2494 1009 2528; x_wconf 79' lang='lat' dir='ltr'><strong>ejus</strong></span> 
     </span>
    </p>
   </div>
   <div class='ocr_carea' id='block_1_80' title="bbox 225 2537 1010 2574">
    <p class='ocr_par' dir='ltr' id='par_1_80' title="bbox 225 2537 1010 2574">
     <span class='ocr_line' id='line_1_80' title="bbox 225 2537 1010 2574; baseline 0 -8"><span class='ocrx_word' id='word_1_580' title='bbox 225 2545 318 2566; x_wconf 83' lang='lat' dir='ltr'><strong>nostro</strong></span> <span class='ocrx_word' id='word_1_581' title='bbox 330 2538 424 2566; x_wconf 88' lang='lat' dir='ltr'><strong>similis</strong></span> <span class='ocrx_word' id='word_1_582' title='bbox 441 2537 592 2574; x_wconf 87' lang='lat' dir='ltr'><strong>putaretur)</strong></span> <span class='ocrx_word' id='word_1_583' title='bbox 606 2546 613 2565; x_wconf 85' lang='lat'><strong>:</strong></span> <span class='ocrx_word' id='word_1_584' title='bbox 631 2538 678 2565; x_wconf 88' lang='lat' dir='ltr'><strong>sed</strong></span> <span class='ocrx_word' id='word_1_585' title='bbox 694 2545 756 2564; x_wconf 87' lang='lat' dir='ltr'><strong>eum</strong></span> <span class='ocrx_word' id='word_1_586' title='bbox 770 2538 796 2564; x_wconf 90' lang='lat' dir='ltr'><strong>in</strong></span> <span class='ocrx_word' id='word_1_587' title='bbox 812 2545 842 2565; x_wconf 82' lang='lat' dir='ltr'><strong>se</strong></span> <span class='ocrx_word' id='word_1_588' title='bbox 863 2538 1010 2566; x_wconf 83' lang='lat' dir='ltr'><strong>subsisten—</strong></span> 
     </span>
    </p>
   </div>
   <div class='ocr_carea' id='block_1_81' title="bbox 225 2583 1010 2619">
    <p class='ocr_par' dir='ltr' id='par_1_81' title="bbox 225 2583 1010 2619">
     <span class='ocr_line' id='line_1_81' title="bbox 225 2583 1010 2619; baseline 0.001 -8"><span class='ocrx_word' id='word_1_589' title='bbox 225 2589 280 2611; x_wconf 88' lang='lat' dir='ltr'><strong>tem</strong></span> <span class='ocrx_word' id='word_1_590' title='bbox 300 2591 360 2618; x_wconf 75' lang='lat' dir='ltr'><strong>quze</strong></span> <span class='ocrx_word' id='word_1_591' title='bbox 388 2583 414 2610; x_wconf 89' lang='lat' dir='ltr'><strong>itt</strong></span> <span class='ocrx_word' id='word_1_592' title='bbox 441 2584 549 2618; x_wconf 87' lang='lat' dir='ltr'><strong>propria</strong></span> <span class='ocrx_word' id='word_1_593' title='bbox 571 2588 668 2610; x_wconf 89' lang='lat' dir='ltr'><strong>natura</strong></span> <span class='ocrx_word' id='word_1_594' title='bbox 696 2583 869 2618; x_wconf 83' lang='lat' dir='ltr'><strong>perspicitur,</strong></span> <span class='ocrx_word' id='word_1_595' title='bbox 895 2592 1010 2619; x_wconf 64' lang='lat' dir='ltr'><strong>qumque</strong></span> 
     </span>
    </p>
   </div>
   <div class='ocr_carea' id='block_1_82' title="bbox 223 2628 1010 2663">
    <p class='ocr_par' dir='ltr' id='par_1_82' title="bbox 223 2628 1010 2663">
     <span class='ocr_line' id='line_1_82' title="bbox 223 2628 1010 2663; baseline 0.003 -7"><span class='ocrx_word' id='word_1_596' title='bbox 223 2637 275 2656; x_wconf 87' lang='lat' dir='ltr'><strong>nec</strong></span> <span class='ocrx_word' id='word_1_597' title='bbox 289 2637 304 2656; x_wconf 92' lang='lat' dir='ltr'><strong>a</strong></span> <span class='ocrx_word' id='word_1_598' title='bbox 323 2630 376 2656; x_wconf 84' lang='lat' dir='ltr'><strong>Deo</strong></span> <span class='ocrx_word' id='word_1_599' title='bbox 388 2630 415 2655; x_wconf 88' lang='lat' dir='ltr'><strong>itt</strong></span> <span class='ocrx_word' id='word_1_600' title='bbox 431 2637 486 2663; x_wconf 87' lang='lat' dir='ltr'><strong>quo</strong></span> <span class='ocrx_word' id='word_1_601' title='bbox 508 2633 558 2661; x_wconf 87' lang='lat' dir='ltr'><strong>est,</strong></span> <span class='ocrx_word' id='word_1_602' title='bbox 584 2636 635 2656; x_wconf 92' lang='lat' dir='ltr'><strong>nec</strong></span> <span class='ocrx_word' id='word_1_603' title='bbox 652 2637 667 2656; x_wconf 87' lang='lat' dir='ltr'><strong>a</strong></span> <span class='ocrx_word' id='word_1_604' title='bbox 693 2629 738 2656; x_wconf 78' lang='lat' dir='ltr'><strong>Dei</strong></span> <span class='ocrx_word' id='word_1_605' title='bbox 753 2628 851 2662; x_wconf 84' lang='lat' dir='ltr'><strong>Verbo,</strong></span> <span class='ocrx_word' id='word_1_606' title='bbox 873 2630 917 2657; x_wconf 86' lang='lat' dir='ltr'><strong>cui</strong></span> <span class='ocrx_word' id='word_1_607' title='bbox 934 2631 1010 2658; x_wconf 86' lang='lat' dir='ltr'><strong>testi-</strong></span> 
     </span>
    </p>
   </div>
   <div class='ocr_carea' id='block_1_83' title="bbox 224 2675 1008 2709">
    <p class='ocr_par' dir='ltr' id='par_1_83' title="bbox 224 2675 1008 2709">
     <span class='ocr_line' id='line_1_83' title="bbox 224 2675 1008 2709; baseline 0.003 -7"><span class='ocrx_word' id='word_1_608' title='bbox 224 2676 346 2703; x_wconf 87' lang='lat' dir='ltr'><strong>monium</strong></span> <span class='ocrx_word' id='word_1_609' title='bbox 372 2675 476 2707; x_wconf 87' lang='lat' dir='ltr'><strong>tribuit,</strong></span> <span class='ocrx_word' id='word_1_610' title='bbox 499 2675 619 2709; x_wconf 87' lang='lat' dir='ltr'><strong>separari</strong></span> <span class='ocrx_word' id='word_1_611' title='bbox 643 2679 742 2709; x_wconf 83' lang='lat' dir='ltr'><strong>potest.</strong></span> <span class='ocrx_word' id='word_1_612' title='bbox 771 2679 818 2702; x_wconf 87' lang='lat' dir='ltr'><strong>aut</strong></span> <span class='ocrx_word' id='word_1_613' title='bbox 840 2675 867 2702; x_wconf 86' lang='lat' dir='ltr'><strong>iu</strong></span> <span class='ocrx_word' id='word_1_614' title='bbox 892 2675 1008 2704; x_wconf 86' lang='lat' dir='ltr'><strong>nihilum</strong></span> 
     </span>
    </p>
   </div>
   <div class='ocr_carea' id='block_1_84' title="bbox 225 2719 1009 2756">
    <p class='ocr_par' dir='ltr' id='par_1_84' title="bbox 225 2719 1009 2756">
     <span class='ocr_line' id='line_1_84' title="bbox 225 2719 1009 2756; baseline 0.001 -8"><span class='ocrx_word' id='word_1_615' title='bbox 225 2721 321 2754; x_wconf 67' lang='lat' dir='ltr'><strong>redigi.</strong></span> <span class='ocrx_word' id='word_1_616' title='bbox 347 2720 394 2748; x_wconf 89' lang='lat' dir='ltr'><strong>sed</strong></span> <span class='ocrx_word' id='word_1_617' title='bbox 419 2720 453 2747; x_wconf 89' lang='lat' dir='ltr'><strong>ad</strong></span> <span class='ocrx_word' id='word_1_618' title='bbox 479 2719 561 2747; x_wconf 77' lang='lat' dir='ltr'><strong>Verbi</strong></span> <span class='ocrx_word' id='word_1_619' title='bbox 591 2719 638 2747; x_wconf 88' lang='lat' dir='ltr'><strong>Dei</strong></span> <span class='ocrx_word' id='word_1_620' title='bbox 661 2720 878 2752; x_wconf 82' lang='lat' dir='ltr'><strong>similitudinem,</strong></span> <span class='ocrx_word' id='word_1_621' title='bbox 904 2729 953 2756; x_wconf 86' lang='lat' dir='ltr'><strong>per</strong></span> <span class='ocrx_word' id='word_1_622' title='bbox 979 2729 1009 2749; x_wconf 88' lang='lat' dir='ltr'><strong>se</strong></span> 
     </span>
    </p>
   </div>
   <div class='ocr_carea' id='block_1_85' title="bbox 224 2766 1009 2800">
    <p class='ocr_par' dir='ltr' id='par_1_85' title="bbox 224 2766 1009 2800">
     <span class='ocr_line' id='line_1_85' title="bbox 224 2766 1009 2800; baseline 0.001 -7"><span class='ocrx_word' id='word_1_623' title='bbox 224 2766 355 2798; x_wconf 84' lang='lat' dir='ltr'><strong>subsistit,</strong></span> <span class='ocrx_word' id='word_1_624' title='bbox 372 2771 399 2793; x_wconf 90' lang='lat' dir='ltr'><strong>et</strong></span> <span class='ocrx_word' id='word_1_625' title='bbox 412 2766 496 2793; x_wconf 82' lang='lat' dir='ltr'><strong>libera</strong></span> <span class='ocrx_word' id='word_1_626' title='bbox 510 2771 560 2798; x_wconf 84' lang='lat' dir='ltr'><strong>est,</strong></span> <span class='ocrx_word' id='word_1_627' title='bbox 577 2770 604 2793; x_wconf 89' lang='lat' dir='ltr'><strong>et</strong></span> <span class='ocrx_word' id='word_1_628' title='bbox 620 2773 668 2800; x_wconf 90' lang='lat' dir='ltr'><strong>per</strong></span> <span class='ocrx_word' id='word_1_629' title='bbox 685 2774 714 2793; x_wconf 90' lang='lat' dir='ltr'><strong>se</strong></span> <span class='ocrx_word' id='word_1_630' title='bbox 727 2770 860 2799; x_wconf 77' lang='lat' dir='ltr'><strong>movetur,</strong></span> <span class='ocrx_word' id='word_1_631' title='bbox 872 2771 899 2793; x_wconf 76' lang='lat' dir='ltr'><strong>et</strong></span> <span class='ocrx_word' id='word_1_632' title='bbox 916 2767 1009 2794; x_wconf 72' lang='lat' dir='ltr'><strong>efﬁcax</strong></span> 
     </span>
    </p>
   </div>
   <div class='ocr_carea' id='block_1_86' title="bbox 223 2812 1008 2847">
    <p class='ocr_par' dir='ltr' id='par_1_86' title="bbox 223 2812 1008 2847">
     <span class='ocr_line' id='line_1_86' title="bbox 223 2812 1008 2847; baseline 0.001 -7"><span class='ocrx_word' id='word_1_633' title='bbox 223 2818 276 2845; x_wconf 86' lang='lat' dir='ltr'><strong>est,</strong></span> <span class='ocrx_word' id='word_1_634' title='bbox 294 2816 321 2839; x_wconf 88' lang='lat' dir='ltr'><strong>et.</strong></span> <span class='ocrx_word' id='word_1_635' title='bbox 336 2819 443 2847; x_wconf 87' lang='lat' dir='ltr'><strong>semper</strong></span> <span class='ocrx_word' id='word_1_636' title='bbox 467 2812 569 2839; x_wconf 88' lang='lat' dir='ltr'><strong>bonum</strong></span> <span class='ocrx_word' id='word_1_637' title='bbox 586 2813 652 2842; x_wconf 80' lang='lat' dir='ltr'><strong>vult.</strong></span> <span class='ocrx_word' id='word_1_638' title='bbox 668 2817 695 2839; x_wconf 85' lang='lat' dir='ltr'><strong>et</strong></span> <span class='ocrx_word' id='word_1_639' title='bbox 721 2813 781 2847; x_wconf 83' lang='lat' dir='ltr'><strong>ejus</strong></span> <span class='ocrx_word' id='word_1_640' title='bbox 803 2812 933 2840; x_wconf 82' lang='lat' dir='ltr'><strong>voluntati</strong></span> <span class='ocrx_word' id='word_1_641' title='bbox 952 2818 1008 2841; x_wconf 87' lang='lat' dir='ltr'><strong>sta-</strong></span> 
     </span>
    </p>
   </div>
   <div class='ocr_carea' id='block_1_87' title="bbox 224 2857 681 2893">
    <p class='ocr_par' dir='ltr' id='par_1_87' title="bbox 224 2857 681 2893">
     <span class='ocr_line' id='line_1_87' title="bbox 224 2857 681 2893; baseline -0.004 -8"><span class='ocrx_word' id='word_1_642' title='bbox 224 2858 273 2886; x_wconf 87' lang='lat' dir='ltr'><strong>tim</strong></span> <span class='ocrx_word' id='word_1_643' title='bbox 290 2857 447 2893; x_wconf 81' lang='lat' dir='ltr'><strong>perﬁciendi</strong></span> <span class='ocrx_word' id='word_1_644' title='bbox 462 2861 582 2892; x_wconf 78' lang='lat' dir='ltr'><strong>potestas</strong></span> <span class='ocrx_word' id='word_1_645' title='bbox 594 2857 681 2884; x_wconf 79' lang='lat' dir='ltr'><strong>adest.</strong></span> 
     </span>
    </p>
   </div>
   <div class='ocr_carea' id='block_1_88' title="bbox 1068 1570 1852 1606">
    <p class='ocr_par' dir='ltr' id='par_1_88' title="bbox 1068 1570 1852 1606">
     <span class='ocr_line' id='line_1_88' title="bbox 1068 1570 1852 1606; baseline -0.003 -8"><span class='ocrx_word' id='word_1_646' title='bbox 1068 1571 1143 1598; x_wconf 72' lang='grc' dir='ltr'>ἐστὶν</span> <span class='ocrx_word' id='word_1_647' title='bbox 1168 1571 1247 1606; x_wconf 80' lang='grc' dir='ltr'>ὁλκὴ,</span> <span class='ocrx_word' id='word_1_648' title='bbox 1266 1570 1410 1606; x_wconf 79' lang='grc' dir='ltr'>ἀλλοτρίου</span> <span class='ocrx_word' id='word_1_649' title='bbox 1436 1570 1602 1605; x_wconf 77' lang='grc' dir='ltr'>πράγματος</span> <span class='ocrx_word' id='word_1_650' title='bbox 1628 1570 1698 1606; x_wconf 69' lang='grc' dir='ltr'>πρὸς</span> <span class='ocrx_word' id='word_1_651' title='bbox 1724 1570 1775 1606; x_wconf 83' lang='grc' dir='ltr'>τὴν</span> <span class='ocrx_word' id='word_1_652' title='bbox 1804 1571 1852 1596; x_wconf 75' lang='grc' dir='ltr'><strong>τοῦ</strong></span> 
     </span>
    </p>
   </div>
   <div class='ocr_carea' id='block_1_89' title="bbox 1069 1617 1853 1652">
    <p class='ocr_par' dir='ltr' id='par_1_89' title="bbox 1069 1617 1853 1652">
     <span class='ocr_line' id='line_1_89' title="bbox 1069 1617 1853 1652; baseline 0 -9"><span class='ocrx_word' id='word_1_653' title='bbox 1069 1617 1194 1652; x_wconf 80' lang='grc' dir='ltr'>σώματος</span> <span class='ocrx_word' id='word_1_654' title='bbox 1213 1617 1344 1643; x_wconf 77' lang='grc' dir='ltr'>σύστασιν</span> <span class='ocrx_word' id='word_1_655' title='bbox 1361 1617 1520 1650; x_wconf 78' lang='grc' dir='ltr'>ἀναγκαίως</span> <span class='ocrx_word' id='word_1_656' title='bbox 1536 1617 1726 1651; x_wconf 74' lang='grc' dir='ltr'>εἰσελκομένου</span> <span class='ocrx_word' id='word_1_657' title='bbox 1756 1625 1786 1643; x_wconf 89' lang='grc' dir='ltr'><strong>τε</strong></span> <span class='ocrx_word' id='word_1_658' title='bbox 1806 1619 1853 1645; x_wconf 75' lang='grc' dir='ltr'>καὶ</span> 
     </span>
    </p>
   </div>
   <div class='ocr_carea' id='block_1_90' title="bbox 1067 1660 1852 1696">
    <p class='ocr_par' dir='ltr' id='par_1_90' title="bbox 1067 1660 1852 1696">
     <span class='ocr_line' id='line_1_90' title="bbox 1067 1660 1852 1696; baseline 0.001 -10"><span class='ocrx_word' id='word_1_659' title='bbox 1067 1660 1266 1696; x_wconf 81' lang='grc' dir='ltr'>προχεομένου,</span> <span class='ocrx_word' id='word_1_660' title='bbox 1292 1660 1361 1695; x_wconf 85' lang='grc' dir='ltr'>ὅπερ</span> <span class='ocrx_word' id='word_1_661' title='bbox 1384 1661 1413 1686; x_wconf 79' lang='grc' dir='ltr'>ὲν</span> <span class='ocrx_word' id='word_1_662' title='bbox 1428 1660 1468 1695; x_wconf 84' lang='grc' dir='ltr'>τῷ</span> <span class='ocrx_word' id='word_1_663' title='bbox 1483 1660 1574 1696; x_wconf 84' lang='grc' dir='ltr'>καιρῷ</span> <span class='ocrx_word' id='word_1_664' title='bbox 1587 1662 1638 1695; x_wconf 85' lang='grc' dir='ltr'><strong>τῆς</strong></span> <span class='ocrx_word' id='word_1_665' title='bbox 1665 1661 1852 1695; x_wconf 75' lang='grc' dir='ltr'>ἑκφωνήσεως</span> 
     </span>
    </p>
   </div>
   <div class='ocr_carea' id='block_1_91' title="bbox 1067 1706 1852 1743">
    <p class='ocr_par' dir='ltr' id='par_1_91' title="bbox 1067 1706 1852 1743">
     <span class='ocr_line' id='line_1_91' title="bbox 1067 1706 1852 1743; baseline -0.001 -10"><span class='ocrx_word' id='word_1_666' title='bbox 1067 1707 1114 1734; x_wconf 85' lang='grc' dir='ltr'><strong>τοῦ</strong></span> <span class='ocrx_word' id='word_1_667' title='bbox 1129 1708 1209 1741; x_wconf 82' lang='grc' dir='ltr'>λόγου</span> <span class='ocrx_word' id='word_1_668' title='bbox 1226 1706 1302 1743; x_wconf 84' lang='grc' dir='ltr'>φωνὴ</span> <span class='ocrx_word' id='word_1_669' title='bbox 1322 1707 1429 1741; x_wconf 77' lang='grc' dir='ltr'>γίνεται</span> <span class='ocrx_word' id='word_1_670' title='bbox 1451 1707 1502 1742; x_wconf 79' lang='grc' dir='ltr'><strong>τὴν</strong></span> <span class='ocrx_word' id='word_1_671' title='bbox 1520 1707 1566 1732; x_wconf 85' lang='grc' dir='ltr'><strong>τοῦ</strong></span> <span class='ocrx_word' id='word_1_672' title='bbox 1584 1707 1672 1741; x_wconf 85' lang='grc' dir='ltr'>Λόγου</span> <span class='ocrx_word' id='word_1_673' title='bbox 1688 1707 1806 1743; x_wconf 84' lang='grc' dir='ltr'>δύναμιν</span> <span class='ocrx_word' id='word_1_674' title='bbox 1825 1709 1852 1733; x_wconf 84' lang='grc' dir='ltr'>ὲν</span> 
     </span>
    </p>
   </div>
   <div class='ocr_carea' id='block_1_92' title="bbox 1066 1750 1849 1786">
    <p class='ocr_par' dir='ltr' id='par_1_92' title="bbox 1066 1750 1849 1786">
     <span class='ocr_line' id='line_1_92' title="bbox 1066 1750 1849 1786; baseline 0.001 -10"><span class='ocrx_word' id='word_1_675' title='bbox 1066 1750 1150 1785; x_wconf 81' lang='grc' dir='ltr'>ἑαυτῇ</span> <span class='ocrx_word' id='word_1_676' title='bbox 1167 1750 1340 1786; x_wconf 83' lang='grc' dir='ltr'>φανεροῦσα·</span> <span class='ocrx_word' id='word_1_677' title='bbox 1360 1751 1408 1777; x_wconf 77' lang='grc' dir='ltr'><strong>ἐπὶ</strong></span> <span class='ocrx_word' id='word_1_678' title='bbox 1423 1750 1451 1777; x_wconf 75' lang='grc' dir='ltr'>δὲ</span> <span class='ocrx_word' id='word_1_679' title='bbox 1468 1751 1518 1784; x_wconf 83' lang='grc' dir='ltr'>τῆς</span> <span class='ocrx_word' id='word_1_680' title='bbox 1539 1750 1615 1782; x_wconf 83' lang='grc' dir='ltr'>θείας</span> <span class='ocrx_word' id='word_1_681' title='bbox 1633 1751 1740 1784; x_wconf 72' lang='grc' dir='ltr'>φύσεως</span> <span class='ocrx_word' id='word_1_682' title='bbox 1754 1753 1784 1777; x_wconf 71' lang='grc' dir='ltr'>τὸ</span> <span class='ocrx_word' id='word_1_683' title='bbox 1801 1752 1849 1786; x_wconf 82' lang='grc' dir='ltr'>μὲν</span> 
     </span>
    </p>
   </div>
   <div class='ocr_carea' id='block_1_93' title="bbox 1065 1794 1847 1833">
    <p class='ocr_par' dir='ltr' id='par_1_93' title="bbox 1065 1794 1847 1833">
     <span class='ocr_line' id='line_1_93' title="bbox 1065 1794 1847 1833; baseline 0.003 -11"><span class='ocrx_word' id='word_1_684' title='bbox 1065 1794 1136 1822; x_wconf 76' lang='grc' dir='ltr'>εἶναι</span> <span class='ocrx_word' id='word_1_685' title='bbox 1155 1796 1268 1831; x_wconf 80' lang='grc' dir='ltr'>Πνεῦμα</span> <span class='ocrx_word' id='word_1_686' title='bbox 1290 1796 1357 1823; x_wconf 87' lang='grc' dir='ltr'>Θεοῦ</span> <span class='ocrx_word' id='word_1_687' title='bbox 1383 1796 1495 1828; x_wconf 77' lang='grc' dir='ltr'>εὐσεσὲς</span> <span class='ocrx_word' id='word_1_688' title='bbox 1516 1797 1658 1832; x_wconf 74' lang='grc' dir='ltr'>ἐνομίσθη,</span> <span class='ocrx_word' id='word_1_689' title='bbox 1682 1797 1754 1824; x_wconf 73' lang='grc' dir='ltr'>καθὰ</span> <span class='ocrx_word' id='word_1_690' title='bbox 1771 1798 1847 1833; x_wconf 74' lang='grc' dir='ltr'>ἐδόθη</span> 
     </span>
    </p>
   </div>
   <div class='ocr_carea' id='block_1_94' title="bbox 1065 1840 1849 1880">
    <p class='ocr_par' dir='ltr' id='par_1_94' title="bbox 1065 1840 1849 1880">
     <span class='ocr_line' id='line_1_94' title="bbox 1065 1840 1849 1880; baseline 0.005 -13"><span class='ocrx_word' id='word_1_691' title='bbox 1065 1842 1114 1867; x_wconf 78' lang='grc' dir='ltr'><strong>καὶ</strong></span> <span class='ocrx_word' id='word_1_692' title='bbox 1135 1842 1222 1875; x_wconf 86' lang='grc' dir='ltr'>Λόγον</span> <span class='ocrx_word' id='word_1_693' title='bbox 1237 1840 1307 1868; x_wconf 83' lang='grc' dir='ltr'>εἶναι</span> <span class='ocrx_word' id='word_1_694' title='bbox 1327 1842 1394 1869; x_wconf 85' lang='grc' dir='ltr'>Θεοῦ</span> <span class='ocrx_word' id='word_1_695' title='bbox 1410 1842 1455 1869; x_wconf 75' lang='grc' dir='ltr'><strong>διὰ</strong></span> <span class='ocrx_word' id='word_1_696' title='bbox 1477 1843 1508 1869; x_wconf 84' lang='grc' dir='ltr'>τὸ</span> <span class='ocrx_word' id='word_1_697' title='bbox 1533 1842 1618 1878; x_wconf 77' lang='grc' dir='ltr'>μηδὲν</span> <span class='ocrx_word' id='word_1_698' title='bbox 1643 1843 1849 1880; x_wconf 81' lang='grc' dir='ltr'>ὲλλειπέστερον</span> 
     </span>
    </p>
   </div>
   <div class='ocr_carea' id='block_1_95' title="bbox 1064 1886 1848 1923">
    <p class='ocr_par' dir='ltr' id='par_1_95' title="bbox 1064 1886 1848 1923">
     <span class='ocr_line' id='line_1_95' title="bbox 1064 1886 1848 1923; baseline 0.004 -11"><span class='ocrx_word' id='word_1_699' title='bbox 1064 1886 1111 1912; x_wconf 88' lang='grc' dir='ltr'><strong>τοῦ</strong></span> <span class='ocrx_word' id='word_1_700' title='bbox 1127 1887 1261 1921; x_wconf 82' lang='grc' dir='ltr'>ἡμετέρου</span> <span class='ocrx_word' id='word_1_701' title='bbox 1276 1887 1355 1920; x_wconf 80' lang='grc' dir='ltr'>λόγου</span> <span class='ocrx_word' id='word_1_702' title='bbox 1371 1887 1416 1913; x_wconf 80' lang='grc' dir='ltr'>τὸν</span> <span class='ocrx_word' id='word_1_703' title='bbox 1429 1886 1476 1914; x_wconf 87' lang='grc' dir='ltr'><strong>τοῦ</strong></span> <span class='ocrx_word' id='word_1_704' title='bbox 1487 1887 1554 1914; x_wconf 85' lang='grc' dir='ltr'>Θεοῦ</span> <span class='ocrx_word' id='word_1_705' title='bbox 1570 1887 1639 1914; x_wconf 83' lang='grc' dir='ltr'>εἶναι</span> <span class='ocrx_word' id='word_1_706' title='bbox 1656 1889 1754 1923; x_wconf 83' lang='grc' dir='ltr'>Λόγον,</span> <span class='ocrx_word' id='word_1_707' title='bbox 1770 1890 1848 1923; x_wconf 73' lang='grc' dir='ltr'>εἴπερ</span> 
     </span>
    </p>
   </div>
   <div class='ocr_carea' id='block_1_96' title="bbox 1063 1932 1848 1969">
    <p class='ocr_par' dir='ltr' id='par_1_96' title="bbox 1063 1932 1848 1969">
     <span class='ocr_line' id='line_1_96' title="bbox 1063 1932 1848 1969; baseline 0.005 -11"><span class='ocrx_word' id='word_1_708' title='bbox 1063 1932 1159 1959; x_wconf 87' lang='grc' dir='ltr'>τούτου</span> <span class='ocrx_word' id='word_1_709' title='bbox 1183 1932 1252 1968; x_wconf 83' lang='grc' dir='ltr'>μετὰ</span> <span class='ocrx_word' id='word_1_710' title='bbox 1273 1933 1320 1959; x_wconf 87' lang='grc' dir='ltr'><strong>τοῦ</strong></span> <span class='ocrx_word' id='word_1_711' title='bbox 1341 1933 1494 1968; x_wconf 81' lang='grc' dir='ltr'>πνεύματος</span> <span class='ocrx_word' id='word_1_712' title='bbox 1520 1933 1722 1969; x_wconf 82' lang='grc' dir='ltr'>θεωρουμένου,</span> <span class='ocrx_word' id='word_1_713' title='bbox 1747 1936 1848 1967; x_wconf 76' lang='grc' dir='ltr'>ἐκεῖνος</span> 
     </span>
    </p>
   </div>
   <div class='ocr_carea' id='block_1_97' title="bbox 1063 1977 1847 2017">
    <p class='ocr_par' dir='ltr' id='par_1_97' title="bbox 1063 1977 1847 2017">
     <span class='ocr_line' id='line_1_97' title="bbox 1063 1977 1847 2017; baseline 0.006 -13"><span class='ocrx_word' id='word_1_714' title='bbox 1063 1977 1126 2014; x_wconf 82' lang='grc' dir='ltr'>δίχα</span> <span class='ocrx_word' id='word_1_715' title='bbox 1143 1979 1299 2014; x_wconf 79' lang='grc' dir='ltr'>Πνεύματος</span> <span class='ocrx_word' id='word_1_716' title='bbox 1316 1977 1386 2006; x_wconf 77' lang='grc' dir='ltr'>εἶναι</span> <span class='ocrx_word' id='word_1_717' title='bbox 1406 1981 1578 2008; x_wconf 80' lang='grc' dir='ltr'>πιστεύοιτο’</span> <span class='ocrx_word' id='word_1_718' title='bbox 1593 1981 1624 2007; x_wconf 80' lang='grc' dir='ltr'>οὐ</span> <span class='ocrx_word' id='word_1_719' title='bbox 1639 1981 1694 2017; x_wconf 86' lang='grc' dir='ltr'>μὴν</span> <span class='ocrx_word' id='word_1_720' title='bbox 1707 1981 1847 2016; x_wconf 81' lang='grc' dir='ltr'>ἀλλότριόν</span> 
     </span>
    </p>
   </div>
   <div class='ocr_carea' id='block_1_98' title="bbox 1063 2023 1846 2062">
    <p class='ocr_par' dir='ltr' id='par_1_98' title="bbox 1063 2023 1846 2062">
     <span class='ocr_line' id='line_1_98' title="bbox 1063 2023 1846 2062; baseline 0.005 -12"><span class='ocrx_word' id='word_1_721' title='bbox 1063 2032 1089 2050; x_wconf 87' lang='grc' dir='ltr'><strong>τι</strong></span> <span class='ocrx_word' id='word_1_722' title='bbox 1102 2023 1164 2052; x_wconf 80' lang='grc' dir='ltr'>καθ’</span> <span class='ocrx_word' id='word_1_723' title='bbox 1177 2025 1326 2060; x_wconf 81' lang='grc' dir='ltr'>ὁμοιότητα</span> <span class='ocrx_word' id='word_1_724' title='bbox 1341 2025 1389 2052; x_wconf 86' lang='grc' dir='ltr'><strong>τοῦ</strong></span> <span class='ocrx_word' id='word_1_725' title='bbox 1413 2025 1550 2062; x_wconf 77' lang='grc' dir='ltr'>ἡμετέρου</span> <span class='ocrx_word' id='word_1_726' title='bbox 1569 2026 1727 2060; x_wconf 82' lang='grc' dir='ltr'>πνεύματος</span> <span class='ocrx_word' id='word_1_727' title='bbox 1747 2026 1846 2059; x_wconf 77' lang='grc' dir='ltr'>ἔξωθεν</span> 
     </span>
    </p>
   </div>
   <div class='ocr_carea' id='block_1_99' title="bbox 1063 2071 1846 2109">
    <p class='ocr_par' dir='ltr' id='par_1_99' title="bbox 1063 2071 1846 2109">
     <span class='ocr_line' id='line_1_99' title="bbox 1063 2071 1846 2109; baseline 0.005 -12"><span class='ocrx_word' id='word_1_728' title='bbox 1063 2071 1188 2107; x_wconf 68' lang='grc' dir='ltr'>ὲπιρῤεῑν</span> <span class='ocrx_word' id='word_1_729' title='bbox 1212 2071 1251 2107; x_wconf 85' lang='grc' dir='ltr'>τῷ</span> <span class='ocrx_word' id='word_1_730' title='bbox 1269 2071 1340 2108; x_wconf 86' lang='grc' dir='ltr'>Θεῷ,</span> <span class='ocrx_word' id='word_1_731' title='bbox 1360 2073 1407 2099; x_wconf 75' lang='grc' dir='ltr'>καὶ</span> <span class='ocrx_word' id='word_1_732' title='bbox 1435 2074 1464 2100; x_wconf 82' lang='grc' dir='ltr'>ὲν</span> <span class='ocrx_word' id='word_1_733' title='bbox 1491 2073 1566 2108; x_wconf 80' lang='grc' dir='ltr'>αὐτῷ</span> <span class='ocrx_word' id='word_1_734' title='bbox 1587 2073 1711 2109; x_wconf 79' lang='grc' dir='ltr'>γίνεσθαι</span> <span class='ocrx_word' id='word_1_735' title='bbox 1737 2075 1846 2109; x_wconf 87' lang='grc' dir='ltr'>πνεῦμα</span> 
     </span>
    </p>
   </div>
   <div class='ocr_carea' id='block_1_100' title="bbox 1064 2114 1846 2154">
    <p class='ocr_par' dir='ltr' id='par_1_100' title="bbox 1064 2114 1846 2154">
     <span class='ocr_line' id='line_1_100' title="bbox 1064 2114 1846 2154; baseline 0.006 -13"><span class='ocrx_word' id='word_1_736' title='bbox 1064 2114 1216 2150; x_wconf 72' lang='grc' dir='ltr'>θεοπρεπὲς</span> <span class='ocrx_word' id='word_1_737' title='bbox 1245 2118 1319 2143; x_wconf 78' lang='grc' dir='ltr'>ἐστιν</span> <span class='ocrx_word' id='word_1_738' title='bbox 1348 2116 1461 2145; x_wconf 77' lang='grc' dir='ltr'>οἴεσθαι.</span> <span class='ocrx_word' id='word_1_739' title='bbox 1494 2118 1565 2144; x_wconf 85' lang='grc' dir='ltr'>Ἀλλ’</span> <span class='ocrx_word' id='word_1_740' title='bbox 1594 2119 1631 2150; x_wconf 79' lang='grc' dir='ltr'>ὡς</span> <span class='ocrx_word' id='word_1_741' title='bbox 1661 2118 1730 2145; x_wconf 85' lang='grc' dir='ltr'>Θεοῦ</span> <span class='ocrx_word' id='word_1_742' title='bbox 1761 2120 1846 2154; x_wconf 76' lang='grc' dir='ltr'>Λόγον</span> 
     </span>
    </p>
   </div>
   <div class='ocr_carea' id='block_1_101' title="bbox 1063 2161 1846 2200">
    <p class='ocr_par' dir='ltr' id='par_1_101' title="bbox 1063 2161 1846 2200">
     <span class='ocr_line' id='line_1_101' title="bbox 1063 2161 1846 2200; baseline 0.006 -13"><span class='ocrx_word' id='word_1_743' title='bbox 1063 2161 1229 2193; x_wconf 78' lang='grc' dir='ltr'>ἀκούσαντες</span> <span class='ocrx_word' id='word_1_744' title='bbox 1245 2163 1295 2188; x_wconf 66' lang='grc' dir='ltr'>οὐκ</span> <span class='ocrx_word' id='word_1_745' title='bbox 1309 2162 1495 2190; x_wconf 82' lang='grc' dir='ltr'>ἀνυπόστατόν</span> <span class='ocrx_word' id='word_1_746' title='bbox 1511 2171 1537 2190; x_wconf 88' lang='grc' dir='ltr'><strong>τι</strong></span> <span class='ocrx_word' id='word_1_747' title='bbox 1559 2165 1679 2199; x_wconf 84' lang='grc' dir='ltr'>πρᾶγμα</span> <span class='ocrx_word' id='word_1_748' title='bbox 1695 2165 1739 2191; x_wconf 75' lang='grc' dir='ltr'>τὸν</span> <span class='ocrx_word' id='word_1_749' title='bbox 1761 2166 1846 2200; x_wconf 87' lang='grc' dir='ltr'>Λόγον</span> 
     </span>
    </p>
   </div>
   <div class='ocr_carea' id='block_1_102' title="bbox 1028 2201 1846 2245">
    <p class='ocr_par' dir='ltr' id='par_1_102' title="bbox 1028 2201 1846 2245">
     <span class='ocr_line' id='line_1_102' title="bbox 1028 2201 1846 2245; baseline 0.01 -14"><span class='ocrx_word' id='word_1_750' title='bbox 1028 2201 1051 2230; x_wconf 77' lang='grc' dir='ltr'><strong><em>Β</em></strong></span> <span class='ocrx_word' id='word_1_751' title='bbox 1064 2206 1205 2242; x_wconf 68' lang='grc' dir='ltr'>ᾠήθημεν,</span> <span class='ocrx_word' id='word_1_752' title='bbox 1225 2207 1285 2235; x_wconf 80' lang='grc' dir='ltr'>οὐδὲ</span> <span class='ocrx_word' id='word_1_753' title='bbox 1301 2208 1333 2234; x_wconf 81' lang='grc' dir='ltr'>ἑκ</span> <span class='ocrx_word' id='word_1_754' title='bbox 1352 2208 1498 2243; x_wconf 81' lang='grc' dir='ltr'>μαθήσεως</span> <span class='ocrx_word' id='word_1_755' title='bbox 1517 2209 1702 2245; x_wconf 80' lang='grc' dir='ltr'>ἐγγινόμενον,</span> <span class='ocrx_word' id='word_1_756' title='bbox 1719 2211 1782 2238; x_wconf 83' lang='grc' dir='ltr'>οὔτε</span> <span class='ocrx_word' id='word_1_757' title='bbox 1803 2212 1846 2239; x_wconf 74' lang='grc' dir='ltr'>διὰ</span> 
     </span>
    </p>
   </div>
   <div class='ocr_carea' id='block_1_103' title="bbox 1063 2252 1844 2293">
    <p class='ocr_par' dir='ltr' id='par_1_103' title="bbox 1063 2252 1844 2293">
     <span class='ocr_line' id='line_1_103' title="bbox 1063 2252 1844 2293; baseline 0.01 -17"><span class='ocrx_word' id='word_1_758' title='bbox 1063 2252 1154 2286; x_wconf 86' lang='grc' dir='ltr'>φωνῆς</span> <span class='ocrx_word' id='word_1_759' title='bbox 1170 2252 1404 2287; x_wconf 80' lang='grc' dir='ltr'>προσφερόμενον,</span> <span class='ocrx_word' id='word_1_760' title='bbox 1421 2253 1484 2280; x_wconf 76' lang='grc' dir='ltr'>οὒτε</span> <span class='ocrx_word' id='word_1_761' title='bbox 1498 2256 1568 2290; x_wconf 83' lang='grc' dir='ltr'>μετὰ</span> <span class='ocrx_word' id='word_1_762' title='bbox 1581 2256 1611 2282; x_wconf 67' lang='grc' dir='ltr'>τὸ</span> <span class='ocrx_word' id='word_1_763' title='bbox 1628 2258 1844 2293; x_wconf 81' lang='grc' dir='ltr'>προσενεχθῆναι</span> 
     </span>
    </p>
   </div>
   <div class='ocr_carea' id='block_1_104' title="bbox 1061 2297 1844 2337">
    <p class='ocr_par' dir='ltr' id='par_1_104' title="bbox 1061 2297 1844 2337">
     <span class='ocr_line' id='line_1_104' title="bbox 1061 2297 1844 2337; baseline 0.01 -15"><span class='ocrx_word' id='word_1_764' title='bbox 1061 2297 1247 2332; x_wconf 80' lang='grc' dir='ltr'>διαλυόμενον,</span> <span class='ocrx_word' id='word_1_765' title='bbox 1271 2299 1332 2325; x_wconf 76' lang='grc' dir='ltr'>οὐδὲ</span> <span class='ocrx_word' id='word_1_766' title='bbox 1357 2299 1421 2326; x_wconf 75' lang='grc' dir='ltr'>ἄλλο</span> <span class='ocrx_word' id='word_1_767' title='bbox 1436 2309 1464 2327; x_wconf 87' lang='grc' dir='ltr'><strong>τι</strong></span> <span class='ocrx_word' id='word_1_768' title='bbox 1481 2301 1619 2336; x_wconf 79' lang='grc' dir='ltr'>πάσχοντα</span> <span class='ocrx_word' id='word_1_769' title='bbox 1641 2303 1774 2337; x_wconf 83' lang='grc' dir='ltr'>τοιοῦτον,</span> <span class='ocrx_word' id='word_1_770' title='bbox 1801 2303 1844 2331; x_wconf 80' lang='grc' dir='ltr'>οἷα</span> 
     </span>
    </p>
   </div>
   <div class='ocr_carea' id='block_1_105' title="bbox 1062 2343 1843 2385">
    <p class='ocr_par' dir='ltr' id='par_1_105' title="bbox 1062 2343 1843 2385">
     <span class='ocr_line' id='line_1_105' title="bbox 1062 2343 1843 2385; baseline 0.01 -16"><span class='ocrx_word' id='word_1_771' title='bbox 1062 2343 1129 2378; x_wconf 75' lang='grc' dir='ltr'>περὶ</span> <span class='ocrx_word' id='word_1_772' title='bbox 1154 2344 1200 2370; x_wconf 71' lang='grc' dir='ltr'>τὸν</span> <span class='ocrx_word' id='word_1_773' title='bbox 1226 2345 1364 2380; x_wconf 75' lang='grc' dir='ltr'>ἡμέτερον</span> <span class='ocrx_word' id='word_1_774' title='bbox 1392 2346 1471 2381; x_wconf 91' lang='grc' dir='ltr'>λόγον</span> <span class='ocrx_word' id='word_1_775' title='bbox 1497 2347 1640 2382; x_wconf 80' lang='grc' dir='ltr'>θεωρεῖται</span> <span class='ocrx_word' id='word_1_776' title='bbox 1667 2349 1755 2385; x_wconf 83' lang='grc' dir='ltr'>πάθη,</span> <span class='ocrx_word' id='word_1_777' title='bbox 1788 2351 1843 2377; x_wconf 75' lang='grc' dir='ltr'>ἀλλ’</span> 
     </span>
    </p>
   </div>
   <div class='ocr_carea' id='block_1_106' title="bbox 1061 2390 1840 2432">
    <p class='ocr_par' dir='ltr' id='par_1_106' title="bbox 1061 2390 1840 2432">
     <span class='ocr_line' id='line_1_106' title="bbox 1061 2390 1840 2432; baseline 0.01 -16"><span class='ocrx_word' id='word_1_778' title='bbox 1061 2390 1198 2423; x_wconf 74' lang='grc' dir='ltr'>οὐσιωδὼς</span> <span class='ocrx_word' id='word_1_779' title='bbox 1214 2392 1370 2426; x_wconf 84' lang='grc' dir='ltr'>ὑφεστῶτα,</span> <span class='ocrx_word' id='word_1_780' title='bbox 1389 2395 1583 2429; x_wconf 81' lang='grc' dir='ltr'>προαιρετικόν</span> <span class='ocrx_word' id='word_1_781' title='bbox 1598 2404 1628 2422; x_wconf 85' lang='grc' dir='ltr'><strong>τε</strong></span> <span class='ocrx_word' id='word_1_782' title='bbox 1653 2398 1700 2422; x_wconf 79' lang='grc' dir='ltr'>καὶ</span> <span class='ocrx_word' id='word_1_783' title='bbox 1717 2397 1840 2432; x_wconf 74' lang='grc' dir='ltr'>ἐνεργὸν,</span> 
     </span>
    </p>
   </div>
   <div class='ocr_carea' id='block_1_107' title="bbox 1061 2436 1842 2478">
    <p class='ocr_par' dir='ltr' id='par_1_107' title="bbox 1061 2436 1842 2478">
     <span class='ocr_line' id='line_1_107' title="bbox 1061 2436 1842 2478; baseline 0.013 -17"><span class='ocrx_word' id='word_1_784' title='bbox 1061 2436 1109 2461; x_wconf 76' lang='grc' dir='ltr'>καὶ</span> <span class='ocrx_word' id='word_1_785' title='bbox 1132 2436 1337 2474; x_wconf 73' lang='grc' dir='ltr'>παντοδύναμον</span> <span class='ocrx_word' id='word_1_786' title='bbox 1351 2438 1440 2465; x_wconf 80' lang='grc' dir='ltr'>οὕτω·</span> <span class='ocrx_word' id='word_1_787' title='bbox 1459 2441 1506 2467; x_wconf 76' lang='grc' dir='ltr'><strong>καὶ</strong></span> <span class='ocrx_word' id='word_1_788' title='bbox 1526 2441 1637 2476; x_wconf 82' lang='grc' dir='ltr'>Πνεῦμα</span> <span class='ocrx_word' id='word_1_789' title='bbox 1654 2443 1842 2478; x_wconf 77' lang='grc' dir='ltr'>μεμαθηκότες</span> 
     </span>
    </p>
   </div>
   <div class='ocr_carea' id='block_1_108' title="bbox 1060 2480 1842 2525">
    <p class='ocr_par' dir='ltr' id='par_1_108' title="bbox 1060 2480 1842 2525">
     <span class='ocr_line' id='line_1_108' title="bbox 1060 2480 1842 2525; baseline 0.012 -18"><span class='ocrx_word' id='word_1_790' title='bbox 1060 2480 1139 2514; x_wconf 86' lang='grc' dir='ltr'>Θεοῦ,</span> <span class='ocrx_word' id='word_1_791' title='bbox 1156 2482 1186 2509; x_wconf 86' lang='grc' dir='ltr'>τὸ</span> <span class='ocrx_word' id='word_1_792' title='bbox 1201 2485 1454 2520; x_wconf 85' lang='grc' dir='ltr'>συμπαρομαρτοῦν</span> <span class='ocrx_word' id='word_1_793' title='bbox 1470 2485 1510 2521; x_wconf 84' lang='grc' dir='ltr'>τῷ</span> <span class='ocrx_word' id='word_1_794' title='bbox 1535 2487 1624 2522; x_wconf 84' lang='grc' dir='ltr'>Λόγῳ,</span> <span class='ocrx_word' id='word_1_795' title='bbox 1647 2491 1694 2515; x_wconf 79' lang='grc' dir='ltr'>καὶ</span> <span class='ocrx_word' id='word_1_796' title='bbox 1709 2491 1842 2525; x_wconf 70' lang='grc' dir='ltr'>φανεροίν</span> 
     </span>
    </p>
   </div>
   <div class='ocr_carea' id='block_1_109' title="bbox 1062 2529 1840 2570">
    <p class='ocr_par' dir='ltr' id='par_1_109' title="bbox 1062 2529 1840 2570">
     <span class='ocr_line' id='line_1_109' title="bbox 1062 2529 1840 2570; baseline 0.01 -16"><span class='ocrx_word' id='word_1_797' title='bbox 1062 2529 1145 2557; x_wconf 87' lang='grc' dir='ltr'>αὺτοῦ</span> <span class='ocrx_word' id='word_1_798' title='bbox 1161 2530 1209 2564; x_wconf 85' lang='grc' dir='ltr'>τὴν</span> <span class='ocrx_word' id='word_1_799' title='bbox 1224 2531 1376 2565; x_wconf 73' lang='grc' dir='ltr'>ἐνέργειαν,</span> <span class='ocrx_word' id='word_1_800' title='bbox 1391 2532 1421 2557; x_wconf 84' lang='grc' dir='ltr'>οὒ</span> <span class='ocrx_word' id='word_1_801' title='bbox 1437 2533 1521 2568; x_wconf 82' lang='grc' dir='ltr'>πνοὴν</span> <span class='ocrx_word' id='word_1_802' title='bbox 1543 2533 1664 2568; x_wconf 74' lang='grc' dir='ltr'>ᾄσματος</span> <span class='ocrx_word' id='word_1_803' title='bbox 1687 2535 1840 2570; x_wconf 78' lang='grc' dir='ltr'>ἐννοοῦμεν.</span> 
     </span>
    </p>
   </div>
   <div class='ocr_carea' id='block_1_110' title="bbox 1059 2573 1840 2617">
    <p class='ocr_par' dir='ltr' id='par_1_110' title="bbox 1059 2573 1840 2617">
     <span class='ocr_line' id='line_1_110' title="bbox 1059 2573 1840 2617; baseline 0.009 -16"><span class='ocrx_word' id='word_1_804' title='bbox 1059 2573 1098 2601; x_wconf 86' lang='grc' dir='ltr'><em>Ἦ</em></span> <span class='ocrx_word' id='word_1_805' title='bbox 1116 2575 1170 2612; x_wconf 75' lang='grc' dir='ltr'><strong>γὰρ</strong></span> <span class='ocrx_word' id='word_1_806' title='bbox 1191 2576 1223 2603; x_wconf 84' lang='grc' dir='ltr'>ἂν</span> <span class='ocrx_word' id='word_1_807' title='bbox 1247 2577 1404 2612; x_wconf 78' lang='grc' dir='ltr'>καθαιροίτο</span> <span class='ocrx_word' id='word_1_808' title='bbox 1420 2578 1487 2613; x_wconf 66' lang='grc' dir='ltr'>πρὸς</span> <span class='ocrx_word' id='word_1_809' title='bbox 1507 2580 1690 2616; x_wconf 78' lang='grc' dir='ltr'>ταπεινότητα</span> <span class='ocrx_word' id='word_1_810' title='bbox 1704 2581 1735 2607; x_wconf 81' lang='grc' dir='ltr'>τὸ</span> <span class='ocrx_word' id='word_1_811' title='bbox 1755 2590 1840 2617; x_wconf 84' lang='grc' dir='ltr'>μεγα-</span> 
     </span>
    </p>
   </div>
   <div class='ocr_carea' id='block_1_111' title="bbox 1059 2623 1839 2663">
    <p class='ocr_par' dir='ltr' id='par_1_111' title="bbox 1059 2623 1839 2663">
     <span class='ocr_line' id='line_1_111' title="bbox 1059 2623 1839 2663; baseline 0.008 -14"><span class='ocrx_word' id='word_1_812' title='bbox 1059 2623 1130 2650; x_wconf 76' lang='grc' dir='ltr'>λεῖον</span> <span class='ocrx_word' id='word_1_813' title='bbox 1148 2624 1196 2658; x_wconf 84' lang='grc' dir='ltr'><strong>τῆς</strong></span> <span class='ocrx_word' id='word_1_814' title='bbox 1210 2623 1286 2655; x_wconf 74' lang='lat' dir='ltr'><strong>Oeta;</strong></span> <span class='ocrx_word' id='word_1_815' title='bbox 1308 2625 1460 2660; x_wconf 80' lang='grc' dir='ltr'>δυνάμεως,</span> <span class='ocrx_word' id='word_1_816' title='bbox 1489 2628 1514 2653; x_wconf 74' lang='grc' dir='ltr'>εἰ</span> <span class='ocrx_word' id='word_1_817' title='bbox 1543 2627 1605 2654; x_wconf 81' lang='grc' dir='ltr'>καθ’</span> <span class='ocrx_word' id='word_1_818' title='bbox 1631 2628 1779 2663; x_wconf 75' lang='grc' dir='ltr'>ὁμοιότητα</span> <span class='ocrx_word' id='word_1_819' title='bbox 1795 2628 1839 2655; x_wconf 78' lang='grc' dir='ltr'><strong>τοῦ</strong></span> 
     </span>
    </p>
   </div>
   <div class='ocr_carea' id='block_1_112' title="bbox 1059 2671 1838 2708">
    <p class='ocr_par' dir='ltr' id='par_1_112' title="bbox 1059 2671 1838 2708">
     <span class='ocr_line' id='line_1_112' title="bbox 1059 2671 1838 2708; baseline 0.003 -11"><span class='ocrx_word' id='word_1_820' title='bbox 1059 2671 1194 2707; x_wconf 78' lang='grc' dir='ltr'>ἡμετέρου</span> <span class='ocrx_word' id='word_1_821' title='bbox 1210 2671 1258 2697; x_wconf 78' lang='grc' dir='ltr'>καὶ</span> <span class='ocrx_word' id='word_1_822' title='bbox 1279 2672 1308 2697; x_wconf 82' lang='grc' dir='ltr'>τὸ</span> <span class='ocrx_word' id='word_1_823' title='bbox 1334 2672 1363 2697; x_wconf 87' lang='grc' dir='ltr'>ὲν</span> <span class='ocrx_word' id='word_1_824' title='bbox 1385 2672 1460 2707; x_wconf 78' lang='grc' dir='ltr'>αὐτῷ</span> <span class='ocrx_word' id='word_1_825' title='bbox 1481 2672 1593 2708; x_wconf 80' lang='grc' dir='ltr'>Πνεῦμα</span> <span class='ocrx_word' id='word_1_826' title='bbox 1607 2673 1760 2706; x_wconf 78' lang='grc' dir='ltr'>ὺπονοοῖτο,</span> <span class='ocrx_word' id='word_1_827' title='bbox 1774 2675 1838 2701; x_wconf 72' lang='grc' dir='ltr'><strong>ἀλλὰ</strong></span> 
     </span>
    </p>
   </div>
   <div class='ocr_carea' id='block_1_113' title="bbox 1059 2716 1837 2755">
    <p class='ocr_par' dir='ltr' id='par_1_113' title="bbox 1059 2716 1837 2755">
     <span class='ocr_line' id='line_1_113' title="bbox 1059 2716 1837 2755; baseline 0.006 -13"><span class='ocrx_word' id='word_1_828' title='bbox 1059 2717 1172 2750; x_wconf 74' lang='grc' dir='ltr'>δύναμιν</span> <span class='ocrx_word' id='word_1_829' title='bbox 1194 2716 1309 2752; x_wconf 69' lang='grc' dir='ltr'>οὐδιώδη</span> <span class='ocrx_word' id='word_1_830' title='bbox 1338 2718 1423 2751; x_wconf 79' lang='grc' dir='ltr'>αὐτὴν</span> <span class='ocrx_word' id='word_1_831' title='bbox 1447 2719 1488 2752; x_wconf 74' lang='grc' dir='ltr'><strong>ἐφ’</strong></span> <span class='ocrx_word' id='word_1_832' title='bbox 1521 2718 1621 2752; x_wconf 75' lang='grc' dir='ltr'>ἑαυτῆς</span> <span class='ocrx_word' id='word_1_833' title='bbox 1647 2720 1676 2745; x_wconf 74' lang='grc' dir='ltr'>ἐν</span> <span class='ocrx_word' id='word_1_834' title='bbox 1703 2720 1837 2755; x_wconf 67' lang='grc' dir='ltr'>ἰδιαζοὺσῃ</span> 
     </span>
    </p>
   </div>
   <div class='ocr_carea' id='block_1_114' title="bbox 1059 2762 1838 2800">
    <p class='ocr_par' dir='ltr' id='par_1_114' title="bbox 1059 2762 1838 2800">
     <span class='ocr_line' id='line_1_114' title="bbox 1059 2762 1838 2800; baseline 0.006 -12"><span class='ocrx_word' id='word_1_835' title='bbox 1059 2762 1208 2789; x_wconf 80' lang='grc' dir='ltr'>ὑποστάσει</span> <span class='ocrx_word' id='word_1_836' title='bbox 1223 2762 1425 2799; x_wconf 81' lang='grc' dir='ltr'>θεωρουμένην,</span> <span class='ocrx_word' id='word_1_837' title='bbox 1450 2763 1510 2789; x_wconf 69' lang='grc' dir='ltr'>οὔτε</span> <span class='ocrx_word' id='word_1_838' title='bbox 1529 2764 1700 2800; x_wconf 76' lang='grc' dir='ltr'>χωρισθῆναι</span> <span class='ocrx_word' id='word_1_839' title='bbox 1711 2767 1758 2792; x_wconf 86' lang='grc' dir='ltr'><strong>τοῦ</strong></span> <span class='ocrx_word' id='word_1_840' title='bbox 1775 2766 1838 2792; x_wconf 74' lang='grc' dir='ltr'>θεοῦ</span> 
     </span>
    </p>
   </div>
   <div class='ocr_carea' id='block_1_115' title="bbox 1059 2805 1837 2847">
    <p class='ocr_par' dir='ltr' id='par_1_115' title="bbox 1059 2805 1837 2847">
     <span class='ocr_line' id='line_1_115' title="bbox 1059 2805 1837 2847; baseline 0.005 -13"><span class='ocrx_word' id='word_1_841' title='bbox 1059 2809 1087 2834; x_wconf 75' lang='grc' dir='ltr'>ἑν</span> <span class='ocrx_word' id='word_1_842' title='bbox 1102 2805 1124 2841; x_wconf 81' lang='grc' dir='ltr'><strong>ᾧ</strong></span> <span class='ocrx_word' id='word_1_843' title='bbox 1139 2809 1225 2840; x_wconf 78' lang='grc' dir='ltr'>ἐστιν,</span> <span class='ocrx_word' id='word_1_844' title='bbox 1243 2809 1259 2844; x_wconf 81' lang='grc' dir='ltr'><strong>ἢ</strong></span> <span class='ocrx_word' id='word_1_845' title='bbox 1277 2809 1323 2835; x_wconf 80' lang='grc' dir='ltr'><strong>τοῦ</strong></span> <span class='ocrx_word' id='word_1_846' title='bbox 1346 2809 1434 2844; x_wconf 84' lang='grc' dir='ltr'>Λόγου</span> <span class='ocrx_word' id='word_1_847' title='bbox 1447 2809 1494 2836; x_wconf 85' lang='grc' dir='ltr'><strong>τοῦ</strong></span> <span class='ocrx_word' id='word_1_848' title='bbox 1518 2810 1597 2843; x_wconf 87' lang='grc' dir='ltr'>Θεοῦ,</span> <span class='ocrx_word' id='word_1_849' title='bbox 1620 2807 1642 2844; x_wconf 82' lang='grc' dir='ltr'><strong>ᾧ</strong></span> <span class='ocrx_word' id='word_1_850' title='bbox 1658 2813 1837 2847; x_wconf 83' lang='grc' dir='ltr'>παρομαρτεῖ,</span> 
     </span>
    </p>
   </div>
   <div class='ocr_carea' id='block_1_116' title="bbox 1061 2857 1834 2894">
    <p class='ocr_par' dir='ltr' id='par_1_116' title="bbox 1061 2857 1834 2894">
     <span class='ocr_line' id='line_1_116' title="bbox 1061 2857 1834 2894; baseline 0.003 -11"><span class='ocrx_word' id='word_1_851' title='bbox 1061 2857 1224 2893; x_wconf 63' lang='grc' dir='ltr'>δυκιαμένην,</span> <span class='ocrx_word' id='word_1_852' title='bbox 1241 2857 1302 2884; x_wconf 77' lang='grc' dir='ltr'>οὕτε</span> <span class='ocrx_word' id='word_1_853' title='bbox 1319 2857 1385 2890; x_wconf 62' lang='grc' dir='ltr'>πρὸς</span> <span class='ocrx_word' id='word_1_854' title='bbox 1406 2857 1436 2884; x_wconf 74' lang='grc' dir='ltr'>τὸ</span> <span class='ocrx_word' id='word_1_855' title='bbox 1454 2857 1627 2893; x_wconf 77' lang='grc' dir='ltr'>ἀνύπαρκτον</span> <span class='ocrx_word' id='word_1_856' title='bbox 1639 2858 1834 2894; x_wconf 76' lang='grc' dir='ltr'>ἀναχεομένην.</span> 
     </span>
    </p>
   </div>
  </div>
