1893 3081
81 106 116 138 73
578 104 767 139 PANOPLIA
789 103 884 137 DOGN

951 106 1020 138 [ΟΔ.
1041 118 1074 125 -
1094 106 1169 138 ΤΙΤ.
1190 108 1233 139 ΙΙ.
1688 109 1722 140 7-1

81 169 130 188 σαν
148 162 289 198 μεριστῶς
301 169 310 178 ο

80 207 141 235 οὔτε
157 209 187 235 δὲ
201 208 403 244 αὐξανομένην,
420 208 437 244 ἦ
465 208 631 243 μειουμένην
647 207 812 244 ὑπερϐολαῖς
831 208 879 235 καὶ

81 256 196 290 ὖφέσεσι
209 264 216 271 ·
231 255 367 283 πάντοθεν
382 255 455 291 τσην,
470 254 520 290 τὴν
540 255 626 290 αὐτὴν
638 254 780 287 πάντοθεν,
797 253 834 286 ὡς
851 254 879 280 ἓν

81 303 110 329 οὐ
116 301 198 338 pavo-3
210 302 308 333 κάλλος
323 302 371 329 καὶ
388 302 502 337 μέγεθος
513 309 521 317 ⁸
533 301 618 336 τριῶν
632 301 755 336 ἀπείρων
766 300 880 335 ἄπειρον

84 348 226 383 συμφυΐαν
239 355 246 363 ·
267 347 335 374 Θεὸν
354 347 472 373 ἕκαστον
491 345 552 372 καθ’
571 345 652 372 ἑαυτὸ
672 345 879 380 θεωρούμενον,

83 395 120 425 ὡς
146 393 258 428 Πατέρα
280 393 328 420 καὶ
351 393 425 424 Υἱδν,
447 393 485 424 ὡς
507 391 573 420 Υίὸν
594 392 642 419 καὶ
667 391 698 417 τὺ
719 391 829 425 Πνεῦμα
850 390 881 417 τὸ

83 441 171 475 ἅγιον,
185 439 399 474 φυλασσομένης
413 439 523 474 ἑκάστῳ
541 438 590 474 τῆς
608 438 754 473 ίδιότητοςο
769 437 835 465 Θεὸν
848 437 882 465 τὰ

83 488 147 523 τρὲα
165 487 215 514 σὺν
232 486 359 521 ἀλλήλοις
375 485 509 521 νοούμενα
521 492 529 500 ⁰
545 485 635 512 ἐκεῖνο
653 484 698 512 διὰ
715 484 764 520 τὴν
781 484 882 519 ὸμοου-

85 534 215 569 σιὰτητα,
231 531 311 560 τοῦτο
328 531 372 559 διὰ
389 531 440 568 τὴν
458 531 621 568 μοναρχίαν.
639 531 678 558 Οὐ
694 530 788 566 φθάνω
806 530 836 557 τὸ
853 530 883 557 ἐν

83 579 191 611 νοῆσαι,
209 580 259 605 καὶ
274 579 332 610 τοῖς
350 578 424 614 τρισὶ
442 577 666 613 περιλάμπομαι.
684 577 721 603 Οὐ
741 576 836 611 φθάνω
848 576 884 603 τὰ

84 625 148 660 τρία
163 624 275 657 διελεῖν,
292 624 339 651 καὶ
352 624 392 656 είς
403 623 433 650 τὸ
446 623 475 650 ἓν
486 622 670 658 ἀναφέρομαι,
689 623 775 649 ὀταν
790 622 819 648 ἓν
830 622 885 649 τῶν

83 672 170 707 τριῶν
193 671 352 706 φαπασθῶ,
371 670 450 698 τοῦτο
474 670 578 705 νομίζω
605 669 638 696 τὸ
673 670 740 702 πᾶν,
760 669 809 696 καὶ
835 668 885 705 τὴν

86 719 150 754 ιψιν
165 718 363 754 πεπλήρωμαι,
389 717 436 744 καὶ
449 717 479 744 τὸ
493 717 585 744 πλεῖον
597 716 735 752 διέφυγεν.
755 716 813 743 Οὐκ
832 716 885 751 ἔχω

82 765 116 792 th
133 764 255 800 μέγεθος
276 764 374 791 τούτου
393 763 569 796 καταλαϐεῖν,
582 763 627 790 ἵνα
643 763 684 789 δῶ
693 762 832 790 ἰδ’τιλεῖον
847 763 886 799 τῷ

82 812 254 846 λειπομένῳ.
273 811 360 838 Ὀταν
374 810 407 838 τὰ
424 809 488 845 τρία
509 809 612 836 συνέλω
628 809 663 844 τῇ
680 808 799 844 θεωρίᾳ,
819 809 886 843 μίαν

83 857 141 892 ὁρῶ
160 855 304 891 λαμπάδα.
325 855 383 883 Οὐκ
400 855 455 890 ἔχω
469 854 576 888 διελεῖν,
589 855 606 890 ἢ
626 854 764 890 μετρῆσαι
776 854 806 881 τὸ
825 854 883 889 φῶς

83 902 254 938 ἑνιζόμενον.
273 902 346 938 Φοϐῇ
366 901 398 929 σὺ
416 893 552 936 γ’έννησιν,
570 901 614 928 ῐνα
630 902 668 937 μὴ
680 910 707 928 τι
725 900 801 937 πάθῃ
816 900 883 932 Θεὸς

82 950 98 976 ὸ
117 949 156 985 μὴ
175 949 310 985 πάσχων;
338 948 394 983 ἐγὼ
419 947 557 983 φοϐοῦμαι
575 948 625 983 τὴν
644 947 746 980 κτίσιν,
774 947 817 974 ἵνα
844 947 882 982 μὴ

84 995 154 1022 Θεδν
168 995 298 1022 ἀπολέσω
315 994 360 1021 διὰ
374 994 425 1030 τῆς
442 993 548 1030 ὕϐρεως
561 994 609 1020 καὶ
621 993 672 1029 τῆς
687 993 781 1020 ἀδίκου
797 1001 881 1020 κατα-

82 1041 186 1075 τομῆς,
211 1040 229 1076 ἢ
253 1040 301 1068 τὸν
324 1040 389 1068 Υίδν
405 1041 512 1075 τέμνων
530 1039 584 1067 ἀπὸ
596 1038 644 1066 τοῦ
659 1039 777 1075 Πατρὸς,
793 1039 810 1075 ἢ
827 1039 882 1066 ἀπὸ

82 1086 132 1113 τοῦ
153 1085 220 1113 Υίοῦ
239 1085 290 1122 τὴν
308 1085 405 1113 οὐσίαν
418 1085 466 1113 τοῦ
483 1084 654 1120 Π-ιεύματος.
673 1083 711 1111 To
724 1084 780 1119 γὰρ
795 1083 886 1120 παρά-

83 1132 174 1166 δοξον,
191 1133 234 1160 ὃτι
255 1133 293 1168 μὴ
315 1133 403 1164 κτίσις
418 1132 552 1166 ἐπάγεται
568 1133 649 1166 μόνον
662 1131 722 1166 Θεῷ
740 1131 817 1166 παρὰ
828 1132 885 1163 τοῖς

85 1177 181 1209 κακῶς
195 1178 311 1213 θεότητα
327 1177 549 1210 ταλαντεύουσιν,
564 1176 632 1203 ἀλλὰ
650 1176 698 1203 καὶ
713 1175 782 1211 αὑτὴ
804 1175 885 1203 πάλιν

85 1225 104 1259 ἡ
125 1224 216 1255 κτίσις
239 1225 280 1256 είς
297 1223 398 1259 ἑαυτὴν
420 1224 560 1259 τέμνεται.
582 1223 689 1257 Ὥσπερ
707 1221 756 1248 τοῦ
774 1222 885 1257 [ἰατρὸς

86 1270 284 1297 ὑποστέλλεται
299 1271 313 1296 ὁ
329 1270 394 1301 Υίδς
407 1270 464 1301 τοῖς
482 1269 620 1300 ταπεινοῖς
633 1267 681 1295 καὶ
698 1267 773 1295 κάτω
785 1268 884 1302 κειμέ-

85 1324 156 1348 νοις,
170 1315 256 1347 οὕτως
272 1315 508 1350 ὗποστελλομένης
524 1314 606 1341 πάλιν
621 1314 669 1340 καὶ
686 1313 739 1340 ἀπὸ
752 1312 801 1340 τοῦ
817 1312 883 1340 Tim?

84 1361 138 1396 τῆς
149 1361 229 1393 ἀξίας
247 1361 295 1388 τοῦ
310 1361 479 1397 Πνεύματος,
494 1360 533 1392 ὡς
546 1361 580 1388 ἂν
590 1361 637 1387 καὶ
652 1359 718 1392 Θεδς
731 1359 779 1386 καὶ
795 1359 885 1391 κτίσις

85 1407 236 1443 ὑϐρίζηται
248 1409 282 1443 τῇ
296 1408 361 1443 κενῇ
376 1406 463 1442 ταύτῃ
478 1405 614 1441 θεολογίᾳ.
630 1401 634 1404 ’

335 160 398 189 οὓτι
418 160 563 197 ἀνώμαλον
587 162 693 194 οὐσίαις
716 162 732 198 ἦ
756 162 880 197 φύσεσιν,

951 163 983 190 im
1008 163 1229 198 comprehendit.
1252 163 1347 199 Neque
1383 165 1514 197 essentia.
1543 169 1591 193 aut
1624 169 1723 193 natura

930 212 972 235 est
1003 207 1155 243 inaequalis,
1195 216 1285 244 neque
1317 210 1514 244 superlatione,
1539 210 1724 238 demissione-

930 261 963 281 ve
994 259 1179 289 augetur,aut
1203 255 1385 289 imminuitur,
1398 256 1445 284 sed
1458 256 1578 292 undique
1599 257 1724 292 :equalis.

931 299 1056 334 undique
1081 299 1189 333 eadem,
1210 301 1441 336 quemadmodum
1463 310 1516 329 una
1539 306 1582 329 est
1603 302 1726 337 pulchri—

932 345 997 372 tudo
1011 345 1071 373 cceli
1096 350 1124 373 et
1139 346 1299 381 magnitudo
1313 354 1320 375 :
1337 347 1419 375 trium
1433 346 1538 375 inﬁnita
1553 347 1724 382 conjunctio,

932 399 1048 426 quorum
1071 393 1273 428 unusquisque,
1291 394 1314 421 si
1334 401 1383 429 per
1403 401 1433 422 sc
1455 394 1658 426 consideretur,
1682 399 1726 422 est

932 437 1023 465 Deus:
1039 438 1109 466 sicut
1126 439 1216 473 Pater,
1225 439 1264 467 sic
1281 440 1363 468 etiam
1379 440 1462 468 Filius
1477 445 1524 473 ;et
1539 440 1612 468 sicut
1626 439 1723 472 Filius,

932 484 973 511 sic
981 485 1062 512 etiam
1073 485 1190 521 Spiritus
1200 490 1321 519 sanctus,
1332 486 1499 522 proprietate
1509 487 1727 522 uniuscujusque

934 536 1105 560 conservata.
1123 532 1170 560 Sin
1186 537 1243 560 tres
1253 533 1334 560 simul
1347 533 1568 567 eonsidercntur,
1578 537 1642 561 sunt
1654 541 1727 560 unus

934 577 1018 605 Deus.
1042 577 1070 605 ld
1095 582 1206 614 propter
1227 579 1351 606 eamdem
1367 584 1470 607 natura;
1495 580 1656 612 essentiam,
1672 581 1726 609 hoc

934 627 1046 658 propter
1067 622 1215 658 imperium
1235 623 1383 659 singulare.
1412 624 1503 652 Unum
1526 625 1646 661 cogitare
1669 634 1726 653 non

935 676 1059 704 possum,
1083 670 1148 704 quin
1168 678 1183 697 a
1208 670 1297 698 tribus
1320 670 1470 699 luminibus
1499 672 1627 700 illustrer.
1659 673 1724 702 llaec

935 715 1034 743 intueri
1059 716 1184 745 distincta
1210 724 1328 752 nequeo,
1344 717 1409 752 quin
1426 718 1460 746 ad
1489 727 1574 746 unum
1591 721 1725 754 perdiu-ar

935 761 1122 796 splendorem.
1138 762 1206 790 Cum
1218 763 1326 799 aliquod
1336 771 1431 792 eorum
1445 773 1529 792 unum
1543 767 1725 802 contemplor,

937 806 964 834 in
980 814 1013 834 eo
1042 811 1125 835 totam
1141 808 1230 836 lucem
1251 809 1452 842 animadverto,
1476 811 1625 848 oculosque
1649 821 1725 841 meos

937 853 973 880 ita
1002 853 1122 888 repletos
1145 855 1246 886 sentio.
1276 859 1306 882 ut
1333 855 1367 889 si,
1385 857 1457 891 quod
1480 857 1568 892 majus
1588 862 1640 892 est,
1665 859 1725 888 illos

937 899 1062 936 eﬂugiat,
1083 908 1137 927 non
1160 901 1266 929 valeam
1287 901 1502 937 magnitudinem
1522 903 1582 938 ejus
1600 911 1722 940 compre-

937 944 1069 978 hendere,
1101 950 1128 973 et
1158 945 1308 979 delleienti,
1341 946 1368 974 id
1396 947 1469 982 quod
1498 947 1544 975 alii
1567 953 1725 984 exsuperat,

935 990 1096 1018 attribuere.
1121 991 1188 1018 Cum
1202 992 1253 1019 tria
1270 992 1436 1027 cogitatione
1455 993 1603 1030 conjungo,
1623 995 1713 1030 lampa

934 1034 998 1063 dem
1014 1043 1097 1063 unam
1117 1035 1157 1064 sic
1185 1036 1303 1069 intueor,
1323 1041 1353 1064 ut
1375 1037 1464 1065 lucem
1486 1038 1547 1073 ejus
1569 1040 1724 1074 copulatam

936 1085 1018 1116 atque
1050 1082 1152 1109 unitam
1178 1082 1312 1116 dividere,
1338 1088 1386 1111 aut
1403 1083 1521 1112 dimetiri
1540 1092 1595 1112 non
1611 1086 1726 1120 possim.

936 1128 978 1155 Tu
1000 1129 1204 1162 generationem
1224 1129 1395 1164 reformidas,
1417 1137 1451 1158 ne
1472 1130 1528 1159 Deo
1548 1131 1726 1160 ali'eetiomtm

936 1176 1046 1211 experti
1086 1175 1261 1204 aﬂ‘ectionem
1297 1177 1447 1213 assignes;
1483 1186 1533 1215 ego
1558 1179 1727 1206 creationem

936 1223 1030 1255 timeo,
1046 1230 1082 1249 ne
1102 1222 1188 1250 Deum
1207 1223 1310 1257 tollam,
1320 1222 1344 1250 si
1359 1223 1400 1251 vel
1420 1223 1518 1251 Filium
1536 1231 1551 1251 a
1567 1223 1662 1256 Patre,
1681 1224 1726 1252 vel

937 1267 1056 1303 Spiritus
1075 1273 1200 1296 naturam
1216 1275 1232 1295 a
1247 1267 1315 1296 Filio
1331 1269 1529 1297 contumeliosa
1546 1274 1574 1296 et
1601 1270 1728 1304 inaequali

938 1313 1064 1341 sectione
1088 1313 1238 1349 sejungam.
1265 1313 1294 1341 Id
1317 1314 1390 1341 enim
1411 1314 1560 1342 absurdum
1580 1319 1633 1348 est,
1654 1314 1729 1350 quod

937 1359 972 1387 ab
985 1358 1058 1391 istis,
1077 1359 1124 1394 qui
1139 1367 1268 1394 perverse
1288 1359 1467 1388 Divinitatem
1487 1361 1655 1393 examinant,
1671 1368 1728 1388 non

938 1406 1027 1433 solum
1054 1405 1110 1433 Deo
1138 1405 1295 1439 ascribitur,
1319 1406 1393 1442 quod
1420 1411 1529 1434 creatus
1553 1406 1609 1440 sit,
1631 1415 1727 1435 verum

89 1458 177 1484 etiam
205 1464 276 1492 quos
296 1461 405 1485 creatos
429 1460 567 1488 asserunt,
597 1462 705 1482 rursum
744 1453 890 1482 disseCant.
929 1453 996 1482 Nam
1029 1459 1059 1482 ut
1098 1461 1114 1482 a
1146 1454 1227 1483 Patre
1263 1454 1419 1490 sejunctum
1456 1454 1555 1482 Filium
1585 1455 1612 1482 in
1646 1454 1729 1483 rebus

85 1503 239 1531 humilibus
266 1508 295 1532 et
314 1503 384 1531 infra
414 1503 522 1538 positis,
552 1509 651 1537 nempe
674 1501 774 1530 creatis
796 1502 897 1534 locant,
929 1502 968 1530 sic
995 1510 1103 1530 rursum
1140 1503 1236 1537 procul
1262 1510 1277 1530 a
1314 1501 1383 1531 Filio
1413 1503 1572 1539 dignitatem
1609 1501 1728 1538 Spiritus

83 1556 242 1586 separatam
282 1555 403 1585 ponunt,
435 1554 466 1577 ut
492 1550 544 1577 ista
579 1557 651 1577 nova
683 1549 820 1585 theologia
849 1555 877 1577 et
899 1550 972 1578 Deus
1008 1551 1099 1583 simul,
1129 1554 1158 1579 et
1189 1558 1234 1579 res
1267 1554 1367 1579 creatae
1399 1549 1551 1577 adiciantur
1567 1548 1728 1584 ignominia.

316 1607 368 1634 Ἐκ
382 1606 435 1634 τοῦ
447 1606 541 1634 αὑτοῦ
551 1606 658 1641 λόγου.

121 1655 200 1682 Θέλω
223 1654 270 1681 τὸν
291 1653 402 1688 Πατέρα
425 1653 512 1688 μείζω
537 1653 636 1686 είπεῖν,
661 1652 693 1686 ἐξ
721 1648 751 1679 οὗ
777 1652 824 1679 καὶ
850 1652 881 1678 th

84 1700 159 1732 ῐσοις
184 1698 256 1726 εἶναι
273 1700 329 1730 τ.ῖς
347 1701 415 1730 ῖσοις
434 1699 492 1725 ἔστι
504 1718 512 1731 ,
530 1698 621 1725 καὶτὸ
634 1697 720 1726 εἶναι*
736 1697 816 1724 τοῦτο
828 1697 882 1733 γὰρ

84 1746 168 1781 παρὰ
193 1747 305 1774 πάντων
329 1745 493 1781 δοθήσεταισ
516 1745 564 1772 καὶ¹
588 1745 694 1772 δέδοικα
708 1745 759 1780 τὴν
782 1744 881 1780 ἀρχὴν,

87 1795 128 1830 μὴ
143 1794 297 1820 ἐλαττόνων
313 1793 401 1828 ἀρχὴν
414 1792 532 1827 ποιήσω,
547 1791 594 1818 καὶ
610 1791 767 1826 καθυϐρίσω
778 1790 822 1817 διὰ
833 1791 883 1825 τῆς

86 1839 298 1875 προτιμήσεως.
312 1838 350 1864 Οὐ
363 1837 418 1872 γὰρ
434 1836 497 1870 δόξα
517 1836 555 1872 τῷ
570 1836 600 1869 ἐξ
611 1833 642 1864 οὗ
657 1837 674 1872 ἠ
689 1837 744 1863 τῶν
759 1835 788 1869 ἐξ
800 1835 883 1863 αὐτοῦ

86 1885 271 1916 ταπείνωσις.
290 1884 363 1920 Πρὸς
379 1884 408 1911 δὲ
433 1883 483 1910 καὶ
498 1883 645 1917 ὐφορῶμαι
660 1883 711 1918 τὴν
728 1883 778 1917 σὴν
794 1881 884 1917 ἀπλη-

86 1933 181 1964 στίαν,
205 1932 254 1966 μὴ,
267 1931 298 1957 τὺ
314 1930 407 1966 μεῖζον
419 1929 522 1961 λαϐὼν,
538 1928 721 1964 διχοτομήσῃς
735 1927 784 1962 τὴν
803 1926 885 1961 φύσιν

88 1979 165 2006 κατὰ
178 1978 267 2005 πάντα
281 1977 320 2012 τῷ
337 1976 442 2012 μείζονι
457 1974 611 2011 χρώμενος.
628 1974 666 2001 οὐ
683 1975 737 2009 γὰρ
751 1973 823 2001 κατὰ
835 1973 885 2008 τὴν

88 2026 176 2061 φύσιν
202 2025 232 2051 τὸ
259 2024 362 2059 μεῖζον,
389 2022 439 2058 τὴν
463 2022 554 2049 αἰτίαν
576 2021 614 2048 δέ.
643 2021 727 2047 Οὐδὲν
752 2020 807 2055 γὰρ
831 2019 885 2046 τῶν

88 2069 247 2105 ὁμοουσίων
271 2070 306 2105 τῇ
335 2069 414 2103 οὐσίᾳ
437 2067 529 2103 μεῖζον
553 2066 711 2102 ἢ,ἑλαττον.
735 2065 810 2093 Θέλω
838 2065 885 2092 τὴν

91 2117 160 2144 Υἰδν
184 2114 355 2151 προτιμῆσαι
382 2112 430 2140 τοῦ
451 2112 608 2148 Πνεύματος
626 2112 664 2144 ὡς
687 2111 761 2143 Υίὶν,
786 2111 833 2138 καὶ
854 2109 885 2136 οὐ

93 2161 236 2197 συγχωρεῖ
264 2169 310 2195 μοι
335 2159 366 2187 τὸ
395 2158 538 2194 βάπτισμα
567 2157 687 2185 τελειοῦν
716 2165 750 2193 με
773 2156 819 2184 διὰ
837 2155 885 2183 τοῦ

92 2208 167 2235 Ilva-.5
172 2215 268 2242 ματος.
302 2225 307 2230 .

97 2322 153 2349 Ἐκ
173 2320 227 2348 τοῦ
244 2320 339 2354 λόγου
354 2318 409 2346 τοῦ
431 2319 475 2352 είς
496 2318 552 2346 τὸν
567 2317 743 2345 κατάπλουν
761 2315 821 2343 τῶν
839 2317 888 2343 Δὶ-

327 2354 461 2390 γυπτίωιν
471 2354 657 2381 ἐπισκόπων.

128 2403 184 2430 Δύο
195 2401 330 2437 διαφορὰς
343 2402 372 2427 ὲν
390 2402 448 2432 τοῖς
464 2399 525 2427 οὖσι
541 2399 669 2434 γινώσκω
679 2398 729 2430 τὰς
743 2397 887 2430 ἀνωτάτω,

92 2447 256 2475 δεσποτείαν
272 2455 302 2474 τε
318 2447 366 2474 καὶ
379 2445 513 2478 δουλείαν,
533 2445 584 2480 οὺχ
601 2444 633 2476 ἃς
647 2443 713 2479 παρ’
726 2443 793 2479 ἡμῖν
807 2442 823 2478 ἢ
841 2451 886 2469 τυ-

96 2495 191 2529 ραννὶς
219 2492 329 2527 ἔτεμεν,
356 2492 372 2527 ἢ
393 2491 474 2519 πενία
497 2490 649 2525 διέστησεν,
671 2488 728 2515 ἀλλ’
749 2488 782 2519 ἃς
806 2487 886 2522 φύσις

94 2539 238 2574 διώρισεν,
249 2539 276 2565 εί
286 2547 326 2573 τῳ
344 2538 421 2572 φίλον
436 2537 508 2564 οὕτω
521 2536 626 2563 καλεῖν.
646 2534 683 2562 Th
703 2534 758 2570 γὰρ
777 2533 886 2569 πρῶτον

96 2588 144 2613 καὶ
161 2586 233 2621 ὕπερ
249 2585 300 2620 τὴν
317 2585 409 2620 φύσιν.
428 2584 538 2611 Τούτων
558 2584 586 2610 δὲ
606 2583 623 2618 ὴ
642 2583 692 2618 μὲν
709 2581 838 2616 ποιητική
856 2579 886 2606 τέ

97 2634 172 2664 ἔστι,
190 2633 239 2659 καὶ
252 2633 370 2668 ἀρχικὴ,
387 2633 435 2659 καὶ
454 2632 582 2667 ἀκίνητος
592 2651 600 2664 ,
614 2631 631 2666 ὴ
649 2629 677 2656 δὲ
693 2628 867 2663 πεποιημένη
878 2646 885 2660 ,

97 2682 144 2708 καὶ
159 2679 213 2707 ὑπὸ
227 2680 317 2715 χεῖρα,
331 2680 377 2706 καὶ
391 2679 609 2714 μεταπίπτουσα.
625 2677 679 2704 Καὶ
692 2675 731 2702 έτι
746 2673 886 2708 συντομώ-

96 2735 174 2761 τερον
190 2726 291 2758 εἰπεῖν,
306 2726 324 2761 ἡ
345 2726 394 2762 μὲν
420 2725 490 2760 ὑπὲρ
505 2723 601 2759 χρόνον
611 2744 619 2756 ,
635 2724 652 2758 ἡ
666 2722 694 2749 δὲ
708 2721 761 2749 ὑπὸ
777 2721 884 2756 χρόνον.

97 2774 227 2800 Καλεῖται
247 2773 275 2800 δὲ
292 2774 310 2808 ὴ
330 2772 380 2808 μὲν
404 2771 480 2803 Θεὸς,
501 2771 548 2797 καὶ
569 2769 594 2796 εί
616 2770 644 2795 ὲν
670 2769 745 2804 τρισὶ
761 2769 816 2798 τοῖς
837 2776 883 2802 με·

98 2819 199 2854 γίστοις
219 2821 345 2851 ἵσταται,
363 2819 457 2854 αἰτίῳ,
473 2817 522 2844 καὶ
540 2815 699 2852 δημιουργῷ
718 2815 764 2843 καὶ
783 2814 886 2842 τελειο-

265 2867 400 2898 ΡΑτιιοι.
421 2866 480 2897 Gn.
496 2864 628 2896 CXXX.

1178 1608 1219 1635 Ex
1233 1608 1325 1635 eadem
1345 1607 1480 1635 oratione.

969 1653 1149 1682 VoloPatrem
1163 1653 1293 1689 majorem
1302 1654 1409 1682 dicere:
1422 1661 1454 1681 ex
1462 1661 1516 1688 quo
1525 1654 1598 1681 enim
1609 1654 1729 1690 mquales

932 1699 1034 1727 habent
1047 1704 1078 1727 ut
1089 1700 1143 1727 sint
1158 1700 1286 1735 mquales,
1296 1707 1329 1727 ex
1342 1700 1437 1727 eodem
1453 1699 1601 1736 liabeut(id
1615 1701 1684 1735 quod
1693 1701 1727 1728 ab

932 1745 1062 1774 omnibus
1069 1745 1252 1781 concedetur)
1267 1750 1297 1773 ut
1315 1746 1370 1773 sint
1385 1754 1393 1773 :
1409 1745 1459 1773 sed
1473 1753 1570 1774 vereor
1596 1746 1725 1780 neillum,

933 1791 978 1827 qui
992 1791 1155 1827 principium
1164 1797 1216 1826 est,
1225 1793 1362 1820 minorum
1376 1792 1540 1828 principium
1551 1793 1726 1826 constituam,

934 1841 961 1865 et
970 1837 1012 1865 cui
1024 1837 1155 1866 honorem
1167 1838 1288 1866 tribuere
1304 1838 1434 1873 majorem
1448 1845 1542 1870 conor,
1552 1837 1726 1873 ignominiam

934 1884 1058 1912 aderam.
1073 1884 1102 1912 Ei
1113 1891 1232 1918 namque
1242 1884 1333 1912 decori
1344 1891 1404 1912 esse
1418 1891 1474 1911 non
1486 1889 1577 1919 potest
1588 1884 1727 1913 humilitas

934 1938 1039 1963 eorum,
1053 1930 1099 1965 qui
1111 1931 1144 1958 ab
1158 1931 1218 1966 ipso
1232 1935 1304 1958 sunt.
1319 1931 1419 1958 Adhaee
1434 1935 1460 1958 te
1477 1929 1536 1958 fore
1552 1930 1676 1965 suspicor
1685 1930 1727 1957 ὶιι-

935 1976 1099 2008 satiabilem,
1124 1981 1154 2004 ut
1164 1984 1226 2004 cum
1236 1976 1367 2010 majorem
1384 1975 1532 2011 acceperis,
1547 1975 1584 2003 ita
1600 1980 1726 2004 naturam

935 2030 1023 2055 seces,
1039 2023 1111 2050 ut'in
1127 2021 1256 2050 omnibus
1272 2021 1406 2056 majorem
1438 2021 1525 2049 dicas.
1551 2020 1619 2048 Nam
1628 2025 1727 2049 natura

936 2069 1024 2105 major
1053 2076 1108 2097 non
1141 2073 1194 2102 est,
1225 2067 1353 2103 quamvis
1382 2067 1473 2100 detur,
1502 2071 1532 2094 ut
1559 2074 1642 2095 causa
1676 2067 1726 2095 sit.

936 2116 1038 2144 Eorum
1064 2115 1149 2148 enim,
1169 2114 1359 2150 quaeejusdem
1382 2118 1449 2142 sunt
1467 2113 1604 2146 essentiae,
1621 2113 1726 2141 nullum

937 2161 1058 2190 essentia
1076 2161 1164 2196 majus
1178 2164 1230 2188 est.
1250 2160 1317 2188 Volo
1333 2160 1361 2187 in
1374 2159 1479 2187 honore
1497 2158 1611 2194 Spiritui
1627 2158 1725 2186 Filium

937 2209 1085 2242 anteferre,
1111 2207 1159 2236 sed
1186 2207 1339 2243 baptismus
1363 2214 1419 2234 non
1443 2206 1556 2241 patitur,
1585 2213 1642 2242 quo
1655 2213 1725 2242 .sum

938 2255 1062 2283 initiatus
1076 2263 1124 2290 per
1139 2255 1230 2290 ipsum
1244 2254 1388 2290 Spiritum.

941 2312 1068 2348 Ejusdem
1109 2320 1141 2340 ea;
1178 2311 1299 2339 oratione
1342 2311 1377 2338 ad
1406 2311 1555 2348 episcopos,
1587 2311 1632 2345 qui
1665 2311 1727 2337 navi

1138 2348 1298 2375 advenerant
1331 2354 1364 2374 ea;
1390 2345 1521 2381 «Egypto.

975 2395 1048 2424 Duas
1072 2395 1099 2422 in
1125 2395 1208 2423 rebus
1228 2394 1360 2422 maximas
1377 2399 1515 2428 cognosco
1542 2391 1726 2426 diﬂ‘erentias,

937 2441 1154 2470 dominationem
1173 2444 1201 2468 et
1218 2440 1392 2472 servitutem,
1416 2446 1472 2466 non
1494 2445 1562 2473 quas
1583 2438 1655 2472 apud
1676 2445 1728 2465 nos

936 2487 980 2516 vel
1005 2488 1129 2522 tyrannis
1163 2487 1263 2519 secuit,
1290 2487 1333 2514 vel
1364 2490 1513 2522 paupertas
1543 2484 1647 2517 divisit,
1674 2483 1724 2511 sed

937 2541 1006 2568 quas
1030 2534 1089 2569 ipsa
1114 2538 1212 2561 natura
1240 2532 1433 2569 praescripsit,
1453 2531 1476 2559 si
1493 2536 1583 2559 tamen
1612 2530 1654 2558 l'as
1681 2535 1726 2558 est

938 2580 975 2607 ita
993 2580 1079 2615 loqui,
1094 2587 1156 2607 cum
1168 2580 1243 2615 prior
1258 2579 1295 2607 sit
1305 2579 1385 2607 etiam
1402 2579 1460 2614 ipsa
1473 2582 1571 2605 natura
1584 2577 1721 2611 superior.

939 2627 1041 2655 Harum
1052 2635 1106 2654 una
1115 2631 1158 2655 est
1168 2625 1305 2658 eli‘ectrix,
1319 2629 1347 2653 et
1362 2625 1501 2661 princeps,
1513 2630 1540 2654 et
1550 2623 1699 2653 immobilis
1713 2630 1722 2651 :

939 2673 1024 2701 altera
1047 2673 1129 2706 facta,
1155 2677 1183 2700 et
1198 2672 1330 2707 subjecta,
1347 2671 1562 2700 commutabilis.
1577 2671 1675 2705 Atque,
1694 2674 1725 2697 ut

940 2721 1051 2749 brevius
1075 2720 1176 2752 dicam,
1192 2727 1247 2747 una
1269 2726 1350 2755 supra
1377 2723 1485 2754 tempus
1502 2722 1555 2750 est,
1574 2717 1658 2744 altera
1673 2716 1727 2743 sub

939 2773 1073 2802 tempore.
1111 2766 1189 2794 Prior
1218 2771 1331 2794 vocatur
1362 2765 1459 2797 Deus,
1487 2764 1553 2791 licet
1580 2763 1607 2790 in
1640 2762 1728 2789 tribus

939 2813 1081 2846 consistat,
1102 2819 1195 2846 causa,
1221 2812 1332 2849 opiﬁce,
1349 2819 1376 2839 et
1401 2810 1570 2847 perﬁt'iente.
1595 2810 1647 2836 hoc
1673 2812 1727 2841 est,

1546 2855 1565 2886 3
