1893 3081
174 121 208 153 75
799 119 986 150 EUTllYli‘lll
1008 118 1186 149 ZlGABENl
1767 117 1802 148 76

172 179 265 209 Patre,
281 176 359 209 Filio,
378 180 405 204 et
430 175 534 211 Spiritu
560 181 666 204 sancto.
695 175 746 209 Qui
770 183 820 203 nec
844 175 880 203 ita
904 175 961 202 dis-

1036 176 1093 210 οιῷ,
1114 175 1153 210 τῷ
1172 174 1270 210 Πατρε,
1288 173 1370 208 λέγω,
1386 174 1434 201 καὶ
1459 174 1496 210 τῷ
1517 173 1584 209 Υἰῷ,
1602 172 1650 200 καὶ
1669 173 1710 208 τῷ
1729 174 1801 209 ἁγίῳ

176 223 255 250 tracti
281 226 357 254 sunt,
379 225 409 248 ut
429 220 595 248 dirimantur
619 226 716 248 natura
736 226 743 250 :
761 227 813 247 nec
837 219 873 247 ita
888 227 961 246 com-

176 267 274 303 pressi,
293 271 324 294 ut.
356 273 409 294 una
439 266 639 294 concludantur
668 273 785 301 persona
802 273 810 293 :
829 264 855 292 id
886 264 962 292 enim

174 314 303 341 Arianam
318 312 390 347 sapit
410 311 543 339 insaniam
563 320 571 344 ;
605 311 658 339 hoc
672 311 853 339 Sabellianam
866 310 964 345 impie—

176 365 261 388 tatem
280 368 287 386 :
303 359 350 387 sed
374 363 402 386 et
427 358 506 393 plane
535 358 676 386 distractis
709 357 881 390 conjunctior
911 360 961 388 est,

175 412 203 434 et
220 406 329 441 penitus
343 405 472 432 solilariis
488 404 634 439 copiosior.
656 404 796 432 Posterior
817 403 961 430 nobiscum

175 457 237 483 est,
252 456 280 479 ct
305 459 366 486 qua
392 456 483 478 creata
509 456 583 483 sunt,
609 451 736 478 universa
760 449 961 484 complectitur.

175 505 304 532 quorum,
315 502 345 525 ut
356 497 568 532 unumquodque
579 497 673 532 magis,
686 503 733 523 aut
743 496 833 523 minus
858 495 963 522 secedit

177 545 211 571 ad
241 544 337 576 Deum,
373 545 413 571 sic
443 544 516 571 inter
545 548 642 571 caetera
669 543 766 578 magis,
795 547 842 570 aut
870 542 963 570 minus

176 589 293 617 excellit.

214 634 278 661 litec
295 641 357 661 cum
372 633 409 660 ita
422 641 451 661 se
471 633 598 665 habeant,
619 633 719 668 quibus
738 633 871 661 Dominus
886 633 962 660 cordi

176 685 229 714 est,
247 681 264 707 ii
283 680 414 709 accedant
433 680 466 706 ad
482 687 543 711 nos,
560 684 590 707 ut
612 687 692 706 unam
710 680 738 706 in
754 679 841 707 tribus
856 679 962 706 Divini-

177 730 261 752 tati-vn
295 724 451 757 adoremus,
485 724 553 751 nihil
593 725 743 759 abjectum,
781 729 830 752 aut
861 725 963 752 humile

179 770 290 798 sublimi
315 770 353 796 illi
378 770 579 804 inaccessasquc
604 769 697 804 gloria:
716 770 897 802 ascribentes,
915 769 962 797 sed

178 815 315 842 excelsam
334 814 415 842 unius
433 815 480 842 Dei
496 815 667 850 majestatem
684 814 711 842 in
734 814 821 842 tribus
836 815 962 849 personis

178 861 320 895 perpetuis
340 860 480 892 laudibus,
502 864 528 887 et
540 848 600 887 uno
615 867 663 888 ore
687 848 868 888 celebrantes.
887 859 962 893 Quo-
976 848 1000 878 Β

179 907 259 935 modo
296 907 370 934 enim
410 906 435 934 ei
472 910 586 938 natura,
624 906 704 940 cujus
742 904 962 941 amplitudinem,

176 953 305 989 quoniam
332 953 466 980 immensa
492 952 653 987 inﬁnitaque
681 956 733 985 est,
754 951 891 986 explicare
908 959 963 978 non

178 1006 335 1033 possumus,
352 998 501 1033 quidquam
515 997 664 1032 abiectum,
677 1001 725 1024 aut.
738 996 842 1024 humile
858 996 963 1024 tribue-

179 1052 239 1072 mus
248 1045 260 1071 ?
269 1044 400 1079 Quisquis
411 1047 504 1072 autem
514 1042 592 1070 aliter
603 1042 686 1070 sentit
695 1043 729 1070 de
743 1042 809 1075 Deo,
822 1046 850 1069 et
860 1041 963 1070 idcirco

178 1090 429 1125 prastan-tissimam
453 1089 513 1124 ejus
534 1089 680 1116 essentiam
695 1088 722 1116 in
738 1093 851 1116 naturas
864 1087 964 1115 scindit

177 1135 339 1170 inaequales,
366 1135 390 1163 is
402 1134 426 1162 si
443 1134 535 1162 divino
549 1133 639 1169 gladio
652 1133 843 1166 dissecabitur,
857 1137 886 1160 et
900 1140 964 1168 pars

180 1181 269 1215 ipsius
292 1185 411 1215 ponetur
438 1188 503 1208 cum
530 1180 695 1212 infidelibus,
722 1185 750 1207 et
776 1186 851 1206 nunc
878 1182 907 1206 et
934 1179 963 1206 in

179 1229 317 1260 posterum
330 1224 444 1252 acerbos
456 1232 546 1260 pravae
556 1224 693 1260 opinionis
703 1224 809 1251 fructus
820 1222 962 1259 percipiat,

178 1269 293 1297 minime
309 1269 359 1297 erit
375 1269 574 1296 admirandum.

197 1339 199 1341 .
214 1317 253 1342 Ac
270 1315 303 1342 de
318 1314 399 1341 Patre
415 1314 525 1349 quidem
545 1314 614 1341 nihil
642 1315 742 1342 attinet
760 1314 864 1347 dicere,
886 1314 964 1348 cujus

179 1361 212 1388 ab
237 1361 368 1388 omnibus
392 1361 437 1394 qui
460 1360 579 1387 naturali
610 1361 766 1396 cognitione
783 1365 810 1388 et
824 1360 963 1387 communi

178 1413 261 1433 sensu
285 1404 391 1440 praediti
410 1408 485 1434 sunt,
503 1404 653 1439 amplitudo
676 1404 849 1437 conceditur,
874 1411 964 1437 quan-

176 1458 257 1485 quam
270 1449 426 1484 ignominiae
438 1448 541 1483 primas
554 1449 612 1483 ipse
627 1448 699 1481 tulit,
717 1456 778 1476 cum
794 1455 809 1475 a
825 1448 964 1475 veteribus

177 1496 230 1523 illis
241 1503 372 1522 novarum
390 1502 481 1521 rerum
496 1494 626 1521 studiosis
643 1494 671 1521 in
687 1494 789 1522 bonum
806 1499 834 1522 et
862 1494 962 1521 malum

176 1542 302 1576 epilicem
323 1541 427 1567 divisus
453 1544 506 1567 est.
530 1539 568 1567 De
592 1539 661 1566 Filio
697 1545 789 1567 autem
810 1545 837 1567 et
858 1540 962 1574 Spiritu

177 1591 274 1613 sancto
302 1585 402 1616 videte,
433 1592 514 1618 quam
548 1583 664 1617 simplici
688 1586 716 1610 et
746 1583 823 1610 brevi
857 1584 962 1610 ratione

178 1632 357 1662 disseramus,
373 1630 395 1658 si
422 1630 484 1664 quis
507 1630 608 1663 poterit
623 1629 724 1664 aliquid
742 1630 768 1656 in
796 1629 837 1656 his
862 1630 961 1664 depre-

178 1677 310 1706 hendere.
335 1676 407 1710 quod
434 1674 532 1701 inverti
563 1674 760 1701 commutarive
773 1678 874 1708 queat;
891 1673 963 1708 quod

178 1721 319 1756 tmnpOris,
345 1724 394 1747 aut
425 1720 489 1752 loci,
517 1724 564 1746 aut
596 1720 749 1754 potestatis,
777 1724 825 1747 aut
848 1719 964 1747 actionis

176 1768 269 1802 aliquo
295 1767 360 1798 line,
386 1769 433 1793 aut
459 1773 586 1793 mensura
622 1765 881 1800 comprehendatur,
909 1765 963 1792 nisi

179 1815 268 1848 ipsum
288 1817 384 1840 natura
405 1812 520 1844 bonum,
548 1812 601 1839 nisi
637 1816 735 1846 sponte
763 1818 810 1838 sua
836 1811 962 1844 mobiles,

180 1860 231 1886 nisi
248 1859 370 1893 ejusdem
391 1858 528 1889 essentia,
545 1857 599 1884 nisi
620 1857 762 1887 adorandi,
786 1857 837 1884 nisi
861 1857 965 1884 collau-

178 1904 272 1935 dnndi,
287 1903 339 1930 nisi
356 1902 515 1934 venerandi,
529 1901 582 1927 nisi
596 1901 693 1928 eodem
711 1908 826 1928 numero
843 1900 962 1928 habendi

179 1950 259 1984 plane
281 1948 457 1980 videbuntur,
490 1947 517 1974 id
549 1946 742 1981 eomprobetur
766 1951 847 1981 atque
869 1951 964 1974 osten-

177 1997 268 2027 datur,
291 2001 343 2022 nec
365 1993 480 2021 verbum
496 1991 603 2025 faciam,
618 1992 685 2026 quin
699 1992 843 2019 sententiae
864 1997 964 2020 vestra

176 2041 382 2075 acquiescentes
407 2046 456 2066 eos
479 2044 675 2066 conservorum
701 2037 806 2065 honore
829 2038 961 2066 colendos

180 2093 242 2113 esse
264 2085 411 2115 fateamur,
438 2084 504 2111 licet
524 2091 559 2111 eo
584 2083 697 2111 nomine
721 2084 750 2111 in
775 2083 819 2111 his
840 2083 963 2112 iacienda

181 2133 218 2158 sit
233 2131 392 2159 Divinitatis
404 2131 522 2165 jactura,
535 2129 579 2157 sin
589 2129 692 2162 omnia,
706 2137 767 2164 quas
777 2129 858 2157 Pater
869 2130 962 2163 habet,

179 2177 240 2204 Filii
255 2181 330 2209 sunt,
342 2181 468 2211 excepto,
481 2179 555 2210 quod
575 2175 661 2203 Filius
673 2182 729 2202 non
746 2179 789 2203 est
805 2176 961 2210 ingenitus:

175 2228 204 2250 et
229 2229 400 2258 quaecunque
425 2225 490 2249 sunt
521 2220 594 2254 Filii,
621 2226 686 2249 sunt
716 2221 798 2249 etiam
821 2222 961 2256 Spiritus,

175 2274 274 2302 praeter
293 2276 377 2294 unum
404 2267 443 2300 id,
469 2266 543 2302 quod
565 2267 684 2302 Spiritus
701 2274 757 2294 non
775 2271 818 2296 est
840 2268 959 2303 genitus.

175 2314 315 2348 Quidquid
341 2319 432 2341 autem
455 2312 489 2341 de
508 2311 579 2340 Filio
593 2313 703 2345 dicitur,
722 2313 793 2347 quod
811 2313 844 2341 ad
861 2320 961 2349 corpus

175 2363 289 2395 spectet.
320 2359 346 2386 id
366 2358 400 2386 ad
432 2362 603 2394 assumptum
629 2357 747 2393 pertinet
771 2359 910 2386 hominem
933 2363 962 2386 et

175 2408 291 2434 salutem
325 2411 459 2440 nostram,

978 2199 1000 2227 υ
1015 2178 1161 2214 χαρίσηται
1182 2179 1227 2205 διὰ
1245 2179 1295 2212 τῆς
1320 2179 1415 2214 καινῆς
1440 2180 1616 2227 ἀνακράσεως
1628 2187 1636 2195 ·

1013 222 1164 256 ΙΙλλεύματι,
1181 221 1199 248 ἃ
1217 223 1285 257 μήτε
1301 220 1387 253 οὓτως
1404 220 1527 255 ἀλλήλων
1542 220 1707 255 ἀπήρτηται,
1728 219 1819 246 ὣστε-

1014 267 1094 302 φύσει
1111 267 1274 301 τέμνεσθαι,
1291 266 1360 301 μήτε
1378 265 1465 298 οὕτως
1478 265 1642 297 ἐστένωται,
1655 264 1693 296 ὡς
1709 265 1749 296 είς
1768 264 1800 291 ἓν

1014 313 1158 348 πρόσωπον
1171 311 1399 347 περιγράφεσθαι.
1411 311 1447 337 Τὸ
1461 311 1509 345 μὲν
1520 311 1573 346 γὰρ
1585 311 1635 345 τῆς
1655 310 1800 345 Ἀρειανῆς

1016 358 1122 393 μανίας,
1138 359 1168 384 τὸ
1190 358 1219 384 δὲ
1240 359 1289 393 τῆς
1312 357 1493 391 Σαϐελλιαιῆς
1511 356 1604 388 ἀοεῖας
1620 357 1704 383 ἐστίν.
1728 356 1800 382 ’Δὶ.λ’

1013 405 1072 431 ἐστι
1098 405 1152 430 τῶν
1178 405 1228 439 μὲν
1257 404 1366 435 πάντως
1392 403 1536 438 διαιρετῶν
1561 402 1721 436 ἑνικώτερα,
1744 402 1801 428 τῶν

1013 451 1041 478 δὲ
1057 451 1167 482 τελείως
1179 449 1332 484 μοναδικῶν
1345 448 1531 483 ἀφθονώτερα.
1552 448 1585 474 Ἦ
1600 449 1628 475 δὲ
1645 447 1704 481 μεθ’
1720 447 1801 481 ἡμῶν

1013 506 1042 523 τε
1078 497 1136 522 ἔστι
1164 496 1210 522 καὶ
1239 495 1361 522 καλεῖται
1396 495 1503 526 κτίσις,
1533 494 1586 520 κᾶν
1614 493 1683 520 ἄλλα
1712 493 1802 520 ἄλλων

1015 542 1152 576 ὑπεραίρῃ
1174 541 1244 568 κατὰ
1265 541 1315 575 τὴν
1332 539 1479 574 ἀναλογίαν
1501 539 1551 574 τῆς
1572 539 1640 574 πρὸς
1661 539 1727 566 Θεὸν
1753 539 1801 572 ὲγ-

1014 588 1144 622 γύτητος.

1049 632 1159 659 Τούτων
1173 631 1200 657 δὲ
1213 630 1300 663 οὕτως
1313 631 1439 665 ἐχόντων,
1456 630 1509 665 ὅτῳ
1525 630 1575 665 μὲν
1590 631 1607 666 ἡ
1619 630 1716 665 καρδία
1733 631 1803 665 πρὶς

1014 678 1127 712 Κύριον.
1145 677 1193 703 ἴτω
1211 677 1270 711 μεθ’
1285 677 1373 711 ἡμῶν,
1390 677 1437 703 καὶ
1452 676 1653 711 προσκυνῶμεν
1668 677 1718 712 τὴν
1735 677 1803 712 μίαν

1014 724 1042 748 ἐν
1055 724 1110 753 τοῖς
1129 723 1202 756 τρισὶ
1214 722 1346 757 Θεότητα,
1359 721 1441 757 μηδὲν
1454 722 1649 757 ταπεινότητος
1662 722 1749 757 ὄνομα
1766 725 1802 758 τῇ

1013 769 1156 806 ἀπροσὶτῳ
1173 768 1237 804 δόξῃ
1253 769 1449 804 προσάγοντες,
1465 768 1533 795 ἀλλά
1547 768 1597 800 τὰς
1615 768 1735 804 ὑψώσεις
1752 769 1802 796 τοῦ

1013 814 1072 845 ἐνες
1092 814 1159 840 Θεοῦ
1177 815 1205 841 ὲν
1223 815 1279 845 τοῖς
1295 815 1367 849 τρισὶ
1382 814 1425 841 διὰ
1447 814 1548 845 παντὸς
1569 815 1598 841 ὲν
1618 813 1658 849 τῷ
1681 814 1803 850 λάρυγγι

1014 859 1153 895 φέροντες.
1179 856 1233 891 Ἶίς
1259 861 1313 895 γὰρ
1339 860 1399 887 οὐδε
1426 860 1541 895 μέγεθος
1566 860 1673 895 φύσεως
1697 863 1802 896 κυρίως

1014 906 1088 933 ἔστιν
1102 907 1189 933 εἰπεῖν
1203 906 1248 933 διὰ
1260 906 1290 933 τὸ
1303 906 1417 939 ἄπειρον
1431 908 1478 934 καὶ
1490 907 1625 942 ἀόριστον,
1641 907 1701 939 πῶς
1712 909 1803 944 ταύτῃ

1012 952 1196 987 ταπεινότητα
1211 951 1411 987 ἔπεισάξομεν;
1429 952 1524 984 Ὅστις
1539 952 1568 979 δὲ
1583 952 1732 988 ἀλλοτρίως
1744 953 1802 988 ἔχει

1013 995 1092 1028 Θεοῦ,
1106 996 1154 1023 καὶ
1164 997 1208 1023 διά
1222 996 1302 1023 τοῦτο
1315 998 1408 1031 τέμνει
1418 998 1468 1033 τὴν
1484 997 1547 1032 μίαν
1563 997 1611 1025 καὶ
1627 998 1697 1033 ὑπὲρ
1711 998 1803 1024 πάντα

1013 1042 1048 1068 τὰ
1062 1041 1126 1069 ὂντα
1139 1042 1232 1069 οὐσίαν
1247 1043 1287 1075 είς
1299 1043 1448 1079 ἀνισότητα
1463 1043 1572 1078 φύσεων
1581 1064 1589 1077 ,
1605 1043 1763 1079 θαυμαστὸν
1776 1044 1802 1069 εί

1015 1087 1053 1122 μὴ
1076 1087 1110 1123 τῇ
1130 1087 1253 1123 ῥομφαία
1274 1088 1467 1123 τμηθήσεται,
1490 1089 1538 1115 καὶ
1557 1088 1589 1115 τδ
1611 1089 1694 1124 μέρος
1716 1088 1801 1115 αὑτοῦ

1015 1133 1082 1168 μετὰ
1104 1134 1159 1160 τῶν
1173 1134 1294 1160 ἀπίστων
1314 1135 1468 1170 τεθήσεται,
1490 1134 1608 1170 πονηρὸν
1631 1134 1800 1170 δρεπομένου

1013 1179 1136 1214 πονηρᾶς
1151 1179 1230 1215 δόξης
1246 1179 1352 1215 καρπὸν
1367 1181 1414 1207 καὶ
1426 1179 1474 1208 νῦν
1484 1199 1493 1214 ,
1507 1181 1551 1207 καὶ
1570 1180 1693 1216 ὕστερον.

1049 1309 1117 1345 Περὶ
1138 1308 1187 1345 μὲν
1202 1308 1258 1345 γὰρ
1276 1309 1323 1337 τοῦ
1343 1310 1450 1344 Πατρὺς
1464 1310 1492 1337 τί
1507 1310 1561 1347 χρὴ
1579 1314 1625 1337 καὶ
1641 1311 1752 1345 λέγειν;
1769 1309 1800 1338 οὗ

1014 1355 1060 1382 καὶ
1078 1355 1109 1381 τὺ
1130 1355 1207 1390 παρά
1227 1355 1336 1383 πάντων
1357 1357 1569 1392 συγκεχωρηκὸς
1588 1357 1719 1392 φείδεται.
1740 1359 1800 1390 ταῖς

1013 1402 1143 1435 φυσικαῖς
1167 1400 1283 1433 ἐννοίαις
1307 1402 1597 1438 προκατειλημμένων,
1623 1404 1647 1429 εί
1673 1404 1721 1430 καὶ
1747 1404 1798 1439 τῆς

1014 1445 1126 1480 ἀτιμίας
1141 1446 1175 1473 τὰ
1198 1448 1294 1482 πρῶτα
1309 1447 1454 1482 ἠνέγκατο,
1476 1449 1583 1483 πρῶτος
1607 1449 1733 1485 τιμηθεὶς
1761 1451 1801 1481 είς

1014 1492 1118 1527 ἀγαθὸν
1139 1493 1187 1520 καὶ
1201 1493 1369 1528 δημιουργδν
1390 1493 1466 1529 παρὰ
1481 1495 1532 1529 τῆς
1546 1494 1663 1530 ἀρχαίας
1679 1504 1802 1523 καινοτο-

1015 1539 1100 1574 μίας·
1122 1539 1186 1573 ’περί¹
1203 1538 1231 1565 δὲ
1254 1538 1300 1566 τοῦ
1322 1540 1387 1566 Υίοῦ
1402 1540 1447 1567 καὶ
1468 1541 1516 1567 τοῦ
1538 1541 1616 1574 ἁγίου
1641 1541 1802 1576 Πνεύματος

1014 1585 1141 1611 σκοπεῖτε
1153 1604 1160 1616 ,
1176 1584 1214 1616 ὡς
1231 1585 1322 1616 ἁπλῶς
1338 1586 1385 1612 καὶ
1403 1586 1543 1621 σόντόμως
1562 1586 1753 1621 διαλεξόμεθα.
1770 1588 1801 1614 Εἰ

1014 1629 1064 1665 μέν
1077 1638 1119 1661 τις
1134 1629 1191 1664 ἔχοι
1206 1629 1308 1657 τούτων
1324 1639 1350 1657 τι
1367 1630 1456 1664 λέγειν
1466 1631 1593 1666 τρεπτδν,
1611 1632 1626 1667 ἢ
1642 1633 1802 1665 ἀλλοιωτὸν,

1013 1676 1029 1710 ἢ
1045 1679 1142 1711 χρόνῳ,
1159 1675 1176 1711 ἢ
1192 1676 1297 1710 τρόπῳ,
1311 1676 1461 1712 ἢδυνάμει,
1476 1677 1492 1712 ἢ
1508 1677 1631 1712 ἐνεργείᾳ
1651 1679 1803 1714 μετρούμε-

1012 1729 1068 1754 νον,
1083 1721 1099 1756 ἢ
1113 1721 1143 1747 οὐ
1159 1722 1282 1755 φυσικῶς
1293 1722 1406 1756 ἀγαθὸν,
1419 1722 1435 1757 ἢ
1450 1723 1500 1750 οὐκ
1517 1723 1704 1759 αὐτοκίνητον,
1719 1724 1735 1759 ἦ
1751 1725 1801 1752 οὐκ

1014 1765 1197 1798 αὐτεξούσιον,
1210 1766 1226 1801 ἢ
1240 1766 1407 1800 λειτουργὸν,
1420 1767 1435 1802 ἢ
1451 1767 1581 1802 ὑμνῳδὸν,
1593 1768 1610 1803 ἢ
1623 1768 1800 1804 φοϐούμενον,

1013 1811 1030 1847 ἢ
1044 1811 1281 1847 ἑλευθερούμενον,
1297 1812 1314 1847 ἢ
1333 1812 1364 1838 οὐ
1383 1812 1633 1847 συναριθμούμενον
1645 1822 1652 1830 '
1668 1814 1803 1842 δεικνύτω

1013 1858 1102 1890 τοῦτο,
1129 1858 1176 1884 καὶ
1198 1859 1279 1893 ἡμεῖς
1302 1858 1450 1893 στέρξομεν
1477 1859 1626 1887 συνδούλων
1655 1861 1802 1895 σεμνότητι

1013 1903 1184 1938 δοξαζόμενοι
1195 1923 1202 1936 ,
1220 1904 1245 1930 ει
1261 1904 1309 1930 καὶ
1324 1903 1390 1930 Θεὸν
1409 1904 1581 1939 ζημιούμεθα
1595 1912 1602 1919 ·
1620 1905 1644 1931 εί
1663 1905 1690 1932 δὲ
1714 1906 1802 1933 πάντα

1013 1949 1064 1976 ὅσα
1086 1949 1143 1985 εχει
1159 1951 1173 1977 ὁ
1192 1950 1297 1986 Πατὴρ,
1311 1949 1358 1977 τοῦ
1379 1950 1445 1977 Υίοῦ
1462 1952 1521 1977 ἐστι
1539 1950 1607 1986 πλὴν
1622 1951 1673 1986 τῆς
1687 1952 1803 1987 ἀγεννη-

1015 1995 1087 2029 σίας,
1103 1996 1192 2023 πάντα
1205 1996 1233 2023 δὲ
1254 1996 1304 2022 ὅσα
1323 1995 1370 2023 τοῦ
1397 1996 1472 2029 Υίοῦ,
1497 1997 1544 2024 καὶ
1570 1996 1618 2023 τοῦ
1642 1997 1802 2032 Πνεύματος

1014 2041 1084 2076 πλὴν
1106 2042 1156 2076 τῆς
1175 2041 1310 2076 υιότητος,
1330 2042 1377 2068 καὶ
1396 2043 1451 2068 τῶν
1474 2042 1524 2069 ὃσα
1550 2042 1715 2077 σωματικῶς
1739 2043 1803 2078 περὶ

1015 2085 1098 2114 αὑτοῦ
1123 2086 1232 2121 λέγεται
1266 2087 1311 2114 διὰ
1337 2087 1384 2115 τὸν
1405 2088 1471 2123 ὲμδν
1496 2088 1649 2123 ἄνθρωπον,
1678 2089 1727 2115 καὶ
1753 2089 1803 2123 τὴν

1015 2133 1086 2168 ἐμὴν
1112 2133 1268 2168 σιινπιρίαν,
1294 2133 1338 2160 ῖνα.
1364 2133 1396 2160 τδ
1425 2133 1491 2169 ιμδν
1521 2133 1612 2161 λαϐὼν
1642 2133 1674 2160 τὸ
1703 2134 1802 2160 ιαυτοῦ

1659 2179 1802 2206 παύσασθε

1014 2224 1246 2259 παραληροῦντες.
1286 2224 1350 2260 Ὀψὲ
1384 2224 1460 2259 γοῦν,
1498 2222 1521 2252 ὦ
1553 2227 1678 2260 σοφισταὶ
1703 2225 1802 2252 κοινῖιν

1015 2270 1146 2305 ῥημάτων
1175 2270 1258 2297 αὑτοῦ
1287 2271 1458 2304 πιπτόντων,
1486 2271 1533 2298 καὶ
1559 2271 1603 2298 ἴνα
1632 2271 1660 2297 τί
1683 2270 1802 2306 ἀποθνή-

1016 2323 1111 2350 σκητε,
1130 2313 1204 2347 οἶκος
1233 2315 1358 2351 Ἰσραὴλ,
1381 2316 1414 2342 ῖν*
1444 2317 1476 2343 ὲκ
1511 2316 1560 2352 τῆς
1592 2316 1705 2352 Γραφῆς
1731 2316 1802 2351 ὑμᾶς

1015 2360 1156 2395 ὀδύρωμαι
1171 2370 1179 2394 ;

499 2414 562 2434 cum
589 2406 630 2439 id,
661 2406 735 2442 quod
768 2411 894 2434 nostrum
919 2411 989 2441 erat,
1017 2409 1207 2444 assumpserit,
1234 2414 1264 2436 ut
1290 2416 1360 2437 nova
1388 2409 1582 2444 conjunctione
1604 2410 1700 2443 nobis,
1728 2409 1800 2445 quod

175 2464 254 2484 stium
278 2460 336 2484 erat
358 2455 533 2490 elargiretur.
567 2454 688 2482 Desinite
703 2454 812 2482 tandem
829 2455 975 2490 aliquando
1005 2456 1132 2490 delirare,
1155 2456 1278 2485 inanium
1297 2457 1441 2485 verborum
1457 2462 1484 2485 et
1500 2465 1549 2485 nos
1565 2457 1600 2485 ab
1625 2457 1685 2493 ipso
1705 2458 1800 2493 depel-

176 2502 289 2529 lontium
316 2502 472 2529 inventores
506 2501 542 2529 Ut
575 2501 640 2536 quid
669 2500 810 2536 deperitis,
831 2507 848 2528 ι)
879 2500 978 2528 domus
1020 2500 1138 2533 israelis,
1177 2507 1208 2529 ut
1243 2501 1393 2537 Scriptum
1430 2503 1520 2530 verbis
1557 2503 1643 2530 vicem
1683 2508 1800 2530 vestram

176 2548 316 2582 deplorem
327 2548 339 2575 ?

211 2595 333 2622 Veneror
352 2594 479 2629 equidem
491 2593 551 2621 Filii
566 2593 762 2629 appellationes
790 2598 844 2621 tam
859 2593 960 2621 multas

176 2646 288 2675 tamque
322 2641 453 2668 sublimes
482 2645 511 2668 et
550 2648 682 2676 magnas,
718 2648 786 2676 quas
823 2642 960 2667 daemones

176 2693 285 2720 quoque
317 2686 523 2720 pertimescunt.
564 2685 687 2713 Veneror
723 2686 790 2712 item
828 2685 959 2719 aqualem

172 2730 296 2765 Spiritus
324 2731 418 2758 sancti,
437 2731 610 2765 dignitatem,
637 2730 687 2758 sed
713 2731 803 2758 minas
829 2730 959 2757 adversus

173 2775 246 2808 illos,
264 2776 310 2810 qui
328 2776 457 2810 Spiritum
474 2776 564 2810 ipsum
586 2778 774 2807 exsecrantur,
799 2773 957 2801 reformido.

173 2819 332 2849 Exsecratio
348 2821 422 2849 enim
437 2826 491 2854 est,
510 2829 564 2848 non
586 2820 732 2855 theologia,
749 2828 811 2856 quae
824 2819 956 2855 Spiritqu

1052 2591 1098 2623 Ὦς
1115 2590 1203 2625 ἔγωγε
1222 2590 1348 2625 αἰδοῦμαι
1364 2592 1414 2626 μὲν
1430 2592 1478 2624 τὰς
1495 2592 1542 2619 τοῦ
1558 2593 1645 2628 Λόγου
1660 2602 1799 2630 προσηγο-

1015 2636 1078 2671 ρίας
1101 2635 1236 2667 τοσαύτας
1264 2644 1294 2662 τε
1318 2636 1412 2668 οὓσας,
1436 2637 1484 2663 καὶ
1509 2637 1595 2669 οὕτως
1621 2638 1728 2673 ὑψηλὰς
1753 2639 1800 2666 καὶ

1015 2682 1155 2716 μεγάλας,
1175 2681 1207 2713 ἃς
1227 2683 1273 2708 καὶ
1294 2681 1420 2717 δαίμονες
1440 2683 1647 2718 ἑνετράτιησαν-
1670 2685 1799 2720 αἰδοῦμαι

1013 2728 1041 2757 δὲ
1058 2727 1106 2763 τὴν
1123 2728 1269 2762 ὁμοτιμίαν
1282 2729 1328 2754 τοῦ
1350 2729 1507 2764 Πνεύματος
1522 2737 1528 2743 ·
1547 2728 1686 2764 φοϐοῦμαι
1701 2731 1731 2756 δὲ
1751 2732 1798 2765 τὴν

1012 2773 1169 2809 ὡρισμένην
1201 2774 1315 2809 ἀπειλὴν
1347 2775 1403 2806 τοῖς
1432 2776 1473 2806 εἰς
1500 2775 1567 2802 αὐτὸ
1596 2776 1797 2812 βλασφημοῦσι.

1011 2819 1174 2855 Βλασφημία
1191 2819 1219 2846 δὲ
1235 2820 1283 2855 οὐχ
1297 2820 1314 2855 ἡ
1332 2820 1471 2856 Θεολογία,
1488 2821 1518 2848 τὸ
1532 2821 1559 2848 δὲ
1575 2821 1732 2856 ἀλλοτριοῦν
1749 2821 1798 2855 τῆς
