1893 3081
170 150 205 182 79
773 144 950 175 ΕἨΤΗΥΜΙ

1019 144 1181 176 tomum
1699 171 1701 173 -
1756 144 1793 177 80

205 207 240 235 At
257 214 318 234 cum
329 205 423 235 Patris.
437 209 464 232 ct
479 200 555 237 Filii,
570 206 597 230 ct
607 202 735 238 'Spiritus
742 204 950 238 sanctijnoment

1043 205 1119 231 Μετὰ
1138 204 1230 232 Λουκᾶ
1242 203 1428 240 ἐμπνεύσοητι
1449 203 1643 240 ταῖςἮράξεσι
1660 204 1715 232 τῶν
1727 205 1790 232 ἀπο-

174 260 230 282 trcs
242 253 337 287 utique
351 251 532 286 proprietates
547 270 555 283 ,
573 257 625 276 una
642 257 704 276 cum
718 249 791 277 Luca
818 249 845 276 in
876 249 958 277 rebus

171 301 204 327 ab
224 298 354 334 apostolis
366 298 450 333 gestis
465 303 579 324 versans
593 295 711 328 invenis,
728 303 779 323 cur
794 303 856 323 curn
884 296 958 322 Ana-

170 346 213 372 nia
228 350 255 372 et
282 343 397 378 Saphiia
415 343 494 370 nevis
507 342 612 369 furibus
633 341 686 369 inis
697 341 877 369 societatem?
889 341 958 369 Vere

171 391 242 418 enim
256 397 356 417 novum
374 388 481 416 furandi
501 396 588 423 genus
603 393 655 420 est,
672 396 732 415 cum
753 388 814 423 quis
838 395 869 415 ea
897 395 958 422 quae

169 436 276 472 propria
287 434 489 469 suntsubripit,
509 434 657 468 praesertim
680 434 703 461 si
732 442 786 461 non
803 439 957 469 argentum,

169 487 216 509 aut
229 481 301 509 aliud
312 480 449 515 quidpiam
462 480 534 515 quod
546 481 601 508 vile
621 487 789 515 parvumque
803 480 849 511 sit,
862 484 891 507 ut
907 480 958 507 lin-

169 537 247 563 gnam
259 535 379 560 auream,
406 531 452 554 aut
467 531 639 559 tenuem,aut
652 526 820 557 didrachma,
836 530 864 552 ut
882 526 957 553 miles

171 576 214 602 iile
239 574 376 609 quondam
399 574 573 606 insatiabilis,
595 573 643 600 sed
668 573 842 601 Divinitatem
871 573 956 606 ipsam

171 622 287 653 furetur,
300 620 501 654 mentiaturque
512 618 740 654 quemadmodum
750 617 888 650 audivisti,
901 625 956 644 non

172 667 284 699 homini,
305 667 352 693 sed
373 665 437 693 Deo.
452 665 639 692 Venerandam
658 663 775 699 Spiritus
798 663 857 690 cole
882 667 958 697 pole-

168 717 278 744 statem,
292 711 390 746 quibus
418 710 486 742 vult,
513 715 541 737 et
559 709 668 744 quando
686 708 755 740 vult,
776 712 804 735 et
824 713 957 742 quantum

168 759 234 788 vult.
249 757 406 792 aspirantis.
427 756 574 784 Descendit
589 755 662 782 enim
694 761 776 789 super
800 754 956 781 Cornelium

168 808 195 830 et
206 803 371 830 domesticos
400 802 470 836 ejus,
496 805 558 828 ante
581 801 769 835 baptismum;
785 807 867 833 super
889 800 957 826 alios

168 853 258 876 autem
270 857 319 884 per
330 848 465 883 apostolos
478 851 540 882 pest
555 846 734 881 baptismum,
746 850 776 872 ut
798 850 826 872 et
850 853 883 872 ex
911 845 956 878 iis,

1010 250 1112 277 στόλων
1131 250 1318 285 προσομιλῶν.
1330 251 1364 278 Τί
1383 251 1453 286 μετὰ
1479 251 1600 278 Ἀνανίου
1627 251 1725 286 τάττῃ,
1747 252 1792 278 καὶ

1010 295 1183 331 Σαπφείρας,
1212 297 1266 323 τῶν
1289 296 1392 323 καινῶν
1415 296 1580 330 νοπιριστῶν,
1611 296 1669 330 είγε
1701 296 1794 324 καινδν

1008 340 1093 372 ὅντως
1111 341 1127 374 ἡ
1145 342 1199 368 τῶν
1225 341 1297 368 ἰδίων
1319 342 1420 377 κλοπής
1447 342 1494 368 καὶ
1519 343 1605 368 ταῦτα
1630 342 1794 377 νοσφιξόμε-

1008 395 1053 418 νος
1075 386 1126 414 οὐκ
1150 387 1295 422 ἀργύριον,
1314 388 1370 414 οὐδ’
1397 387 1462 415 ἄλλο
1484 397 1511 414 τι
1526 388 1582 415 τῶν
1605 388 1722 414 εὐτελῶν
1747 390 1793 415 καὶ

1009 432 1129 468 μικρῶν,
1155 431 1212 460 οἷον
1231 435 1359 468 γλῶσσαν
1376 435 1492 470 χρυσῆν,
1509 434 1525 470 ἤ
1544 434 1636 470 ψιλὴν,
1655 435 1795 470 ἤδὶδραχ-

1009 485 1071 513 μον,
1089 479 1127 510 ὡς
1154 479 1220 506 ποτὲ
1248 480 1420 516 στρατιώτης
1451 481 1600 515 ἄπληστος,
1624 480 1682 506 ἄλλ’
1709 480 1795 516 αὐτὴν

1009 523 1136 551 κλέπτων
1161 525 1288 561 θεότητα,
1313 527 1362 552 καὶ
1379 526 1544 561 ψευδόμενος
1571 526 1622 553 οὐκ
1637 526 1793 562 ἄνθρωπον,

1007 570 1076 597 ἀλλὰ
1102 571 1181 604 Θεὸν,
1197 573 1264 607 ὅπερ
1280 572 1397 608 ἥκουσα.
1420 572 1453 598 Τί
1483 581 1530 606 μοι
1549 571 1577 598 δὲ
1600 571 1650 607 τὴν
1668 571 1795 604 ἐξουσίαν

1008 617 1071 652 αίδῇ
1085 617 1133 644 τοῦ
1151 618 1325 651 Πνεύματος,
1340 618 1383 653 ἐφ’
1401 618 1448 650 οὓς
1466 618 1548 650 θέλει,
1561 619 1608 645 καὶ
1627 618 1719 654 ἡνίκα,
1746 617 1795 645 καὶ

1007 662 1069 687 ὅσον
1085 663 1229 695 πνέοντος;
1246 655 1395 698 Ἐπιδημεῖ
1407 665 1464 695 τοῖς
1492 665 1555 699 περὶ
1570 664 1721 699 Κορνήλιον
1741 666 1794 700 πρὸ

1007 707 1054 734 τοῦ
1085 708 1283 744 βαπτίσματος,
1304 709 1396 741 ἄλλοις
1427 710 1498 744 μετὰ
1512 709 1542 736 τὺ
1574 709 1718 744 βάπτισμα
1751 710 1795 737 διὰ

1007 752 1062 779 τῶν
1073 753 1243 781 ἀποστόλων.
1262 754 1343 780 ’Ὥστε
1362 754 1558 790 ἀμφοτέρωθεν
1578 754 1611 781 ἐκ
1625 763 1654 781 τε
1671 751 1709 782 ὧν
1734 756 1796 782 ἐπι-

1007 800 1094 834 φοιτᾷ
1119 800 1299 833 δεσποτικῶς,
1316 801 1376 827 ἀλλ’
1403 801 1434 827 οὗ
1453 800 1599 834 δουλικῶς,
1628 801 1676 828 καὶ
1703 801 1734 833 ἐξ
1756 799 1795 829 ὢν

1007 845 1178 881 ἐπιζητεϊται
1192 847 1259 882 προς
1272 846 1321 882 τὴν
1334 846 1475 874 τελείωσιν
1489 847 1539 883 τὴν
1555 846 1671 883 θεότητα
1686 855 1779 883 μαρτυ

167 902 237 930 qua),
251 902 306 922 non
320 898 350 921 ut
363 900 467 926 servus,
487 892 534 920 sed
547 896 675 926 tanquam
691 890 820 918 dominus
834 891 915 925 gerit,
926 895 950 918 et

1019 892 1116 919 »εἰσθαι
1132 892 1180 919 τοῦ
1202 893 1272 920 Πνεύ
1277 901 1374 929 ματος.

168 946 200 967 ex
211 940 274 972 illis,
293 947 353 974 quae
370 939 397 966 in
413 945 460 971 eo,
478 938 523 973 qui
540 937 689 965 initiandus
702 941 755 969 est,
767 936 892 971 requirit,
911 935 954 964 di-

168 985 308 1012 vinitatem
320 988 444 1011 testatur
458 990 549 1011 suam.

200 1030 268 1058 Cum
283 1030 375 1062 Paulo,
392 1029 437 1064 qui
449 1029 475 1056 in
492 1028 602 1056 tertium
632 1027 756 1055 sublatus
777 1032 818 1054 est
843 1026 954 1060 coelum,

167 1081 252 1104 tracta
282 1076 454 1111 theologiam,
469 1075 514 1109 qui
545 1081 616 1101 nunc
646 1078 700 1100 tres
716 1076 857 1108 perSonas,
883 1073 956 1100 ordi-

170 1131 205 1151 ne
221 1126 390 1150 commutato
415 1121 450 1148 ita
478 1123 666 1151 connumerat,
702 1123 732 1145 ut
752 1126 824 1145 nunc
854 1119 954 1153 primo,

166 1175 242 1194 nunc
258 1166 390 1198 secundo,
410 1173 485 1192 nunc
498 1165 579 1192 tertio
591 1165 650 1191 loco
669 1164 791 1190 eamdem
811 1170 953 1198 personam

166 1212 323 1245 nominans,
346 1217 451 1238 naturae
482 1211 604 1238 declaret
632 1210 812 1244 aequalitatem
841 1219 847 1236 :
880 1217 954 1236 nunc

166 1259 244 1288 duas.
257 1262 305 1284 aut
319 1264 399 1284 unam
415 1264 509 1283 earum
527 1256 644 1290 aliquam
664 1260 768 1282 tantum
784 1255 871 1290 ponit,
892 1259 953 1281 tan-

166 1312 246 1340 quam
261 1304 370 1338 reliqua:
383 1306 586 1336 consequantur
600 1302 723 1328 omnino.
746 1301 820 1328 Alias
836 1300 950 1335 Spiritui

165 1350 286 1385 assignat
302 1349 436 1376 actionem
449 1348 507 1379 Dei,
522 1347 599 1382 quasi
615 1346 684 1374 nihil
708 1347 820 1379 referat,
830 1347 904 1373 hunc
917 1353 951 1373 an

164 1397 239 1425 illum
251 1396 333 1423 dicat.
350 1395 422 1422 Alias
434 1399 523 1421 autem
535 1402 584 1428 pro
594 1393 696 1428 Spiritu
709 1394 847 1420 Christum
862 1393 950 1420 affert.

164 1443 196 1469 Et
216 1442 359 1476 aliquando
377 1441 486 1475 quidem
499 1447 629 1474 personas
644 1439 806 1473 distinguit:
828 1437 947 1470 «Unus,»

163 1487 299 1522 inquiens,
317 1495 327 1511 ι
345 1486 424 1518 Deus,
440 1492 472 1511 ex
489 1492 542 1518 quo
554 1485 656 1514 omnia,
676 1488 702 1510 et
715 1491 765 1510 nos
779 1483 807 1509 in
832 1483 921 1516 ipsum
940 1490 946 1508 :

164 1537 201 1565 et,
211 1530 426 1558 unus'Dominns
440 1528 520 1555 .lesus
534 1527 672 1559 Christus,
689 1535 736 1561 per
748 1535 829 1561 quem
845 1527 947 1559 omnia,

163 1581 190 1605 ct
204 1584 255 1604 nos
270 1583 319 1611 per
337 1576 426 1610 ipsum
437 1573 471 1600 ⁸⁸.
491 1583 499 1599 ι
514 1573 665 1607 Aliquando
679 1577 769 1599 autem
791 1580 871 1600 unam
900 1580 949 1599 ex-

164 1623 259 1658 primit
273 1621 459 1658 divinitatem:
478 1627 487 1644 ‹
524 1618 668 1651 Quoniam,
695 1627 704 1644 ι
720 1618 858 1653 inquiens,
889 1627 899 1643 ι
916 1626 948 1645 ex

165 1657 235 1701 ipso,
253 1671 280 1692 et
297 1673 344 1700 per
356 1657 457 1698 ipsum,
474 1668 501 1690 et
516 1663 544 1690 in
561 1664 648 1697 ipsum
674 1663 764 1689 omnia
778 1662 811 1694 ⁸⁷,
824 1667 839 1688 ἰ
867 1662 950 1690 nimi»

164 1719 225 1739 rum
240 1719 289 1746 per
304 1710 391 1745 ipsum
407 1709 550 1744 Spiritum,
565 1708 795 1744 quemadmodum
811 1708 837 1735 in
858 1709 949 1736 multis

164 1758 311 1792 Scriptura!
320 1754 386 1784 locis
396 1756 559 1783 declaratur.

164 1813 288 1848 Ejusdem
303 1821 335 1840 ex
362 1812 480 1839 oratione
500 1812 526 1838 in
550 1811 675 1844 Arianos,
708 1811 735 1838 in
748 1819 799 1846 qua
829 1816 853 1838 et
878 1811 949 1839 dese

461 1849 517 1881 ipsa
533 1848 658 1881 loquitur.

196 1894 252 1922 Nos
265 1898 355 1921 autem
369 1894 515 1920 adoramus
524 1892 643 1925 Patrem,
656 1898 683 1919 et
697 1891 806 1924 Filium,
822 1892 949 1927 etSpiri-

163 1946 218 1968 tum
235 1945 370 1971 sanctum,
380 1939 484 1966 Patrem
500 1940 593 1970 Deum,
608 1939 705 1965 Filium
720 1939 813 1969 Deum,
827 1943 854 1965 et
866 1939 950 1974 Spiri-

163 1993 218 2014 tum
240 1991 376 2017 sanctum,
392 1985 443 2011 nisi
476 1985 588 2012 moleste
604 1985 669 2016 fers.
698 1985 795 2012 Deum.
818 1985 947 2011 Naturam

163 2041 244 2059 nnam
267 2032 293 2058 in
320 2031 407 2058 tribus
437 2030 655 2065 proprietatibus,
666 2037 725 2063 qute
755 2035 845 2057 mente
863 2030 950 2064 perci-

157 2066 286 2114 Ipiuntur,
297 2077 476 2112 perfectaeque
494 2081 568 2108 sunt,
582 2080 608 2103 et
627 2084 675 2111 pcr
692 2083 720 2102 se
733 2080 868 2103 constant.
884 2076 949 2108 Quae

162 2130 276 2150 numero
289 2123 397 2157 quidem
409 2121 771 2156 distinguuntur,divinitate
786 2130 850 2149 vero
866 2121 947 2149 dividi

160 2172 310 2202 nequeunt.
324 2168 378 2193 Has
391 2168 455 2194 mihi
473 2175 552 2194 voces
561 2168 681 2195 concede
693 2173 731 2201 tu,
747 2169 793 2203 qui
811 2168 890 2195 hodie
899 2168 949 2195 mi-

1042 1025 1121 1052 Μετὰ
1133 1025 1243 1052 Παύλου
1256 1025 1420 1061 θεολόγησον
1431 1025 1477 1052 τοῦ
1490 1024 1559 1059 πρὸς
1575 1025 1670 1061 τρίτον
1703 1025 1788 1060 οὖρα-

1007 1071 1051 1097 νδν
1070 1071 1244 1106 ἀναχθέντος,
1263 1071 1327 1098 ποτὲ
1346 1071 1396 1106 μὲν
1413 1070 1645 1106 συναριθμοῦντος
1657 1071 1706 1103 τὰς
1717 1073 1792 1107 τρεῖς

1007 1117 1184 1149 ὑποστάσεις,
1201 1118 1250 1144 καὶ
1270 1117 1349 1144 τοῦτο
1363 1116 1586 1152 ἐνηλλαγμένως,
1618 1117 1648 1144 οὔ
1674 1126 1793 1153 τετηρη-

1007 1163 1095 1198 μένως
1109 1165 1169 1194 ταῖς
1180 1163 1283 1196 τάξεσι,
1300 1163 1551 1198 προαριθμοῦντος,
1567 1163 1792 1198 ἑναριθμοῦντος,

1005 1209 1227 1244 ὐπαριθμοῦντος
1249 1210 1280 1236 τὺ
1293 1210 1359 1236 αὑτό
1375 1217 1381 1225 ·
1401 1211 1444 1235 ἵνα
1469 1209 1496 1236 τί
1519 1209 1645 1246 δηλώσῃ;
1670 1209 1718 1245 τὴν
1737 1210 1792 1236 ίσο-

1003 1257 1096 1291 τιμίαν
1115 1257 1164 1291 τῆς
1194 1255 1320 1290 φύσεωςθ
1340 1255 1405 1282 ποτὲ
1431 1255 1459 1281 δὲ
1474 1255 1528 1281 τῶν
1548 1255 1633 1289 τριῶν
1648 1256 1792 1290 μεμνημέ-

1002 1311 1059 1335 νου,
1089 1302 1154 1328 ποτὲ
1174 1300 1203 1327 δὲ
1224 1301 1278 1327 τῶν
1302 1300 1318 1336 ἢ
1349 1300 1432 1333 τινος,
1465 1300 1502 1331 ὡς
1517 1300 1659 1334 ’ἑπομένου
1678 1300 1789 1332 πάντως

1002 1348 1049 1374 τοῦ
1073 1348 1233 1377 λείποντος·
1265 1347 1312 1373 καὶ
1338 1346 1403 1372 ποτὲ
1428 1347 1477 1381 μὲν
1501 1346 1550 1384 τὴν
1578 1347 1718 1381 ἐνέργειαν
1744 1347 1792 1374 τοῦ

1001 1394 1069 1420 Θεοῦ
1096 1394 1136 1428 τῷ
1157 1393 1296 1427 Πνεύματι
1310 1393 1438 1425 διδόντος,
1460 1392 1497 1424 ὼς
1519 1392 1594 1418 οὐδὲν
1606 1391 1791 1427 διαφέροντος,

1001 1441 1066 1466 ποτὲ
1079 1439 1108 1465 δὲ
1123 1439 1183 1465 ἀντὶ
1195 1438 1241 1464 τοῦ
1267 1438 1425 1472 Πνεύματος
1443 1438 1488 1464 τὸν
1502 1438 1618 1473 Χριστὸν
1645 1438 1791 1473 ἐπιφέρον-

1000 1494 1056 1519 τος,
1071 1486 1118 1512 καὶ
1130 1486 1174 1512 ὅτε
1189 1487 1239 1519 μὲν
1251 1485 1350 1520 διαιρεί
1364 1485 1412 1516 τὰς
1429 1484 1602 1517 ὑποστάσεις,
1619 1481 1680 1515 (Εἴ,
1694 1484 1788 1516 Θεὸς,›

1000 1531 1134 1565 λέγοντος,
1150 1532 1193 1565 (ἐξ
1207 1529 1237 1558 οὗ
1251 1531 1286 1558 τὰ
1301 1531 1401 1564 πάντα,
1417 1530 1465 1557 καὶ
1478 1531 1558 1564 ἡμεῖς
1572 1531 1612 1561 είς
1628 1531 1720 1557 αὐτόν.
1734 1531 1791 1558 Καὶ

1000 1574 1040 1608 είς
1064 1577 1164 1612 Κύριος
1184 1577 1290 1612 Ἰησοῦς
1311 1577 1440 1611 Χριστὸς,
1457 1577 1491 1603 δι’
1507 1574 1538 1603 οὗ
1562 1576 1596 1603 τὰ.
1615 1578 1715 1611 πάντα,
1743 1578 1792 1604 καὶ

1002 1624 1081 1658 ἡμεῖς
1096 1624 1130 1650 δι’
1145 1623 1238 1650 αὐτοῦ’
1254 1633 1263 1649 ι
1279 1625 1322 1650 ὅτε
1337 1624 1365 1650 δὲ
1379 1623 1489 1657 συνάγει
1509 1623 1557 1659 τὴν
1575 1624 1640 1658 μίαν
1662 1623 1791 1660 θεότητα,

1003 1677 1012 1694 ι
1020 1669 1080 1695 Ὅτι
1091 1667 1121 1700 ἑξ
1132 1668 1225 1701 αὐτοῦ,
1235 1668 1284 1695 καὶ
1290 1667 1325 1695 δι’
1333 1668 1426 1700 αὐτοῦ,
1436 1667 1528 1699 καὶείς
1542 1669 1622 1695 αὑτὸν
1628 1668 1661 1695 τὰ
1671 1669 1789 1700 πάντα.»

999 1714 1099 1749 δηλαδὴ
1109 1714 1153 1741 διὰ
1162 1714 1208 1741 τοῦ
1218 1714 1296 1748 ἁγίου
1310 1714 1479 1748 Πνεύματος,
1489 1714 1526 1745 ὡς
1538 1713 1672 1750 πολλαχοῦ
1683 1714 1791 1741 δείκνυ-

1000 1768 1044 1786 ται
1056 1760 1106 1795 τῆς
1121 1761 1241 1795 Γραφῆς.
1254 1760 1333 1796 Αὑτῷ
1347 1761 1364 1796 ἡ
1374 1759 1437 1792 δόξα
1447 1760 1485 1790 εἰς
1496 1760 1558 1792 τοὺς
1571 1760 1680 1791 αἰῶνας.
1689 1761 1790 1796 Ἀμήν.

1005 1814 1053 1841 Ἐκ
1071 1814 1226 1848 τοῦλόγου
1240 1814 1293 1841 τοῦ
1308 1814 1389 1874 πρὸὲ
1401 1813 1581 1848 Ἀρειανοὺς,
1596 1815 1644 1841 καί
1659 1816 1703 1849 εις
1720 1816 1792 1843 ἐαυ-

1354 1858 1369 1874 τ
1390 1857 1418 1874 ν.

1354 1857 1418 1876 τον.

1037 1895 1119 1921 Αὐτοὶ
1145 1894 1173 1922 δὲ
1200 1894 1414 1930 ’προσκυνοῦμεν
1439 1894 1485 1922 τὸν
1516 1895 1638 1930 Πατέρα,
1664 1897 1711 1922 καὶ
1744 1897 1790 1923 τὸν

1000 1941 1076 1974 Υἰὸν,
1094 1943 1141 1968 καὶ
1157 1942 1189 1967 τὸ
1204 1942 1316 1976 Πνεῦμα
1333 1941 1364 1967 τὸ
1388 1942 1476 1974 ἅγιον.
1492 1941 1559 1968 Θεὸν
1588 1942 1636 1968 τὸν
1664 1942 1788 1978 Πατέρα,

998 1987 1065 2013 Θςδν
1091 1987 1137 2012 τὸν
1163 1986 1238 2019 Υίὸν,
1265 1986 1350 2019 Θεδν,
1379 1987 1404 2012 ει
1434 1985 1472 2020 μὴ
1496 1985 1630 2020 τραχύνῃ,
1648 1985 1679 2011 τδ
1702 1985 1790 2012 [ἶνεῦ-

1001 2041 1039 2067 μα
1060 2032 1091 2059 τὸ
1106 2032 1203 2066 ἆγιον·
1227 2032 1292 2066 μίαν
1318 2031 1399 2065 φύσιν
1431 2033 1460 2057 ὲν
1486 2031 1574 2066 τρισὶν
1593 2031 1706 2064 ίδιότησι
1733 2040 1792 2057 νοε-

999 2080 1071 2114 ραῗς,
1089 2078 1216 2109 τελείαις,
1237 2077 1297 2104 καθ’
1326 2077 1425 2108 ἑαυτὰς
1456 2077 1626 2111 ὑφεστώσαις
1643 2095 1651 2107 ,
1680 2076 1791 2111 ἀριθμῷ

996 2125 1167 2159 διαιρετοῖς,
1198 2124 1244 2150 καὶ
1274 2124 1304 2151 οὐ
1334 2124 1483 2158 διαιρετοῖς
1522 2122 1638 2157 θεότητι.
1678 2123 1791 2149 Τοὰτων

999 2170 1161 2205 παραχώρει
1190 2178 1236 2204 μοι
1264 2170 1318 2196 τῶν
1345 2169 1441 2203 φωνῶν
1476 2169 1529 2199 πᾶς
1548 2169 1562 2194 ὁ
1590 2168 1711 2195 ἀπειλῶν
1741 2170 1790 2203 σή-

161 2214 268 2246 nitaris,
284 2214 386 2248 reliqua
400 2215 446 2249 qui
462 2214 567 2246 volunt,
583 2219 689 2241 curent.
703 2215 763 2241 Non
788 2214 890 2249 patitur
918 2214 946 2241 in

1019 2225 1094 2250 ερον,
1107 2217 1161 2243 τῶν
1170 2216 1198 2242 δὲ
1211 2215 1299 2242 ἄλλων
1313 2215 1567 2250 μεταποιείεοωσαν
1576 2215 1599 2240 οἱ
1616 2214 1788 2249 βουλόμενοι.

158 2260 229 2288 Filio
249 2261 470 2295 Paterjacturam
497 2260 565 2292 ﬁeri,
593 2268 644 2287 nec
666 2259 762 2292 Filius,
790 2260 817 2287 in
846 2259 948 2295 Spiritu

159 2311 266 2333 sancto.
280 2305 373 2333 Fieret
388 2310 477 2333 autem
490 2305 610 2340 jactura,
622 2306 644 2333 si
658 2312 749 2333 essent
761 2305 845 2333 creati
857 2314 863 2331 :
876 2305 949 2340 quod

151 2353 230 2378 ienim
249 2357 369 2379 creatum
380 2357 431 2382 est,
448 2352 520 2378 Deus
546 2360 600 2379 non
631 2357 684 2380 est.
713 2351 771 2379 Non
803 2352 872 2384 fero,
903 2353 948 2378 in-

158 2397 230 2431 quis,
241 2397 437 2431 perfectionem
453 2397 578 2424 imminui
595 2405 703 2432 :neque
723 2405 783 2432 ego.
800 2398 860 2426 Utta
870 2397 947 2429 fides,

152 2448 232 2468 unus
247 2440 391 2473 Dominus,
408 2449 492 2468 unum
511 2442 655 2477 baptisma.
675 2444 704 2470 Si
731 2443 766 2470 ab
794 2443 847 2469 hoc
873 2443 948 2469 exci-

152 2487 236 2518 dero,
253 2486 297 2513 ubi
311 2487 456 2514 nanciscar
486 2488 623 2514 alterum?
651 2487 754 2523 Ecquid
779 2488 871 2515 dicitis
889 2496 948 2520 vos,

158 2532 205 2567 qui
219 2532 374 2566 baptizatis,
392 2533 651 2567 aut‘rebaptizatis?
666 2533 779 2561 Licetne
808 2541 870 2561 esse
891 2535 949 2569 spi-

159 2578 263 2604 ritalem
278 2577 338 2605 sine
354 2578 477 2613 Spiritu?
505 2579 560 2605 Aut
586 2579 721 2613 particeps
749 2579 866 2612 Spiritus
895 2584 948 2612 est,

158 2623 205 2656 qui
217 2621 349 2657 Spiritum
365 2631 420 2649 non
437 2623 523 2650 colit?
539 2624 594 2650 Aut
611 2624 743 2658 Spiritum
760 2624 824 2650 colit
837 2624 869 2655 is,
898 2625 944 2658 qui

159 2668 188 2694 in
204 2668 315 2695 nomine
334 2668 417 2696 creati
431 2670 614 2704 conscrvique
629 2670 743 2704 spiritus
775 2670 944 2705 baptizatur?

153 2713 269 2740 Minime
283 2721 357 2741 vero.
372 2714 517 2749 Nunquam
531 2715 605 2742 dines
621 2719 675 2742 tam
692 2715 787 2747 multa,
803 2721 858 2742 uta
880 2723 943 2743 vera

154 2759 291 2787 sententia
313 2760 461 2788 discedam.
480 2761 539 2789 Non
560 2761 653 2788 fallam
684 2766 720 2793 te,
741 2761 821 2788 Pater
846 2769 943 2796 expers

191 2843 214 2858 “
229 2843 239 2870 Ι
255 2843 316 2872 Cor.
338 2853 395 2878 vni,
408 2846 435 2872 ί).
475 2846 496 2861 ⁸⁷
515 2844 572 2872 Col.
586 2853 605 2878 ι,
625 2845 667 2873 16.

999 2262 1056 2288 Οὐκ
1068 2262 1194 2296 ἀνέχεται
1214 2261 1308 2297 Πατὴρ
1329 2261 1392 2288 Υίίν
1417 2261 1611 2296 ζημιούμενος,
1631 2261 1692 2287 οὐδὲ
1722 2262 1789 2291 Υἱὸς

999 2307 1029 2334 τὸ
1047 2308 1160 2342 Πνεῦμα
1177 2307 1206 2333 τδ
1232 2307 1310 2340 ἆγιον
1323 2314 1330 2320 ·
1352 2306 1538 2340 ζημιοῦταιδὲ
1549 2306 1573 2331 ει
1594 2305 1670 2338 ποτὲ,
1688 2306 1736 2333 καὶ
1763 2307 1788 2333 εί

1000 2353 1115 2388 κτίσμα.
1133 2353 1170 2379 Οὐ
1183 2353 1237 2387 γὰρ
1256 2352 1322 2382 Θεὸς
1342 2352 1372 2378 τὸ
1388 2352 1558 2387 κτιζόμενον.
1588 2352 1625 2378 οὺ
1644 2352 1720 2387 φέρω
1738 2354 1789 2387 ζη-

1000 2398 1147 2433 μιούμενος
1160 2398 1220 2424 οὐδὲ
1237 2397 1293 2431 ἐγὼ
1315 2397 1365 2431 τὴν
1378 2397 1527 2423 τελείωσιν.
1548 2394 1595 2428 Εἷς
1610 2397 1722 2433 Κύριος,
1739 2399 1791 2432 μία

999 2444 1102 2476 πίστις,
1129 2443 1158 2469 ἓν
1195 2443 1348 2478 βάπτισμα.
1375 2443 1407 2468 El
1439 2441 1518 2468 τοῦτο
1545 2443 1703 2478 άκυρωθείη
1729 2451 1789 2477 μοι,

998 2491 1074 2524 παρὰ
1089 2489 1196 2521 τίνοςτὺ
1206 2489 1332 2524 δεύτερον
1344 2497 1351 2522 ;
1365 2489 1397 2515 Τί
1408 2497 1475 2522 φατε
1485 2489 1509 2514 οἱ
1524 2488 1789 2520 κατασαπτίζοντες,

997 2537 1014 2572 ἢ
1037 2535 1289 2567 ἀναὸαπτίζοντες;
1307 2534 1401 2561 Ἔστιν
1425 2531 1495 2561 εἶναι.
1515 2534 1702 2569 πνευματικὸν
1721 2536 1788 2561 ἄνευ

999 2582 1046 2609 τοῦ
1063 2582 1221 2616 Πνεύματος
1235 2590 1242 2614 ;
1260 2581 1377 2615 Μετέχει
1392 2579 1421 2606 δὲ
1436 2579 1593 2615 Πνεύματος
1611 2580 1625 2606 ό
1641 2579 1679 2614 μὴ
1696 2581 1788 2615 τιμῶν

998 2627 1029 2653 τὺ
1045 2626 1175 2661 Πνεῦμα;
1191 2626 1265 2661 Τιμᾷ
1277 2626 1305 2651 δὲ
1316 2626 1330 2651 ὁ
1347 2626 1387 2656 είς
1415 2625 1531 2660 κτίσμα,
1562 2626 1609 2652 καὶ
1637 2625 1788 2660 ὁμόδουλον

999 2672 1216 2707 βαπτιζόμενοςς
1235 2672 1291 2698 υύκ
1305 2672 1391 2698 ἐστιν.
1417 2671 1473 2706 Οὐχ
1499 2671 1569 2697 οὕτω
1593 2670 1678 2697 πολλὰ
1697 2672 1785 2707 ἐρεῖς.

999 2717 1036 2743 Οὺ
1054 2716 1193 2751 ψεύσομαι
1210 2724 1251 2748 σε,
1268 2717 1360 2751 Πάτερ
1382 2716 1493 2751 ἄναρχε.
1517 2717 1554 2742 Οὐ
1573 2716 1712 2750 ψεύσομαι
1743 2725 1786 2750 σε,

999 2762 1146 2799 μονογενὲς
1173 2762 1254 2797 Αόγε.
1276 2763 1312 2788 Οὑ
1329 2762 1465 2798 ψεύσομαι
1496 2771 1537 2796 σε,
1556 2763 1586 2789 sb
1605 2762 1720 2797 Πνεῦμα
1754 2763 1787 2790 τὸ
