  <div class='ocr_page' id='page_1' title='image "/cluster/home/n/w/nwhite01/storage/ocr_20150623/130/njp.32101010942777/048.png"; bbox 0 0 1893 3081; ppageno 0'>
   <div class='ocr_carea' id='block_1_1' title="bbox 91 137 124 169">
    <p class='ocr_par' dir='ltr' id='par_1_1' title="bbox 91 137 124 169">
     <span class='ocr_line' id='line_1_1' title="bbox 91 137 124 169; baseline -0.061 0"><span class='ocrx_word' id='word_1_1' title='bbox 91 137 124 169; x_wconf 76' lang='lat'><strong>81</strong></span> 
     </span>
    </p>
   </div>
   <div class='ocr_carea' id='block_1_2' title="bbox 592 141 1230 178">
    <p class='ocr_par' dir='ltr' id='par_1_2' title="bbox 592 141 1230 178">
     <span class='ocr_line' id='line_1_2' title="bbox 592 141 1230 178; baseline 0.009 -7"><span class='ocrx_word' id='word_1_2' title='bbox 592 141 782 173; x_wconf 80' lang='lat' dir='ltr'><strong>PANOPLIA</strong></span> <span class='ocrx_word' id='word_1_3' title='bbox 803 143 1032 175; x_wconf 76' lang='lat' dir='ltr'><strong>DOGMATICA.</strong></span> <span class='ocrx_word' id='word_1_4' title='bbox 1052 158 1085 163; x_wconf 82' lang='grc'><strong>-</strong></span> <span class='ocrx_word' id='word_1_5' title='bbox 1103 146 1177 176; x_wconf 85' lang='lat' dir='ltr'><strong>TIT.</strong></span> <span class='ocrx_word' id='word_1_6' title='bbox 1189 147 1230 178; x_wconf 85' lang='lat' dir='ltr'><strong>II.</strong></span> 
     </span>
    </p>
   </div>
   <div class='ocr_carea' id='block_1_3' title="bbox 1686 151 1720 183">
    <p class='ocr_par' dir='ltr' id='par_1_3' title="bbox 1686 151 1720 183">
     <span class='ocr_line' id='line_1_3' title="bbox 1686 151 1720 183; baseline -0.059 0"><span class='ocrx_word' id='word_1_7' title='bbox 1686 151 1720 183; x_wconf 74' lang='lat'><strong>8&#39;2</strong></span> 
     </span>
    </p>
   </div>
   <div class='ocr_carea' id='block_1_4' title="bbox 90 193 881 244">
    <p class='ocr_par' dir='ltr' id='par_1_4' title="bbox 90 193 870 238">
     <span class='ocr_line' id='line_1_4' title="bbox 90 193 870 238; baseline 0.012 -17"><span class='ocrx_word' id='word_1_8' title='bbox 90 196 181 228; x_wconf 67' lang='grc' dir='ltr'>ἄτιον.</span> <span class='ocrx_word' id='word_1_9' title='bbox 202 193 270 222; x_wconf 84' lang='grc' dir='ltr'>οἶδα</span> <span class='ocrx_word' id='word_1_10' title='bbox 295 196 322 222; x_wconf 83' lang='grc' dir='ltr'><strong>τί</strong></span> <span class='ocrx_word' id='word_1_11' title='bbox 338 195 511 232; x_wconf 73' lang='grc' dir='ltr'>ὡμολόγησα,</span> <span class='ocrx_word' id='word_1_12' title='bbox 528 199 575 226; x_wconf 75' lang='grc' dir='ltr'>καὶ</span> <span class='ocrx_word' id='word_1_13' title='bbox 594 199 647 226; x_wconf 82' lang='grc' dir='ltr'>τίνι</span> <span class='ocrx_word' id='word_1_14' title='bbox 677 201 870 238; x_wconf 74' lang='grc' dir='ltr'>απεταξάμην.</span> 
     </span>
    </p>
   </div>
   <div class='ocr_carea' id='block_1_5' title="bbox 968 193 1719 244">
    <p class='ocr_par' dir='ltr' id='par_1_5' title="bbox 968 202 1719 244">
     <span class='ocr_line' id='line_1_5' title="bbox 968 202 1719 244; baseline 0.013 -16"><span class='ocrx_word' id='word_1_15' title='bbox 968 202 1064 237; x_wconf 77' lang='lat' dir='ltr'><strong>ncipii.</strong></span> <span class='ocrx_word' id='word_1_16' title='bbox 1081 203 1140 230; x_wconf 82' lang='lat' dir='ltr'><strong>Non</strong></span> <span class='ocrx_word' id='word_1_17' title='bbox 1153 203 1244 231; x_wconf 69' lang='lat' dir='ltr'><strong>fallam</strong></span> <span class='ocrx_word' id='word_1_18' title='bbox 1262 208 1299 236; x_wconf 86' lang='lat' dir='ltr'><strong>te.</strong></span> <span class='ocrx_word' id='word_1_19' title='bbox 1318 205 1437 234; x_wconf 84' lang='lat' dir='ltr'><strong>Verbum</strong></span> <span class='ocrx_word' id='word_1_20' title='bbox 1466 208 1647 244; x_wconf 66' lang='lat' dir='ltr'><strong>unigenitum.</strong></span> <span class='ocrx_word' id='word_1_21' title='bbox 1660 210 1719 238; x_wconf 82' lang='lat' dir='ltr'><strong>Non</strong></span> 
     </span>
    </p>
   </div>
   <div class='ocr_carea' id='block_1_6' title="bbox 90 242 879 284">
    <p class='ocr_par' dir='ltr' id='par_1_6' title="bbox 90 242 879 284">
     <span class='ocr_line' id='line_1_6' title="bbox 90 242 879 284; baseline 0.013 -17"><span class='ocrx_word' id='word_1_22' title='bbox 90 243 126 268; x_wconf 86' lang='grc' dir='ltr'><strong>Οὐ</strong></span> <span class='ocrx_word' id='word_1_23' title='bbox 148 242 265 278; x_wconf 81' lang='grc' dir='ltr'>δέχομαι</span> <span class='ocrx_word' id='word_1_24' title='bbox 293 243 343 275; x_wconf 82' lang='grc' dir='ltr'><strong>τὰς</strong></span> <span class='ocrx_word' id='word_1_25' title='bbox 360 244 456 271; x_wconf 79' lang='grc' dir='ltr'><strong>πιστοῦ</strong></span> <span class='ocrx_word' id='word_1_26' title='bbox 472 245 563 279; x_wconf 82' lang='grc' dir='ltr'>φωνὰς</span> <span class='ocrx_word' id='word_1_27' title='bbox 576 246 746 283; x_wconf 82' lang='grc' dir='ltr'>διδαχῦῆναι,</span> <span class='ocrx_word' id='word_1_28' title='bbox 760 250 811 276; x_wconf 75' lang='grc' dir='ltr'>καὶ-</span> <span class='ocrx_word' id='word_1_29' title='bbox 827 259 879 284; x_wconf 81' lang='grc' dir='ltr'>μα-</span> 
     </span>
    </p>
   </div>
   <div class='ocr_carea' id='block_1_7' title="bbox 91 287 878 328">
    <p class='ocr_par' dir='ltr' id='par_1_7' title="bbox 91 287 878 328">
     <span class='ocr_line' id='line_1_7' title="bbox 91 287 878 328; baseline 0.013 -15"><span class='ocrx_word' id='word_1_30' title='bbox 91 287 146 314; x_wconf 74' lang='grc' dir='ltr'>θεῖν</span> <span class='ocrx_word' id='word_1_31' title='bbox 160 288 290 319; x_wconf 77' lang='grc' dir='ltr'>ἄπιστος·</span> <span class='ocrx_word' id='word_1_32' title='bbox 312 289 481 325; x_wconf 72' lang='grc' dir='ltr'>ὁμολογῆσαι</span> <span class='ocrx_word' id='word_1_33' title='bbox 506 291 648 326; x_wconf 80' lang='grc' dir='ltr'>ἀλήθειαν,</span> <span class='ocrx_word' id='word_1_34' title='bbox 675 295 723 320; x_wconf 77' lang='grc' dir='ltr'>καὶ</span> <span class='ocrx_word' id='word_1_35' title='bbox 750 295 878 328; x_wconf 69' lang='grc' dir='ltr'>γενέσθαι</span> 
     </span>
    </p>
   </div>
   <div class='ocr_carea' id='block_1_8' title="bbox 92 333 879 374">
    <p class='ocr_par' dir='ltr' id='par_1_8' title="bbox 92 333 879 374">
     <span class='ocr_line' id='line_1_8' title="bbox 92 333 879 374; baseline 0.013 -16"><span class='ocrx_word' id='word_1_36' title='bbox 92 334 161 367; x_wconf 78' lang='grc' dir='ltr'>μετὰ</span> <span class='ocrx_word' id='word_1_37' title='bbox 176 333 225 360; x_wconf 84' lang='grc' dir='ltr'>τοῦ</span> <span class='ocrx_word' id='word_1_38' title='bbox 240 334 364 368; x_wconf 77' lang='grc' dir='ltr'>ψεύδους·</span> <span class='ocrx_word' id='word_1_39' title='bbox 389 335 427 367; x_wconf 86' lang='grc' dir='ltr'><strong>ὡς</strong></span> <span class='ocrx_word' id='word_1_40' title='bbox 445 336 634 372; x_wconf 79' lang='grc' dir='ltr'>τελειούμενος</span> <span class='ocrx_word' id='word_1_41' title='bbox 661 339 812 374; x_wconf 75' lang='grc' dir='ltr'><strong>κατελθεῖν,</strong></span> <span class='ocrx_word' id='word_1_42' title='bbox 832 342 879 369; x_wconf 79' lang='grc' dir='ltr'>καὶ</span> 
     </span>
    </p>
   </div>
   <div class='ocr_carea' id='block_1_9' title="bbox 91 378 877 419">
    <p class='ocr_par' dir='ltr' id='par_1_9' title="bbox 91 378 877 419">
     <span class='ocr_line' id='line_1_9' title="bbox 91 378 877 419; baseline 0.011 -16"><span class='ocrx_word' id='word_1_43' title='bbox 91 378 213 404; x_wconf 71' lang='grc' dir='ltr'>ἀνελθεῖν</span> <span class='ocrx_word' id='word_1_44' title='bbox 242 379 438 415; x_wconf 80' lang='grc' dir='ltr'>ἁτελέστερος·</span> <span class='ocrx_word' id='word_1_45' title='bbox 451 380 488 413; x_wconf 84' lang='grc' dir='ltr'>ὼς</span> <span class='ocrx_word' id='word_1_46' title='bbox 504 381 655 417; x_wconf 77' lang='grc' dir='ltr'>ζησόμενος</span> <span class='ocrx_word' id='word_1_47' title='bbox 682 383 877 419; x_wconf 79' lang='grc' dir='ltr'><strong>βαπτισθῆναι,</strong></span> 
     </span>
    </p>
   </div>
   <div class='ocr_carea' id='block_1_10' title="bbox 93 424 878 464">
    <p class='ocr_par' dir='ltr' id='par_1_10' title="bbox 93 424 878 464">
     <span class='ocr_line' id='line_1_10' title="bbox 93 424 878 464; baseline 0.01 -15"><span class='ocrx_word' id='word_1_48' title='bbox 93 424 139 450; x_wconf 75' lang='grc' dir='ltr'>καὶ</span> <span class='ocrx_word' id='word_1_49' title='bbox 152 425 360 460; x_wconf 80' lang='grc' dir='ltr'>ἐννεκρωθῆναι</span> <span class='ocrx_word' id='word_1_50' title='bbox 376 426 417 462; x_wconf 84' lang='grc' dir='ltr'>τῷ</span> <span class='ocrx_word' id='word_1_51' title='bbox 432 426 520 460; x_wconf 78' lang='grc' dir='ltr'>ὕδατι,</span> <span class='ocrx_word' id='word_1_52' title='bbox 534 427 662 464; x_wconf 81' lang='grc' dir='ltr'>καθάπερ</span> <span class='ocrx_word' id='word_1_53' title='bbox 672 429 706 456; x_wconf 81' lang='grc' dir='ltr'><strong>τὰ</strong></span> <span class='ocrx_word' id='word_1_54' title='bbox 716 430 776 461; x_wconf 79' lang='grc' dir='ltr'>ταῖς</span> <span class='ocrx_word' id='word_1_55' title='bbox 787 430 878 457; x_wconf 84' lang='grc' dir='ltr'><strong>ὠδῖσιν</strong></span> 
     </span>
    </p>
   </div>
   <div class='ocr_carea' id='block_1_11' title="bbox 94 469 879 509">
    <p class='ocr_par' dir='ltr' id='par_1_11' title="bbox 94 469 879 509">
     <span class='ocr_line' id='line_1_11' title="bbox 94 469 879 509; baseline 0.01 -15"><span class='ocrx_word' id='word_1_56' title='bbox 94 469 338 505; x_wconf 76' lang='grc' dir='ltr'><strong>ἐναποθνήσκοντα</strong></span> <span class='ocrx_word' id='word_1_57' title='bbox 353 472 497 507; x_wconf 79' lang='grc' dir='ltr'><strong>κυήματα,</strong></span> <span class='ocrx_word' id='word_1_58' title='bbox 516 473 563 499; x_wconf 75' lang='grc' dir='ltr'>καὶ.</span> <span class='ocrx_word' id='word_1_59' title='bbox 584 472 734 509; x_wconf 83' lang='grc' dir='ltr'><strong>σύνδρομον</strong></span> <span class='ocrx_word' id='word_1_60' title='bbox 762 475 879 502; x_wconf 75' lang='grc' dir='ltr'>λαϐόντα</span> 
     </span>
    </p>
   </div>
   <div class='ocr_carea' id='block_1_12' title="bbox 93 515 879 557">
    <p class='ocr_par' dir='ltr' id='par_1_12' title="bbox 93 515 879 557">
     <span class='ocr_line' id='line_1_12' title="bbox 93 515 879 557; baseline 0.01 -16"><span class='ocrx_word' id='word_1_61' title='bbox 93 515 124 549; x_wconf 79' lang='grc' dir='ltr'>τῇ</span> <span class='ocrx_word' id='word_1_62' title='bbox 138 516 270 550; x_wconf 75' lang='grc' dir='ltr'><strong>γεννήσει</strong></span> <span class='ocrx_word' id='word_1_63' title='bbox 291 516 338 543; x_wconf 86' lang='grc' dir='ltr'>τόν</span> <span class='ocrx_word' id='word_1_64' title='bbox 360 516 486 545; x_wconf 81' lang='grc' dir='ltr'>θάνατον.</span> <span class='ocrx_word' id='word_1_65' title='bbox 506 517 541 544; x_wconf 89' lang='grc' dir='ltr'>Τί</span> <span class='ocrx_word' id='word_1_66' title='bbox 566 527 600 553; x_wconf 84' lang='grc' dir='ltr'><strong>με</strong></span> <span class='ocrx_word' id='word_1_67' title='bbox 627 521 717 552; x_wconf 72' lang='grc' dir='ltr'>ποιεῖς</span> <span class='ocrx_word' id='word_1_68' title='bbox 743 521 879 557; x_wconf 80' lang='grc' dir='ltr'>μακάριον</span> 
     </span>
    </p>
   </div>
   <div class='ocr_carea' id='block_1_13' title="bbox 91 559 878 601">
    <p class='ocr_par' dir='ltr' id='par_1_13' title="bbox 91 559 878 601">
     <span class='ocr_line' id='line_1_13' title="bbox 91 559 878 601; baseline 0.013 -16"><span class='ocrx_word' id='word_1_69' title='bbox 91 559 119 585; x_wconf 84' lang='grc' dir='ltr'>ἐν</span> <span class='ocrx_word' id='word_1_70' title='bbox 127 560 234 595; x_wconf 85' lang='grc' dir='ltr'>ταυτῷ,</span> <span class='ocrx_word' id='word_1_71' title='bbox 252 561 300 588; x_wconf 79' lang='grc' dir='ltr'>καὶ</span> <span class='ocrx_word' id='word_1_72' title='bbox 308 561 401 589; x_wconf 75' lang='grc' dir='ltr'>ἄθλιον</span> <span class='ocrx_word' id='word_1_73' title='bbox 415 571 423 596; x_wconf 89' lang='grc'>;</span> <span class='ocrx_word' id='word_1_74' title='bbox 440 563 631 599; x_wconf 79' lang='grc' dir='ltr'>νεοφώτιστον,</span> <span class='ocrx_word' id='word_1_75' title='bbox 648 566 695 592; x_wconf 78' lang='grc' dir='ltr'>καὶ</span> <span class='ocrx_word' id='word_1_76' title='bbox 706 566 878 601; x_wconf 78' lang='grc' dir='ltr'>ἀφώτιστον;</span> 
     </span>
    </p>
   </div>
   <div class='ocr_carea' id='block_1_14' title="bbox 90 605 878 649">
    <p class='ocr_par' dir='ltr' id='par_1_14' title="bbox 90 605 878 649">
     <span class='ocr_line' id='line_1_14' title="bbox 90 605 878 649; baseline 0.013 -18"><span class='ocrx_word' id='word_1_77' title='bbox 90 605 171 638; x_wconf 71' lang='grc' dir='ltr'>θεῖον,</span> <span class='ocrx_word' id='word_1_78' title='bbox 195 608 246 634; x_wconf 77' lang='grc' dir='ltr'>καὶ</span> <span class='ocrx_word' id='word_1_79' title='bbox 257 608 354 643; x_wconf 75' lang='grc' dir='ltr'>ἄθεον;</span> <span class='ocrx_word' id='word_1_80' title='bbox 369 609 414 636; x_wconf 81' lang='grc' dir='ltr'>ἵνα</span> <span class='ocrx_word' id='word_1_81' title='bbox 430 611 580 644; x_wconf 86' lang='grc' dir='ltr'>ναυαγήσω</span> <span class='ocrx_word' id='word_1_82' title='bbox 593 612 639 639; x_wconf 81' lang='grc' dir='ltr'>καὶ</span> <span class='ocrx_word' id='word_1_83' title='bbox 654 612 703 647; x_wconf 85' lang='grc' dir='ltr'>τὴν</span> <span class='ocrx_word' id='word_1_84' title='bbox 720 613 818 640; x_wconf 65' lang='grc' dir='ltr'>ἐλπίδα</span> <span class='ocrx_word' id='word_1_85' title='bbox 827 614 878 649; x_wconf 85' lang='grc' dir='ltr'>τῆς</span> 
     </span>
    </p>
   </div>
   <div class='ocr_carea' id='block_1_15' title="bbox 91 651 881 695">
    <p class='ocr_par' dir='ltr' id='par_1_15' title="bbox 91 651 881 695">
     <span class='ocr_line' id='line_1_15' title="bbox 91 651 881 695; baseline 0.01 -17"><span class='ocrx_word' id='word_1_86' title='bbox 91 651 278 685; x_wconf 81' lang='grc' dir='ltr'>ὰναπλάσεως</span> <span class='ocrx_word' id='word_1_87' title='bbox 292 662 299 686; x_wconf 91' lang='lat'>;</span> <span class='ocrx_word' id='word_1_88' title='bbox 316 655 425 690; x_wconf 79' lang='grc' dir='ltr'>Βραχὺς</span> <span class='ocrx_word' id='word_1_89' title='bbox 444 655 458 681; x_wconf 84' lang='grc' dir='ltr'><strong>ό</strong></span> <span class='ocrx_word' id='word_1_90' title='bbox 470 655 551 690; x_wconf 85' lang='grc' dir='ltr'>λόγος</span> <span class='ocrx_word' id='word_1_91' title='bbox 563 665 570 672; x_wconf 87' lang='grc'>·</span> <span class='ocrx_word' id='word_1_92' title='bbox 590 657 726 693; x_wconf 82' lang='grc' dir='ltr'>μνήσθητι</span> <span class='ocrx_word' id='word_1_93' title='bbox 755 659 804 694; x_wconf 80' lang='grc' dir='ltr'><strong>τῆς</strong></span> <span class='ocrx_word' id='word_1_94' title='bbox 818 659 881 695; x_wconf 80' lang='grc' dir='ltr'>ὀμο-</span> 
     </span>
    </p>
   </div>
   <div class='ocr_carea' id='block_1_16' title="bbox 87 696 879 737">
    <p class='ocr_par' dir='ltr' id='par_1_16' title="bbox 87 696 879 737">
     <span class='ocr_line' id='line_1_16' title="bbox 87 696 879 737; baseline 0.01 -15"><span class='ocrx_word' id='word_1_95' title='bbox 87 696 192 730; x_wconf 74' lang='grc' dir='ltr'>λογῖας.</span> <span class='ocrx_word' id='word_1_96' title='bbox 210 699 257 729; x_wconf 76' lang='grc' dir='ltr'>Εἰς</span> <span class='ocrx_word' id='word_1_97' title='bbox 277 699 305 725; x_wconf 90' lang='grc' dir='ltr'><strong>τί</strong></span> <span class='ocrx_word' id='word_1_98' title='bbox 331 699 502 736; x_wconf 78' lang='grc' dir='ltr'>ὲὸαπτίσθης</span> <span class='ocrx_word' id='word_1_99' title='bbox 521 710 529 734; x_wconf 88' lang='lat'><strong><em>;</em></strong></span> <span class='ocrx_word' id='word_1_100' title='bbox 546 702 588 733; x_wconf 75' lang='grc' dir='ltr'><strong>εἰς</strong></span> <span class='ocrx_word' id='word_1_101' title='bbox 606 702 736 737; x_wconf 70' lang='grc' dir='ltr'>Πατέρα;</span> <span class='ocrx_word' id='word_1_102' title='bbox 772 704 879 737; x_wconf 81' lang='grc' dir='ltr'>Καλῶς,</span> 
     </span>
    </p>
   </div>
   <div class='ocr_carea' id='block_1_17' title="bbox 89 743 880 784">
    <p class='ocr_par' dir='ltr' id='par_1_17' title="bbox 89 743 880 784">
     <span class='ocr_line' id='line_1_17' title="bbox 89 743 880 784; baseline 0.011 -17"><span class='ocrx_word' id='word_1_103' title='bbox 89 743 162 777; x_wconf 73' lang='grc' dir='ltr'>πλὴν</span> <span class='ocrx_word' id='word_1_104' title='bbox 187 744 325 771; x_wconf 82' lang='grc' dir='ltr'>ἰουδαῑκὸν</span> <span class='ocrx_word' id='word_1_105' title='bbox 343 745 396 773; x_wconf 78' lang='grc' dir='ltr'>ἔτι.</span> <span class='ocrx_word' id='word_1_106' title='bbox 417 745 464 779; x_wconf 71' lang='lat' dir='ltr'><strong>El;</strong></span> <span class='ocrx_word' id='word_1_107' title='bbox 483 746 566 780; x_wconf 84' lang='grc' dir='ltr'>Υίόν;</span> <span class='ocrx_word' id='word_1_108' title='bbox 583 746 694 779; x_wconf 82' lang='grc' dir='ltr'>Καλῶς,</span> <span class='ocrx_word' id='word_1_109' title='bbox 705 748 755 774; x_wconf 81' lang='grc' dir='ltr'>οὐκ</span> <span class='ocrx_word' id='word_1_110' title='bbox 771 748 810 776; x_wconf 77' lang='grc' dir='ltr'><strong>ἔτι</strong></span> <span class='ocrx_word' id='word_1_111' title='bbox 831 749 880 784; x_wconf 87' lang='grc' dir='ltr'>μὲν</span> 
     </span>
    </p>
   </div>
   <div class='ocr_carea' id='block_1_18' title="bbox 90 789 879 831">
    <p class='ocr_par' dir='ltr' id='par_1_18' title="bbox 90 789 879 831">
     <span class='ocr_line' id='line_1_18' title="bbox 90 789 879 831; baseline 0.01 -17"><span class='ocrx_word' id='word_1_112' title='bbox 90 789 238 822; x_wconf 79' lang='grc' dir='ltr'>ίουδαῖκὺν,</span> <span class='ocrx_word' id='word_1_113' title='bbox 255 790 332 817; x_wconf 78' lang='grc' dir='ltr'><strong>οῠπω</strong></span> <span class='ocrx_word' id='word_1_114' title='bbox 350 791 378 818; x_wconf 83' lang='grc' dir='ltr'><strong>δὲ</strong></span> <span class='ocrx_word' id='word_1_115' title='bbox 389 791 501 819; x_wconf 80' lang='grc' dir='ltr'>τέλειον.</span> <span class='ocrx_word' id='word_1_116' title='bbox 523 793 570 824; x_wconf 70' lang='lat' dir='ltr'><strong>Et;</strong></span> <span class='ocrx_word' id='word_1_117' title='bbox 593 795 624 820; x_wconf 78' lang='grc' dir='ltr'>τὸ</span> <span class='ocrx_word' id='word_1_118' title='bbox 649 793 728 827; x_wconf 80' lang='grc' dir='ltr'>ἆγιον</span> <span class='ocrx_word' id='word_1_119' title='bbox 744 795 856 831; x_wconf 82' lang='grc' dir='ltr'><strong>Πνεῦμα</strong></span> <span class='ocrx_word' id='word_1_120' title='bbox 870 805 879 830; x_wconf 88' lang='grc'>;</span> 
     </span>
    </p>
   </div>
   <div class='ocr_carea' id='block_1_19' title="bbox 95 834 881 874">
    <p class='ocr_par' dir='ltr' id='par_1_19' title="bbox 95 834 881 874">
     <span class='ocr_line' id='line_1_19' title="bbox 95 834 881 874; baseline 0.009 -14"><span class='ocrx_word' id='word_1_121' title='bbox 95 834 263 869; x_wconf 83' lang='grc' dir='ltr'>’Υπέρευγε,</span> <span class='ocrx_word' id='word_1_122' title='bbox 301 835 382 863; x_wconf 76' lang='grc' dir='ltr'>τοῦτο</span> <span class='ocrx_word' id='word_1_123' title='bbox 406 837 518 865; x_wconf 82' lang='grc' dir='ltr'>τέλειον.</span> <span class='ocrx_word' id='word_1_124' title='bbox 551 835 616 874; x_wconf 71' lang='grc' dir='ltr'><strong>Ἆρ’</strong></span> <span class='ocrx_word' id='word_1_125' title='bbox 635 836 683 865; x_wconf 81' lang='grc' dir='ltr'>οὖν</span> <span class='ocrx_word' id='word_1_126' title='bbox 712 840 806 872; x_wconf 84' lang='grc' dir='ltr'>ἁπλῶς</span> <span class='ocrx_word' id='word_1_127' title='bbox 840 842 881 873; x_wconf 80' lang='grc' dir='ltr'><strong>είς</strong></span> 
     </span>
    </p>
   </div>
   <div class='ocr_carea' id='block_1_20' title="bbox 929 247 1721 290">
    <p class='ocr_par' dir='ltr' id='par_1_20' title="bbox 929 247 1721 290">
     <span class='ocr_line' id='line_1_20' title="bbox 929 247 1721 290; baseline 0.011 -16"><span class='ocrx_word' id='word_1_128' title='bbox 929 247 1020 275; x_wconf 71' lang='lat' dir='ltr'><strong>[aliam</strong></span> <span class='ocrx_word' id='word_1_129' title='bbox 1032 254 1067 281; x_wconf 92' lang='lat' dir='ltr'><strong>te,</strong></span> <span class='ocrx_word' id='word_1_130' title='bbox 1082 254 1176 276; x_wconf 85' lang='lat' dir='ltr'><strong>sancte</strong></span> <span class='ocrx_word' id='word_1_131' title='bbox 1191 249 1402 284; x_wconf 84' lang='lat' dir='ltr'><strong>Spiritus.Quid</strong></span> <span class='ocrx_word' id='word_1_132' title='bbox 1414 253 1554 281; x_wconf 83' lang='lat' dir='ltr'><strong>confessus</strong></span> <span class='ocrx_word' id='word_1_133' title='bbox 1569 255 1721 290; x_wconf 82' lang='lat' dir='ltr'><strong>sim,quem</strong></span> 
     </span>
    </p>
   </div>
   <div class='ocr_carea' id='block_1_21' title="bbox 929 293 1725 331">
    <p class='ocr_par' dir='ltr' id='par_1_21' title="bbox 929 293 1725 331">
     <span class='ocr_line' id='line_1_21' title="bbox 929 293 1725 331; baseline 0.013 -11"><span class='ocrx_word' id='word_1_134' title='bbox 929 293 1107 326; x_wconf 87' lang='lat' dir='ltr'><strong>descruerim,</strong></span> <span class='ocrx_word' id='word_1_135' title='bbox 1119 303 1199 331; x_wconf 85' lang='lat' dir='ltr'><strong>quem</strong></span> <span class='ocrx_word' id='word_1_136' title='bbox 1211 298 1322 325; x_wconf 81' lang='lat' dir='ltr'><strong>secutus</strong></span> <span class='ocrx_word' id='word_1_137' title='bbox 1332 298 1518 331; x_wconf 87' lang='lat' dir='ltr'><strong>sim,memini.</strong></span> <span class='ocrx_word' id='word_1_138' title='bbox 1527 300 1585 327; x_wconf 81' lang='lat' dir='ltr'><strong>Non</strong></span> <span class='ocrx_word' id='word_1_139' title='bbox 1599 303 1725 330; x_wconf 85' lang='lat' dir='ltr'><strong>commit-</strong></span> 
     </span>
    </p>
   </div>
   <div class='ocr_carea' id='block_1_22' title="bbox 931 342 1724 379">
    <p class='ocr_par' dir='ltr' id='par_1_22' title="bbox 931 342 1724 379">
     <span class='ocr_line' id='line_1_22' title="bbox 931 342 1724 379; baseline 0.011 -13"><span class='ocrx_word' id='word_1_140' title='bbox 931 343 997 371; x_wconf 87' lang='lat' dir='ltr'><strong>tam.</strong></span> <span class='ocrx_word' id='word_1_141' title='bbox 1016 346 1046 368; x_wconf 93' lang='lat' dir='ltr'><strong>ut</strong></span> <span class='ocrx_word' id='word_1_142' title='bbox 1057 342 1102 376; x_wconf 89' lang='lat' dir='ltr'><strong>qui</strong></span> <span class='ocrx_word' id='word_1_143' title='bbox 1112 344 1230 379; x_wconf 81' lang='lat' dir='ltr'><strong>magistri</strong></span> <span class='ocrx_word' id='word_1_144' title='bbox 1248 345 1332 372; x_wconf 80' lang='lat' dir='ltr'><strong>ﬁdelis</strong></span> <span class='ocrx_word' id='word_1_145' title='bbox 1351 353 1430 372; x_wconf 86' lang='lat' dir='ltr'><strong>voces</strong></span> <span class='ocrx_word' id='word_1_146' title='bbox 1446 346 1540 373; x_wconf 70' lang='lat' dir='ltr'><strong>doctus</strong></span> <span class='ocrx_word' id='word_1_147' title='bbox 1555 354 1627 379; x_wconf 87' lang='lat' dir='ltr'><strong>sum,</strong></span> <span class='ocrx_word' id='word_1_148' title='bbox 1641 348 1724 375; x_wconf 81' lang='lat' dir='ltr'><strong>disci-</strong></span> 
     </span>
    </p>
   </div>
   <div class='ocr_carea' id='block_1_23' title="bbox 930 387 1725 426">
    <p class='ocr_par' dir='ltr' id='par_1_23' title="bbox 930 387 1725 426">
     <span class='ocr_line' id='line_1_23' title="bbox 930 387 1725 426; baseline 0.01 -13"><span class='ocrx_word' id='word_1_149' title='bbox 930 387 1010 422; x_wconf 91' lang='lat' dir='ltr'><strong>pulus</strong></span> <span class='ocrx_word' id='word_1_150' title='bbox 1023 387 1074 415; x_wconf 88' lang='lat' dir='ltr'><strong>sim</strong></span> <span class='ocrx_word' id='word_1_151' title='bbox 1084 388 1199 417; x_wconf 68' lang='lat' dir='ltr'><strong>inﬁdelis</strong></span> <span class='ocrx_word' id='word_1_152' title='bbox 1210 399 1218 423; x_wconf 87' lang='lat'><strong>;</strong></span> <span class='ocrx_word' id='word_1_153' title='bbox 1230 391 1275 425; x_wconf 90' lang='lat' dir='ltr'><strong>qui</strong></span> <span class='ocrx_word' id='word_1_154' title='bbox 1287 393 1430 419; x_wconf 86' lang='lat' dir='ltr'><strong>veritatem</strong></span> <span class='ocrx_word' id='word_1_155' title='bbox 1440 393 1582 420; x_wconf 83' lang='lat' dir='ltr'><strong>confessus</strong></span> <span class='ocrx_word' id='word_1_156' title='bbox 1590 401 1661 426; x_wconf 86' lang='lat' dir='ltr'><strong>smn,</strong></span> <span class='ocrx_word' id='word_1_157' title='bbox 1669 403 1725 422; x_wconf 82' lang='lat' dir='ltr'><strong>am-</strong></span> 
     </span>
    </p>
   </div>
   <div class='ocr_carea' id='block_1_24' title="bbox 930 432 1725 474">
    <p class='ocr_par' dir='ltr' id='par_1_24' title="bbox 930 432 1725 474">
     <span class='ocr_line' id='line_1_24' title="bbox 930 432 1725 474; baseline 0.011 -15"><span class='ocrx_word' id='word_1_158' title='bbox 930 432 1035 467; x_wconf 80' lang='lat' dir='ltr'><strong>plectar</strong></span> <span class='ocrx_word' id='word_1_159' title='bbox 1047 435 1216 463; x_wconf 81' lang='lat' dir='ltr'><strong>mendacium</strong></span> <span class='ocrx_word' id='word_1_160' title='bbox 1229 437 1290 471; x_wconf 83' lang='lat' dir='ltr'><strong>;qui</strong></span> <span class='ocrx_word' id='word_1_161' title='bbox 1307 442 1336 464; x_wconf 94' lang='lat' dir='ltr'><strong>ut</strong></span> <span class='ocrx_word' id='word_1_162' title='bbox 1345 438 1640 473; x_wconf 83' lang='lat' dir='ltr'><strong>perfectusevaderem,</strong></span> <span class='ocrx_word' id='word_1_163' title='bbox 1652 442 1725 474; x_wconf 82' lang='lat' dir='ltr'><strong>veni,</strong></span> 
     </span>
    </p>
   </div>
   <div class='ocr_carea' id='block_1_25' title="bbox 930 479 1727 520">
    <p class='ocr_par' dir='ltr' id='par_1_25' title="bbox 930 479 1727 520">
     <span class='ocr_line' id='line_1_25' title="bbox 930 479 1727 520; baseline 0.011 -16"><span class='ocrx_word' id='word_1_164' title='bbox 930 479 1141 515; x_wconf 77' lang='lat' dir='ltr'><strong>revertarlonge</strong></span> <span class='ocrx_word' id='word_1_165' title='bbox 1153 489 1234 515; x_wconf 85' lang='lat' dir='ltr'><strong>quam</strong></span> <span class='ocrx_word' id='word_1_166' title='bbox 1248 490 1376 510; x_wconf 76' lang='lat' dir='ltr'><strong>veneram</strong></span> <span class='ocrx_word' id='word_1_167' title='bbox 1403 484 1669 520; x_wconf 76' lang='lat' dir='ltr'><strong>inipenl’ectior:qui</strong></span> <span class='ocrx_word' id='word_1_168' title='bbox 1697 491 1727 513; x_wconf 92' lang='lat' dir='ltr'><strong>ut</strong></span> 
     </span>
    </p>
   </div>
   <div class='ocr_carea' id='block_1_26' title="bbox 930 523 1725 565">
    <p class='ocr_par' dir='ltr' id='par_1_26' title="bbox 930 523 1725 565">
     <span class='ocr_line' id='line_1_26' title="bbox 930 523 1725 565; baseline 0.01 -14"><span class='ocrx_word' id='word_1_169' title='bbox 930 523 1014 551; x_wconf 91' lang='lat' dir='ltr'><strong>vitam</strong></span> <span class='ocrx_word' id='word_1_170' title='bbox 1030 532 1201 559; x_wconf 83' lang='lat' dir='ltr'><strong>assequerer,</strong></span> <span class='ocrx_word' id='word_1_171' title='bbox 1217 535 1276 554; x_wconf 86' lang='lat' dir='ltr'><strong>sum</strong></span> <span class='ocrx_word' id='word_1_172' title='bbox 1291 528 1459 564; x_wconf 84' lang='lat' dir='ltr'><strong>baptizatus,</strong></span> <span class='ocrx_word' id='word_1_173' title='bbox 1478 530 1504 557; x_wconf 90' lang='lat' dir='ltr'><strong>in</strong></span> <span class='ocrx_word' id='word_1_174' title='bbox 1522 539 1592 565; x_wconf 89' lang='lat' dir='ltr'><strong>aqua</strong></span> <span class='ocrx_word' id='word_1_175' title='bbox 1610 537 1725 559; x_wconf 91' lang='lat' dir='ltr'><strong>mortem</strong></span> 
     </span>
    </p>
   </div>
   <div class='ocr_carea' id='block_1_27' title="bbox 931 569 1725 611">
    <p class='ocr_par' dir='ltr' id='par_1_27' title="bbox 931 569 1725 611">
     <span class='ocr_line' id='line_1_27' title="bbox 931 569 1725 611; baseline 0.013 -16"><span class='ocrx_word' id='word_1_176' title='bbox 931 569 1078 602; x_wconf 74' lang='lat' dir='ltr'><strong>inveniann,</strong></span> <span class='ocrx_word' id='word_1_177' title='bbox 1097 571 1183 599; x_wconf 90' lang='lat' dir='ltr'><strong>instar</strong></span> <span class='ocrx_word' id='word_1_178' title='bbox 1197 581 1303 605; x_wconf 85' lang='lat' dir='ltr'><strong>eorum.</strong></span> <span class='ocrx_word' id='word_1_179' title='bbox 1315 575 1400 609; x_wconf 68' lang='lat' dir='ltr'><strong>quiin</strong></span> <span class='ocrx_word' id='word_1_180' title='bbox 1422 576 1481 610; x_wconf 90' lang='lat' dir='ltr'><strong>ipso</strong></span> <span class='ocrx_word' id='word_1_181' title='bbox 1504 583 1583 611; x_wconf 82' lang='lat' dir='ltr'><strong>partu</strong></span> <span class='ocrx_word' id='word_1_182' title='bbox 1601 578 1725 605; x_wconf 88' lang='lat' dir='ltr'><strong>moriun-</strong></span> 
     </span>
    </p>
   </div>
   <div class='ocr_carea' id='block_1_28' title="bbox 931 618 1725 658">
    <p class='ocr_par' dir='ltr' id='par_1_28' title="bbox 931 618 1725 658">
     <span class='ocr_line' id='line_1_28' title="bbox 931 618 1725 658; baseline 0.014 -16"><span class='ocrx_word' id='word_1_183' title='bbox 931 620 986 648; x_wconf 88' lang='lat' dir='ltr'><strong>tur,</strong></span> <span class='ocrx_word' id='word_1_184' title='bbox 1004 622 1032 644; x_wconf 91' lang='lat' dir='ltr'><strong>et</strong></span> <span class='ocrx_word' id='word_1_185' title='bbox 1061 618 1166 646; x_wconf 89' lang='lat' dir='ltr'><strong>obitum</strong></span> <span class='ocrx_word' id='word_1_186' title='bbox 1193 627 1254 646; x_wconf 92' lang='lat' dir='ltr'><strong>cum</strong></span> <span class='ocrx_word' id='word_1_187' title='bbox 1285 625 1346 647; x_wconf 92' lang='lat' dir='ltr'><strong>ortu</strong></span> <span class='ocrx_word' id='word_1_188' title='bbox 1375 623 1556 658; x_wconf 79' lang='lat' dir='ltr'><strong>conjungunt.</strong></span> <span class='ocrx_word' id='word_1_189' title='bbox 1584 624 1655 657; x_wconf 87' lang='lat' dir='ltr'><strong>Quid</strong></span> <span class='ocrx_word' id='word_1_190' title='bbox 1680 633 1725 652; x_wconf 87' lang='lat' dir='ltr'><strong>me</strong></span> 
     </span>
    </p>
   </div>
   <div class='ocr_carea' id='block_1_29' title="bbox 933 661 1725 698">
    <p class='ocr_par' dir='ltr' id='par_1_29' title="bbox 933 661 1725 698">
     <span class='ocr_line' id='line_1_29' title="bbox 933 661 1725 698; baseline 0.013 -10"><span class='ocrx_word' id='word_1_191' title='bbox 933 661 1030 689; x_wconf 88' lang='lat' dir='ltr'><strong>eodem</strong></span> <span class='ocrx_word' id='word_1_192' title='bbox 1046 668 1182 698; x_wconf 86' lang='lat' dir='ltr'><strong>-tempore</strong></span> <span class='ocrx_word' id='word_1_193' title='bbox 1198 665 1308 694; x_wconf 83' lang='lat' dir='ltr'><strong>beatum</strong></span> <span class='ocrx_word' id='word_1_194' title='bbox 1331 666 1399 695; x_wconf 88' lang='lat' dir='ltr'><strong>facis</strong></span> <span class='ocrx_word' id='word_1_195' title='bbox 1429 672 1456 695; x_wconf 88' lang='lat' dir='ltr'><strong>et</strong></span> <span class='ocrx_word' id='word_1_196' title='bbox 1477 668 1629 697; x_wconf 82' lang='lat' dir='ltr'><strong>miserum?</strong></span> <span class='ocrx_word' id='word_1_197' title='bbox 1654 670 1725 698; x_wconf 91' lang='lat' dir='ltr'><strong>luci-</strong></span> 
     </span>
    </p>
   </div>
   <div class='ocr_carea' id='block_1_30' title="bbox 931 706 1722 751">
    <p class='ocr_par' dir='ltr' id='par_1_30' title="bbox 931 706 1722 751">
     <span class='ocr_line' id='line_1_30' title="bbox 931 706 1722 751; baseline 0.013 -17"><span class='ocrx_word' id='word_1_198' title='bbox 931 706 994 734; x_wconf 86' lang='lat' dir='ltr'><strong>dum</strong></span> <span class='ocrx_word' id='word_1_199' title='bbox 1012 712 1039 736; x_wconf 89' lang='lat' dir='ltr'><strong>et</strong></span> <span class='ocrx_word' id='word_1_200' title='bbox 1064 709 1233 738; x_wconf 77' lang='lat' dir='ltr'><strong>obscurum?</strong></span> <span class='ocrx_word' id='word_1_201' title='bbox 1250 712 1324 746; x_wconf 91' lang='lat' dir='ltr'><strong>pium</strong></span> <span class='ocrx_word' id='word_1_202' title='bbox 1348 717 1376 740; x_wconf 92' lang='lat' dir='ltr'><strong>et</strong></span> <span class='ocrx_word' id='word_1_203' title='bbox 1395 713 1529 748; x_wconf 85' lang='lat' dir='ltr'><strong>impium?</strong></span> <span class='ocrx_word' id='word_1_204' title='bbox 1542 717 1582 742; x_wconf 81' lang='lat' dir='ltr'><strong>An</strong></span> <span class='ocrx_word' id='word_1_205' title='bbox 1599 721 1629 744; x_wconf 91' lang='lat' dir='ltr'><strong>ut</strong></span> <span class='ocrx_word' id='word_1_206' title='bbox 1645 723 1722 751; x_wconf 86' lang='lat' dir='ltr'><strong>spem</strong></span> 
     </span>
    </p>
   </div>
   <div class='ocr_carea' id='block_1_31' title="bbox 931 755 1724 794">
    <p class='ocr_par' dir='ltr' id='par_1_31' title="bbox 931 755 1724 794">
     <span class='ocr_line' id='line_1_31' title="bbox 931 755 1724 794; baseline 0.014 -15"><span class='ocrx_word' id='word_1_207' title='bbox 931 755 1147 787; x_wconf 72' lang='lat' dir='ltr'><strong>regenerationis</strong></span> <span class='ocrx_word' id='word_1_208' title='bbox 1160 756 1283 784; x_wconf 84' lang='lat' dir='ltr'><strong>amittam</strong></span> <span class='ocrx_word' id='word_1_209' title='bbox 1294 758 1305 784; x_wconf 69' lang='lat'><em>‘2</em></span> <span class='ocrx_word' id='word_1_210' title='bbox 1316 757 1430 792; x_wconf 85' lang='lat' dir='ltr'><strong>Verum,</strong></span> <span class='ocrx_word' id='word_1_211' title='bbox 1445 765 1473 787; x_wconf 88' lang='lat' dir='ltr'><strong>ut</strong></span> <span class='ocrx_word' id='word_1_212' title='bbox 1485 761 1579 794; x_wconf 87' lang='lat' dir='ltr'><strong>paucis</strong></span> <span class='ocrx_word' id='word_1_213' title='bbox 1588 769 1646 789; x_wconf 89' lang='lat' dir='ltr'><strong>rem</strong></span> <span class='ocrx_word' id='word_1_214' title='bbox 1655 770 1724 790; x_wconf 86' lang='lat' dir='ltr'><strong>con-</strong></span> 
     </span>
    </p>
   </div>
   <div class='ocr_carea' id='block_1_32' title="bbox 931 798 1724 842">
    <p class='ocr_par' dir='ltr' id='par_1_32' title="bbox 931 798 1724 842">
     <span class='ocr_line' id='line_1_32' title="bbox 931 798 1724 842; baseline 0.013 -17"><span class='ocrx_word' id='word_1_215' title='bbox 931 798 1038 826; x_wconf 89' lang='lat' dir='ltr'><strong>cludam</strong></span> <span class='ocrx_word' id='word_1_216' title='bbox 1053 808 1064 827; x_wconf 84' lang='lat'>:</span> <span class='ocrx_word' id='word_1_217' title='bbox 1077 804 1137 828; x_wconf 86' lang='lat' dir='ltr'><strong>esto</strong></span> <span class='ocrx_word' id='word_1_218' title='bbox 1165 802 1344 831; x_wconf 80' lang='lat' dir='ltr'><strong>confessionis</strong></span> <span class='ocrx_word' id='word_1_219' title='bbox 1357 811 1472 832; x_wconf 86' lang='lat' dir='ltr'><strong>memor.</strong></span> <span class='ocrx_word' id='word_1_220' title='bbox 1487 805 1516 832; x_wconf 93' lang='lat' dir='ltr'><strong>In</strong></span> <span class='ocrx_word' id='word_1_221' title='bbox 1533 814 1614 841; x_wconf 86' lang='lat' dir='ltr'><strong>quem</strong></span> <span class='ocrx_word' id='word_1_222' title='bbox 1635 807 1724 842; x_wconf 80' lang='lat' dir='ltr'><strong>bapti-</strong></span> 
     </span>
    </p>
   </div>
   <div class='ocr_carea' id='block_1_33' title="bbox 932 845 1726 882">
    <p class='ocr_par' dir='ltr' id='par_1_33' title="bbox 932 845 1726 882">
     <span class='ocr_line' id='line_1_33' title="bbox 932 845 1726 882; baseline 0.014 -13"><span class='ocrx_word' id='word_1_223' title='bbox 932 848 1008 870; x_wconf 86' lang='lat' dir='ltr'><strong>zatus</strong></span> <span class='ocrx_word' id='word_1_224' title='bbox 1041 845 1092 871; x_wconf 88' lang='lat' dir='ltr'><strong>es?</strong></span> <span class='ocrx_word' id='word_1_225' title='bbox 1113 845 1141 872; x_wconf 92' lang='lat' dir='ltr'><strong>in</strong></span> <span class='ocrx_word' id='word_1_226' title='bbox 1172 845 1306 874; x_wconf 82' lang='lat' dir='ltr'><strong>Patrem?</strong></span> <span class='ocrx_word' id='word_1_227' title='bbox 1334 848 1420 882; x_wconf 75' lang='lat' dir='ltr'><strong>Bene,</strong></span> <span class='ocrx_word' id='word_1_228' title='bbox 1448 850 1496 877; x_wconf 85' lang='lat' dir='ltr'><strong>sed</strong></span> <span class='ocrx_word' id='word_1_229' title='bbox 1524 850 1670 880; x_wconf 83' lang='lat' dir='ltr'><strong>Judaicum</strong></span> <span class='ocrx_word' id='word_1_230' title='bbox 1697 852 1726 880; x_wconf 86' lang='lat' dir='ltr'><strong>id</strong></span> 
     </span>
    </p>
   </div>
   <div class='ocr_carea' id='block_1_34' title="bbox 89 880 881 931">
    <p class='ocr_par' dir='ltr' id='par_1_34' title="bbox 89 880 880 919">
     <span class='ocr_line' id='line_1_34' title="bbox 89 880 880 919; baseline 0.01 -13"><span class='ocrx_word' id='word_1_231' title='bbox 89 880 189 914; x_wconf 80' lang='grc' dir='ltr'>ταῦτα,</span> <span class='ocrx_word' id='word_1_232' title='bbox 210 881 227 916; x_wconf 82' lang='grc' dir='ltr'><strong>ἢ</strong></span> <span class='ocrx_word' id='word_1_233' title='bbox 242 882 290 908; x_wconf 82' lang='grc' dir='ltr'>καὶ</span> <span class='ocrx_word' id='word_1_234' title='bbox 307 883 396 909; x_wconf 78' lang='grc' dir='ltr'>κοινὸν</span> <span class='ocrx_word' id='word_1_235' title='bbox 412 883 516 910; x_wconf 85' lang='grc' dir='ltr'>τούτων</span> <span class='ocrx_word' id='word_1_236' title='bbox 540 884 642 919; x_wconf 79' lang='grc' dir='ltr'>δνομα;</span> <span class='ocrx_word' id='word_1_237' title='bbox 659 885 714 912; x_wconf 75' lang='grc' dir='ltr'><strong>Καὶ</strong></span> <span class='ocrx_word' id='word_1_238' title='bbox 734 886 834 913; x_wconf 86' lang='grc' dir='ltr'>κοινόν.</span> <span class='ocrx_word' id='word_1_239' title='bbox 848 887 880 914; x_wconf 84' lang='grc' dir='ltr'>Τί</span> 
     </span>
    </p>
   </div>
   <div class='ocr_carea' id='block_1_35' title="bbox 968 880 1726 931">
    <p class='ocr_par' dir='ltr' id='par_1_35' title="bbox 968 880 1726 931">
     <span class='ocr_line' id='line_1_35' title="bbox 968 880 1726 931; baseline 0.015 -16"><span class='ocrx_word' id='word_1_240' title='bbox 968 889 1087 917; x_wconf 88' lang='lat' dir='ltr'><strong>tadhuc.</strong></span> <span class='ocrx_word' id='word_1_241' title='bbox 1100 889 1129 917; x_wconf 86' lang='lat' dir='ltr'><strong>In</strong></span> <span class='ocrx_word' id='word_1_242' title='bbox 1146 891 1244 920; x_wconf 85' lang='lat' dir='ltr'><strong>Filium</strong></span> <span class='ocrx_word' id='word_1_243' title='bbox 1261 893 1382 928; x_wconf 81' lang='lat' dir='ltr'><strong>?‘Recte,</strong></span> <span class='ocrx_word' id='word_1_244' title='bbox 1400 880 1490 931; x_wconf 83' lang='lat' dir='ltr'><strong>neque</strong></span> <span class='ocrx_word' id='word_1_245' title='bbox 1508 897 1581 924; x_wconf 90' lang='lat' dir='ltr'><strong>enim</strong></span> <span class='ocrx_word' id='word_1_246' title='bbox 1597 898 1648 926; x_wconf 87' lang='lat' dir='ltr'><strong>hoc</strong></span> <span class='ocrx_word' id='word_1_247' title='bbox 1667 906 1726 926; x_wconf 84' lang='lat' dir='ltr'><strong>am-</strong></span> 
     </span>
    </p>
   </div>
   <div class='ocr_carea' id='block_1_36' title="bbox 90 926 881 963">
    <p class='ocr_par' dir='ltr' id='par_1_36' title="bbox 90 926 881 963">
     <span class='ocr_line' id='line_1_36' title="bbox 90 926 881 963; baseline 0.01 -11"><span class='ocrx_word' id='word_1_248' title='bbox 90 926 192 959; x_wconf 76' lang='grc' dir='ltr'>τοῦτο;</span> <span class='ocrx_word' id='word_1_249' title='bbox 211 928 320 963; x_wconf 81' lang='grc' dir='ltr'>Δηλαδὴ</span> <span class='ocrx_word' id='word_1_250' title='bbox 342 929 372 955; x_wconf 82' lang='grc' dir='ltr'>τὸ</span> <span class='ocrx_word' id='word_1_251' title='bbox 386 929 433 956; x_wconf 81' lang='grc' dir='ltr'>τοῦ</span> <span class='ocrx_word' id='word_1_252' title='bbox 452 930 532 956; x_wconf 80' lang='grc' dir='ltr'>Θεοῦ.</span> <span class='ocrx_word' id='word_1_253' title='bbox 558 929 605 962; x_wconf 70' lang='lat' dir='ltr'><strong>Et;</strong></span> <span class='ocrx_word' id='word_1_254' title='bbox 631 931 712 958; x_wconf 85' lang='grc' dir='ltr'>τοῦτο</span> <span class='ocrx_word' id='word_1_255' title='bbox 735 933 766 959; x_wconf 81' lang='grc' dir='ltr'>τὸ</span> <span class='ocrx_word' id='word_1_256' title='bbox 793 933 881 960; x_wconf 78' lang='grc' dir='ltr'>κοινὸν</span> 
     </span>
    </p>
   </div>
   <div class='ocr_carea' id='block_1_37' title="bbox 88 971 882 1012">
    <p class='ocr_par' dir='ltr' id='par_1_37' title="bbox 88 971 882 1012">
     <span class='ocr_line' id='line_1_37' title="bbox 88 971 882 1012; baseline 0.011 -16"><span class='ocrx_word' id='word_1_257' title='bbox 88 971 176 1006; x_wconf 72' lang='grc' dir='ltr'>ὄνομα</span> <span class='ocrx_word' id='word_1_258' title='bbox 195 972 322 1003; x_wconf 72' lang='grc' dir='ltr'>πίστευε,</span> <span class='ocrx_word' id='word_1_259' title='bbox 342 974 388 1000; x_wconf 78' lang='grc' dir='ltr'><strong>καὶ</strong></span> <span class='ocrx_word' id='word_1_260' title='bbox 408 976 570 1009; x_wconf 83' lang='grc' dir='ltr'>κατευοδοῦ,</span> <span class='ocrx_word' id='word_1_261' title='bbox 592 977 639 1003; x_wconf 84' lang='grc' dir='ltr'>καὶ</span> <span class='ocrx_word' id='word_1_262' title='bbox 658 977 797 1012; x_wconf 72' lang='grc' dir='ltr'>βασίλευε.</span> <span class='ocrx_word' id='word_1_263' title='bbox 825 979 882 1005; x_wconf 82' lang='grc' dir='ltr'><strong>Καὶ</strong></span> 
     </span>
    </p>
   </div>
   <div class='ocr_carea' id='block_1_38' title="bbox 90 1016 879 1060">
    <p class='ocr_par' dir='ltr' id='par_1_38' title="bbox 90 1016 879 1060">
     <span class='ocr_line' id='line_1_38' title="bbox 90 1016 879 1060; baseline 0.011 -19"><span class='ocrx_word' id='word_1_264' title='bbox 90 1016 212 1051; x_wconf 77' lang='grc' dir='ltr'>μετέεης</span> <span class='ocrx_word' id='word_1_265' title='bbox 233 1017 361 1044; x_wconf 70' lang='grc' dir='ltr'>ἐντεῦθεν</span> <span class='ocrx_word' id='word_1_266' title='bbox 388 1019 428 1050; x_wconf 82' lang='grc' dir='ltr'><strong>εις</strong></span> <span class='ocrx_word' id='word_1_267' title='bbox 449 1019 499 1054; x_wconf 80' lang='grc' dir='ltr'>τὴν</span> <span class='ocrx_word' id='word_1_268' title='bbox 514 1021 621 1048; x_wconf 76' lang='grc' dir='ltr'>ἐκεῖθεν</span> <span class='ocrx_word' id='word_1_269' title='bbox 641 1022 846 1058; x_wconf 78' lang='grc' dir='ltr'>μακαριότητα·</span> <span class='ocrx_word' id='word_1_270' title='bbox 862 1025 879 1060; x_wconf 85' lang='grc' dir='ltr'><strong>ή</strong></span> 
     </span>
    </p>
   </div>
   <div class='ocr_carea' id='block_1_39' title="bbox 88 1059 882 1104">
    <p class='ocr_par' dir='ltr' id='par_1_39' title="bbox 88 1059 882 1104">
     <span class='ocr_line' id='line_1_39' title="bbox 88 1059 882 1104; baseline 0.013 -18"><span class='ocrx_word' id='word_1_271' title='bbox 88 1059 117 1086; x_wconf 71' lang='grc' dir='ltr'><strong>δέ</strong></span> <span class='ocrx_word' id='word_1_272' title='bbox 132 1061 219 1093; x_wconf 74' lang='grc' dir='ltr'>ἐστιν,</span> <span class='ocrx_word' id='word_1_273' title='bbox 233 1062 271 1094; x_wconf 78' lang='grc' dir='ltr'>ὡς</span> <span class='ocrx_word' id='word_1_274' title='bbox 289 1065 350 1099; x_wconf 77' lang='grc' dir='ltr'>ἐμοὶ</span> <span class='ocrx_word' id='word_1_275' title='bbox 357 1065 441 1098; x_wconf 81' lang='grc' dir='ltr'>δοκεῖ,</span> <span class='ocrx_word' id='word_1_276' title='bbox 453 1066 469 1101; x_wconf 84' lang='grc' dir='ltr'><strong>ή</strong></span> <span class='ocrx_word' id='word_1_277' title='bbox 481 1065 585 1094; x_wconf 81' lang='grc' dir='ltr'>τούτων</span> <span class='ocrx_word' id='word_1_278' title='bbox 593 1067 684 1094; x_wconf 84' lang='grc' dir='ltr'>αὐτῶν</span> <span class='ocrx_word' id='word_1_279' title='bbox 698 1068 882 1104; x_wconf 69' lang='grc' dir='ltr'>ὲκτυπωτέρα</span> 
     </span>
    </p>
   </div>
   <div class='ocr_carea' id='block_1_40' title="bbox 89 1106 258 1142">
    <p class='ocr_par' dir='ltr' id='par_1_40' title="bbox 89 1106 258 1142">
     <span class='ocr_line' id='line_1_40' title="bbox 89 1106 258 1142; baseline 0.012 -11"><span class='ocrx_word' id='word_1_280' title='bbox 89 1106 258 1142; x_wconf 62' lang='grc' dir='ltr'>κατάληψις.</span> 
     </span>
    </p>
   </div>
   <div class='ocr_carea' id='block_1_41' title="bbox 88 1156 900 1194">
    <p class='ocr_par' dir='ltr' id='par_1_41' title="bbox 88 1156 900 1194">
     <span class='ocr_line' id='line_1_41' title="bbox 88 1156 900 1194; baseline 0.012 -16"><span class='ocrx_word' id='word_1_281' title='bbox 88 1159 238 1181; x_wconf 84' lang='lat' dir='ltr'><strong>commune</strong></span> <span class='ocrx_word' id='word_1_282' title='bbox 252 1156 344 1188; x_wconf 83' lang='lat' dir='ltr'><strong>crede,</strong></span> <span class='ocrx_word' id='word_1_283' title='bbox 360 1156 504 1189; x_wconf 79' lang='lat' dir='ltr'><strong>incede,et</strong></span> <span class='ocrx_word' id='word_1_284' title='bbox 519 1165 613 1194; x_wconf 74' lang='lat' dir='ltr'><strong>regna,</strong></span> <span class='ocrx_word' id='word_1_285' title='bbox 632 1164 659 1187; x_wconf 91' lang='lat' dir='ltr'><strong>et</strong></span> <span class='ocrx_word' id='word_1_286' title='bbox 673 1161 806 1188; x_wconf 84' lang='lat' dir='ltr'><strong>ascendes</strong></span> <span class='ocrx_word' id='word_1_287' title='bbox 835 1161 900 1188; x_wconf 90' lang='lat' dir='ltr'><strong>hinc</strong></span> 
     </span>
    </p>
   </div>
   <div class='ocr_carea' id='block_1_42' title="bbox 932 934 1726 977">
    <p class='ocr_par' dir='ltr' id='par_1_42' title="bbox 932 934 1726 977">
     <span class='ocr_line' id='line_1_42' title="bbox 932 934 1726 977; baseline 0.014 -17"><span class='ocrx_word' id='word_1_288' title='bbox 932 934 1003 969; x_wconf 90' lang='lat' dir='ltr'><strong>plius</strong></span> <span class='ocrx_word' id='word_1_289' title='bbox 1029 934 1183 970; x_wconf 80' lang='lat' dir='ltr'><strong>Judaicum,</strong></span> <span class='ocrx_word' id='word_1_290' title='bbox 1200 942 1319 967; x_wconf 83' lang='lat' dir='ltr'><strong>attamen</strong></span> <span class='ocrx_word' id='word_1_291' title='bbox 1353 941 1473 968; x_wconf 90' lang='lat' dir='ltr'><strong>nondum</strong></span> <span class='ocrx_word' id='word_1_292' title='bbox 1503 942 1667 977; x_wconf 86' lang='lat' dir='ltr'><strong>perfectum.</strong></span> <span class='ocrx_word' id='word_1_293' title='bbox 1691 944 1726 972; x_wconf 88' lang='lat' dir='ltr'><strong>Et</strong></span> 
     </span>
    </p>
   </div>
   <div class='ocr_carea' id='block_1_43' title="bbox 932 979 1726 1022">
    <p class='ocr_par' dir='ltr' id='par_1_43' title="bbox 932 979 1726 1022">
     <span class='ocr_line' id='line_1_43' title="bbox 932 979 1726 1022; baseline 0.015 -17"><span class='ocrx_word' id='word_1_294' title='bbox 932 979 960 1006; x_wconf 93' lang='lat' dir='ltr'><strong>in</strong></span> <span class='ocrx_word' id='word_1_295' title='bbox 994 979 1125 1015; x_wconf 87' lang='lat' dir='ltr'><strong>Spiritum</strong></span> <span class='ocrx_word' id='word_1_296' title='bbox 1151 985 1300 1011; x_wconf 86' lang='lat' dir='ltr'><strong>sanctum?</strong></span> <span class='ocrx_word' id='word_1_297' title='bbox 1325 986 1445 1021; x_wconf 89' lang='lat' dir='ltr'><strong>Optime,</strong></span> <span class='ocrx_word' id='word_1_298' title='bbox 1479 987 1631 1022; x_wconf 88' lang='lat' dir='ltr'><strong>perfectum</strong></span> <span class='ocrx_word' id='word_1_299' title='bbox 1652 989 1726 1018; x_wconf 80' lang='lat' dir='ltr'><strong>istud</strong></span> 
     </span>
    </p>
   </div>
   <div class='ocr_carea' id='block_1_44' title="bbox 930 1024 1724 1069">
    <p class='ocr_par' dir='ltr' id='par_1_44' title="bbox 930 1024 1724 1069">
     <span class='ocr_line' id='line_1_44' title="bbox 930 1024 1724 1069; baseline 0.014 -18"><span class='ocrx_word' id='word_1_300' title='bbox 930 1024 985 1060; x_wconf 88' lang='lat' dir='ltr'><strong>jam</strong></span> <span class='ocrx_word' id='word_1_301' title='bbox 1006 1031 1057 1054; x_wconf 90' lang='lat' dir='ltr'><strong>est.</strong></span> <span class='ocrx_word' id='word_1_302' title='bbox 1082 1026 1218 1056; x_wconf 70' lang='lat' dir='ltr'><strong>Caeterum</strong></span> <span class='ocrx_word' id='word_1_303' title='bbox 1247 1037 1307 1066; x_wconf 75' lang='lat' dir='ltr'><strong>age,</strong></span> <span class='ocrx_word' id='word_1_304' title='bbox 1335 1039 1402 1059; x_wconf 92' lang='lat' dir='ltr'><strong>num</strong></span> <span class='ocrx_word' id='word_1_305' title='bbox 1422 1033 1450 1059; x_wconf 90' lang='lat' dir='ltr'><strong>in</strong></span> <span class='ocrx_word' id='word_1_306' title='bbox 1481 1040 1528 1060; x_wconf 90' lang='lat' dir='ltr'><strong>eos</strong></span> <span class='ocrx_word' id='word_1_307' title='bbox 1551 1035 1724 1069; x_wconf 78' lang='lat' dir='ltr'><strong>simpliciter,</strong></span> 
     </span>
    </p>
   </div>
   <div class='ocr_carea' id='block_1_45' title="bbox 932 1071 1723 1106">
    <p class='ocr_par' dir='ltr' id='par_1_45' title="bbox 932 1071 1723 1106">
     <span class='ocr_line' id='line_1_45' title="bbox 932 1071 1723 1106; baseline 0.013 -10"><span class='ocrx_word' id='word_1_308' title='bbox 932 1078 967 1097; x_wconf 87' lang='lat' dir='ltr'><strong>an</strong></span> <span class='ocrx_word' id='word_1_309' title='bbox 991 1071 1101 1106; x_wconf 83' lang='lat' dir='ltr'><strong>aliquod</strong></span> <span class='ocrx_word' id='word_1_310' title='bbox 1121 1079 1163 1101; x_wconf 87' lang='lat' dir='ltr'><strong>est</strong></span> <span class='ocrx_word' id='word_1_311' title='bbox 1187 1075 1271 1102; x_wconf 81' lang='lat' dir='ltr'><strong>etiam</strong></span> <span class='ocrx_word' id='word_1_312' title='bbox 1300 1076 1397 1103; x_wconf 89' lang='lat' dir='ltr'><strong>horum</strong></span> <span class='ocrx_word' id='word_1_313' title='bbox 1425 1085 1572 1105; x_wconf 87' lang='lat' dir='ltr'><strong>commune</strong></span> <span class='ocrx_word' id='word_1_314' title='bbox 1602 1079 1723 1106; x_wconf 74' lang='lat' dir='ltr'><strong>nomen?</strong></span> 
     </span>
    </p>
   </div>
   <div class='ocr_carea' id='block_1_46' title="bbox 932 1115 1722 1154">
    <p class='ocr_par' dir='ltr' id='par_1_46' title="bbox 932 1115 1722 1154">
     <span class='ocr_line' id='line_1_46' title="bbox 932 1115 1722 1154; baseline 0.011 -11"><span class='ocrx_word' id='word_1_315' title='bbox 932 1115 1033 1149; x_wconf 85' lang='lat' dir='ltr'><strong>Quidni</strong></span> <span class='ocrx_word' id='word_1_316' title='bbox 1049 1118 1061 1145; x_wconf 66' lang='grc' dir='ltr'>Τ</span> <span class='ocrx_word' id='word_1_317' title='bbox 1075 1119 1187 1154; x_wconf 87' lang='lat' dir='ltr'><strong>Ecquod</strong></span> <span class='ocrx_word' id='word_1_318' title='bbox 1204 1121 1269 1150; x_wconf 86' lang='lat' dir='ltr'><strong>illud</strong></span> <span class='ocrx_word' id='word_1_319' title='bbox 1299 1124 1361 1150; x_wconf 77' lang='lat' dir='ltr'><strong>est?</strong></span> <span class='ocrx_word' id='word_1_320' title='bbox 1379 1123 1460 1150; x_wconf 79' lang='lat' dir='ltr'><strong>Deus.</strong></span> <span class='ocrx_word' id='word_1_321' title='bbox 1484 1123 1513 1151; x_wconf 84' lang='lat' dir='ltr'><strong>in</strong></span> <span class='ocrx_word' id='word_1_322' title='bbox 1539 1125 1591 1152; x_wconf 82' lang='lat' dir='ltr'><strong>line</strong></span> <span class='ocrx_word' id='word_1_323' title='bbox 1619 1133 1722 1152; x_wconf 87' lang='lat' dir='ltr'><strong>nomen</strong></span> 
     </span>
    </p>
   </div>
   <div class='ocr_carea' id='block_1_47' title="bbox 930 1163 1726 1208">
    <p class='ocr_par' dir='ltr' id='par_1_47' title="bbox 930 1163 1726 1208">
     <span class='ocr_line' id='line_1_47' title="bbox 930 1163 1726 1208; baseline 0.013 -18"><span class='ocrx_word' id='word_1_324' title='bbox 930 1163 964 1190; x_wconf 87' lang='lat' dir='ltr'><strong>ad</strong></span> <span class='ocrx_word' id='word_1_325' title='bbox 983 1165 1123 1194; x_wconf 73' lang='lat' dir='ltr'><strong>emlcstem</strong></span> <span class='ocrx_word' id='word_1_326' title='bbox 1137 1167 1210 1195; x_wconf 83' lang='lat' dir='ltr'><strong>illam</strong></span> <span class='ocrx_word' id='word_1_327' title='bbox 1237 1168 1408 1204; x_wconf 81' lang='lat' dir='ltr'><strong>felicitatem,</strong></span> <span class='ocrx_word' id='word_1_328' title='bbox 1430 1178 1501 1206; x_wconf 84' lang='lat' dir='ltr'><strong>quae,</strong></span> <span class='ocrx_word' id='word_1_329' title='bbox 1517 1177 1548 1199; x_wconf 90' lang='lat' dir='ltr'><strong>ut</strong></span> <span class='ocrx_word' id='word_1_330' title='bbox 1568 1173 1633 1199; x_wconf 89' lang='lat' dir='ltr'><strong>mihi</strong></span> <span class='ocrx_word' id='word_1_331' title='bbox 1663 1173 1726 1208; x_wconf 91' lang='lat' dir='ltr'><strong>qui-</strong></span> 
     </span>
    </p>
   </div>
   <div class='ocr_carea' id='block_1_48' title="bbox 88 1201 1106 1245">
    <p class='ocr_par' dir='ltr' id='par_1_48' title="bbox 88 1201 1106 1245">
     <span class='ocr_line' id='line_1_48' title="bbox 88 1201 1106 1245; baseline 0.013 -19"><span class='ocrx_word' id='word_1_332' title='bbox 88 1201 150 1228; x_wconf 88' lang='lat' dir='ltr'><strong>dem</strong></span> <span class='ocrx_word' id='word_1_333' title='bbox 162 1201 281 1232; x_wconf 81' lang='lat' dir='ltr'><strong>vidctur,</strong></span> <span class='ocrx_word' id='word_1_334' title='bbox 302 1203 368 1230; x_wconf 88' lang='lat' dir='ltr'><strong>nihil</strong></span> <span class='ocrx_word' id='word_1_335' title='bbox 393 1204 465 1232; x_wconf 86' lang='lat' dir='ltr'><strong>aliud</strong></span> <span class='ocrx_word' id='word_1_336' title='bbox 482 1210 534 1237; x_wconf 90' lang='lat' dir='ltr'><strong>est,</strong></span> <span class='ocrx_word' id='word_1_337' title='bbox 553 1205 606 1233; x_wconf 86' lang='lat' dir='ltr'><strong>nisi</strong></span> <span class='ocrx_word' id='word_1_338' title='bbox 617 1213 745 1241; x_wconf 76' lang='lat' dir='ltr'><strong>expressa</strong></span> <span class='ocrx_word' id='word_1_339' title='bbox 766 1207 863 1235; x_wconf 86' lang='lat' dir='ltr'><strong>horum</strong></span> <span class='ocrx_word' id='word_1_340' title='bbox 884 1211 1106 1245; x_wconf 83' lang='lat' dir='ltr'><strong>comprehensio.</strong></span> 
     </span>
    </p>
   </div>
   <div class='ocr_carea' id='block_1_49' title="bbox 91 1257 881 1298">
    <p class='ocr_par' dir='ltr' id='par_1_49' title="bbox 91 1257 881 1298">
     <span class='ocr_line' id='line_1_49' title="bbox 91 1257 881 1298; baseline 0.01 -14"><span class='ocrx_word' id='word_1_341' title='bbox 91 1257 150 1286; x_wconf 72' lang='grc' dir='ltr'><strong>Τοῦ</strong></span> <span class='ocrx_word' id='word_1_342' title='bbox 174 1259 270 1286; x_wconf 80' lang='grc' dir='ltr'>αὐτοῦ</span> <span class='ocrx_word' id='word_1_343' title='bbox 280 1260 315 1286; x_wconf 73' lang='grc' dir='ltr'>ἐκ</span> <span class='ocrx_word' id='word_1_344' title='bbox 331 1261 384 1298; x_wconf 67' lang='grc' dir='ltr'>τοῦ</span> <span class='ocrx_word' id='word_1_345' title='bbox 394 1261 488 1295; x_wconf 69' lang='grc' dir='ltr'>λόγου</span> <span class='ocrx_word' id='word_1_346' title='bbox 496 1261 552 1289; x_wconf 84' lang='grc' dir='ltr'>τοῦ</span> <span class='ocrx_word' id='word_1_347' title='bbox 563 1263 609 1295; x_wconf 76' lang='grc' dir='ltr'>εις</span> <span class='ocrx_word' id='word_1_348' title='bbox 618 1262 676 1296; x_wconf 82' lang='grc' dir='ltr'><strong>τὴν</strong></span> <span class='ocrx_word' id='word_1_349' title='bbox 688 1262 749 1290; x_wconf 84' lang='grc' dir='ltr'><strong>τῶν</strong></span> <span class='ocrx_word' id='word_1_350' title='bbox 759 1262 806 1298; x_wconf 70' lang='lat' dir='ltr'><strong>pr&quot;</strong></span> <span class='ocrx_word' id='word_1_351' title='bbox 818 1264 881 1292; x_wconf 80' lang='grc' dir='ltr'><strong>ἐπι-</strong></span> 
     </span>
    </p>
   </div>
   <div class='ocr_carea' id='block_1_50' title="bbox 318 1296 641 1330">
    <p class='ocr_par' dir='ltr' id='par_1_50' title="bbox 318 1296 641 1330">
     <span class='ocr_line' id='line_1_50' title="bbox 318 1296 641 1330; baseline 0.012 -9"><span class='ocrx_word' id='word_1_352' title='bbox 318 1296 444 1322; x_wconf 74' lang='grc' dir='ltr'><strong>σκόπων</strong></span> <span class='ocrx_word' id='word_1_353' title='bbox 458 1298 641 1330; x_wconf 72' lang='grc' dir='ltr'>παρουσίαν.</span> 
     </span>
    </p>
   </div>
   <div class='ocr_carea' id='block_1_51' title="bbox 125 1339 880 1381">
    <p class='ocr_par' dir='ltr' id='par_1_51' title="bbox 125 1339 880 1381">
     <span class='ocr_line' id='line_1_51' title="bbox 125 1339 880 1381; baseline 0.008 -16"><span class='ocrx_word' id='word_1_354' title='bbox 125 1339 167 1365; x_wconf 70' lang='grc' dir='ltr'>Τέι</span> <span class='ocrx_word' id='word_1_355' title='bbox 182 1339 213 1365; x_wconf 76' lang='grc' dir='ltr'><strong>δὲ</strong></span> <span class='ocrx_word' id='word_1_356' title='bbox 234 1340 297 1366; x_wconf 77' lang='grc' dir='ltr'>καθ’</span> <span class='ocrx_word' id='word_1_357' title='bbox 310 1341 437 1372; x_wconf 81' lang='grc' dir='ltr'>ἕκαστον,</span> <span class='ocrx_word' id='word_1_358' title='bbox 451 1340 486 1367; x_wconf 78' lang='grc' dir='ltr'><strong>ἵν’</strong></span> <span class='ocrx_word' id='word_1_359' title='bbox 497 1341 605 1369; x_wconf 79' lang='grc' dir='ltr'><strong>ἐπέλθω</strong></span> <span class='ocrx_word' id='word_1_360' title='bbox 621 1343 771 1378; x_wconf 80' lang='grc' dir='ltr'>συντόμως.</span> <span class='ocrx_word' id='word_1_361' title='bbox 793 1343 880 1381; x_wconf 79' lang='grc' dir='ltr'>ἄναρ-</span> 
     </span>
    </p>
   </div>
   <div class='ocr_carea' id='block_1_52' title="bbox 89 1386 880 1424">
    <p class='ocr_par' dir='ltr' id='par_1_52' title="bbox 89 1386 880 1424">
     <span class='ocr_line' id='line_1_52' title="bbox 89 1386 880 1424; baseline 0.008 -12"><span class='ocrx_word' id='word_1_362' title='bbox 89 1395 149 1422; x_wconf 76' lang='grc' dir='ltr'>χον,</span> <span class='ocrx_word' id='word_1_363' title='bbox 176 1386 225 1413; x_wconf 81' lang='grc' dir='ltr'>καὶ</span> <span class='ocrx_word' id='word_1_364' title='bbox 239 1387 324 1422; x_wconf 80' lang='grc' dir='ltr'>ἀρχὴ,</span> <span class='ocrx_word' id='word_1_365' title='bbox 342 1388 390 1414; x_wconf 79' lang='grc' dir='ltr'>καὶ</span> <span class='ocrx_word' id='word_1_366' title='bbox 410 1388 442 1415; x_wconf 78' lang='grc' dir='ltr'>τὸ</span> <span class='ocrx_word' id='word_1_367' title='bbox 472 1389 541 1423; x_wconf 82' lang='grc' dir='ltr'>μετᾶ</span> <span class='ocrx_word' id='word_1_368' title='bbox 554 1389 604 1424; x_wconf 84' lang='grc' dir='ltr'>τῆς</span> <span class='ocrx_word' id='word_1_369' title='bbox 623 1389 722 1424; x_wconf 81' lang='grc' dir='ltr'>ἀρχῆς,</span> <span class='ocrx_word' id='word_1_370' title='bbox 740 1387 780 1422; x_wconf 73' lang='grc' dir='ltr'>εἷς</span> <span class='ocrx_word' id='word_1_371' title='bbox 803 1391 880 1422; x_wconf 81' lang='grc' dir='ltr'><strong>Θεὸς.</strong></span> 
     </span>
    </p>
   </div>
   <div class='ocr_carea' id='block_1_53' title="bbox 89 1433 881 1472">
    <p class='ocr_par' dir='ltr' id='par_1_53' title="bbox 89 1433 881 1472">
     <span class='ocr_line' id='line_1_53' title="bbox 89 1433 881 1472; baseline 0.005 -13"><span class='ocrx_word' id='word_1_372' title='bbox 89 1433 160 1460; x_wconf 80' lang='grc' dir='ltr'>οὔτε</span> <span class='ocrx_word' id='word_1_373' title='bbox 175 1433 223 1459; x_wconf 82' lang='grc' dir='ltr'>τοῦ</span> <span class='ocrx_word' id='word_1_374' title='bbox 242 1434 365 1469; x_wconf 83' lang='grc' dir='ltr'>ἀνάρχου</span> <span class='ocrx_word' id='word_1_375' title='bbox 377 1433 407 1460; x_wconf 82' lang='grc' dir='ltr'><strong>τὺ</strong></span> <span class='ocrx_word' id='word_1_376' title='bbox 423 1434 543 1470; x_wconf 75' lang='grc' dir='ltr'>ἄναρχον</span> <span class='ocrx_word' id='word_1_377' title='bbox 567 1434 664 1469; x_wconf 82' lang='grc' dir='ltr'>φύσις,</span> <span class='ocrx_word' id='word_1_378' title='bbox 682 1435 699 1471; x_wconf 79' lang='grc' dir='ltr'>ἢ</span> <span class='ocrx_word' id='word_1_379' title='bbox 721 1436 752 1463; x_wconf 78' lang='grc' dir='ltr'>τὸ</span> <span class='ocrx_word' id='word_1_380' title='bbox 766 1437 881 1472; x_wconf 82' lang='grc' dir='ltr'><strong>ἀγέννη-</strong></span> 
     </span>
    </p>
   </div>
   <div class='ocr_carea' id='block_1_54' title="bbox 88 1479 880 1517">
    <p class='ocr_par' dir='ltr' id='par_1_54' title="bbox 88 1479 880 1517">
     <span class='ocr_line' id='line_1_54' title="bbox 88 1479 880 1517; baseline 0.006 -12"><span class='ocrx_word' id='word_1_381' title='bbox 88 1487 146 1506; x_wconf 88' lang='grc' dir='ltr'>τον.</span> <span class='ocrx_word' id='word_1_382' title='bbox 164 1479 235 1507; x_wconf 81' lang='grc' dir='ltr'><strong>Οὐδὲ</strong></span> <span class='ocrx_word' id='word_1_383' title='bbox 250 1481 299 1514; x_wconf 72' lang='grc' dir='ltr'><strong>μία</strong></span> <span class='ocrx_word' id='word_1_384' title='bbox 316 1480 371 1516; x_wconf 80' lang='grc' dir='ltr'>γὰρ</span> <span class='ocrx_word' id='word_1_385' title='bbox 397 1481 490 1515; x_wconf 78' lang='grc' dir='ltr'>φύσις,</span> <span class='ocrx_word' id='word_1_386' title='bbox 506 1481 547 1508; x_wconf 80' lang='grc' dir='ltr'>ὅτι</span> <span class='ocrx_word' id='word_1_387' title='bbox 565 1481 604 1517; x_wconf 85' lang='grc' dir='ltr'>μὴ</span> <span class='ocrx_word' id='word_1_388' title='bbox 625 1481 684 1508; x_wconf 83' lang='grc' dir='ltr'>τόδε</span> <span class='ocrx_word' id='word_1_389' title='bbox 701 1483 788 1515; x_wconf 75' lang='grc' dir='ltr'>ἐστὶν,</span> <span class='ocrx_word' id='word_1_390' title='bbox 819 1483 880 1510; x_wconf 79' lang='grc' dir='ltr'>ἀλλ’</span> 
     </span>
    </p>
   </div>
   <div class='ocr_carea' id='block_1_55' title="bbox 935 1264 1724 1312">
    <p class='ocr_par' dir='ltr' id='par_1_55' title="bbox 935 1264 1724 1312">
     <span class='ocr_line' id='line_1_55' title="bbox 935 1264 1724 1312; baseline 0.011 -19"><span class='ocrx_word' id='word_1_391' title='bbox 935 1264 977 1294; x_wconf 77' lang='lat' dir='ltr'><strong>Ex</strong></span> <span class='ocrx_word' id='word_1_392' title='bbox 987 1269 1118 1302; x_wconf 80' lang='lat' dir='ltr'><strong>oratione,</strong></span> <span class='ocrx_word' id='word_1_393' title='bbox 1134 1278 1215 1305; x_wconf 81' lang='lat' dir='ltr'><strong>quam</strong></span> <span class='ocrx_word' id='word_1_394' title='bbox 1230 1271 1322 1312; x_wconf 59' lang='lat' dir='ltr'><strong>[inbuit</strong></span> <span class='ocrx_word' id='word_1_395' title='bbox 1337 1273 1364 1312; x_wconf 61' lang='lat' dir='ltr'><strong>in</strong></span> <span class='ocrx_word' id='word_1_396' title='bbox 1378 1278 1518 1308; x_wconf 78' lang='lat' dir='ltr'><strong>conspectu</strong></span> <span class='ocrx_word' id='word_1_397' title='bbox 1527 1279 1632 1301; x_wconf 72' lang='lat' dir='ltr'><strong>centum</strong></span> <span class='ocrx_word' id='word_1_398' title='bbox 1645 1275 1724 1302; x_wconf 80' lang='lat' dir='ltr'><strong>auin-</strong></span> 
     </span>
    </p>
   </div>
   <div class='ocr_carea' id='block_1_56' title="bbox 1162 1308 1504 1342">
    <p class='ocr_par' dir='ltr' id='par_1_56' title="bbox 1162 1308 1504 1342">
     <span class='ocr_line' id='line_1_56' title="bbox 1162 1308 1504 1342; baseline 0.006 -10"><span class='ocrx_word' id='word_1_399' title='bbox 1162 1308 1290 1340; x_wconf 80' lang='lat' dir='ltr'><strong>quaginla</strong></span> <span class='ocrx_word' id='word_1_400' title='bbox 1314 1308 1504 1342; x_wconf 74' lang='lat' dir='ltr'><strong>episcoporum.</strong></span> 
     </span>
    </p>
   </div>
   <div class='ocr_carea' id='block_1_57' title="bbox 968 1349 1723 1387">
    <p class='ocr_par' dir='ltr' id='par_1_57' title="bbox 968 1349 1723 1387">
     <span class='ocr_line' id='line_1_57' title="bbox 968 1349 1723 1387; baseline 0.008 -12"><span class='ocrx_word' id='word_1_401' title='bbox 968 1349 1069 1376; x_wconf 79' lang='lat' dir='ltr'><strong>Verum</strong></span> <span class='ocrx_word' id='word_1_402' title='bbox 1086 1354 1116 1377; x_wconf 91' lang='lat' dir='ltr'><strong>ut</strong></span> <span class='ocrx_word' id='word_1_403' title='bbox 1128 1350 1186 1377; x_wconf 84' lang='lat' dir='ltr'><strong>haec</strong></span> <span class='ocrx_word' id='word_1_404' title='bbox 1198 1351 1305 1385; x_wconf 72' lang='lat' dir='ltr'><strong>singula</strong></span> <span class='ocrx_word' id='word_1_405' title='bbox 1322 1351 1443 1379; x_wconf 89' lang='lat' dir='ltr'><strong>breviter</strong></span> <span class='ocrx_word' id='word_1_406' title='bbox 1467 1360 1675 1387; x_wconf 84' lang='lat' dir='ltr'><strong>percurramus,</strong></span> <span class='ocrx_word' id='word_1_407' title='bbox 1691 1354 1723 1386; x_wconf 90' lang='lat' dir='ltr'><strong>is,</strong></span> 
     </span>
    </p>
   </div>
   <div class='ocr_carea' id='block_1_58' title="bbox 933 1396 1725 1432">
    <p class='ocr_par' dir='ltr' id='par_1_58' title="bbox 933 1396 1725 1432">
     <span class='ocr_line' id='line_1_58' title="bbox 933 1396 1725 1432; baseline 0.005 -10"><span class='ocrx_word' id='word_1_408' title='bbox 933 1396 979 1431; x_wconf 91' lang='lat' dir='ltr'><strong>qui</strong></span> <span class='ocrx_word' id='word_1_409' title='bbox 994 1396 1055 1423; x_wconf 84' lang='lat' dir='ltr'><strong>sine</strong></span> <span class='ocrx_word' id='word_1_410' title='bbox 1073 1397 1210 1431; x_wconf 83' lang='lat' dir='ltr'><strong>principio</strong></span> <span class='ocrx_word' id='word_1_411' title='bbox 1227 1401 1280 1430; x_wconf 87' lang='lat' dir='ltr'><strong>est,</strong></span> <span class='ocrx_word' id='word_1_412' title='bbox 1294 1401 1322 1424; x_wconf 89' lang='lat' dir='ltr'><strong>et</strong></span> <span class='ocrx_word' id='word_1_413' title='bbox 1335 1397 1358 1424; x_wconf 90' lang='lat' dir='ltr'><strong>is</strong></span> <span class='ocrx_word' id='word_1_414' title='bbox 1367 1398 1413 1432; x_wconf 90' lang='lat' dir='ltr'><strong>qui</strong></span> <span class='ocrx_word' id='word_1_415' title='bbox 1425 1398 1593 1432; x_wconf 87' lang='lat' dir='ltr'><strong>principium</strong></span> <span class='ocrx_word' id='word_1_416' title='bbox 1618 1404 1670 1431; x_wconf 91' lang='lat' dir='ltr'><strong>est,</strong></span> <span class='ocrx_word' id='word_1_417' title='bbox 1697 1404 1725 1426; x_wconf 89' lang='lat' dir='ltr'><strong>et</strong></span> 
     </span>
    </p>
   </div>
   <div class='ocr_carea' id='block_1_59' title="bbox 932 1441 1724 1476">
    <p class='ocr_par' dir='ltr' id='par_1_59' title="bbox 932 1441 1724 1476">
     <span class='ocr_line' id='line_1_59' title="bbox 932 1441 1724 1476; baseline 0.004 -8"><span class='ocrx_word' id='word_1_418' title='bbox 932 1441 966 1472; x_wconf 84' lang='lat' dir='ltr'><strong>is,</strong></span> <span class='ocrx_word' id='word_1_419' title='bbox 986 1441 1108 1476; x_wconf 86' lang='lat' dir='ltr'><strong>quicum</strong></span> <span class='ocrx_word' id='word_1_420' title='bbox 1119 1442 1254 1476; x_wconf 90' lang='lat' dir='ltr'><strong>principio</strong></span> <span class='ocrx_word' id='word_1_421' title='bbox 1267 1447 1320 1474; x_wconf 83' lang='lat' dir='ltr'><strong>est.</strong></span> <span class='ocrx_word' id='word_1_422' title='bbox 1337 1447 1401 1469; x_wconf 89' lang='lat' dir='ltr'><strong>sunt</strong></span> <span class='ocrx_word' id='word_1_423' title='bbox 1428 1451 1499 1470; x_wconf 90' lang='lat' dir='ltr'><strong>unus</strong></span> <span class='ocrx_word' id='word_1_424' title='bbox 1512 1444 1592 1470; x_wconf 90' lang='lat' dir='ltr'><strong>Deus.</strong></span> <span class='ocrx_word' id='word_1_425' title='bbox 1619 1443 1673 1471; x_wconf 87' lang='lat' dir='ltr'><strong>Nec</strong></span> <span class='ocrx_word' id='word_1_426' title='bbox 1690 1445 1724 1471; x_wconf 92' lang='lat' dir='ltr'><strong>il-</strong></span> 
     </span>
    </p>
   </div>
   <div class='ocr_carea' id='block_1_60' title="bbox 933 1487 1723 1523">
    <p class='ocr_par' dir='ltr' id='par_1_60' title="bbox 933 1487 1723 1523">
     <span class='ocr_line' id='line_1_60' title="bbox 933 1487 1723 1523; baseline 0.006 -10"><span class='ocrx_word' id='word_1_427' title='bbox 933 1487 997 1518; x_wconf 83' lang='lat' dir='ltr'><strong>lius,</strong></span> <span class='ocrx_word' id='word_1_428' title='bbox 1012 1487 1058 1522; x_wconf 89' lang='lat' dir='ltr'><strong>qui</strong></span> <span class='ocrx_word' id='word_1_429' title='bbox 1072 1491 1115 1514; x_wconf 89' lang='lat' dir='ltr'><strong>est</strong></span> <span class='ocrx_word' id='word_1_430' title='bbox 1127 1487 1188 1514; x_wconf 87' lang='lat' dir='ltr'><strong>sine</strong></span> <span class='ocrx_word' id='word_1_431' title='bbox 1206 1488 1360 1523; x_wconf 88' lang='lat' dir='ltr'><strong>principio,</strong></span> <span class='ocrx_word' id='word_1_432' title='bbox 1378 1493 1474 1516; x_wconf 86' lang='lat' dir='ltr'><strong>natura</strong></span> <span class='ocrx_word' id='word_1_433' title='bbox 1492 1489 1519 1516; x_wconf 91' lang='lat' dir='ltr'><strong>in</strong></span> <span class='ocrx_word' id='word_1_434' title='bbox 1540 1497 1573 1517; x_wconf 88' lang='lat' dir='ltr'><strong>eo</strong></span> <span class='ocrx_word' id='word_1_435' title='bbox 1593 1490 1645 1517; x_wconf 84' lang='lat' dir='ltr'><strong>sita</strong></span> <span class='ocrx_word' id='word_1_436' title='bbox 1670 1495 1723 1523; x_wconf 88' lang='lat' dir='ltr'><strong>est,</strong></span> 
     </span>
    </p>
   </div>
   <div class='ocr_carea' id='block_1_61' title="bbox 87 1527 881 1574">
    <p class='ocr_par' dir='ltr' id='par_1_61' title="bbox 87 1527 880 1564">
     <span class='ocr_line' id='line_1_61' title="bbox 87 1527 880 1564; baseline 0.004 -11"><span class='ocrx_word' id='word_1_437' title='bbox 87 1527 128 1553; x_wconf 82' lang='grc' dir='ltr'>ὅτι</span> <span class='ocrx_word' id='word_1_438' title='bbox 149 1527 221 1553; x_wconf 80' lang='grc' dir='ltr'>τόδε.</span> <span class='ocrx_word' id='word_1_439' title='bbox 245 1527 278 1553; x_wconf 83' lang='grc' dir='ltr'><em>Ἢ</em></span> <span class='ocrx_word' id='word_1_440' title='bbox 297 1527 345 1553; x_wconf 84' lang='grc' dir='ltr'>τοῦ</span> <span class='ocrx_word' id='word_1_441' title='bbox 360 1527 437 1559; x_wconf 69' lang='grc' dir='ltr'>ὅντος</span> <span class='ocrx_word' id='word_1_442' title='bbox 457 1527 543 1560; x_wconf 82' lang='grc' dir='ltr'><strong>θέσις,</strong></span> <span class='ocrx_word' id='word_1_443' title='bbox 560 1528 610 1563; x_wconf 89' lang='grc' dir='ltr'>οὐχ</span> <span class='ocrx_word' id='word_1_444' title='bbox 634 1529 651 1563; x_wconf 84' lang='grc' dir='ltr'>ὴ</span> <span class='ocrx_word' id='word_1_445' title='bbox 680 1527 728 1555; x_wconf 79' lang='grc' dir='ltr'>τοῦ</span> <span class='ocrx_word' id='word_1_446' title='bbox 748 1529 785 1564; x_wconf 87' lang='grc' dir='ltr'>μὴ</span> <span class='ocrx_word' id='word_1_447' title='bbox 804 1529 880 1562; x_wconf 75' lang='grc' dir='ltr'>ὄντος</span> 
     </span>
    </p>
   </div>
   <div class='ocr_carea' id='block_1_62' title="bbox 968 1527 1719 1574">
    <p class='ocr_par' dir='ltr' id='par_1_62' title="bbox 969 1533 1719 1569">
     <span class='ocr_line' id='line_1_62' title="bbox 969 1533 1719 1569; baseline 0.005 -10"><span class='ocrx_word' id='word_1_448' title='bbox 969 1533 1005 1560; x_wconf 91' lang='lat' dir='ltr'><strong>od</strong></span> <span class='ocrx_word' id='word_1_449' title='bbox 1021 1533 1079 1560; x_wconf 85' lang='lat' dir='ltr'><strong>sine</strong></span> <span class='ocrx_word' id='word_1_450' title='bbox 1095 1533 1238 1568; x_wconf 87' lang='lat' dir='ltr'><strong>principio.</strong></span> <span class='ocrx_word' id='word_1_451' title='bbox 1252 1538 1299 1561; x_wconf 80' lang='lat' dir='ltr'><strong>aut</strong></span> <span class='ocrx_word' id='word_1_452' title='bbox 1312 1533 1453 1569; x_wconf 78' lang='lat' dir='ltr'><strong>ingenitus</strong></span> <span class='ocrx_word' id='word_1_453' title='bbox 1469 1535 1515 1562; x_wconf 84' lang='lat' dir='ltr'><strong>sit.</strong></span> <span class='ocrx_word' id='word_1_454' title='bbox 1537 1535 1614 1563; x_wconf 84' lang='lat' dir='ltr'><strong>Nulla</strong></span> <span class='ocrx_word' id='word_1_455' title='bbox 1639 1544 1719 1563; x_wconf 91' lang='lat' dir='ltr'><strong>nam-</strong></span> 
     </span>
    </p>
   </div>
   <div class='ocr_carea' id='block_1_63' title="bbox 87 1572 879 1612">
    <p class='ocr_par' dir='ltr' id='par_1_63' title="bbox 87 1572 879 1612">
     <span class='ocr_line' id='line_1_63' title="bbox 87 1572 879 1612; baseline 0.006 -14"><span class='ocrx_word' id='word_1_456' title='bbox 87 1573 244 1607; x_wconf 74' lang='grc' dir='ltr'>ἀνιὶρεσις.</span> <span class='ocrx_word' id='word_1_457' title='bbox 262 1573 299 1600; x_wconf 78' lang='grc' dir='ltr'><strong>Οὔ</strong></span> <span class='ocrx_word' id='word_1_458' title='bbox 306 1582 331 1599; x_wconf 76' lang='grc' dir='ltr'><strong>τε</strong></span> <span class='ocrx_word' id='word_1_459' title='bbox 346 1574 363 1608; x_wconf 90' lang='grc' dir='ltr'><strong>ή</strong></span> <span class='ocrx_word' id='word_1_460' title='bbox 381 1573 453 1610; x_wconf 84' lang='grc' dir='ltr'>ἀρχὴ</span> <span class='ocrx_word' id='word_1_461' title='bbox 467 1574 507 1608; x_wconf 89' lang='grc' dir='ltr'>τῷ</span> <span class='ocrx_word' id='word_1_462' title='bbox 523 1575 596 1610; x_wconf 81' lang='grc' dir='ltr'>ἀρχὴ</span> <span class='ocrx_word' id='word_1_463' title='bbox 608 1572 680 1602; x_wconf 70' lang='grc' dir='ltr'>εἶναι</span> <span class='ocrx_word' id='word_1_464' title='bbox 694 1575 742 1602; x_wconf 85' lang='grc' dir='ltr'>τοῦ</span> <span class='ocrx_word' id='word_1_465' title='bbox 757 1577 879 1612; x_wconf 80' lang='grc' dir='ltr'>ἅνάρχου</span> 
     </span>
    </p>
   </div>
   <div class='ocr_carea' id='block_1_64' title="bbox 87 1619 881 1656">
    <p class='ocr_par' dir='ltr' id='par_1_64' title="bbox 87 1619 881 1656">
     <span class='ocr_line' id='line_1_64' title="bbox 87 1619 881 1656; baseline 0.006 -12"><span class='ocrx_word' id='word_1_466' title='bbox 87 1619 253 1654; x_wconf 78' lang='grc' dir='ltr'>διείργεται.</span> <span class='ocrx_word' id='word_1_467' title='bbox 270 1619 309 1646; x_wconf 85' lang='grc' dir='ltr'>οὐ</span> <span class='ocrx_word' id='word_1_468' title='bbox 324 1619 378 1654; x_wconf 75' lang='grc' dir='ltr'>γὰρ</span> <span class='ocrx_word' id='word_1_469' title='bbox 395 1619 477 1653; x_wconf 80' lang='grc' dir='ltr'>φύσις</span> <span class='ocrx_word' id='word_1_470' title='bbox 493 1620 568 1655; x_wconf 82' lang='grc' dir='ltr'>αὐτῷ</span> <span class='ocrx_word' id='word_1_471' title='bbox 587 1621 604 1656; x_wconf 91' lang='grc' dir='ltr'><strong>ή</strong></span> <span class='ocrx_word' id='word_1_472' title='bbox 618 1620 702 1656; x_wconf 79' lang='grc' dir='ltr'>ἀρχή,</span> <span class='ocrx_word' id='word_1_473' title='bbox 719 1621 881 1656; x_wconf 82' lang='grc' dir='ltr'>ὥσπεροὺδ’</span> 
     </span>
    </p>
   </div>
   <div class='ocr_carea' id='block_1_65' title="bbox 89 1664 881 1701">
    <p class='ocr_par' dir='ltr' id='par_1_65' title="bbox 89 1664 881 1701">
     <span class='ocr_line' id='line_1_65' title="bbox 89 1664 881 1701; baseline 0.006 -12"><span class='ocrx_word' id='word_1_474' title='bbox 89 1664 188 1698; x_wconf 71' lang='grc' dir='ltr'>ὲκείνῳ</span> <span class='ocrx_word' id='word_1_475' title='bbox 207 1665 238 1690; x_wconf 85' lang='grc' dir='ltr'>τὸ</span> <span class='ocrx_word' id='word_1_476' title='bbox 258 1665 389 1699; x_wconf 73' lang='grc' dir='ltr'>ἄναρχον.</span> <span class='ocrx_word' id='word_1_477' title='bbox 409 1665 476 1700; x_wconf 82' lang='grc' dir='ltr'>Περὶ</span> <span class='ocrx_word' id='word_1_478' title='bbox 486 1665 541 1700; x_wconf 81' lang='grc' dir='ltr'>γὰρ</span> <span class='ocrx_word' id='word_1_479' title='bbox 556 1666 607 1701; x_wconf 79' lang='grc' dir='ltr'><strong>τὴν</strong></span> <span class='ocrx_word' id='word_1_480' title='bbox 629 1666 722 1700; x_wconf 83' lang='grc' dir='ltr'>φύσιν,</span> <span class='ocrx_word' id='word_1_481' title='bbox 738 1668 771 1694; x_wconf 87' lang='grc' dir='ltr'>οὐ</span> <span class='ocrx_word' id='word_1_482' title='bbox 792 1667 881 1695; x_wconf 82' lang='grc' dir='ltr'>ταῦτα</span> 
     </span>
    </p>
   </div>
   <div class='ocr_carea' id='block_1_66' title="bbox 88 1710 881 1749">
    <p class='ocr_par' dir='ltr' id='par_1_66' title="bbox 88 1710 881 1749">
     <span class='ocr_line' id='line_1_66' title="bbox 88 1710 881 1749; baseline 0.008 -14"><span class='ocrx_word' id='word_1_483' title='bbox 88 1710 181 1742; x_wconf 75' lang='grc' dir='ltr'>φύσις.</span> <span class='ocrx_word' id='word_1_484' title='bbox 205 1711 262 1737; x_wconf 75' lang='grc' dir='ltr'><strong>Καὶ</strong></span> <span class='ocrx_word' id='word_1_485' title='bbox 287 1711 319 1736; x_wconf 81' lang='grc' dir='ltr'>τὸ</span> <span class='ocrx_word' id='word_1_486' title='bbox 347 1710 416 1745; x_wconf 72' lang='grc' dir='ltr'>μετὰ</span> <span class='ocrx_word' id='word_1_487' title='bbox 434 1710 480 1738; x_wconf 82' lang='grc' dir='ltr'><strong>τοῦ</strong></span> <span class='ocrx_word' id='word_1_488' title='bbox 498 1711 630 1747; x_wconf 83' lang='grc' dir='ltr'>ἀνάρχου,</span> <span class='ocrx_word' id='word_1_489' title='bbox 655 1713 768 1747; x_wconf 77' lang='grc' dir='ltr'>καὶτῆς</span> <span class='ocrx_word' id='word_1_490' title='bbox 793 1714 881 1749; x_wconf 79' lang='grc' dir='ltr'>ἀρχῆς</span> 
     </span>
    </p>
   </div>
   <div class='ocr_carea' id='block_1_67' title="bbox 87 1755 881 1795">
    <p class='ocr_par' dir='ltr' id='par_1_67' title="bbox 87 1755 881 1795">
     <span class='ocr_line' id='line_1_67' title="bbox 87 1755 881 1795; baseline 0.009 -15"><span class='ocrx_word' id='word_1_491' title='bbox 87 1756 139 1782; x_wconf 82' lang='grc' dir='ltr'>οὐκ</span> <span class='ocrx_word' id='word_1_492' title='bbox 167 1755 235 1783; x_wconf 74' lang='grc' dir='ltr'>ἄλλο</span> <span class='ocrx_word' id='word_1_493' title='bbox 256 1764 294 1789; x_wconf 87' lang='grc' dir='ltr'><strong>τι,</strong></span> <span class='ocrx_word' id='word_1_494' title='bbox 322 1757 338 1792; x_wconf 80' lang='grc' dir='ltr'>ἢ</span> <span class='ocrx_word' id='word_1_495' title='bbox 364 1757 431 1792; x_wconf 76' lang='grc' dir='ltr'>ὅπερ</span> <span class='ocrx_word' id='word_1_496' title='bbox 458 1757 559 1785; x_wconf 71' lang='grc' dir='ltr'>ἐκεῖνα.</span> <span class='ocrx_word' id='word_1_497' title='bbox 580 1757 686 1794; x_wconf 83' lang='grc' dir='ltr'>Ὀνομα</span> <span class='ocrx_word' id='word_1_498' title='bbox 709 1759 737 1786; x_wconf 83' lang='grc' dir='ltr'><strong>δὲ</strong></span> <span class='ocrx_word' id='word_1_499' title='bbox 766 1759 806 1795; x_wconf 84' lang='grc' dir='ltr'>τῷ</span> <span class='ocrx_word' id='word_1_500' title='bbox 831 1759 881 1795; x_wconf 86' lang='grc' dir='ltr'>μὲν</span> 
     </span>
    </p>
   </div>
   <div class='ocr_carea' id='block_1_68' title="bbox 87 1800 880 1841">
    <p class='ocr_par' dir='ltr' id='par_1_68' title="bbox 87 1800 880 1841">
     <span class='ocr_line' id='line_1_68' title="bbox 87 1800 880 1841; baseline 0.008 -15"><span class='ocrx_word' id='word_1_501' title='bbox 87 1800 203 1836; x_wconf 78' lang='grc' dir='ltr'>ἁνάρχῳ</span> <span class='ocrx_word' id='word_1_502' title='bbox 218 1802 325 1837; x_wconf 85' lang='grc' dir='ltr'>Πατὴρ,</span> <span class='ocrx_word' id='word_1_503' title='bbox 341 1803 375 1838; x_wconf 80' lang='grc' dir='ltr'>τῇ</span> <span class='ocrx_word' id='word_1_504' title='bbox 397 1803 425 1829; x_wconf 79' lang='grc' dir='ltr'><strong>δὲ</strong></span> <span class='ocrx_word' id='word_1_505' title='bbox 454 1803 528 1838; x_wconf 79' lang='grc' dir='ltr'>ὰρχῆ</span> <span class='ocrx_word' id='word_1_506' title='bbox 544 1803 619 1836; x_wconf 75' lang='grc' dir='ltr'>Υίὺς,</span> <span class='ocrx_word' id='word_1_507' title='bbox 635 1804 677 1840; x_wconf 88' lang='grc' dir='ltr'>τῷ</span> <span class='ocrx_word' id='word_1_508' title='bbox 697 1805 726 1832; x_wconf 72' lang='grc' dir='ltr'><strong>δὲ</strong></span> <span class='ocrx_word' id='word_1_509' title='bbox 743 1806 813 1840; x_wconf 86' lang='grc' dir='ltr'>μετὰ</span> <span class='ocrx_word' id='word_1_510' title='bbox 828 1806 880 1841; x_wconf 81' lang='grc' dir='ltr'>τῆς</span> 
     </span>
    </p>
   </div>
   <div class='ocr_carea' id='block_1_69' title="bbox 87 1847 879 1887">
    <p class='ocr_par' dir='ltr' id='par_1_69' title="bbox 87 1847 879 1887">
     <span class='ocr_line' id='line_1_69' title="bbox 87 1847 879 1887; baseline 0.006 -13"><span class='ocrx_word' id='word_1_511' title='bbox 87 1848 178 1883; x_wconf 84' lang='grc' dir='ltr'>ἀρχῆς</span> <span class='ocrx_word' id='word_1_512' title='bbox 205 1847 320 1883; x_wconf 77' lang='grc' dir='ltr'>Πνεῦμα</span> <span class='ocrx_word' id='word_1_513' title='bbox 352 1847 441 1883; x_wconf 71' lang='grc' dir='ltr'>ἅγιον.</span> <span class='ocrx_word' id='word_1_514' title='bbox 476 1849 559 1880; x_wconf 75' lang='grc' dir='ltr'>Φύσις</span> <span class='ocrx_word' id='word_1_515' title='bbox 583 1849 611 1876; x_wconf 78' lang='grc' dir='ltr'><strong>δὲ</strong></span> <span class='ocrx_word' id='word_1_516' title='bbox 637 1852 693 1882; x_wconf 84' lang='grc' dir='ltr'>τοῖς</span> <span class='ocrx_word' id='word_1_517' title='bbox 714 1854 788 1887; x_wconf 82' lang='grc' dir='ltr'>τρισὶ</span> <span class='ocrx_word' id='word_1_518' title='bbox 818 1853 879 1886; x_wconf 84' lang='grc' dir='ltr'>μία,</span> 
     </span>
    </p>
   </div>
   <div class='ocr_carea' id='block_1_70' title="bbox 89 1894 880 1934">
    <p class='ocr_par' dir='ltr' id='par_1_70' title="bbox 89 1894 880 1934">
     <span class='ocr_line' id='line_1_70' title="bbox 89 1894 880 1934; baseline 0.008 -13"><span class='ocrx_word' id='word_1_519' title='bbox 89 1895 168 1928; x_wconf 74' lang='grc' dir='ltr'>Θεὸς,</span> <span class='ocrx_word' id='word_1_520' title='bbox 182 1895 284 1926; x_wconf 77' lang='grc' dir='ltr'>ἒνωσις</span> <span class='ocrx_word' id='word_1_521' title='bbox 302 1896 333 1922; x_wconf 77' lang='grc' dir='ltr'><strong>δὲ</strong></span> <span class='ocrx_word' id='word_1_522' title='bbox 347 1897 362 1922; x_wconf 84' lang='grc' dir='ltr'><strong>ὁ</strong></span> <span class='ocrx_word' id='word_1_523' title='bbox 383 1895 490 1931; x_wconf 84' lang='grc' dir='ltr'>Πατὴρ,</span> <span class='ocrx_word' id='word_1_524' title='bbox 506 1896 535 1930; x_wconf 76' lang='grc' dir='ltr'><strong>ἐξ</strong></span> <span class='ocrx_word' id='word_1_525' title='bbox 550 1894 591 1930; x_wconf 73' lang='grc' dir='ltr'>οὗ,</span> <span class='ocrx_word' id='word_1_526' title='bbox 612 1898 661 1924; x_wconf 59' lang='grc' dir='ltr'><strong>καὶ⁵</strong></span> <span class='ocrx_word' id='word_1_527' title='bbox 679 1899 747 1934; x_wconf 72' lang='grc' dir='ltr'>πρὸς</span> <span class='ocrx_word' id='word_1_528' title='bbox 764 1899 794 1926; x_wconf 80' lang='grc' dir='ltr'>ὃν</span> <span class='ocrx_word' id='word_1_529' title='bbox 815 1900 880 1927; x_wconf 74' lang='grc' dir='ltr'><strong>ἀνά-</strong></span> 
     </span>
    </p>
   </div>
   <div class='ocr_carea' id='block_1_71' title="bbox 89 1940 876 1980">
    <p class='ocr_par' dir='ltr' id='par_1_71' title="bbox 89 1940 876 1980">
     <span class='ocr_line' id='line_1_71' title="bbox 89 1940 876 1980; baseline 0.006 -13"><span class='ocrx_word' id='word_1_530' title='bbox 89 1949 167 1974; x_wconf 77' lang='grc' dir='ltr'>γεται</span> <span class='ocrx_word' id='word_1_531' title='bbox 181 1940 217 1967; x_wconf 72' lang='grc' dir='ltr'><strong>τὰ</strong></span> <span class='ocrx_word' id='word_1_532' title='bbox 233 1941 308 1976; x_wconf 72' lang='grc' dir='ltr'>ἑξῆς,</span> <span class='ocrx_word' id='word_1_533' title='bbox 325 1943 376 1976; x_wconf 77' lang='grc' dir='ltr'><strong>οὐχ</strong></span> <span class='ocrx_word' id='word_1_534' title='bbox 394 1941 431 1972; x_wconf 78' lang='grc' dir='ltr'>ὡς</span> <span class='ocrx_word' id='word_1_535' title='bbox 447 1942 671 1978; x_wconf 81' lang='grc' dir='ltr'>συναλείφεσθαι,</span> <span class='ocrx_word' id='word_1_536' title='bbox 687 1944 746 1971; x_wconf 82' lang='grc' dir='ltr'>ἀλλ’</span> <span class='ocrx_word' id='word_1_537' title='bbox 757 1944 795 1977; x_wconf 85' lang='grc' dir='ltr'>ὡς</span> <span class='ocrx_word' id='word_1_538' title='bbox 815 1945 876 1980; x_wconf 78' lang='grc' dir='ltr'>ἐχε-</span> 
     </span>
    </p>
   </div>
   <div class='ocr_carea' id='block_1_72' title="bbox 89 1990 878 2027">
    <p class='ocr_par' dir='ltr' id='par_1_72' title="bbox 89 1990 878 2027">
     <span class='ocr_line' id='line_1_72' title="bbox 89 1990 878 2027; baseline 0.005 -12"><span class='ocrx_word' id='word_1_539' title='bbox 89 1990 163 2022; x_wconf 75' lang='grc' dir='ltr'>σθαι,</span> <span class='ocrx_word' id='word_1_540' title='bbox 187 1990 260 2024; x_wconf 85' lang='grc' dir='ltr'>μήτε</span> <span class='ocrx_word' id='word_1_541' title='bbox 290 1990 387 2024; x_wconf 75' lang='grc' dir='ltr'>χρόνου</span> <span class='ocrx_word' id='word_1_542' title='bbox 411 1990 588 2025; x_wconf 78' lang='grc' dir='ltr'>διείργοντος,</span> <span class='ocrx_word' id='word_1_543' title='bbox 610 1992 680 2026; x_wconf 84' lang='grc' dir='ltr'>μήτε</span> <span class='ocrx_word' id='word_1_544' title='bbox 711 1992 878 2027; x_wconf 79' lang='grc' dir='ltr'>θελήματος,</span> 
     </span>
    </p>
   </div>
   <div class='ocr_carea' id='block_1_73' title="bbox 90 2035 881 2073">
    <p class='ocr_par' dir='ltr' id='par_1_73' title="bbox 90 2035 881 2073">
     <span class='ocr_line' id='line_1_73' title="bbox 90 2035 881 2073; baseline 0.006 -12"><span class='ocrx_word' id='word_1_545' title='bbox 90 2036 158 2070; x_wconf 84' lang='grc' dir='ltr'>μήτε</span> <span class='ocrx_word' id='word_1_546' title='bbox 177 2035 335 2071; x_wconf 75' lang='grc' dir='ltr'>δυνάμεως.</span> <span class='ocrx_word' id='word_1_547' title='bbox 349 2036 443 2064; x_wconf 86' lang='grc' dir='ltr'>Ταῦτα</span> <span class='ocrx_word' id='word_1_548' title='bbox 459 2037 514 2072; x_wconf 85' lang='grc' dir='ltr'>γὰρ</span> <span class='ocrx_word' id='word_1_549' title='bbox 527 2038 602 2073; x_wconf 72' lang='grc' dir='ltr'>ἡμᾶς</span> <span class='ocrx_word' id='word_1_550' title='bbox 620 2038 708 2065; x_wconf 80' lang='grc' dir='ltr'>πολλὰ</span> <span class='ocrx_word' id='word_1_551' title='bbox 735 2037 810 2066; x_wconf 82' lang='grc' dir='ltr'>εἶναι</span> <span class='ocrx_word' id='word_1_552' title='bbox 831 2048 881 2065; x_wconf 83' lang='grc' dir='ltr'><strong>πε-</strong></span> 
     </span>
    </p>
   </div>
   <div class='ocr_carea' id='block_1_74' title="bbox 88 2082 880 2121">
    <p class='ocr_par' dir='ltr' id='par_1_74' title="bbox 88 2082 880 2121">
     <span class='ocr_line' id='line_1_74' title="bbox 88 2082 880 2121; baseline 0.005 -13"><span class='ocrx_word' id='word_1_553' title='bbox 88 2082 216 2116; x_wconf 76' lang='grc' dir='ltr'>ποίηκεν,</span> <span class='ocrx_word' id='word_1_554' title='bbox 231 2082 316 2109; x_wconf 79' lang='grc' dir='ltr'>αὑτοῦ</span> <span class='ocrx_word' id='word_1_555' title='bbox 329 2092 357 2109; x_wconf 82' lang='grc' dir='ltr'><strong>τε</strong></span> <span class='ocrx_word' id='word_1_556' title='bbox 375 2083 492 2110; x_wconf 77' lang='grc' dir='ltr'><strong>ἑκάστου</strong></span> <span class='ocrx_word' id='word_1_557' title='bbox 505 2084 572 2117; x_wconf 83' lang='grc' dir='ltr'>πρὸς</span> <span class='ocrx_word' id='word_1_558' title='bbox 586 2084 678 2116; x_wconf 77' lang='grc' dir='ltr'>ἑαυτὸ,</span> <span class='ocrx_word' id='word_1_559' title='bbox 692 2087 740 2111; x_wconf 73' lang='grc' dir='ltr'>καὶ</span> <span class='ocrx_word' id='word_1_560' title='bbox 766 2085 835 2121; x_wconf 77' lang='grc' dir='ltr'>πρὸς</span> <span class='ocrx_word' id='word_1_561' title='bbox 849 2086 880 2112; x_wconf 81' lang='grc' dir='ltr'>τὸ</span> 
     </span>
    </p>
   </div>
   <div class='ocr_carea' id='block_1_75' title="bbox 88 2127 881 2167">
    <p class='ocr_par' dir='ltr' id='par_1_75' title="bbox 88 2127 881 2167">
     <span class='ocr_line' id='line_1_75' title="bbox 88 2127 881 2167; baseline 0.004 -13"><span class='ocrx_word' id='word_1_562' title='bbox 88 2127 182 2164; x_wconf 71' lang='grc' dir='ltr'>ἕτερον</span> <span class='ocrx_word' id='word_1_563' title='bbox 201 2127 463 2161; x_wconf 73' lang='grc' dir='ltr'>πασιάζοντος.οἶς</span> <span class='ocrx_word' id='word_1_564' title='bbox 476 2129 505 2156; x_wconf 77' lang='grc' dir='ltr'><strong>δὲ</strong></span> <span class='ocrx_word' id='word_1_565' title='bbox 519 2129 592 2163; x_wconf 82' lang='grc' dir='ltr'>ἁπλῆ</span> <span class='ocrx_word' id='word_1_566' title='bbox 606 2129 698 2167; x_wconf 79' lang='grc' dir='ltr'>φύσις,</span> <span class='ocrx_word' id='word_1_567' title='bbox 709 2129 755 2157; x_wconf 75' lang='grc' dir='ltr'>καὶ</span> <span class='ocrx_word' id='word_1_568' title='bbox 770 2130 800 2157; x_wconf 81' lang='grc' dir='ltr'><strong>τὸ</strong></span> <span class='ocrx_word' id='word_1_569' title='bbox 808 2128 881 2157; x_wconf 79' lang='grc' dir='ltr'>εἶναι</span> 
     </span>
    </p>
   </div>
   <div class='ocr_carea' id='block_1_76' title="bbox 89 2174 613 2211">
    <p class='ocr_par' dir='ltr' id='par_1_76' title="bbox 89 2174 613 2211">
     <span class='ocr_line' id='line_1_76' title="bbox 89 2174 613 2211; baseline 0.006 -11"><span class='ocrx_word' id='word_1_570' title='bbox 89 2176 202 2206; x_wconf 68' lang='grc' dir='ltr'>ταυτὸν,</span> <span class='ocrx_word' id='word_1_571' title='bbox 219 2174 328 2206; x_wconf 77' lang='grc' dir='ltr'>τούτοις</span> <span class='ocrx_word' id='word_1_572' title='bbox 345 2176 394 2202; x_wconf 76' lang='grc' dir='ltr'>καὶ</span> <span class='ocrx_word' id='word_1_573' title='bbox 410 2176 442 2202; x_wconf 74' lang='grc' dir='ltr'>τὸ</span> <span class='ocrx_word' id='word_1_574' title='bbox 458 2175 488 2202; x_wconf 80' lang='grc' dir='ltr'>ἓν</span> <span class='ocrx_word' id='word_1_575' title='bbox 503 2175 613 2211; x_wconf 53' lang='grc' dir='ltr'>κιὶοιον.</span> 
     </span>
    </p>
   </div>
   <div class='ocr_carea' id='block_1_77' title="bbox 932 1579 1724 1617">
    <p class='ocr_par' dir='ltr' id='par_1_77' title="bbox 932 1579 1724 1617">
     <span class='ocr_line' id='line_1_77' title="bbox 932 1579 1724 1617; baseline 0.006 -13"><span class='ocrx_word' id='word_1_576' title='bbox 932 1585 986 1612; x_wconf 91' lang='lat' dir='ltr'><strong>que</strong></span> <span class='ocrx_word' id='word_1_577' title='bbox 1005 1583 1102 1605; x_wconf 91' lang='lat' dir='ltr'><strong>natura</strong></span> <span class='ocrx_word' id='word_1_578' title='bbox 1115 1579 1293 1605; x_wconf 82' lang='lat' dir='ltr'><strong>constituitur</strong></span> <span class='ocrx_word' id='word_1_579' title='bbox 1312 1587 1344 1606; x_wconf 83' lang='lat' dir='ltr'><strong>ex</strong></span> <span class='ocrx_word' id='word_1_580' title='bbox 1360 1587 1404 1610; x_wconf 91' lang='lat' dir='ltr'><strong>eo,</strong></span> <span class='ocrx_word' id='word_1_581' title='bbox 1419 1580 1490 1614; x_wconf 87' lang='lat' dir='ltr'><strong>quod</strong></span> <span class='ocrx_word' id='word_1_582' title='bbox 1518 1580 1570 1607; x_wconf 89' lang='lat' dir='ltr'><strong>hoc</strong></span> <span class='ocrx_word' id='word_1_583' title='bbox 1585 1585 1632 1608; x_wconf 86' lang='lat' dir='ltr'><strong>aut</strong></span> <span class='ocrx_word' id='word_1_584' title='bbox 1658 1582 1724 1617; x_wconf 89' lang='lat' dir='ltr'><strong>illud</strong></span> 
     </span>
    </p>
   </div>
   <div class='ocr_carea' id='block_1_78' title="bbox 932 1623 1724 1661">
    <p class='ocr_par' dir='ltr' id='par_1_78' title="bbox 932 1623 1724 1661">
     <span class='ocr_line' id='line_1_78' title="bbox 932 1623 1724 1661; baseline 0.005 -11"><span class='ocrx_word' id='word_1_585' title='bbox 932 1631 988 1651; x_wconf 92' lang='lat' dir='ltr'><strong>non</strong></span> <span class='ocrx_word' id='word_1_586' title='bbox 1003 1625 1048 1656; x_wconf 88' lang='lat' dir='ltr'><strong>sit,</strong></span> <span class='ocrx_word' id='word_1_587' title='bbox 1059 1624 1107 1651; x_wconf 88' lang='lat' dir='ltr'><strong>sed</strong></span> <span class='ocrx_word' id='word_1_588' title='bbox 1123 1624 1195 1658; x_wconf 86' lang='lat' dir='ltr'><strong>quod</strong></span> <span class='ocrx_word' id='word_1_589' title='bbox 1211 1623 1263 1651; x_wconf 86' lang='lat' dir='ltr'><strong>hoc</strong></span> <span class='ocrx_word' id='word_1_590' title='bbox 1287 1627 1332 1652; x_wconf 88' lang='lat' dir='ltr'><strong>sit.</strong></span> <span class='ocrx_word' id='word_1_591' title='bbox 1364 1625 1410 1652; x_wconf 83' lang='lat' dir='ltr'><strong>Est</strong></span> <span class='ocrx_word' id='word_1_592' title='bbox 1428 1626 1501 1652; x_wconf 90' lang='lat' dir='ltr'><strong>enim</strong></span> <span class='ocrx_word' id='word_1_593' title='bbox 1528 1627 1627 1661; x_wconf 88' lang='lat' dir='ltr'><strong>positio</strong></span> <span class='ocrx_word' id='word_1_594' title='bbox 1638 1627 1724 1660; x_wconf 89' lang='lat' dir='ltr'><strong>illius,</strong></span> 
     </span>
    </p>
   </div>
   <div class='ocr_carea' id='block_1_79' title="bbox 931 1669 1723 1706">
    <p class='ocr_par' dir='ltr' id='par_1_79' title="bbox 931 1669 1723 1706">
     <span class='ocr_line' id='line_1_79' title="bbox 931 1669 1723 1706; baseline 0.006 -11"><span class='ocrx_word' id='word_1_595' title='bbox 931 1669 1003 1704; x_wconf 88' lang='lat' dir='ltr'><strong>quod</strong></span> <span class='ocrx_word' id='word_1_596' title='bbox 1013 1674 1064 1702; x_wconf 87' lang='lat' dir='ltr'><strong>est,</strong></span> <span class='ocrx_word' id='word_1_597' title='bbox 1077 1677 1133 1696; x_wconf 90' lang='lat' dir='ltr'><strong>non</strong></span> <span class='ocrx_word' id='word_1_598' title='bbox 1146 1675 1238 1697; x_wconf 88' lang='lat' dir='ltr'><strong>autem</strong></span> <span class='ocrx_word' id='word_1_599' title='bbox 1258 1670 1359 1697; x_wconf 87' lang='lat' dir='ltr'><strong>ablatio</strong></span> <span class='ocrx_word' id='word_1_600' title='bbox 1386 1671 1469 1702; x_wconf 77' lang='lat' dir='ltr'><strong>illius.</strong></span> <span class='ocrx_word' id='word_1_601' title='bbox 1483 1673 1562 1706; x_wconf 65' lang='grc' dir='ltr'>,ψιοά</span> <span class='ocrx_word' id='word_1_602' title='bbox 1590 1680 1645 1699; x_wconf 93' lang='lat' dir='ltr'><strong>non</strong></span> <span class='ocrx_word' id='word_1_603' title='bbox 1670 1678 1723 1701; x_wconf 86' lang='lat' dir='ltr'><strong>est.</strong></span> 
     </span>
    </p>
   </div>
   <div class='ocr_carea' id='block_1_80' title="bbox 932 1713 1723 1751">
    <p class='ocr_par' dir='ltr' id='par_1_80' title="bbox 932 1713 1723 1751">
     <span class='ocr_line' id='line_1_80' title="bbox 932 1713 1723 1751; baseline 0.008 -11"><span class='ocrx_word' id='word_1_604' title='bbox 932 1713 1025 1749; x_wconf 80' lang='lat' dir='ltr'><strong>Neque</strong></span> <span class='ocrx_word' id='word_1_605' title='bbox 1041 1714 1208 1749; x_wconf 89' lang='lat' dir='ltr'><strong>principium</strong></span> <span class='ocrx_word' id='word_1_606' title='bbox 1225 1723 1259 1742; x_wconf 87' lang='lat' dir='ltr'><strong>ex</strong></span> <span class='ocrx_word' id='word_1_607' title='bbox 1270 1723 1314 1746; x_wconf 85' lang='lat' dir='ltr'><strong>eo,</strong></span> <span class='ocrx_word' id='word_1_608' title='bbox 1330 1716 1402 1750; x_wconf 88' lang='lat' dir='ltr'><strong>quod</strong></span> <span class='ocrx_word' id='word_1_609' title='bbox 1418 1717 1584 1751; x_wconf 89' lang='lat' dir='ltr'><strong>principium</strong></span> <span class='ocrx_word' id='word_1_610' title='bbox 1604 1722 1656 1750; x_wconf 86' lang='lat' dir='ltr'><strong>est,</strong></span> <span class='ocrx_word' id='word_1_611' title='bbox 1688 1718 1723 1745; x_wconf 87' lang='lat' dir='ltr'><strong>ab</strong></span> 
     </span>
    </p>
   </div>
   <div class='ocr_carea' id='block_1_81' title="bbox 933 1759 1723 1798">
    <p class='ocr_par' dir='ltr' id='par_1_81' title="bbox 933 1759 1723 1798">
     <span class='ocr_line' id='line_1_81' title="bbox 933 1759 1723 1798; baseline 0.006 -12"><span class='ocrx_word' id='word_1_612' title='bbox 933 1766 977 1792; x_wconf 89' lang='lat' dir='ltr'><strong>eo,</strong></span> <span class='ocrx_word' id='word_1_613' title='bbox 997 1759 1043 1794; x_wconf 94' lang='lat' dir='ltr'><strong>qui</strong></span> <span class='ocrx_word' id='word_1_614' title='bbox 1055 1759 1115 1787; x_wconf 87' lang='lat' dir='ltr'><strong>sine</strong></span> <span class='ocrx_word' id='word_1_615' title='bbox 1130 1760 1266 1796; x_wconf 87' lang='lat' dir='ltr'><strong>principio</strong></span> <span class='ocrx_word' id='word_1_616' title='bbox 1281 1766 1333 1794; x_wconf 85' lang='lat' dir='ltr'><strong>est,</strong></span> <span class='ocrx_word' id='word_1_617' title='bbox 1357 1762 1501 1792; x_wconf 83' lang='lat' dir='ltr'><strong>dividitur.</strong></span> <span class='ocrx_word' id='word_1_618' title='bbox 1528 1763 1622 1798; x_wconf 80' lang='lat' dir='ltr'><strong>Neque</strong></span> <span class='ocrx_word' id='word_1_619' title='bbox 1649 1765 1723 1791; x_wconf 89' lang='lat' dir='ltr'><strong>enim</strong></span> 
     </span>
    </p>
   </div>
   <div class='ocr_carea' id='block_1_82' title="bbox 931 1805 1725 1844">
    <p class='ocr_par' dir='ltr' id='par_1_82' title="bbox 931 1805 1725 1844">
     <span class='ocr_line' id='line_1_82' title="bbox 931 1805 1725 1844; baseline 0.006 -13"><span class='ocrx_word' id='word_1_620' title='bbox 931 1809 1027 1832; x_wconf 89' lang='lat' dir='ltr'><strong>natura</strong></span> <span class='ocrx_word' id='word_1_621' title='bbox 1044 1805 1207 1840; x_wconf 88' lang='lat' dir='ltr'><strong>principium</strong></span> <span class='ocrx_word' id='word_1_622' title='bbox 1227 1811 1279 1839; x_wconf 89' lang='lat' dir='ltr'><strong>est,</strong></span> <span class='ocrx_word' id='word_1_623' title='bbox 1291 1808 1518 1841; x_wconf 79' lang='lat' dir='ltr'><strong>quemadmodum</strong></span> <span class='ocrx_word' id='word_1_624' title='bbox 1534 1817 1585 1836; x_wconf 83' lang='lat' dir='ltr'><strong>nec</strong></span> <span class='ocrx_word' id='word_1_625' title='bbox 1601 1809 1661 1844; x_wconf 85' lang='lat' dir='ltr'><strong>ejus</strong></span> <span class='ocrx_word' id='word_1_626' title='bbox 1677 1817 1725 1836; x_wconf 88' lang='lat' dir='ltr'><strong>na-</strong></span> 
     </span>
    </p>
   </div>
   <div class='ocr_carea' id='block_1_83' title="bbox 932 1850 1723 1889">
    <p class='ocr_par' dir='ltr' id='par_1_83' title="bbox 932 1850 1723 1889">
     <span class='ocr_line' id='line_1_83' title="bbox 932 1850 1723 1889; baseline 0.006 -12"><span class='ocrx_word' id='word_1_627' title='bbox 932 1850 1060 1884; x_wconf 87' lang='lat' dir='ltr'><strong>tura,qui</strong></span> <span class='ocrx_word' id='word_1_628' title='bbox 1076 1850 1242 1886; x_wconf 89' lang='lat' dir='ltr'><strong>principium</strong></span> <span class='ocrx_word' id='word_1_629' title='bbox 1261 1860 1315 1879; x_wconf 91' lang='lat' dir='ltr'><strong>non</strong></span> <span class='ocrx_word' id='word_1_630' title='bbox 1346 1853 1440 1884; x_wconf 84' lang='lat' dir='ltr'><strong>habet,</strong></span> <span class='ocrx_word' id='word_1_631' title='bbox 1460 1859 1503 1880; x_wconf 87' lang='lat' dir='ltr'><strong>est</strong></span> <span class='ocrx_word' id='word_1_632' title='bbox 1532 1855 1601 1881; x_wconf 84' lang='lat' dir='ltr'><strong>illud</strong></span> <span class='ocrx_word' id='word_1_633' title='bbox 1631 1855 1723 1889; x_wconf 87' lang='lat' dir='ltr'><strong>ipsum</strong></span> 
     </span>
    </p>
   </div>
   <div class='ocr_carea' id='block_1_84' title="bbox 930 1895 1723 1934">
    <p class='ocr_par' dir='ltr' id='par_1_84' title="bbox 930 1895 1723 1934">
     <span class='ocr_line' id='line_1_84' title="bbox 930 1895 1723 1934; baseline 0.006 -13"><span class='ocrx_word' id='word_1_634' title='bbox 930 1895 1002 1930; x_wconf 88' lang='lat' dir='ltr'><strong>quod</strong></span> <span class='ocrx_word' id='word_1_635' title='bbox 1020 1900 1098 1923; x_wconf 90' lang='lat' dir='ltr'><strong>vacat</strong></span> <span class='ocrx_word' id='word_1_636' title='bbox 1110 1896 1254 1931; x_wconf 88' lang='lat' dir='ltr'><strong>principio.</strong></span> <span class='ocrx_word' id='word_1_637' title='bbox 1274 1896 1336 1924; x_wconf 67' lang='lat' dir='ltr'><strong>Ilaec</strong></span> <span class='ocrx_word' id='word_1_638' title='bbox 1351 1898 1435 1929; x_wconf 87' lang='lat' dir='ltr'><strong>enim,</strong></span> <span class='ocrx_word' id='word_1_639' title='bbox 1446 1906 1557 1932; x_wconf 83' lang='lat' dir='ltr'><strong>nempe.</strong></span> <span class='ocrx_word' id='word_1_640' title='bbox 1569 1899 1629 1926; x_wconf 87' lang='lat' dir='ltr'><strong>sine</strong></span> <span class='ocrx_word' id='word_1_641' title='bbox 1644 1900 1723 1934; x_wconf 75' lang='lat' dir='ltr'><strong>prim</strong></span> 
     </span>
    </p>
   </div>
   <div class='ocr_carea' id='block_1_85' title="bbox 930 1942 1724 1980">
    <p class='ocr_par' dir='ltr' id='par_1_85' title="bbox 930 1942 1724 1980">
     <span class='ocr_line' id='line_1_85' title="bbox 930 1942 1724 1980; baseline 0.005 -11"><span class='ocrx_word' id='word_1_642' title='bbox 930 1942 1004 1976; x_wconf 88' lang='lat' dir='ltr'><strong>cipio</strong></span> <span class='ocrx_word' id='word_1_643' title='bbox 1017 1949 1078 1969; x_wconf 89' lang='lat' dir='ltr'><strong>esse</strong></span> <span class='ocrx_word' id='word_1_644' title='bbox 1092 1963 1100 1974; x_wconf 84' lang='lat'><strong>,</strong></span> <span class='ocrx_word' id='word_1_645' title='bbox 1114 1946 1141 1969; x_wconf 89' lang='lat' dir='ltr'><strong>et</strong></span> <span class='ocrx_word' id='word_1_646' title='bbox 1159 1951 1220 1970; x_wconf 87' lang='lat' dir='ltr'><strong>esse</strong></span> <span class='ocrx_word' id='word_1_647' title='bbox 1249 1944 1427 1978; x_wconf 86' lang='lat' dir='ltr'><strong>principium,</strong></span> <span class='ocrx_word' id='word_1_648' title='bbox 1456 1946 1488 1972; x_wconf 83' lang='lat' dir='ltr'><strong>ad</strong></span> <span class='ocrx_word' id='word_1_649' title='bbox 1511 1950 1635 1972; x_wconf 86' lang='lat' dir='ltr'><strong>naturam</strong></span> <span class='ocrx_word' id='word_1_650' title='bbox 1663 1952 1724 1980; x_wconf 85' lang='lat' dir='ltr'><strong>spe-</strong></span> 
     </span>
    </p>
   </div>
   <div class='ocr_carea' id='block_1_86' title="bbox 930 1989 1724 2022">
    <p class='ocr_par' dir='ltr' id='par_1_86' title="bbox 930 1989 1724 2022">
     <span class='ocr_line' id='line_1_86' title="bbox 930 1989 1724 2022; baseline 0.005 -9"><span class='ocrx_word' id='word_1_651' title='bbox 930 1991 1015 2019; x_wconf 87' lang='lat' dir='ltr'><strong>ctant,</strong></span> <span class='ocrx_word' id='word_1_652' title='bbox 1027 1995 1082 2013; x_wconf 91' lang='lat' dir='ltr'><strong>non</strong></span> <span class='ocrx_word' id='word_1_653' title='bbox 1097 1992 1186 2014; x_wconf 84' lang='lat' dir='ltr'><strong>autem</strong></span> <span class='ocrx_word' id='word_1_654' title='bbox 1202 1992 1305 2015; x_wconf 66' lang='lat' dir='ltr'><strong>naturae</strong></span> <span class='ocrx_word' id='word_1_655' title='bbox 1320 1993 1393 2016; x_wconf 80' lang='lat' dir='ltr'><strong>sunt.</strong></span> <span class='ocrx_word' id='word_1_656' title='bbox 1409 1989 1475 2016; x_wconf 85' lang='lat' dir='ltr'><strong>Illud</strong></span> <span class='ocrx_word' id='word_1_657' title='bbox 1488 1990 1580 2022; x_wconf 84' lang='lat' dir='ltr'><strong>etiam,</strong></span> <span class='ocrx_word' id='word_1_658' title='bbox 1596 1989 1724 2017; x_wconf 81' lang='lat' dir='ltr'><strong>nimirum</strong></span> 
     </span>
    </p>
   </div>
   <div class='ocr_carea' id='block_1_87' title="bbox 930 2031 1722 2067">
    <p class='ocr_par' dir='ltr' id='par_1_87' title="bbox 930 2031 1722 2067">
     <span class='ocr_line' id='line_1_87' title="bbox 930 2031 1722 2067; baseline 0.003 -9"><span class='ocrx_word' id='word_1_659' title='bbox 930 2039 990 2059; x_wconf 87' lang='lat' dir='ltr'><strong>esse</strong></span> <span class='ocrx_word' id='word_1_660' title='bbox 1003 2039 1064 2058; x_wconf 91' lang='lat' dir='ltr'><strong>cum</strong></span> <span class='ocrx_word' id='word_1_661' title='bbox 1077 2031 1132 2064; x_wconf 90' lang='lat' dir='ltr'><strong>illo,</strong></span> <span class='ocrx_word' id='word_1_662' title='bbox 1150 2031 1196 2065; x_wconf 92' lang='lat' dir='ltr'><strong>qui</strong></span> <span class='ocrx_word' id='word_1_663' title='bbox 1213 2032 1344 2066; x_wconf 89' lang='lat' dir='ltr'><strong>principio</strong></span> <span class='ocrx_word' id='word_1_664' title='bbox 1362 2037 1449 2066; x_wconf 85' lang='lat' dir='ltr'><strong>vacat,</strong></span> <span class='ocrx_word' id='word_1_665' title='bbox 1477 2037 1505 2060; x_wconf 89' lang='lat' dir='ltr'><strong>et</strong></span> <span class='ocrx_word' id='word_1_666' title='bbox 1532 2040 1595 2060; x_wconf 87' lang='lat' dir='ltr'><strong>cum</strong></span> <span class='ocrx_word' id='word_1_667' title='bbox 1615 2039 1650 2059; x_wconf 85' lang='lat' dir='ltr'><strong>eo</strong></span> <span class='ocrx_word' id='word_1_668' title='bbox 1675 2032 1722 2067; x_wconf 84' lang='lat' dir='ltr'><strong>qui</strong></span> 
     </span>
    </p>
   </div>
   <div class='ocr_carea' id='block_1_88' title="bbox 930 2076 1717 2112">
    <p class='ocr_par' dir='ltr' id='par_1_88' title="bbox 930 2076 1717 2112">
     <span class='ocr_line' id='line_1_88' title="bbox 930 2076 1717 2112; baseline 0 -9"><span class='ocrx_word' id='word_1_669' title='bbox 930 2076 1097 2112; x_wconf 87' lang='lat' dir='ltr'><strong>principium</strong></span> <span class='ocrx_word' id='word_1_670' title='bbox 1113 2077 1314 2104; x_wconf 83' lang='lat' dir='ltr'><strong>itidem-habet.</strong></span> <span class='ocrx_word' id='word_1_671' title='bbox 1327 2076 1433 2104; x_wconf 86' lang='lat' dir='ltr'><strong>Nomen</strong></span> <span class='ocrx_word' id='word_1_672' title='bbox 1469 2085 1532 2104; x_wconf 88' lang='lat' dir='ltr'><strong>vero</strong></span> <span class='ocrx_word' id='word_1_673' title='bbox 1556 2077 1641 2109; x_wconf 84' lang='lat' dir='ltr'><strong>illius,</strong></span> <span class='ocrx_word' id='word_1_674' title='bbox 1671 2077 1717 2111; x_wconf 86' lang='lat' dir='ltr'><strong>qui</strong></span> 
     </span>
    </p>
   </div>
   <div class='ocr_carea' id='block_1_89' title="bbox 930 2122 1719 2159">
    <p class='ocr_par' dir='ltr' id='par_1_89' title="bbox 930 2122 1719 2159">
     <span class='ocr_line' id='line_1_89' title="bbox 930 2122 1719 2159; baseline -0.001 -10"><span class='ocrx_word' id='word_1_675' title='bbox 930 2129 986 2149; x_wconf 89' lang='lat' dir='ltr'><strong>non</strong></span> <span class='ocrx_word' id='word_1_676' title='bbox 1001 2122 1083 2150; x_wconf 80' lang='lat' dir='ltr'><strong>habet</strong></span> <span class='ocrx_word' id='word_1_677' title='bbox 1100 2122 1277 2157; x_wconf 85' lang='lat' dir='ltr'><strong>principium,</strong></span> <span class='ocrx_word' id='word_1_678' title='bbox 1297 2127 1339 2150; x_wconf 84' lang='lat' dir='ltr'><strong>est</strong></span> <span class='ocrx_word' id='word_1_679' title='bbox 1355 2122 1444 2150; x_wconf 82' lang='lat' dir='ltr'><strong>Pater.</strong></span> <span class='ocrx_word' id='word_1_680' title='bbox 1464 2123 1528 2157; x_wconf 86' lang='lat' dir='ltr'><strong>Ejus</strong></span> <span class='ocrx_word' id='word_1_681' title='bbox 1550 2127 1642 2150; x_wconf 91' lang='lat' dir='ltr'><strong>autem</strong></span> <span class='ocrx_word' id='word_1_682' title='bbox 1672 2122 1719 2159; x_wconf 80' lang='lat' dir='ltr'><strong>qui</strong></span> 
     </span>
    </p>
   </div>
   <div class='ocr_carea' id='block_1_90' title="bbox 931 2168 1720 2204">
    <p class='ocr_par' dir='ltr' id='par_1_90' title="bbox 931 2168 1720 2204">
     <span class='ocr_line' id='line_1_90' title="bbox 931 2168 1720 2204; baseline 0 -8"><span class='ocrx_word' id='word_1_683' title='bbox 931 2173 973 2196; x_wconf 81' lang='lat' dir='ltr'><strong>est</strong></span> <span class='ocrx_word' id='word_1_684' title='bbox 984 2168 1160 2204; x_wconf 79' lang='lat' dir='ltr'><strong>principium,</strong></span> <span class='ocrx_word' id='word_1_685' title='bbox 1173 2168 1267 2195; x_wconf 83' lang='lat' dir='ltr'><strong>Filius.</strong></span> <span class='ocrx_word' id='word_1_686' title='bbox 1283 2169 1318 2195; x_wconf 82' lang='lat' dir='ltr'><strong>At</strong></span> <span class='ocrx_word' id='word_1_687' title='bbox 1337 2169 1420 2202; x_wconf 89' lang='lat' dir='ltr'><strong>illius,</strong></span> <span class='ocrx_word' id='word_1_688' title='bbox 1437 2169 1558 2204; x_wconf 89' lang='lat' dir='ltr'><strong>quicum</strong></span> <span class='ocrx_word' id='word_1_689' title='bbox 1585 2168 1720 2204; x_wconf 87' lang='lat' dir='ltr'><strong>principio</strong></span> 
     </span>
    </p>
   </div>
   <div class='ocr_carea' id='block_1_91' title="bbox 88 2220 1722 2261">
    <p class='ocr_par' dir='ltr' id='par_1_91' title="bbox 88 2220 1722 2261">
     <span class='ocr_line' id='line_1_91' title="bbox 88 2220 1722 2261; baseline 0.005 -14"><span class='ocrx_word' id='word_1_690' title='bbox 88 2225 140 2252; x_wconf 85' lang='lat' dir='ltr'><strong>est,</strong></span> <span class='ocrx_word' id='word_1_691' title='bbox 153 2220 276 2255; x_wconf 90' lang='lat' dir='ltr'><strong>Spiritus</strong></span> <span class='ocrx_word' id='word_1_692' title='bbox 292 2227 414 2250; x_wconf 82' lang='lat' dir='ltr'><strong>sanctus.</strong></span> <span class='ocrx_word' id='word_1_693' title='bbox 438 2222 542 2250; x_wconf 84' lang='lat' dir='ltr'><strong>Horum</strong></span> <span class='ocrx_word' id='word_1_694' title='bbox 577 2223 659 2251; x_wconf 89' lang='lat' dir='ltr'><strong>trium</strong></span> <span class='ocrx_word' id='word_1_695' title='bbox 688 2231 741 2251; x_wconf 88' lang='lat' dir='ltr'><strong>una</strong></span> <span class='ocrx_word' id='word_1_696' title='bbox 765 2229 875 2252; x_wconf 88' lang='lat' dir='ltr'><strong>natura.</strong></span> <span class='ocrx_word' id='word_1_697' title='bbox 905 2225 1004 2253; x_wconf 86' lang='lat' dir='ltr'><strong>Unitas</strong></span> <span class='ocrx_word' id='word_1_698' title='bbox 1017 2226 1108 2259; x_wconf 83' lang='lat' dir='ltr'><strong>Pater,</strong></span> <span class='ocrx_word' id='word_1_699' title='bbox 1133 2234 1166 2254; x_wconf 81' lang='lat' dir='ltr'><strong>ex</strong></span> <span class='ocrx_word' id='word_1_700' title='bbox 1181 2234 1235 2261; x_wconf 87' lang='lat' dir='ltr'><strong>quo</strong></span> <span class='ocrx_word' id='word_1_701' title='bbox 1250 2231 1326 2258; x_wconf 85' lang='lat' dir='ltr'><strong>sunt,</strong></span> <span class='ocrx_word' id='word_1_702' title='bbox 1353 2231 1380 2254; x_wconf 92' lang='lat' dir='ltr'><strong>et</strong></span> <span class='ocrx_word' id='word_1_703' title='bbox 1391 2227 1425 2254; x_wconf 90' lang='lat' dir='ltr'><strong>ad</strong></span> <span class='ocrx_word' id='word_1_704' title='bbox 1452 2234 1534 2261; x_wconf 88' lang='lat' dir='ltr'><strong>quem</strong></span> <span class='ocrx_word' id='word_1_705' title='bbox 1563 2226 1722 2255; x_wconf 83' lang='lat' dir='ltr'><strong>referuntur</strong></span> 
     </span>
    </p>
   </div>
   <div class='ocr_carea' id='block_1_92' title="bbox 90 2267 1722 2305">
    <p class='ocr_par' dir='ltr' id='par_1_92' title="bbox 90 2267 1722 2305">
     <span class='ocr_line' id='line_1_92' title="bbox 90 2267 1722 2305; baseline 0.004 -12"><span class='ocrx_word' id='word_1_706' title='bbox 90 2267 197 2302; x_wconf 81' lang='lat' dir='ltr'><strong>reliqui,</strong></span> <span class='ocrx_word' id='word_1_707' title='bbox 213 2275 268 2294; x_wconf 92' lang='lat' dir='ltr'><strong>non</strong></span> <span class='ocrx_word' id='word_1_708' title='bbox 284 2273 315 2295; x_wconf 89' lang='lat' dir='ltr'><strong>ut</strong></span> <span class='ocrx_word' id='word_1_709' title='bbox 332 2268 360 2295; x_wconf 91' lang='lat' dir='ltr'><strong>in</strong></span> <span class='ocrx_word' id='word_1_710' title='bbox 378 2275 432 2296; x_wconf 88' lang='lat' dir='ltr'><strong>una</strong></span> <span class='ocrx_word' id='word_1_711' title='bbox 455 2269 658 2296; x_wconf 81' lang='lat' dir='ltr'><strong>confundantur</strong></span> <span class='ocrx_word' id='word_1_712' title='bbox 682 2278 811 2305; x_wconf 81' lang='lat' dir='ltr'><strong>persona,</strong></span> <span class='ocrx_word' id='word_1_713' title='bbox 841 2271 890 2299; x_wconf 87' lang='lat' dir='ltr'><strong>sed</strong></span> <span class='ocrx_word' id='word_1_714' title='bbox 916 2276 949 2299; x_wconf 81' lang='lat' dir='ltr'><strong>ut</strong></span> <span class='ocrx_word' id='word_1_715' title='bbox 961 2270 1000 2298; x_wconf 88' lang='lat' dir='ltr'><strong>sic</strong></span> <span class='ocrx_word' id='word_1_716' title='bbox 1018 2272 1088 2299; x_wconf 88' lang='lat' dir='ltr'><strong>inter</strong></span> <span class='ocrx_word' id='word_1_717' title='bbox 1104 2279 1133 2299; x_wconf 82' lang='lat' dir='ltr'><strong>se</strong></span> <span class='ocrx_word' id='word_1_718' title='bbox 1146 2272 1268 2300; x_wconf 87' lang='lat' dir='ltr'><strong>vicissim</strong></span> <span class='ocrx_word' id='word_1_719' title='bbox 1297 2273 1426 2304; x_wconf 83' lang='lat' dir='ltr'><strong>habeant.</strong></span> <span class='ocrx_word' id='word_1_720' title='bbox 1441 2280 1504 2300; x_wconf 88' lang='lat' dir='ltr'><strong>cum</strong></span> <span class='ocrx_word' id='word_1_721' title='bbox 1523 2273 1550 2301; x_wconf 94' lang='lat' dir='ltr'><strong>id</strong></span> <span class='ocrx_word' id='word_1_722' title='bbox 1576 2280 1627 2300; x_wconf 87' lang='lat' dir='ltr'><strong>nec</strong></span> <span class='ocrx_word' id='word_1_723' title='bbox 1651 2276 1722 2299; x_wconf 69' lang='lat' dir='ltr'><strong>tem&#39;</strong></span> 
     </span>
    </p>
   </div>
   <div class='ocr_carea' id='block_1_93' title="bbox 91 2314 1721 2351">
    <p class='ocr_par' dir='ltr' id='par_1_93' title="bbox 91 2314 1721 2351">
     <span class='ocr_line' id='line_1_93' title="bbox 91 2314 1721 2351; baseline 0.004 -12"><span class='ocrx_word' id='word_1_724' title='bbox 91 2321 150 2347; x_wconf 80' lang='lat' dir='ltr'><strong>pus,</strong></span> <span class='ocrx_word' id='word_1_725' title='bbox 168 2321 222 2341; x_wconf 88' lang='lat' dir='ltr'><strong>nec</strong></span> <span class='ocrx_word' id='word_1_726' title='bbox 236 2314 374 2346; x_wconf 83' lang='lat' dir='ltr'><strong>voluntas,</strong></span> <span class='ocrx_word' id='word_1_727' title='bbox 387 2321 438 2342; x_wconf 89' lang='lat' dir='ltr'><strong>nec</strong></span> <span class='ocrx_word' id='word_1_728' title='bbox 461 2319 582 2350; x_wconf 83' lang='lat' dir='ltr'><strong>potestas</strong></span> <span class='ocrx_word' id='word_1_729' title='bbox 605 2315 746 2351; x_wconf 85' lang='lat' dir='ltr'><strong>impediat,</strong></span> <span class='ocrx_word' id='word_1_730' title='bbox 779 2324 840 2351; x_wconf 59' lang='lat' dir='ltr'><strong>quae</strong></span> <span class='ocrx_word' id='word_1_731' title='bbox 866 2317 956 2344; x_wconf 81' lang='lat' dir='ltr'><strong>Solent</strong></span> <span class='ocrx_word' id='word_1_732' title='bbox 986 2325 1047 2345; x_wconf 87' lang='lat' dir='ltr'><strong>esse</strong></span> <span class='ocrx_word' id='word_1_733' title='bbox 1074 2325 1176 2350; x_wconf 58' lang='lat' dir='ltr'><strong>causa,</strong></span> <span class='ocrx_word' id='word_1_734' title='bbox 1205 2325 1256 2346; x_wconf 89' lang='lat' dir='ltr'><strong>cur</strong></span> <span class='ocrx_word' id='word_1_735' title='bbox 1282 2326 1333 2345; x_wconf 90' lang='lat' dir='ltr'><strong>nos</strong></span> <span class='ocrx_word' id='word_1_736' title='bbox 1359 2318 1387 2345; x_wconf 91' lang='lat' dir='ltr'><strong>in</strong></span> <span class='ocrx_word' id='word_1_737' title='bbox 1411 2318 1495 2345; x_wconf 83' lang='lat' dir='ltr'><strong>multa</strong></span> <span class='ocrx_word' id='word_1_738' title='bbox 1523 2318 1721 2351; x_wconf 85' lang='lat' dir='ltr'><strong>distrahamur,</strong></span> 
     </span>
    </p>
   </div>
   <div class='ocr_carea' id='block_1_94' title="bbox 90 2361 1723 2401">
    <p class='ocr_par' dir='ltr' id='par_1_94' title="bbox 90 2361 1723 2401">
     <span class='ocr_line' id='line_1_94' title="bbox 90 2361 1723 2401; baseline 0.004 -14"><span class='ocrx_word' id='word_1_739' title='bbox 90 2368 141 2388; x_wconf 87' lang='lat' dir='ltr'><strong>nec</strong></span> <span class='ocrx_word' id='word_1_740' title='bbox 153 2362 244 2388; x_wconf 88' lang='lat' dir='ltr'><strong>solum</strong></span> <span class='ocrx_word' id='word_1_741' title='bbox 259 2361 294 2388; x_wconf 84' lang='lat' dir='ltr'><strong>ab</strong></span> <span class='ocrx_word' id='word_1_742' title='bbox 326 2361 399 2394; x_wconf 84' lang='lat' dir='ltr'><strong>aliis,</strong></span> <span class='ocrx_word' id='word_1_743' title='bbox 414 2369 509 2388; x_wconf 92' lang='lat' dir='ltr'><strong>verum</strong></span> <span class='ocrx_word' id='word_1_744' title='bbox 527 2362 610 2390; x_wconf 86' lang='lat' dir='ltr'><strong>etiam</strong></span> <span class='ocrx_word' id='word_1_745' title='bbox 641 2371 657 2390; x_wconf 91' lang='lat' dir='ltr'><strong>a</strong></span> <span class='ocrx_word' id='word_1_746' title='bbox 687 2363 770 2392; x_wconf 75' lang='lat' dir='ltr'><strong>nobis</strong></span> <span class='ocrx_word' id='word_1_747' title='bbox 785 2364 841 2399; x_wconf 79' lang='lat' dir='ltr'><strong>ipsi</strong></span> <span class='ocrx_word' id='word_1_748' title='bbox 859 2363 1004 2393; x_wconf 85' lang='lat' dir='ltr'><strong>distemus.</strong></span> <span class='ocrx_word' id='word_1_749' title='bbox 1024 2364 1059 2392; x_wconf 77' lang='lat' dir='ltr'><strong>At</strong></span> <span class='ocrx_word' id='word_1_750' title='bbox 1076 2373 1194 2401; x_wconf 90' lang='lat' dir='ltr'><strong>quorum</strong></span> <span class='ocrx_word' id='word_1_751' title='bbox 1215 2369 1314 2393; x_wconf 87' lang='lat' dir='ltr'><strong>natura</strong></span> <span class='ocrx_word' id='word_1_752' title='bbox 1338 2365 1455 2400; x_wconf 78' lang='lat' dir='ltr'><strong>simplex</strong></span> <span class='ocrx_word' id='word_1_753' title='bbox 1478 2370 1535 2400; x_wconf 63' lang='lat' dir='ltr'><strong>est,</strong></span> <span class='ocrx_word' id='word_1_754' title='bbox 1554 2365 1572 2393; x_wconf 90' lang='lat' dir='ltr'><strong>ii</strong></span> <span class='ocrx_word' id='word_1_755' title='bbox 1598 2370 1627 2394; x_wconf 91' lang='lat' dir='ltr'><strong>et</strong></span> <span class='ocrx_word' id='word_1_756' title='bbox 1649 2365 1723 2393; x_wconf 86' lang='lat' dir='ltr'><strong>idem</strong></span> 
     </span>
    </p>
   </div>
   <div class='ocr_carea' id='block_1_95' title="bbox 89 2407 699 2441">
    <p class='ocr_par' dir='ltr' id='par_1_95' title="bbox 89 2407 699 2441">
     <span class='ocr_line' id='line_1_95' title="bbox 89 2407 699 2441; baseline 0.005 -8"><span class='ocrx_word' id='word_1_757' title='bbox 89 2413 161 2439; x_wconf 83' lang='lat' dir='ltr'><strong>esse,</strong></span> <span class='ocrx_word' id='word_1_758' title='bbox 188 2410 218 2434; x_wconf 89' lang='lat' dir='ltr'><strong>et</strong></span> <span class='ocrx_word' id='word_1_759' title='bbox 230 2414 315 2434; x_wconf 90' lang='lat' dir='ltr'><strong>unum</strong></span> <span class='ocrx_word' id='word_1_760' title='bbox 327 2414 388 2434; x_wconf 85' lang='lat' dir='ltr'><strong>esse</strong></span> <span class='ocrx_word' id='word_1_761' title='bbox 404 2407 514 2441; x_wconf 88' lang='lat' dir='ltr'><strong>proprie</strong></span> <span class='ocrx_word' id='word_1_762' title='bbox 526 2407 669 2435; x_wconf 84' lang='lat' dir='ltr'><strong>dicuntur.</strong></span> <span class='ocrx_word' id='word_1_763' title='bbox 695 2419 699 2437; x_wconf 69' lang='grc' dir='ltr'>ς</span> 
     </span>
    </p>
   </div>
   <div class='ocr_carea' id='block_1_96' title="bbox 126 2450 881 2493">
    <p class='ocr_par' dir='ltr' id='par_1_96' title="bbox 126 2450 881 2488">
     <span class='ocr_line' id='line_1_96' title="bbox 126 2450 881 2488; baseline 0.004 -11"><span class='ocrx_word' id='word_1_764' title='bbox 126 2452 183 2480; x_wconf 72' lang='grc' dir='ltr'><strong>Τὰς</strong></span> <span class='ocrx_word' id='word_1_765' title='bbox 201 2451 252 2486; x_wconf 78' lang='grc' dir='ltr'>μὲν</span> <span class='ocrx_word' id='word_1_766' title='bbox 267 2450 315 2477; x_wconf 78' lang='grc' dir='ltr'>οὖν</span> <span class='ocrx_word' id='word_1_767' title='bbox 327 2451 498 2485; x_wconf 79' lang='grc' dir='ltr'>φιλονεικους</span> <span class='ocrx_word' id='word_1_768' title='bbox 512 2452 560 2478; x_wconf 76' lang='grc' dir='ltr'><strong>ἐπὶ</strong></span> <span class='ocrx_word' id='word_1_769' title='bbox 587 2453 691 2488; x_wconf 77' lang='grc' dir='ltr'>θάτερα</span> <span class='ocrx_word' id='word_1_770' title='bbox 707 2453 881 2488; x_wconf 81' lang='grc' dir='ltr'>μετακλίσεις</span> 
     </span>
    </p>
   </div>
   <div class='ocr_carea' id='block_1_97' title="bbox 968 2450 1720 2493">
    <p class='ocr_par' dir='ltr' id='par_1_97' title="bbox 969 2456 1720 2493">
     <span class='ocr_line' id='line_1_97' title="bbox 969 2456 1720 2493; baseline 0.001 -9"><span class='ocrx_word' id='word_1_771' title='bbox 969 2456 1163 2484; x_wconf 83' lang='lat' dir='ltr'><strong>Contentiosas</strong></span> <span class='ocrx_word' id='word_1_772' title='bbox 1181 2464 1245 2484; x_wconf 92' lang='lat' dir='ltr'><strong>vero</strong></span> <span class='ocrx_word' id='word_1_773' title='bbox 1258 2457 1287 2484; x_wconf 87' lang='lat' dir='ltr'><strong>in</strong></span> <span class='ocrx_word' id='word_1_774' title='bbox 1300 2457 1459 2485; x_wconf 84' lang='lat' dir='ltr'><strong>alterutram</strong></span> <span class='ocrx_word' id='word_1_775' title='bbox 1473 2459 1606 2485; x_wconf 87' lang='lat' dir='ltr'><strong>sermonis</strong></span> <span class='ocrx_word' id='word_1_776' title='bbox 1615 2463 1720 2493; x_wconf 84' lang='lat' dir='ltr'><strong>partem</strong></span> 
     </span>
    </p>
   </div>
   <div class='ocr_carea' id='block_1_98' title="bbox 96 2497 880 2534">
    <p class='ocr_par' dir='ltr' id='par_1_98' title="bbox 96 2497 880 2534">
     <span class='ocr_line' id='line_1_98' title="bbox 96 2497 880 2534; baseline 0.005 -12"><span class='ocrx_word' id='word_1_777' title='bbox 96 2497 143 2524; x_wconf 76' lang='grc' dir='ltr'>τοῦ</span> <span class='ocrx_word' id='word_1_778' title='bbox 178 2497 274 2532; x_wconf 84' lang='grc' dir='ltr'>λόγου,</span> <span class='ocrx_word' id='word_1_779' title='bbox 307 2497 356 2523; x_wconf 75' lang='grc' dir='ltr'>καὶ</span> <span class='ocrx_word' id='word_1_780' title='bbox 379 2497 578 2533; x_wconf 86' lang='grc' dir='ltr'>ἀντισηκώσεις</span> <span class='ocrx_word' id='word_1_781' title='bbox 609 2499 715 2534; x_wconf 75' lang='grc' dir='ltr'>χαίρειν</span> <span class='ocrx_word' id='word_1_782' title='bbox 743 2499 880 2533; x_wconf 78' lang='grc' dir='ltr'>ἐάσωμεν,</span> 
     </span>
    </p>
   </div>
   <div class='ocr_carea' id='block_1_99' title="bbox 94 2543 880 2580">
    <p class='ocr_par' dir='ltr' id='par_1_99' title="bbox 94 2543 880 2580">
     <span class='ocr_line' id='line_1_99' title="bbox 94 2543 880 2580; baseline 0.005 -12"><span class='ocrx_word' id='word_1_783' title='bbox 94 2543 155 2570; x_wconf 74' lang='grc' dir='ltr'>οὒτε</span> <span class='ocrx_word' id='word_1_784' title='bbox 166 2543 207 2578; x_wconf 85' lang='grc' dir='ltr'>τῷ</span> <span class='ocrx_word' id='word_1_785' title='bbox 217 2543 257 2570; x_wconf 78' lang='grc' dir='ltr'><strong>ἐνὶ</strong></span> <span class='ocrx_word' id='word_1_786' title='bbox 271 2543 479 2575; x_wconf 75' lang='grc' dir='ltr'>σαὸιλλίςοντες</span> <span class='ocrx_word' id='word_1_787' title='bbox 491 2543 564 2570; x_wconf 83' lang='grc' dir='ltr'>κατὰ</span> <span class='ocrx_word' id='word_1_788' title='bbox 578 2544 632 2571; x_wconf 86' lang='grc' dir='ltr'>τῶν</span> <span class='ocrx_word' id='word_1_789' title='bbox 643 2545 738 2580; x_wconf 84' lang='grc' dir='ltr'>τριῶν,</span> <span class='ocrx_word' id='word_1_790' title='bbox 755 2546 802 2572; x_wconf 73' lang='grc' dir='ltr'>καὶ</span> <span class='ocrx_word' id='word_1_791' title='bbox 815 2554 880 2572; x_wconf 87' lang='grc' dir='ltr'><strong>συν-</strong></span> 
     </span>
    </p>
   </div>
   <div class='ocr_carea' id='block_1_100' title="bbox 94 2589 880 2628">
    <p class='ocr_par' dir='ltr' id='par_1_100' title="bbox 94 2589 880 2628">
     <span class='ocr_line' id='line_1_100' title="bbox 94 2589 880 2628; baseline 0.004 -12"><span class='ocrx_word' id='word_1_792' title='bbox 94 2590 199 2625; x_wconf 76' lang='grc' dir='ltr'>αιρέσει</span> <span class='ocrx_word' id='word_1_793' title='bbox 222 2590 293 2625; x_wconf 79' lang='grc' dir='ltr'>κακῇ</span> <span class='ocrx_word' id='word_1_794' title='bbox 310 2589 360 2625; x_wconf 84' lang='grc' dir='ltr'>τὴν</span> <span class='ocrx_word' id='word_1_795' title='bbox 387 2589 521 2625; x_wconf 82' lang='grc' dir='ltr'>διαίρεσιν</span> <span class='ocrx_word' id='word_1_796' title='bbox 533 2589 656 2622; x_wconf 78' lang='grc' dir='ltr'>λύοντες,</span> <span class='ocrx_word' id='word_1_797' title='bbox 670 2590 732 2617; x_wconf 79' lang='grc' dir='ltr'>οὔτε</span> <span class='ocrx_word' id='word_1_798' title='bbox 747 2593 804 2623; x_wconf 83' lang='grc' dir='ltr'>τοῖς</span> <span class='ocrx_word' id='word_1_799' title='bbox 819 2600 880 2628; x_wconf 89' lang='grc' dir='ltr'>τρι-</span> 
     </span>
    </p>
   </div>
   <div class='ocr_carea' id='block_1_101' title="bbox 95 2635 882 2674">
    <p class='ocr_par' dir='ltr' id='par_1_101' title="bbox 95 2635 882 2674">
     <span class='ocr_line' id='line_1_101' title="bbox 95 2635 882 2674; baseline 0.004 -12"><span class='ocrx_word' id='word_1_800' title='bbox 95 2637 136 2663; x_wconf 80' lang='grc' dir='ltr'><strong>σὶν</strong></span> <span class='ocrx_word' id='word_1_801' title='bbox 150 2635 358 2672; x_wconf 79' lang='grc' dir='ltr'>ἀρειανίζοντες</span> <span class='ocrx_word' id='word_1_802' title='bbox 367 2637 439 2663; x_wconf 78' lang='grc' dir='ltr'>κατὰ</span> <span class='ocrx_word' id='word_1_803' title='bbox 453 2636 501 2664; x_wconf 87' lang='grc' dir='ltr'>τοῦ</span> <span class='ocrx_word' id='word_1_804' title='bbox 518 2637 589 2670; x_wconf 81' lang='grc' dir='ltr'>ἐνὸς,</span> <span class='ocrx_word' id='word_1_805' title='bbox 614 2637 662 2664; x_wconf 76' lang='grc' dir='ltr'>καὶ</span> <span class='ocrx_word' id='word_1_806' title='bbox 677 2639 782 2674; x_wconf 82' lang='grc' dir='ltr'>πονηρᾷ</span> <span class='ocrx_word' id='word_1_807' title='bbox 811 2639 882 2666; x_wconf 68' lang='lat' dir='ltr'><strong>Grat-</strong></span> 
     </span>
    </p>
   </div>
   <div class='ocr_carea' id='block_1_102' title="bbox 97 2682 882 2718">
    <p class='ocr_par' dir='ltr' id='par_1_102' title="bbox 97 2682 882 2718">
     <span class='ocr_line' id='line_1_102' title="bbox 97 2682 882 2718; baseline 0.005 -11"><span class='ocrx_word' id='word_1_808' title='bbox 97 2682 212 2716; x_wconf 74' lang='grc' dir='ltr'>ρέσειτδ</span> <span class='ocrx_word' id='word_1_809' title='bbox 244 2683 274 2710; x_wconf 84' lang='grc' dir='ltr'>ἓν</span> <span class='ocrx_word' id='word_1_810' title='bbox 299 2683 509 2718; x_wconf 77' lang='grc' dir='ltr'>ἀνατρέποντες.</span> <span class='ocrx_word' id='word_1_811' title='bbox 531 2683 570 2711; x_wconf 83' lang='grc' dir='ltr'><strong>Οὐ</strong></span> <span class='ocrx_word' id='word_1_812' title='bbox 598 2684 652 2718; x_wconf 83' lang='grc' dir='ltr'>γὰρ</span> <span class='ocrx_word' id='word_1_813' title='bbox 679 2684 766 2711; x_wconf 84' lang='grc' dir='ltr'>κακοῦ</span> <span class='ocrx_word' id='word_1_814' title='bbox 797 2685 882 2711; x_wconf 77' lang='grc' dir='ltr'>κακὸν</span> 
     </span>
    </p>
   </div>
   <div class='ocr_carea' id='block_1_103' title="bbox 97 2726 882 2765">
    <p class='ocr_par' dir='ltr' id='par_1_103' title="bbox 97 2726 882 2765">
     <span class='ocr_line' id='line_1_103' title="bbox 97 2726 882 2765; baseline 0.004 -12"><span class='ocrx_word' id='word_1_815' title='bbox 97 2726 267 2761; x_wconf 55' lang='lat' dir='ltr'><strong>suaenam</strong></span> <span class='ocrx_word' id='word_1_816' title='bbox 282 2727 313 2754; x_wconf 83' lang='grc' dir='ltr'><strong>τὸ</strong></span> <span class='ocrx_word' id='word_1_817' title='bbox 324 2728 504 2763; x_wconf 79' lang='grc' dir='ltr'>ζητούμενον,</span> <span class='ocrx_word' id='word_1_818' title='bbox 518 2728 587 2757; x_wconf 76' lang='grc' dir='ltr'>ἀλλὰ</span> <span class='ocrx_word' id='word_1_819' title='bbox 601 2729 647 2755; x_wconf 85' lang='grc' dir='ltr'>τοῦ</span> <span class='ocrx_word' id='word_1_820' title='bbox 664 2729 747 2756; x_wconf 82' lang='grc' dir='ltr'>καλοῦ</span> <span class='ocrx_word' id='word_1_821' title='bbox 783 2729 815 2756; x_wconf 75' lang='grc' dir='ltr'>τὸ</span> <span class='ocrx_word' id='word_1_822' title='bbox 845 2730 882 2765; x_wconf 82' lang='grc' dir='ltr'>μὴ</span> 
     </span>
    </p>
   </div>
   <div class='ocr_carea' id='block_1_104' title="bbox 97 2773 882 2811">
    <p class='ocr_par' dir='ltr' id='par_1_104' title="bbox 97 2773 882 2811">
     <span class='ocr_line' id='line_1_104' title="bbox 97 2773 882 2811; baseline 0.004 -12"><span class='ocrx_word' id='word_1_823' title='bbox 97 2773 264 2810; x_wconf 78' lang='grc' dir='ltr'>διαμαρτεῖν.</span> <span class='ocrx_word' id='word_1_824' title='bbox 290 2774 334 2805; x_wconf 79' lang='grc' dir='ltr'>Ὠς</span> <span class='ocrx_word' id='word_1_825' title='bbox 361 2774 451 2802; x_wconf 86' lang='grc' dir='ltr'>ταῦτᾶ</span> <span class='ocrx_word' id='word_1_826' title='bbox 474 2783 506 2810; x_wconf 89' lang='grc' dir='ltr'>γε</span> <span class='ocrx_word' id='word_1_827' title='bbox 531 2775 580 2802; x_wconf 83' lang='grc' dir='ltr'>τοῦ</span> <span class='ocrx_word' id='word_1_828' title='bbox 608 2775 728 2810; x_wconf 83' lang='grc' dir='ltr'>πονηροῦ</span> <span class='ocrx_word' id='word_1_829' title='bbox 758 2775 882 2811; x_wconf 82' lang='grc' dir='ltr'>παίγνια,</span> 
     </span>
    </p>
   </div>
   <div class='ocr_carea' id='block_1_105' title="bbox 99 2820 882 2858">
    <p class='ocr_par' dir='ltr' id='par_1_105' title="bbox 99 2820 882 2858">
     <span class='ocr_line' id='line_1_105' title="bbox 99 2820 882 2858; baseline 0.004 -13"><span class='ocrx_word' id='word_1_830' title='bbox 99 2820 187 2852; x_wconf 66' lang='grc' dir='ltr'>κακῶς</span> <span class='ocrx_word' id='word_1_831' title='bbox 208 2821 243 2847; x_wconf 74' lang='grc' dir='ltr'><strong>τὰ</strong></span> <span class='ocrx_word' id='word_1_832' title='bbox 267 2821 392 2856; x_wconf 67' lang='grc' dir='ltr'>ἡμέτερα</span> <span class='ocrx_word' id='word_1_833' title='bbox 421 2821 643 2853; x_wconf 79' lang='grc' dir='ltr'>ταλαντεύοντος.</span> <span class='ocrx_word' id='word_1_834' title='bbox 677 2822 760 2848; x_wconf 80' lang='grc' dir='ltr'>Αὐτοὶ</span> <span class='ocrx_word' id='word_1_835' title='bbox 783 2822 811 2848; x_wconf 79' lang='grc' dir='ltr'><strong>δὲ</strong></span> <span class='ocrx_word' id='word_1_836' title='bbox 833 2822 882 2858; x_wconf 84' lang='grc' dir='ltr'>τὴν</span> 
     </span>
    </p>
   </div>
   <div class='ocr_carea' id='block_1_106' title="bbox 102 2865 882 2905">
    <p class='ocr_par' dir='ltr' id='par_1_106' title="bbox 102 2865 882 2905">
     <span class='ocr_line' id='line_1_106' title="bbox 102 2865 882 2905; baseline 0.006 -13"><span class='ocrx_word' id='word_1_837' title='bbox 102 2865 182 2903; x_wconf 67' lang='grc' dir='ltr'>μέσην</span> <span class='ocrx_word' id='word_1_838' title='bbox 199 2867 366 2903; x_wconf 76' lang='grc' dir='ltr'>βαδίζοντες,</span> <span class='ocrx_word' id='word_1_839' title='bbox 385 2869 433 2896; x_wconf 71' lang='grc' dir='ltr'>καὶ</span> <span class='ocrx_word' id='word_1_840' title='bbox 454 2867 609 2904; x_wconf 74' lang='grc' dir='ltr'>βασιλικὴν,</span> <span class='ocrx_word' id='word_1_841' title='bbox 635 2869 664 2895; x_wconf 79' lang='grc' dir='ltr'>ὲν</span> <span class='ocrx_word' id='word_1_842' title='bbox 681 2865 698 2905; x_wconf 75' lang='grc' dir='ltr'>ᾖ</span> <span class='ocrx_word' id='word_1_843' title='bbox 712 2868 759 2897; x_wconf 65' lang='grc' dir='ltr'>καὶ</span> <span class='ocrx_word' id='word_1_844' title='bbox 783 2868 814 2895; x_wconf 78' lang='grc' dir='ltr'>τὸ</span> <span class='ocrx_word' id='word_1_845' title='bbox 828 2869 882 2897; x_wconf 79' lang='grc' dir='ltr'>τῶν</span> 
     </span>
    </p>
   </div>
   <div class='ocr_carea' id='block_1_107' title="bbox 929 2501 1718 2538">
    <p class='ocr_par' dir='ltr' id='par_1_107' title="bbox 929 2501 1718 2538">
     <span class='ocr_line' id='line_1_107' title="bbox 929 2501 1718 2538; baseline 0 -9"><span class='ocrx_word' id='word_1_846' title='bbox 929 2501 1126 2529; x_wconf 80' lang='lat' dir='ltr'><strong>declinationes</strong></span> <span class='ocrx_word' id='word_1_847' title='bbox 1152 2503 1446 2538; x_wconf 87' lang='lat' dir='ltr'><strong>compensationesque</strong></span> <span class='ocrx_word' id='word_1_848' title='bbox 1458 2503 1550 2530; x_wconf 87' lang='lat' dir='ltr'><strong>valere</strong></span> <span class='ocrx_word' id='word_1_849' title='bbox 1561 2502 1718 2537; x_wconf 86' lang='lat' dir='ltr'><strong>jubeamus.</strong></span> 
     </span>
    </p>
   </div>
   <div class='ocr_carea' id='block_1_108' title="bbox 928 2545 1718 2583">
    <p class='ocr_par' dir='ltr' id='par_1_108' title="bbox 928 2545 1718 2583">
     <span class='ocr_line' id='line_1_108' title="bbox 928 2545 1718 2583; baseline 0.003 -11"><span class='ocrx_word' id='word_1_850' title='bbox 928 2545 968 2573; x_wconf 82' lang='lat' dir='ltr'><strong>Ne</strong></span> <span class='ocrx_word' id='word_1_851' title='bbox 981 2546 1023 2573; x_wconf 88' lang='lat' dir='ltr'><strong>vel</strong></span> <span class='ocrx_word' id='word_1_852' title='bbox 1038 2545 1065 2572; x_wconf 93' lang='lat' dir='ltr'><strong>in</strong></span> <span class='ocrx_word' id='word_1_853' title='bbox 1083 2553 1138 2573; x_wconf 90' lang='lat' dir='ltr'><strong>uno</strong></span> <span class='ocrx_word' id='word_1_854' title='bbox 1154 2550 1248 2574; x_wconf 82' lang='lat' dir='ltr'><strong>contra</strong></span> <span class='ocrx_word' id='word_1_855' title='bbox 1261 2550 1317 2575; x_wconf 81' lang='lat' dir='ltr'><strong>tres</strong></span> <span class='ocrx_word' id='word_1_856' title='bbox 1331 2547 1481 2575; x_wconf 88' lang='lat' dir='ltr'><strong>Sabelliqu</strong></span> <span class='ocrx_word' id='word_1_857' title='bbox 1497 2547 1718 2583; x_wconf 69' lang='lat' dir='ltr'><strong>secuti’improba</strong></span> 
     </span>
    </p>
   </div>
   <div class='ocr_carea' id='block_1_109' title="bbox 929 2591 1720 2620">
    <p class='ocr_par' dir='ltr' id='par_1_109' title="bbox 929 2591 1720 2620">
     <span class='ocr_line' id='line_1_109' title="bbox 929 2591 1720 2620; baseline 0.001 -2"><span class='ocrx_word' id='word_1_858' title='bbox 929 2591 1116 2619; x_wconf 88' lang='lat' dir='ltr'><strong>contractione</strong></span> <span class='ocrx_word' id='word_1_859' title='bbox 1134 2591 1340 2619; x_wconf 89' lang='lat' dir='ltr'><strong>distinctionem</strong></span> <span class='ocrx_word' id='word_1_860' title='bbox 1352 2599 1508 2620; x_wconf 87' lang='lat' dir='ltr'><strong>evertamus</strong></span> <span class='ocrx_word' id='word_1_861' title='bbox 1524 2601 1530 2619; x_wconf 94' lang='lat'><strong>:</strong></span> <span class='ocrx_word' id='word_1_862' title='bbox 1560 2593 1600 2620; x_wconf 90' lang='lat' dir='ltr'><strong>vel</strong></span> <span class='ocrx_word' id='word_1_863' title='bbox 1614 2593 1641 2619; x_wconf 91' lang='lat' dir='ltr'><strong>in</strong></span> <span class='ocrx_word' id='word_1_864' title='bbox 1673 2593 1720 2620; x_wconf 92' lang='lat' dir='ltr'><strong>tri-</strong></span> 
     </span>
    </p>
   </div>
   <div class='ocr_carea' id='block_1_110' title="bbox 930 2636 1719 2672">
    <p class='ocr_par' dir='ltr' id='par_1_110' title="bbox 930 2636 1719 2672">
     <span class='ocr_line' id='line_1_110' title="bbox 930 2636 1719 2672; baseline 0.001 -10"><span class='ocrx_word' id='word_1_865' title='bbox 930 2636 981 2663; x_wconf 83' lang='lat' dir='ltr'><strong>bus</strong></span> <span class='ocrx_word' id='word_1_866' title='bbox 992 2641 1087 2663; x_wconf 82' lang='lat' dir='ltr'><strong>contra</strong></span> <span class='ocrx_word' id='word_1_867' title='bbox 1112 2644 1198 2664; x_wconf 88' lang='lat' dir='ltr'><strong>unum</strong></span> <span class='ocrx_word' id='word_1_868' title='bbox 1231 2637 1302 2664; x_wconf 82' lang='lat' dir='ltr'><strong>Ario</strong></span> <span class='ocrx_word' id='word_1_869' title='bbox 1317 2637 1442 2665; x_wconf 81' lang='lat' dir='ltr'><strong>faventes</strong></span> <span class='ocrx_word' id='word_1_870' title='bbox 1475 2637 1610 2664; x_wconf 88' lang='lat' dir='ltr'><strong>divisione</strong></span> <span class='ocrx_word' id='word_1_871' title='bbox 1635 2644 1719 2672; x_wconf 83' lang='lat' dir='ltr'><strong>prava</strong></span> 
     </span>
    </p>
   </div>
   <div class='ocr_carea' id='block_1_111' title="bbox 931 2681 1720 2710">
    <p class='ocr_par' dir='ltr' id='par_1_111' title="bbox 931 2681 1720 2710">
     <span class='ocr_line' id='line_1_111' title="bbox 931 2681 1720 2710; baseline 0 -2"><span class='ocrx_word' id='word_1_872' title='bbox 931 2681 1063 2709; x_wconf 88' lang='lat' dir='ltr'><strong>unitatem</strong></span> <span class='ocrx_word' id='word_1_873' title='bbox 1082 2681 1274 2710; x_wconf 86' lang='lat' dir='ltr'><strong>dissolvamus.</strong></span> <span class='ocrx_word' id='word_1_874' title='bbox 1287 2682 1347 2709; x_wconf 85' lang='lat' dir='ltr'><strong>Non</strong></span> <span class='ocrx_word' id='word_1_875' title='bbox 1363 2683 1435 2710; x_wconf 90' lang='lat' dir='ltr'><strong>enim</strong></span> <span class='ocrx_word' id='word_1_876' title='bbox 1452 2682 1553 2710; x_wconf 84' lang='lat' dir='ltr'><strong>malum</strong></span> <span class='ocrx_word' id='word_1_877' title='bbox 1564 2682 1635 2709; x_wconf 82' lang='lat' dir='ltr'><strong>malo</strong></span> <span class='ocrx_word' id='word_1_878' title='bbox 1648 2689 1720 2709; x_wconf 85' lang='lat' dir='ltr'><strong>com-</strong></span> 
     </span>
    </p>
   </div>
   <div class='ocr_carea' id='block_1_112' title="bbox 932 2727 1718 2762">
    <p class='ocr_par' dir='ltr' id='par_1_112' title="bbox 932 2727 1718 2762">
     <span class='ocr_line' id='line_1_112' title="bbox 932 2727 1718 2762; baseline 0 -8"><span class='ocrx_word' id='word_1_879' title='bbox 932 2732 1039 2755; x_wconf 84' lang='lat' dir='ltr'><strong>mutare</strong></span> <span class='ocrx_word' id='word_1_880' title='bbox 1049 2729 1208 2762; x_wconf 83' lang='lat' dir='ltr'><strong>quaerimus,</strong></span> <span class='ocrx_word' id='word_1_881' title='bbox 1221 2728 1267 2756; x_wconf 89' lang='lat' dir='ltr'><strong>sed</strong></span> <span class='ocrx_word' id='word_1_882' title='bbox 1284 2737 1299 2755; x_wconf 92' lang='lat' dir='ltr'><strong>a</strong></span> <span class='ocrx_word' id='word_1_883' title='bbox 1317 2729 1391 2756; x_wconf 85' lang='lat' dir='ltr'><strong>bono</strong></span> <span class='ocrx_word' id='word_1_884' title='bbox 1407 2737 1463 2756; x_wconf 93' lang='lat' dir='ltr'><strong>non</strong></span> <span class='ocrx_word' id='word_1_885' title='bbox 1477 2729 1618 2756; x_wconf 83' lang='lat' dir='ltr'><strong>aberrare.</strong></span> <span class='ocrx_word' id='word_1_886' title='bbox 1649 2727 1718 2755; x_wconf 79' lang='lat' dir='ltr'><strong>illud</strong></span> 
     </span>
    </p>
   </div>
   <div class='ocr_carea' id='block_1_113' title="bbox 931 2772 1717 2810">
    <p class='ocr_par' dir='ltr' id='par_1_113' title="bbox 931 2772 1717 2810">
     <span class='ocr_line' id='line_1_113' title="bbox 931 2772 1717 2810; baseline 0.001 -11"><span class='ocrx_word' id='word_1_887' title='bbox 931 2772 1003 2800; x_wconf 88' lang='lat' dir='ltr'><strong>enim</strong></span> <span class='ocrx_word' id='word_1_888' title='bbox 1017 2773 1151 2800; x_wconf 89' lang='lat' dir='ltr'><strong>ludicrum</strong></span> <span class='ocrx_word' id='word_1_889' title='bbox 1173 2774 1288 2808; x_wconf 88' lang='lat' dir='ltr'><strong>improbi</strong></span> <span class='ocrx_word' id='word_1_890' title='bbox 1316 2775 1472 2810; x_wconf 71' lang='lat' dir='ltr'><strong>cuiuspiam</strong></span> <span class='ocrx_word' id='word_1_891' title='bbox 1497 2774 1542 2807; x_wconf 91' lang='lat' dir='ltr'><strong>sit,</strong></span> <span class='ocrx_word' id='word_1_892' title='bbox 1571 2774 1642 2801; x_wconf 85' lang='lat' dir='ltr'><strong>male</strong></span> <span class='ocrx_word' id='word_1_893' title='bbox 1671 2781 1717 2800; x_wconf 88' lang='lat' dir='ltr'><strong>res</strong></span> 
     </span>
    </p>
   </div>
   <div class='ocr_carea' id='block_1_114' title="bbox 931 2819 1718 2856">
    <p class='ocr_par' dir='ltr' id='par_1_114' title="bbox 931 2819 1718 2856">
     <span class='ocr_line' id='line_1_114' title="bbox 931 2819 1718 2856; baseline 0 -10"><span class='ocrx_word' id='word_1_894' title='bbox 931 2825 1037 2847; x_wconf 89' lang='lat' dir='ltr'><strong>nostras</strong></span> <span class='ocrx_word' id='word_1_895' title='bbox 1051 2821 1241 2855; x_wconf 79' lang='lat' dir='ltr'><strong>expendentis.</strong></span> <span class='ocrx_word' id='word_1_896' title='bbox 1260 2820 1353 2856; x_wconf 87' lang='lat' dir='ltr'><strong>Itaque</strong></span> <span class='ocrx_word' id='word_1_897' title='bbox 1373 2829 1433 2853; x_wconf 89' lang='lat' dir='ltr'><strong>nos,</strong></span> <span class='ocrx_word' id='word_1_898' title='bbox 1459 2828 1508 2855; x_wconf 88' lang='lat' dir='ltr'><strong>per</strong></span> <span class='ocrx_word' id='word_1_899' title='bbox 1537 2819 1653 2847; x_wconf 89' lang='lat' dir='ltr'><strong>mediam</strong></span> <span class='ocrx_word' id='word_1_900' title='bbox 1684 2825 1718 2846; x_wconf 85' lang='lat' dir='ltr'><strong>ac</strong></span> 
     </span>
    </p>
   </div>
   <div class='ocr_carea' id='block_1_115' title="bbox 931 2865 1716 2903">
    <p class='ocr_par' dir='ltr' id='par_1_115' title="bbox 931 2865 1716 2903">
     <span class='ocr_line' id='line_1_115' title="bbox 931 2865 1716 2903; baseline -0.001 -9"><span class='ocrx_word' id='word_1_901' title='bbox 931 2867 1033 2902; x_wconf 85' lang='lat' dir='ltr'><strong>regiam</strong></span> <span class='ocrx_word' id='word_1_902' title='bbox 1065 2867 1222 2896; x_wconf 76' lang='lat' dir='ltr'><strong>incedentes</strong></span> <span class='ocrx_word' id='word_1_903' title='bbox 1250 2868 1332 2902; x_wconf 83' lang='lat' dir='ltr'><strong>viam,</strong></span> <span class='ocrx_word' id='word_1_904' title='bbox 1348 2867 1378 2894; x_wconf 85' lang='lat' dir='ltr'><strong>in</strong></span> <span class='ocrx_word' id='word_1_905' title='bbox 1407 2875 1460 2903; x_wconf 81' lang='lat' dir='ltr'><strong>qua</strong></span> <span class='ocrx_word' id='word_1_906' title='bbox 1475 2866 1605 2894; x_wconf 85' lang='lat' dir='ltr'><strong>virtutum</strong></span> <span class='ocrx_word' id='word_1_907' title='bbox 1634 2865 1716 2895; x_wconf 84' lang='lat' dir='ltr'><strong>etiam</strong></span> 
     </span>
    </p>
   </div>
  </div>
