1893 3081
169 128 205 160 83
798 129 902 159 EUTH
907 129 956 160 YM

1025 129 1094 159 iIGA
1100 129 1187 160 BEN!
1760 121 1796 156 84

170 182 290 219 graditur
307 183 418 215 chorus,
441 188 469 211 ut
485 187 612 212 asserunt
627 183 675 215 illi,
687 184 734 219 qui
763 184 790 211 in
821 185 956 220 ejusmodi

1025 186 1116 220 ιρετῶν
1135 185 1265 221 ἕστηκεν,
1285 185 1323 217 ὥς
1342 185 1485 216 δοκεῖτοῖς
1508 184 1594 212 ταῦτα
1610 183 1718 215 δεινοῖς,
1746 191 1796 209 πι-

170 229 262 256 studio
277 234 420 264 praestant,
432 229 569 256 credimus
585 229 612 256 in
639 229 756 263 Patrem,
791 235 819 258 et
849 230 959 264 Filium,

172 279 200 301 ct
215 273 346 309 Spiritum
359 279 494 305 sanctum,
510 281 661 308 eorumque
689 282 769 302 unam
781 280 809 303 et
835 275 960 303 eamdem

171 323 296 346 naturam
309 326 372 346 esse
390 318 509 347 dicimus
524 323 552 346 et
566 319 736 354 dignitatern.
763 320 792 347 ln
805 320 847 348 bis
875 325 903 347 et
913 320 961 348 ba-

178 364 484 399 prima-perfectionem
498 364 591 397 habet,
607 369 635 392 et
652 365 680 392 in
691 366 859 398 nominibus,
878 371 905 393 ct
932 366 960 394 in

172 409 264 436 rebus.
277 409 402 443 Abnegas
424 408 497 436 enim
512 414 541 436 ut
555 409 624 436 nosti
648 414 688 443 tu,
700 411 746 444 qui
760 410 888 443 initiaris,
908 411 959 438 im-

172 453 302 488 pietatem
315 453 435 485 illorum,
447 452 494 489 qui
511 453 622 487 Filium,
640 460 688 482 aut
702 455 836 490 Spiritum
864 456 960 485 volunt

170 505 233 526 esse
246 497 346 532 Deum,
359 498 460 534 quique
475 498 593 532 Patrem,
607 505 634 527 et
648 499 757 534 Filium,
774 506 801 529 et
827 500 960 537 Spiritum

173 543 353 571 commiscent
374 549 456 579 atque
470 544 651 578 confundunt,
667 550 695 573 et
708 546 864 575 distinctam
879 552 960 583 atque

172 595 254 615 unam
271 588 442 616 divinitatem
459 589 612 617 contiteris.
643 589 730 623 Quem
757 591 840 626 igitur
861 596 960 620 natura

171 641 256 660 unum
271 635 443 670 agnoscimus
454 639 481 662 et
494 635 650 668 adoramus,
669 636 696 663 in
717 640 772 664 tres
790 637 959 673 bypostases,

173 679 231 706 sive
243 686 387 714 personas,
400 680 423 707 si
443 680 487 707 cui
503 687 533 707 ea
549 688 597 707 vox
610 681 695 717 magis
714 681 813 718 placet,
841 682 877 711 ita
904 682 960 711 dis-

173 724 331 760 tinguimus.
348 725 442 760 Neque
456 726 530 753 enim
548 727 594 761 qui
621 726 656 754 de
679 727 813 763 ejusmodi
846 729 960 759 vocibus

173 770 367 804 digladiantur,
387 778 426 804 se,
445 779 506 799 cum
525 771 598 800 idem
611 773 743 808 sentiant,
759 774 878 804 vicissim
910 775 959 802 de-

172 816 238 843 bent
250 816 390 849 insectari,
403 817 518 852 perinde
533 818 611 853 quasi
627 818 714 854 pietas
736 819 764 847 in
788 812 889 853 verbis,
928 828 960 848 ae

173 868 230 887 non
265 862 292 888 in
318 862 402 889 rebus
437 863 504 898 ipsis
529 852 671 892 consistat.
695 864 765 897 Quid
777 865 851 893 enim
869 852 961 893 dicitis
977 852 996 880 Β

171 914 232 940 vos,
248 907 294 942 qui
308 912 364 935 tres
376 908 479 936 aifertis
491 909 668 945 bypostases?
683 910 753 937 Num
767 915 821 939 tres
833 919 893 939 esse
910 919 961 939 na-

175 957 251 981 turas
265 953 429 982 existimatis
441 954 454 981 ?
467 955 643 989 respondete.
663 954 727 983 Scio
743 963 790 983 vos
804 964 864 985 esse
875 956 963 984 recla-

171 1003 305 1032 maturos,
329 999 353 1026 si
371 1000 433 1034 quis
449 1000 484 1027 ita
500 1000 534 1027 de
550 1001 624 1028 vobis
638 1003 804 1036 suspicetur.
830 1001 901 1036 Quid
916 1011 965 1030 au-

171 1048 227 1072 tem
247 1052 306 1078 vos,
318 1045 363 1080 qui
394 1054 526 1080 personas
556 1047 701 1081 adducitis,
728 1055 851 1086 unumne
884 1049 964 1084 quid-

175 1090 248 1124 piam
267 1092 462 1126 conipositum,
490 1096 518 1120 et
545 1093 632 1121 tribus
654 1094 798 1127 praeditum
827 1094 963 1127 personis,

173 1141 202 1163 et
215 1136 334 1164 hominis
359 1137 473 1165 omnino
485 1137 583 1166 faciem
612 1139 759 1174 praeferens
787 1140 963 1174 contingitis?

173 1182 277 1217 Apage,
296 1190 345 1210 vos
362 1182 428 1210 item
446 1183 525 1211 valde
543 1183 738 1211 reclamaturos
762 1185 831 1217 scio,
853 1184 960 1212 Nullam

173 1227 246 1254 enim
259 1227 393 1262 ejusmodi
407 1235 468 1255 esse
485 1236 629 1263 personam
646 1228 705 1256 Dei.
718 1228 790 1262 Quid
821 1237 888 1265 ergo
913 1236 961 1257 ve-

173 1277 240 1299 strm
257 1273 335 1301 vobis
347 1273 441 1300 volunt
454 1274 614 1310 bypostases
627 1274 638 1300 2
653 1279 700 1302 aut
726 1282 836 1302 rursum
864 1280 961 1302 vestrae

172 1318 249 1345 vobis
265 1319 409 1353 personae?
427 1319 482 1347 Vos
497 1320 569 1347 enim
579 1319 677 1348 iterum
690 1319 871 1356 interrogabo.
887 1319 961 1348 Non-

172 1371 208 1391 ne
221 1363 257 1391 ita
270 1368 325 1391 tres
340 1372 410 1397 esse,
429 1369 459 1392 ut
486 1372 543 1392 non
572 1369 669 1392 natura
701 1365 792 1398 divisi,
819 1365 866 1393 sed
898 1372 962 1400 pro-

1012 232 1144 266 στεύομεν
1163 231 1204 263 είς
1225 232 1336 266 Πατέρα
1347 231 1394 259 καὶ
1409 231 1474 258 Υίὺν
1488 230 1537 258 καὶ
1566 229 1679 264 Πνεῦμα
1704 228 1796 262 ἅγιον,

1011 277 1144 313 ῦμοούσιὰ
1169 286 1199 304 τε
1218 277 1267 304 καὶ
1280 277 1408 311 ὁμόδοξα,
1422 276 1452 303 ὲν
1470 274 1511 306 οἷς
1526 276 1575 303 καὶ
1603 275 1635 302 τδ
1652 274 1797 309 βάπτισμα

1010 323 1060 358 τὴν
1078 323 1219 351 τελείωσιν
1232 323 1289 359 ἔχει
1308 322 1337 349 ἐν
1350 331 1381 350 τε
1408 322 1523 356 ὀνόμασι
1548 321 1596 348 καὶ
1623 320 1795 355 πράγμασιν.

1011 368 1092 400 Οἶδας
1107 370 1121 396 ὁ
1137 369 1265 405 μυηθεὶς,
1284 370 1400 404 ἄρνησις
1414 367 1567 399 ὃνιὰθετας,
1594 367 1643 393 καὶ
1665 365 1798 401 ὁμολογία

1010 416 1146 452 θεότητος,
1162 417 1209 445 καὶ
1222 415 1294 444 οὕτω
1308 415 1531 451 Μταρτιζὸμεθα
1543 423 1553 432 ο
1577 414 1608 441 τδ
1632 414 1682 449 μὶν
1703 414 1732 440 ἓν
1762 415 1796 449 τῇ

1010 463 1092 498 οὐσίᾳ
1102 462 1299 496 γινώσκοντες,
1319 462 1367 489 καὶ
1391 462 1421 489 τὸ
1440 461 1582 497 ἀμερίστῳ
1600 462 1650 495 τῆς
1676 468 1798 495 προσκυ-

1010 509 1126 543 νήσεως,
1139 509 1174 535 τὰ
1190 509 1218 536 δὲ
1233 509 1298 544 τρία
1316 504 1377 540 ταῖς
1391 508 1573 535 (inaniinanis
1582 506 1632 533 εἶτ’
1648 505 1695 533 οὖν
1708 513 1799 539 προσ-

1010 555 1108 588 ώποις,
1134 555 1148 582 ὅ
1158 563 1214 582 τισι
1231 554 1318 588 φίλον.
1335 553 1411 589 Μηδὲ
1424 553 1478 588 γὰρ
1491 553 1518 579 οί
1538 553 1603 588 περὶ
1615 551 1703 579 ταῦτα
1715 551 1798 585 ζυγο-

1011 599 1164 636 μαχοῦντες
1194 599 1451 635 ἁσχημονείτωσαν,
1485 598 1583 634 ὥσπερ
1621 599 1651 624 ὲν
1681 598 1798 631 ὀνόμασι

1010 646 1142 680 κειμένης
1160 646 1225 680 ἡμῖν
1241 645 1292 680 τῆς
1315 645 1468 676 εὐσεϐείας,
1501 644 1560 673 ἀλλ’
1583 644 1634 671 οὐκ
1658 644 1689 669 ὲν
1706 642 1798 677 πράγ-

1011 700 1088 726 ματι.
1107 691 1139 719 Τί
1154 692 1208 727 γάρ
1227 700 1296 727 φατε
1317 691 1342 718 οί
1361 691 1411 723 τὰς
1424 691 1499 726 τρεῖς
1515 690 1682 720 ὑποστάσεις
1700 688 1811 728 εἰσφέ-¹

1012 746 1108 773 ροντες
1126 746 1133 771 ;
1151 738 1198 772 Μὴ
1224 738 1300 772 τρεῖς
1322 736 1418 767 οὐσίας
1450 735 1689 769 ὑπολαμδάνοντες
1717 733 1799 761 τοῦτο

1010 783 1122 817 λέγετε;
1148 783 1230 817 Μέγα
1257 780 1306 809 οἷδ’
1330 783 1371 809 ὅτι
1397 782 1509 816 βοήσετε
1530 781 1602 808 κατὰ
1630 780 1685 807 τῶν
1709 779 1800 810 οὕτως

1011 829 1212 864 ὑπειληφότων,
1233 829 1308 855 Μίαν
1324 828 1379 863 γὰρ
1404 828 1452 854 καὶ
1469 827 1518 862 τὴν
1533 827 1620 862 αὐτὴν
1639 826 1694 854 τῶν
1711 825 1800 860 τριῶν

1011 873 1204 909 δογματίζετε,
1219 873 1253 900 Τί
1266 873 1295 900 δὶ
1309 874 1333 899 οἱ
1347 872 1382 899 τὰ
1399 872 1547 906 πρόσωπα,
1578 872 1617 907 μὴ
1649 871 1679 898 ὲν
1700 869 1758 898 οἷόν
1770 879 1799 898 τι

1012 919 1144 947 σύνθετον
1157 917 1414 949 ἀναπλάσσετε,καὶ
1429 917 1634 952 τριπρόσωπον,
1650 916 1666 951 ἢ
1691 917 1799 951 ἀνθρω-

1011 965 1153 1001 πόμορφον
1167 964 1254 998 δλως;
1278 964 1398 998 Ἄπαγε,
1427 964 1474 991 καὶ
1504 964 1583 998 ὑμεῖς
1608 962 1799 997 ἁντιὸοήσετε,

1012 1012 1089 1047 Μηδὲ
1102 1011 1249 1046 πρόσωπον
1263 1010 1277 1037 ὃ
1291 1010 1318 1037 τί
1333 1010 1400 1037 ποτέ
1424 1011 1499 1037 ἐστιν
1512 1010 1561 1036 ἴδοι
1576 1009 1658 1041 Θεοῦ,
1672 1009 1702 1040 ὃς
1712 1008 1801 1039 οὕτως

1015 1056 1083 1092 ἔχει.
1102 1057 1135 1083 Τί
1152 1054 1199 1083 οὖν
1214 1056 1278 1091 ὑμῖν
1292 1055 1321 1082 αι
1337 1055 1502 1086 ὑποστάσεις
1520 1054 1672 1089 βούλονται,
1690 1054 1706 1088 ῆ
1734 1053 1801 1087 ὑμῖν

1013 1104 1048 1128 τὰ
1073 1102 1225 1136 πρόσωπας
1241 1101 1453 1137 Προσερήσομαι
1481 1100 1549 1135 γάρ.
1577 1099 1614 1126 Τὸ
1637 1099 1700 1132 τρία
1727 1096 1801 1125 εἷναι

1013 1149 1048 1174 τὰ
1058 1147 1236 1182 διαιρούμενα
1253 1147 1283 1172 οὺ
1300 1145 1425 1181 φύσεσιν,
1441 1145 1499 1172 ἀλλ’
1523 1146 1652 1180 ἰδιότησιν
1667 1154 1675 1178 ;
1697 1145 1800 1179 ’Υπερ-

1013 1201 1087 1227 ευγε.
1117 1193 1179 1224 Πῶς
1200 1193 1233 1220 ἄν
1256 1200 1328 1223 τινες
1356 1192 1537 1227 συμφρονοῖεν
1571 1191 1671 1226 μᾶλλον
1697 1190 1747 1217 καὶ
1769 1190 1802 1216 τὺ

1012 1239 1077 1266 αὐτὸ
1091 1239 1208 1273 λέγοιεν,
1227 1238 1244 1273 ἣ
1262 1238 1350 1270 οὕτως
1366 1238 1485 1273 ἔχοντες,
1508 1238 1559 1265 κᾶν
1573 1238 1634 1268 ταῖς
1650 1236 1800 1268 συλλαὸαἰς

1013 1285 1180 1320 διαφέρωσιν
1194 1293 1201 1318 ;
1223 1283 1319 1319 Ὁρᾶτε
1330 1282 1388 1314 οἶος
1401 1283 1457 1318 ἐγὼ
1477 1283 1639 1318 διαλλακτὴς
1649 1283 1713 1317 ὑμῖν
1730 1282 1801 1317 πρὸς

1014 1331 1060 1358 τὸν
1074 1330 1137 1357 νοῦν
1147 1330 1222 1365 ᾶγων
1236 1330 1291 1357 ἀπὸ
1301 1329 1347 1357 τοῦ
1363 1330 1527 1366 γράμματος
1537 1350 1546 1362 ,
1557 1328 1654 1363 ὥσπερ
1668 1327 1718 1363 τὴν
1748 1335 1802 1353 πα-

1015 1375 1106 1407 λαιὰν,
1122 1375 1170 1401 καὶ
1182 1375 1232 1410 τὴν
1244 1375 1327 1408 νέαν;

173 1420 338 1455 prietatibus
364 1421 487 1451 distincti
504 1422 577 1450 sint?
605 1422 725 1458 Optime.
748 1421 891 1455 Quomodo
911 1421 1017 1457 possint
1039 1422 1123 1457 aliqui
1149 1423 1234 1458 magis
1267 1422 1339 1450 inter
1361 1429 1392 1450 se
1417 1422 1576 1454 convenire,
1602 1426 1631 1450 et
1652 1421 1724 1449 idem
1757 1420 1801 1447 di-

153 1475 248 1500 cere,
267 1476 348 1503 quam
361 1469 408 1504 qui
430 1469 468 1496 ita
493 1469 628 1500 sentiunt,
658 1469 722 1497 licet
742 1469 832 1497 verbis
857 1474 885 1497 et
912 1468 1055 1498 vocabulis
1077 1468 1253 1503 discrepent?
1282 1469 1406 1502 cernitis,
1432 1469 1540 1504 qualem
1564 1476 1608 1496 me
1628 1468 1707 1496 vobis
1730 1475 1800 1495 eon-

172 1517 324 1545 tiiiatorem
341 1515 496 1550 prabeam?
512 1515 574 1548 Quo
602 1521 683 1551 pacto
708 1524 724 1543 a
751 1516 898 1544 verborum
919 1516 1118 1553 signiﬁcatione
1136 1516 1171 1545 ad
1187 1515 1275 1551 ipsam
1300 1524 1371 1550 rem,
1389 1515 1571 1551 eundemque
1593 1523 1705 1544 sensum
1739 1521 1800 1543 tum

173 1566 305 1595 veterem,
321 1568 378 1591 tum
395 1569 493 1589 novam
501 1562 659 1597 opinionem
675 1563 832 1591 deducam?

207 1609 261 1636 Sed
279 1607 449 1636 redeundum
465 1607 500 1635 ad
533 1608 714 1643 propositum.
736 1609 813 1637 Alius
845 1617 911 1645 ergo
936 1615 960 1638 et

1049 1610 1124 1638 Ἀλλ’
1137 1610 1279 1637 ἐπανιτέον
1291 1619 1339 1646 μοι
1350 1611 1433 1638 πάλιν
1447 1611 1515 1646 πρὸς
1528 1612 1574 1638 τὸν
1598 1611 1681 1638 αὐτὸν
1704 1610 1797 1645 λόγον.

171 1654 290 1686 dicatur,
321 1658 349 1682 et
378 1654 513 1681 sentiatur
552 1654 714 1688 ingenitus,
739 1655 809 1683 alius
823 1656 959 1691 (genitus,

173 1698 244 1727 alius
261 1698 423 1733 procedens,
437 1697 459 1725 si
471 1697 533 1732 quis
558 1697 691 1733 ﬁngendis
717 1700 858 1728 vocabulis
885 1700 961 1729 dele-

175 1748 276 1773 ctetur.
289 1742 350 1771 Non
358 1744 437 1776 enim
454 1750 560 1777 vereor,
571 1751 604 1771 ne
619 1744 665 1779 qui
678 1750 743 1772 sunt
758 1750 885 1780 expertes
898 1754 961 1774 cor-

171 1789 263 1825 poris,
277 1789 382 1818 ratione
399 1796 529 1824 corporea
557 1789 722 1825 cogitentur,
748 1794 777 1818 ut
803 1796 901 1826 putant
930 1792 960 1826 ii,

178 1836 225 1871 qui
243 1835 416 1864 Divinitatem
429 1835 644 1863 calumniantur.
672 1836 738 1869 Qua:
763 1841 854 1864 autem
867 1843 959 1866 creata

173 1888 248 1915 sunt,
262 1883 388 1910 dicantur
404 1882 450 1910 illa
467 1882 576 1916 quidem
623 1890 684 1909 esse
711 1882 769 1910 Dei.
797 1883 865 1911 Nam
894 1883 960 1912 illud

171 1929 253 1958 etiam
273 1936 400 1964 magnum
429 1936 443 1956 a
475 1928 554 1957 nobis
582 1928 753 1956 existimatur
775 1940 781 1957 :
806 1930 854 1957 sed
880 1929 962 1963 nihil,

171 1975 246 2010 quod
272 1979 396 2002 creatum
423 1974 458 2002 sit
503 1973 617 2001 omnino
645 1974 752 2002 dicatur
794 1974 878 2003 Deus.
907 1975 962 2003 Aut

172 2025 239 2046 tunc
255 2018 479 2053 assentiar,un
498 2022 620 2046 creatum
633 2018 679 2051 sit,
695 2026 756 2047 esse
772 2018 870 2050 Deum.
899 2027 962 2047 cum

173 2072 225 2100 ego
238 2072 347 2100 quoque
375 2065 485 2100 proprie
512 2069 541 2092 et
559 2071 625 2092 vero
654 2065 722 2093 deus
747 2067 889 2094 exstitere.
915 2066 962 2094 Sic

173 2110 247 2138 enirn
262 2117 306 2138 res
321 2110 411 2138 habet.
439 2109 469 2137 Si
481 2110 553 2138 Deus
564 2115 616 2143 est,
636 2118 691 2138 non
703 2115 746 2138 est
770 2115 888 2144 creatus,
910 2112 963 2139 hoc

173 2156 247 2184 enim
271 2155 300 2183 in
318 2163 378 2190 nos,
395 2155 442 2190 qui
465 2155 505 2185 dii
522 2163 576 2183 non
594 2163 698 2189 sumus,
712 2156 797 2184 cadit.
809 2155 858 2184 Sin
885 2164 963 2185 crea-

175 2206 219 2231 tus
231 2205 284 2235 est,
297 2209 352 2230 non
369 2206 411 2229 est
431 2201 524 2230 Deus:
543 2209 607 2229 nam
621 2207 744 2237 tempore
771 2195 862 2236 aliquo
878 2202 962 2237 erepit

173 2255 244 2278 esse.
261 2248 406 2282 Quodesse
424 2248 518 2283 coepit,
541 2248 688 2283 aliquando
707 2256 762 2275 non
791 2248 852 2276 fuit.
880 2248 958 2281 Quod

173 2298 265 2322 autem
280 2301 344 2322 vere
372 2301 424 2321 non
439 2298 491 2326 est,
505 2294 530 2322 id
546 2294 681 2328 quomodo
697 2293 784 2322 Deus?
811 2294 883 2322 Nihil
910 2294 961 2329 igi—
975 2285 997 2313 ι)

174 2344 228 2373 tur,
241 2340 313 2374 quod
326 2345 446 2367 creatum
455 2344 507 2372 est,
522 2340 618 2367 horum
641 2339 721 2367 trium
732 2340 816 2367 ullum
831 2347 891 2367 esse
914 2347 963 2374 po.

173 2391 244 2419 test;
255 2393 288 2413 ac
301 2385 388 2413 multo
399 2386 500 2418 minus,
518 2385 589 2420 quod
604 2385 638 2412 ab
654 2385 764 2412 homine
787 2384 888 2412 factum
909 2391 961 2419 est,

173 2439 236 2458 cum
252 2438 311 2458 non
318 2430 399 2459 modo
414 2435 536 2458 creatum
548 2430 593 2462 sit,
610 2429 656 2457 sed
672 2430 754 2457 etiam
778 2429 859 2457 vilius
873 2430 962 2458 homi-

174 2482 219 2507 ne,
231 2475 277 2509 qui
291 2475 356 2502 illud
368 2474 442 2502 fecit.
461 2474 531 2502 Nam
545 2474 569 2501 si
600 2474 682 2501 homo
714 2474 747 2501 ad
772 2473 884 2509 gloriam
912 2474 961 2502 Dei

174 2522 320 2554 factusest,
334 2529 403 2556 opus
413 2525 505 2548 autem
521 2520 638 2548 hominis
662 2520 696 2548 ad
722 2519 782 2555 ejus
813 2520 958 2549 utilitatem

1013 1657 1052 1684 Τὺ
1067 1657 1116 1692 μιν
1134 1655 1182 1685 οὖν
1193 1658 1352 1692 ἀγέννητον,
1362 1657 1411 1684 καὶ
1421 1657 1452 1683 τὺ
1469 1657 1611 1692 γεννητὸν,
1639 1656 1688 1683 καὶ
1702 1656 1734 1682 τὸ
1749 1657 1800 1683 ὲκ-

1012 1700 1143 1735 πορευτὸν
1155 1699 1278 1734 λεγέσθω
1299 1709 1331 1727 τε
1347 1702 1395 1728 καὶ
1411 1701 1535 1733 νοείσθω,
1549 1701 1577 1728 et
1590 1709 1627 1736 τῳ
1640 1701 1717 1735 φίλον
1750 1701 1799 1735 δη-

1012 1747 1154 1780 μιουργεῖν
1169 1746 1300 1780 ὀνόματα.
1313 1746 1350 1773 οὐ
1363 1746 1418 1780 γὰρ
1435 1745 1561 1781 δείσομεν
1579 1746 1685 1781 μήποτε
1699 1745 1800 1780 νοῆται

1013 1791 1180 1826 σωματικῶς
1194 1791 1228 1818 τὰ
1252 1792 1397 1825 ἀσώματα,
1422 1792 1492 1826 ὅπερ
1509 1792 1583 1818 δοκεῖ
1601 1793 1658 1823 τοῖς
1677 1792 1800 1826 ἐπηρεα-

1013 1838 1090 1869 σταῖς
1106 1837 1155 1872 τῆς
1166 1837 1310 1872 Θεότητος.
1328 1838 1439 1872 κτίσμα
1457 1838 1486 1864 δὲ
1499 1837 1566 1864 Θεοῦ
1582 1838 1633 1872 μὲν
1650 1837 1774 1871 λεγέσθω
1788 1846 1795 1852 ·

1012 1883 1084 1917 μέγα
1098 1883 1152 1918 γὰρ
1167 1884 1233 1917 ἡμῖν
1252 1884 1301 1911 καὶ
1321 1884 1401 1910 τοῦτο
1414 1891 1421 1898 ·
1443 1884 1511 1916 Θεὸς
1535 1883 1565 1910 δὲ
1591 1883 1736 1918 μηδαμῶς.
1763 1884 1800 1910 'll

1011 1929 1073 1955 τότε
1097 1928 1211 1963 δέξομαι
1236 1929 1340 1964 κτίσμα
1357 1927 1427 1956 εῐναι
1464 1930 1542 1961 Θεὸν,
1564 1930 1628 1956 ὅταν
1650 1929 1730 1963 κάγὼ
1755 1929 1801 1962 γέ-

995 1980 1002 1988 ·
1013 1982 1106 2008 νωμαι
1125 1975 1225 2010 κυρίως
1237 1976 1318 2007 Θεός.
1336 1976 1414 2012 Ἐχει
1428 1976 1483 2012 γὰρ
1498 1975 1595 2007 οὕτως.
1608 1976 1639 2002 El
1653 1975 1704 2011 μὲν
1716 1975 1798 2008 Θεὸς,

1012 2020 1042 2049 οὐ
1058 2021 1161 2056 κτίσμα
1171 2029 1179 2037 ⁸
1195 2021 1255 2056 μεθ’
1269 2022 1349 2057 ἡμῶν
1366 2023 1420 2058 γὰρ
1438 2022 1468 2049 τδ
1483 2022 1590 2058 κτίσμα
1604 2022 1658 2049 τῶν
1672 2022 1704 2048 οὐ
1712 2021 1796 2048 θεῶν’

1014 2066 1040 2092 εί
1053 2065 1157 2101 κτίσμα
1172 2066 1214 2099 δὲ,
1236 2067 1267 2093 οὐ
1281 2068 1358 2100 Θεός.
1375 2068 1499 2104 Ἤρξατο
1525 2068 1582 2103 γὰρ
1597 2067 1742 2103 χρονικιῖκ.
1765 2067 1800 2095 ‘0

1011 2112 1041 2139 δὲ
1056 2112 1168 2148 ἧρξατο,
1183 2111 1218 2149 ἦν
1234 2113 1279 2141 ὅτε
1294 2114 1345 2142 οὐκ
1365 2112 1411 2150 ἦν.
1433 2111 1474 2142 Oli
1497 2115 1527 2142 δι
1554 2114 1744 2150 πρεσΰύτερον
1771 2114 1803 2141 τὸ

1012 2158 1063 2185 οὑκ
1078 2156 1123 2193 ἦν,
1133 2159 1212 2185 τοῦτο
1235 2159 1266 2186 οὺ
1283 2160 1390 2196 κυρίως
1419 2159 1460 2193 ὃν,
1478 2160 1510 2186 τὸ
1521 2160 1549 2187 δὲ
1575 2160 1613 2195 μὴ
1643 2161 1748 2194 κυρίως
1772 2160 1803 2186 δν

1014 2204 1072 2237 πῶς
1086 2204 1171 2238 Θεός;
1185 2204 1255 2232 Οὔτε
1281 2205 1326 2233 οὗν
1355 2206 1459 2241 κτίσμα
1483 2206 1540 2233 τῶν
1564 2206 1649 2241 τριῶν
1669 2206 1733 2234 οὐδὲ
1760 2206 1802 2236 ἓν.

1013 2249 1075 2276 οὔτε
1092 2250 1106 2276 ὃ
1127 2250 1222 2278 τούτου
1255 2252 1346 2286 χεῖρον
1371 2251 1406 2279 δι’
1423 2252 1474 2286 ἐμὲ
1502 2251 1665 2287 γενόμενον,
1693 2251 1739 2278 ἶνα
1764 2252 1802 2286 μὴ

1013 2294 1147 2333 κτίσμαῇ
1170 2297 1261 2332 μόνον,
1286 2298 1353 2325 ἀλλὰ
1390 2298 1438 2325 καὶ
1467 2298 1546 2333 ἡμῶν
1567 2298 1739 2333 ἀτιμότερον.
1772 2298 1804 2324 Εἰ

1014 2343 1067 2378 γὰρ
1083 2343 1138 2378 ἐγὼ
1156 2344 1206 2379 μὲν
1219 2344 1258 2376 είς
1275 2343 1356 2376 δόξαν
1381 2344 1462 2377 Θεοῦ,
1489 2344 1569 2371 τοῦτο
1592 2344 1621 2371 δὲ
1646 2343 1682 2371 δι’
1698 2345 1761 2379 ἐμὲ,
1784 2344 1802 2379 ἡ

1013 2389 1133 2424 περίγρα
1148 2389 1193 2416 διὰ
1215 2389 1265 2424 τὴν
1287 2389 1408 2426 ἅμαξαν,
1421 2390 1438 2425 ἢ
1462 2391 1476 2417 ὸ
1489 2390 1579 2425 πρίων
1597 2389 1643 2416 διὰ
1667 2390 1719 2424 τὴν
1752 2389 1803 2416 00-

1015 2441 1076 2469 ραν,
1092 2434 1160 2461 νικῶ
1172 2435 1205 2470 τῇ
1221 2435 1306 2470 αἰτίᾳ.
1323 2435 1400 2471 Ὀσῳ
1411 2435 1466 2471 γὰρ
1481 2435 1640 2470 κτισμάτων
1654 2435 1722 2468 Θεδς
1729 2435 1802 2471 ὑψη-

1013 2478 1133 2515 λὸτερος,
1151 2481 1271 2516 τοσούτῳ
1304 2482 1352 2509 τοῦ
1384 2481 1428 2509 διὰ
1449 2482 1516 2509 Θεδν
1536 2481 1704 2513 ὑποστάντος
1732 2482 1802 2517 ἐμοῦ

1013 2525 1043 2551 τὸ
1053 2525 1088 2552 δι’
1102 2526 1153 2561 ἐμὲ
1168 2527 1315 2562 γενόμενον
1330 2528 1501 2563 ἀτιμότερον.

175 2569 302 2606 (exempli
322 2569 408 2604 gratia
429 2569 574 2597 :Amussis
589 2573 619 2595 ut
634 2575 733 2596 currus
762 2567 818 2600 ﬁat,
839 2572 868 2595 et
890 2576 975 2602 serra,
997 2576 1026 2598 ut
1039 2574 1138 2601 ostium
1162 2576 1195 2602 ad
1225 2583 1398 2604 communem
1424 2575 1567 2604 hominum
1597 2575 1701 2609 nsunt),
1718 2573 1803 2602 nimi-

175 2623 236 2643 rum
265 2616 347 2643 homo
377 2616 562 2651 superiorest.
578 2615 684 2648 Quanto
711 2614 785 2643 enim
813 2615 883 2642 Deus
914 2615 995 2644 rebus
1011 2625 1026 2646 a
1039 2627 1069 2646 so
1081 2622 1242 2656 procreatis,
1257 2626 1333 2651 tanto
1348 2622 1441 2651 itidem
1454 2623 1537 2651 homo
1552 2623 1634 2651 rebus
1659 2629 1675 2649 a
1695 2628 1725 2648 se
1736 2628 1804 2648 con-

175 2661 255 2690 iectis
269 2667 313 2690 est
328 2662 511 2697 praestantior.

337 2710 380 2739 Ea:
396 2711 514 2738 oratione
530 2711 561 2738 de
580 2709 684 2745 Spiritu
701 2713 804 2737 sancto.

213 2801 342 2836 Equidem
371 2803 436 2829 eum
456 2800 601 2829 attentiore
623 2800 705 2828 animi
740 2800 831 2828 studio
857 2807 965 2828 mecum

177 2847 235 2881 ipse
262 2849 347 2877 multa
373 2848 588 2881 considerarent,
620 2851 646 2875 ct
676 2846 796 2881 undique
831 2846 963 2874 rationem

1036 2713 1085 2740 Ἐκ
1109 2713 1163 2740 τοῦ
1188 2713 1282 2748 λόγου
1315 2713 1369 2740 τοῦ
1405 2711 1473 2747 περὶ
1493 2711 1548 2739 τοῦ
1577 2711 1664 2747 ἁγίου
1684 2713 1782 2740 Hrod-

1390 2757 1451 2775 τοο.

1390 2757 1423 2775 το
1444 2767 1451 2774 .

1054 2796 1099 2827 Ὠς
1122 2795 1211 2830 ἔγωγε
1226 2795 1310 2822 πολλὰ
1326 2757 1547 2829 δέκεὶάμενος
1566 2792 1634 2828 πρὸς
1646 2793 1743 2820 ἑαυτὸν
1763 2795 1797 2829 τῇ

1015 2842 1261 2878 φιλοπραγμοσύνῃ
1301 2841 1347 2868 τοῦ
1378 2841 1456 2874 Υἰοῦ,
1488 2841 1532 2867 καὶ
1564 2839 1731 2875 πανταχόθεν
1755 2841 1800 2867 τὸν
