1893 3081
191 119 226 151 87
824 124 872 152 EU
885 124 980 153 [ῊΥΜ

1064 125 1218 158 [GABENI
1303 131 1310 142 '
1787 132 1823 164 88

191 175 306 212 singulis
322 185 329 203 :
345 176 473 205 Socrates
486 177 561 205 enim
576 178 659 207 homo
672 178 725 207 dici
738 183 839 215 potest,
854 180 980 208 humani—

1065 192 1079 210 ν
1094 184 1224 220 ἐνεργοῦν
1250 186 1366 216 ἕκαστον
1395 188 1496 217 αὐτῶν.
1520 189 1640 225 Θεότητα
1659 189 1686 217 δὲ
1712 190 1823 226 Πατρὺς

190 226 232 250 tas
247 226 337 250 autem
352 228 525 259 nequaquam
546 229 652 260 potest;
685 225 724 253 sic
750 225 833 253 etiam
856 226 928 255 Deus
952 232 981 255 et

189 266 319 295 divinitas
336 268 449 301 habent.
478 269 551 298 Deus
580 271 652 298 enim
682 275 806 306 agentem
834 272 978 308 signiﬁcat,

190 314 320 342 divinitas
338 321 429 343 autem
446 316 594 344 actionem.
608 316 702 344 Trium
720 324 786 344 vero
800 325 979 352 personarum

189 360 263 388 nulla
276 365 328 396 est,
343 369 404 396 quae
418 362 454 390 sit
469 362 552 395 actio.
566 363 614 391 sed
625 370 709 399 agens
724 363 815 398 potius
839 368 883 391 est
914 372 982 392 una-

1033 228 1161 266 λέγομεν,
1199 233 1248 259 καὶ
1281 233 1396 269 θεότητσ.
1421 234 1499 269 Υἱοῦ,
1527 237 1574 263 καὶ
1598 236 1714 271 θεότητα
1739 235 1821 271 ἁγίου

1034 275 1191 313 Πνεύματος
1207 298 1216 310 ,
1252 279 1291 310 ὡς
1316 280 1364 307 καὶ
1396 280 1595 318 ἀνθρωπότητα
1635 282 1797 317 Σωκράτους
1811 301 1822 314 ,

1034 323 1082 349 καὶ
1110 323 1207 351 οὐσίαν
1219 346 1227 357 ,
1246 325 1293 351 καὶ
1323 324 1417 360 φύσιν,
1442 328 1491 354 καὶ
1504 327 1531 354 ετ
1542 336 1568 354 τι
1581 328 1671 355 κοινὸν
1683 328 1738 355 τῶν
1754 328 1823 354 ὐπο-

1033 367 1166 396 στάσεων.

189 414 304 454 quaque
332 408 450 438 illarum.
467 409 588 438 Dicimus
613 415 704 438 tamen
731 411 902 439 divinitatem
932 411 1031 448 Patris,
1066 419 1094 443 et
1123 416 1293 445 divinitatem
1322 417 1393 451 Filii,
1406 422 1433 446 et
1450 418 1620 447 divinitatem
1647 418 1734 446 sancti
1762 417 1826 454 Spi-

190 453 268 488 ritus,
280 454 352 482 sicut
366 455 562 484 humanitatem
580 456 712 490 Socratis,
724 461 753 485 et
766 458 926 490 essentiam,
949 463 977 487 et
994 465 1131 495 naturam,
1146 468 1174 491 et
1185 463 1208 491 si
1225 463 1290 499 quid
1319 464 1392 492 aliud
1418 469 1460 493 est
1484 465 1608 500 personis
1631 453 1787 493 commune.

190 531 316 567 Ejusdem
328 540 363 560 ea;
385 535 572 571 orataone_ad
592 535 737 571 Euagrtum
766 544 924 563 manacnum
948 545 982 564 ac

507 569 664 599 Divinilate'.

224 621 459 655 Quemadmodum
476 625 548 652 inter
563 626 754 662 cogitationem
767 631 794 655 et
813 631 983 660 mentem,et

193 667 317 697 animum
334 670 408 698 nulla
426 671 538 705 divisio,
570 673 711 700 autsectio
738 678 828 709 potest
853 673 981 707 inveniri,

189 715 228 742 sic
250 716 326 744 nulla
352 717 424 744 inter
451 721 577 745 sanctum
604 718 748 754 Spiritum,
773 724 801 747 et
825 719 922 748 Filium
954 725 982 748 et

190 760 296 788 Patrem
314 762 399 790 sectio
423 768 467 791 aut
483 763 581 792 divisio
594 765 706 800 cogitari
721 770 821 800 potest.
850 766 982 802 lntelligl-

190 806 284 834 bilium
304 808 376 835 enim
389 808 598 845 divinarumque
608 818 698 838 rerum
710 816 808 839 natura
818 816 860 839 est
879 810 980 839 indivi-

189 852 288 880 sibilis.

460 912 501 940 Ex
515 914 607 941 eadem
619 915 749 942 oratione.

224 966 302 994 Sicut
334 968 362 995 in
382 943 458 996 vsoiis
479 969 625 1004 splendore
652 971 719 998 radii
735 970 851 999 naturali
865 971 983 1006 quodam

189 1011 283 1040 habitu
299 1013 336 1040 ita
348 1013 485 1048 conjuncti
501 1020 564 1042 sunt
581 1016 700 1044 utdividi
714 1017 784 1044 inter
796 1025 826 1045 se
836 1021 983 1052 nequeant,

189 1066 242 1086 nec
267 1059 301 1087 ab
331 1059 388 1095 ipsa
419 1061 480 1089 luce
516 1062 709 1096 separari,sed
733 1062 844 1090 luminis
870 1063 983 1098 gratiam

191 1105 224 1131 ad
243 1112 294 1133 nos
307 1113 393 1141 usque
404 1106 532 1134 deferunt
551 1108 611 1136 :sic
621 1108 717 1140 Filius,
735 1114 762 1136 et
773 1108 892 1144 Spiritus
918 1116 984 1136 san-

190 1154 265 1183 ctus,
299 1153 428 1186 tanquam
458 1153 558 1188 gemini
586 1153 675 1182 Patris
699 1154 779 1187 radii,
801 1158 904 1182 etcum
924 1155 984 1189 ipss

189 1196 328 1231 conjuncti
348 1202 413 1225 sunt
429 1198 519 1232 Patre,
531 1199 601 1227 etad
619 1207 669 1227 nos
684 1208 770 1234 usque
791 1201 919 1228 veritatis
936 1201 983 1228 de-

189 1242 303 1270 mittunt
318 1243 422 1271 lumen.
435 1243 467 1271 Et
485 1245 717 1280 quemadmodum
749 1245 784 1274 ab
808 1253 863 1273 uno
892 1245 983 1279 aliquo

190 1294 323 1322 aquarum
334 1288 408 1316 fonte
422 1288 485 1316 bina
509 1289 622 1318 ﬂumina
639 1290 798 1323 decurrunt,
812 1295 838 1318 et
856 1297 918 1318 cum
928 1291 982 1318 situ

188 1331 298 1366 quidem
313 1332 414 1361 ﬂuenta
427 1333 549 1362 dividant
577 1341 635 1367 sua,
649 1343 730 1362 unam
744 1340 846 1368 tamen,
863 1341 891 1363 et
908 1343 983 1364 eam-

189 1377 251 1404 dem
268 1377 393 1406 humoris
403 1379 529 1407 obtinent
542 1380 711 1415 qualitatem,
725 1385 753 1408 et
768 1389 857 1416 neque
875 1381 982 1417 disjun-

188 1428 289 1458 guntur
313 1424 424 1458 afonte,
459 1430 487 1453 et
502 1426 573 1453 inter
598 1433 627 1454 se
653 1434 702 1462 per
725 1427 815 1462 ipsum
841 1427 981 1462 conjuncti

189 1475 265 1503 sunt,
277 1475 305 1498 et
322 1471 430 1506 propria
447 1475 537 1498 tamen
555 1476 703 1506 utrumque
726 1473 832 1500 ratione
854 1472 952 1501 deﬂuit
971 1481 979 1500 :

1039 541 1094 569 Τοῦ
1108 543 1202 571 αὐτοῦ
1217 542 1252 570 ἐκ
1271 543 1325 571 τοῦ
1335 544 1430 580 λόγον
1442 544 1496 572 τοῦ
1509 545 1586 578 πρὸς
1603 545 1753 580 Εὺάγριον
1765 553 1823 580 μθ⁴

1246 580 1343 614 ναχὸν
1357 579 1424 614 περὶ
1436 580 1590 614 Θεότητος.

1072 634 1179 669 Ὠσπερ
1191 636 1242 662 οὐκ
1269 635 1328 663 ἔστι
1346 636 1447 671 μεταξὺ
1466 636 1657 671 ἐνθυμήσεως,
1682 636 1731 663 καὶ
1757 636 1821 669 νοῦ⁹

1034 681 1083 708 καὶ
1099 681 1192 716 ψυχῖκς
1206 682 1340 718 διαίρεσιν
1367 681 1547 717 ἐπινοηθῆναι
1561 691 1623 710 τινα
1641 683 1689 709 καὶ
1721 683 1823 717 τομὴν,

1036 726 1124 759 οὕτως
1136 727 1198 754 οὐδὲ
1214 728 1262 755 τοῦ
1278 728 1358 763 ἁγίου
1373 728 1544 763 Πνεύματος,
1557 728 1604 755 καὶ
1621 728 1669 755 τοῦ
1686 728 1765 760 Υἱοῦ,
1775 729 1825 755 καὶ

1034 773 1083 801 τοῦ
1103 773 1211 810 Πατρδς
1237 774 1268 801 ἐν
1287 775 1364 810 μέσῳ
1382 774 1468 811 τομὴν
1486 775 1502 810 ἢ
1527 774 1660 809 διαίρεσιν
1674 773 1824 809 ὲπινοηθῆ-

1036 819 1081 846 ναί
1097 827 1175 848 ποτε.
1189 819 1250 847 Τῶν
1266 820 1320 855 γὰρ
1332 820 1437 856 νοητῶν
1451 821 1497 847 καὶ
1515 820 1598 847 θείων
1623 819 1780 855 ἀδιαίρετος
1804 821 1825 856 ἡ

998 860 1021 890 Β
1036 866 1127 900 φύσις.

1237 924 1286 953 Ἕκ
1300 924 1353 952 τοῦ
1367 925 1463 953 αὑτοῦ
1472 925 1575 961 λόγου.

1072 980 1179 1016 Ὠσπερ
1194 981 1223 1008 αι
1242 982 1289 1008 τοῦ
1308 981 1421 1016 ἡλιακοῦ
1436 983 1526 1017 φωτὸς
1550 983 1660 1016 ἀκτῖνες
1670 983 1825 1020 ἀμέριστον

1035 1027 1147 1062 ἔχουσαι
1165 1027 1237 1054 κατὰ
1262 1027 1344 1062 φύσιν
1365 1026 1428 1062 τῆν’
1440 1028 1507 1063 πρὸς
1530 1028 1643 1065 ἄλληλαδ
1654 1029 1748 1065 σχέσιν
1760 1029 1824 1056 οὔτε

1034 1071 1082 1099 τοῦ
1101 1072 1191 1106 φωτὸς
1204 1071 1381 1108 χωρίζονται,
1397 1072 1459 1100 οὔτε
1474 1073 1597 1109 ἀλλήλων
1608 1075 1822 1110 ἀποτέμνονται,

1034 1118 1081 1144 καὶ
1094 1117 1190 1153 μέχρις
1200 1118 1278 1154 ἡμῶν
1288 1119 1336 1154 τὴν
1352 1119 1433 1155 χάριν
1444 1119 1491 1146 τοῦ
1503 1120 1591 1155 φωτὸς
1604 1121 1822 1149 ἀποστέλλουσι·

1034 1165 1081 1192 τὸν
1107 1164 1300 1201 αὐτὸντρόπον
1323 1166 1369 1192 καὶ
1389 1166 1403 1192 6
1436 1166 1510 1199 Υἱὸς,
1528 1167 1622 1194 καὶτὸ
1653 1167 1768 1204 Πνεῦμα
1795 1167 1826 1194 τδ

1035 1209 1123 1244 ἅγιον,
1134 1211 1150 1244 ἠ
1165 1210 1275 1245 δίδυμος
1291 1211 1337 1238 τοῦ
1349 1211 1453 1247 Πατρὸς
1464 1212 1554 1245 ἀκτὶς,
1569 1213 1618 1239 καὶ
1631 1213 1728 1248 μέχρις
1741 1214 1824 1249 ἡμῶν

1035 1255 1189 1282 διακονοῦσι
1205 1256 1236 1282 τὸ
1265 1256 1323 1290 φῶς
1353 1257 1403 1292 τῆς
1429 1256 1570 1292 ἀληθείας,
1602 1259 1650 1285 καὶ
1675 1259 1714 1294 τῷ
1735 1260 1825 1295 Iit:th

1035 1303 1211 1338 συνήνωνται.
1227 1303 1282 1330 Καὶ
1296 1302 1326 1330 ὃν
1339 1303 1440 1338 τρόπον
1455 1304 1509 1330 ἀπό
1527 1313 1599 1336 τινος
1610 1304 1714 1332 ὑδάτων
1729 1306 1824 1341 πηγῆς

1034 1347 1081 1374 δύο
1102 1348 1219 1383 ποταμοὶ
1236 1349 1339 1384 ῥέουσι,
1352 1349 1398 1376 καὶ
1413 1351 1446 1385 τῇ
1461 1350 1509 1385 μὲν
1523 1350 1598 1378 Θέσει
1617 1351 1762 1387 διῄρηνται
1788 1353 1824 1379 τὰ

1035 1393 1143 1430 ῥεῖθρα,
1173 1394 1223 1430 τὴν
1243 1394 1272 1420 δὲ
1288 1394 1334 1421 τοῦ
1349 1395 1437 1430 χυμοῦ
1455 1396 1589 1431 ποιότητα
1618 1396 1683 1431 μίαν
1695 1398 1744 1424 καὶ
1772 1398 1825 1433 τὴν

1034 1440 1119 1475 αὐτὴν
1137 1440 1297 1476 κέκτηνται,
1309 1441 1356 1468 καὶ
1367 1441 1430 1469 οὔτε
1444 1443 1493 1476 τῆς
1505 1443 1596 1478 πηγῆς
1610 1443 1826 1479 ἀποτέμνονται.

1036 1487 1085 1514 καὶ
1103 1487 1138 1514 δι’
1152 1487 1239 1521 αὐτῆς
1248 1487 1373 1522 ἀλλήλοις
1383 1489 1515 1523 ἦνωνται,
1531 1490 1584 1516 κᾶν
1598 1489 1752 1522 ἰδιαζόντως
1759 1490 1827 1517 ἑκα-

189 1515 285 1542 codem
304 1515 386 1543 modo
406 1519 433 1542 et
447 1516 535 1550 prima
552 1516 596 1544 illa
609 1524 701 1549 causa,
717 1524 817 1553 nempe
831 1517 921 1549 Pater,
954 1522 980 1545 et

266 1560 326 1570 μή
764 1566 784 1570 κ-
817 1569 820 1570 ,
855 1561 915 1570 γης.
938 1562 968 1568 ..

1064 1542 1098 1565 τος
1116 1534 1176 1568 ῥεῖ·
1256 1515 1338 1561 αὐτον
1351 1515 1453 1570 ττρέπον
1476 1515 1523 1562 καὶ
1552 1515 1583 1562 τὸ

189 1560 253 1587 rita:
265 1560 328 1587 [om
342 1560 479 1596 duplicem
495 1561 640 1596 quamdam
671 1560 743 1593 Filii,
759 1566 787 1589 et
798 1562 885 1589 sancti
898 1561 984 1596 Spiri-

189 1609 234 1633 tus
250 1606 277 1633 in
293 1614 344 1634 nos
363 1607 479 1642 gratiam
498 1607 608 1640 emittit,
637 1615 689 1635 nec
704 1607 761 1643 ipse
774 1608 924 1643 quidquam
939 1616 984 1636 es-

190 1652 287 1680 sentia
303 1660 361 1680 sua
387 1652 479 1680 damni
504 1652 569 1680 facit
588 1661 595 1680 :
616 1653 689 1680 nulla
714 1653 787 1681 enim
805 1659 917 1690 propter
937 1662 985 1682 ea-

191 1705 252 1725 rum
267 1698 300 1725 ad
322 1705 373 1726 nos
386 1698 581 1733 perfectionem
593 1698 665 1726 illius
678 1699 801 1734 sequitur
809 1699 981 1728 imminutio:

191 1748 220 1772 et
234 1743 261 1771 lii
282 1751 343 1771 cum
367 1744 401 1772 ad
424 1751 475 1773 nos
492 1752 578 1780 usque
591 1745 760 1780 perveniant,
771 1753 825 1774 non
842 1750 933 1774 tamen
966 1754 981 1774 a

192 1789 273 1817 Patre
285 1794 459 1826 separantur.

189 1922 256 1950 Item
269 1922 302 1959 de
318 1923 412 1955 Patre,
429 1928 454 1951 ιι
472 1922 494 1950 ιε’
496 1924 551 1956 itm,
566 1929 590 1951 et
610 1923 713 1959 Spiritu
743 1930 834 1953 sancto
845 1925 978 1953 distincta

222 1957 310 1996 sintut
323 1963 354 1996 et
372 1959 446 1985 unita
468 1959 615 1986 divinitatis
630 1957 634 1959 ’
649 1961 727 1987 ratio.
742 1960 772 1988 S.
785 1960 881 1996 Cyrilli
899 1969 980 1995 expa-

218 1993 279 2019 u‘tt'o
291 1993 364 2026 ﬁdei.

222 2061 367 2089 Credimus
383 2062 411 2089 in
425 2069 509 2090 unum
521 2062 605 2090 Deum
618 2062 739 2097 Patrem,
754 2065 800 2098 qui
819 2072 871 2093 nec
900 2065 977 2100 prin<

188 2107 289 2143 eipium
305 2108 397 2142 liabet,
415 2116 465 2136 nec
480 2109 589 2144 genitus
603 2114 654 2142 est.
670 2114 811 2146 etsemper
825 2111 977 2145 fuitPater,

188 2161 240 2181 nec
253 2159 346 2189 postea
359 2154 385 2181 id
399 2159 542 2182 assecutus
556 2159 607 2182 est.
636 2155 729 2190 Neque
754 2156 827 2184 enim
851 2157 902 2185 iuit
925 2165 977 2185 un-

1036 1579 1050 1605 6
1066 1579 1171 1614 Πατὴρ,
1188 1581 1205 1615 ἡ
1217 1580 1293 1616 πηγὴ
1317 1580 1369 1615 τῆς
1387 1580 1472 1616 ζωῆς,
1497 1582 1623 1617 διρῤυτόν
1642 1591 1704 1609 τινα
1725 1583 1772 1610 τοῦ
1793 1593 1826 1611 τε

1040 1626 1102 1652 Υἱοῦ
1113 1626 1160 1653 καὶ
1177 1626 1223 1653 τοῦ
1239 1626 1317 1661 ἅγιον
1337 1627 1497 1662 Πνεῦματος
1513 1628 1554 1659 εις
1573 1629 1647 1663 ἡμᾶς
1658 1629 1825 1661 ἀποστείλας

1035 1672 1126 1708 χάριν,
1139 1671 1196 1699 οὔτ’
1211 1673 1293 1703 αὐτός
1308 1681 1335 1699 τι
1350 1673 1486 1700 πέπονθεν
1505 1674 1546 1705 εις
1567 1673 1615 1709 τὴν
1629 1674 1725 1701 οὐσίαν
1756 1674 1825 1709 βλα-

1034 1719 1091 1751 ϐείς
1102 1728 1109 1735 ·
1131 1720 1162 1746 οὺ
1176 1719 1231 1755 γὰρ
1245 1720 1358 1755 μείωσιν
1376 1720 1480 1754 ὑπέστη
1500 1719 1562 1747 τινὰ
1574 1720 1618 1747 διὰ
1633 1721 1683 1756 τὴν
1695 1721 1735 1752 εἰς
1748 1721 1826 1756 ἡμᾶς

1034 1765 1146 1793 ἐκείνων
1163 1766 1257 1801 ἄφιξιν
1269 1774 1277 1782 ·
1302 1766 1349 1793 καὶ
1366 1761 1439 1793 οὗτοι
1456 1767 1555 1802 μέχρις
1568 1766 1649 1802 ὴμῶν
1661 1767 1827 1802 προεχώρη-

1034 1820 1102 1845 σαν,
1119 1813 1166 1840 καὶ
1189 1812 1236 1839 τοῦ
1254 1812 1362 1849 Πατρδς
1377 1813 1453 1840 οὐδὲν
1471 1810 1553 1841 ἧττον
1579 1813 1727 1849 ἀχώριστοι
1754 1813 1827 1841 καθ-

1032 1860 1190 1896 σστήκασιν.

1034 1929 1099 1964 Ἔτι
1112 1929 1180 1962 περὶ
1195 1917 1310 1964 Πατρδς
1323 1927 1374 1957 καὶ
1395 1928 1463 1956 Υιοῦ
1479 1929 1529 1956 καὶ
1545 1928 1634 1963 ἁγίου
1646 1929 1826 1964 Hreni/ratae

1065 1963 1275 2000 διακεκριμένη
1290 1964 1350 2000 ἅμα
1371 1965 1421 1992 καὶ
1439 1963 1578 1998 ἡνωμένη
1604 1966 1745 2000 θεολογία
1768 1963 1826 1994 τοῦ

1065 1999 1153 2034 ἁγίου
1170 2000 1323 2034 Κυρίλλου
1333 1998 1454 2032 ἔκθεσις
1468 1999 1609 2033 πίστεως.

1069 2066 1239 2100 Πιστεὺομεν
1265 2067 1304 2098 εἰς
1323 2067 1373 2094 ἕνα
1388 2066 1454 2093 Θεὸν
1468 2068 1588 2104 Πατέρα,
1618 2068 1749 2105 ἄναρχον,
1774 2068 1826 2097 καὶ

1031 2113 1197 2149 ἀγέννητον,
1222 2113 1268 2140 ἀεὶ
1291 2114 1357 2140 ὅντα
1378 2113 1499 2148 Πατέρα,
1525 2114 1575 2149 οὐχ
1603 2113 1717 2148 ὕστερον
1742 2114 1825 2141 τοῦτο

1032 2160 1216 2195 κτησάμενον.
1233 2159 1271 2186 Οὐ
1285 2159 1340 2195 γὰρ
1351 2157 1384 2195 ἦν
1398 2160 1443 2186 ὅτε
1456 2160 1507 2187 οὐκ
1530 2157 1575 2195 ἦν,
1589 2160 1650 2187 ἀλλ’
1661 2160 1767 2188 ἄνωθεν
1788 2159 1826 2198 ἦν

189 2207 285 2235 quam,
297 2208 361 2228 cum
377 2208 433 2228 non
447 2205 532 2232 esset,
552 2201 599 2229 sed
624 2209 656 2229 ex
673 2203 749 2229 omni
762 2203 914 2231 teternitate
926 2202 978 2231 Pa-

1064 2205 1140 2240 ιτήρ.
1158 2203 1228 2232 Οὐδὲ
1244 2205 1339 2240 γέγονε
1356 2205 1467 2239 πρῶτον
1480 2205 1555 2238 Υἱὸς,
1570 2202 1630 2232 εἶτα.
1645 2206 1741 2242 Πατὴρ
1750 2195 1825 2236 κατὰ

188 2250 230 2274 ter
244 2249 296 2273 est.
313 2245 407 2281 Neque
429 2246 505 2280 prius
519 2246 607 2274 factus
633 2251 675 2274 est
691 2246 786 2280 Filius,
802 2248 901 2275 deinde
931 2247 982 2276 Pa-

188 2299 230 2326 ιοι-
248 2292 387 2327 qualisest
403 2293 430 2320 in
445 2292 605 2326 corporibus
628 2293 706 2326 crdo,
722 2293 770 2321 sed
796 2301 830 2321 ex
855 2301 911 2329 quo
929 2299 981 2328 est,

187 2343 296 2371 semper
311 2340 403 2364 autem
418 2341 470 2370 est,
485 2337 564 2364 Pater
576 2340 604 2364 et
617 2341 659 2364 est
673 2341 701 2364 et
715 2337 876 2372 appellatur.

217 2382 363 2410 Credimus
377 2387 405 2409 et
416 2383 443 2409 in
457 2390 541 2410 unum
557 2382 653 2410 Filium
667 2382 789 2411 Genitori
803 2389 979 2419 comternum,

187 2428 233 2463 qui
250 2435 390 2463 nunquam
404 2428 569 2464 eoepitesse,
589 2428 636 2456 sed
662 2436 770 2463 semper
784 2433 837 2462 est,
867 2434 895 2457 et
917 2438 979 2458 cum

190 2473 268 2500 Patre
285 2479 338 2501 est.
353 2474 392 2501 Ex
408 2481 462 2508 quo
474 2474 546 2502 enim
562 2478 604 2502 est
633 2474 721 2507 Pater,
750 2482 859 2510 semper
886 2480 977 2504 autem

187 2521 241 2550 est,
256 2525 291 2545 ex
305 2526 338 2546 eo
357 2522 385 2545 et
408 2517 493 2546 Filius
516 2521 568 2549 est,
597 2517 658 2545 llaec
688 2519 761 2546 enim
787 2523 840 2546 tant
859 2520 980 2553 nomina,

188 2571 269 2598 quam
290 2564 355 2599 ipsa:
371 2571 416 2591 res
435 2563 472 2591 ita
487 2564 651 2598 copulantur
671 2563 744 2591 inter
766 2571 805 2597 se,
820 2569 849 2592 ut
859 2566 979 2601 separari

189 2617 245 2637 non
261 2609 375 2645 possint.
394 2610 472 2643 Quod
486 2610 508 2638 si
519 2609 604 2638 Filius
622 2618 678 2639 non
703 2618 814 2646 semper
839 2611 900 2644 fuit,
932 2612 979 2640 sed

189 2656 243 2683 t‘uit
269 2656 415 2692 aliquando
429 2665 490 2685 eum
506 2665 560 2685 non
576 2662 660 2691 esset,
671 2664 722 2685 nec
738 2657 819 2684 Pater
835 2657 886 2685 fuit
906 2665 979 2685 sem-

188 2708 255 2735 per;
268 2708 301 2728 ex
319 2708 373 2736 quo
387 2701 459 2728 enim
474 2701 624 2737 generavit,
640 2701 692 2728 hoc
707 2701 788 2728 habet
798 2708 906 2728 nomen.
929 2701 976 2729 Sin

188 2751 281 2774 autem
297 2754 405 2782 semper
417 2752 459 2775 est
475 2747 555 2775 Pater
571 2747 642 2775 Deus
656 2747 744 2781 (nefas
755 2747 829 2775 enim
841 2751 893 2780 est,
910 2751 979 2774 tem-

189 2790 264 2824 poris
277 2794 416 2818 auctorem
440 2791 492 2827 ipsi
505 2791 621 2826 temperi
635 2791 779 2826 subjicere,
805 2796 832 2818 ct
848 2791 979 2825 temporis

190 2836 278 2872 spatio
289 2837 465 2873 posteriorem
480 2837 659 2874 pronuntiare
673 2837 875 2873 generationem
895 2837 977 2870 illam,

1034 2251 1085 2285 τὴν
1099 2251 1154 2277 τῶν
1167 2251 1304 2286 σωμάτων
1319 2251 1492 2283 ἀκολουθίαν,
1508 2251 1566 2278 ἀλλ’
1577 2253 1624 2286 ἀφ’
1639 2250 1725 2288 οὗπέρ
1735 2254 1823 2282 ἐστιν.

1039 2296 1097 2323 Ἀεὶ
1112 2296 1140 2323 δέ
1157 2297 1214 2324 ἐστι
1229 2297 1334 2333 Πατὴρ,
1359 2297 1406 2324 καὶ
1418 2297 1475 2324 ἐστι
1495 2299 1543 2324 καὶ
1561 2298 1694 2326 καλεῖται.

1069 2376 1237 2411 Πιστεύομεν
1254 2375 1303 2403 καὶ
1315 2376 1357 2407 εἰς
1374 2375 1422 2402 ἕνα
1440 2376 1504 2403 Υἱδν
1522 2375 1657 2403 συναῖδιον
1671 2375 1711 2412 τῷ
1726 2379 1825 2413 γεννή.

1033 2432 1120 2456 σαντι,
1136 2422 1187 2449 οὐκ
1203 2422 1290 2458 irath
1308 2421 1357 2449 τοῦ
1367 2419 1437 2449 εἶναι
1452 2421 1580 2455 λαϐόντα,
1594 2422 1652 2450 ἀλλ’
1674 2423 1719 2450 ἀεὶ
1744 2424 1822 2457 ὄντα,

1033 2471 1080 2496 καὶ
1093 2469 1142 2495 σὺν
1160 2468 1249 2503 Πατρὶ
1279 2467 1353 2496 ὄντα.
1387 2468 1443 2494 ’Δεὶ
1464 2468 1493 2495 δὲ
1524 2468 1630 2504 Πατὴρ,
1660 2469 1690 2501 ἐξ
1715 2470 1821 2498 ἐκείνου

1033 2515 1107 2547 Υἱός.
1124 2514 1298 2549 Ἀχωρίστως
1315 2513 1370 2549 γὰρ
1381 2513 1438 2549 ἔχει
1453 2514 1540 2541 ταῦτα
1565 2514 1634 2551 πρὸς
1651 2515 1756 2551 ἄλληλα
1784 2517 1820 2544 τά

1031 2569 1060 2588 τε
1079 2560 1199 2595 ὀνόματα
1214 2560 1306 2587 καὶτὰ
1323 2559 1484 2596 πράγματα.
1500 2561 1531 2588 Εἰ
1549 2561 1580 2587 δὲ
1602 2561 1652 2588 οὐκ
1679 2562 1723 2588 ἀεὶ
1741 2563 1820 2596 Υἱὸς,

1031 2606 1090 2633 ἀλλ’
1102 2604 1136 2642 ἦν
1151 2607 1195 2633 ὅτε
1212 2607 1262 2634 οὐκ
1279 2604 1325 2642 ἦν,
1341 2606 1402 2634 οὐδὲ
1416 2606 1460 2633 ἀεὶ
1485 2607 1499 2633 6
1510 2607 1616 2643 Πατήρ.
1638 2607 1699 2642 Ἀφ’
1718 2605 1751 2635 οὗ
1764 2610 1820 2644 γὰρ

1031 2652 1170 2687 ἐγέννησε,
1194 2653 1276 2680 τοῦτο
1288 2653 1344 2689 ἔχει
1362 2652 1393 2679 τὸ
1405 2653 1501 2689 ὄνομα.
1518 2653 1550 2680 Et
1570 2654 1598 2680 δὲ
1616 2654 1662 2680 ἀεὶ
1681 2654 1781 2691 Πατὴρ
1804 2656 1819 2682 6

1031 2698 1113 2730 Θεός·
1132 2698 1293 2735 βλάσφημον
1314 2699 1369 2736 γὰρ
1389 2699 1485 2736 τῳόντι
1506 2700 1558 2727 ὑπὸ
1576 2701 1689 2736 χρόνους
1705 2701 1819 2735 ποιῆσαι

1030 2743 1076 2771 τὸν
1088 2745 1141 2777 τῷν
1153 2746 1257 2781 χρόνων
1277 2745 1404 2782 ποιητὴν,
1415 2748 1464 2773 καὶ
1483 2747 1611 2782 χρονικοῦ
1628 2747 1816 2782 διαστήματος

1031 2791 1170 2826 ἀποφῆναι
1184 2791 1315 2827 δευτέραν
1329 2792 1379 2828 τὴν
1390 2793 1502 2828 ἄχρονον
1509 2793 1555 2819 καὶ
1568 2793 1738 2828 ὑπέρχρονον
1754 2795 1819 2828 γένο

1031 2847 1109 2874 νησιν
1121 2847 1128 2855 ⁸
1147 2838 1190 2866 ἀεὶ.
1204 2839 1218 2865 6
1232 2838 1294 2871 Υιδς
1301 2839 1333 2866 ὲκ
1348 2839 1395 2866 τοῦ
1406 2839 1511 2875 Πατρδς
1521 2839 1648 2876 ἀρρήτως
1663 2840 1818 2876 γεννηθεὶς,
