1893 3081
83 93 112 123 8')
348 113 355 120 .ι
566 98 755 130 PANOPLIA
774 101 837 132 ΒΟ(

892 103 1003 134 \TICA.
1015 119 1052 143 _—
1068 107 1144 140 Tl'l‘.
1164 109 1205 139 II.
1657 116 1691 147 90

84 152 143 188 μετὰ
155 151 201 179 τοῦ
211 153 320 189 Πατρός
333 153 361 181 δὲ
376 154 418 182 ἀεὶ
429 153 480 189 ῶν,
496 156 543 184 καὶ
561 157 610 184 σὺν
625 158 664 194 τῷ
678 158 764 194 Πατρὶ
779 167 837 193 γνω

902 170 963 198 qua:
978 165 1038 192 sine
1065 170 1186 202 tempore
1204 174 1255 202 est,
1277 174 1306 197 et
1329 176 1440 206 superat
1463 179 1544 201 omne
1558 175 1688 209 tempus),

83 200 219 234 μιξάμενος-

117 340 126 358 (
146 331 188 359 Ἐν
201 333 287 367 ἀρχῇ.
309 341 318 358 ι
335 333 429 368 φησὶν,
454 342 464 360 ι
479 333 513 370 ἦν
524 335 539 362 ό
558 335 654 370 Λόγος,
667 337 713 364 καὶ
725 338 739 365 ὁ
767 338 853 373 Λόγος

83 376 111 413 ἦν
124 378 185 411 πρὸς
201 378 248 404 τὸν
263 378 342 411 Θεὸν,
359 379 406 405 καὶ
428 379 492 412 Θεὸς
505 378 539 416 ἦν
565 382 579 408 ό
595 382 692 416 Λόγος.
708 380 793 415 Οὗτος
817 383 852 420 ἦν

83 425 106 450 ὲν
123 424 187 459 ἀρχῇ
201 424 272 459 πρὸς
300 425 345 452 τὸν
360 425 437 453 Θεόν.
456 435 466 452 ι
501 427 533 454 '0
547 427 576 455 δὲ
594 429 622 455 ὲν
639 430 708 465 ἀρχῇ
724 429 762 457 ὢν
786 431 850 457 πότε

81 470 122 496 οὑκ
136 467 180 505 ip);
198 469 270 497 Οὔτε
298 471 351 505 γὰρ
366 468 453 504 εἷπεν,
475 471 519 499 Ἐν
539 473 610 509 ἀρχῇ
635 475 752 508 ἐγένετο,
779 476 849 509 ἀλλ’,

82 516 118 542 Ἐν
128 517 194 551 ἀρχῇ
213 514 260 551 ἦν.
284 516 348 543 Ἐὰν
378 517 613 553 φιλονεικήσωμεν
633 521 691 552 τοῖς
707 520 851 556 λογισμοῖς

81 561 217 596 ὑπερϐῆναι
229 561 260 588 τὺ
271 559 323 597 ἦν,
342 562 372 588 οὑ
389 562 561 598 δυνησόμεθα
573 564 703 592 ἐπέκεινα
720 567 848 600 γενέσθαι

80 606 121 641 τῆς
134 606 230 642 ἀρχῆς.
252 607 346 642 Πᾴντα
363 607 478 643 δεύτερα
498 609 546 636 τοῦ
565 610 595 636 ἂν
618 610 689 646 ἀρχῇ
704 611 790 644 ὄντος,
802 613 850 639 καὶ

80 650 137 684 πρὸς
149 650 194 676 τὸν
207 649 276 676 Θεὸν
291 650 378 682 ὄντος,
396 651 444 677 καὶ
458 651 563 686 χρόνος,
583 654 630 680 καὶ
645 653 724 689 αίὼν,
749 655 797 682 καὶ
822 655 850 682 τί

77 703 99 720 τι
112 695 141 721 ἂν
150 695 242 730 ἕτερον
257 695 384 732 χρονικδν
399 696 556 733 ἐπινοηθείη
583 698 730 734 διάστημα.
760 701 791 727 El
819 701 848 728 δὲ

77 740 118 766 οὑκ
127 741 166 767 ἀεὶ
190 741 229 775 τῷ
245 741 307 776 Θεῷ
327 742 374 768 καὶ
393 741 481 778 Ila-:91
501 744 585 779 συνῆν
600 745 614 771 ό
630 745 704 779 Υἱὸς,
734 746 846 782 ὕστερον

76 784 98 811 u
113 793 172 811 ποτε
187 786 381 820 προσεγένετο,
393 787 500 823 ἀνάγκη
520 789 616 824 χρόνον
629 791 675 817 καὶ
688 791 773 818 αίῶνα.
790 793 846 820 Πα-

904 219 1013 248 semper
1025 219 1067 242 cst
1081 215 1178 244 Filius.
1202 216 1239 244 Ex
1252 216 1331 246 Patre
1343 219 1451 254 quidem
1468 228 1497 247 ea
1515 222 1620 249 ratione
1644 230 1690 257 ge-

903 258 987 291 nitus,
1006 267 1066 295 qua:
1085 262 1173 290 verbis
1189 263 1315 298 explicari
1333 271 1386 292 non
1401 270 1499 300 potest.
1516 274 1578 294 cum
1607 270 1689 298 Patre

902 310 1011 340 semper
1024 310 1077 339 est,
1092 312 1119 335 et
1131 316 1182 336 una
1194 316 1255 337 cum
1287 309 1367 338 Patre
1379 313 1563 346 cognoscitur.

940 368 950 386 ι
965 360 996 388 In
1027 362 1171 397 principio,
1187 363 1285 398 inquit,
1299 370 1357 393 erat
1373 367 1505 402 Verbum,
1518 375 1546 396 et
1566 369 1685 398 Verbum

901 411 959 433 erat
971 407 1042 441 apud
1065 408 1160 440 Deum.
1177 415 1204 436 et
1219 409 1288 438 Deus
1300 417 1359 440 erat
1381 413 1508 442 Verbum.
1541 415 1597 444 Hoc
1628 422 1688 445 erat

901 451 928 479 in
939 452 1072 488 principio
1085 455 1155 490 apud
1172 455 1255 483 Deum
1271 457 1303 484 “.
1324 466 1333 483 ι
1349 457 1427 491 Quod
1453 466 1544 488 autem
1559 462 1585 489 in
1611 463 1687 498 prin-

900 497 972 532 cipio
986 503 1037 532 est,
1053 501 1162 535 quando
1189 509 1243 528 non
1261 503 1322 531 est?
1343 503 1436 539 Neque
1462 506 1534 533 enim
1550 497 1635 535 dixit:
1656 508 1685 536 In

899 544 1033 580 principio
1052 545 1140 574 iactus
1169 552 1225 581 est;
1239 549 1306 578 sed:
1321 551 1349 577 In
1364 551 1499 584 principio
1512 558 1580 581 erat.
1599 554 1625 582 Si
1642 563 1686 582 ra-

899 590 973 618 tione
986 599 1116 620 conemur
1126 601 1256 629 superare
1268 596 1344 630 illud,
1359 603 1418 625 erat
1432 606 1441 625 :
1457 603 1522 626 tunc
1542 607 1603 628 esse
1629 609 1684 629 non

898 638 1050 672 poterimus
1067 639 1093 666 in
1112 640 1256 676 principio.
1272 641 1370 670 Omnia
1385 645 1534 679 posteriora
1549 646 1683 679 suntillo,

898 683 944 718 qui
955 689 996 712 est
1010 685 1037 712 in
1055 685 1201 722 principio,
1215 693 1242 715 et
1257 689 1328 722 apud
1347 688 1430 716 Deum
1440 695 1492 722 est.
1510 696 1537 719 et
1564 697 1682 728 tempus.

897 735 925 757 et
939 738 1038 763 aevum,
1055 735 1082 759 et
1098 733 1120 759 si
1132 733 1204 767 quod
1222 734 1333 768 cogitari
1359 740 1449 769 potest
1465 738 1595 772 temporis
1622 746 1685 772 spa-

897 774 975 802 tium.
987 776 1065 808 Quod
1077 777 1099 803 si
1113 784 1166 804 non
1192 776 1242 805 fuit
1253 785 1362 813 semper
1377 786 1439 806 cum
1470 779 1524 807 Deo
1548 785 1575 808 et
1604 780 1683 809 I’atre

78 832 114 864 τρὶ
127 831 172 857 καὶ
186 831 243 866 Υἱῷ
263 819 430 867 μεσιτεύειν.
451 819 483 860 ἐι
494 819 618 862 "ast-"casto
631 835 688 871 δοίη
701 845 754 869 τις,
771 819 835 873 εὗρε

898 819 994 853 Filius,
1011 821 1058 848 sed
1071 826 1164 856 postea
1181 822 1267 850 factus
1285 827 1335 855 est,
1359 825 1544 852 necessarium
1574 826 1637 858 erit,
1653 831 1684 854 ut

77 876 174 910 θήσεται
202 878 232 903 τὸ
269 877 377 914 ποίημα
413 878 461 906 τοῦ
499 879 614 915 ποιητοῦ
654 883 841 919 προϋπάρχον.

78 930 85 946 ι
103 923 185 949 Πάντα
199 923 264 959 γὰρ,
289 933 300 950 ›
337 925 419 959 φησὶν
438 926 452 951 ὁ
475 926 690 963 Εὑαγγελιστὴς,
708 938 717 955 ι
734 929 777 956 διὰ
795 931 842 957 τοῦ

75 969 129 995 Υιοῦ
141 969 256 1004 ἐγένετο,
275 971 325 997 καὶ
343 972 426 1007 χωρὶς
442 972 525 999 αὑτοῦ
553 975 666 1007 γέγονεν
681 975 741 1002 οὐδὲ
769 976 809 1003 ἐν.
828 985 838 1002 ι

79 1015 118 1040 Ἓν
133 1015 159 1042 δὲ
173 1015 226 1042 τῶν
251 1007 367 1043 πάντων
381 1019 428 1044 καὶ
443 1019 457 1044 ό
480 1019 559 1052 αῑὼν,
578 1019 595 1054 ἢ
609 1020 623 1046 δ
637 1020 744 1055 χρόνος.
759 1022 812 1049 Καὶ
828 1023 842 1049 ό

77 1061 193 1095 μακάριος
211 1062 238 1088 δὲ
253 1063 370 1095 Παῦλος,
391 1073 401 1090 ι
425 1064 483 1090 Ἐπ’
503 1065 625 1101 ἐσχάτων
639 1067 667 1094 δὲ
693 1067 747 1093 τῶν
770 1068 840 1102 ἡμε-

77 1107 129 1140 ρῶν,
145 1115 154 1131 ι
179 1107 273 1141 φησὶν,
292 1116 303 1133 ‹
319 1107 451 1142 ἐλάλησεν
471 1110 538 1145 ἡμῖν
557 1112 586 1137 ἐν
605 1111 675 1146 Υίῷ,
697 1111 726 1140 δν
756 1112 839 1148 ἔθηκε

75 1150 221 1185 κληρονόμον
247 1151 370 1184 πάντων,
384 1153 417 1179 δι’
432 1150 463 1180 οὗ
478 1154 526 1181 καὶ
548 1155 612 1187 τοὺς
632 1156 732 1189 αἰῶνας
747 1157 840 1192 ἐποίη-

77 1203 122 1222 σεν,
133 1204 142 1221 ι
158 1196 186 1222 El
200 1196 228 1222 δὲ
244 1197 294 1223 τοῦ
311 1197 377 1223 Υῑοῦ
393 1198 416 1225 οι
437 1198 535 1231 αἰῶνες
549 1201 700 1235 ποιήματα,
712 1202 741 1227 οὑ
754 1205 839 1236 προῡ·

76 1240 189 1274 πάρχουσι
209 1241 256 1267 τοῦ
277 1243 453 1277 ποιήσαντος.
467 1244 578 1271 Ald)va
593 1245 621 1271 δὲ
635 1245 673 1281 μὴ
693 1249 837 1282 προϋπαρ-

76 1285 171 1319 χόντων,
186 1286 300 1322 εὔδηλον
316 1288 353 1319 ὼς
361 1288 421 1315 οὑδὲ
436 1289 450 1315 ὁ
465 1290 572 1324 χρόνος,
589 1290 619 1317 δν
635 1292 735 1327 ἡμέραι
747 1301 778 1319 τε
790 1294 836 1320 καὶ

75 1331 154 1363 vim;
185 1333 294 1360 ποιοῦσι
322 1334 371 1361 καὶ
406 1335 562 1370 μετροῦσιν.
589 1337 710 1373 Ἡμέρας
736 1338 764 1365 δὲ
789 1339 837 1366 καὶ

77 1378 158 1410 νύκτας
177 1380 192 1415 ἠ
207 1380 253 1407 τοῦ
267 1381 357 1416 φωτὸς
375 1382 491 1418 ἀνατολὴ
520 1384 566 1410 καὶ
581 1383 658 1415 δύσις
676 1385 832 1420 ἐργάζεται.

76 1423 103 1449 Τὸ
113 1424 136 1450 δὲ
149 1425 201 1459 φῶς
220 1426 292 1460 μετὰ
311 1426 356 1452 τὸν
366 1426 492 1462 οὐρανὸν,
507 1428 554 1455 καὶ
572 1428 622 1465 τὴν
645 1429 712 1465 γῆν,
727 1432 774 1458 καὶ
789 1433 834 1460 τὸν

76 1468 131 1503 ἀέρα
144 1469 256 1504 ἐγένετο.
289 1470 384 1498 Ταῦτα
404 1472 432 1499 δὲ
462 1473 560 1505 πάντα,
582 1473 630 1500 καὶ
654 1475 687 1502 τὰ
714 1477 743 1504 ὲν
771 1477 833 1504 τού-

75 1515 139 1544 τοιςό
165 1515 226 1548 Θεὸς
240 1517 330 1552 Λόγος
343 1517 452 1554 εὐδοκία
472 1518 520 1545 τοῦ
549 1519 654 1555 Πατρὸς
686 1522 836 1558 ἐδημιούρ-

75 1565 138 1593 nos.

102 1604 154 1632 Τῶν
176 1608 278 1642 χρόνων
296 1608 397 1642 τοίνυν,
413 1609 461 1636 καὶ
481 1610 535 1638 τῶν
554 1609 661 1638 αἰώνων
685 1613 755 1647 μετὰ
779 1614 835 1641 τῶν

76 1649 146 1678 illo»:
165 1653 290 1682 ἁπάντων
316 1654 370 1681 ὑπὸ
390 1654 437 1682 τοῦ
461 1656 548 1690 Λόγου
565 1657 743 1692 ποιηθέντων,
757 1660 836 1687 οὐδὲν

75 1695 100 1722 ἂν
119 1698 157 1733 εἴη
171 1700 270 1733 μεταξὺ
289 1700 397 1736 Πατρδς
421 1702 470 1729 καὶ
485 1701 563 1735 Υίοῦ,
582 1703 641 1730 ἀλλ’
656 1705 700 1731 ἀεὶ
716 1705 765 1740 μὲν
779 1706 836 1732 Πα-

75 1741 215 1778 ήρὸθεὺς,
229 1746 273 1773 ἀεὶ
287 1746 316 1773 δὲ
330 1746 344 1772 ὀ
361 1746 423 1779 Υἱὸς
439 1747 487 1774 σὺν
503 1748 601 1784 Πατρί.
618 1749 664 1776 Διδ
687 1751 735 1778 καὶ
752 1752 765 1778 ὁ
780 1751 834 1778 Εὐ-

75 1788 218 1825 αγγελιστὴς
235 1791 298 1827 βοᾷ,
315 1800 325 1817 ι
353 1791 398 1818 Ἐν
415 1793 486 1828 ἀρχῇ
508 1791 543 1828 ἦν
565 1794 686 1829 όΛόγος.
704 1804 715 1822 ι
736 1797 791 1823 Καὶ
820 1798 835 1824 ό

75 1832 202 1868 ἀπόστολος
219 1837 325 1869 nam;
342 1846 435 1873 φησιν,
454 1848 463 1865 ι
484 1839 529 1871 Ὣς
545 1839 584 1867 ὢν
596 1840 769 1877 ἀπαύγασμα
783 1842 834 1877 τῆς

74 1877 147 1914 δόξης,
162 1882 206 1908 καὶ
221 1883 365 1919 χαρακτὴρ
379 1884 427 1920 τῆς
443 1885 620 1919 ὑποστάσεως
634 1895 642 1903 ·
658 1895 668 1913 ι
699 1889 748 1916 καὶ
774 1889 834 1916 ἑτέο

76 1925 138 1970 punit,
162 1936 170 1953 ι
190 1927 236 1960 ’ος
248 1929 277 1957 ὲν
292 1931 382 1965 μορφῇ
397 1929 464 1957 Θεηῦ
491 1931 633 1966 ὑπάρχων,
653 1932 703 1968 οὐχ
725 1934 834 1970 ἁρπαγ-

77 1969 115 2003 μὸν
129 1971 242 2006 ἡγήσατο
258 1974 291 2000 τὸ
304 1971 374 2000 εἶναι
390 1975 435 2001 ῐσα
449 1974 519 2010 Θεῷ.
543 1984 553 2001 ι
574 1976 629 2003 Καὶ
645 1976 708 2003 οὔτε
729 1978 833 2012 ἐκεῖνος

76 2013 145 2050 τδῆν,
156 2016 213 2043 οὔτε
232 2015 312 2050 οὗτος
325 2019 357 2045 τδ
371 2018 421 2052 ὢν,
436 2020 453 2056 ἢ
470 2021 601 2057 ὑπάρχων
617 2021 659 2057 ἑᾷ,
675 2022 768 2059 ἐπειδὴ
785 2024 832 2052 τὸν

74 2059 175 2088 ἀιίόντα
192 2059 385 2099 κηρύττουσιν,
405 2065 436 2092 οὗ
459 2066 539 2101 χάριν
562 2067 609 2094 καὶ
628 2066 689 2103 μετ’
716 2068 794 2103 ὀλίγα
817 2071 832 2097 6

75 2105 268 2152 εὐαγγελιστὴς,
295 2119 305 2136 ι
320 2110 383 2146 Ζωὴ
397 2108 442 2146 ἦν,
467 2121 476 2138 ι
497 2112 575 2148 φησι,
589 2121 599 2139 ι
624 2115 672 2141 καὶ
686 2115 703 2150 ὴ
721 2114 777 2151 ζωὴ
796 2113 831 2152 ἦν

898 869 1005 900 tempus
1035 870 1063 894 et
1081 875 1169 895 aevum
1186 874 1233 895 aut
1249 868 1356 902 aliquod
1388 871 1504 904 spatium
1530 871 1602 898 inter
1631 871 1683 899 Pa-

894 915 962 938 trem
974 915 1002 938 et
1015 911 1110 939 Filium
1124 913 1284 941 intercedat.
1300 915 1334 942 At
1350 915 1371 942 si
1400 916 1426 942 id
1447 918 1632 949 concesseris,
1649 925 1682 945 ea

894 964 954 991 qua:
974 956 1044 984 facta
1064 962 1139 991 sunt,
1159 958 1287 986 elfectore
1303 960 1393 994 priora
1409 968 1469 987 esse
1482 962 1654 996 reperientur
1671 971 1681 991 :

894 1012 904 1029 ι
918 1003 1015 1031 Omnia
1025 1004 1109 1037 enim,
1117 1015 1126 1031 I
1138 1005 1226 1040 inquit
1239 1005 1432 1041 Evangelistau
1446 1015 1493 1041 per
1504 1007 1600 1035 Flllllm
1611 1008 1681 1037 facta

891 1050 1070 1082 sunt,etsine
1085 1051 1146 1086 ipso
1162 1059 1196 1079 ne
1207 1060 1292 1079 unum
1305 1053 1414 1087 quidem
1435 1052 1535 1080 factum
1558 1059 1600 1081 est
1618 1056 1651 1081 δ’.
1667 1063 1677 1080 ι

891 1094 979 1124 Unum
999 1102 1088 1124 autem
1105 1105 1136 1125 ex
1151 1098 1276 1126 omnibus
1293 1103 1335 1126 est
1352 1106 1441 1126 aevum
1463 1103 1490 1125 et
1516 1104 1632 1136 tempus.
1648 1101 1681 1128 Et

889 1141 984 1169 beatus
991 1141 1136 1176 Apostolus
1147 1151 1154 1169 :
1169 1143 1352 1176 «Novissimis,
1363 1145 1459 1180 inquit.
1470 1146 1566 1174 diebus
1575 1146 1681 1174 loculus

888 1193 930 1215 est
942 1189 1020 1217 nobis
1031 1189 1057 1216 in
1067 1189 1233 1224 Filio,quem
1245 1191 1387 1218 constituit
1399 1192 1533 1220 hatredem
1544 1193 1678 1225 omnium,

888 1239 937 1268 per
960 1241 1042 1268 quem
1070 1233 1135 1261 fecit
1158 1239 1185 1262 et
1214 1235 1312 1263 saecula
1330 1237 1363 1264 '°.
1388 1245 1398 1262 ι
1423 1237 1512 1270 Quare
1531 1238 1554 1265 si
1581 1237 1679 1265 sazcula

888 1284 952 1306 sunt
968 1287 1050 1314 opera
1069 1280 1140 1314 Filii,
1160 1290 1215 1309 non
1236 1285 1300 1309 sunt
1315 1286 1378 1309 ante
1398 1282 1555 1310 effectorem
1586 1290 1677 1310 suum.

887 1323 964 1356 Quod
978 1327 1000 1353 si
1018 1327 1116 1354 saecula
1136 1334 1187 1354 non
1202 1332 1266 1355 sunt
1278 1332 1354 1359 ante,
1371 1335 1406 1355 ne
1437 1333 1544 1362 tempus
1566 1328 1676 1363 quidem

886 1368 962 1400 illud.
973 1371 1046 1406 quod
1060 1371 1117 1399 dies
1132 1376 1158 1399 et
1172 1371 1266 1399 noétes
1298 1372 1418 1401 emciunt
1447 1378 1529 1408 atque
1558 1373 1676 1401 metiun-

887 1421 941 1444 tur.
956 1416 1024 1443 Nam
1052 1417 1110 1445 dies
1140 1422 1167 1444 et
1192 1422 1285 1445 noctes
1314 1418 1381 1445 lucis
1405 1424 1501 1445 exortu
1524 1426 1677 1454 occasuque

886 1462 964 1490 ﬁunt.
980 1462 1038 1490 Lux
1052 1470 1117 1490 vero
1130 1468 1190 1498 post
1215 1464 1312 1491 coelum
1336 1468 1364 1492 et
1385 1468 1483 1491 terram
1508 1469 1536 1492 et
1558 1472 1620 1492 aera
1636 1465 1677 1493 ia-

887 1513 929 1536 cta
943 1513 984 1536 est
996 1516 1003 1542 ;
1015 1516 1075 1544 quae
1087 1509 1197 1544 quidem
1213 1509 1305 1537 omnia
1320 1509 1390 1537 Deus
1401 1508 1521 1537 Verbum
1536 1510 1676 1538 voluntate

886 1554 974 1582 Patris
1004 1554 1150 1582 fabricatus
1173 1559 1224 1582 est.
1236 1556 1239 1559 '

921 1612 1102 1645 Quamobrem
1113 1618 1174 1638 cum
1186 1616 1306 1646 tempora
1334 1616 1362 1639 et
1389 1612 1487 1639 saecula
1518 1620 1579 1640 cum
1610 1612 1673 1640 reli-

885 1658 945 1693 quis
959 1657 1084 1684 omnibus
1096 1657 1203 1684 rebus-a
1219 1657 1274 1684 Deo
1291 1657 1380 1685 Verbo
1396 1657 1467 1684 facta
1497 1663 1572 1690 sunt,
1601 1657 1670 1685 nihil

884 1703 1064 1731 eritmedium
1082 1702 1265 1730 inlerPatrem
1283 1707 1310 1730 et
1338 1703 1434 1730 Filium
1453 1712 1460 1736 ;
1487 1703 1535 1731 sed
1560 1711 1668 1739 semper

886 1747 959 1775 Deus
975 1747 1064 1779 Pater.
1075 1751 1103 1774 et
1133 1754 1242 1782 semper
1254 1754 1314 1774 cum
1330 1747 1410 1775 Patre
1434 1747 1526 1774 Filius.
1552 1748 1644 1782 Itaque
1659 1756 1667 1775 :

887 1802 897 1819 ε
922 1792 952 1820 In
978 1792 1123 1827 principio,
1145 1793 1245 1820 clamat
1274 1792 1486 1828 Evangelista",
1515 1801 1573 1821 erat
1604 1793 1672 1821 Ver-

883 1839 974 1867 bum.»
991 1838 1023 1865 Et
1042 1838 1141 1866 Paulus
1157 1838 1295 1873 apostolus
1311 1847 1318 1865 :
1341 1848 1350 1864 ι
1366 1838 1417 1870 Qui
1434 1846 1495 1866 cum
1512 1839 1556 1871 sit,
1572 1839 1671 1874 inquit,

883 1885 1012 1921 splendor
1031 1884 1132 1920 gloriae,
1148 1888 1175 1911 et
1188 1883 1272 1919 figura
1290 1884 1449 1911 substantia:
1465 1885 1499 1911 θ’.
1515 1885 1548 1912 Et
1579 1885 1641 1912 alibi
1662 1893 1671 1912 :

886 1931 952 1965 «Qui
977 1938 1039 1958 cum
1059 1931 1087 1958 in
1102 1930 1199 1962 forma,
1214 1929 1314 1964 inquit,
1335 1930 1381 1957 Dei
1411 1936 1504 1964 esset,
1529 1939 1582 1957 non
1599 1931 1672 1965 rapi-

882 1984 944 2004 nam
956 1976 1103 2004 arbitratus
1117 1980 1168 2007 est,
1181 1982 1242 2003 esse
1251 1983 1281 2003 se
1296 1975 1426 2010 aequalem
1453 1976 1509 2002 Deo
1522 1975 1571 2001 ³³.»
1587 1975 1672 2003 Voces

883 2023 934 2050 illa:
959 2023 1061 2056 :Erat,
1080 2021 1125 2054 sit,
1140 2025 1216 2053 esset,
1248 2021 1323 2048 illum
1351 2029 1459 2055 semper
1489 2029 1550 2049 esse
1580 2021 1672 2049 decla-

882 2073 955 2096 rant.
968 2067 1100 2101 Quocirca
1115 2067 1196 2101 paqu
1207 2070 1268 2101 post
1284 2066 1323 2093 ait
1337 2066 1526 2102 Evangelista:
1549 2067 1624 2095 «Vita
1640 2075 1671 2095 e-

882 2117 932 2144 rat.
949 2117 976 2140 et
1001 2112 1056 2140 vita
1070 2116 1129 2139 erat
1156 2111 1201 2138 lux
1229 2111 1370 2138 hominum
1385 2111 1417 2138 “.
1438 2120 1447 2137 ι
1473 2105 1505 2139 Et
1533 2120 1640 2140 rursum
1662 2121 1670 2141 :

74 2151 97 2176 τὺ
108 2152 155 2186 φῶς
168 2154 218 2181 τῶν
229 2155 380 2192 ἀνθρώπων
393 2164 400 2171 ·
416 2166 425 2184 ›
438 2158 486 2184 καὶ
498 2155 588 2191 αὖθις,
607 2157 677 2188 «Ἱιν
692 2160 722 2188 τὸ
738 2161 794 2196 φῶς
804 2161 834 2188 τὸ

892 2167 898 2184 ι
917 2158 982 2184 Erat
994 2157 1038 2185 lux
1057 2165 1132 2189 vera,
1159 2164 1220 2191 quae
1243 2156 1379 2184 illuminat
1395 2165 1505 2185 omnem
1532 2159 1669 2187 hominem

74 2195 186 2230 ἀληθινὸν,
199 2200 213 2227 ό
227 2202 340 2235 φωτίζει
354 2203 442 2229 πάντα
458 2203 602 2239 ἄνθρωπον
615 2195 764 2242 ἐρχόμενον
783 2207 826 2239 εις

75 2241 110 2287 ξὺν
123 2244 224 2279 κόσμον.
243 2256 252 2274 ι
277 2247 334 2275 Καὶ
346 2248 437 2282 πάλιν,
455 2257 465 2274 ‹
488 2249 519 2277 '0
545 2251 693 2287 μονογενὴς
723 2251 797 2286 Υἱὸς,
817 2254 831 2280 ὁ

75 2285 144 2334 ὥνγεις
157 2292 198 2334 τὸν
207 2293 305 2320 κόλπον
312 2294 359 2320 τοῦ
373 2294 488 2329 Πατρός·
501 2304 511 2321 ›
522 2296 569 2322 καὶ
579 2297 609 2322 ἐν
625 2298 657 2332 τῇ
670 2285 830 2334 Ἐπιστολῇ,

78 2340 85 2378 ξ
104 2333 144 2366 ’ος
158 2333 198 2372 ἧν,
221 2347 231 2364 ι
250 2339 344 2375 φησὶν,
361 2348 371 2365 ι
393 2340 441 2366 ἀπ’
455 2340 553 2375 ἀρχῆς.
571 2350 581 2367 ι
604 2341 683 2369 Οὕτω
695 2343 830 2378 θεολογεϊν

76 2377 117 2405 ὑπὸ
139 2381 180 2408 τοῦ
194 2383 263 2411 θείου
294 2385 451 2420 Πνεύματος
472 2387 518 2413 τὸν
545 2389 678 2423 μονογενῆ
692 2389 739 2416 ⁵τοῦ
762 2377 831 2417 Θεοῦ

76 2423 146 2458 Λάγον
166 2428 341 2466 ἐδιδάχθησαν
363 2432 388 2458 οἱ
419 2433 469 2459 ἀπ’
489 2433 577 2468 ἀρχῆς
608 2435 751 2468 αὐτόπται,
784 2437 830 2464 καὶ

75 2468 185 2505 ὑπηρέται
206 2477 251 2503 τοῦ
285 2478 372 2511 Λόγου
391 2479 543 2514 γενόμενοι.
571 2479 617 2507 Διὸ
645 2481 676 2508 οὑ
704 2483 831 2518 συνηριθ-

78 2523 149 2551 μηπαν
165 2522 193 2556 τῇ
205 2523 291 2550 κτίσει
303 2523 349 2550 τὸν
376 2525 526 2552 κτίσαντα·
542 2525 574 2552 οὑ
601 2527 750 2559 συνέταξαν
783 2529 829 2557 τὸν

78 2564 169 2609 “fitﬁt!
179 2569 230 2598 τοῖς
243 2569 391 2604 ποιήμασιν
403 2577 410 2585 ·
427 2570 545 2606 οὐδαμοῦ
559 2571 661 2608 κτίσμα
675 2572 706 2600 τὺ
717 2575 827 2609 γνήσιον

77 2606 174 2636 τοῦθεοῦ
187 2614 405 2648 προσηγόρευσαν
420 2615 554 2650 γέννημα·
569 2606 689 2652 οὐδαμοῦ
709 2606 827 2653 asty:-

78 2659 123 2678 νετο
134 2663 142 2679 ³
157 2660 306 2693 συνέζευξαν
321 2663 353 2696 τῇ
370 2661 486 2698 θεότητι.
503 2662 575 2689 Ἀλλ’
588 2661 667 2696 οὗτος
683 2665 741 2700 μὲν,
760 2675 769 2691 ι
781 2666 825 2693 Ἐν

82 2766 141 2796 ιιι.
171 2769 266 2802 "ibid.
289 2773 315 2803 9.
347 2766 458 2804 Ima}.
471 2785 491 2806 ι.
505 2777 531 2805 8.

105 2730 271 2782 “‘1033.'ll.!?.
289 2739 331 2782 ﬂ"
431 2741 459 2768 5.
503 2742 527 2782 ξδ’
543 2742 624 2774 Hebr.
642 2752 661 2778 1,
677 2745 704 2774 2.
752 2747 773 2763 ⁸¹
802 2746 834 2775 10

898 2755 916 2782 I,
938 2748 949 2776 ι
1004 2748 1026 2764 ¹¹
1052 2747 1136 2776 Hebr.
1150 2747 1210 2782 1,5.

881 2202 1037 2230 venientem
1063 2202 1091 2229 in
1118 2202 1261 2228 mundum.
1279 2211 1288 2227 ι
1308 2201 1340 2228 Et
1352 2210 1458 2229 rursum
1485 2211 1493 2230 :
1522 2203 1670 2236 «Unigeni-

882 2252 925 2276 tus
946 2247 1030 2275 Filius
1049 2247 1094 2281 qui
1109 2251 1151 2274 est
1166 2246 1194 2273 in
1211 2247 1272 2273 sinu
1286 2246 1374 2273 Patris
1388 2247 1421 2274 ⁵⁵.
1438 2256 1448 2273 ›
1468 2246 1501 2274 Et
1520 2248 1547 2274 in
1563 2247 1670 2283 Episto-

881 2293 931 2322 lis:
952 2292 1019 2325 cQui
1032 2298 1100 2327 erat,
1114 2302 1123 2320 ι
1144 2293 1245 2326 inquit,
1256 2302 1265 2318 ι
1282 2293 1316 2320 ab
1327 2293 1406 2320 initio
1418 2293 1469 2320 ³⁸.»
1480 2294 1519 2320 Ita
1528 2293 1562 2321 de
1574 2294 1668 2329 unige-

883 2340 942 2367 nito
962 2339 1010 2367 Dei
1025 2338 1115 2367 Verbo
1128 2339 1315 2375 philosophari
1330 2346 1345 2366 a
1361 2338 1453 2366 divino
1470 2339 1572 2374 Spiritu
1580 2339 1669 2367 edocti

888 2389 953 2413 sunt
968 2385 1016 2418 illi,
1032 2385 1078 2421 qui
1093 2385 1126 2412 ab
1146 2385 1223 2412 initio
1255 2385 1335 2412 Verbi
1363 2384 1473 2411 fuerunt
1501 2384 1669 2418 inspectares

885 2435 913 2458 et
928 2430 1053 2457 ministri.
1072 2430 1243 2464 Quapropter
1259 2436 1313 2455 non
1327 2429 1352 2455 in
1366 2435 1469 2460 eorum,
1486 2436 1546 2462 qua:
1576 2433 1666 2456 creata

885 2483 949 2503 sunt
967 2482 1092 2506 numero,
1121 2479 1271 2502 creatorem
1289 2474 1420 2508 ipsorum,
1439 2482 1490 2502 nec
1512 2475 1540 2501 ἰιι
1571 2482 1665 2501 eorum

885 2530 1010 2555 numero,
1023 2529 1082 2557 quae
1095 2521 1164 2548 facta
1186 2524 1260 2552 sunt,
1275 2520 1396 2555 ipsorum
1421 2519 1576 2548 eﬂectorem
1599 2528 1667 2547 con-

883 2569 1043 2600 stituerunt,
1057 2575 1109 2595 nec
1124 2574 1281 2602 germanum
1312 2566 1359 2593 Dei
1388 2565 1487 2593 Filium
1513 2566 1567 2593 ullo
1583 2567 1664 2593 modo

880 2618 1001 2641 creatum
1020 2612 1236 2648 appellaverunt.
1262 2612 1317 2639 Nec
1340 2619 1422 2639 voces
1439 2611 1519 2639 illas:
1549 2610 1664 2639 Factum

879 2664 915 2687 est
941 2667 1002 2687 cum
1027 2658 1167 2688 divinitate
1191 2657 1398 2685 coniunxerunt.
1426 2657 1479 2685 Sed
1511 2658 1581 2685 has:
1602 2666 1612 2683 ι
1633 2656 1661 2684 in

1267 2746 1290 2763 ⁸³
1302 2746 1399 2781 Philip.
1416 2754 1447 2781 η,
1466 2745 1492 2774 6.
1544 2744 1566 2762 "
1582 2745 1661 2774 Joau.
