1893 3081
197 125 229 159 91
816 128 974 158 EUTHYM
980 127 1009 157 lI
1028 126 1209 158 ZIGABENI
1797 124 1833 157 92

200 186 336 221 principio
363 191 423 214 erat
453 187 582 215 Verbum.
602 197 612 214 ι
645 187 680 214 Ει
709 187 792 215 illas:
814 197 823 213 ‹
840 188 892 220 Qui
921 195 972 214 cun

1080 189 1106 222 (ᾖ
1122 185 1156 222 ἦν
1167 188 1181 214 ό
1196 187 1293 222 Λόγος,
1310 197 1318 213 ι
1343 188 1405 220 οὐκ,
1427 187 1471 215 Ἐν
1484 188 1555 224 ἀρχῇ
1569 188 1676 223 ἐγένετο
1690 191 1702 217 ὁ
1717 191 1807 226 Λόγος
1822 200 1830 208 ’

199 236 273 259 esset
300 231 429 263 splendor
448 233 551 267 glorias,
569 237 596 260 et
627 232 712 268 ﬁgura
738 233 905 261 substantiae
917 233 951 265 ⁸⁷,
973 242 983 258 ι

204 285 259 304 ιιοιι
271 283 363 305 autem
378 278 441 305 has:
455 287 463 304 ι
478 279 529 311 Qui
544 287 606 306 cum
625 279 652 307 in
668 279 754 307 forma
770 279 818 306 Dei
834 284 909 307 esset
923 279 957 311 ⁸⁸,
974 289 983 305 ι

198 327 226 350 et
248 323 337 350 alibi:
369 333 378 349 ι
394 324 444 357 Qui
476 329 520 352 est
553 325 643 360 imago
673 326 719 353 Dei
749 325 896 353 invisibilis
918 326 951 353 ".
974 335 984 352 ι

199 368 258 396 Non
288 369 376 398 dixit:
398 369 449 402 Qui
479 371 564 406 factus
595 375 632 398 est
652 371 741 408 imago
761 371 809 400 Dei
833 372 986 405 invisibilis,

198 414 258 447 sed,
273 415 319 449 qui
330 419 380 442 est.

236 556 324 591 Atque
344 557 380 584 ita
395 557 550 586 Divinitatis
565 559 665 587 rationi
678 560 779 595 passim
810 561 988 596 eonjunctum

200 604 244 627 est
255 601 417 634 illud:erat,
437 608 465 630 et
478 602 544 631 illud
559 612 617 631 cum
634 604 681 637 ait,
694 609 721 633 ct
733 605 800 633 illud
817 613 895 634 :cum
912 612 990 639 esset,

199 650 228 673 et
237 646 315 679 illud,
332 651 380 675 est.
395 647 465 681 Quin
478 649 561 676 etiam
575 650 633 685 ipse
651 650 723 678 Deus
735 659 799 680 cum
815 659 913 688 magno
933 653 992 680 Blo-
1009 647 1013 651 ’

199 698 230 719 se
245 693 359 727 loquens
374 694 412 721 ita
431 702 461 722 se
476 695 624 730 appellavit
643 705 650 724 :
681 706 692 724 ι
708 697 775 740 Ego,
805 707 815 725 ι
848 698 989 733 inquiens,

150 763 154 768 ,
202 744 220 764 ι·
230 746 290 767 sum
312 741 358 775 qui
377 749 439 769 sum
451 742 484 769 ‘°.
507 751 516 768 ι
533 743 690 777 Εῌιιηυιιι
708 753 716 772 :
741 754 753 771 ι
780 746 872 780 Hac,»
891 745 991 780 inquit,

203 794 212 811 ι
231 785 305 813 dices
319 786 382 814 ﬁliis
400 787 482 815 lsraei
499 796 508 816 ι
530 788 582 822 Qui
597 795 649 822 est.
665 790 741 818 misit
757 799 801 820 me
811 791 846 820 ad
858 799 907 820 vos
923 793 956 820 “.
978 801 989 819 ι

201 829 265 857 ΠίΒο
293 836 385 859 autem
423 840 485 861 esse
514 834 576 862 Filii
603 836 686 863 verba
727 837 882 865 concedunt
908 839 991 866 etiam

200 874 350 911 impietatis
378 879 551 907 exsecranda:
587 885 827 916 propugnatores,
865 883 911 917 qui
942 883 994 912 Pa.

202 926 272 949 trem
303 924 415 958 quidem
439 925 651 962 inseparabilem
681 933 816 962 statuunt,
848 930 897 957 sed
930 938 993 959 me-

201 967 278 996 dium
295 969 367 997 inter
396 970 504 999 Patrem
529 977 558 1000 et
586 981 630 1001 res
654 979 760 1003 creatas
774 975 872 1004 Filium
891 977 993 1011 locant,

201 1021 319 1048 cumque
360 1016 525 1050 patriarchis
552 1023 580 1046 et
611 1020 753 1055 prophetis
782 1022 943 1057 apparuisse
965 1028 994 1051 et

202 1058 322 1086 locutum
339 1067 400 1088 esse
411 1061 516 1090 dicunt.
542 1062 596 1091 Sed
622 1064 679 1099 ipse
712 1066 783 1094 Deus
796 1067 914 1095 Verbum
946 1076 994 1103 pcr

201 1104 347 1134 Jeremiam
364 1108 456 1135 verbis
473 1108 500 1136 id
513 1116 565 1137 nos
578 1111 722 1145 perspicue
741 1112 831 1145 docet,
853 1121 915 1141 cum
929 1114 966 1141 ait
983 1122 991 1141 :

206 1160 216 1176 ι
230 1151 258 1178 In
274 1152 374 1180 diebus
400 1153 454 1181 illis
489 1158 517 1181 et
531 1154 558 1181 in
575 1160 698 1191 tempore
717 1157 762 1185 illo
784 1158 881 1186 feriam
899 1159 993 1188 domui

205 1197 286 1224 ISrael
317 1203 344 1225 et
372 1198 463 1226 domui
473 1199 543 1227 Juda
568 1204 761 1230 testamentum
788 1211 906 1238 novum,
936 1213 992 1233 non

203 1243 356 1271 secundum
373 1249 579 1280 testamentum,
597 1248 671 1282 quod
697 1249 745 1276 tuli
762 1251 883 1284 patribus
897 1259 992 1280 eorum

202 1288 231 1315 in
257 1289 311 1322 die,
336 1298 389 1325 qua
400 1292 567 1327 apprehendi
583 1301 694 1322 manum
711 1303 821 1330 eorum,
839 1303 868 1325 ut
892 1298 995 1326 educe-

205 1340 263 1360 rem
291 1341 339 1362 eos
364 1336 398 1363 de
414 1341 486 1364 terra
498 1337 659 1374 Egypti“.
684 1349 694 1366 ι
725 1341 886 1374 Quaeramus
898 1343 992 1379 igitur,

202 1379 264 1413 quis
279 1383 472 1410 testamentum
485 1384 564 1412 nobis
577 1385 630 1413 hoc
638 1381 740 1415 novum
765 1389 882 1417 dederit.
895 1389 993 1418 Nonne

201 1431 307 1453 constat
335 1427 362 1454 id
387 1429 467 1457 nobis
495 1429 641 1460 Dominum
667 1433 808 1462 Christum
840 1436 995 1464 attulisse?

202 1469 264 1505 ipse
280 1472 353 1500 enim
371 1473 398 1501 in
412 1475 516 1503 sanctis
531 1477 687 1513 Evangeliis
710 1480 811 1508 clamat
829 1489 836 1508 :
867 1481 992 1510 «Dictum

1038 235 1142 266 ἐκεῖνος
1163 234 1202 266 δὲ,
1236 244 1246 260 ι
1269 235 1313 267 Ὠς
1333 235 1372 262 ὣν
1399 235 1571 270 ἀπαύγασμα
1602 237 1649 272 τῆς
1669 237 1759 271 “Em,
1780 240 1832 266 καὶ

1038 280 1184 316 χαρακτὴρ
1200 280 1250 315 τῆς
1271 281 1458 312 ὑποστάσεως*
1484 290 1494 307 ι
1514 283 1561 308 καὶ
1586 283 1680 316 πάλιν,
1711 293 1720 309 ι
1737 284 1789 316 Ὃς
1802 286 1832 311 ὲν

1041 329 1133 362 μορφῇ
1150 327 1218 354 Θεοῦ
1236 327 1380 363 ὑπάρχων,
1396 327 1426 353 οὺ
1454 328 1545 363 μορφὴ
1574 328 1644 355 Θεοῦ
1671 330 1831 366 γενόμενος,

1038 374 1097 401 ἀλλ’
1110 374 1243 409 ὑπάρχων
1260 373 1290 400 ὲν
1307 374 1399 409 μορφῇ
1414 373 1509 400 Θεοῦ.»
1539 375 1595 401 Καὶ
1609 375 1733 410 ἑτέρωθι,
1753 386 1762 403 ι
1778 376 1832 409 'U;

1040 422 1115 448 ἐστιν
1133 421 1216 448 εἰκὼν
1230 420 1278 447 τοῦ
1296 419 1366 447 Θεοῦ
1377 420 1424 447 τοῦ
1441 421 1568 457 ἀοράτου.
1585 430 1595 447 ι
1610 421 1669 449 Οὐκ
1679 419 1766 456 εἶπεν,
1780 423 1835 455 ’ος

1039 466 1151 501 ἐγένετο
1177 466 1261 493 εἰκὼν
1288 465 1335 492 τοῦ
1363 465 1432 492 Θεοῦ
1460 465 1507 492 τοῦ
1533 465 1662 502 ἀοράτου,
1679 467 1749 502 ἀλλ’,
1779 467 1834 500 ’ος

1038 512 1126 540 ἐστιν.

1076 557 1156 585 οὕτω
1171 557 1313 594 πανταχοῦ
1328 559 1361 594 τῇ
1375 558 1504 594 θεολογία
1526 558 1708 591 συνέζευκται
1728 558 1760 586 τὸ
1785 556 1836 594 ἦν,

1040 606 1089 632 καὶ
1101 605 1132 632 τδ
1143 604 1192 636 ὢν.
1207 604 1255 632 καὶ
1274 605 1304 631 τδ
1321 605 1464 640 ὑπάρχων,
1493 606 1540 631 καὶ
1565 605 1596 632 τὸ
1623 605 1710 633 ἔστιν.
1736 605 1839 637 Οὕτως

1041 651 1139 678 ἑαυτὸν
1151 651 1200 679 καὶ
1220 650 1261 687 τῷ
1278 651 1389 687 μεγάλῳ
1404 652 1508 688 Μωῦσῇ
1533 652 1723 688 διαλεγόμενος
1749 661 1838 687 προσυ

1040 697 1202 733 ηγόρευσεν,
1224 705 1233 723 ι
1258 695 1330 732 Ἐγώ
1344 696 1402 732 εἰμι
1415 697 1488 725 όῶν.
1507 707 1516 724 ι
1535 699 1589 725 Καὶ
1601 698 1693 731 πάλιν,
1731 708 1740 725 ι
1761 698 1837 727 τάδε

1041 743 1114 778 ἐρεῖς
1122 743 1178 775 τοῖς
1194 743 1263 774 υἱοῖς
1282 741 1392 778 Ἰσραήλ
1403 751 1411 758 ·
1431 751 1440 768 ι
1463 743 1494 770 '0
1507 743 1708 778 ὢνζάπέσταλκέ
1722 753 1757 778 με
1766 744 1839 779 πρὸς

1043 789 1127 824 ὑμᾶς.
1148 798 1157 814 ι
1186 788 1249 816 Ὀτι
1264 788 1292 815 δὲ
1316 790 1364 816 τοῦ
1382 788 1449 816 Υἱοῦ
1470 789 1558 816 ταῦτα
1588 790 1620 816 τὰ
1638 790 1748 825 ῥήματα
1764 798 1841 825 μειρ-

1043 834 1157 871 τυροῦσι
1175 834 1225 870 μὲν
1239 835 1286 861 καὶ
1302 835 1381 861 αὐτοὶ
1395 835 1446 871 τῆς
1473 835 1654 871 βλασφημίας
1677 837 1700 863 oi
1728 837 1841 872 πρόμα-

1044 890 1098 918 χοι,
1115 881 1260 917 ἀχώρητον
1279 881 1330 916 μὲν
1341 882 1387 908 τδν
1400 882 1514 917 Πατέρα
1527 882 1667 916 λέγοντες,
1683 882 1839 917 μεσίτηνδὲ

1042 927 1090 955 τοῦ
1105 927 1213 963 Πατρδς
1230 928 1277 955 καὶ
1290 929 1339 964 τῆς
1353 927 1470 959 κτίσεως
1478 928 1525 955 τὸν
1539 929 1603 955 Υίέιν
1619 928 1839 961 ἀποκαλοῦντες,

1044 972 1094 999 καὶ
1112 972 1266 1007 φάσκοντες
1280 973 1364 1000 αὑτὸν
1379 975 1437 1005 τοῖς
1448 975 1638 1010 πατριάρχαις
1653 983 1681 1001 τε
1706 974 1753 1001 καὶ
1780 975 1839 1006 τοῖς

1044 1020 1201 1054 προφήταις
1220 1020 1335 1056 ὀφθῆναί
1351 1028 1381 1047 τε
1396 1020 1445 1048 καὶ
1470 1020 1658 1056 διαλεχθῆναι.
1678 1020 1778 1056 Σαφῶς
1807 1021 1841 1048 δὲ

1044 1067 1120 1102 ἡμᾶς
1135 1066 1216 1098 αὐτὸς
1233 1067 1248 1093 ό
1271 1066 1339 1098 Θεὸς
1363 1066 1452 1100 Λόγος
1470 1067 1594 1094 διδάσκει
1624 1068 1670 1095 διὰ
1701 1068 1839 1104 Ἰερεμίου

1042 1112 1091 1139 τοῦ
1106 1113 1249 1148 προφήτου
1258 1113 1359 1147 λέγων,
1378 1122 1388 1139 ι
1416 1113 1462 1140 Ἐν
1488 1114 1549 1145 ταῖς
1563 1113 1681 1150 ἡμέραις
1704 1114 1839 1147 ἐκείναις,

1044 1159 1095 1186 καὶ
1109 1159 1139 1186 ὲν
1156 1158 1194 1195 τῷ
1207 1159 1296 1194 καιρῷ
1309 1159 1409 1194 ἐκείνῳ
1419 1159 1584 1195 διαθήσομαι
1600 1159 1638 1194 τῷ
1650 1159 1718 1195 οῐκῳ
1726 1160 1841 1196 Ἰσραὴλ

1045 1206 1092 1233 καὶ
1111 1205 1151 1240 τῷ
1166 1206 1233 1241 οἴκῳ
1246 1205 1333 1233 Ἰούδα
1349 1206 1489 1242 Διαθήκην
1505 1206 1616 1241 καινὴν,
1642 1207 1673 1233 οὺ
1688 1207 1760 1233 κατὰ
1785 1207 1839 1241 τὴν

1043 1252 1178 1288 διαθήκην
1209 1252 1243 1287 ἢν
1273 1251 1403 1288 διεθέμην
1432 1253 1488 1284 τοῖς
1516 1253 1654 1288 πατράσιν
1688 1253 1779 1279 αὐτῶν
1807 1254 1840 1279 ἐν

1044 1299 1138 1335 ἡμέρᾳ.
1156 1297 1360 1333 ἐπιλαϐομένου
1375 1307 1427 1333 μου
1441 1300 1492 1336 τῆς
1512 1299 1604 1334 χειρὸς
1631 1299 1721 1326 αὐτῶν
1739 1299 1842 1333 ἐξαγα-

1046 1347 1106 1381 γεῖν
1120 1346 1220 1377 αὐτοὺς
1235 1345 1267 1372 ὲκ
1282 1345 1334 1379 γῆς
1349 1345 1500 1380 Αἰγύπτου.
1523 1354 1532 1371 ι
1559 1346 1731 1380 Ζητήσωμεν
1745 1346 1840 1372 τοίνυν

1044 1392 1086 1424 τίς
1098 1392 1147 1428 τὴν
1160 1392 1256 1428 καινὴν
1269 1393 1336 1428 ἡμῖν
1349 1390 1489 1426 Διαθήκην
1499 1399 1506 1407 ·
1537 1391 1554 1427 ἢ
1573 1391 1654 1426 δῆλον
1676 1391 1781 1418 ἅπασιν
1797 1391 1838 1422 ὡς

1044 1438 1058 1465 ὸ
1072 1437 1212 1472 Δεσπότης
1243 1437 1362 1471 Χριστὸς
1389 1438 1491 1473 ταύτης
1512 1436 1572 1464 ἐστὶ
1593 1436 1732 1472 χορηγός;
1752 1435 1842 1467 Δὺτδς

1045 1484 1100 1520 γὰρ
1125 1485 1154 1511 ἐν
1176 1485 1234 1517 τοῖς
1270 1484 1356 1520 ἱεροῖς
1382 1484 1561 1519 Εὐαγγελίοις
1583 1484 1652 1520 βοᾷ·
1682 1492 1692 1509 ι
1717 1483 1841 1519 Ἐρρέθη

201 1519 244 1542 est
258 1517 379 1552 antiquis
397 1527 404 1546 :
423 1519 481 1547 Non
495 1521 616 1550 occides.
633 1522 695 1558 [Ego
708 1529 799 1552 autem
811 1525 875 1553 dico
894 1526 972 1554 vobis

1080 1517 1102 1562 ές
1117 1530 1251 1566 ἀρχαίοις,
1279 1517 1318 1558 σὺ
1346 1517 1505 1566 φονεύσεις·
1531 1517 1588 1564 ὲγὰι
1610 1517 1638 1556 δὲ
1662 1528 1736 1563 λέγω
1752 1517 1842 1565 -όμίνξ

204 1557 300 1587 Omnis
331 1562 378 1595 qui
403 1567 506 1591 temere
532 1557 758 1595 irasciturifratri
775 1576 837 1601 suo,
859 1577 924 1598 rcus
939 1572 994 1599 erit

203 1605 309 1639 judicii.
322 1606 428 1635 Dictum
440 1614 480 1636 est
497 1611 620 1646 antiquis
652 1621 660 1640 :
689 1612 749 1641 Non
776 1616 922 1650 pejerabis.
938 1617 994 1652 Ego

203 1656 296 1677 autem
323 1651 385 1678 dico
408 1653 509 1680 vobis:
538 1655 577 1682 Ne
599 1655 698 1691 juretis
723 1660 837 1688 omnino
848 1661 884 1688 ⁸³.
907 1671 917 1688 ι
960 1651 995 1691 ΕΙ.

203 1695 257 1723 alia
289 1696 385 1724 horum
416 1699 515 1727 similia
547 1703 716 1737 przescribit,
744 1705 788 1734 his
816 1712 896 1736 utens
925 1714 995 1741 (ver-

203 1742 246 1769 bis
275 1751 282 1769 :
306 1752 315 1768 ι
330 1742 437 1772 Dictum
459 1751 501 1774 est
519 1748 650 1784 antiquis,
671 1759 681 1776 ι
709 1751 737 1779 id
769 1760 820 1789 ego
834 1758 926 1782 autem
941 1755 994 1783 hoc

205 1788 292 1816 dico:
316 1790 356 1817 sic
379 1795 469 1819 autem
493 1793 610 1828 impero,
633 1803 688 1824 non
701 1802 730 1824 ut
750 1788 818 1826 latas
841 1799 897 1835 jam
921 1801 995 1838 leges

204 1840 327 1864 evertam
356 1841 384 1864 et
399 1838 542 1874 abrogem,
570 1842 619 1870 sed
638 1848 668 1870 ut
693 1851 740 1873 eas
754 1845 890 1884 stabiliam
912 1853 995 1884 atque

205 1882 376 1918 conﬁrmem,
390 1893 418 1912 et
429 1893 482 1920 qua
492 1887 597 1915 ratione
608 1888 784 1919 observandae
794 1882 860 1926 sint,
869 1882 995 1922 doceam.

205 1927 313 1956 Novum
341 1937 405 1966 ergo
429 1935 623 1962 testamentum
649 1936 744 1964 tribuit
763 1938 843 1966 nobis
863 1938 995 1968 Dominus

203 1972 352 2008 Christus;
378 1976 426 2011 qui
455 1982 547 2005 autem
564 1979 615 2007 hoc
638 1981 745 2015 tribuit,
774 1983 798 2011 is
815 1989 896 2013 vetus
911 1986 993 2014 etiam

204 2019 280 2048 dedit
308 2020 402 2049 Israeli
430 2028 494 2058 post
515 2024 576 2059 ejus
589 2026 781 2056 liberationem
806 2037 841 2058 ex
867 2031 995 2067 Egypto.

203 2065 256 2098 Qui
283 2075 349 2095 vero
365 2068 434 2097 illud
461 2070 550 2105 dedit,
561 2076 589 2100 et
609 2074 740 2109 populum
776 2076 811 2104 ab
839 2065 997 2114 ngpliaca

203 2113 334 2142 servitute
349 2115 485 2150 liberavit,
503 2117 563 2153 ipse
574 2119 703 2148 nimirum
717 2121 818 2150 Mosem
832 2124 864 2151 ad
873 2113 998 2154 Pharao-

204 2167 267 2187 nem
294 2161 382 2195 misit,
417 2162 475 2198 ipse
510 2164 600 2192 dixit:
622 2165 707 2194 «Haec
721 2168 795 2196 dices
812 2169 874 2197 ﬁliis
887 2171 969 2199 Israel
988 2182 995 2201 :

1047 1575 1327 1611 Πάςὸὀργιζόμενος
1341 1575 1382 1612 τῷ
1405 1575 1513 1611 ἀδελφῷ
1538 1574 1621 1602 αὑτοῦ
1648 1574 1709 1609 εικῆ
1741 1573 1838 1609 ἔνοχος

1046 1621 1124 1649 ἔσται
1139 1623 1172 1657 τῇ
1188 1621 1289 1656 κρίσει.
1309 1621 1426 1657 Ἐρρέθη
1437 1622 1494 1653 τοῖς
1512 1621 1647 1657 ἀρχαίοις,
1663 1620 1723 1646 Οὐκ
1740 1621 1842 1655 ὲπιορυ

1045 1668 1159 1703 κήσεις,
1177 1667 1233 1703 ἐγὼ
1247 1667 1276 1695 δὲ
1296 1667 1368 1702 λέγω
1397 1667 1472 1702 ὑμῖν,
1490 1667 1528 1702 μὴ
1545 1667 1643 1702 ὀμόσαι
1659 1666 1739 1697 ὅλως.
1758 1675 1767 1691 ι
1785 1666 1842 1691 Καὶ

1046 1712 1131 1740 τάλλα
1155 1713 1183 1740 δὲ
1212 1712 1315 1748 ὁμοίως
1343 1712 1463 1748 τίθησιν,
1489 1713 1530 1740 ὅτι
1562 1712 1664 1748 ὲρῤέθη
1697 1712 1747 1746 μὲν
1767 1711 1842 1744 τόδε,

1049 1759 1106 1794 ιγὼ
1123 1759 1151 1786 δὲ
1163 1759 1242 1787 τοῦτο
1252 1758 1365 1786 τοιῶσδε
1381 1759 1532 1794 νομοθετῶ,
1552 1760 1602 1785 οὐκ
1616 1757 1783 1793 ἀνατρέπων
1795 1759 1844 1785 τὸν

1046 1807 1174 1842 κείμενον
1192 1795 1285 1841 νόμον,
1306 1805 1365 1833 ἀλλ’
1381 1805 1584 1841 ἀκριϐεστέραν
1615 1805 1665 1839 τὴν
1697 1804 1844 1832 νουθεσίαν

1047 1852 1144 1886 ποιῶν,
1161 1852 1207 1880 καὶ
1219 1854 1269 1888 τῆς
1284 1851 1409 1888 φυλακῆς
1432 1851 1477 1878 τδν
1494 1851 1594 1888 τρόπον
1619 1850 1765 1878 διδάσκων,
1784 1851 1844 1886 Τὴν

1048 1900 1112 1927 νέαν
1128 1899 1221 1926 τοίνυν
1239 1899 1305 1935 ἡμῖν
1317 1898 1459 1934 Διαθήκην
1473 1898 1487 1925 ό
1502 1898 1642 1935 Δεσπότης
1655 1897 1757 1925 δέδωκε
1771 1898 1846 1934 Χρι-

1048 1944 1122 1975 στός.
1144 1943 1175 1972 Ὀ
1189 1943 1218 1971 δὲ
1243 1944 1347 1979 ταύτην
1359 1943 1556 1979 παρεσχηκὼς.
1578 1943 1626 1971 καὶ
1645 1943 1696 1977 τὴν
1718 1942 1846 1970 παλαιὰν

1050 1989 1122 2026 μετὰ
1151 1990 1203 2025 τὴν
1233 1990 1283 2026 τῆς
1314 1989 1457 2024 Αἰγύπτου
1492 1988 1654 2025 ἀπαλλαγὴν
1677 1988 1780 2015 δέδωκε
1804 1989 1846 2023 τῷ

1053 2037 1176 2074 Ἰσραήλ.
1194 2037 1224 2064 '0
1235 2037 1361 2068 δεδωκὼς
1375 2036 1403 2064 δὲ
1416 2037 1536 2070 εκείνην,
1553 2036 1600 2063 καὶ
1622 2037 1673 2070 τῆς
1688 2035 1846 2068 Δίγυπτια-

1048 2085 1101 2120 κῆς
1116 2083 1276 2116 ἀπαλλάξας
1289 2083 1425 2115 δουλείας,
1454 2083 1538 2114 αὐτὸς
1552 2081 1698 2109 ἀπέστειλε
1713 2081 1845 2116 δηλονότι

1050 2130 1118 2166 πρὸς
1129 2129 1230 2165 Φαραὼ
1243 2129 1289 2156 τὸν
1306 2127 1427 2156 Μωῠσέα
1439 2136 1446 2143 ’
1461 2127 1543 2159 αὐτὸς
1557 2124 1631 2159 εῐπε,
1652 2135 1661 2152 ι
1680 2126 1750 2153 Τάδε
1767 2126 1847 2161 ἐρεῖς

1049 2177 1105 2208 τοῖς
1121 2176 1189 2208 υἱοῖς
1197 2174 1316 2211 Ἰσραὴλ,
1338 2173 1369 2202 '0
1380 2174 1418 2201 ὢν
1431 2173 1588 2200 ἀπέσταλκέ
1606 2181 1641 2208 με
1655 2171 1724 2208 πρὸς
1736 2172 1844 2207 ὑμᾶς..

204 2205 255 2239 Qui
271 2212 323 2240 est,
335 2208 409 2236 misit
421 2217 464 2236 me
475 2209 509 2237 ad
522 2218 580 2238 vos.
593 2220 602 2237 ι
620 2211 678 2240 Hoc
701 2218 792 2242 autem
807 2220 835 2243 et
846 2216 909 2245 alibi
917 2218 972 2246 ἔτι-ε

1080 2205 1134 2248 ιθτο
1153 2205 1186 2248 δέ
1205 2205 1252 2249 καὶ
1274 2205 1389 2256 ἑτέρωθι
1409 2219 1547 2255 Ἱερεμίας
1560 2219 1574 2245 ὁ
1595 2205 1741 2254 προφήτης
1756 2205 1848 2251 σαφὲς

206 2252 274 2279 mias
310 2254 422 2288 planum
449 2255 539 2283 facit:
579 2256 664 2291 «Hic,
694 2268 704 2286 ι
732 2260 871 2296 inquiens,
898 2265 994 2293 «Deus

205 2303 310 2331 noster,
328 2304 355 2327 et
374 2307 429 2327 non
449 2303 653 2337 comparabitur
674 2305 742 2334 alter
776 2315 837 2335 cum
853 2317 896 2337 eo.
914 2310 994 2339 Inve-

205 2345 244 2371 nit
271 2349 379 2373 omnem
395 2347 466 2374 viam
493 2348 627 2382 scientias,
649 2355 676 2378 et
702 2351 777 2380 dedit
803 2354 877 2382 illam
911 2355 994 2384 Iacob

205 2398 290 2425 puero
304 2400 365 2424 suo,
381 2398 409 2420 et
425 2394 632 2424 lsraelidilecto
647 2405 708 2426 suo.
724 2399 790 2428 Post
803 2400 861 2429 haec
873 2402 901 2430 in
917 2408 991 2432 terra

206 2437 281 2464 visus
294 2443 346 2470 est,
358 2443 387 2466 et
403 2446 465 2467 cum
489 2441 646 2472 hominibus
660 2451 839 2475 conversatus
849 2449 884 2477 “.
905 2458 916 2476 ›

241 2540 281 2567 ΑΙ)
297 2548 330 2568 eo
356 2541 430 2577 quod
445 2543 581 2577 posterius
597 2550 642 2575 est
655 2547 832 2583 incipientes,
849 2551 993 2587 propheti-

206 2593 269 2614 cum
286 2594 398 2616 sensum
424 2589 657 2627 investigabimus.
691 2594 793 2630 Ecquis
817 2596 872 2630 ille,
903 2599 991 2634 quiin

206 2636 278 2660 term
313 2634 388 2662 visus
412 2639 465 2667 est,
493 2641 598 2665 etcum
615 2638 773 2669 hominibus
794 2647 836 2670 est
851 2646 995 2674 versatus?

206 2679 279 2708 Deus
309 2680 433 2715 profecto
453 2681 582 2717 Verbum,
605 2689 636 2712 ut
669 2687 797 2715 omnibus
819 2695 910 2718 mente
933 2692 995 2727 qui-

205 2727 267 2755 dem
276 2727 396 2761 praeditis
403 2733 486 2762 natet,
499 2730 547 2766 qui
557 2734 813 2767 naturamqnostram
825 2738 990 2773 assumpsit,

1046 2269 1128 2296 ποιεῖ.
1149 2265 1249 2299 «Οὗτος
1261 2267 1344 2302 γάρ,›
1363 2265 1458 2301 φησὶ),
1483 2274 1492 2292 ι
1503 2266 1517 2292 ὁ
1530 2265 1597 2296 Θεὸς
1611 2264 1703 2300 ἡμῶν,
1715 2264 1746 2290 οὑ
1765 2263 1846 2297 101n-

1046 2315 1177 2351 σθήσεται
1194 2314 1289 2349 ἕτερος
1306 2313 1375 2348 πρὸς
1405 2313 1498 2340 αὐτόν.
1533 2311 1642 2361 Ἐξεῦρε
1655 2311 1756 2361 ’πᾶσαν

1050 2361 1221 2396 ἐπιστήμης,
1243 2361 1292 2387 καὶ
1318 2359 1418 2386 ἔδωκεν
1448 2359 1536 2394 αὐτὴν
1569 2357 1676 2406 Ἰακὼσ.
1692 2356 1733 2406 τῷ
1763 2355 1846 2406 ’παιδὶ

1046 2406 1144 2439 αὐτοῦ,
1171 2406 1219 2433 καὶ
1251 2405 1360 2441 Ἰσραὴλ
1395 2405 1435 2440 τῷ
1466 2403 1639 2440 ἠγαπημένῳ
1665 2401 1713 2429 ὑπ’
1742 2401 1843 2428 αὑτοῦ.

1049 2453 1128 2482 Μετά
1143 2452 1232 2480 ταῦτα
1243 2452 1290 2479 ἐπὶ
1303 2451 1354 2487 τῆς
1367 2451 1418 2487 γῆς
1435 2450 1527 2486 ὤφθη,
1539 2450 1586 2478 καὶ
1608 2451 1666 2481 τοῖς
1679 2448 1841 2484 ἀνθρώποις

1049 2497 1267 2533 συνανεστράφη.
1274 2498 1294 2524 ἰ

1084 2544 1213 2572 κάτωθεν
1225 2543 1315 2570 τοίνυν
1328 2541 1476 2578 ἀρξάμενοι
1490 2542 1540 2577 τὴν
1568 2540 1741 2578 προφητικὴν
1754 2540 1846 2567 ἔννοι-

1047 2599 1081 2618 αν
1104 2590 1306 2625 ὲρευνήσωμεν.
1336 2588 1385 2620 Τίς
1408 2589 1423 2615 ὀ
1452 2587 1500 2614 ἐπὶ
1526 2587 1576 2623 τῆς
1590 2587 1644 2622 γῆς
1662 2586 1769 2621 ὀφθεὶς,
1795 2587 1844 2614 καὶ

1047 2637 1106 2668 τοῖς
1134 2636 1290 2672 ἀνθρώποις
1313 2634 1572 2670 συναναστραφείςς
1596 2633 1715 2668 Εὔδηλον
1743 2635 1842 2665 πᾶσιν,

1047 2683 1086 2715 ὡς
1116 2680 1206 2718 οἶμαι,
1225 2683 1282 2714 τοῖς
1304 2690 1337 2716 γε
1377 2680 1439 2708 νοῦν
1468 2680 1576 2716 ἔχουσιν
1604 2680 1618 2706 ὁ
1647 2679 1714 2710 Θεὸς
1744 2679 1843 2712 Λόγος,

1047 2728 1096 2764 τὴν
1127 2727 1266 2764 ἡμετέραν
1295 2727 1376 2762 φύσιν
1402 2725 1556 2758 ἀναλαϐὼν,
1585 2724 1599 2750 ὁ
1629 2724 1668 2759 μὴ
1693 2724 1846 2759 ἁρπαγμὸν

243 2814 365 2859 'ZnHebr.
384 2818 442 2859 k3,
480 2819 504 2835 "
517 2819 617 2859 Eliilip.
633 2827 665 2856 lt,
680 2821 707 2850 6.
746 2821 768 2838 "
782 2823 840 2853 Col.
855 2832 872 2858 ι,
887 2825 931 2853 15.
970 2828 972 2841 ¹

1081 2846 1087 2853 .
1102 2833 1141 2859 ιιι,
1157 2825 1198 2853 ιι.
1229 2825 1250 2841 ⁶¹
1265 2824 1332 2852 ibid.
1350 2823 1392 2852 l5.
1423 2824 1446 2840 "
1460 2822 1518 2851 Jer.
1533 2828 1607 2853 xxxi.
1621 2820 1666 2848 3i.
1704 2819 1728 2836 "
1745 2819 1845 2848 Matth.

208 2859 235 2885 v,
252 2851 294 2880 12.
333 2852 355 2869 "
384 2853 446 2885 Bar.
463 2862 504 2888 ιιι,
522 2851 617 2884 36-58.
