1893 3081
225 110 259 140 95

845 114 1036 145 ΕυἸἮΥΜΠ
1057 115 1238 146 ZlGABENI

1826 114 1865 145 96

225 168 303 196 Pater
312 169 344 196 "’.
352 178 360 194 ι
371 168 411 196 Et:
419 168 562 204 «Spiritus,
571 169 668 204 inquit.
677 170 739 199 vita:
748 170 872 199 liberavit
881 180 923 200 me
932 179 946 200 a
956 173 1014 208 lege

1093 182 1112 204 »ς
1130 173 1222 206 πάλιν,
1242 182 1251 199 ι
1268 173 1308 205 είς
1324 172 1417 207 φόϐον,
1430 171 1489 199 ἀλλ’
1502 171 1635 208 ἐλάϐομεν
1651 172 1764 207 Πνεῦμα
1798 171 1865 197 υἱο-

225 216 327 250 pvcrati
343 220 370 242 et
385 215 538 243 πηοί-ήδη.»
557 214 590 243 Ει
604 215 668 244 alibi
682 224 689 243 :
708 216 856 244 «Dominus
870 222 961 245 autent
972 223 1014 245 est

225 262 356 296 Spiritus.
371 263 416 289 ubi
430 266 520 290 autem
535 262 654 297 Spiritus
674 264 793 297 Domini.
821 264 858 292 ibi
888 264 1012 292 libertas.

224 307 283 335 Jam
299 309 344 343 qui
363 309 431 336 alios
448 309 549 337 liberos
562 309 661 342 re-ldit,
688 309 747 345 ipse
759 318 814 337 non
842 311 927 338 servit
940 311 974 338 “.
1000 320 1011 338 ι

225 354 367 387 Quomodo
381 355 454 382 enim
472 355 610 382 conservis
625 355 759 388 dedisset,
777 357 850 390 quod
878 358 935 391 ipsc
958 365 1013 384 non

226 401 319 433 habet,
331 401 402 435 quod
434 401 542 435 assequi
573 402 678 436 nequit,
697 410 752 436 quo
782 402 834 430 frui
862 403 938 437 cupit
969 403 1014 430 ille

225 447 346 481 quidem,
367 447 413 474 sed
428 455 482 474 non
499 448 610 482 potest?
625 446 675 481 Qui
701 448 856 476 libertatem
873 449 1013 477 credenti-

225 494 277 521 bus
294 493 435 528 ehi-gitur,
469 498 497 521 et
515 494 666 522 servientes
676 494 776 522 liberos
791 495 885 528 etlicit,
900 495 924 524 is
950 503 1014 531 pro-

227 539 298 567 fecto
316 547 370 566 non
387 539 482 572 servit,
500 539 548 566 sed
565 539 736 571 dominatur.
751 545 779 568 et
792 541 854 575 jure
886 541 1012 569 domina-

226 589 282 616 tus,
295 593 364 620 quos
375 586 442 616 vult,
455 585 582 614 libertate
592 585 685 613 donat.
702 586 885 619 Quamobrem
898 591 927 614 et
943 587 1009 615 bea-

226 636 269 658 tus
284 630 400 658 Paulus:
419 630 505 664 «Haec,
519 631 619 665 inquit,
631 631 722 658 omnia
737 636 865 667 operatur
880 640 952 660 unus
971 637 1014 660 at-

225 683 278 710 que
287 676 357 703 idem
371 676 498 711 Spiritus,
508 676 633 704 dividens
657 677 814 712 unicuique
826 677 1013 712 peculiariter.

226 723 266 750 uti
279 723 376 750 vult".
384 733 393 749 I
404 722 507 751 Idcirco
516 728 545 750 et
556 724 688 758 propheta
696 723 724 750 in
733 722 826 751 Veteri
834 723 1014 751 Testamento

226 772 390 803 potestatem
405 769 492 804 ipsius
506 769 664 804 signiﬁcans
674 769 814 797 clamabat
832 779 838 797 :
856 779 866 796 ι
881 770 1014 797 Dominus

225 814 300 841 misit
315 822 369 847 me,
382 819 408 841 et
424 815 544 849 Spiritus
561 814 620 849 ejus
635 814 681 842 τι.)
705 815 738 843 Et
754 816 826 843 Deus
842 815 951 843 Judtcos
967 824 1013 843 aco

224 860 487 892 cusansuFecistis,
502 860 601 896 inquit.
617 861 773 894 consilium,
787 863 833 889 sed
848 869 901 889 non
917 869 1017 889 secun—

224 905 289 934 dum
308 913 359 936 tne,
375 910 402 932 et
410 905 521 937 hedera,
540 907 587 933 sed
600 914 653 933 non
669 914 716 942 per
728 906 861 942 Spiritum
875 915 966 934 meum
990 915 1014 935 ε»

225 951 254 979 in
269 959 322 987 quo
338 953 442 980 socium
455 952 561 987 imperii
574 952 705 988 Spiritum
718 957 843 981 sanctum
868 961 931 981 esse
968 953 1017 980 de-

224 997 318 1024 clarat.
346 997 379 1024 Et
409 997 464 1024 alio
476 997 535 1024 loco
550 1006 558 1025 :
576 1007 585 1023 ι
601 997 656 1025 Cur
672 1005 734 1032 ego,
759 997 860 1032 inquit,
875 998 1018 1025 vobiscum

224 1043 306 1071 sum?
321 1044 354 1070 Et
366 1043 484 1078 Spiritus
496 1051 573 1071 meus
593 1045 717 1071 constitit
735 1044 762 1071 in
780 1044 870 1071 medio
885 1043 969 1071 vestri
981 1044 993 1070 ἲ
1005 1053 1015 1070 ι

225 1090 262 1117 At
273 1089 323 1117 .Inb
340 1091 498 1117 ell'cctorcm
512 1090 603 1125 ipsum
613 1095 642 1118 et
665 1091 827 1125 principem,
850 1098 905 1117 non
919 1095 1012 1117 autem

225 1135 394 1166 ministrum,
412 1140 459 1162 aut
485 1134 586 1161 factum
599 1135 733 1162 credens:
747 1145 756 1161 ι
776 1135 904 1170 Spiritus,
920 1135 1017 1170 inquit,

227 1181 335 1208 divinus
345 1180 408 1207 fecit
419 1186 500 1213 me,et
514 1180 801 1216 ﬂatusOmnipotentis
816 1182 912 1208 edocet
921 1182 998 1208 me".
1006 1190 1016 1207 ι

227 1226 305 1259 Quod
327 1227 350 1255 si
384 1228 530 1255 humanam
562 1233 688 1255 naturam
707 1227 856 1255 fabricatus
874 1234 926 1260 est,
943 1235 1019 1255 eam-

226 1273 299 1304 dem,
316 1281 396 1307 quam
414 1274 493 1301 Pater
504 1278 531 1301 et
548 1273 642 1305 Filius,
658 1273 805 1300 cssuntiam
836 1273 927 1300 habet.
951 1272 1018 1300 Nam

225 1325 287 1345 cum
305 1319 441 1347 hominem
454 1320 557 1347 faceret
572 1320 660 1348 Deus:
679 1320 847 1351 «Faciamus,
858 1319 957 1354 inquit,
975 1319 1024 1346 ho-

226 1364 326 1392 minem
352 1365 385 1392 ad
401 1366 544 1400 imaginem
558 1370 586 1393 et
612 1366 818 1393 similitudinem
835 1371 955 1393 nostram
971 1365 1021 1392 τ’.»

227 1409 349 1442 Quorum
372 1416 464 1439 autem
486 1420 540 1439 una
566 1417 608 1439 est
637 1412 735 1448 imago,
769 1419 866 1439 corum
895 1410 1023 1446 profecto

229 1463 282 1483 una
300 1463 343 1484 est
358 1458 440 1485 etiam
454 1460 586 1487 essentia.

228 1503 307 1532 εἶπεν
350 1507 365 1533 6
396 1507 474 1539 Θεὸς,
495 1516 504 1533 ι
523 1508 684 1543 Ποιήσωμεν
713 1508 859 1544 ἄνθρωπον
880 1506 943 1534 κατ’
961 1505 1053 1532 είκόνα

227 1553 331 1581 τούτων
349 1554 473 1588 δηλονότι
489 1556 536 1582 καὶ
552 1557 568 1590 ἡ
578 1556 661 1582 οὐσία
674 1556 735 1591 μία.

229 1610 340 1648 “eruite
350 1611 440 1641 Patre,
460 1617 486 1639 et
501 1612 581 1644 Filio,
600 1618 624 1639 et
649 1613 751 1648 Spiritu
772 1618 863 1640 sancto
891 1613 1014 1640 distincta
1029 1603 1050 1631 (ἶ

247 1646 363 1673 simulet
387 1648 461 1674 unita
490 1649 638 1675 diuinitatis
663 1646 742 1676 ratio.
764 1648 857 1676 Sancti
879 1648 1002 1675 Maximi.

266 1727 341 1755 Unus
357 1727 439 1761 Deus,
457 1729 538 1756 unius
553 1728 613 1756 Filii
632 1730 730 1757 Pater:
744 1734 771 1757 et
794 1729 914 1765 Spiritus
940 1730 1022 1757 unius

230 1775 315 1803 sancti
334 1775 406 1808 fons,
422 1776 513 1802 unitas
530 1776 641 1803 minime
662 1776 787 1809 confusa,
801 1781 828 1803 et
840 1777 955 1803 minime
981 1776 1022 1803 di-

230 1821 287 1849 visa
307 1821 435 1849 Trinitas.
455 1821 529 1849 Meus
545 1822 605 1849 sine
626 1823 769 1858 principio,
784 1823 951 1851 soliussolus
974 1831 1022 1858 per

229 1869 375 1896 essentiam
398 1868 477 1895 Verbi
494 1868 632 1903 principio
645 1870 763 1897 carentis
780 1869 905 1898 Genitor.
930 1870 963 1897 Et
977 1876 1023 1896 so-

232 1914 286 1942 lius
299 1921 408 1942 aeternae
418 1914 480 1941 vita:
510 1915 630 1950 Spiritus
648 1916 735 1943 sancti
762 1915 833 1944 lous.

566 1961 705 1996 Ejusdem.

270 2006 346 2034 Unus
363 2007 443 2041 Deus,
459 2009 588 2044 quoniam
607 2016 660 2035 una
692 2008 822 2036 divinitas
855 2008 982 2044 simplex,
995 2013 1024 2037 et

232 2050 291 2079 sine
311 2053 456 2088 principio,
476 2059 503 2082 et
519 2055 672 2090 partitionis
701 2058 729 2082 et
746 2055 891 2082 divisionis
914 2063 1021 2090 expers.

233 2098 266 2124 Fit
282 2103 337 2126 tota
353 2099 472 2127 Trinitas
487 2101 692 2134 eadem,unitas
701 2107 756 2129 tota
765 2102 914 2129 secundum
929 2110 1024 2130 essen-

231 2143 295 2170 tiam
310 2143 416 2172 eadem.
445 2144 478 2172 Et
505 2145 626 2173 Trinitas
640 2151 694 2173 tota
720 2146 870 2173 secundum
893 2153 1024 2182 personas

230 2189 338 2217 eadem.
358 2186 448 2223 Pater,
467 2196 495 2218 et
511 2191 605 2222 Filius.
632 2196 660 2219 et
683 2191 805 2227 Spiritus
830 2196 942 2219 sanctus
964 2192 1023 2227 ipsa

232 2234 363 2262 Divinitas
377 2240 429 2263 est.
443 2236 476 2263 Et
488 2236 515 2263 in
533 2236 621 2268 Patre,
634 2241 662 2264 et
674 2236 754 2269 Filio,
768 2242 795 2264 et
805 2236 908 2272 Spiritu
929 2242 1024 2265 sancto

1064 219 1167 251 θεσίας,
1183 220 1212 246 ἐν
1226 216 1249 253 ᾧ
1263 219 1413 254 κράζομεν,
1432 218 1518 246 Ἀὅὸᾶ
1536 220 1550 246 6
1563 219 1684 254 Πατήρ.»
1698 219 1754 247 Καὶ
1768 218 1862 245 ἀλλα-

1063 264 1124 300 χοῦ·
1143 274 1152 290 ι
1164 264 1194 292 Ὀ
1206 264 1261 300 γὰρ
1278 265 1362 299 νόμος
1372 264 1419 291 τοῦ
1437 265 1597 300 Πνεύματος
1607 266 1658 300 τῆς
1673 265 1746 300 ζωῆς
1771 265 1864 300 ἠλευ-

1064 311 1168 346 Θέρωσι
1183 319 1217 346 με
1233 310 1288 337 ἀπὸ
1303 309 1350 337 τοῦ
1365 311 1448 344 νόμου
1475 310 1524 344 τῆς
1553 310 1705 345 ἁμαρτίας,
1731 310 1782 337 καὶ
1813 309 1863 335 τοῦ

1064 356 1191 384 ﬂava-raw
1213 366 1222 383 ι
1237 356 1284 383 καὶ
1302 356 1446 391 ἑτέρωθεν·
1466 365 1475 382 ι
1495 355 1525 382 ⁸0
1538 355 1566 382 δέ
1584 355 1686 390 Κύριος
1695 357 1725 382 τὸ
1741 354 1862 390 Πνεῦμα

1065 403 1148 429 ἐστιν.
1169 399 1207 429 Οῦ
1220 402 1248 428 δέ
1275 401 1305 428 τὸ
1330 402 1442 436 Πνεῦμα
1463 402 1580 437 Κυρίου,
1597 403 1654 428 ἐκεῖ
1667 401 1828 437 ἐλευθερῖα.
1849 410 1859 426 ι

1064 445 1101 472 Τὸ
1115 445 1144 472 δέ
1155 446 1219 476 τοὺς
1234 445 1331 477 ἄλλους
1344 445 1506 480 ἐλευθεροῦν
1523 446 1553 472 οὐ
1569 446 1699 472 δουλεύει.
1724 446 1792 478 Πῶς
1804 446 1861 481 γὰρ

1065 490 1098 517 ἃν
1105 491 1160 522 τοῖς
1167 490 1321 525 ὁμοδούλοις
1334 490 1462 525 μεταδοίη
1474 487 1504 516 οῦ
1520 490 1557 526 μὴ
1568 490 1689 525 μετέχει,
1706 487 1736 517 οῦ
1759 491 1862 525 τυχεῖν

1064 535 1114 562 οὐκ
1135 534 1238 571 ἰσχύει,
1252 530 1283 562 οῦ
1299 535 1451 562 ἀπολαῦσαι
1480 535 1605 570 βούλεται
1621 535 1669 570 μὲν
1684 536 1720 567 ὡς
1728 536 1820 568 εἰκὸς,
1834 536 1865 562 ο)

1066 581 1179 608 δυνά-ται
1187 581 1232 614 δέ;
1247 581 1278 607 El
1291 581 1319 607 δέ
1327 580 1487 616 μεταδίδωσι
1495 582 1553 613 τοῖς
1563 581 1738 609 πιστεύουσιν
1747 581 1866 608 ἐλευθε-

1066 627 1138 663 ρίας,
1147 627 1194 653 καὶ
1202 627 1340 659 ἐλευθεροῖ
1348 626 1411 657 τοὺς
1427 626 1612 660 δουλεύοντας,
1627 627 1657 654 οὐ
1666 627 1792 654 δουλεύει
1818 628 1866 661 δη-

1064 673 1162 705 λονότι,
1172 672 1240 700 ἀλλὰ
1253 672 1393 706 δεσπόζει,
1401 673 1449 700 καὶ
1461 673 1629 705 δεσποτικῶς
1636 673 1687 708 τὴν
1702 673 1866 708 ἐλευθερίαν

1064 716 1105 751 οἷς
1118 719 1208 745 ἐθέλει
1227 719 1386 754 χαρίζεται.
1406 719 1452 745 Διὸ
1469 719 1518 746 καὶ
1531 719 1545 745 6
1560 719 1700 754 μακάριος
1713 720 1768 754 ἔφη
1786 719 1866 745 Παῦ-

1065 765 1110 797 λος
1123 766 1164 792 ὅτι
1182 774 1192 791 ι
1210 765 1304 792 Ταῦτα
1319 765 1407 792 πάντα
1428 765 1537 800 ἐνεργεῖ
1561 765 1591 792 τὸ
1619 765 1649 792 ἐν
1665 765 1713 792 καὶ
1728 765 1760 791 τὸ
1794 765 1866 791 αὐτὸ

1068 811 1191 846 Πνεῦμα,
1210 811 1336 846 διαιροῦν
1359 811 1468 846 ἑκάστῳ
1497 811 1562 846 ἰδίᾳ,
1577 810 1668 842 καθὼς
1687 810 1833 845 βούλεται.
1855 819 1864 836 ι

1033 847 1054 874 Β
1072 856 1120 883 Διὸ
1129 857 1176 883 καὶ
1189 857 1203 882 ὸ
1217 857 1360 892 προφήτης
1373 857 1403 882 ἐν
1417 858 1450 892 τῇ
1469 856 1577 892 Παλαιᾷ
1587 857 1637 892 τὴν
1657 856 1795 889 ἐξουσίαν
1813 858 1865 884 αὖ-

1066 902 1114 928 τοῦ
1126 901 1270 936 κηρύττων
1283 901 1348 928 ἐϐόα
1364 909 1372 917 ⁸
1389 900 1507 936 (Κύριος
1525 901 1681 928 ἀπέσταλκέ
1699 910 1745 936 με,
1760 903 1812 929 καὶ
1835 902 1865 928 τὸ

1069 947 1183 982 Πνεῦμα
1206 947 1300 974 αὐτοῦ.
1316 957 1326 973 ι
1349 947 1405 974 Καὶ
1419 948 1433 974 6
1445 947 1512 979 Θεὸς
1539 948 1596 979 τοῖς
1617 948 1758 978 Ἰουδαίοις
1777 949 1867 982 ἐγχα-

1067 993 1132 1027 λῶν,
1149 1002 1160 1019 ι
1177 992 1347 1028 Ἐποιήσατε,
1362 1002 1371 1019 ι
1388 993 1465 1029 φησι.
1482 1003 1491 1019 ι
1510 992 1617 1028 βουλὴν,
1628 994 1675 1019 καὶ
1689 993 1765 1028 οὖξδι⁹
1781 994 1864 1028 ἐμοῦ,

1070 1041 1117 1067 καὶ
1133 1040 1281 1072 συνθήκας,
1305 1039 1353 1065 καὶ
1380 1041 1411 1066 οὐ
1437 1039 1481 1066 διὰ
1511 1039 1559 1066 τοῦ
1585 1038 1745 1074 Πνεῦματὸς
1765 1049 1833 1075 μου,
1853 1050 1862 1065 ι

1069 1086 1199 1113 κοινωνὸν
1210 1087 1262 1121 τῆς
1275 1085 1436 1117 δεσποτείας
1445 1085 1554 1116 δεικνὺς
1560 1086 1590 1112 τὸ
1605 1086 1717 1121 Πνεῦμα
1726 1086 1756 1112 τὸ
1771 1086 1865 1120 ἅγιονο

1069 1133 1116 1159 καὶ
1153 1131 1297 1167 ἑτέρωθεν·
1318 1141 1327 1156 ι
1349 1131 1423 1157 Διότι
1450 1130 1516 1164 ἐγὼ,
1536 1140 1545 1156 ι
1563 1131 1657 1166 φησὶν,
1680 1141 1690 1157 l-
1704 1132 1765 1166 είμὶ
1804 1132 1865 1167 μεθ’

1069 1176 1158 1212 ὑμῶν,
1169 1177 1218 1203 καὶ
1227 1177 1258 1203 τδ
1273 1176 1385 1211 Πνεῦμα
1395 1185 1446 1212 μου
1458 1177 1609 1212 ἐφέστηκεν
1619 1178 1648 1204 ἐν
1656 1178 1730 1212 μέσῳ
1741 1178 1836 1213 ὑμῶν.
1855 1188 1864 1204 ι

1071 1222 1127 1248 Καὶ
1142 1223 1157 1248 6
1192 1221 1253 1248 ’1ὼὸ
1277 1222 1316 1253 δὲ,
1344 1221 1512 1257 δημιουργὸν
1543 1222 1608 1248 αὐτὸ
1626 1221 1674 1248 καὶ
1698 1222 1866 1249 δεσποτικίν

1073 1267 1223 1300 πιστεύων,
1256 1267 1315 1294 ἀλλ’
1346 1268 1395 1302 οὐχ
1409 1267 1588 1302 ὑπουργικδν,
1607 1276 1617 1293 ι
1636 1268 1674 1294 Οὐ
1686 1268 1741 1302 γὰρ
1753 1269 1867 1303 ποίημα

1074 1316 1188 1351 Πνεῦμα
1210 1316 1292 1348 Θεῖον,
1311 1325 1320 1342 ι
1342 1316 1422 1350 φησὶ,
1440 1325 1450 1342 ι
1468 1315 1499 1343 τὸ
1514 1315 1631 1350 ποιῆσάν
1658 1323 1703 1349 με,
1735 1315 1813 1349 πνοὴ
1840 1314 1867 1341 δὲ

1075 1361 1298 1397 Παντοκράτορος
1318 1361 1335 1397 ἡ
1353 1361 1518 1388 διδάσκουσα
1533 1369 1594 1396 με.»
1608 1361 1639 1387 Εἰ
1652 1360 1739 1395 δὲτὴν
1757 1359 1863 1395 ἀνθρω⁴

1074 1408 1156 1434 πείαν
1183 1407 1388 1443 ἐδημιούργησε
1402 1407 1495 1442 φύσιν,
1524 1407 1574 1442 τὴν
1592 1408 1678 1441 αὐτὴν
1691 1407 1789 1433 οὐσίαν
1810 1407 1867 1440 ἔχει

1075 1454 1164 1490 Πατρὶ¹
1188 1454 1234 1480 καὶ
1253 1453 1321 1489 Υἱῷ.
1341 1454 1387 1480 Ἐν
1417 1454 1471 1489 γὰρ
1486 1454 1518 1488 τῇ
1532 1453 1581 1480 τοῦ
1594 1452 1738 1488 ἀνθρώπου
1755 1453 1868 1486 ποιήσει

1075 1504 1214 1540 ἡμετέραν
1231 1503 1279 1529 καὶ
1299 1502 1362 1530 καθ’
1377 1503 1519 1538 ὁμοίωσιν.
1535 1512 1545 1529 ι
1562 1499 1613 1529 Ὧν
1624 1502 1652 1528 δέ
1667 1503 1684 1537 ἡ
1703 1502 1789 1528 εἰκὼν
1803 1501 1867 1537 μία,

1070 1609 1131 1635 Ἔτι
1143 1607 1211 1641 περὶ
1225 1607 1341 1641 Πατρὸς
1363 1606 1411 1633 καί
1440 1603 1510 1633 Υίοῦ
1530 1605 1577 1632 καί
1592 1605 1677 1639 ἁγΙου
1693 1606 1868 1640 Πνεύματος

1108 1642 1318 1710 ἶὶαέῗκριμένη
1335 1642 1384 1669 καί
1401 1641 1541 1676 ἡνωμένη
1559 1642 1698 1675 θεολογία
1714 1641 1771 1668 τοῦ
1783 1641 1867 1675 ἁγίου

1136 1687 1155 1704 a
1186 1687 1258 1710 μου.

1186 1687 1258 1712 μου.

1109 1722 1156 1756 Εἷς
1170 1724 1248 1756 Θεὸς,
1272 1723 1332 1755 ἐνὸς
1345 1722 1409 1749 Υίοῦ
1429 1722 1536 1758 Πατὴρ,
1563 1722 1610 1749 καλ
1626 1721 1791 1756 Πνεύματος
1808 1722 1866 1753 ἐνὸς

1073 1771 1152 1806 ἁγίου
1167 1770 1254 1805 πηγή.
1272 1769 1366 1801 Μονὰς
1388 1769 1554 1803 ἀσύγχυτος,
1580 1768 1627 1794 καὶ
1643 1768 1728 1803 Τριὰς
1742 1767 1865 1802 ἀδιαίρε-

1071 1826 1126 1850 νος.
1142 1816 1214 1848 Νοῦς
1226 1816 1356 1850 ἄναρχος,
1373 1814 1461 1850 μόνου
1477 1814 1570 1849 μόνος.
1583 1813 1731 1845 οὺσιωδῶς,
1742 1813 1864 1848 ἀνάρχου

1075 1863 1163 1897 Λόγου
1178 1861 1331 1897 γεννήτωρ,
1347 1861 1396 1887 καὶ
1411 1860 1497 1896 μόνης
1511 1859 1599 1886 ἀϊδίου
1613 1859 1686 1894 ζωῆς
1700 1859 1866 1895 Πνεύματος

1074 1909 1153 1943 ἁγίου
1172 1907 1261 1944 πηγή.

1377 1962 1436 1990 Τοῦ
1458 1962 1564 1990 αὑτοῦ.

1110 2009 1159 2043 Εἷς
1174 2011 1252 2043 Θεὸς,
1268 2010 1309 2036 ὅτι
1326 2011 1374 2044 μία
1392 2009 1489 2042 Θεότης
1504 2009 1633 2043 ἄναρχος,
1649 2008 1698 2035 καὶ
1716 2008 1807 2044 ἁπλῆ,
1824 2009 1868 2036 καὶ

1074 2057 1250 2093 ὐπεροὺσιος,
1266 2056 1315 2083 καὶ
1328 2055 1446 2091 ἀμερὴς,
1475 2056 1522 2081 καὶ
1543 2054 1707 2087 ἀδιαίρετος.
1744 2055 1778 2081 'H
1804 2055 1869 2088 αὐτῆ

1077 2103 1160 2139 μονὰς
1186 2103 1234 2130 καὶ
1258 2102 1354 2137 Τριάς.
1391 2101 1459 2136 Ὀλη
1489 2100 1604 2136 μονὰςή
1632 2100 1724 2134 αὑτὴ,
1747 2102 1798 2126 καὶ
1816 2101 1861 2135 ὅλη

1076 2151 1164 2186 Τριάς
1175 2151 1191 2184 ἡ
1207 2149 1287 2185 αὐτή.
1307 2147 1400 2179 Μονὰς
1420 2147 1469 2182 ὅλη
1495 2147 1565 2173 κατὰ
1578 2147 1628 2181 τὴν
1644 2147 1740 2173 οὺσέαν
1755 2148 1771 2182 ὴ
1790 2147 1868 2180 αὑτὴ,

1075 2196 1123 2222 καὶ
1156 2194 1243 2230 Τριὰς
1271 2194 1320 2228 ὅλη
1360 2193 1431 2220 κατὰ
1463 2192 1514 2225 τὰς
1542 2192 1705 2223 ὑποστάσεις
1735 2193 1755 2227 ἡ
1790 2193 1868 2227 αὐτῇ.

1076 2242 1184 2277 Πατὴρ,
1211 2242 1259 2268 καὶ
1290 2241 1366 2273 Υἱὸς,
1402 2240 1449 2266 καὶ
1472 2239 1550 2273 ἆγιον
1575 2238 1687 2273 Πνεῦμα
1713 2239 1730 2272 η
1761 2239 1868 2273 θεότης.

232 2284 276 2307 est
289 2280 347 2315 ipsa
359 2281 504 2310 Divinitas.
522 2281 590 2309 Tota
616 2282 642 2310 in
661 2287 718 2310 toto
734 2283 813 2310 Patre
840 2283 898 2318 ipsa
911 2288 970 2316 est;
995 2289 1015 2311 ei

1093 2288 1131 2314 Lai.
1147 2274 1186 2313 "sv
1214 2286 1316 2321 Πατρὶ,
1336 2287 1384 2312 καὶ
1408 2284 1477 2319 Υἱῷ,
1499 2285 1548 2312 καὶ
1579 2285 1651 2318 ἁγίῳ
1679 2284 1827 2318 Π-ιεύματι
1854 2285 1867 2317 ή

231 2328 307 2352 mus
326 2325 350 2352 iu
368 2326 426 2360 ipsa
447 2331 501 2354 lota
519 2327 599 2354 Pater
610 2331 663 2355 est.
683 2327 716 2354 Et
748 2332 803 2355 tota
829 2328 857 2355 in
869 2333 926 2356 toto
955 2328 1024 2356 Filio

230 2375 272 2398 est
287 2371 344 2406 ipsa
358 2367 372 2405 ;’
382 2376 409 2399 et
425 2376 498 2400 totus
516 2372 542 2399 iu
558 2373 617 2407 ipsa
634 2378 690 2400 tota
708 2374 792 2401 Filius
820 2379 874 2401 est.
905 2373 939 2402 Et
967 2379 1024 2402 tota

231 2418 260 2444 in
278 2422 333 2445 toto
348 2418 452 2453 Spiritu
467 2424 561 2447 sancto
586 2424 628 2447 est
643 2420 710 2455 ipsa.
737 2420 770 2448 Et
801 2425 876 2449 totus
906 2422 933 2449 in
965 2421 1024 2456 ipsa

234 2467 289 2491 tota
307 2469 349 2492 est
370 2464 489 2500 Spiritus
500 2470 622 2493 sanctus.
635 2465 695 2494 Non
712 2467 785 2494 enim
798 2475 832 2495 ex
853 2473 931 2503 parte
951 2468 1023 2495 Divi-

234 2511 306 2537 uitas
320 2511 400 2538 estin
413 2510 504 2544 Patre,
524 2520 575 2540 nec
591 2512 670 2540 Pater
696 2521 729 2540 ex
757 2518 833 2548 parte
865 2513 936 2541 Deus
966 2518 1019 2541 est.

233 2555 326 2591 Neque
340 2565 372 2584 ex
389 2565 465 2592 parte
482 2558 509 2585 in
522 2558 592 2585 Filio
618 2558 751 2586 Divinitas
768 2564 827 2592 est;
859 2567 912 2587 nec
937 2559 1022 2587 Filius

233 2609 267 2628 ex
283 2608 358 2636 parte
368 2603 440 2632 Deus
454 2609 505 2631 est.
518 2604 612 2639 Neque
622 2612 656 2632 ex
668 2610 744 2640 parte
758 2605 785 2633 in
801 2605 905 2641 Spiritu
927 2611 1023 2634 sancto

235 2648 368 2676 Divinitas
384 2654 443 2682 est;
460 2658 512 2678 nec
534 2650 654 2686 Spiritus
668 2657 780 2680 sanctus
796 2660 830 2679 ex
853 2657 932 2687 parte
945 2652 1018 2680 Deus

233 2697 286 2721 est.
297 2692 364 2720 Nam
375 2702 464 2730 neque
473 2695 605 2724 Divinitas
618 2697 704 2725 secari
721 2702 827 2732 potest;
844 2705 933 2733 neque
943 2697 1024 2724 Pater

232 2744 279 2767 aut
296 2739 393 2775 Filius,
411 2746 458 2769 aut
478 2742 599 2778 Spiritus
616 2748 728 2771 sanctus
753 2744 824 2772 Deus
849 2749 893 2771 est
922 2744 1024 2779 imper-

1075 2334 1181 2369 οεότης.
1203 2332 1272 2368 Ὀλη
1288 2333 1317 2358 ἐν
1344 2332 1397 2365 ὅλῳ
1412 2331 1451 2366 ιτῷ
1484 2330 1572 2365 Πατρὶ
1592 2331 1608 2365 ἡ
1625 2330 1707 2370 αὐτὴ,
1735 2331 1786 2356 καὶ
1814 2330 1868 2360 ὅλος

1074 2379 1103 2406 ἐν
1132 2379 1181 2415 ὅλῃ
1206 2379 1240 2414 τῇ
1267 2378 1337 2413 αὐτῇ
1362 2377 1376 2403 6
1401 2375 1509 2411 Πατήρ.
1537 2375 1591 2402 Καὶ
1614 2375 1662 2409 ὅλη
1692 2376 1722 2401 ἐν
1744 2374 1801 2409 ὅλῳ
1835 2374 1868 2408 τῷ

1074 2425 1154 2460 Υίῷή
1164 2424 1245 2458 αὐτή.
1255 2423 1310 2450 Καὶ
1317 2423 1376 2453 ὅλος
1389 2422 1417 2448 ἐν
1427 2421 1475 2455 ὅλη
1485 2421 1517 2456 τῇ
1531 2420 1599 2455 αὐτῇ
1612 2420 1625 2446 6
1636 2420 1709 2451 Υίός.
1720 2420 1775 2446 Καὶ
1785 2421 1835 2454 ὅλη
1844 2421 1868 2445 ἐν

1077 2472 1131 2506 ὅλῳ
1143 2471 1182 2506 τῷ
1197 2469 1339 2504 Πνεύματι
1351 2469 1390 2503 τῷ
1405 2467 1476 2501 ἁγίῳ
1493 2467 1509 2502 ἠ
1524 2466 1605 2500 αὑτὴ,
1618 2465 1664 2493 καὶ
1677 2465 1739 2492 ὅλον
1752 2467 1782 2491 ὲν
1800 2467 1866 2499 αὐτῇ

1076 2517 1124 2552 ὅλῃ
1136 2517 1166 2543 τὸ
1180 2515 1293 2550 Πνεῦμα
1309 2514 1339 2541 τὸ
1356 2514 1442 2548 ἅγιον.
1453 2512 1490 2539 Οὐ
1508 2512 1562 2547 γὰρ
1577 2513 1609 2538 ὲκ
1625 2511 1726 2547 μέρους
1740 2512 1756 2546 ἡ
1770 2511 1865 2546 θεά-της

1078 2564 1106 2590 ἑν
1127 2562 1165 2597 τῷ
1195 2560 1375 2597 Πατρὶ,ἢὲκ
1394 2560 1494 2595 μέρους
1524 2558 1590 2590 Θεὸς
1623 2559 1637 2584 6
1666 2558 1774 2593 Πατήρ·
1801 2558 1860 2584 οὗτε

1075 2609 1107 2635 ἐκ
1123 2608 1225 2643 μέρους
1241 2608 1269 2633 ἐν
1286 2606 1325 2642 τῷ
1339 2605 1395 2640 Υίῷ
1411 2606 1427 2640 ἡ
1442 2604 1550 2638 θεότης,
1572 2604 1588 2639 ἢ
1621 2605 1653 2630 ἐκ
1673 2603 1776 2638 μέρους
1799 2603 1861 2632 Θεὸς

1076 2653 1091 2679 6
1104 2652 1169 2684 Υιός
1182 2660 1188 2667 ·
1202 2651 1265 2677 οὔτε
1279 2651 1311 2677 ἐκ
1327 2650 1427 2685 μέρους
1445 2649 1474 2675 ἐν
1483 2649 1521 2684 τῷ
1532 2649 1603 2684 ἁγιῳ
1623 2649 1765 2682 Πνεύματι
1779 2649 1797 2684 ἡ
1811 2649 1862 2675 Θεό-

1076 2697 1167 2733 της,ἦ
1193 2698 1224 2723 ἐκ
1244 2696 1344 2732 μέρους
1362 2695 1428 2726 Θεὸς
1453 2694 1483 2720 τὸ
1497 2694 1610 2729 Πνεῦμα
1634 2693 1664 2720 τὸ
1678 2693 1769 2727 ἆγιον.
1799 2693 1861 2720 Οὔτε

1079 2744 1134 2779 γὰρ
1152 2742 1269 2778 μεριστὴ
1287 2743 1303 2777 ἠ
1327 2741 1433 2775 θεότης,
1464 2739 1527 2766 οὒτε
1542 2740 1640 2774 ἀτελὴς
1657 2740 1723 2771 Θεὸς
1739 2739 1754 2764 6
1771 2739 1861 2774 Πατήρ

267 2797 290 2813 ⁸⁷
307 2797 466 2836 Κορινιιιη
481 2799 524 2827 15.
570 2799 687 2836 “filium.
703 2809 761 2836 vni,
778 2801 805 2829 2,
844 2802 866 2819 "
885 2800 903 2829 II
919 2801 982 2830 Cor.
1000 2809 1015 2830 ιι

1096 2820 1102 2828 .
1141 2802 1164 2817 ⁷⁸
1185 2800 1267 2828 lCor.
1283 2808 1331 2834 χιι,
1349 2799 1390 2826 ll.
1442 2799 1461 2815 ⁷¹
1480 2799 1535 2826 lsa.
1566 2800 1660 2832 iLvut,
1685 2797 1725 2825 ιδ.
1765 2799 1789 2814 "
1807 2798 1862 2825 λοι).

233 2840 329 2867 sunt,
345 2834 373 2862 4.
412 2835 434 2851 ⁷³
447 2835 517 2864 Gen.
536 2843 556 2869 ι,
569 2834 614 2863 26.
