1893 3081
45 153 67 183 97
483 149 675 183 PANOPLIA
695 150 793 182 DOGN

856 150 914 180 [CA
947 144 982 169 -—'
1000 149 1076 181 TIT.
1097 150 1140 181 ΙΙ.
1591 147 1626 178 98

45 207 135 243 ﬁtfit
156 206 171 242 ἦ
185 205 212 233 τὸ
225 204 333 240 Πνεῦμα
346 205 377 232 τὸ
391 204 543 240 ἆγιον,ἁλλ“
554 205 685 240 ὃληνὲστὶν
698 206 713 242 ἡ
726 204 793 240 αὑτὴ

856 204 944 232 'ectus.
962 204 1015 232 Sed
1043 209 1098 232 tota
1116 209 1157 231 est
1186 203 1256 240 ipsa,
1273 203 1307 231 'et
1337 204 1468 240 perlecta,
1493 205 1626 240 perfecte,

44 253 109 279 τελεία
122 252 220 283 τελείως
229 251 257 277 ὲν
271 251 368 286 τελείῳ
383 250 422 286 τῷ
435 251 533 286 Πατρὶ,
563 252 611 278 καὶ
627 250 676 286 ὅλη
693 249 786 277 τελεία

45 299 127 330 τελείως
140 298 164 324 ὲν
182 296 272 332 τελείῳ
286 296 324 332 τῷ
339 296 397 332 Υίῷ
424 297 441 332 ὴ
456 297 537 332 αὑτὴ,
554 297 603 323 καὶ
628 296 676 330 ὃλη
694 295 786 322 τελεία

43 344 124 375 τελείως
141 344 154 377 ἡ
166 343 230 377 αὐτὴ
244 344 271 368 ἐν
285 342 379 377 τελείῳ
391 342 429 377 τῷ
445 343 516 377 ἁγίῳ
535 342 685 377 Πνεύματι.
701 340 783 373 ’⁸ολος

44 390 83 425 γὰρ
95 390 118 415 ὲν
128 389 173 424 ὅλῳ
186 388 221 423 τῷ
238 388 293 423 Υξῷ
309 389 356 414 καὶ
375 388 414 422 τῷ
430 388 571 423 [Ινεὺματι
585 387 698 418 τελείως
711 387 785 414 ἐστὶν

43 437 137 470 όΙΙστήρ
149 443 155 450 ·
172 436 214 462 καὶ
236 435 295 466 ὅλος
313 436 341 462 ὲν
351 435 405 470 ὅλῳ
424 435 461 470 τῷ
474 434 562 470 Πατρὶ
575 434 622 461 καὶ
644 433 684 469 τῷ
702 434 787 459 Πνευ-

45 490 92 516 pm
103 481 197 512 τελείως
211 482 282 507 ἐστὶν
296 481 310 507 ὁ
324 481 397 513 Υἱός.
411 481 467 507 Καὶ
476 480 536 507 ὅλον
548 481 577 507 ὲν
585 480 638 514 ὅλῳ
649 479 688 514 τῷ
699 479 788 513 Πατρὶ

45 529 78 553 ιιι
89 526 120 561 τῷ
134 526 185 561 Υίῷ
199 526 308 558 τελείως
323 526 381 552 ἐστὶ
397 526 425 552 τὺ
445 525 558 561 Πνεῦμα
579 525 610 552 τὸ
624 525 713 559 ἅγιον.
730 525 788 551 Μία

43 572 155 606 mum,
181 571 246 606 αὐτὴ
272 571 350 597 οὐσία
370 571 418 597 καὶ
439 571 553 606 δύναμις
579 570 627 597 καὶ
660 569 787 604 ἐνέργεια

43 618 130 652 Πιερὶς,
143 617 185 643 καὶ
202 617 278 648 Υιοῦ,
299 619 346 643 καὶ
357 617 437 651 ἁγίου
455 616 524 643 Πνεΰ
531 625 628 651 ματος,
643 616 695 642 οὐχ
710 616 787 647 ὄντος

41 663 117 694 οὒόενδς
129 661 169 688 τοῦ
186 662 276 698 ἑτέρου
291 663 385 698 χωρὶς,
398 663 582 697 ἣνοουμένου.

303 719 360 746 Τοῦ
381 719 489 746 αὑτοῦ.

66 765 103 792 Ἐν
114 767 166 793 ἐστι
182 767 211 793 τὸ
227 765 348 801 ὑπάρχον
365 766 412 792 καὶ
438 764 603 801 ὑπερούσιον
626 764 741 798 ἀγαθὸν,
771 764 788 800 ἡ

43 811 88 844 ἁγία
106 812 306 846 τριωπόστειτος
320 811 416 846 μονὰς,
433 811 540 846 Πατὴρ,
567 811 614 837 καὶ
634 811 710 842 Υἱὸς,
741 809 790 836 καὶ

43 857 99 890 ἅγιον
121 857 235 892 Πνεῦμα·
265 857 347 892 τριῶν
362 856 486 891 ἀπείρων
500 856 615 891 ἄπειρος
650 855 788 890 συμφυτα,

42 902 74 928 τὸν
87 911 110 929 τε
135 902 176 929 τοῦ
204 900 284 934 εἶναι,
309 903 357 929 καὶ
382 902 452 936 πῶς,
471 902 518 928 καὶ
535 901 571 934 τί,
593 901 640 928 καὶ
657 902 704 928 ποῖ
721 898 791 927 εἶναι

42 947 98 982 λόγον
118 949 226 985 πάμπαν
255 949 312 979 τοῖς
344 945 420 975 οὖσιν
446 947 548 974 ἄδαιτον
569 947 678 982 ἔχουσα.
698 947 793 973 Πᾶσαν

45 995 83 1028 γὰρ
94 994 221 1028 διαφεύγει
237 994 331 1029 νόησιν
344 993 399 1020 τῶν
412 993 554 1025 νοούντων,
565 993 613 1028 τῆς
631 992 702 1019 κατὰ
712 992 793 1027 φύσιν

43 1040 139 1075 οὐδαμῶς
164 1042 281 1075 κρυφίας
309 1040 447 1075 ἑνδότητος
480 1038 600 1071 ἐξιοῦσα,
629 1038 676 1065 καὶ
703 1038 794 1074 πάσης

43 1084 112 1111 πισῶν
132 1085 253 1119 γνὼσεων
269 1085 391 1120 ἀπείρως
417 1085 639 1120 ὑπερεκτείνεται
654 1084 792 1119 γνώσεως.

316 1185 372 1211 Τοῦ
393 1183 497 1211 αὐτοῦ.

66 1231 122 1258 Μίαν
145 1233 240 1258 ειδέναι
270 1232 324 1268 χρὴ
336 1232 464 1266 θεότητος
493 1230 575 1266 φύσιν
596 1231 644 1258 καὶ
669 1231 794 1266 δύναμιν*

45 1276 106 1311 ἤγουν
123 1279 167 1305 ἕνα
191 1279 268 1310 Θεδν,
294 1279 323 1304 ὲν
351 1277 449 1312 Πατρὶ,
480 1278 527 1304 καὶ
554 1277 621 1313 Υἱῷ,
653 1279 700 1304 καὶ
724 1279 796 1314 ἁγίῳ

42 1322 149 1357 Πνεύματι
166 1324 361 1359 θεωρούμενον·
378 1321 421 1349 οἵα
436 1323 468 1358 δὴ
488 1324 568 1358 μόνον
587 1325 710 1351 ἀναίτιον
734 1326 796 1352 νοῦν

42 1368 148 1401 sinuati»;
163 1371 314 1405 ὑφεστῶτα·
332 1371 413 1405 μόνου
430 1372 491 1398 κατ’
514 1371 609 1397 οὐσίαν
641 1371 797 1405 ὑφεστῶτος

42 1415 133 1451 ἁνάρχου
158 1417 242 1451 Λόγου
274 1419 436 1453 γεννήτορα”
459 1419 505 1444 καὶ
518 1417 601 1452 μόνης
617 1417 704 1444 αίδίου
724 1417 798 1453 ζωῆς

43 1460 148 1492 ιῦσιωδὼς
170 1462 330 1497 ὑφεστώσης
360 1461 518 1497 Πνεύματος
550 1463 631 1496 ἁγίου
648 1463 752 1498 πηγήν·
769 1464 798 1489 εν

43 1507 114 1539 μονάδι
134 1506 244 1542 Τριάδα,
276 1509 325 1534 καὶ
354 1508 382 1534 ὲν
397 1508 494 1543 Τριάδι
516 1508 630 1543 μονάδςυ
647 1508 696 1534 οὐκ
712 1509 797 1543 ἄλλην

42 1551 61 1576 ἰν
72 1552 136 1588 άλλη.
153 1554 187 1580 Οὔ
202 1555 256 1590 γὰρ
268 1555 306 1585 ὡς
322 1555 353 1580 ἐν
364 1542 444 1590 οὐσίᾳ
458 1555 491 1590 τῇ
510 1542 604 1589 μονάδι
619 1542 796 1588 συμῦεὸηκάς
811 1542 834 1573 c

41 1598 116 1634 ἐστινῄ
132 1600 224 1634 τριὰς,
238 1601 255 1635 ἢ
267 1602 298 1627 τδ
311 1599 431 1635 ἔμπαλιν
445 1602 473 1627 ὲν
487 1600 582 1636 Τριάδι
595 1600 689 1633 μονάς·
703 1600 798 1631 ἄποιος

40 1645 86 1679 γάρ·
111 1647 158 1673 οὐδ’
172 1647 208 1678 ὡς
228 1647 315 1681 ἄλλην
343 1648 390 1673 καὶ
407 1647 503 1682 ἄλλην.
520 1647 558 1673 οὐ
582 1646 636 1682 γὰρ
656 1646 798 1681 ἑτερότητι

40 1690 124 1723 φύσεως
137 1693 183 1728 τῆς
198 1693 308 1729 τριάδος
328 1694 345 1728 ἡ
368 1693 452 1728 μονὰς
470 1693 622 1728 διενήνοχεν
636 1701 644 1708 ·
673 1692 746 1726 ἁπλῆ
767 1700 798 1718 τι

40 1739 73 1763 ut
92 1739 134 1773 μία
163 1739 241 1774 φύσις
270 1739 463 1774 τυγχάνουσιν·
489 1738 545 1766 οὐδ’
575 1740 613 1770 ὡς
625 1738 709 1773 ἄλλην
726 1737 794 1774 παρ’

39 1783 158 1819 ἀλλην.οὑ
173 1785 228 1822 γὰρ
257 1786 352 1821 ὑφέσει
378 1786 519 1820 δυνάμεως
547 1785 721 1820 διακέκριται
748 1785 799 1820 τῆς

41 1830 131 1862 μονάδος
145 1831 266 1867 ἠτριὰς,
283 1832 301 1866 ἦ
315 1832 365 1866 τῆς
378 1832 493 1867 Τριάδος
510 1832 526 1867 ἡ
544 1833 639 1867 μονὰς,
654 1831 671 1867 ἢ
685 1831 722 1862 ὡς
740 1839 798 1858 κοι-

39 1877 71 1901 νόν
89 1884 110 1902 τι
138 1877 183 1904 καὶ
207 1877 327 1911 γενικὺν,
351 1878 398 1905 καὶ
430 1877 537 1912 ἐπινοίᾳ
564 1877 633 1913 μόνῃ
659 1875 799 1911 θεωρητδν

41 1920 80 1946 τῶν
93 1922 133 1948 ὑπ’
149 1922 213 1949 αὐτὸ
247 1923 370 1958 μερικῶν
403 1922 595 1958 παρήλλακται
625 1923 675 1957 τῆς
690 1922 799 1957 τριάδος

40 1966 52 2000 ἡ
75 1968 157 2002 μονὰς,
185 1969 264 1995 οὐσία
291 1969 395 2004 κυρίως
422 1967 614 2003 αὑθύπαρκτος
645 1967 724 2000 οὖσα,
751 1968 800 1994 καὶ

39 2012 129 2049 δύναμις
139 2015 221 2046 ὅντως
240 2015 416 2050 αὐτοσθενής·
431 2014 486 2041 οὔδ’
498 2014 536 2046 ὡς
551 2014 585 2041 δι’
608 2014 691 2049 ἄλλης
704 2013 800 2050 ἀλλην·

39 2059 61 2085 οὐ
74 2061 119 2096 γὰρ
130 2062 302 2096 μεσιτεύεται
313 2061 405 2096 σχέσει
413 2060 442 2087 τὸ
456 2060 556 2087 ταυτὸν
565 2060 654 2095 πάντη
663 2060 710 2086 καὶ
720 2059 798 2095 ἄσχε-

39 2112 80 2137 τον,
102 2107 135 2138 ὡς
159 2109 226 2143 πρὶς
257 2107 343 2134 αἰτιον
373 2106 495 2134 αἰτιατόν
512 2114 520 2122 ·
540 2106 597 2133 οὐδ’
610 2106 646 2138 ὡς
669 2106 698 2139 ἐξ
716 2106 800 2141 ἄλλης

40 2151 114 2187 ἄλλην.
131 2154 166 2180 Οὐ
184 2154 239 2189 γάρ
268 2153 340 2182 κατὰ
370 2151 552 2188 παραγωγὴν,
589 2152 606 2186 ἢ
634 2151 800 2187 προαγωγὴν

838 251 866 278 in
884 251 1006 286 perfecto
1023 251 1112 278 Patre.
1128 251 1161 277 Et
1188 255 1242 277 tota
1260 255 1303 278 est
1331 251 1400 285 ipsa,
1430 255 1457 278 et
1488 252 1620 286 perfecta,

837 297 967 332 perfecte.
998 296 1119 332 perfecto
1140 297 1167 324 iu
1192 296 1283 329 Filio;
1303 300 1330 323 et
1359 300 1413 323 tota
1438 296 1624 332 perfectaque.

837 346 866 370 et
881 341 1012 376 perfecte,
1034 346 1076 370 est
1097 343 1154 377 ipsa
1186 343 1307 376 perfecto
1335 341 1361 368 iu
1393 341 1499 376 Spiritu
1520 348 1627 370 sancto.

837 381 903 414 Nam
918 391 990 414 totus
1007 387 1034 415 in
1051 392 1105 415 toto
1121 387 1201 419 Filio,
1217 392 1244 414 et
1263 387 1365 421 Spiritu
1382 392 1477 414 sancto
1505 388 1628 423 perfecte

838 437 879 459 est
892 433 980 461 Pater.
999 434 1032 460 Et
1052 438 1125 461 totus
1137 434 1163 461 iu
1183 438 1240 460 toto
1258 433 1346 464 Putre,
1362 437 1389 459 ct
1401 432 1504 467 Spiritui
1532 438 1629 462 sancto

839 479 960 514 perfecte
993 485 1037 508 est
1067 480 1162 508 Filius.
1189 479 1221 507 Et
1249 484 1322 507 totus
1352 480 1379 506 in
1404 485 1460 507 toto
1479 479 1569 512 Patro,
1598 485 1627 507 ct

840 525 909 553 Filio
941 526 1060 562 perfecte
1086 531 1128 554 est
1160 526 1277 561 Spiritus
1304 531 1424 553 sanctus.
1455 525 1630 562 Quandoqui-

840 571 901 600 dem
919 581 973 600 una
988 566 1138 608 eademque
1153 572 1283 604 essentia,
1298 576 1324 598 et
1350 573 1482 606 potentia,
1507 577 1534 599 et
1556 573 1629 600 actio

841 623 883 646 est
898 619 987 650 Pater,
1006 623 1034 646 et
1045 617 1138 651 Filius,
1148 623 1175 645 et
1186 617 1305 652 Spiritus
1315 621 1435 649 sanctus,
1448 624 1509 643 cum
1538 618 1631 645 nullus

837 673 932 693 eorum
953 664 987 692 ab
1000 663 1087 691 altero
1111 669 1252 698 separatus
1267 667 1314 690 aut
1343 663 1389 695 sit,
1410 667 1457 689 aut
1483 663 1628 699 cogitetur.

1169 721 1309 755 Ejusdem.

875 768 966 797 Unum
993 771 1047 800 est,
1061 767 1134 803 quod
1160 767 1324 803 principium
1340 771 1367 795 et
1377 766 1524 795 essentiam
1549 773 1631 794 exsu-

840 820 930 852 perat,
941 815 1055 847 bonum,
1081 817 1175 841 sancta
1200 813 1283 840 trium
1311 821 1492 849 personarum
1526 812 1628 845 unitas,

806 875 828 906 Β
842 863 937 894 Pater,
955 861 1054 894 Filius,
1068 865 1096 888 et
1119 860 1241 895 Spiritus
1268 864 1390 887 sanctus.
1414 859 1509 886 Trium
1542 859 1632 886 inlini-

844 911 933 935 torum
954 906 1058 933 infinita
1068 905 1236 940 coitiunctio,
1259 912 1320 940 qua:
1341 904 1478 940 quomodo
1509 904 1552 937 sit,
1585 909 1632 931 aut

843 953 909 988 quid
922 952 969 985 sit,
981 957 1028 979 aut
1044 951 1132 987 qualis
1160 952 1206 984 sit,
1233 951 1308 978 nulla
1333 958 1448 986 prorsus
1467 958 1511 978 res
1538 955 1632 978 creata

844 1002 934 1033 potest
950 998 1101 1033 percipere.
1118 997 1236 1025 Omnem
1251 998 1324 1025 enim
1342 997 1552 1032 intelligentium
1571 997 1632 1024 vin-

844 1044 882 1072 cit
907 1044 1128 1079 intelligentiam.
1153 1048 1181 1071 et
1215 1052 1230 1071 a
1260 1044 1400 1071 recondita
1425 1049 1506 1079 atque
1537 1043 1632 1071 intima

844 1095 942 1118 natura
959 1098 1008 1118 sua
1024 1098 1079 1118 non
1095 1091 1251 1126 egrediens,
1266 1097 1376 1118 omnem
1392 1090 1514 1118 omnium
1538 1090 1632 1124 cogni-

847 1137 952 1166 tionum
969 1137 1094 1164 notitiam
1106 1141 1229 1172 superat.

1169 1194 1306 1228 Ejusdem.

882 1239 969 1267 Unam
988 1247 1069 1268 nosse
1083 1244 1191 1274 oportet
1208 1239 1361 1267 Divinitatis
1385 1244 1508 1267 naturam
1526 1245 1553 1268 et
1566 1240 1633 1272 vim.

847 1294 946 1321 nempe
963 1287 1048 1313 Deum
1065 1294 1162 1318 unum,
1178 1286 1223 1320 qui
1235 1286 1262 1312 in
1281 1285 1371 1318 Patre,
1384 1290 1411 1313 et
1427 1285 1506 1318 Filio,
1526 1291 1552 1314 et
1571 1286 1634 1322 Spi-

848 1335 902 1363 ritu
918 1339 1014 1361 sancto
1025 1337 1174 1367 spectetur.
1193 1332 1352 1367 utpote‘sola
1370 1331 1429 1359 siue
1442 1340 1523 1360 causa
1542 1340 1629 1365 mens,

848 1388 908 1416 quae
924 1387 972 1415 per
984 1379 1131 1407 essentiam
1145 1379 1279 1406 subsistit.
1295 1377 1329 1405 Et
1356 1378 1437 1404 unius
1467 1385 1516 1413 per
1539 1385 1632 1405 essen-

849 1428 914 1454 tiam
934 1426 1107 1454 subsistentis
1122 1424 1312 1460 principioque
1327 1424 1447 1452 carentis
1462 1424 1542 1452 Verbi
1554 1424 1635 1451 Geni-

850 1478 892 1500 tor
902 1478 961 1500 est:
979 1471 1103 1499 etsolius
1120 1474 1161 1498 est
1193 1475 1303 1498 aeterna:
1325 1470 1387 1497 vita:
1420 1477 1468 1504 per
1488 1469 1635 1497 essentiam

850 1518 1026 1546 subsistentis
1050 1517 1168 1552 Spiritus
1196 1515 1282 1544 sancti
1310 1515 1381 1544 fons.
1401 1515 1428 1542 In
1446 1516 1550 1542 unitate
1575 1515 1638 1543 Tri-

849 1564 931 1594 nitas.
943 1564 1068 1591 etunitas
1078 1563 1104 1590 in
1118 1563 1261 1590 Trinitate.
1274 1562 1333 1589 Non
1347 1570 1398 1590 una
1414 1567 1501 1589 tamen
1515 1561 1541 1589 in
1554 1561 1638 1589 altera

848 1608 888 1636 sic
900 1612 953 1639 est.
965 1613 995 1635 ut
1007 1608 1048 1635 vel
1063 1608 1088 1634 in
1099 1607 1203 1634 unitate
1218 1607 1346 1638 Trinitas.
1360 1612 1487 1641 tanquam
1502 1607 1529 1633 in
1542 1614 1637 1634 essen-

849 1650 887 1681 tia
916 1653 1044 1680 accidens
1073 1653 1108 1680 sit
1125 1662 1131 1679 :
1150 1652 1192 1679 vel
1206 1656 1301 1679 contra
1326 1651 1354 1678 in
1383 1651 1518 1678 Trinitate
1534 1651 1637 1680 unitas.

849 1700 897 1727 Est
908 1700 980 1726 enim
993 1706 1091 1733 expers
1101 1697 1250 1733 qualitatis.
1263 1697 1356 1732 Neque
1366 1702 1395 1724 ut
1410 1697 1463 1724 alia
1477 1700 1560 1732 atque
1569 1698 1632 1729 alia,

849 1745 984 1780 siquidem
1006 1748 1110 1771 natura:
1125 1743 1283 1771 diversitate
1301 1751 1355 1769 non
1371 1743 1462 1770 diﬂ'ert
1476 1751 1489 1770 a
1506 1742 1639 1772 Trinitate

850 1792 950 1823 unitas,
966 1798 1027 1818 cum
1040 1790 1152 1825 simplex
1165 1790 1201 1817 sit
1228 1795 1309 1823 atque
1331 1797 1384 1816 una
1408 1795 1516 1817 natura.
1544 1790 1639 1826 Neque

851 1843 881 1866 ut
917 1845 969 1864 una
999 1837 1050 1864 sub
1087 1837 1182 1864 altera.
1212 1835 1279 1862 Nam
1304 1836 1431 1870 potentiae
1457 1835 1638 1862 submissione

850 1883 977 1911 distincta
987 1890 1041 1909 tton
1060 1886 1102 1909 est
1120 1881 1154 1908 ab
1168 1881 1274 1908 unitate
1297 1880 1428 1911 Trinitas.
1458 1884 1504 1907 aut
1522 1879 1637 1906 unitasa

850 1929 996 1961 Trinitate,
1018 1935 1080 1961 nec,
1108 1932 1138 1955 ut
1163 1933 1309 1955 commune
1331 1926 1451 1960 aliquod,
1477 1930 1524 1953 aut
1551 1933 1639 1960 genus

850 1975 1021 2006 universum,
1038 1972 1149 2008 etquod
1185 1972 1242 1999 sola
1269 1971 1431 2007 cogitatione
1455 1971 1637 2006 comprehen-

850 2020 941 2052 datur,
955 2019 1039 2047 distat
1054 2026 1068 2045 a
1083 2017 1204 2053 partibus
1221 2017 1372 2051 formisque
1399 2015 1465 2048 suis,
1482 2016 1519 2043 ita
1546 2016 1637 2043 ditIert

851 2065 1009 2094 aTrinitate
1023 2063 1125 2094 unitas,
1143 2069 1204 2089 cum
1221 2062 1256 2089 sit
1272 2060 1391 2088 essentia
1412 2060 1522 2096 proprie
1536 2067 1584 2094 per
1595 2067 1638 2093 se,

851 2115 879 2138 et
908 2109 1029 2145 potentia
1047 2115 1095 2142 per
1109 2114 1140 2134 se
1155 2114 1217 2134 vere
1235 2106 1353 2141 pollens.
1369 2105 1464 2140 Neque
1478 2110 1506 2132 ut
1519 2113 1570 2132 una
1589 2113 1640 2140 per

852 2156 977 2184 alteram.
997 2154 1076 2181 Nullo
1091 2153 1165 2180 enim
1180 2152 1275 2179 habitu
1295 2151 1384 2178 medio
1396 2151 1550 2186 copulatur,
1578 2157 1639 2178 tan-

41 2198 64 2222 ἐκ
79 2199 179 2232 μονάδος
196 2199 289 2234 τριὰς,
301 2199 451 2232 ἀγέννητος
482 2197 654 2233 ὑπάρχουσα,
680 2197 729 2223 καὶ
753 2196 793 2223 αὖ·

856 2209 935 2237 quam
951 2207 1031 2228 causa
1044 2206 1106 2226 cum
1131 2205 1163 2226 eo
1176 2198 1254 2233 cujus
1267 2202 1415 2230 estcausa,
1433 2197 1470 2230 id,
1486 2196 1558 2231 quod
1577 2204 1639 2223 om-

40 2244 173 2278 ιὲχφαντος,
187 2244 258 2272 ἀλλὰ
270 2243 319 2279 τὴν
332 2243 418 2279 αὐτὴν
435 2243 474 2274 ὡς
487 2240 595 2278 άληθῶς
623 2242 738 2276 μονάδα,
753 2242 793 2268 ια’

856 2246 919 2273 nino
934 2245 1005 2272 idem
1025 2247 1078 2276 est,
1092 2248 1175 2277 atque
1190 2243 1283 2270 habitu
1297 2246 1384 2269 caret.
1410 2241 1505 2277 Neque
1532 2246 1561 2268 ut
1586 2249 1639 2268 una

42 2290 120 2321 τριάδα
133 2291 179 2316 καὶ
205 2290 370 2324 λεγομένην,
397 2289 444 2316 καὶ
476 2289 638 2324 νοουμένην,
658 2288 688 2314 τὸ
703 2287 752 2322 μὲν
765 2287 793 2323 τι]

856 2299 887 2319 ex
900 2292 1067 2323 altera;non
1092 2289 1165 2317 enim
1195 2296 1243 2323 per
1267 2288 1450 2316 accessionem
1483 2287 1641 2322 praacessio-

41 2335 86 2361 κατ’
99 2336 183 2363 οὐσίαν
204 2337 289 2371 λόγῳ,
318 2335 350 2362 τὸ
380 2335 408 2362 δὲ
421 2334 460 2370 τῷ
490 2335 552 2361 καθ’
564 2334 684 2370 ὓπαρξιν
697 2334 791 2370 τρόπῳ

856 2345 973 2373 nemque
987 2336 1108 2364 Trinitas
1117 2340 1159 2363 est
1175 2335 1211 2362 ab
1237 2335 1354 2366 unitate,
1365 2342 1426 2361 cum
1452 2335 1488 2361 sit
1520 2333 1641 2369 ingenita

41 2380 89 2415 ἕλην
104 2384 199 2416 μονάδα
209 2384 263 2418 τὴν
277 2382 372 2417 αὐτὴν,
381 2382 417 2416 μὴ
430 2381 636 2416 μεμερισμένην
661 2382 720 2413 ταῖς
734 2380 793 2407 ὑπο

856 2388 882 2412 et
901 2391 949 2419 per
961 2391 991 2410 se
1010 2381 1134 2409 exsistat.
1149 2381 1203 2409 Sed
1223 2386 1253 2409 ut
1268 2388 1328 2416 qua:
1341 2380 1434 2407 eadem
1458 2387 1552 2406 revera
1579 2379 1640 2406 uni-

40 2427 141 2454 m’taast'
157 2429 203 2456 καὶ
225 2429 293 2463 ὃλην
309 2428 412 2463 Τριὰδα
424 2427 473 2462 τὴν
494 2427 590 2462 αὐτὴν,
606 2428 640 2461 τῇ
659 2427 752 2461 μονάδι
766 2427 793 2462 μί

856 2435 896 2458 tas
910 2433 938 2457 et
954 2428 1074 2455 Trinitas
1091 2427 1201 2459 dicitur,
1228 2432 1256 2455 et
1277 2427 1446 2462 intelligitur.
1468 2425 1563 2454 Unitas
1583 2426 1643 2460 qui-

39 2476 259 2510 οιγκεχυμμένην,
277 2474 320 2501 [va
347 2474 386 2509 μὴ
402 2473 440 2508 τῷ
465 2472 592 2508 μερισμῷ
612 2473 643 2499 τὸ
664 2472 793 2500 πολύθεον

857 2475 918 2503 dem
933 2474 1039 2501 ratione
1051 2473 1188 2506 essentiaa,
1205 2472 1325 2500 Trinitas
1353 2477 1445 2499 autem
1480 2472 1570 2504 modo,
1586 2479 1640 2506 quo

43 2520 53 2553 ἦ
69 2522 95 2555 τῇ
108 2522 233 2556 συγχύσει
248 2520 280 2546 τὺ
294 2520 373 2547 ἄθεον
389 2519 614 2554 εἰσκομίζωνται.

861 2520 978 2548 exsistit.
993 2520 1061 2548 Tota
1076 2520 1167 2546 unitas
1187 2519 1281 2546 eadem
1307 2518 1432 2546 distincta
1455 2519 1589 2553 personis.
1608 2518 1652 2551 Et_

42 2570 86 2592 tuta
99 2566 211 2594 Trinitas
240 2566 338 2593 eadem
364 2573 418 2592 non
443 2564 547 2592 unitate
558 2563 688 2591 confusa.
704 2564 743 2592 Ne
757 2565 799 2592 vel
813 2565 946 2594 divisione
961 2565 1150 2593 introducatur
1174 2565 1287 2593 deorum
1316 2565 1472 2599 multitudo,
1489 2565 1531 2593 vel
1547 2564 1642 2592 confu-

40 2610 102 2640 sione
113 2612 240 2639 Divinitas
266 2615 412 2638 evertatur.

329 2679 383 2707 Τοῦ
396 2679 500 2708 αὑτοῦ.

1193 2676 1329 2711 Ejusdem.

67 2727 132 2764 Μόνη
159 2727 233 2763 ἁπλῆ
256 2726 305 2754 καὶ
332 2724 480 2760 μονοειδὴς,
510 2724 557 2751 καὶ
584 2723 734 2760 ἀνενδεὴς,
759 2734 793 2752 κα

894 2723 955 2752 Sola
972 2723 1097 2758 simplex,
1116 2727 1143 2750 et
1158 2723 1315 2755 uniformis,
1329 2727 1357 2750 et
1379 2723 1481 2751 nullius
1504 2730 1597 2758 egens.
1613 2728 1642 2751 et

42 2773 155 2807 ἄτρεπτος
168 2775 186 2810 ἡ
200 2772 385 2809 δημιουργιχὴ
407 2771 463 2797 τῶν
478 2770 546 2797 ὅλων
561 2769 641 2796 οὐσία
656 2769 706 2805 τῆς
721 2769 793 2805 ἅγιαι

859 2769 1036 2798 immutabilis
1052 2772 1093 2796 est
1110 2768 1236 2796 effectrix
1252 2767 1299 2795 illa
1314 2775 1406 2795 rerum
1434 2767 1557 2795 omnium
1577 2775 1641 2795 san-

42 2818 148 2852 Τριάδος.
177 2821 257 2847 Πᾶσα
275 2819 302 2846 δὲ
325 2818 413 2849 κτίσις
427 2816 553 2847 σύνθετός
579 2817 653 2842 ἔστιν
665 2815 695 2848 ἐξ
709 2816 793 2842 οὐσίαι

859 2820 911 2843 cta:
927 2814 1069 2842 Trinitatis
1078 2815 1209 2842 essentia.
1225 2812 1326 2840 Omnes
1339 2817 1429 2840 autem
1445 2820 1488 2840 res
1496 2818 1644 2847 procreata

43 2866 80 2890 uti
98 2866 307 2902 συμϐεϐηκότος,
327 2865 373 2892 καὶ
391 2862 502 2898 ἐπιδεὴς
518 2861 562 2889 ἀεὶ
579 2861 627 2896 τῆς
651 2861 728 2894 θείας
740 2871 793 2898 προ

860 2860 980 2889 essentia
995 2863 1132 2893 constant,
1153 2863 1180 2887 et
1200 2857 1398 2889 accidentibus,
1415 2861 1442 2884 et
1461 2856 1552 2884 divina
1569 2863 1641 2884 sem-
