1893 3081
245 141 294 172 103

849 142 1039 173 EUTHYMII
1059 142 1240 173 ZlGABENI

1796 147 1839 177 Ilii

234 199 305 226 enim
316 201 357 225 est
369 195 469 229 dicere,
480 194 562 223 Deum
574 193 739 222 fecunditate
750 193 868 220 naturali
882 193 1016 220 caruisse.

1081 199 1197 232 ιότητος.
1219 197 1252 223 Ἦ
1277 197 1306 224 δὲ
1325 196 1480 231 γονιμότης,
1496 195 1527 222 τὸ
1550 194 1579 227 ἐξ
1601 193 1699 226 αὐτοῦ,
1723 194 1803 229 ἧγουν
1816 194 1842 220 ἐκ

235 241 397 271 Fecunditas
419 248 500 275 porro
517 240 544 267 in
560 240 610 266 hoc
633 238 719 274 posita
731 243 782 270 est.
799 242 828 265 ut
840 238 903 273 quis
925 245 958 266 ex
972 245 1019 266 se—

235 289 307 323 ipse,
328 287 354 314 id
378 291 466 313 estex
486 285 593 320 propria
609 284 772 317 substantia,
792 283 896 319 prolem
923 289 1020 311 natura

236 333 353 361 similem
373 332 415 359 sui
433 331 509 359 edat.

269 377 451 405 Generationis
470 377 566 402 diuina
589 383 605 401 ιι
633 375 764 401 creatione
794 374 962 400 discrimina.
983 388 1019 394 —

237 422 356 450 Proinde
376 429 437 448 cum
457 421 492 447 de
512 420 572 447 Filii
591 419 769 455 generatione
788 420 889 453 agitur,
911 423 1020 453 tempus

238 467 431 494 intercessisse
450 465 541 492 dicere
560 464 673 498 impium
693 469 752 495 est;
807 467 853 490 aut
868 462 930 489 Filii
946 463 1021 490 exsi-

239 513 366 540 stenliam
383 510 460 538 Patre
474 510 650 545 posteriorem
670 509 849 536 constituere.
903 507 942 535 Ex
960 508 1021 543 ipso

238 558 310 585 enim
321 576 328 589 ,
346 557 397 583 hoc
414 561 456 582 est
472 563 505 582 ex
525 554 613 581 Patris
630 558 745 585 natura,
772 560 834 580 esse
859 552 1022 587 proﬁtemur

239 601 301 628 Filii
316 601 534 636 generationem.
552 600 591 626 Ac
605 599 657 626 nisi
675 597 775 625 Filium
789 605 803 625 a
827 598 964 632 principio
983 597 1023 624 si-

240 647 294 674 mul
310 655 371 674 cum
389 645 470 672 Patre
485 653 499 671 a
517 652 572 679 quo
587 644 697 679 genitus
711 647 753 671 est
766 668 772 676 ,
787 642 872 671 fuisse
886 643 1023 670 conceda-

241 699 301 719 mus
313 712 320 724 ,
334 690 456 718 Palerme
466 689 628 718 substantiae
644 689 823 716 mutationem
840 687 1002 715 inducemus
1014 696 1021 715 :

240 737 388 771 quoniam,
406 743 468 762 cum
496 734 577 761 Pater
604 741 658 760 non
681 737 774 764 esset,
799 733 914 767 posthac
935 733 1024 760 evasit

242 783 332 809 Pater.
351 781 405 808 Res
419 781 490 807 enim
514 783 641 810 creette,-
652 778 703 805 etsi
720 777 893 813 postmodum
908 778 1025 805 conditae

242 831 325 858 sunt,
351 833 405 853 non
429 830 521 852 tamen
542 831 575 851 ex
602 823 650 851 Dei
668 823 821 850 substantia
839 823 1023 856 exstiterunt;

242 873 289 900 sed
308 871 394 906 ipsius
411 871 550 897 voluntate
572 873 600 896 et
617 869 739 904 potentia
758 868 868 895 fuerunt
886 869 1025 903 producta:

243 921 273 944 ut
294 921 397 944 essent.
421 915 476 942 Nec
503 917 647 949 propterea
675 913 702 940 in
729 913 774 940 Dei
801 917 927 940 naturam
951 913 1026 940 cadit

243 962 379 990 mutatio:
395 961 497 988 etenim
517 959 659 995 generatio
679 959 789 993 quidem
813 958 840 985 in
866 958 918 985 hoc
932 959 1025 986 consi-

243 1008 311 1040 stit,
339 1011 369 1034 ut
385 1014 417 1034 ex
436 1005 574 1041 gignentis
599 1004 753 1032 substantia
782 1004 873 1038 proles
899 1004 1024 1039 ejusdem

242 1063 305 1082 cum
320 1055 448 1089 gignente
463 1052 625 1080 substantiae
639 1052 822 1086 producatur:
838 1056 866 1078 at
880 1052 983 1079 creatio
998 1057 1025 1080 et

243 1099 352 1126 eﬂectio
367 1099 419 1125 hoc
439 1102 545 1124 tantum
569 1097 700 1131 requirit,
725 1100 753 1123 ut
768 1101 860 1128 extra,
877 1100 904 1124 et
918 1103 972 1124 non
990 1105 1023 1125 ex

244 1146 365 1174 creantis
382 1148 429 1172 aut
447 1145 589 1172 efﬁcientis
604 1144 759 1172 substantia
787 1144 835 1171 llat
859 1143 926 1171 illud
950 1145 1021 1180 quod

244 1191 359 1219 sentiam
377 1190 510 1218 dissimile
525 1190 572 1217 sit.

276 1237 457 1270 Quamobrem
482 1238 508 1264 in
536 1237 604 1269 Deo.
629 1238 676 1272 qui
704 1237 779 1265 solus
804 1244 818 1263 ι
844 1236 1020 1272 perpessione

244 1282 330 1314 omni,
344 1283 505 1310 alteratione
524 1290 556 1310 ac
578 1284 728 1310 mutatione
742 1283 810 1310 liber
824 1286 876 1313 est,
901 1289 1021 1317 semper-

243 1333 298 1360 que
321 1326 416 1354 eodem
434 1327 516 1354 modo
536 1335 565 1354 se
579 1327 680 1360 habet,
705 1331 761 1355 tum
784 1327 938 1362 generatio,
963 1331 1020 1354 tum

242 1372 348 1399 creatio
358 1392 366 1405 ,
380 1373 517 1407 passionis
529 1381 629 1408 expers
645 1377 697 1401 est.
745 1373 812 1400 Nam
828 1380 890 1400 cum
907 1380 957 1400 nec
972 1380 1020 1407 pa-

243 1417 348 1450 tibilis,
375 1425 426 1445 nec
447 1417 526 1445 fluxae
558 1423 664 1445 natura:
690 1419 746 1452 sit;
776 1419 878 1454 quippe
907 1419 1021 1454 simplex

242 1466 295 1492 est.
325 1469 375 1489 nec
404 1463 576 1497 compositus
605 1471 613 1490 ε
640 1467 715 1490 certe
731 1470 782 1491 nec
801 1465 955 1498 passionem
972 1473 1021 1492 nec

243 1506 363 1538 ﬂuxum,
378 1507 420 1534 vel
433 1507 461 1534 in
484 1508 658 1541 generando,
681 1507 722 1535 vel
744 1508 772 1535 in
795 1509 914 1536 creando
929 1511 1021 1537 subire
1040 1507 1061 1535 Ω

242 1555 345 1586 potest,
372 1559 423 1579 nec
456 1552 617 1587 cujusquam
657 1560 736 1587 opem
771 1557 851 1588 alque
881 1554 1024 1588 adjumen-

244 1601 300 1623 tum
320 1596 469 1624 desiderat.
495 1598 528 1624 At
551 1598 690 1632 generatio
710 1598 819 1632 quidem
842 1599 952 1626 initium
967 1607 1021 1627 non

244 1641 327 1668 habet
357 1642 575 1676 sempiternaque
603 1647 661 1674 est,
693 1647 722 1670 ut
756 1651 818 1678 qua:
855 1650 958 1672 naturae
986 1645 1022 1672 sit

243 1693 313 1718 onus
323 1705 330 1717 ,
343 1694 430 1720 exque
442 1686 529 1721 ipsius
543 1687 697 1715 substantia
713 1689 828 1723 prodeat
841 1698 850 1723 ;
865 1697 900 1717 ne
918 1689 1019 1725 alioqui

244 1732 288 1760 ille
302 1731 348 1766 qui
367 1731 470 1767 gignit,
496 1733 677 1761 mutationem
700 1734 814 1767 subeat,
836 1742 868 1761 ac
891 1739 1022 1770 praeterea

245 1784 278 1803 ne
293 1776 364 1804 Dens
379 1777 454 1811 prior
470 1778 523 1810 sit,
540 1777 666 1813 Deusque
685 1780 832 1814 posterior,
848 1788 914 1808 neve
929 1788 1023 1809 acces-

244 1822 351 1849 sionem
370 1822 483 1857 recipiat
499 1831 506 1849 :
533 1824 637 1850 creatio
658 1828 748 1851 autem
769 1825 795 1851 in
822 1825 893 1858 Deo,
907 1833 968 1853 cum
987 1827 1023 1854 sit

245 1867 396 1894 voluntatis
412 1874 482 1902 opus
494 1887 501 1900 ,
519 1867 573 1895 Deo
592 1869 716 1902 profecto
730 1873 866 1898 coacterna
891 1879 944 1899 non
969 1877 1021 1900 est.

245 1910 322 1938 Haud
339 1912 410 1938 enim
436 1915 534 1939 natura
555 1917 742 1948 comparatum
764 1919 821 1946 est,
840 1919 869 1941 ut
890 1915 963 1950 quod
989 1924 1022 1943 ex

246 1955 333 1982 nihilo
346 1955 516 1990 producitur,
627 1959 747 1986 eamdem
761 1967 823 1987 cum
838 1968 870 1987 eo
884 1961 956 1995 quod
972 1961 1024 1989 ini-

245 2003 285 2028 tio
302 2005 394 2032 caret,
415 2005 442 2029 et
465 2003 662 2037 sempiternum
687 2009 749 2037 est,
771 2005 951 2034 aeternitatem
977 2011 1024 2035 aut

246 2047 457 2081 perpetuitatem
475 2048 585 2075 habeat.
612 2049 850 2081 Quemadmodum
872 2051 955 2086 igitur
972 2052 1023 2080 ho-

245 2092 327 2119 minis
340 2096 367 2119 et
383 2092 430 2120 Dei
447 2101 500 2120 non
516 2094 608 2121 eadem
623 2099 665 2122 est
687 2095 821 2123 eﬂiciendi
843 2097 933 2131 ratio;
958 2098 1022 2132 quia

245 2136 328 2163 homo
345 2137 412 2163 nihil
427 2145 459 2164 ex
474 2137 559 2165 nihilo
576 2139 702 2173 producit
718 2146 726 2171 ;
758 2140 807 2169 sed
849 2142 920 2176 quod
942 2142 1023 2170 ellicit

245 2189 277 2209 ex
292 2182 495 2216 pratexsistente
523 2187 549 2210 et
564 2183 687 2218 subjecta
704 2185 818 2211 materia
854 2185 933 2219 facit;
971 2195 1022 2215 nec

246 2227 411 2255 voluntatem
428 2228 562 2255 duntaxat
579 2229 688 2256 adhibet
701 2249 708 2260 ,
724 2230 770 2257 sed
787 2230 864 2265 prius
878 2232 961 2259 etiam
977 2240 1023 2260 co-

245 2272 330 2307 gitat,
348 2272 470 2307 illudque
484 2273 556 2308 quod
574 2273 697 2302 facturus
711 2278 771 2308 est,
790 2275 882 2303 animo
901 2276 1020 2312 eﬂingit,

245 2325 276 2344 ac
290 2319 403 2352 posthac
418 2326 546 2346 manuum
562 2327 671 2354 quoque
684 2319 775 2347 addita
788 2328 871 2355 opera
881 2340 888 2353 ,
901 2321 1021 2349 laborem

245 2367 270 2390 et
286 2363 438 2391 molestiam
453 2365 571 2391 sustinet
607 2372 615 2391 :
643 2372 694 2392 nec
711 2373 775 2393 raro
792 2367 874 2393 etiam
899 2375 947 2402 spe
972 2375 1020 2395 sua

245 2407 357 2439 labitur,
371 2411 400 2435 ut
415 2408 459 2435 cui
472 2408 642 2442 propositum
654 2416 686 2436 ex
701 2409 785 2436 animi
805 2410 946 2438 voluntate
965 2418 1020 2438 non

246 2451 374 2479 succedat
387 2461 392 2478 :
410 2451 481 2479 Deus
494 2456 583 2479 autem
600 2452 657 2479 sola
671 2453 811 2480 voluntate
826 2454 915 2481 omnia
930 2462 963 2481 ex
979 2455 1021 2482 ni-

245 2497 300 2524 hilo
315 2501 342 2524 ut
360 2500 452 2524 essent
469 2497 615 2531 produxit:
632 2497 669 2525 ita
689 2505 737 2525 nec
759 2499 853 2526 eodem
880 2500 962 2527 modo
980 2500 1020 2534 gi-

247 2546 333 2576 gnunt
348 2541 420 2569 Deus
434 2545 461 2569 et
474 2541 564 2569 homo.
583 2541 654 2569 Deus
674 2542 761 2574 enim,
785 2547 814 2569 ut
836 2543 882 2578 qui
906 2543 1020 2578 tempori

1069 243 1118 278 τῆς
1132 243 1201 275 ιδίας
1214 243 1319 276 οὐσίας,
1335 243 1428 278 ὅμοιον
1444 241 1514 269 κατὰ
1531 241 1610 277 φύσιν
1629 241 1737 276 γεννᾷν.

1111 373 1172 400 Ἐπὶ
1193 373 1241 408 μὲν
1266 370 1312 400 οὖν
1338 373 1386 408 τῆς
1411 372 1458 400 τοῦ
1484 372 1550 399 Υίοῦ
1575 372 1728 407 γεννήσεως
1754 372 1843 402 ἀσεϐὲς

1070 419 1159 453 λέγειν
1177 420 1271 454 χρόνον
1289 418 1456 453 μεσιτεῦσαι,
1472 418 1519 445 καὶ
1534 418 1603 453 μετὰ
1618 418 1664 443 τὸν
1677 417 1787 452 Πατέρα
1802 416 1843 451 τὴν

1069 465 1117 491 τοῦ
1134 464 1198 491 Υίοῦ
1213 464 1338 498 γενέσθαι
1355 463 1483 498 ὕπαρξιν.
1512 463 1557 495 Ἐξ
1581 463 1664 489 αὑτοῦ
1687 463 1752 497 γὰρ,
1771 463 1845 496 ἧγουν

1074 511 1123 545 τῆς
1145 510 1192 536 τοῦ
1208 510 1314 545 Πατρδς
1328 509 1445 543 φύσεως,
1471 509 1562 544 φαμὲν
1579 509 1628 543 τὴν
1643 508 1690 534 τοῦ
1707 508 1773 534 Υίοῡ
1793 508 1846 541 γέν-

1073 563 1161 590 νησιν.
1179 555 1234 581 Καὶ
1249 555 1273 580 εί
1288 554 1325 588 μὴ
1341 554 1369 586 ὲξ
1380 554 1466 589 ἀρχῆς
1479 554 1570 588 δῶμεν
1581 553 1626 580 τὸν
1641 552 1706 579 Υίὺν
1720 552 1847 586 συνυπάρ-

1072 609 1130 636 χειν
1146 599 1184 635 τῷ
1200 600 1287 634 Πατρὶ
1306 599 1335 632 ἐξ
1349 600 1432 626 αὑτοῦ
1456 599 1671 634 γεγεννημένον,
1686 598 1789 633 τροπὴν
1806 598 1849 632 τῆς

1072 645 1119 672 τοῦ
1136 646 1244 680 Πατρὺς
1267 645 1442 676 ὑποστάσεως
1462 644 1684 679 παρεισάγομεν·
1704 644 1746 670 ὅτι
1762 643 1800 678 μὴ
1816 643 1848 669 ὼν

1073 691 1168 726 Πατὴρ
1185 691 1299 726 ὕστερον
1318 691 1425 725 ἐγένετο
1442 691 1537 725 Πατήρ
1550 697 1556 705 ·
1584 691 1601 725 ἡ
1628 689 1682 724 γὰρ
1703 689 1793 720 κτίσις
1805 709 1811 721 ,
1828 690 1849 714 εί

1073 737 1122 764 καὶ
1138 737 1206 772 μετὰ
1226 736 1312 763 ταῦτα
1328 737 1449 770 γέγονεν,
1470 736 1527 762 ἀλλ’
1542 736 1591 762 οὐκ
1612 736 1644 762 ἐκ
1660 735 1709 770 τῆς
1723 734 1773 761 τοῦ
1789 735 1848 761 Θεοό

1074 782 1186 814 οὐσίας·
1211 784 1244 809 ὲκ
1267 783 1294 808 δὲ
1311 782 1358 808 τοῦ
1377 782 1414 817 μὴ
1436 782 1513 813 δντος
1529 782 1568 812 είς
1584 781 1615 807 τὸ
1635 778 1704 807 εἶναι
1730 781 1850 816 βουλήσει

1076 828 1123 854 κάι
1136 828 1248 863 δυνάμει
1264 828 1345 855 αὑτοῦ
1366 828 1503 863 παρήχθη,
1517 827 1564 854 καὶ
1575 827 1625 861 οὐχ
1638 826 1752 853 ἃπτεται
1767 825 1850 862 τροπὴ

1043 869 1062 897 Β
1076 874 1124 908 τῆς
1136 873 1183 900 τοῦ
1198 874 1265 900 Θεοῦ
1280 873 1397 908 φύσεως.
1416 873 1546 908 Γέννησις
1563 872 1613 907 μὲν
1639 872 1692 906 γάρ
1707 872 1766 898 ἐστι
1781 872 1810 898 τὺ
1824 873 1851 897 ὲκ

1075 919 1122 954 τῆς
1146 919 1239 950 οὐσίας
1255 920 1302 946 τοῦ
1322 920 1470 953 γεννῶντος
1487 918 1654 953 προάγεσθαι
1675 917 1705 944 τὸ
1720 917 1851 951 γεννώμε-

1076 973 1121 991 νον
1139 965 1232 1000 ὅμοιον
1256 965 1316 992 κατ’
1338 965 1442 992 οὐσίαν.
1459 965 1554 996 Κτίσις
1576 964 1605 991 δὲ
1631 964 1677 990 καὶ
1701 964 1812 998 ποίησις
1826 963 1852 988 τὸ

1077 1010 1193 1044 ἔξωθεν,
1220 1011 1268 1038 καὶ
1287 1011 1336 1038 οὐκ
1360 1011 1392 1038 ὲκ
1413 1011 1462 1046 τῆς
1479 1010 1572 1042 οὕσίας
1588 1009 1634 1036 τοῦ
1652 1009 1793 1041 κτίζοντος
1810 1007 1852 1034 καὶ

1078 1057 1227 1090 ποιοῦντος,
1243 1056 1370 1091 γενέσθαι
1393 1056 1424 1083 τὸ
1451 1056 1610 1091 κτιζόμενον
1629 1055 1675 1082 καὶ
1696 1054 1852 1089 ποιούμενον

1076 1100 1202 1136 ἀνόμοιον
1216 1100 1353 1133 παντελῶς
1367 1100 1429 1129 κατ’
1444 1100 1548 1128 οὐσίαν.

1042 1153 1154 1176 creatur
1178 1153 1225 1176 aut
1247 1149 1372 1182 ellicitur,
1393 1148 1561 1183 omninoque
1580 1150 1712 1182 quantum
1746 1145 1784 1173 ad
1813 1151 1852 1171 es-

1121 1235 1182 1262 Ἐπὶ
1197 1235 1246 1270 μὲν
1257 1232 1303 1261 οὗν
1314 1233 1360 1262 τοῦ
1373 1235 1452 1270 μόνου
1466 1233 1596 1265 ἀπαθοῦς,
1609 1233 1656 1260 καὶ
1667 1233 1853 1263 ἀναλλοιώτου,

1081 1283 1129 1310 καὶ
1145 1282 1279 1316 ἀτρέπτου
1290 1300 1298 1312 ,
1322 1281 1367 1307 καὶ
1385 1281 1429 1306 ἀεὶ
1443 1279 1572 1310 ὡσαύτως
1587 1279 1691 1314 ἔχοντος
1706 1277 1778 1304 Θεοῦ
1790 1297 1798 1309 ,
1815 1278 1856 1303 καὶ

1080 1328 1111 1355 τὸ
1129 1328 1236 1362 γεννᾷν,
1253 1326 1300 1353 καὶ
1319 1326 1349 1352 τὸ
1372 1326 1487 1358 κτίζειν,
1511 1325 1630 1356 ἀπαθές·
1653 1324 1732 1358 φύσει
1752 1324 1810 1358 γὰρ
1824 1323 1856 1349 ὢν

1082 1371 1189 1408 ἀπαθὴς
1205 1372 1249 1398 καὶ
1274 1372 1439 1407 ᾶῤῥευστος,
1458 1371 1495 1402 ὼς
1518 1370 1620 1401 ἁπλοῦς
1637 1371 1682 1397 καὶ
1701 1369 1856 1399 ἀσύνθετος,

1081 1419 1111 1445 οὐ
1126 1418 1258 1452 πέφυκεν,
1275 1416 1420 1452 ὑπομένειν
1443 1416 1538 1448 πάθος,
1554 1416 1570 1450 ἢ
1586 1415 1688 1450 ρεῧσιν,
1701 1415 1766 1441 οὔτε
1783 1416 1811 1441 ὲν
1824 1414 1858 1448 τῷ

1082 1464 1189 1498 γεννᾷν,
1215 1463 1278 1490 οὔτε
1302 1463 1330 1489 ἐν
1347 1463 1385 1498 τῷ
1412 1462 1524 1494 κτίζειν,
1541 1461 1601 1488 οὐδέ
1619 1469 1691 1492 τινος
1715 1461 1858 1496 συνεργίας

1081 1509 1186 1535 δεῖται·
1212 1508 1270 1535 ἀλλ’
1292 1509 1308 1543 ὴ
1336 1508 1385 1543 μὲν
1409 1508 1535 1542 γέννησις
1559 1508 1674 1542 ἄναρχος
1698 1507 1745 1534 καὶ
1767 1507 1859 1538 ἀΐδιος,

1083 1553 1189 1588 φύσεως
1203 1553 1283 1590 ἔργον
1304 1552 1382 1584 οὖσα.
1402 1554 1449 1580 καὶ
1471 1555 1502 1580 ὲκ
1522 1554 1571 1588 τῆς
1585 1553 1678 1584 οὐσίας
1694 1553 1781 1579 αὐτοῦ
1797 1562 1860 1587 προ-

1082 1599 1196 1633 άγουσα,
1215 1599 1259 1626 ἶνα
1279 1599 1383 1634 τροπὴν
1396 1599 1410 1625 ό
1421 1598 1523 1632 γεννῶν
1540 1598 1577 1633 μὴ
1592 1599 1736 1634 ὑπομείνῃ,
1756 1599 1806 1625 καὶ
1822 1598 1860 1624 ἵνα

1084 1645 1122 1679 μὴ
1130 1645 1194 1676 Θεδς
1210 1645 1326 1680 πρῶτος,
1345 1644 1393 1671 καὶ
1406 1644 1471 1675 Θεὸς
1486 1644 1598 1679 ὕστερος
1615 1644 1668 1679 εἴη,
1683 1645 1729 1670 καὶ
1743 1644 1860 1679 προσθή-

1082 1697 1133 1725 κην
1149 1689 1266 1725 δέξηται.
1288 1690 1320 1716 Ἡ
1336 1689 1365 1717 δὲ
1387 1689 1475 1721 κτίσις
1493 1689 1540 1715 ἐπὶ
1558 1688 1625 1715 Θεοῦ
1638 1707 1647 1722 ,
1727 1689 1860 1724 θελήσεως

1083 1735 1162 1770 ἔργον
1175 1733 1257 1767 οὖσα,
1272 1735 1302 1762 οὐ
1322 1735 1456 1766 συνατδιός
1480 1735 1538 1762 ἐστι
1560 1734 1600 1769 τῷ
1616 1733 1685 1769 Θεῷ.
1707 1735 1822 1770 Ἐπειδὴ
1835 1735 1860 1760 οὗ

1083 1780 1188 1814 πέφυκε
1208 1781 1239 1807 τὸ
1253 1781 1284 1807 ἐκ
1295 1780 1342 1807 τοῦ
1364 1781 1400 1815 μὴ
1417 1780 1493 1812 ὄντος
1509 1780 1550 1811 είς
1564 1780 1594 1807 τδ
1615 1777 1684 1806 εἶναι
1703 1781 1861 1815 παραγόμε-

1082 1833 1128 1852 νον
1143 1825 1275 1852 συναῖδιον
1291 1822 1359 1852 εἶναι
1375 1825 1412 1860 τῷ
1429 1825 1538 1860 ἁνάρχῳ
1554 1824 1601 1851 καὶ
1616 1825 1657 1851 ἀεὶ
1676 1825 1746 1851 liv-ct.
1759 1826 1863 1860 Ὥσπερ

1082 1867 1128 1896 οὗν
1139 1870 1154 1890 1³
1170 1870 1219 1904 οὐχ
1234 1870 1333 1905 ὁμοίως
1354 1872 1426 1897 ποιεῖ
1445 1870 1588 1905 ἄνθρωπος
1607 1870 1653 1896 καὶ
1673 1869 1760 1902 Θεός·
1789 1872 1803 1897 ὁ
1819 1871 1863 1905 μὲν

1082 1913 1137 1949 γὰρ
1148 1914 1289 1949 ἅνθρωπος
1303 1915 1378 1941 οὐδὲν
1393 1915 1425 1941 ὲκ
1444 1914 1489 1941 τοῦ
1510 1915 1546 1951 μὴ
1571 1915 1645 1946 ὕντος
1664 1915 1704 1947 εἰς
1722 1915 1779 1952 ἷτδ]
1795 1915 1863 1942 εἶναι

1082 1957 1211 1993 παράγει,
1237 1957 1294 1985 ἀλλ’
1318 1959 1386 1994 ὅπερ
1402 1960 1473 1986 ποιεῖ
1495 1961 1528 1986 ὲκ
1544 1960 1786 1996 προϋποκειμένης
1804 1960 1865 1993 ὕλης

1083 2005 1169 2037 ποιεῖ,
1193 2004 1224 2031 οὑ
1241 2003 1357 2040 θελήσας
1381 2005 1477 2040 μόνον,
1494 2004 1561 2032 ἀλλὰ
1584 2006 1630 2032 καὶ
1651 2007 1863 2042 προεπινοήσας,

1082 2048 1129 2074 καὶ
1143 2049 1171 2075 ὲν
1189 2048 1228 2083 τῷ
1242 2048 1279 2084 νῷ
1292 2049 1469 2081 ὰνατυπώσας
1482 2049 1512 2076 τὸ
1527 2050 1705 2084 γενησόμενον
1716 2072 1725 2083 ,
1743 2049 1805 2078 εἶτα
1824 2051 1863 2076 καί

1083 2093 1175 2128 χερσὶν
1190 2093 1392 2128 ἐργασάμενος,
1410 2093 1457 2120 καὶ
1473 2094 1556 2120 κόπον
1581 2094 1731 2128 ὑπομείνας
1751 2097 1802 2123 καὶ
1823 2096 1864 2122 κὰ-

1085 2146 1179 2173 ματον,
1199 2138 1330 2170 πολλάκις
1350 2139 1379 2165 δὲ
1398 2139 1444 2165 καὶ
1460 2139 1626 2174 ἀστοχήσας,
1642 2139 1678 2174 μὴ
1695 2140 1864 2172 ἀποϐάντος,

1084 2183 1154 2210 καθὰ
1170 2183 1306 2218 βούλεται,
1326 2183 1372 2210 τοῦ
1386 2184 1615 2219 ἐπιτηδεύματος·
1630 2186 1644 2212 ὁ
1660 2185 1688 2211 δὲ
1700 2185 1773 2218 Θεὸς
1790 2187 1863 2222 Θελή-

1084 2236 1134 2260 σας
1148 2230 1236 2264 μόνον,
1253 2229 1285 2255 ἐκ
1300 2229 1346 2256 τοῦ
1364 2229 1400 2265 μὴ
1417 2229 1492 2261 ὄντος
1508 2230 1548 2261 εἰς
1561 2230 1590 2256 τδ
1606 2228 1675 2257 εἶναι
1688 2232 1785 2259 πάντα
1802 2241 1864 2267 παρ-

1083 2271 1196 2307 ήγαγεν.
1213 2272 1305 2304 Οὕτως
1319 2273 1378 2299 οὐδὲ
1400 2273 1500 2308 ὁμοίως
1518 2274 1600 2308 γεννᾷ
1617 2273 1682 2305 Θεὸς
1696 2275 1749 2301 καὶ
1763 2277 1864 2311 ἄνθρω-

1084 2324 1141 2347 πος,
1163 2317 1195 2343 't)
1213 2316 1262 2352 μὲν
1283 2316 1337 2352 γὰρ
1351 2316 1432 2349 Θεὸς,
1454 2317 1568 2353 ἄχρονος
1589 2317 1647 2351 ὣν,
1668 2319 1715 2346 καὶ
1736 2320 1864 2356 ἄναρχος,

1083 2361 1131 2388 καὶ
1157 2361 1266 2397 ἀπαθὴς
1279 2382 1286 2394 ,
1308 2362 1355 2388 καὶ
1379 2362 1543 2398 ᾱῤῥευστος,
1561 2363 1608 2389 καὶ
1630 2364 1783 2399 ἀσώματος
1796 2389 1804 2398 ,
1825 2367 1865 2394 καὶ

1085 2405 1173 2440 μόνος,
1186 2406 1232 2433 καὶ
1249 2406 1436 2441 ἀτελεύτητος,
1453 2407 1587 2443 ἁχρόνως,
1607 2410 1653 2435 καὶ
1665 2410 1811 2445 ἀνάρχως,
1824 2413 1865 2437 καὶ

1083 2449 1206 2483 ἀπαθῶς,
1233 2451 1279 2478 καί¹
1303 2451 1462 2487 ἁρῤεύστως
1489 2454 1589 2488 γεννᾷ,
1619 2455 1665 2480 καὶ
1691 2455 1777 2487 ὲκτδς
1804 2466 1864 2483 συν-

1083 2493 1204 2529 δυασμοῦ
1221 2495 1230 2505 ”
1276 2495 1324 2521 καὶ¹
1371 2495 1432 2521 οὔτε
1457 2495 1544 2531 ἀρχὴν
1565 2496 1622 2531 ἔχει
1636 2498 1652 2531 ἡ
1668 2497 1868 2534 ἀκατάληπτος

1083 2538 1165 2566 αὐτοῦ
1179 2540 1320 2574 γέννησις,
1344 2540 1404 2567 οὐδὲ
1422 2540 1508 2572 τέλος.

249 2595 303 2614 non
333 2588 430 2620 subsit,
454 2593 482 2616 et
499 2588 642 2623 principio,
671 2590 795 2624 passione
817 2596 849 2615 ac
870 2588 987 2615 ﬂuxione
1009 2587 1081 2615 omni
1107 2591 1193 2620 vacet,
1214 2586 1302 2621 sitque
1323 2585 1509 2620 incorporeus,
1533 2592 1566 2612 ac
1590 2584 1663 2612 solus
1684 2583 1718 2611 ab
1744 2584 1862 2612 interitu

249 2633 334 2665 liber;
365 2633 402 2660 ita
419 2635 484 2661 citra
502 2639 609 2669 tempus
624 2643 740 2670 quoque,
764 2639 790 2662 et
807 2634 979 2669 principium,
994 2638 1018 2660 et
1043 2633 1208 2668 passionem.
1225 2637 1253 2660 et
1270 2632 1382 2664 ﬂuxum.
1402 2636 1430 2659 et
1448 2631 1506 2659 sine
1525 2631 1579 2658 ullo
1598 2637 1745 2669 congressu
1763 2631 1860 2667 gignit.

248 2685 280 2705 ac
304 2685 354 2704 nec
369 2679 490 2711 initium,
516 2688 567 2707 nec
590 2681 670 2707 ﬁnem
695 2680 777 2707 habet
792 2678 1074 2713 incomprehensibilis
1090 2679 1174 2713 ipsius
1189 2678 1339 2712 generatio.

286 2724 323 2750 Ac
336 2725 451 2758 proinde
467 2726 646 2760 sempiternus
663 2725 732 2753 Deus
747 2725 863 2752 Verbum
877 2732 954 2751 suum
966 2725 1021 2751 sine

1110 2724 1193 2758 Γεννᾷ
1217 2724 1304 2749 τοίνυν
1325 2723 1339 2748 ὀ
1363 2721 1407 2748 ἀεὶ
1429 2721 1466 2748 ὣν
1487 2721 1552 2752 Θεὸς
1572 2720 1616 2746 τὸν
1635 2718 1733 2746 ἑαυτοῦ
1761 2721 1861 2754 Λόγον.

250 2769 383 2804 principio
401 2779 431 2799 ac
461 2772 513 2799 line
538 2772 638 2807 gignit;
663 2779 697 2798 ne
716 2771 816 2805 alioqui
841 2770 921 2801 Deus,
946 2770 1021 2803 cujus

1081 2768 1177 2794 τέλειον
1194 2768 1268 2798 ὅντα,
1284 2767 1417 2802 ἀνάρχως,
1434 2766 1480 2793 καὶ
1496 2765 1691 2800 ἀτελευτήτως,
1710 2764 1758 2791 ἴνα
1778 2766 1821 2800 μὴ
1835 2766 1863 2791 ὲν

249 2819 348 2842 natura
372 2824 403 2844 ac
425 2817 583 2845 cxsistentia
614 2821 720 2851 tempus
742 2823 823 2843 omne
853 2819 974 2849 superat,
997 2814 1021 2841 in

1081 2813 1166 2849 χρόνῳ
1179 2812 1256 2850 τίκτῃ
1275 2812 1351 2843 Θεὸς,
1371 2812 1384 2838 ὁ
1400 2810 1498 2846 χρόνον
1517 2809 1656 2841 ἁνωτέραν
1672 2809 1743 2844 ἔχων
1760 2811 1815 2841 τήν
1834 2816 1861 2834 τι
