1893 3081
236 151 287 185 107
853 146 1045 180 EUTHYMII
1065 146 1245 177 ZlGABENI
1811 143 1862 176 103

236 208 318 235 unico
334 214 360 239 ν,
380 209 477 238 sonat;
498 203 551 232 alia
569 207 671 237 creata,
687 210 769 239 quam
786 209 838 231 vox
851 203 952 239 γενητὴ
980 203 1007 230 ιιι

1110 204 1200 238 ιφέρει
1216 202 1295 230 οὐσία
1310 201 1421 235 οὐσίας’
1444 202 1544 235 παντὸς
1568 201 1622 238 γὰρ
1644 202 1733 234 εἴδους
1749 201 1830 234 ζώων
1849 203 1863 236 ἡ

236 257 321 282 notat.
339 251 467 280 Secundo
493 255 584 278 autem
606 249 774 285 signiﬁcandi
799 256 899 285 genere
919 249 1007 276 nullm

1110 249 1173 284 ιώτη
1191 249 1339 280 ὗπὸστατις
1353 248 1501 284 ἀγέννητός
1517 249 1602 280 ἐστιν,
1618 248 1676 275 ἀλλ’
1691 248 1741 275 οὐκ
1763 248 1867 282 ἀγένη-

236 299 363 327 essentia
377 298 411 325 ab
425 296 544 324 essentia
558 295 707 323 discrimen
729 295 879 323 inducitur.
901 295 1007 322 Primur

1110 305 1130 327 ;.
1153 294 1334 329 Ἑκτίσοησαν
1349 294 1398 329 μὲν
1411 294 1464 330 γὰρ
1480 294 1532 321 ὑπὸ
1550 294 1598 321 τοῦ
1614 293 1805 330 Δημιουρτοῦ,
1827 294 1866 328 τῷ

237 346 310 372 enim
341 345 473 379 cujusque
504 342 684 369 animantium
716 341 818 377 speciei
853 340 1007 368 individqu

1110 350 1144 376 τῳ
1159 340 1242 368 αὐτοῦ
1257 340 1433 375 παραχθέντα
1446 342 1486 373 εἰς
1497 341 1615 374 γένεσιν.
1630 341 1667 367 Οὐ
1682 340 1737 375 μὴν
1750 339 1867 374 ἐγεννή-

237 391 396 426 άγέννητον.
417 397 463 416 seu
487 387 638 423 ingenitum
652 392 710 420 est;
730 395 785 414 non
801 388 865 414 item
881 387 1021 422 ἀγένητον,

237 437 289 464 hoc
309 442 351 464 est
370 435 482 462 minimc
500 434 639 461 conditum
655 438 682 461 et
701 433 813 460 factum.
837 433 858 460 A
876 433 1022 460 Conditore

1073 387 1170 421 θησαν,
1188 386 1225 421 μὴ
1242 386 1468 422 προϋπάρχοντος
1493 386 1588 421 ἐτέρου
1611 385 1763 422 ὁμοειδοῦς.
1787 386 1819 418 ἑξ
1833 382 1863 412 οῦ

1071 432 1233 468 γεννηθῶσι.

230 482 335 517 quippe
347 489 448 512 rerum,
465 488 513 515 per
526 480 612 515 ipsius
625 479 743 507 Verbum
756 480 782 506 in
798 485 887 507 ortum
905 480 1035 514 producta
1050 486 1123 507 sunt.
1141 480 1175 506 At
1191 488 1244 507 non
1255 479 1363 516 genita;
1377 487 1440 507 cum
1453 484 1516 507 ante
1529 479 1633 506 nullum
1644 479 1717 506 aliud
1732 479 1861 514 ejusdem

235 529 335 566 speciei
347 528 486 564 singulare
498 530 629 558 exstaret,
646 534 678 554 ex
689 534 742 561 quo
759 527 948 562 gignerentur.

271 577 410 609 Quantum
452 575 535 609 igitur
573 574 607 601 ad
647 575 762 609 primani
796 575 1023 609 significationem

235 622 345 654 attinet,
360 621 476 656 singulis
489 621 576 647 tribus
591 625 693 647 sancta:
716 620 828 648 Deitatis
843 621 1021 648 dirinissimis

232 668 359 702 personis
381 674 430 694 vox
455 667 586 701 ἀγένητος
615 668 754 694 convenit.
793 667 921 703 Ejusdem
951 669 1022 696 enim

235 714 394 742 substantiae
417 717 482 740 sunt
496 716 524 739 et
549 712 689 740 inereatae.
711 712 849 746 Quantum
871 720 962 741 autem
988 714 1022 742 ad

235 760 395 792 secandam,
407 767 462 786 non
478 760 542 786 item
559 768 566 786 :
591 759 666 787 solus
686 760 759 787 enim
779 759 860 788 Pater
884 761 1022 796 ingenitus

235 810 289 833 est.
306 804 362 832 Nec
376 805 449 832 enim
463 805 498 831 ab
519 804 572 832 alia
591 812 707 840 persona
729 805 809 834 habet
825 810 854 834 ut
874 807 920 835 sit.
941 807 1021 835 Solus

1114 575 1192 601 Κατὰ
1216 574 1266 609 μὲν
1291 572 1338 601 οὖν
1354 574 1384 601 τὺ
1406 575 1515 610 πρῶτον
1545 575 1746 610 σημαινόμενον
1772 584 1869 602 κοινω·

1075 621 1168 648 νοῦσιν
1195 622 1222 648 σί
1236 622 1312 656 τρεῖς
1329 620 1379 655 τῆς
1403 621 1484 654 ἁγίας
1500 621 1627 655 θεότητος
1652 620 1782 655 ὕπέρθεοι
1800 622 1865 647 ὑπο-

1075 669 1185 699 στάσεις
1203 675 1210 682 '
1235 667 1374 702 ὀμοούσιοι
1402 667 1457 702 γὰρ
1479 668 1526 694 καὶ
1552 667 1674 693 autem
1698 667 1866 701 ὑπάρχουσι.

1075 715 1153 742 Κατὰ
1165 713 1194 740 δὲ
1217 713 1248 740 τὸ
1262 713 1388 748 δεύτερον
1415 713 1627 748 σημαινόμενον,
1653 713 1783 748 οὐδαμῶς
1795 722 1803 729 ·
1817 715 1867 748 μό-

1073 770 1118 792 νος
1134 761 1189 796 γὰρ
1204 761 1217 787 ό
1234 761 1328 795 Πατὴρ
1340 760 1487 794 ἀγέννητος
1499 767 1505 774 ·
1521 760 1551 786 οὐ
1565 760 1618 794 γὰρ
1632 760 1660 793 ἐξ
1674 760 1771 794 ἐτέρας
1790 760 1866 786 ἐστὶν

1072 807 1146 843 αὐτῷ
1165 807 1343 839 ὑποστάσεως
1355 808 1385 834 τδ
1401 805 1482 833 εἶναι.
1497 807 1552 834 Καὶ
1566 807 1645 842 μόνος
1658 807 1672 833 ὀ
1687 807 1750 837 Υίδς
1767 815 1867 840 γεννη-

238 851 321 879 etiam
338 850 422 878 Filius
440 851 548 886 genitus
560 855 603 878 est
619 860 627 878 τ
641 859 673 879 ex
683 851 772 879 Patris
781 852 856 880 enim
867 853 1007 882 substanti;

1110 862 1138 886 ;'
1166 855 1199 881 ἐκ
1215 854 1266 889 τῆς
1281 854 1327 881 τοῦ
1354 854 1460 889 Πατρδς
1485 854 1538 888 γὰρ
1553 854 1648 884 οὐσίας
1674 855 1805 888 ἀνάρχως
1818 853 1866 879 καὶ

235 898 338 932 absque
353 897 431 924 initio
442 897 496 925 ullo
512 905 544 925 ac
556 902 678 933 tempore
690 900 796 934 genitus
814 904 866 927 est.
883 899 963 929 Solus
973 902 1022 930 de-

235 941 318 976 nique
331 941 450 976 Spiritus
461 946 573 969 sanctus
585 950 617 970 ex
630 943 722 982 Patris
738 945 848 979 quidem
871 946 1024 974 substantia

231 984 420 1020 progreditur,
439 991 496 1012 non
513 985 692 1020 generatione
703 1005 710 1019 ,
729 987 777 1014 sed
794 987 972 1022 processione
1003 989 1023 1014 ³.

231 1034 273 1057 tta
296 1030 372 1057 enim
394 1037 410 1057 a
433 1029 524 1057 divina
550 1030 693 1067 Scriptura
717 1032 888 1060 edocemur:
912 1032 1023 1060 tametsi

233 1075 337 1110 alioqui
361 1075 547 1110 generationis
568 1084 601 1104 ac
622 1077 811 1112 processionis
832 1078 930 1106 modus
948 1078 1023 1105 nulla

233 1120 335 1154 ingenii
352 1120 377 1147 vi
396 1120 588 1155 comprehendi
608 1122 704 1156 possit.

267 1165 339 1200 Quin
355 1167 423 1194 illud
435 1174 545 1202 quoque
557 1175 639 1196 nosse
649 1168 764 1196 interest
773 1188 781 1200 ,
795 1169 979 1204 paternitatis.
992 1168 1024 1196 ii-

232 1210 350 1245 lietatis.
367 1216 396 1239 et
411 1213 602 1247 processionis
619 1214 754 1241 vocabula
772 1222 827 1241 non
850 1221 865 1241 a
887 1215 967 1242 nobis
987 1215 1023 1242 ad

231 1257 339 1285 beatam
356 1256 490 1285 Deitatcm
507 1265 569 1286 esse
586 1259 722 1287 translata
733 1279 741 1292 ,
759 1267 854 1287 verum
869 1265 967 1288 contra
987 1261 1023 1288 il-

231 1302 287 1329 linc
300 1303 381 1331 nobis
396 1303 600 1331 communicata
609 1323 616 1335 ,
629 1304 861 1339 quemadmodum
873 1306 1022 1340 Apostolus

230 1348 270 1375 ait
283 1358 290 1376 :
310 1349 452 1383 Propterea
465 1350 543 1384 ﬂecto
557 1358 643 1386 genua
659 1359 716 1378 mea
733 1351 767 1378 ad
786 1351 910 1384 Patrem,
923 1359 956 1379 ea:
969 1360 1021 1387 quo

230 1395 315 1422 omnis
330 1396 478 1430 paternitas
493 1396 521 1423 in
534 1397 598 1423 caelo
613 1401 638 1423 et
654 1397 681 1423 in
696 1402 767 1424 terra
782 1401 825 1425 est
854 1399 875 1424 ¹.

265 1483 404 1517 Quomodo
421 1483 502 1512 Pater
518 1484 605 1519 major
622 1483 706 1513 Filio.
730 1485 843 1512 Verbum
859 1494 910 1513 non
924 1491 964 1514 est
980 1487 1022 1514 in-

229 1534 405 1558 strumentum
422 1530 524 1558 Patris.
541 1531 666 1563 --Qnod
681 1531 704 1558 si
724 1530 833 1559 Patrem
857 1531 919 1559 Filii
942 1532 1020 1567 prin-

1071 900 1194 936 ἀχρόνως
1209 901 1380 936 γεγέννηται.
1400 899 1451 927 Κιὶ
1469 900 1550 934 μόνον
1565 899 1595 926 τὺ
1610 898 1722 934 Πνεῦμα
1734 900 1766 925 τὸ
1784 898 1864 932 ἄτιον

1074 947 1252 982 ἐκπορευτδν,
1269 947 1300 974 ὲκ
1314 947 1364 981 τῆς
1375 947 1422 973 τοῦ
1441 945 1548 982 [ἰατρὸς
1561 945 1667 978 οὐσίας,
1676 945 1708 972 οὐ
1719 945 1865 979 γεννώμε-

1077 995 1131 1018 νον,
1146 986 1204 1013 ἀλλ’
1218 987 1437 1023 ἐκπορευόμενον
1447 995 1453 1001 ”
1468 986 1539 1013 οὓτω
1553 986 1604 1021 μὶν
1643 987 1691 1020 τῆς
1707 987 1784 1019 θείας
1794 988 1868 1014 διδα-

1076 1032 1195 1068 σκούσης
1210 1033 1333 1068 Γραφῆς,
1351 1032 1398 1059 τοῦ
1413 1033 1440 1059 δὲ
1460 1033 1564 1069 τρόπου
1580 1033 1629 1068 τῆς
1649 1033 1806 1069 γεννήσεως
1821 1033 1867 1060 καὶ

1073 1077 1125 1113 τῆς
1140 1079 1332 1114 ὲκπορεύσεως
1347 1078 1541 1114 ἀκαταλήπτου
1557 1079 1737 1114 ὑπάρχοντος.

1111 1170 1166 1197 Καὶ
1182 1169 1261 1197 τοῦτο
1285 1170 1313 1196 δὲ
1339 1170 1447 1203 ίστέον,
1487 1171 1526 1201 ὡς
1579 1169 1629 1196 οὐκ
1653 1169 1683 1201 ἐξ
1696 1169 1776 1204 ἡμῶν
1801 1177 1866 1203 μετ-

1073 1215 1176 1252 ηνέχθη
1194 1216 1240 1242 ἐπὶ
1252 1215 1302 1251 τὴν
1321 1215 1460 1251 μακαρίαν
1473 1216 1590 1250 θεότητα
1607 1215 1639 1242 τὸ
1657 1215 1708 1250 τῆς
1725 1215 1866 1250 πατρὸτη-

1073 1271 1130 1295 τος,
1145 1262 1193 1289 καὶ
1206 1261 1340 1297 υἰότητος.
1363 1263 1410 1289 καὶ
1422 1262 1615 1297 ὲκπηρεὺσεως
1633 1262 1736 1296 ὄνομα·
1750 1262 1866 1288 τούναν-

1073 1309 1131 1335 τίον
1153 1308 1182 1334 δὲ
1197 1307 1303 1335 ἐκεῖθεν
1320 1309 1387 1343 ἡμῖν
1409 1308 1596 1343 μεταδέδοται,
1609 1308 1646 1339 ὦς
1661 1316 1745 1343 φησιν
1763 1308 1778 1334 ὁ
1794 1307 1866 1338 θεῖος

1079 1354 1239 1385 Ἀπόστολος
1252 1363 1258 1368 ·
1279 1353 1329 1380 Διά
1356 1353 1444 1380 τοῦτο
1470 1354 1592 1388 κάμπτω
1613 1353 1648 1380 τὰ
1667 1353 1780 1388 γόνατά
1806 1362 1864 1388 μου

1072 1400 1148 1435 πρὸς
1157 1401 1210 1427 τὸν
1225 1400 1351 1434 Πατέρα,
1366 1399 1400 1432 ἐξ
1412 1397 1448 1428 οὗ
1467 1400 1550 1428 πᾶσα
1569 1399 1676 1434 πατριὰ
1689 1400 1724 1426 ὲν
1744 1399 1866 1434 οἰιρανῷ

1072 1447 1121 1474 καὶ
1135 1446 1184 1473 ἐπὶ
1200 1445 1267 1480 τῆς.

1107 1492 1140 1519 Εἰ
1159 1492 1187 1518 δὲ
1206 1492 1322 1528 λέγομεν
1378 1493 1425 1519 τὸν
1476 1492 1588 1527 Πατέρα
1611 1491 1698 1527 ἀρχὴν
1720 1489 1794 1518 εἶναι
1817 1490 1865 1518 τοῦ

1072 1537 1138 1565 Υίοῦ
1155 1538 1202 1564 καὶ
1225 1538 1348 1573 μείζονα,
1363 1539 1393 1565 οὐ
1416 1536 1594 1573 προτερεύειν
1618 1537 1700 1563 αὐτὸν
1725 1535 1775 1563 τοῦ
1799 1535 1865 1562 Υἱοῦ

229 1576 331 1612 cipium
342 1580 369 1604 et
382 1576 515 1611 majorem
527 1584 589 1605 esse
600 1577 718 1605 dicimus
728 1599 735 1610 ,
749 1578 962 1614 haudquaquam
978 1579 1004 1606 hi

1110 1583 1202 1618 ύνῳ,ἢ
1227 1583 1306 1618 φύσει
1332 1583 1532 1618 ὑποραίνομεψ
1556 1582 1589 1609 δι’
1611 1581 1693 1609 αὐτοῦ
1718 1581 1776 1617 γὰρ
1801 1581 1865 1612 τοὺς

230 1621 322 1649 verbis
339 1629 402 1648 eum
420 1621 490 1649 Filio
505 1622 547 1649 vel
570 1627 695 1657 tempore
717 1623 836 1658 priorem
857 1624 900 1651 vel
922 1628 1021 1652 natura

229 1666 451 1702 prmstautiorcm
468 1674 530 1695 esse
547 1667 705 1695 indicamus
723 1669 734 1686 ³
759 1669 768 1703 (
781 1677 828 1704 per
842 1669 930 1705 ipsum
947 1670 1020 1698 enim

224 1714 296 1742 fecit
308 1714 409 1742 secula
430 1715 464 1749 ⁸),
482 1722 532 1742 nec
544 1715 664 1750 denique
675 1716 728 1743 alia
741 1723 771 1743 re
784 1724 864 1752 quam
880 1717 938 1745 sola
953 1725 1019 1744 eau-

230 1768 281 1793 sa;
300 1761 352 1789 hoc
366 1766 409 1789 est
422 1761 486 1796 quia
500 1769 534 1789 ex
551 1761 632 1789 Patre
646 1763 755 1797 genitus
776 1767 835 1796 est,
854 1771 909 1790 non
927 1768 1018 1791 autem

225 1806 312 1835 ‘Pater
327 1815 360 1835 ex
377 1807 469 1841 Filio;
483 1812 511 1835 et
525 1808 590 1843 quia
606 1813 683 1843 pater
697 1810 862 1836 naturaliter
877 1809 924 1836 lilii
939 1818 1022 1838 causa

229 1858 271 1882 est
283 1861 290 1880 :
304 1853 537 1889 quemadmodum
553 1861 604 1881 nec
620 1854 709 1889 ignem
726 1862 758 1882 ex
777 1855 837 1883 luce
853 1855 965 1891 prodire
979 1855 1023 1882 di-

228 1899 318 1927 cimus
327 1918 336 1932 ,
349 1906 443 1926 verum
458 1899 547 1926 lucem
559 1901 593 1926 e‘x
605 1899 678 1934 igne.
691 1898 826 1932 Quocirca
838 1907 899 1927 cum
915 1899 1022 1927 Patrem

229 1944 291 1972 Filii
308 1944 474 1979 principium
491 1951 523 1971 ac
543 1943 608 1971 Filii
634 1944 767 1979 majorem
781 1946 972 1980 audierimus,
995 1946 1022 1974 id

228 1997 323 2018 causa
338 1990 444 2017 ratione
457 1989 657 2025 intelligamus.
672 1989 703 2018 Et
719 1991 808 2026 ignem
825 1991 897 2019 sicut
911 1999 966 2020 non
983 1993 1023 2020 al-

228 2035 316 2063 terius
329 2035 492 2063 sulistsntiaa
505 2042 569 2063 esse
582 2035 702 2063 dicimus
715 2056 723 2064 .
748 2043 781 2063 ac
805 2044 905 2064 rursus
928 2038 1022 2065 lucem

228 2081 368 2114 alterius;
384 2081 481 2109 eodem
499 2081 582 2108 modo
603 2089 654 2109 nec
670 2082 785 2111 alterius
798 2083 959 2111 substantiae
971 2083 1022 2111 Pa-

228 2131 279 2158 ter.
295 2127 411 2155 alterius
422 2125 509 2155 Filius
524 2126 578 2154 dici
593 2131 703 2162 potest;
719 2129 766 2157 sed
785 2129 867 2156 unius
881 2130 1020 2164 ejusdem-

226 2181 291 2208 que.
355 2172 510 2205 Prmterea.
535 2173 609 2201 sicut
634 2174 725 2210 ignem
748 2182 797 2210 per
819 2175 909 2202 lucem
935 2183 967 2203 ex
985 2184 1018 2204 co

1073 1628 1174 1660 αἰῶνας
1188 1629 1331 1664 ἐποίησεν
1346 1629 1406 1656 οὐδὲ
1420 1629 1481 1656 καθ’
1496 1628 1589 1664 ἔτερόν
1603 1637 1641 1660 τι,
1657 1627 1681 1654 ει
1698 1627 1737 1663 μὴ
1752 1627 1825 1654 κατὰ
1836 1627 1865 1653 τὸ

1072 1675 1173 1701 αἴτιον
1188 1675 1339 1707 τουτέστιν,
1353 1676 1394 1702 ὅτι
1416 1675 1430 1700 ό
1446 1674 1508 1706 Υἱὸς
1532 1674 1564 1701 ἐκ
1587 1673 1634 1700 τοῦ
1661 1673 1771 1708 [ἰατρὸς
1790 1674 1865 1706 ἐγεν-

1072 1721 1152 1756 νήθη,
1167 1721 1214 1747 καὶ
1232 1721 1281 1756 οὐχ
1299 1721 1314 1747 ὁ
1332 1721 1428 1756 Πατὴρ
1445 1721 1478 1747 ὲκ
1493 1719 1540 1747 τοῦ
1556 1719 1636 1747 Υιοῦ·
1656 1720 1702 1746 καὶ
1717 1720 1761 1746 ὅτι
1781 1720 1796 1745 6
1809 1719 1864 1745 Πα-

1071 1766 1125 1802 τὴρ
1149 1767 1236 1797 αίτιός
1252 1767 1310 1793 ἐστι
1329 1765 1376 1793 τοῦ
1400 1765 1465 1792 Υίοῦ
1491 1765 1630 1800 φυσικῶς’
1651 1764 1748 1800 ὥσπερ
1764 1764 1818 1791 οὐκ
1834 1764 1864 1790 ὲκ

1070 1811 1118 1837 τοῦ
1131 1810 1221 1846 φωτὸς
1237 1810 1268 1838 τὸ
1281 1811 1338 1846 πῦρ
1357 1819 1450 1846 φαμεν
1466 1809 1658 1846 προέρχεσθαι,
1671 1809 1743 1836 ἀλλὰ
1759 1809 1793 1836 τδ
1807 1809 1864 1844 φῶς

1073 1855 1173 1891 μᾶλλον
1185 1856 1217 1882 ὲκ
1230 1855 1276 1882 τοῦ
1288 1855 1384 1891 πυρός.
1402 1855 1467 1882 Ὅτε
1478 1853 1524 1881 οὖν
1538 1854 1700 1889 ἀκούσωμεν
1712 1852 1805 1888 ἀρχὴν
1818 1852 1864 1879 καὶ

1073 1900 1184 1936 μείζονα
1204 1899 1252 1928 τοῦ
1265 1900 1331 1927 Υίοῦ
1344 1900 1389 1927 τὸν
1414 1899 1536 1935 Πατέρα,
1555 1899 1595 1935 τῷ
1610 1899 1689 1934 αἰτίῳ
1706 1899 1862 1933 νοήσωμεν.

1071 1947 1127 1973 Καὶ
1140 1947 1236 1982 ὥσπερ
1251 1946 1282 1973 οὐ
1305 1945 1422 1981 λέγομεν
1444 1945 1541 1981 ἑτέρας
1560 1944 1655 1976 οὐσίας
1670 1943 1701 1970 τὸ
1719 1942 1792 1978 πῦρ,
1818 1942 1865 1969 καὶ

1071 1992 1167 2026 ἐτέρας
1192 1991 1223 2018 τδ
1241 1991 1309 2025 φῶς,
1338 1990 1425 2022 οὕτως
1447 1991 1496 2025 οὐχ
1525 1987 1581 2016 οἷόν
1603 1997 1631 2016 τε
1652 1988 1737 2023 φάναι
1767 1987 1865 2022 ἑτέρας

1070 2037 1165 2069 οὐσίας
1181 2036 1226 2064 τὸν
1243 2037 1364 2072 Πατέρα,
1385 2037 1431 2063 καὶ
1445 2037 1492 2063 τὸν
1507 2035 1570 2062 Υίδν
1581 2034 1677 2070 ἑτέρας
1687 2042 1694 2049 ·
1711 2033 1785 2061 ἀλλὰ
1801 2034 1864 2069 μιᾶς

1071 2085 1118 2112 καὶ
1132 2084 1182 2120 τῆς
1196 2083 1291 2119 αὐτῆς.
1305 2084 1360 2110 Καὶ
1375 2083 1504 2118 καθάπερ
1515 2081 1605 2117 φαμὲν
1618 2080 1662 2107 διὰ
1677 2079 1723 2107 τοῦ
1734 2078 1767 2112 ἐξ
1780 2078 1863 2106 αὐτοῦ

1072 2128 1275 2165 προερχομένου
1287 2128 1375 2163 φωτὸς
1388 2128 1495 2163 φαίνειν
1505 2127 1536 2153 τὸ
1546 2126 1613 2162 πῦρ,
1626 2125 1672 2152 καὶ
1685 2125 1715 2152 οὐ
1729 2124 1865 2160 τιθέμεθα

1074 2175 1189 2211 ὄργανον
1215 2174 1382 2210 ὑπουργικδν
1401 2172 1472 2201 εἶναι
1495 2171 1542 2199 τοῦ
1568 2171 1656 2206 πυρὸς
1678 2170 1707 2196 τὸ
1722 2169 1753 2203 ἐξ
1778 2168 1863 2197 αὑτοῦ

226 2218 446 2254 progredientem
461 2218 555 2246 lucere
570 2219 689 2248 dicimus
703 2229 710 2247 :
728 2227 779 2248 nec
793 2220 910 2256 proinde
925 2225 1007 2248 tamet

1110 2228 1142 2254 ›ς,
1156 2219 1273 2255 δύναμιν
1287 2219 1315 2246 δὲ
1332 2219 1433 2255 μᾶλλον
1449 2218 1567 2254 φυσικήν
1576 2225 1582 2234 ι
1598 2216 1670 2243 οὕτω
1683 2215 1807 2250 λέγομεν
1821 2215 1864 2241 τὸν

229 2267 318 2292 lucem
329 2265 443 2292 illames
452 2272 484 2292 eo
495 2268 652 2292 manantem
659 2272 794 2298 organum
807 2265 945 2298 quoddam
954 2274 1015 2295 esse

221 2305 274 2340 ipsi
287 2305 456 2335 inserviens.
475 2304 524 2332 sed
541 2305 595 2330 vim
609 2305 758 2339 quamdam
784 2305 906 2332 nativam
919 2307 1019 2334 statui-

222 2358 286 2378 mus
304 2358 311 2376 :
329 2350 389 2385 pari
413 2350 498 2378 modo
521 2349 634 2378 Patrem
656 2350 750 2378 omnia
779 2358 841 2384 quae
864 2350 946 2385 facit,
970 2360 1020 2387 per

223 2396 402 2432 Unigenitum
429 2403 510 2424 suum
538 2395 630 2424 facere
650 2397 789 2431 dicimus,
809 2404 865 2425 non
884 2403 1017 2434 tanquam

220 2450 272 2478 per
283 2443 383 2471 servile
396 2443 536 2478 quoddam
549 2450 696 2478 organum,
707 2443 755 2472 sed
775 2457 777 2459 -
798 2447 830 2472 ut
873 2451 922 2479 per
961 2442 1016 2470 vim

221 2489 379 2516 naturalem
407 2493 436 2516 et
464 2488 674 2516 subsistentem.
742 2488 861 2524 Insuper
885 2488 1017 2525 quemad-

221 2534 334 2562 modum
347 2534 439 2569 igncm
451 2534 609 2562 illuminare
621 2533 740 2564 dicimus
751 2556 758 2569 ,
776 2536 905 2572 idemque
921 2543 1014 2564 rursus

223 2580 312 2615 ipsius
328 2580 384 2607 luci
403 2580 551 2608 tribuinms
568 2588 575 2612 ;
593 2581 633 2609 sic
647 2581 737 2609 omnia
757 2590 816 2617 qua
835 2581 919 2609 Pater
934 2582 1016 2617 facit,

221 2625 307 2653 Filius
325 2626 407 2653 etiam
424 2626 550 2654 similiter
570 2626 636 2661 facit
665 2629 687 2654 '.
707 2627 743 2655 At
761 2635 827 2655 vero
844 2627 872 2655 in
889 2627 941 2655 hoc
959 2627 1017 2655 dis-

221 2672 328 2699 crimen
343 2672 426 2699 situm
440 2676 499 2705 est,
515 2673 588 2708 quod
603 2672 649 2700 lux
666 2674 804 2709 propriam
817 2678 846 2701 et
859 2672 1017 2700 distinctam

222 2717 258 2744 ab
272 2718 336 2752 igne
351 2718 561 2746 subsistentiam
575 2725 630 2746 non
643 2719 736 2747 habet.
748 2718 836 2748 Filius
849 2724 940 2748 autem
956 2727 1019 2755 per-

223 2763 296 2790 fecta
311 2763 471 2799 hypostasis
490 2769 532 2792 est
544 2787 552 2798 ,
570 2773 585 2793 a
607 2769 722 2800 paterna
747 2765 888 2801 liypostasi
908 2765 1020 2800 insepa-

222 2809 321 2837 rabilis
333 2830 340 2842 ,
361 2815 390 2838 ut
407 2812 537 2847 superius
555 2819 570 2839 a
591 2811 672 2839 nobis
691 2815 833 2840 ostensum
853 2815 906 2839 est.
924 2810 1020 2846 Neque

221 2855 298 2883 enim
315 2855 373 2883 ﬁeri
387 2861 478 2890 potest
491 2861 521 2884 ut
536 2857 564 2884 iu
581 2857 666 2885 rebus
681 2857 784 2884 creatis
798 2857 889 2890 imago
905 2856 958 2883 ulla
972 2859 1019 2882 aut

1070 2265 1184 2294 Πατέρα
1198 2265 1288 2292 πάντα
1301 2265 1353 2291 ὅσα
1370 2264 1453 2297 misi,
1467 2262 1512 2289 διὰ
1528 2261 1576 2288 τοῦ
1593 2258 1757 2297 μονογενοῦς
1779 2258 1863 2286 αὐτοῦ

1071 2304 1137 2332 Υίοῦ
1155 2305 1252 2335 ποιεῖν,
1269 2303 1319 2337 οὐχ
1336 2303 1374 2334 ὡς
1388 2303 1422 2328 δι’
1447 2303 1565 2337 ὀργάνου
1664 2301 1869 2338 λειτουργικοῦ,

1071 2350 1140 2379 ἀλλὰ
1155 2349 1272 2385 φυσικῆς
1286 2348 1330 2375 καὶ
1344 2347 1528 2374 ὲνυποστάτου
1539 2346 1692 2382 δυνάμεως.
1702 2347 1759 2374 Καὶ
1774 2346 1868 2383 ὥσπερ

1071 2396 1188 2431 λέγομεν
1202 2394 1234 2421 τὸ
1246 2392 1302 2429 πῦρ
1321 2392 1462 2428 φωτίζειν,
1480 2392 1528 2419 καὶ
1547 2392 1629 2419 πάλιν
1651 2391 1744 2428 φαμὲν
1760 2392 1793 2419 τδ
1815 2392 1869 2427 φῶς

1071 2441 1119 2468 τοῦ
1135 2439 1221 2476 πυρὸς
1241 2438 1380 2474 φωτίζειν,
1394 2437 1467 2465 οὕτω
1484 2437 1583 2464 πάντα
1598 2436 1658 2464 ὅσα
1676 2436 1759 2464 ποιεῖ
1773 2439 1791 2465 ὁ
1812 2440 1868 2465 Πα-

1072 2487 1141 2521 τὴρ,
1158 2485 1265 2520 ὁμοίως
1286 2484 1337 2511 καὶ
1354 2485 1370 2511 ό
1397 2484 1464 2517 Υἱὸς
1484 2483 1574 2510 ποιεῖ.
1594 2482 1675 2509 Ἀλλὰ
1689 2483 1721 2510 τὺ
1744 2484 1796 2519 μὲν
1816 2483 1869 2518 φῶς

1072 2533 1122 2559 οὐκ
1139 2532 1208 2559 ἰδίαν
1225 2530 1376 2557 ὑπόστασιν
1398 2529 1475 2565 παρὰ
1493 2529 1525 2556 τὸ
1545 2528 1601 2564 πῦρ
1623 2527 1777 2564 κέκτηταν
1809 2530 1823 2556 ὁ
1843 2529 1869 2555 δὲ

1078 2578 1138 2610 Υἱὸς
1149 2577 1241 2604 τελεία
1253 2576 1406 2608 unos-mei;
1419 2576 1489 2607 ἐστι,
1501 2575 1552 2611 τῆς
1568 2575 1704 2611 πατρικῆς
1714 2574 1868 2610 ἀχώριστος

1075 2624 1264 2655 ὑποστάσεως,
1280 2622 1319 2654 ὡς
1342 2621 1472 2657 ἀνωτέρω
1483 2622 1708 2657 παρεστήκαμεν.
1725 2620 1868 2648 Ἀδύνατον

1075 2670 1130 2705 γὰρ
1151 2669 1297 2705 εὑρεθῆναι
1316 2669 1346 2695 ὲν
1368 2669 1401 2704 τῇ
1419 2668 1508 2694 κτίσει
1533 2668 1628 2694 εἰκόνα
1649 2667 1868 2704 ἀπαραλλάκτως

1074 2717 1105 2744 ὲν
1128 2717 1213 2751 ἑαυτῇ
1239 2715 1286 2742 τὸν
1306 2715 1409 2749 τρόπον
1426 2714 1478 2749 τῆς
1502 2714 1584 2748 ἁγίας
1599 2714 1715 2750 Τριάδος
1739 2715 1869 2750 παραδει-

1077 2761 1226 2790 κνύουσαν.
1248 2761 1285 2787 Τὸ
1310 2761 1365 2796 γὰρ
1382 2761 1492 2788 χτιστὸν
1509 2762 1556 2788 καὶ
1580 2760 1722 2793 σύνθετον,
1737 2761 1788 2789 καὶ
1811 2763 1868 2797 ῥευ-

1078 2807 1151 2837 στδν,
1177 2806 1224 2833 καὶ
1250 2806 1380 2840 τρεπτὸν,
1405 2806 1453 2832 καὶ
1477 2806 1682 2842 περίγραπτον,
1703 2806 1752 2833 καὶ
1780 2806 1869 2841 σχῆμα

1078 2852 1150 2887 ἔχον,
1172 2851 1218 2878 καὶ
1233 2851 1366 2887 φθαρτὸν,
1383 2851 1443 2883 πῶς
1455 2852 1550 2887 σαφῶς
1564 2852 1679 2889 δηλώσει
1692 2852 1743 2888 τὴν
1765 2853 1868 2880 πάντων

263 2903 272 2918 ¹
285 2901 363 2930 «Ιοιιο.
379 2911 423 2938 xv,
439 2904 485 2931 26.
524 2905 534 2920 ¹
551 2903 651 2939 Ephes.
671 2912 697 2938 v,
710 2904 754 2931 ii.
793 2903 803 2919 ³
815 2903 894 2932 Joan.
910 2910 955 2937 xv,
971 2902 1006 2930 28

1110 2902 1167 2930 ebr.
1180 2910 1200 2937 ι,
1218 2902 1263 2931 26,
1302 2903 1312 2920 ³
1328 2901 1407 2931 Joan.
1422 2910 1450 2937 ν,
1467 2903 1512 2932 i9.
