1893 3081
72 185 108 220 H3
512 189 700 220 PANOPLIA
720 188 950 219 DOGMATICA.
971 201 1004 206 -
1020 187 1097 217 Tl'l‘.
1112 186 1158 216 ΙΙ.

1595 179 1646 212 lli

66 246 185 280 λεπτότητα
194 253 200 260 ·
213 244 258 270 καὶ
269 243 297 269 τὸ
312 242 341 269 ἓν
354 241 458 276 ἐξαλμα
469 241 519 276 τῆς
533 241 677 276 κινήσεως.
693 240 751 267 Μία
762 241 816 276 γὰρ

893 251 925 270 Im
943 244 1005 278 quia
1024 250 1149 278 personae
1172 247 1316 270 cozeterna:
1330 248 1408 276 sunt,
1433 248 1493 271 tum
1512 245 1577 280 quia
1598 246 1656 273 illa.

66 291 133 322 οὐσία,
149 290 191 325 μία
200 289 341 324 ἁγαθότης,
358 288 407 323 μία
417 287 543 322 δύναμις,
563 286 613 321 μία
632 286 753 321 θέλησις,
768 286 816 320 μία

67 337 173 371 ἐνέργεια,
198 335 244 370 μία
271 334 389 366 ἐξουσία,
420 333 470 368 μία
500 333 547 359 καὶ
563 333 580 367 ἡ
594 331 674 366 αὐτὴ,
694 331 724 358 οὒ
742 333 816 367 τρεῖς

66 381 134 415 ὅμοιαι
147 380 282 414 ἀλλήλαιςο
299 378 367 405 ἀλλὰ
385 378 435 413 μία
455 377 504 404 καὶ
523 378 540 412 ὴ
556 375 625 412 αὑτὴ
642 376 748 412 κίνησις
762 375 817 403 τῶν

66 425 127 461 τριῶν
148 425 320 451 ὺποστάσεων.
343 424 392 450 Ἐν
416 423 471 458 γὰρ
497 423 614 461 ἕκαστον
641 422 732 449 αὐτῶν
760 422 816 457 ἔχει

67 471 116 506 πρὸς
126 471 150 497 τὸ
162 470 257 505 ἕτερον,
269 471 319 505 οὺχ
331 467 413 505 ἦττον
428 470 444 504 ἢ
462 469 528 505 πρὸς
546 468 641 495 ἑαυτόν
652 476 659 482 ·
678 468 818 495 τουτέστιν

67 518 95 542 ἰτι
105 516 161 543 κατὰ
176 516 258 543 πάντα
274 517 303 543 ἓν
317 516 387 542 εἰσιν
420 516 435 542 ὁ
460 515 566 550 Πατὴρ,
582 515 629 542 καὶ
648 516 663 541 ὁ
675 514 750 547 Υἱὸς,
770 515 818 541 καὶ

66 561 87 587 τὸ
96 562 157 595 ἅγιον
171 561 286 596 Πνεῦμα,
297 561 367 596 πλὴν
380 561 431 595 τῆς
444 560 618 596 ἀγεννησίας,
634 559 682 587 καὶ
694 560 744 595 τῆς
755 568 818 594 γεν-

66 607 152 640 νήσεως,
163 607 263 642 καὶτῆς
279 607 470 644 ὲκπορεύσεως
482 614 489 621 ·
510 606 618 642 ἐπινοίᾳ
631 606 659 632 δὲ
673 606 704 632 τὸ
722 606 818 642 διῃρη-

67 651 135 685 μένον.
158 652 221 679 Ἕνα
252 652 306 688 γὰρ
332 652 400 679 Θεὸν
424 651 613 686 γινώσκομεν·
634 650 663 678 ὲν
683 651 777 686 μόναις
789 651 819 679 δὶ

66 698 110 728 ταῖς
123 697 223 732 ἰδιότησι
235 697 283 732 τῆς
294 706 324 724 τε
340 698 520 733 πατρότητος,
550 697 597 724 καὶ
616 698 666 732 τῆς
683 697 818 732 υίότητος,

66 742 152 778 καὶτῆς
165 744 367 779 έκπορεύσεως·
402 736 475 770 κατά
500 751 530 769 τε
559 743 588 769 τὺ
605 743 703 775 αἴτιον,
727 742 819 769 καὶτὸ

66 786 400 823 αἱτιατὸν(1),καὶτδτέλειον
410 790 459 824 τῆς
490 788 677 821 ὑποστάσεως,
696 789 756 823 ἦτοι
774 788 820 815 τὸν

66 833 103 868 τῆς
129 834 260 868 ὑπάρξεως
289 834 408 869 τρόπον,
433 834 483 870 τὴν
507 834 640 870 διαφορὰν
664 833 818 869 ἐννοοῦμεν.

67 879 117 906 οὔτε
126 880 174 914 γὰρ
187 879 300 915 τοπικὴν
326 879 477 914 διάστασιν,
509 880 546 912 ὡς
575 881 618 916 ἐφ’
633 880 722 916 ἡμῶν,
738 880 819 907 δυνά-

67 923 120 957 μεθα
132 924 172 951 ἐπὶ
179 924 226 960 τῆς
233 925 444 960 ἀπεριγράπτου·
453 925 543 960 λέγειν
552 925 690 962 θεότητος·
700 927 730 953 ὲν
738 926 821 961 ἀλλή-
839 928 861 956 Β
873 930 930 955 tur.

66 967 111 999 λαις
121 968 167 1003 γὰρ
177 969 203 995 αἱ
226 970 392 1002 ὑποστάσεις
405 971 489 998 είσίν·
503 971 552 1007 οὐχ
567 971 637 999 ὥστε
651 972 821 1007 συγχεῖσθαι,

67 1012 117 1039 ἀλλὰ
128 1013 190 1040 ὥστε
202 1015 323 1050 ἔχεσθαι,
336 1016 408 1043 κατὰ
419 1017 465 1043 τὸν
474 1017 522 1044 τοῦ
537 1018 641 1054 Κυρίου
653 1019 742 1053 λόγον,
751 1018 824 1054 Ἐ’Υῶ

66 1057 92 1083 ἐν·
100 1058 131 1091 τῷ
141 1060 232 1094 Πατρὶ.
243 1061 294 1088 καί
307 1063 324 1088 ὁ
338 1061 442 1096 Πατὴρ
454 1063 490 1089 ἐν
500 1063 576 1097 ἐμοὶ,
592 1064 729 1098 φήσαντος
742 1074 749 1080 -
761 1063 824 1090 οὔτε

68 1100 192 1136 θελήματος
206 1104 348 1140 διαφορὰν,
363 1105 380 1141 ἢ
392 1106 516 1142 γνώμης,
526 1107 543 1142 ἦ
552 1107 703 1142 ἐνεργείας,
716 1108 733 1143 ἢ
743 1107 825 1135 δυνά-

68 1154 132 1179 μεως.
143 1149 159 1183 ἡ
171 1157 238 1181 τινος
249 1151 355 1187 ἐτέρου,
373 1151 452 1179 ἆτινα
467 1153 517 1187 τὴν
542 1153 751 1189 πραγματικὴν,
778 1155 826 1181 καὶ

67 1191 134 1219 διόλου
158 1195 185 1221 ὲν
211 1197 278 1232 ἡμῖν
300 1198 416 1232 γεννῶσι
442 1198 585 1235 διαίρεσιν.
609 1199 654 1226 Διδ
671 1200 732 1226 οὐδὲ
750 1200 826 1235 τρεῖς

67 1237 125 1270 θεοὺς
135 1239 252 1276 λέγομεν,
287 1243 333 1270 τὸν
361 1245 484 1280 Πατέρα,
500 1246 547 1272 καὶ
573 1245 618 1272 τὸν
643 1246 720 1277 Υἰδν,
737 1247 784 1273 καὶ
795 1247 826 1273 τὸ

66 1281 126 1315 ἅγιον
143 1285 265 1320 Πνεῦμα·
295 1288 343 1314 ἕνα
371 1289 400 1316 δὲ
434 1289 534 1324 μᾶλλον
563 1289 648 1322 Θεὸν.
674 1290 724 1325 τὴν
744 1291 826 1324 ἁγίαν

67 1327 156 1363 Τριάὂα,
167 1333 204 1363 εἰς
218 1333 247 1359 ἒν
259 1333 350 1361 αἴτιον
402 1335 471 1362 Tibi
521 1335 569 1362 καὶ
591 1335 750 1371 Πνεῦματος
762 1337 827 1363 ἁνα-

68 1374 205 1408 (ιιερομένων,
218 1377 249 1403 οὐ
265 1378 479 1413 συντιθεμένων,
494 1379 556 1406 οὐδὲ
567 1395 570 1398 ~
580 1380 826 1417 συναλειφομένων,

67 1417 121 1462 λιτὰ
135 1419 177 1455 τὴν
197 1421 344 1450 Σαϐελλίου
368 1424 538 1459 συναίρεσιν’
562 1425 686 1453 ἐνοῦνται
703 1427 768 1462 γὰρ.
788 1427 828 1460 ὡς

68 1461 159 1498 ἔφημεν,
183 1468 230 1503 οὐχ
248 1469 322 1496 ὥστε
350 1471 523 1505 συγχεῖσθαι.
547 1471 606 1499 ἀλλ’
623 1472 694 1499 ὥστε
716 1461 827 1508 ἔχεσθαι

66 1508 180 1556 αλλήλων·
207 1515 255 1541 καὶ
280 1515 330 1550 τὴν
359 1516 388 1542 έν
412 1516 541 1551 ἀλλήλαις
638 1518 825 1556 περιχώρησιν

67 1552 137 1587 ἔχουσι
150 1557 206 1592 δίχα
235 1559 329 1595 πάσης
357 1561 520 1596 συναλοιφῆς
549 1562 595 1588 καὶ
626 1552 826 1599 συμφῦρσείος·

66 1599 112 1627 οὐδὲ
125 1601 315 1639 ἐξισταμένων,
331 1605 347 1640 ἢ
364 1606 424 1633 κατ’
441 1606 536 1634 οὐσίαν
560 1607 734 1642 τεμνομένων
756 1608 828 1635 κατὰ

65 1645 102 1680 τὴν
127 1648 224 1683 Ἀρείου
254 1650 399 1686 διαίρεσιν.
436 1652 598 1688 ’Δμέριστος
620 1652 675 1688 γὰρ
690 1654 719 1680 ἐν
744 1662 829 1688 μεμε-

66 1693 192 1735 ρισμένοις,
216 1697 240 1723 εί
268 1697 310 1723 δεῖ
333 1698 474 1733 συντόμως
498 1699 597 1731 είπεῖν,
613 1699 755 1735 ὴΘεότης,
781 1700 829 1727 καὶ

65 1734 107 1764 οἷον
121 1740 146 1766 ἐν
159 1742 242 1776 ήλίοις
257 1743 347 1779 τρισὶν
364 1744 504 1779 ἐχομένοις
529 1744 662 1780 ἀλλήλων,
689 1746 737 1772 καὶ
753 1746 829 1773 ἀδια-

64 1783 154 1816 στάτοις
167 1784 235 1817 οὖσι,
247 1788 301 1822 μία
317 1787 363 1814 τοῦ
380 1789 469 1822 φωτὸς
488 1789 640 1824 σύγκρασις
652 1798 681 1816 τε
695 1790 747 1826 ,καὶ
762 1799 828 1817 συν-

64 1827 140 1860 aqua.
152 1831 231 1859 Ὅταν
248 1833 299 1868 μὲν
325 1832 371 1860 οὖν
391 1834 460 1870 πρὸς
483 1835 533 1870 τὴν
547 1835 661 1870 Θεότητα
675 1835 828 1871 βλέψωμεν.

65 1875 101 1901 καὶ
112 1876 155 1911 τὴν
169 1878 279 1914 πρώτην
298 1880 398 1912 αἰτίαν,
416 1881 463 1906 καὶ
486 1880 534 1916 τὴν
565 1882 725 1917 μοναρχίαν,
741 1882 788 1909 καὶ
799 1882 830 1908 τὸ

65 1918 94 1952 ἓν,
107 1923 147 1948 καὶ
161 1925 257 1951 ταυτὸν
273 1926 324 1960 τῆς
335 1925 474 1961 θεότητος,
490 1927 523 1953 ἵν’
537 1926 624 1958 οὕτως
637 1928 716 1960 εἴπω,
727 1927 831 1962 κίνημα

65 1973 86 1991 τε
109 1967 150 1994 καὶ
173 1969 307 2006 βούλημα,
338 1972 386 1998 καὶ
401 1973 450 2007 τὴν
469 1973 518 2007 τῆς
552 1972 657 2005 οὐσίας,
683 1974 731 2000 καὶ
752 1973 830 2000 δυνά-

65 2018 132 2043 μεως,
147 2015 190 2040 καὶ
205 2016 359 2052 ἐνεργείας,
373 2017 420 2043 καὶ
438 2018 599 2052 κυριότητος
623 2019 785 2053 ταυτότητα,
801 2018 831 2044 ἓν

64 2056 117 2090 ἡμῖν
140 2059 168 2086 τὸ
193 2063 408 2097 φανταζόμενον.
424 2064 510 2091 Ὀταν
526 2064 554 2090 δὲ
577 2065 645 2100 πρὸς
660 2064 695 2091 τὰ
714 2065 743 2090 ὲν
757 2061 797 2095 οἷς
813 2065 830 2100 ἡ

63 2102 157 2139 θεότης,
169 2107 196 2142 ἢ.
212 2108 243 2135 τό
271 2117 304 2142 γε
332 2109 527 2145 ἀκριϐέστερον
546 2111 645 2142 εἰπεῖν,
657 2110 675 2137 ἃ
689 2112 705 2145 ἡ
719 2111 830 2145 Θεὸτης,

64 2149 100 2174 καὶ
115 2151 145 2177 τὰ
163 2153 192 2179 ἐκ
207 2154 258 2188 τῆς
274 2154 388 2190 πρώτης
401 2155 490 2186 αίτίας
501 2156 625 2191 ἀχρόνως
639 2155 743 2182 ἐκεῖθεν
753 2156 831 2188 ὄντα,

66 2196 100 2220 ιαὶ
111 2198 248 2232 ὁμοδόξως.
259 2201 307 2227 καὶ
322 2201 491 2233 ἀδιαστάτως
505 2210 511 2217 ·
522 2202 645 2228 τουτέστι
654 2202 702 2233 τὰς
715 2201 833 2228 ῦποστά-

869 295 929 315 rum
956 289 1051 316 cadent
1069 293 1110 316 est
1129 288 1268 320 essentia,
1288 287 1418 320 facultas,
1443 289 1583 321 voluntas,
1598 297 1657 317 sen-

869 335 962 362 tentiae
992 334 1190 370 conspiratio,
1223 334 1318 361 eadem
1350 341 1460 369 quoque
1485 336 1658 369 auctoritas,

870 378 1003 414 potentia,
1032 379 1153 406 bonitas.
1180 377 1239 405 Non
1269 379 1337 411 dixi,
1363 378 1586 410 similitudinem,
1612 379 1659 405 sed

870 425 1054 458 idcnlitatem,
1087 429 1171 460 atque
1195 432 1278 452 unam
1310 424 1444 453 motionis
1476 424 1659 459 praesultatio-

871 478 948 498 nem.
997 469 1057 498 Una
1070 471 1145 498 enim
1165 474 1208 498 est
1225 470 1359 504 essentia,
1384 478 1438 497 una
1465 470 1587 503 bonitas,
1606 477 1660 497 una

870 519 1004 552 potestas,
1021 523 1077 543 una
1091 516 1231 548 voluntas,
1247 523 1302 543 una
1319 515 1450 549 facultas,
1470 523 1523 543 una
1539 516 1660 542 auctori-

871 566 928 591 tas:
950 569 1015 593 una,
1033 561 1157 597 inquam,
1173 565 1200 589 et
1228 562 1343 593 eadem,
1370 569 1425 588 non
1452 565 1508 589 tres
1534 562 1608 588 inter
1631 568 1661 588 se

871 607 987 639 similes,
1004 606 1053 634 sed
1067 614 1121 634 una
1140 607 1221 642 plane
1238 606 1393 642 eademque
1420 607 1504 634 trium
1531 614 1660 642 persona-

871 660 932 680 rqu
949 654 1043 680 motio.
1058 652 1234 688 Unaquaeque
1255 653 1327 680 enim
1344 652 1471 688 ipsarum
1495 660 1549 680 non
1571 652 1662 680 minus

872 697 1005 724 unitatem
1020 697 1175 725 habetcum
1190 698 1253 730 alia,
1271 706 1352 733 quam
1371 699 1430 733 ipsa
1447 705 1550 726 secum.
1571 696 1661 725 Unum

872 742 973 778 quippe
1002 743 1130 778 idemque
1150 744 1263 772 omnino
1289 748 1355 772 sunt
1379 744 1462 772 Pater
1483 749 1510 772 et
1534 743 1620 772 Filius
1635 747 1663 771 et

873 788 995 824 Spiritus
1018 794 1150 823 sanctus;
1176 790 1229 818 nisi
1253 791 1326 826 quod
1343 788 1429 818 Pater
1444 790 1584 826 ingenitus
1608 793 1662 822 est,

872 833 959 862 Filius
973 835 1093 870 genitus,
1105 839 1132 862 et
1147 834 1269 870 Spiritus
1284 840 1398 864 sanctus
1412 836 1560 871 processit.
1584 835 1664 868 Quod

871 883 967 908 autem
991 880 1019 908 in
1045 888 1078 909 ea
1103 881 1256 909 discretum
1277 886 1331 914 est,
1353 882 1522 918 cogitatione
1543 881 1662 917 percipi-

990 927 1081 955 Unum
1096 927 1198 962 quippe
1219 926 1304 955 Deum
1322 926 1532 962 cognoscimus:
1549 926 1578 964 in
1592 926 1661 953 solis

873 972 1102 1007 proprietatibus,
1181 972 1311 1000 nimirum
1386 972 1573 1008 palernitatis,
1592 971 1662 1000 illia-

873 1017 968 1048 tionis,
986 1022 1013 1045 ct
1028 1017 1235 1052 processionis;
1252 1021 1335 1052 atque
1350 1021 1484 1052 quantum
1498 1016 1532 1044 ad
1547 1023 1661 1045 causam

873 1066 901 1090 et
921 1067 1077 1095 causatum,
1095 1071 1127 1090 ac
1145 1063 1304 1098 bypostasis
1319 1063 1528 1098 perfectionem,
1546 1062 1599 1090 hoc
1620 1066 1663 1090 est

874 1108 1026 1136 exsistendi
1049 1109 1172 1141 modum,
1196 1108 1404 1136 distinctionem
1474 1107 1662 1144 intelligimus.

874 1153 969 1190 Neque
984 1155 1056 1185 enim
1079 1155 1239 1183 distantiam
1255 1154 1408 1183 secundum
1422 1154 1525 1186 locum,
1547 1156 1576 1180 ut
1590 1152 1663 1188 apud

875 1206 937 1231 nos,
966 1199 993 1226 iu
1021 1198 1128 1226 Deitate
1151 1206 1214 1234 quae
1240 1198 1527 1233 circumscriptionem
1553 1204 1663 1224 omnem

875 1244 1009 1276 excludit,
1026 1244 1172 1271 admittere
1192 1244 1257 1271 licet
1278 1245 1354 1278 (sunt
1371 1243 1443 1271 enim
1460 1250 1587 1278 persona:
1604 1243 1665 1270 alia;

875 1290 903 1318 in
918 1290 994 1323 aliis;
1010 1297 1065 1317 non
1082 1293 1112 1316 ut
1125 1290 1196 1317 inter
1220 1297 1250 1317 se
1263 1289 1483 1321 confundantur,
1502 1290 1549 1317 sed
1568 1294 1598 1316 ut
1613 1296 1661 1316 co-

877 1333 1008 1366 haereant,
1034 1335 1112 1368 juxta
1137 1342 1198 1361 eam
1226 1333 1335 1361 Domini
1358 1334 1522 1362 sententiam
1539 1335 1616 1369 :Ego
1635 1334 1662 1361 in

876 1379 960 1407 Patre
981 1384 1006 1407 et
1031 1380 1114 1407 Pater
1140 1379 1167 1407 in
1193 1387 1233 1406 me
1250 1384 1289 1407 est
1326 1379 1346 1415 ι)
1365 1387 1415 1407 nec
1431 1379 1594 1412 voluntatis,
1617 1384 1664 1406 aut

877 1427 1038 1459 sententiae;
1065 1429 1113 1453 aut
1143 1425 1336 1457 emcacitatis,
1361 1428 1408 1452 aut
1435 1425 1588 1460 potentiae;
1618 1430 1666 1452 aut

877 1473 991 1501 alterius
1003 1472 1150 1507 cujusdam
1165 1471 1215 1502 rei,
1232 1478 1293 1506 quae
1317 1471 1419 1498 realem
1433 1478 1465 1498 ac
1478 1469 1664 1498 omnimodam

877 1518 906 1546 in
926 1518 1006 1546 nobis
1029 1517 1235 1545 distinctionem
1263 1518 1368 1551 gignat,
1393 1515 1543 1543 discrimen
1567 1515 1664 1544 ullum.

878 1564 1052 1599 Quapropter
1067 1570 1119 1590 nec
1133 1567 1190 1590 tres
1205 1562 1271 1589 deos
1283 1560 1392 1588 Patrem
1404 1566 1432 1588 et
1447 1561 1547 1588 Filium
1562 1564 1590 1588 et
1602 1560 1665 1596 Spi-

879 1609 961 1636 ritum
977 1611 1106 1636 sanctum
1119 1607 1256 1640 dicimus;
1272 1607 1341 1641 quin
1360 1605 1451 1641 potius
1463 1608 1588 1633 sanctam
1601 1604 1666 1632 Tri-

879 1654 990 1682 nitatem
1007 1660 1092 1680 unum
1110 1652 1194 1680 Deum
1220 1652 1373 1680 asserimus
1394 1660 1401 1680 :
1424 1651 1465 1679 sic
1489 1650 1618 1678 videlicet
1635 1655 1667 1678 ut

879 1700 966 1728 Filius
982 1704 1007 1728 el
1025 1699 1149 1735 Spiritus
1164 1702 1279 1726 sanctus
1294 1697 1328 1724 ad
1341 1704 1425 1724 unum
1442 1701 1583 1724 auctorem
1595 1696 1667 1723 rel'e-

879 1751 988 1778 rantur,
1003 1753 1059 1773 non
1081 1749 1172 1772 antem
1198 1749 1414 1779 componantur,
1440 1747 1488 1770 aut
1508 1743 1587 1778 juxta
1616 1742 1668 1769 Sa-

879 1791 952 1820 bellii
980 1790 1198 1818 contractionem
1233 1796 1287 1816 una
1326 1789 1486 1816 coalescant
1509 1795 1542 1815 ac
1566 1788 1668 1822 permi-

879 1841 1010 1865 sceantur
1026 1838 1173 1872 (uniuntur
1187 1836 1276 1867 enim.
1304 1838 1334 1863 ut
1358 1835 1490 1866 diximus,
1507 1842 1562 1861 non
1578 1834 1615 1860 ita
1637 1838 1668 1860 ut

880 1882 1098 1915 confundantur,
1116 1881 1163 1909 sed
1184 1886 1214 1909 ut
1231 1881 1405 1913 cohaereant;
1423 1883 1506 1915 atque
1521 1886 1584 1907 sese
1597 1879 1668 1905 invi-

882 1936 944 1955 Cr‘m
961 1928 1030 1955 citra
1047 1935 1157 1955 omnem
1179 1925 1430 1954 contradictionem
1448 1931 1481 1952 ac
1496 1924 1669 1952 commistio-

882 1981 942 2001 nem
963 1973 1136 2009 pervadant),
1158 1979 1209 2000 nec
1236 1975 1314 1999 extra
1328 1979 1357 1999 se
1383 1971 1499 1998 invicem
1524 1970 1669 2000 sistantur,

881 2024 928 2046 aut
942 2022 1076 2054 quantum
1093 2019 1126 2046 ad
1141 2018 1293 2046 essentiam
1313 2017 1391 2051 juxta
1419 2017 1477 2043 Arii
1504 2016 1669 2044 divisionem

881 2066 1058 2094 scindantur.
1125 2063 1245 2091 lndivisa
1271 2063 1343 2091 enim
1366 2063 1395 2090 in
1420 2062 1528 2093 divisis,
1556 2065 1585 2088 ut
1612 2069 1670 2088 rem

883 2110 1002 2137 breviter
1013 2108 1165 2140 enuntiem,
1180 2107 1317 2136 llivinitas
1328 2112 1369 2135 est
1380 2115 1394 2140 ς
1404 2115 1435 2134 ac
1451 2107 1524 2134 velut
1540 2107 1567 2134 in
1582 2106 1671 2134 tribus

883 2156 988 2184 solibus
998 2155 1049 2184 sibi
1065 2155 1182 2183 invicem
1197 2154 1410 2185 cohaerentibus,
1426 2154 1501 2180 nulla
1515 2153 1568 2179 loci
1585 2152 1673 2180 inter-

883 2203 1018 2238 capedine
1033 2201 1196 2236 disiunctis,
1211 2208 1265 2228 una
1280 2201 1434 2235 eademque
1450 2200 1520 2227 lucis
1537 2203 1673 2234 tempera-

66 2247 110 2272 θείς
134 2244 178 2270 τοῦ
193 2246 257 2273 Υίοῦ
283 2247 331 2273 καὶ
351 2247 398 2274 τοῦ
418 2247 586 2282 Πνεύματος,
611 2248 674 2283 τρία
695 2248 731 2274 τὰ
747 2255 825 2283 προσ-

893 2248 924 2276 io
945 2253 1027 2283 atque
1048 2247 1221 2282 conjunctio.
1248 2245 1340 2279 Quare
1363 2253 1426 2273 cum
1455 2245 1602 2278 Deitatem,
1618 2243 1674 2279 pri-

66 2288 207 2323 ιυνοὺμενα.

884 2302 1013 2329 mamque
1041 2293 1116 2320 illam
1142 2299 1277 2324 causam,
1304 2295 1332 2318 ct
1362 2290 1571 2324 monarchiam,
1592 2295 1674 2325 atque

67 2338 133 2359 unam
149 2335 328 2371 eamdemque
344 2336 496 2364 divinitatis
515 2336 529 2372 ⁴(
543 2341 573 2364 ut
589 2335 624 2364 ita
641 2336 747 2372 dicam)
759 2337 909 2364 motionem
926 2341 954 2364 et
970 2337 1149 2368 voluntatem,
1171 2336 1320 2363 essentiam
1347 2343 1378 2362 ac
1401 2335 1563 2370 potentiam,
1579 2335 1670 2363 enica-

66 2381 223 2417 cilatemque,
238 2389 269 2411 et
286 2384 499 2411 dominationem
517 2384 666 2416 intuemur,
683 2392 766 2412 unum
782 2385 915 2413 duntaxat
934 2383 1028 2411 sensui
1050 2388 1146 2411 nostro
1163 2384 1336 2411 obversatur.
1361 2384 1397 2411 At
1413 2392 1492 2418 vero,
1508 2392 1570 2412 cum
1585 2393 1628 2416 ea.
1642 2386 1669 2412 in

65 2428 147 2459 qubus
164 2429 254 2457 Deitas
266 2436 322 2461 est.
339 2432 391 2465 vel,
407 2433 430 2459 si
444 2433 600 2461 accuratius
616 2433 784 2468 loquendum
801 2439 854 2466 est,
872 2440 933 2468 qua:
952 2432 1044 2460 Deitas
1056 2437 1107 2465 est,
1124 2437 1205 2468 atque
1219 2439 1250 2459 ea
1266 2439 1326 2467 qua:
1340 2440 1373 2459 ex
1390 2433 1514 2468 principe
1529 2433 1573 2460 illa
1587 2441 1670 2461 causa

65 2473 120 2500 cilra
136 2483 212 2504 omne
226 2479 359 2512 temporis
373 2479 502 2513 spatium,
517 2480 664 2514 glorizeque
679 2480 838 2512 discrimen,
857 2487 888 2507 ac
904 2479 1106 2514 scparationem
1124 2479 1276 2512 exsistunt;
1297 2480 1348 2506 hoc
1364 2483 1406 2506 est
1422 2487 1563 2514 personas,
1577 2481 1669 2507 consi-

66 2519 184 2554 deramus,
203 2525 253 2551 tria
271 2531 335 2552 sunt
352 2532 411 2559 quae
424 2533 437 2552 a
455 2525 533 2553 nobis
553 2526 713 2554 adorantur.

93 2570 146 2606 Χρὴ
161 2572 187 2598 δὲ
201 2572 359 2605 γινώσκειν,
375 2572 416 2598 ὃτι
432 2573 477 2598 τὸν
494 2572 602 2607 Πατέρα
619 2573 650 2599 οὑ
670 2573 788 2608 λέγομεν
805 2573 836 2599 ἔκ

66 2621 140 2647 τινος·
167 2617 285 2652 λέγομεν
309 2618 337 2644 δὲ
364 2619 445 2644 αὐτὸν
473 2618 519 2644 τοῦ
547 2618 610 2645 Υίοῠ
639 2619 757 2653 Πατέρα.
783 2619 835 2645 Τὸν

67 2659 89 2685 δὲ
103 2661 168 2695 Υἱίν,
184 2665 214 2690 οὑ
235 2664 353 2698 λέγομεν
371 2665 467 2696 αἴτιον,
489 2662 555 2690 ὀὐδὲ
583 2665 702 2699 Πατέρα·
719 2665 835 2699 λέγομεν

67 2704 88 2731 δὲ
104 2708 186 2741 αὑτὸν,
204 2711 252 2736 καὶ
270 2711 301 2736 ἐκ
319 2710 365 2736 τοῦ
384 2711 498 2745 Πατρὶς,
513 2711 561 2737 καὶ
573 2711 637 2737 Υίδν
652 2711 699 2737 τοῦ
717 2711 833 2744 Πατρός.

67 2749 95 2775 Τδ
107 2752 131 2778 δὲ
145 2754 254 2789 Πνεῦμα
270 2755 300 2781 τὸ
316 2757 403 2790 ἅγιον,
419 2753 466 2782 καὶ
481 2758 513 2782 ὲκ
526 2756 574 2783 τοῦ
589 2757 694 2791 Πατρὺς
707 2757 834 2792 λέγομεν,

96 2812 129 2846 (ί)
157 2815 194 2843 Ad
218 2816 300 2842 verba
324 2818 370 2842 καὶ
390 2817 420 2842 τδ
440 2804 561 2843 αἱτιατὺν
584 2816 714 2852 scholion
730 2823 825 2850 sequer

893 2817 975 2852 :gitur
1003 2817 1030 2843 in
1055 2817 1148 2844 codice
1175 2817 1186 2842 i
1216 2815 1370 2849 Mosquensi
1395 2823 1402 2840 :

67 2845 98 2872 (απ
113 2845 219 2882 conatu;
231 2851 262 2876 τὸ
274 2853 407 2878 αιτιατὸν
423 2852 540 2879 ἐνταῦθα
555 2852 674 2891 νοητέον.
692 2845 834 2878 Murum.

98 2905 189 2936 'Juan.
209 2917 254 2940 xv.
276 2909 318 2938 il.

919 2572 1019 2599 V‘erum
1036 2572 1062 2599 id
1076 2571 1154 2599 nobis
1171 2571 1366 2599 advertendum
1382 2577 1432 2604 est,
1445 2573 1518 2608 quod
1529 2580 1589 2600 cum
1611 2581 1665 2600 non

884 2618 1007 2646 dicamus
1020 2618 1128 2645 Patrem
1144 2625 1204 2645 esse
1222 2625 1254 2645 ex
1277 2618 1377 2652 aliquo,
1395 2619 1511 2646 dicimus
1523 2624 1612 2646 tamen
1626 2619 1666 2654 ip-

885 2672 944 2691 sum
963 2663 1022 2691 Filii
1052 2663 1168 2691 Patrem.
1202 2663 1300 2690 Filiqu
1326 2669 1416 2691 autem
1435 2671 1485 2691 nec
1500 2664 1560 2691 sine
1574 2671 1667 2694 causa.

885 2719 935 2738 nec
949 2711 1054 2738 Patrem
1069 2711 1195 2742 dicimus,
1211 2711 1258 2738 sed
1270 2719 1303 2738 ex
1317 2710 1404 2743 Patre,
1424 2716 1451 2738 et
1465 2710 1561 2738 Filium
1571 2710 1668 2737 Patris.

883 2757 918 2784 At
934 2757 1064 2792 Spiritum
1079 2762 1248 2789 sanctum,et
1261 2764 1294 2784 ex
1313 2757 1393 2784 Patre
1419 2756 1534 2784 dicimus
1563 2763 1633 2787 esse,
1642 2761 1670 2783 et

1431 2812 1600 2848 ’ἰδιοτρόπως
1624 2813 1671 2838 καὶ
