  <div class='ocr_page' id='page_1' title='image "/cluster/home/n/w/nwhite01/storage/ocr_20150623/130/njp.32101010942777/071.png"; bbox 0 0 1893 3081; ppageno 0'>
   <div class='ocr_carea' id='block_1_1' title="bbox 203 126 254 160">
    <p class='ocr_par' dir='ltr' id='par_1_1' title="bbox 203 126 254 160">
     <span class='ocr_line' id='line_1_1' title="bbox 203 126 254 160; baseline 0 -1"><span class='ocrx_word' id='word_1_1' title='bbox 203 126 254 160; x_wconf 76' lang='lat'><strong>1‘27</strong></span> 
     </span>
    </p>
   </div>
   <div class='ocr_carea' id='block_1_2' title="bbox 816 121 1207 156">
    <p class='ocr_par' dir='ltr' id='par_1_2' title="bbox 816 121 1207 156">
     <span class='ocr_line' id='line_1_2' title="bbox 816 121 1207 156; baseline -0.003 -1"><span class='ocrx_word' id='word_1_2' title='bbox 816 121 1007 156; x_wconf 75' lang='lat' dir='ltr'><strong>EUTHYMII</strong></span> <span class='ocrx_word' id='word_1_3' title='bbox 1027 121 1207 156; x_wconf 70' lang='lat' dir='ltr'><strong>ZIGABENI</strong></span> 
     </span>
    </p>
   </div>
   <div class='ocr_carea' id='block_1_3' title="bbox 1777 121 1841 156">
    <p class='ocr_par' dir='ltr' id='par_1_3' title="bbox 1777 121 1841 156">
     <span class='ocr_line' id='line_1_3' title="bbox 1777 121 1841 156; baseline -0.031 0"><span class='ocrx_word' id='word_1_4' title='bbox 1777 121 1841 156; x_wconf 74' lang='lat'><strong>123</strong></span> 
     </span>
    </p>
   </div>
   <div class='ocr_carea' id='block_1_4' title="bbox 200 181 995 220">
    <p class='ocr_par' dir='ltr' id='par_1_4' title="bbox 200 181 989 220">
     <span class='ocr_line' id='line_1_4' title="bbox 200 181 989 220; baseline -0.005 -8"><span class='ocrx_word' id='word_1_5' title='bbox 200 184 287 220; x_wconf 79' lang='lat' dir='ltr'><strong>magis</strong></span> <span class='ocrx_word' id='word_1_6' title='bbox 303 183 423 219; x_wconf 86' lang='lat' dir='ltr'><strong>proprie,</strong></span> <span class='ocrx_word' id='word_1_7' title='bbox 434 190 516 218; x_wconf 90' lang='lat' dir='ltr'><strong>quam</strong></span> <span class='ocrx_word' id='word_1_8' title='bbox 533 182 591 217; x_wconf 87' lang='lat' dir='ltr'><strong>ipsa</strong></span> <span class='ocrx_word' id='word_1_9' title='bbox 606 181 715 210; x_wconf 57' lang='lat' dir='ltr'><strong>saecula.</strong></span> <span class='ocrx_word' id='word_1_10' title='bbox 738 181 869 216; x_wconf 83' lang='lat' dir='ltr'><strong>Tempus,</strong></span> <span class='ocrx_word' id='word_1_11' title='bbox 900 187 929 208; x_wconf 92' lang='lat' dir='ltr'><strong>ut</strong></span> <span class='ocrx_word' id='word_1_12' title='bbox 944 188 989 208; x_wconf 80' lang='lat' dir='ltr'><strong>rc~</strong></span> 
     </span>
    </p>
   </div>
   <div class='ocr_carea' id='block_1_5' title="bbox 1056 181 1843 220">
    <p class='ocr_par' dir='ltr' id='par_1_5' title="bbox 1061 181 1843 217">
     <span class='ocr_line' id='line_1_5' title="bbox 1061 181 1843 217; baseline 0.001 -9"><span class='ocrx_word' id='word_1_13' title='bbox 1061 181 1099 208; x_wconf 85' lang='grc' dir='ltr'>ὦν</span> <span class='ocrx_word' id='word_1_14' title='bbox 1114 181 1231 208; x_wconf 84' lang='grc' dir='ltr'>αἰώνων.</span> <span class='ocrx_word' id='word_1_15' title='bbox 1248 181 1351 217; x_wconf 79' lang='grc' dir='ltr'>Χρόνος</span> <span class='ocrx_word' id='word_1_16' title='bbox 1371 181 1411 214; x_wconf 81' lang='grc' dir='ltr'><strong>δὲ,</strong></span> <span class='ocrx_word' id='word_1_17' title='bbox 1433 182 1470 213; x_wconf 81' lang='grc' dir='ltr'><strong>ὡς</strong></span> <span class='ocrx_word' id='word_1_18' title='bbox 1487 181 1584 217; x_wconf 84' lang='grc' dir='ltr'>μέτρον</span> <span class='ocrx_word' id='word_1_19' title='bbox 1599 181 1652 208; x_wconf 80' lang='grc' dir='ltr'>τῶν</span> <span class='ocrx_word' id='word_1_20' title='bbox 1668 181 1763 208; x_wconf 77' lang='grc' dir='ltr'>ὅ-ιτων·</span> <span class='ocrx_word' id='word_1_21' title='bbox 1786 181 1843 209; x_wconf 73' lang='grc' dir='ltr'><strong>καὶ</strong></span> 
     </span>
    </p>
   </div>
   <div class='ocr_carea' id='block_1_6' title="bbox 201 226 991 262">
    <p class='ocr_par' dir='ltr' id='par_1_6' title="bbox 201 226 991 262">
     <span class='ocr_line' id='line_1_6' title="bbox 201 226 991 262; baseline -0.005 -6"><span class='ocrx_word' id='word_1_22' title='bbox 201 237 262 256; x_wconf 88' lang='lat' dir='ltr'><strong>rum</strong></span> <span class='ocrx_word' id='word_1_23' title='bbox 279 236 417 261; x_wconf 82' lang='lat' dir='ltr'><strong>mensura,</strong></span> <span class='ocrx_word' id='word_1_24' title='bbox 450 235 503 262; x_wconf 87' lang='lat' dir='ltr'><strong>qua</strong></span> <span class='ocrx_word' id='word_1_25' title='bbox 515 227 626 262; x_wconf 88' lang='lat' dir='ltr'><strong>quidem</strong></span> <span class='ocrx_word' id='word_1_26' title='bbox 653 227 760 254; x_wconf 89' lang='lat' dir='ltr'><strong>ratione</strong></span> <span class='ocrx_word' id='word_1_27' title='bbox 785 233 827 254; x_wconf 87' lang='lat' dir='ltr'><strong>est</strong></span> <span class='ocrx_word' id='word_1_28' title='bbox 840 226 922 253; x_wconf 89' lang='lat' dir='ltr'><strong>etiam</strong></span> <span class='ocrx_word' id='word_1_29' title='bbox 936 230 991 252; x_wconf 87' lang='lat' dir='ltr'><strong>ter-</strong></span> 
     </span>
    </p>
   </div>
   <div class='ocr_carea' id='block_1_7' title="bbox 200 272 992 308">
    <p class='ocr_par' dir='ltr' id='par_1_7' title="bbox 200 272 992 308">
     <span class='ocr_line' id='line_1_7' title="bbox 200 272 992 308; baseline -0.004 -7"><span class='ocrx_word' id='word_1_30' title='bbox 200 275 294 302; x_wconf 91' lang='lat' dir='ltr'><strong>minus</strong></span> <span class='ocrx_word' id='word_1_31' title='bbox 309 282 411 305; x_wconf 90' lang='lat' dir='ltr'><strong>rerum,</strong></span> <span class='ocrx_word' id='word_1_32' title='bbox 427 279 456 301; x_wconf 88' lang='lat' dir='ltr'><strong>ut</strong></span> <span class='ocrx_word' id='word_1_33' title='bbox 471 273 519 308; x_wconf 88' lang='lat' dir='ltr'><strong>qui</strong></span> <span class='ocrx_word' id='word_1_34' title='bbox 534 273 608 308; x_wconf 88' lang='lat' dir='ltr'><strong>ipsas</strong></span> <span class='ocrx_word' id='word_1_35' title='bbox 636 273 775 300; x_wconf 93' lang='lat' dir='ltr'><strong>terminat.</strong></span> <span class='ocrx_word' id='word_1_36' title='bbox 816 272 992 307; x_wconf 86' lang='lat' dir='ltr'><strong>Quandoqui-</strong></span> 
     </span>
    </p>
   </div>
   <div class='ocr_carea' id='block_1_8' title="bbox 201 318 992 352">
    <p class='ocr_par' dir='ltr' id='par_1_8' title="bbox 201 318 992 352">
     <span class='ocr_line' id='line_1_8' title="bbox 201 318 992 352; baseline -0.003 -6"><span class='ocrx_word' id='word_1_37' title='bbox 201 321 262 347; x_wconf 85' lang='lat' dir='ltr'><strong>dem</strong></span> <span class='ocrx_word' id='word_1_38' title='bbox 280 324 307 347; x_wconf 87' lang='lat' dir='ltr'><strong>et</strong></span> <span class='ocrx_word' id='word_1_39' title='bbox 324 320 434 352; x_wconf 65' lang='lat' dir='ltr'><strong>saecula,</strong></span> <span class='ocrx_word' id='word_1_40' title='bbox 447 325 474 346; x_wconf 90' lang='lat' dir='ltr'><strong>et</strong></span> <span class='ocrx_word' id='word_1_41' title='bbox 489 319 595 346; x_wconf 86' lang='lat' dir='ltr'><strong>inﬁnita</strong></span> <span class='ocrx_word' id='word_1_42' title='bbox 611 319 773 347; x_wconf 60' lang='lat' dir='ltr'><strong>saeculorum</strong></span> <span class='ocrx_word' id='word_1_43' title='bbox 802 319 888 346; x_wconf 85' lang='lat' dir='ltr'><strong>series</strong></span> <span class='ocrx_word' id='word_1_44' title='bbox 903 318 992 346; x_wconf 86' lang='lat' dir='ltr'><strong>inﬁni-</strong></span> 
     </span>
    </p>
   </div>
   <div class='ocr_carea' id='block_1_9' title="bbox 200 365 992 400">
    <p class='ocr_par' dir='ltr' id='par_1_9' title="bbox 200 365 992 400">
     <span class='ocr_line' id='line_1_9' title="bbox 200 365 992 400; baseline -0.001 -8"><span class='ocrx_word' id='word_1_45' title='bbox 200 370 255 392; x_wconf 87' lang='lat' dir='ltr'><strong>tate</strong></span> <span class='ocrx_word' id='word_1_46' title='bbox 263 367 424 392; x_wconf 81' lang='lat' dir='ltr'><strong>terminatur</strong></span> <span class='ocrx_word' id='word_1_47' title='bbox 438 366 522 398; x_wconf 90' lang='lat' dir='ltr'><strong>illius,</strong></span> <span class='ocrx_word' id='word_1_48' title='bbox 536 365 581 400; x_wconf 92' lang='lat' dir='ltr'><strong>qui</strong></span> <span class='ocrx_word' id='word_1_49' title='bbox 599 365 722 392; x_wconf 87' lang='lat' dir='ltr'><strong>inﬁnitus</strong></span> <span class='ocrx_word' id='word_1_50' title='bbox 737 365 872 392; x_wconf 87' lang='lat' dir='ltr'><strong>inﬁnities</strong></span> <span class='ocrx_word' id='word_1_51' title='bbox 886 365 992 392; x_wconf 84' lang='lat' dir='ltr'><strong>inﬁnite</strong></span> 
     </span>
    </p>
   </div>
   <div class='ocr_carea' id='block_1_10' title="bbox 201 409 993 445">
    <p class='ocr_par' dir='ltr' id='par_1_10' title="bbox 201 409 993 445">
     <span class='ocr_line' id='line_1_10' title="bbox 201 409 993 445; baseline 0 -9"><span class='ocrx_word' id='word_1_52' title='bbox 201 410 260 444; x_wconf 89' lang='lat' dir='ltr'><strong>ipsa</strong></span> <span class='ocrx_word' id='word_1_53' title='bbox 274 410 472 444; x_wconf 82' lang='lat' dir='ltr'><strong>complectitur.</strong></span> <span class='ocrx_word' id='word_1_54' title='bbox 491 409 647 442; x_wconf 73' lang='lat' dir='ltr'><strong>Generatio.</strong></span> <span class='ocrx_word' id='word_1_55' title='bbox 666 414 695 437; x_wconf 91' lang='lat' dir='ltr'><strong>ut</strong></span> <span class='ocrx_word' id='word_1_56' title='bbox 721 410 767 445; x_wconf 89' lang='lat' dir='ltr'><strong>qui</strong></span> <span class='ocrx_word' id='word_1_57' title='bbox 787 410 820 436; x_wconf 88' lang='lat' dir='ltr'><strong>ad</strong></span> <span class='ocrx_word' id='word_1_58' title='bbox 839 414 929 437; x_wconf 90' lang='lat' dir='ltr'><strong>ortum</strong></span> <span class='ocrx_word' id='word_1_59' title='bbox 945 409 993 436; x_wconf 93' lang='lat' dir='ltr'><strong>de-</strong></span> 
     </span>
    </p>
   </div>
   <div class='ocr_carea' id='block_1_11' title="bbox 202 457 992 492">
    <p class='ocr_par' dir='ltr' id='par_1_11' title="bbox 202 457 992 492">
     <span class='ocr_line' id='line_1_11' title="bbox 202 457 992 492; baseline 0 -8"><span class='ocrx_word' id='word_1_60' title='bbox 202 457 278 484; x_wconf 86' lang='lat' dir='ltr'><strong>ducit</strong></span> <span class='ocrx_word' id='word_1_61' title='bbox 291 466 333 489; x_wconf 89' lang='lat' dir='ltr'><strong>ea,</strong></span> <span class='ocrx_word' id='word_1_62' title='bbox 351 465 412 492; x_wconf 72' lang='lat' dir='ltr'><strong>quae</strong></span> <span class='ocrx_word' id='word_1_63' title='bbox 446 458 640 492; x_wconf 87' lang='lat' dir='ltr'><strong>quoquomodo</strong></span> <span class='ocrx_word' id='word_1_64' title='bbox 670 458 749 485; x_wconf 88' lang='lat' dir='ltr'><strong>ﬁuttt.</strong></span> <span class='ocrx_word' id='word_1_65' title='bbox 784 457 883 489; x_wconf 86' lang='lat' dir='ltr'><strong>Locus,</strong></span> <span class='ocrx_word' id='word_1_66' title='bbox 900 461 930 484; x_wconf 90' lang='lat' dir='ltr'><strong>ut</strong></span> <span class='ocrx_word' id='word_1_67' title='bbox 945 457 992 492; x_wconf 87' lang='lat' dir='ltr'><strong>qui</strong></span> 
     </span>
    </p>
   </div>
   <div class='ocr_carea' id='block_1_12' title="bbox 202 503 990 539">
    <p class='ocr_par' dir='ltr' id='par_1_12' title="bbox 202 503 990 539">
     <span class='ocr_line' id='line_1_12' title="bbox 202 503 990 539; baseline -0.001 -8"><span class='ocrx_word' id='word_1_68' title='bbox 202 504 293 531; x_wconf 81' lang='lat' dir='ltr'><strong>omnia</strong></span> <span class='ocrx_word' id='word_1_69' title='bbox 309 504 441 530; x_wconf 88' lang='lat' dir='ltr'><strong>continet.</strong></span> <span class='ocrx_word' id='word_1_70' title='bbox 454 504 551 531; x_wconf 85' lang='lat' dir='ltr'><strong>Omnia</strong></span> <span class='ocrx_word' id='word_1_71' title='bbox 579 503 697 538; x_wconf 88' lang='lat' dir='ltr'><strong>denique</strong></span> <span class='ocrx_word' id='word_1_72' title='bbox 710 504 834 539; x_wconf 81' lang='lat' dir='ltr'><strong>superior</strong></span> <span class='ocrx_word' id='word_1_73' title='bbox 852 503 990 530; x_wconf 85' lang='lat' dir='ltr'><strong>omnibus.</strong></span> 
     </span>
    </p>
   </div>
   <div class='ocr_carea' id='block_1_13' title="bbox 530 550 666 584">
    <p class='ocr_par' dir='ltr' id='par_1_13' title="bbox 530 550 666 584">
     <span class='ocr_line' id='line_1_13' title="bbox 530 550 666 584; baseline 0.007 -8"><span class='ocrx_word' id='word_1_74' title='bbox 530 550 666 584; x_wconf 80' lang='lat' dir='ltr'><strong>Ejusdem.</strong></span> 
     </span>
    </p>
   </div>
   <div class='ocr_carea' id='block_1_14' title="bbox 238 596 994 628">
    <p class='ocr_par' dir='ltr' id='par_1_14' title="bbox 238 596 994 628">
     <span class='ocr_line' id='line_1_14' title="bbox 238 596 994 628; baseline -0.001 -5"><span class='ocrx_word' id='word_1_75' title='bbox 238 596 309 624; x_wconf 83' lang='lat' dir='ltr'><strong>Deus</strong></span> <span class='ocrx_word' id='word_1_76' title='bbox 327 601 354 623; x_wconf 90' lang='lat' dir='ltr'><strong>et</strong></span> <span class='ocrx_word' id='word_1_77' title='bbox 367 596 501 623; x_wconf 87' lang='lat' dir='ltr'><strong>terminus</strong></span> <span class='ocrx_word' id='word_1_78' title='bbox 518 604 609 623; x_wconf 90' lang='lat' dir='ltr'><strong>rerum</strong></span> <span class='ocrx_word' id='word_1_79' title='bbox 623 596 732 628; x_wconf 85' lang='lat' dir='ltr'><strong>dicitur,</strong></span> <span class='ocrx_word' id='word_1_80' title='bbox 745 600 773 623; x_wconf 87' lang='lat' dir='ltr'><strong>et</strong></span> <span class='ocrx_word' id='word_1_81' title='bbox 785 596 906 623; x_wconf 89' lang='lat' dir='ltr'><strong>inﬁnitas</strong></span> <span class='ocrx_word' id='word_1_82' title='bbox 920 603 927 622; x_wconf 90' lang='lat'><strong>:</strong></span> <span class='ocrx_word' id='word_1_83' title='bbox 941 600 994 622; x_wconf 90' lang='lat' dir='ltr'><strong>ter-</strong></span> 
     </span>
    </p>
   </div>
   <div class='ocr_carea' id='block_1_15' title="bbox 201 642 993 677">
    <p class='ocr_par' dir='ltr' id='par_1_15' title="bbox 201 642 993 677">
     <span class='ocr_line' id='line_1_15' title="bbox 201 642 993 677; baseline -0.001 -8"><span class='ocrx_word' id='word_1_84' title='bbox 201 643 302 674; x_wconf 85' lang='lat' dir='ltr'><strong>minus,</strong></span> <span class='ocrx_word' id='word_1_85' title='bbox 318 647 347 669; x_wconf 95' lang='lat' dir='ltr'><strong>ut</strong></span> <span class='ocrx_word' id='word_1_86' title='bbox 360 642 432 677; x_wconf 86' lang='lat' dir='ltr'><strong>ipsas</strong></span> <span class='ocrx_word' id='word_1_87' title='bbox 449 644 597 670; x_wconf 87' lang='lat' dir='ltr'><strong>terminans</strong></span> <span class='ocrx_word' id='word_1_88' title='bbox 614 652 622 675; x_wconf 85' lang='lat'><strong>;</strong></span> <span class='ocrx_word' id='word_1_89' title='bbox 643 643 764 670; x_wconf 87' lang='lat' dir='ltr'><strong>inlinitas</strong></span> <span class='ocrx_word' id='word_1_90' title='bbox 779 647 808 669; x_wconf 89' lang='lat' dir='ltr'><strong>ut</strong></span> <span class='ocrx_word' id='word_1_91' title='bbox 819 650 902 677; x_wconf 85' lang='lat' dir='ltr'><strong>super</strong></span> <span class='ocrx_word' id='word_1_92' title='bbox 919 642 993 676; x_wconf 88' lang='lat' dir='ltr'><strong>ipsas</strong></span> 
     </span>
    </p>
   </div>
   <div class='ocr_carea' id='block_1_16' title="bbox 203 687 993 723">
    <p class='ocr_par' dir='ltr' id='par_1_16' title="bbox 203 687 993 723">
     <span class='ocr_line' id='line_1_16' title="bbox 203 687 993 723; baseline 0 -9"><span class='ocrx_word' id='word_1_93' title='bbox 203 693 349 715; x_wconf 73' lang='lat' dir='ltr'><strong>extensus:</strong></span> <span class='ocrx_word' id='word_1_94' title='bbox 364 695 427 715; x_wconf 88' lang='lat' dir='ltr'><strong>nam</strong></span> <span class='ocrx_word' id='word_1_95' title='bbox 447 689 508 723; x_wconf 89' lang='lat' dir='ltr'><strong>ejus</strong></span> <span class='ocrx_word' id='word_1_96' title='bbox 522 689 641 716; x_wconf 91' lang='lat' dir='ltr'><strong>inﬁnitas</strong></span> <span class='ocrx_word' id='word_1_97' title='bbox 669 689 760 716; x_wconf 85' lang='lat' dir='ltr'><strong>omnia</strong></span> <span class='ocrx_word' id='word_1_98' title='bbox 780 687 936 715; x_wconf 86' lang='lat' dir='ltr'><strong>transiliens</strong></span> <span class='ocrx_word' id='word_1_99' title='bbox 950 687 993 715; x_wconf 84' lang='lat' dir='ltr'><strong>iu-</strong></span> 
     </span>
    </p>
   </div>
   <div class='ocr_carea' id='block_1_17' title="bbox 203 733 374 768">
    <p class='ocr_par' dir='ltr' id='par_1_17' title="bbox 203 733 374 768">
     <span class='ocr_line' id='line_1_17' title="bbox 203 733 374 768; baseline 0.012 -8"><span class='ocrx_word' id='word_1_100' title='bbox 203 733 278 760; x_wconf 83' lang='lat' dir='ltr'><strong>ﬁnite</strong></span> <span class='ocrx_word' id='word_1_101' title='bbox 289 738 374 768; x_wconf 87' lang='lat' dir='ltr'><strong>patet.</strong></span> 
     </span>
    </p>
   </div>
   <div class='ocr_carea' id='block_1_18' title="bbox 540 821 677 856">
    <p class='ocr_par' dir='ltr' id='par_1_18' title="bbox 540 821 677 856">
     <span class='ocr_line' id='line_1_18' title="bbox 540 821 677 856; baseline -0.007 -7"><span class='ocrx_word' id='word_1_102' title='bbox 540 821 677 856; x_wconf 78' lang='lat' dir='ltr'><strong>Ejusdem.</strong></span> 
     </span>
    </p>
   </div>
   <div class='ocr_carea' id='block_1_19' title="bbox 239 866 992 904">
    <p class='ocr_par' dir='ltr' id='par_1_19' title="bbox 239 866 992 904">
     <span class='ocr_line' id='line_1_19' title="bbox 239 866 992 904; baseline -0.007 -6"><span class='ocrx_word' id='word_1_103' title='bbox 239 871 290 904; x_wconf 88' lang='lat' dir='ltr'><strong>Qui</strong></span> <span class='ocrx_word' id='word_1_104' title='bbox 306 870 389 897; x_wconf 90' lang='lat' dir='ltr'><strong>Deum</strong></span> <span class='ocrx_word' id='word_1_105' title='bbox 404 869 486 897; x_wconf 88' lang='lat' dir='ltr'><strong>mod-0</strong></span> <span class='ocrx_word' id='word_1_106' title='bbox 502 869 587 903; x_wconf 87' lang='lat' dir='ltr'><strong>ipsam</strong></span> <span class='ocrx_word' id='word_1_107' title='bbox 605 867 765 900; x_wconf 83' lang='lat' dir='ltr'><strong>essentiam,</strong></span> <span class='ocrx_word' id='word_1_108' title='bbox 793 866 879 901; x_wconf 89' lang='lat' dir='ltr'><strong>ipsam</strong></span> <span class='ocrx_word' id='word_1_109' title='bbox 898 867 992 899; x_wconf 73' lang='lat' dir='ltr'><strong>vitam,</strong></span> 
     </span>
    </p>
   </div>
   <div class='ocr_carea' id='block_1_20' title="bbox 204 912 992 951">
    <p class='ocr_par' dir='ltr' id='par_1_20' title="bbox 204 912 992 951">
     <span class='ocr_line' id='line_1_20' title="bbox 204 912 992 951; baseline -0.006 -7"><span class='ocrx_word' id='word_1_110' title='bbox 204 917 291 951; x_wconf 86' lang='lat' dir='ltr'><strong>ipsam</strong></span> <span class='ocrx_word' id='word_1_111' title='bbox 306 916 468 951; x_wconf 88' lang='lat' dir='ltr'><strong>potentiam,</strong></span> <span class='ocrx_word' id='word_1_112' title='bbox 494 915 580 950; x_wconf 85' lang='lat' dir='ltr'><strong>ipsam</strong></span> <span class='ocrx_word' id='word_1_113' title='bbox 610 921 706 949; x_wconf 85' lang='lat' dir='ltr'><strong>pacem</strong></span> <span class='ocrx_word' id='word_1_114' title='bbox 727 917 753 940; x_wconf 87' lang='lat' dir='ltr'><strong>et</strong></span> <span class='ocrx_word' id='word_1_115' title='bbox 782 912 833 939; x_wconf 81' lang='lat' dir='ltr'><strong>alia</strong></span> <span class='ocrx_word' id='word_1_116' title='bbox 859 912 992 947; x_wconf 81' lang='lat' dir='ltr'><strong>ejusmodi</strong></span> 
     </span>
    </p>
   </div>
   <div class='ocr_carea' id='block_1_21' title="bbox 203 958 994 995">
    <p class='ocr_par' dir='ltr' id='par_1_21' title="bbox 203 958 994 995">
     <span class='ocr_line' id='line_1_21' title="bbox 203 958 994 995; baseline -0.004 -6"><span class='ocrx_word' id='word_1_117' title='bbox 203 970 263 989; x_wconf 82' lang='lat' dir='ltr'><strong>esse</strong></span> <span class='ocrx_word' id='word_1_118' title='bbox 272 962 375 993; x_wconf 89' lang='lat' dir='ltr'><strong>dicunt,</strong></span> <span class='ocrx_word' id='word_1_119' title='bbox 391 961 471 988; x_wconf 90' lang='lat' dir='ltr'><strong>modo</strong></span> <span class='ocrx_word' id='word_1_120' title='bbox 483 961 568 995; x_wconf 87' lang='lat' dir='ltr'><strong>ipsius</strong></span> <span class='ocrx_word' id='word_1_121' title='bbox 581 959 718 990; x_wconf 59' lang='lat' dir='ltr'><strong>essentia,</strong></span> <span class='ocrx_word' id='word_1_122' title='bbox 734 958 820 993; x_wconf 79' lang='lat' dir='ltr'><strong>ipsius</strong></span> <span class='ocrx_word' id='word_1_123' title='bbox 828 958 994 992; x_wconf 70' lang='lat' dir='ltr'><strong>vitas,ipsius</strong></span> 
     </span>
    </p>
   </div>
   <div class='ocr_carea' id='block_1_22' title="bbox 205 1005 994 1042">
    <p class='ocr_par' dir='ltr' id='par_1_22' title="bbox 205 1005 994 1042">
     <span class='ocr_line' id='line_1_22' title="bbox 205 1005 994 1042; baseline -0.005 -8"><span class='ocrx_word' id='word_1_124' title='bbox 205 1008 349 1042; x_wconf 63' lang='lat' dir='ltr'><strong>potentiae,</strong></span> <span class='ocrx_word' id='word_1_125' title='bbox 366 1006 452 1041; x_wconf 78' lang='lat' dir='ltr'><strong>ipsius</strong></span> <span class='ocrx_word' id='word_1_126' title='bbox 465 1006 558 1041; x_wconf 82' lang='lat' dir='ltr'><strong>pacis,</strong></span> <span class='ocrx_word' id='word_1_127' title='bbox 581 1010 608 1032; x_wconf 87' lang='lat' dir='ltr'><strong>et</strong></span> <span class='ocrx_word' id='word_1_128' title='bbox 620 1005 734 1031; x_wconf 89' lang='lat' dir='ltr'><strong>aliorum</strong></span> <span class='ocrx_word' id='word_1_129' title='bbox 753 1005 778 1032; x_wconf 87' lang='lat' dir='ltr'><strong>id</strong></span> <span class='ocrx_word' id='word_1_130' title='bbox 796 1011 882 1040; x_wconf 80' lang='lat' dir='ltr'><strong>genus</strong></span> <span class='ocrx_word' id='word_1_131' title='bbox 901 1009 994 1030; x_wconf 84' lang='lat' dir='ltr'><strong>aucto-</strong></span> 
     </span>
    </p>
   </div>
   <div class='ocr_carea' id='block_1_23' title="bbox 205 1051 994 1087">
    <p class='ocr_par' dir='ltr' id='par_1_23' title="bbox 205 1051 994 1087">
     <span class='ocr_line' id='line_1_23' title="bbox 205 1051 994 1087; baseline -0.005 -6"><span class='ocrx_word' id='word_1_132' title='bbox 205 1062 262 1081; x_wconf 85' lang='lat' dir='ltr'><strong>rem</strong></span> <span class='ocrx_word' id='word_1_133' title='bbox 294 1054 506 1087; x_wconf 82' lang='lat' dir='ltr'><strong>eﬁ‘ectoremque</strong></span> <span class='ocrx_word' id='word_1_134' title='bbox 537 1052 731 1083; x_wconf 88' lang='lat' dir='ltr'><strong>constituunt,</strong></span> <span class='ocrx_word' id='word_1_135' title='bbox 762 1058 819 1078; x_wconf 87' lang='lat' dir='ltr'><strong>non</strong></span> <span class='ocrx_word' id='word_1_136' title='bbox 847 1051 994 1085; x_wconf 83' lang='lat' dir='ltr'><strong>loquuntur</strong></span> 
     </span>
    </p>
   </div>
   <div class='ocr_carea' id='block_1_24' title="bbox 205 1097 993 1135">
    <p class='ocr_par' dir='ltr' id='par_1_24' title="bbox 205 1097 993 1135">
     <span class='ocr_line' id='line_1_24' title="bbox 205 1097 993 1135; baseline -0.004 -8"><span class='ocrx_word' id='word_1_137' title='bbox 205 1101 277 1127; x_wconf 89' lang='lat' dir='ltr'><strong>inter</strong></span> <span class='ocrx_word' id='word_1_138' title='bbox 290 1108 319 1128; x_wconf 82' lang='lat' dir='ltr'><strong>se</strong></span> <span class='ocrx_word' id='word_1_139' title='bbox 339 1100 498 1135; x_wconf 84' lang='lat' dir='ltr'><strong>pugnantia.</strong></span> <span class='ocrx_word' id='word_1_140' title='bbox 516 1099 581 1125; x_wconf 78' lang='lat' dir='ltr'><strong>Nam</strong></span> <span class='ocrx_word' id='word_1_141' title='bbox 609 1104 666 1126; x_wconf 88' lang='lat' dir='ltr'><strong>tttm</strong></span> <span class='ocrx_word' id='word_1_142' title='bbox 682 1098 838 1124; x_wconf 90' lang='lat' dir='ltr'><strong>nominatur</strong></span> <span class='ocrx_word' id='word_1_143' title='bbox 852 1105 884 1124; x_wconf 79' lang='lat' dir='ltr'><strong>ex</strong></span> <span class='ocrx_word' id='word_1_144' title='bbox 904 1097 993 1129; x_wconf 86' lang='lat' dir='ltr'><strong>rebus,</strong></span> 
     </span>
    </p>
   </div>
   <div class='ocr_carea' id='block_1_25' title="bbox 205 1144 994 1179">
    <p class='ocr_par' dir='ltr' id='par_1_25' title="bbox 205 1144 994 1179">
     <span class='ocr_line' id='line_1_25' title="bbox 205 1144 994 1179; baseline -0.004 -7"><span class='ocrx_word' id='word_1_145' title='bbox 205 1151 232 1173; x_wconf 82' lang='lat' dir='ltr'><strong>et</strong></span> <span class='ocrx_word' id='word_1_146' title='bbox 246 1146 362 1172; x_wconf 83' lang='lat' dir='ltr'><strong>maxime</strong></span> <span class='ocrx_word' id='word_1_147' title='bbox 375 1154 406 1172; x_wconf 80' lang='lat' dir='ltr'><strong>ex</strong></span> <span class='ocrx_word' id='word_1_148' title='bbox 423 1145 465 1176; x_wconf 88' lang='lat' dir='ltr'><strong>iis,</strong></span> <span class='ocrx_word' id='word_1_149' title='bbox 484 1153 544 1179; x_wconf 72' lang='lat' dir='ltr'><strong>quae</strong></span> <span class='ocrx_word' id='word_1_150' title='bbox 559 1144 647 1179; x_wconf 88' lang='lat' dir='ltr'><strong>pritno</strong></span> <span class='ocrx_word' id='word_1_151' title='bbox 663 1149 737 1175; x_wconf 88' lang='lat' dir='ltr'><strong>sunt,</strong></span> <span class='ocrx_word' id='word_1_152' title='bbox 767 1150 796 1170; x_wconf 93' lang='lat' dir='ltr'><strong>ut</strong></span> <span class='ocrx_word' id='word_1_153' title='bbox 819 1151 914 1170; x_wconf 85' lang='lat' dir='ltr'><strong>earum</strong></span> <span class='ocrx_word' id='word_1_154' title='bbox 928 1151 994 1169; x_wconf 86' lang='lat' dir='ltr'><strong>cau-</strong></span> 
     </span>
    </p>
   </div>
   <div class='ocr_carea' id='block_1_26' title="bbox 205 1190 995 1224">
    <p class='ocr_par' dir='ltr' id='par_1_26' title="bbox 205 1190 995 1224">
     <span class='ocr_line' id='line_1_26' title="bbox 205 1190 995 1224; baseline -0.004 -6"><span class='ocrx_word' id='word_1_155' title='bbox 205 1199 235 1218; x_wconf 90' lang='lat' dir='ltr'><strong>sa</strong></span> <span class='ocrx_word' id='word_1_156' title='bbox 253 1201 259 1219; x_wconf 93' lang='lat'>:</span> <span class='ocrx_word' id='word_1_157' title='bbox 278 1196 333 1218; x_wconf 86' lang='lat' dir='ltr'><strong>tum</strong></span> <span class='ocrx_word' id='word_1_158' title='bbox 346 1191 533 1218; x_wconf 71' lang='lat' dir='ltr'><strong>excellentiori</strong></span> <span class='ocrx_word' id='word_1_159' title='bbox 546 1190 662 1224; x_wconf 79' lang='lat' dir='ltr'><strong>quadam</strong></span> <span class='ocrx_word' id='word_1_160' title='bbox 689 1190 803 1220; x_wconf 78' lang='lat' dir='ltr'><strong>ratione,</strong></span> <span class='ocrx_word' id='word_1_161' title='bbox 820 1194 847 1216; x_wconf 89' lang='lat' dir='ltr'><strong>ut</strong></span> <span class='ocrx_word' id='word_1_162' title='bbox 863 1194 995 1223; x_wconf 66' lang='lat' dir='ltr'><strong>praestan-</strong></span> 
     </span>
    </p>
   </div>
   <div class='ocr_carea' id='block_1_27' title="bbox 207 1235 995 1269">
    <p class='ocr_par' dir='ltr' id='par_1_27' title="bbox 207 1235 995 1269">
     <span class='ocr_line' id='line_1_27' title="bbox 207 1235 995 1269; baseline -0.004 -5"><span class='ocrx_word' id='word_1_163' title='bbox 207 1237 261 1264; x_wconf 92' lang='lat' dir='ltr'><strong>tior</strong></span> <span class='ocrx_word' id='word_1_164' title='bbox 274 1238 402 1264; x_wconf 87' lang='lat' dir='ltr'><strong>omnibus</strong></span> <span class='ocrx_word' id='word_1_165' title='bbox 416 1237 470 1264; x_wconf 90' lang='lat' dir='ltr'><strong>illis</strong></span> <span class='ocrx_word' id='word_1_166' title='bbox 479 1237 576 1269; x_wconf 85' lang='lat' dir='ltr'><strong>etiam,</strong></span> <span class='ocrx_word' id='word_1_167' title='bbox 592 1244 651 1269; x_wconf 71' lang='lat' dir='ltr'><strong>quae</strong></span> <span class='ocrx_word' id='word_1_168' title='bbox 667 1237 755 1269; x_wconf 88' lang='lat' dir='ltr'><strong>pritno</strong></span> <span class='ocrx_word' id='word_1_169' title='bbox 782 1239 856 1262; x_wconf 84' lang='lat' dir='ltr'><strong>sunt.</strong></span> <span class='ocrx_word' id='word_1_170' title='bbox 875 1235 995 1261; x_wconf 83' lang='lat' dir='ltr'><strong>Dicimus</strong></span> 
     </span>
    </p>
   </div>
   <div class='ocr_carea' id='block_1_28' title="bbox 203 1281 994 1317">
    <p class='ocr_par' dir='ltr' id='par_1_28' title="bbox 203 1281 994 1317">
     <span class='ocr_line' id='line_1_28' title="bbox 203 1281 994 1317; baseline -0.004 -8"><span class='ocrx_word' id='word_1_171' title='bbox 203 1288 297 1309; x_wconf 75' lang='lat' dir='ltr'><strong>autem</strong></span> <span class='ocrx_word' id='word_1_172' title='bbox 312 1283 397 1317; x_wconf 85' lang='lat' dir='ltr'><strong>ipsam</strong></span> <span class='ocrx_word' id='word_1_173' title='bbox 413 1283 572 1314; x_wconf 78' lang='lat' dir='ltr'><strong>essentiam,</strong></span> <span class='ocrx_word' id='word_1_174' title='bbox 601 1289 649 1308; x_wconf 87' lang='lat' dir='ltr'><strong>seu</strong></span> <span class='ocrx_word' id='word_1_175' title='bbox 669 1282 755 1315; x_wconf 85' lang='lat' dir='ltr'><strong>ipsum</strong></span> <span class='ocrx_word' id='word_1_176' title='bbox 768 1288 837 1313; x_wconf 84' lang='lat' dir='ltr'><strong>esse,</strong></span> <span class='ocrx_word' id='word_1_177' title='bbox 867 1285 896 1307; x_wconf 90' lang='lat' dir='ltr'><strong>ut</strong></span> <span class='ocrx_word' id='word_1_178' title='bbox 910 1281 994 1315; x_wconf 83' lang='lat' dir='ltr'><strong>ipsam</strong></span> 
     </span>
    </p>
   </div>
   <div class='ocr_carea' id='block_1_29' title="bbox 206 1325 995 1362">
    <p class='ocr_par' dir='ltr' id='par_1_29' title="bbox 206 1325 995 1362">
     <span class='ocr_line' id='line_1_29' title="bbox 206 1325 995 1362; baseline -0.003 -8"><span class='ocrx_word' id='word_1_179' title='bbox 206 1328 301 1359; x_wconf 74' lang='lat' dir='ltr'><strong>vitam,</strong></span> <span class='ocrx_word' id='word_1_180' title='bbox 313 1333 341 1354; x_wconf 88' lang='lat' dir='ltr'><strong>et</strong></span> <span class='ocrx_word' id='word_1_181' title='bbox 358 1329 442 1362; x_wconf 89' lang='lat' dir='ltr'><strong>ipsam</strong></span> <span class='ocrx_word' id='word_1_182' title='bbox 464 1327 623 1361; x_wconf 83' lang='lat' dir='ltr'><strong>potentiam,</strong></span> <span class='ocrx_word' id='word_1_183' title='bbox 640 1331 667 1353; x_wconf 90' lang='lat' dir='ltr'><strong>et</strong></span> <span class='ocrx_word' id='word_1_184' title='bbox 680 1327 763 1361; x_wconf 85' lang='lat' dir='ltr'><strong>ipsam</strong></span> <span class='ocrx_word' id='word_1_185' title='bbox 779 1334 885 1360; x_wconf 84' lang='lat' dir='ltr'><strong>pacem,</strong></span> <span class='ocrx_word' id='word_1_186' title='bbox 901 1331 928 1353; x_wconf 88' lang='lat' dir='ltr'><strong>et</strong></span> <span class='ocrx_word' id='word_1_187' title='bbox 942 1325 995 1352; x_wconf 80' lang='lat' dir='ltr'><strong>alia</strong></span> 
     </span>
    </p>
   </div>
   <div class='ocr_carea' id='block_1_30' title="bbox 205 1372 996 1409">
    <p class='ocr_par' dir='ltr' id='par_1_30' title="bbox 205 1372 996 1409">
     <span class='ocr_line' id='line_1_30' title="bbox 205 1372 996 1409; baseline -0.004 -8"><span class='ocrx_word' id='word_1_188' title='bbox 205 1375 332 1409; x_wconf 79' lang='lat' dir='ltr'><strong>ejusdem</strong></span> <span class='ocrx_word' id='word_1_189' title='bbox 350 1374 467 1409; x_wconf 81' lang='lat' dir='ltr'><strong>generis,</strong></span> <span class='ocrx_word' id='word_1_190' title='bbox 482 1381 556 1400; x_wconf 90' lang='lat' dir='ltr'><strong>nunc</strong></span> <span class='ocrx_word' id='word_1_191' title='bbox 584 1373 693 1407; x_wconf 69' lang='lat' dir='ltr'><strong>quidem</strong></span> <span class='ocrx_word' id='word_1_192' title='bbox 718 1380 751 1400; x_wconf 88' lang='lat' dir='ltr'><strong>eo</strong></span> <span class='ocrx_word' id='word_1_193' title='bbox 765 1373 858 1405; x_wconf 91' lang='lat' dir='ltr'><strong>modo,</strong></span> <span class='ocrx_word' id='word_1_194' title='bbox 875 1373 922 1407; x_wconf 91' lang='lat' dir='ltr'><strong>qui</strong></span> <span class='ocrx_word' id='word_1_195' title='bbox 951 1372 996 1399; x_wconf 78' lang='lat' dir='ltr'><strong>di-</strong></span> 
     </span>
    </p>
   </div>
   <div class='ocr_carea' id='block_1_31' title="bbox 204 1419 995 1456">
    <p class='ocr_par' dir='ltr' id='par_1_31' title="bbox 204 1419 995 1456">
     <span class='ocr_line' id='line_1_31' title="bbox 204 1419 995 1456; baseline -0.003 -9"><span class='ocrx_word' id='word_1_196' title='bbox 204 1429 275 1456; x_wconf 74' lang='lat' dir='ltr'><strong>gnus</strong></span> <span class='ocrx_word' id='word_1_197' title='bbox 289 1426 330 1448; x_wconf 81' lang='lat' dir='ltr'><strong>est</strong></span> <span class='ocrx_word' id='word_1_198' title='bbox 343 1421 371 1447; x_wconf 66' lang='lat' dir='ltr'><strong>Dc</strong></span> <span class='ocrx_word' id='word_1_199' title='bbox 381 1428 409 1452; x_wconf 91' lang='lat'><strong>0,</strong></span> <span class='ocrx_word' id='word_1_200' title='bbox 425 1427 523 1454; x_wconf 89' lang='lat' dir='ltr'><strong>nempe</strong></span> <span class='ocrx_word' id='word_1_201' title='bbox 541 1427 623 1446; x_wconf 87' lang='lat' dir='ltr'><strong>unttm</strong></span> <span class='ocrx_word' id='word_1_202' title='bbox 645 1427 737 1445; x_wconf 91' lang='lat' dir='ltr'><strong>rerum</strong></span> <span class='ocrx_word' id='word_1_203' title='bbox 773 1419 894 1445; x_wconf 87' lang='lat' dir='ltr'><strong>omnium</strong></span> <span class='ocrx_word' id='word_1_204' title='bbox 920 1419 995 1445; x_wconf 82' lang='lat' dir='ltr'><strong>omni</strong></span> 
     </span>
    </p>
   </div>
   <div class='ocr_carea' id='block_1_32' title="bbox 205 1464 993 1501">
    <p class='ocr_par' dir='ltr' id='par_1_32' title="bbox 205 1464 993 1501">
     <span class='ocr_line' id='line_1_32' title="bbox 205 1464 993 1501; baseline -0.004 -8"><span class='ocrx_word' id='word_1_205' title='bbox 205 1467 342 1501; x_wconf 87' lang='lat' dir='ltr'><strong>principio</strong></span> <span class='ocrx_word' id='word_1_206' title='bbox 382 1465 560 1492; x_wconf 77' lang='lat' dir='ltr'><strong>excellentius</strong></span> <span class='ocrx_word' id='word_1_207' title='bbox 597 1464 759 1499; x_wconf 81' lang='lat' dir='ltr'><strong>principium</strong></span> <span class='ocrx_word' id='word_1_208' title='bbox 797 1469 825 1491; x_wconf 91' lang='lat' dir='ltr'><strong>et</strong></span> <span class='ocrx_word' id='word_1_209' title='bbox 859 1471 993 1491; x_wconf 85' lang='lat' dir='ltr'><strong>causam:</strong></span> 
     </span>
    </p>
   </div>
   <div class='ocr_carea' id='block_1_33' title="bbox 204 1510 996 1540">
    <p class='ocr_par' dir='ltr' id='par_1_33' title="bbox 204 1510 996 1540">
     <span class='ocr_line' id='line_1_33' title="bbox 204 1510 996 1540; baseline -0.003 0"><span class='ocrx_word' id='word_1_210' title='bbox 204 1520 280 1540; x_wconf 72' lang='lat' dir='ltr'><strong>nunc</strong></span> <span class='ocrx_word' id='word_1_211' title='bbox 298 1516 327 1539; x_wconf 81' lang='lat' dir='ltr'><strong>ut</strong></span> <span class='ocrx_word' id='word_1_212' title='bbox 355 1511 512 1538; x_wconf 85' lang='lat' dir='ltr'><strong>tribuuntur</strong></span> <span class='ocrx_word' id='word_1_213' title='bbox 536 1515 562 1537; x_wconf 86' lang='lat' dir='ltr'><strong>et</strong></span> <span class='ocrx_word' id='word_1_214' title='bbox 581 1511 820 1537; x_wconf 86' lang='lat' dir='ltr'><strong>communieantur</strong></span> <span class='ocrx_word' id='word_1_215' title='bbox 839 1517 854 1537; x_wconf 85' lang='lat' dir='ltr'><strong>a</strong></span> <span class='ocrx_word' id='word_1_216' title='bbox 880 1510 944 1537; x_wconf 89' lang='lat' dir='ltr'><strong>Deo.</strong></span> <span class='ocrx_word' id='word_1_217' title='bbox 956 1510 996 1538; x_wconf 80' lang='lat' dir='ltr'><strong>Ac</strong></span> 
     </span>
    </p>
   </div>
   <div class='ocr_carea' id='block_1_34' title="bbox 208 1555 993 1591">
    <p class='ocr_par' dir='ltr' id='par_1_34' title="bbox 208 1555 993 1591">
     <span class='ocr_line' id='line_1_34' title="bbox 208 1555 993 1591; baseline -0.003 -7"><span class='ocrx_word' id='word_1_218' title='bbox 208 1559 298 1591; x_wconf 86' lang='lat' dir='ltr'><strong>primo</strong></span> <span class='ocrx_word' id='word_1_219' title='bbox 314 1557 422 1590; x_wconf 73' lang='lat' dir='ltr'><strong>quidem</strong></span> <span class='ocrx_word' id='word_1_220' title='bbox 449 1555 529 1582; x_wconf 85' lang='lat' dir='ltr'><strong>modo</strong></span> <span class='ocrx_word' id='word_1_221' title='bbox 546 1557 585 1583; x_wconf 79' lang='lat' dir='ltr'><strong>sic</strong></span> <span class='ocrx_word' id='word_1_222' title='bbox 612 1563 643 1582; x_wconf 87' lang='lat' dir='ltr'><strong>ea</strong></span> <span class='ocrx_word' id='word_1_223' title='bbox 672 1555 852 1589; x_wconf 86' lang='lat' dir='ltr'><strong>pronuntiant</strong></span> <span class='ocrx_word' id='word_1_224' title='bbox 880 1555 993 1583; x_wconf 76' lang='lat' dir='ltr'><strong>Grznei:</strong></span> 
     </span>
    </p>
   </div>
   <div class='ocr_carea' id='block_1_35' title="bbox 206 1601 997 1639">
    <p class='ocr_par' dir='ltr' id='par_1_35' title="bbox 206 1601 997 1639">
     <span class='ocr_line' id='line_1_35' title="bbox 206 1601 997 1639; baseline -0.004 -9"><span class='ocrx_word' id='word_1_225' title='bbox 206 1605 256 1639; x_wconf 82' lang='grc' dir='ltr'>τὴν</span> <span class='ocrx_word' id='word_1_226' title='bbox 270 1603 441 1635; x_wconf 72' lang='grc' dir='ltr'>αὺτοουσίαν,</span> <span class='ocrx_word' id='word_1_227' title='bbox 458 1604 517 1638; x_wconf 72' lang='grc' dir='ltr'>ἤτοι</span> <span class='ocrx_word' id='word_1_228' title='bbox 541 1601 691 1634; x_wconf 77' lang='grc' dir='ltr'>αὐτοεῖναι,</span> <span class='ocrx_word' id='word_1_229' title='bbox 705 1603 754 1636; x_wconf 77' lang='grc' dir='ltr'>τὴν</span> <span class='ocrx_word' id='word_1_230' title='bbox 771 1602 924 1637; x_wconf 80' lang='grc' dir='ltr'>αὐτοζωὴν,</span> <span class='ocrx_word' id='word_1_231' title='bbox 947 1602 997 1638; x_wconf 84' lang='grc' dir='ltr'>τὴν</span> 
     </span>
    </p>
   </div>
   <div class='ocr_carea' id='block_1_36' title="bbox 208 1649 998 1684">
    <p class='ocr_par' dir='ltr' id='par_1_36' title="bbox 208 1649 998 1684">
     <span class='ocr_line' id='line_1_36' title="bbox 208 1649 998 1684; baseline -0.004 -7"><span class='ocrx_word' id='word_1_232' title='bbox 208 1650 391 1684; x_wconf 78' lang='grc' dir='ltr'>αὐτοόύναμιν</span> <span class='ocrx_word' id='word_1_233' title='bbox 403 1670 410 1680; x_wconf 90' lang='grc'><strong>,</strong></span> <span class='ocrx_word' id='word_1_234' title='bbox 426 1649 474 1684; x_wconf 75' lang='grc' dir='ltr'>τὴν</span> <span class='ocrx_word' id='word_1_235' title='bbox 507 1649 698 1683; x_wconf 79' lang='grc' dir='ltr'>αὑτοειρήνην,</span> <span class='ocrx_word' id='word_1_236' title='bbox 709 1649 795 1675; x_wconf 85' lang='lat' dir='ltr'><strong>altero</strong></span> <span class='ocrx_word' id='word_1_237' title='bbox 815 1654 905 1675; x_wconf 89' lang='lat' dir='ltr'><strong>autetn</strong></span> <span class='ocrx_word' id='word_1_238' title='bbox 919 1649 998 1675; x_wconf 89' lang='lat' dir='ltr'><strong>modo</strong></span> 
     </span>
    </p>
   </div>
   <div class='ocr_carea' id='block_1_37' title="bbox 207 1694 1000 1730">
    <p class='ocr_par' dir='ltr' id='par_1_37' title="bbox 207 1694 1000 1730">
     <span class='ocr_line' id='line_1_37' title="bbox 207 1694 1000 1730; baseline -0.004 -7"><span class='ocrx_word' id='word_1_239' title='bbox 207 1705 258 1728; x_wconf 83' lang='lat' dir='ltr'><strong>s-c,</strong></span> <span class='ocrx_word' id='word_1_240' title='bbox 283 1697 332 1730; x_wconf 80' lang='grc' dir='ltr'>τὴν</span> <span class='ocrx_word' id='word_1_241' title='bbox 348 1695 554 1726; x_wconf 62' lang='grc' dir='ltr'>αὐτοουσίωσιν,</span> <span class='ocrx_word' id='word_1_242' title='bbox 573 1694 622 1729; x_wconf 85' lang='grc' dir='ltr'>τὴν</span> <span class='ocrx_word' id='word_1_243' title='bbox 645 1694 830 1726; x_wconf 69' lang='grc' dir='ltr'>αὑτοζώωπιν,</span> <span class='ocrx_word' id='word_1_244' title='bbox 854 1695 903 1730; x_wconf 81' lang='grc' dir='ltr'>τὴν</span> <span class='ocrx_word' id='word_1_245' title='bbox 920 1696 1000 1721; x_wconf 84' lang='grc' dir='ltr'>αὐτο-</span> 
     </span>
    </p>
   </div>
   <div class='ocr_carea' id='block_1_38' title="bbox 207 1741 996 1781">
    <p class='ocr_par' dir='ltr' id='par_1_38' title="bbox 207 1741 996 1781">
     <span class='ocr_line' id='line_1_38' title="bbox 207 1741 996 1781; baseline 0.001 -13"><span class='ocrx_word' id='word_1_246' title='bbox 207 1743 375 1776; x_wconf 50' lang='lat' dir='ltr'><strong>«unum,</strong></span> <span class='ocrx_word' id='word_1_247' title='bbox 398 1742 448 1781; x_wconf 78' lang='grc' dir='ltr'>τὴν</span> <span class='ocrx_word' id='word_1_248' title='bbox 478 1742 709 1776; x_wconf 73' lang='grc' dir='ltr'>αὐτοειρήντυσιν.</span> <span class='ocrx_word' id='word_1_249' title='bbox 741 1741 773 1768; x_wconf 82' lang='lat' dir='ltr'><strong>Et</strong></span> <span class='ocrx_word' id='word_1_250' title='bbox 807 1743 865 1769; x_wconf 63' lang='lat' dir='ltr'><strong>haec</strong></span> <span class='ocrx_word' id='word_1_251' title='bbox 886 1742 996 1776; x_wconf 70' lang='lat' dir='ltr'><strong>quidem</strong></span> 
     </span>
    </p>
   </div>
   <div class='ocr_carea' id='block_1_39' title="bbox 208 1787 996 1824">
    <p class='ocr_par' dir='ltr' id='par_1_39' title="bbox 208 1787 996 1824">
     <span class='ocr_line' id='line_1_39' title="bbox 208 1787 996 1824; baseline 0.001 -8"><span class='ocrx_word' id='word_1_252' title='bbox 208 1789 343 1821; x_wconf 85' lang='lat' dir='ltr'><strong>absoluta,</strong></span> <span class='ocrx_word' id='word_1_253' title='bbox 361 1793 387 1815; x_wconf 87' lang='lat' dir='ltr'><strong>et</strong></span> <span class='ocrx_word' id='word_1_254' title='bbox 398 1789 544 1824; x_wconf 65' lang='lat' dir='ltr'><strong>praecipua,</strong></span> <span class='ocrx_word' id='word_1_255' title='bbox 563 1792 591 1814; x_wconf 90' lang='lat' dir='ltr'><strong>et</strong></span> <span class='ocrx_word' id='word_1_256' title='bbox 611 1787 696 1822; x_wconf 82' lang='lat' dir='ltr'><strong>prima</strong></span> <span class='ocrx_word' id='word_1_257' title='bbox 712 1787 816 1815; x_wconf 89' lang='lat' dir='ltr'><strong>ratione</strong></span> <span class='ocrx_word' id='word_1_258' title='bbox 828 1796 842 1814; x_wconf 91' lang='lat' dir='ltr'><strong>a</strong></span> <span class='ocrx_word' id='word_1_259' title='bbox 857 1787 911 1815; x_wconf 88' lang='lat' dir='ltr'><strong>Deo</strong></span> <span class='ocrx_word' id='word_1_260' title='bbox 932 1790 996 1817; x_wconf 87' lang='lat' dir='ltr'><strong>sub-</strong></span> 
     </span>
    </p>
   </div>
   <div class='ocr_carea' id='block_1_40' title="bbox 1042 227 1843 262">
    <p class='ocr_par' dir='ltr' id='par_1_40' title="bbox 1042 227 1843 262">
     <span class='ocr_line' id='line_1_40' title="bbox 1042 227 1843 262; baseline 0.004 -10"><span class='ocrx_word' id='word_1_261' title='bbox 1042 228 1096 261; x_wconf 78' lang='grc' dir='ltr'>γὰρ</span> <span class='ocrx_word' id='word_1_262' title='bbox 1113 227 1175 262; x_wconf 80' lang='grc' dir='ltr'>ὄρος</span> <span class='ocrx_word' id='word_1_263' title='bbox 1200 227 1300 258; x_wconf 85' lang='grc' dir='ltr'>αὐτῶν,</span> <span class='ocrx_word' id='word_1_264' title='bbox 1330 227 1368 258; x_wconf 83' lang='grc' dir='ltr'>ὡς</span> <span class='ocrx_word' id='word_1_265' title='bbox 1386 227 1513 262; x_wconf 77' lang='grc' dir='ltr'>περατῶν</span> <span class='ocrx_word' id='word_1_266' title='bbox 1530 227 1617 254; x_wconf 79' lang='grc' dir='ltr'>αὑτά·</span> <span class='ocrx_word' id='word_1_267' title='bbox 1646 227 1709 253; x_wconf 75' lang='grc' dir='ltr'>ἐπεὶ</span> <span class='ocrx_word' id='word_1_268' title='bbox 1729 229 1778 254; x_wconf 78' lang='grc' dir='ltr'>καὶ</span> <span class='ocrx_word' id='word_1_269' title='bbox 1803 230 1843 255; x_wconf 68' lang='grc' dir='ltr'>τὰ</span> 
     </span>
    </p>
   </div>
   <div class='ocr_carea' id='block_1_41' title="bbox 1041 272 1841 308">
    <p class='ocr_par' dir='ltr' id='par_1_41' title="bbox 1041 272 1841 308">
     <span class='ocr_line' id='line_1_41' title="bbox 1041 272 1841 308; baseline 0 -9"><span class='ocrx_word' id='word_1_270' title='bbox 1041 273 1149 305; x_wconf 78' lang='grc' dir='ltr'>αἰώνια,</span> <span class='ocrx_word' id='word_1_271' title='bbox 1167 273 1214 299; x_wconf 76' lang='grc' dir='ltr'>καὶ</span> <span class='ocrx_word' id='word_1_272' title='bbox 1227 272 1297 307; x_wconf 82' lang='grc' dir='ltr'>αὐτὴ</span> <span class='ocrx_word' id='word_1_273' title='bbox 1311 272 1365 299; x_wconf 79' lang='grc' dir='ltr'><strong>τῶν</strong></span> <span class='ocrx_word' id='word_1_274' title='bbox 1381 273 1488 298; x_wconf 81' lang='grc' dir='ltr'><strong>αἰώνων</strong></span> <span class='ocrx_word' id='word_1_275' title='bbox 1501 273 1517 307; x_wconf 85' lang='grc' dir='ltr'>ἡ</span> <span class='ocrx_word' id='word_1_276' title='bbox 1533 272 1647 306; x_wconf 78' lang='grc' dir='ltr'><strong>ἀπειρία</strong></span> <span class='ocrx_word' id='word_1_277' title='bbox 1665 273 1841 308; x_wconf 56' lang='lat' dir='ltr'><strong>tempato:-</strong></span> 
     </span>
    </p>
   </div>
   <div class='ocr_carea' id='block_1_42' title="bbox 1041 317 1844 353">
    <p class='ocr_par' dir='ltr' id='par_1_42' title="bbox 1041 317 1844 353">
     <span class='ocr_line' id='line_1_42' title="bbox 1041 317 1844 353; baseline -0.001 -9"><span class='ocrx_word' id='word_1_278' title='bbox 1041 326 1086 344; x_wconf 82' lang='grc' dir='ltr'><strong>ται</strong></span> <span class='ocrx_word' id='word_1_279' title='bbox 1099 319 1130 353; x_wconf 81' lang='grc' dir='ltr'><strong>τῇ</strong></span> <span class='ocrx_word' id='word_1_280' title='bbox 1149 317 1264 353; x_wconf 75' lang='grc' dir='ltr'><strong>ἀπειρίᾳ</strong></span> <span class='ocrx_word' id='word_1_281' title='bbox 1278 317 1325 344; x_wconf 81' lang='grc' dir='ltr'><strong>τοῦ</strong></span> <span class='ocrx_word' id='word_1_282' title='bbox 1342 318 1491 353; x_wconf 77' lang='grc' dir='ltr'><strong>ἀπειράκις</strong></span> <span class='ocrx_word' id='word_1_283' title='bbox 1513 318 1634 352; x_wconf 79' lang='grc' dir='ltr'><strong>ἀπείρως</strong></span> <span class='ocrx_word' id='word_1_284' title='bbox 1661 318 1844 352; x_wconf 74' lang='grc' dir='ltr'><strong>ὐπερηπὶω-</strong></span> 
     </span>
    </p>
   </div>
   <div class='ocr_carea' id='block_1_43' title="bbox 1043 363 1846 398">
    <p class='ocr_par' dir='ltr' id='par_1_43' title="bbox 1043 363 1846 398">
     <span class='ocr_line' id='line_1_43' title="bbox 1043 363 1846 398; baseline 0 -9"><span class='ocrx_word' id='word_1_285' title='bbox 1043 364 1123 398; x_wconf 87' lang='grc' dir='ltr'>μένου</span> <span class='ocrx_word' id='word_1_286' title='bbox 1138 363 1237 390; x_wconf 73' lang='grc' dir='ltr'>αὐτῶν.</span> <span class='ocrx_word' id='word_1_287' title='bbox 1254 363 1363 395; x_wconf 86' lang='grc' dir='ltr'>Γένεσις</span> <span class='ocrx_word' id='word_1_288' title='bbox 1376 363 1414 395; x_wconf 86' lang='grc' dir='ltr'><strong>δὲ,</strong></span> <span class='ocrx_word' id='word_1_289' title='bbox 1430 364 1467 394; x_wconf 84' lang='grc' dir='ltr'>ὡς</span> <span class='ocrx_word' id='word_1_290' title='bbox 1479 364 1662 398; x_wconf 69' lang='grc' dir='ltr'>παραγωγεῦς</span> <span class='ocrx_word' id='word_1_291' title='bbox 1677 364 1731 389; x_wconf 65' lang='grc' dir='ltr'>τῶν</span> <span class='ocrx_word' id='word_1_292' title='bbox 1743 364 1846 389; x_wconf 77' lang='grc' dir='ltr'>ὀπωσο</span> 
     </span>
    </p>
   </div>
   <div class='ocr_carea' id='block_1_44' title="bbox 1042 408 1844 443">
    <p class='ocr_par' dir='ltr' id='par_1_44' title="bbox 1042 408 1844 443">
     <span class='ocr_line' id='line_1_44' title="bbox 1042 408 1844 443; baseline 0 -9"><span class='ocrx_word' id='word_1_293' title='bbox 1042 408 1090 434; x_wconf 83' lang='grc' dir='ltr'><strong>οῦν</strong></span> <span class='ocrx_word' id='word_1_294' title='bbox 1107 409 1273 443; x_wconf 78' lang='grc' dir='ltr'>γινομένων·</span> <span class='ocrx_word' id='word_1_295' title='bbox 1297 408 1379 438; x_wconf 78' lang='grc' dir='ltr'>τόπος</span> <span class='ocrx_word' id='word_1_296' title='bbox 1409 408 1449 441; x_wconf 79' lang='grc' dir='ltr'><strong>δὲ,</strong></span> <span class='ocrx_word' id='word_1_297' title='bbox 1465 408 1503 440; x_wconf 82' lang='grc' dir='ltr'>ὡς</span> <span class='ocrx_word' id='word_1_298' title='bbox 1524 408 1697 443; x_wconf 79' lang='grc' dir='ltr'>περιεκτικὸς</span> <span class='ocrx_word' id='word_1_299' title='bbox 1712 409 1844 435; x_wconf 77' lang='grc' dir='ltr'>πάντων.</span> 
     </span>
    </p>
   </div>
   <div class='ocr_carea' id='block_1_45' title="bbox 1043 453 1473 487">
    <p class='ocr_par' dir='ltr' id='par_1_45' title="bbox 1043 453 1473 487">
     <span class='ocr_line' id='line_1_45' title="bbox 1043 453 1473 487; baseline -0.002 -6"><span class='ocrx_word' id='word_1_300' title='bbox 1043 454 1137 481; x_wconf 81' lang='grc' dir='ltr'>Πάντα</span> <span class='ocrx_word' id='word_1_301' title='bbox 1152 453 1180 479; x_wconf 78' lang='grc' dir='ltr'>δέ</span> <span class='ocrx_word' id='word_1_302' title='bbox 1195 454 1269 480; x_wconf 76' lang='grc' dir='ltr'>ἐστιν</span> <span class='ocrx_word' id='word_1_303' title='bbox 1283 453 1354 487; x_wconf 84' lang='grc' dir='ltr'>ὑπὲρ</span> <span class='ocrx_word' id='word_1_304' title='bbox 1374 453 1473 480; x_wconf 83' lang='grc' dir='ltr'>πάντα.</span> 
     </span>
    </p>
   </div>
   <div class='ocr_carea' id='block_1_46' title="bbox 1357 542 1532 576">
    <p class='ocr_par' dir='ltr' id='par_1_46' title="bbox 1357 542 1532 576">
     <span class='ocr_line' id='line_1_46' title="bbox 1357 542 1532 576; baseline 0.006 -8"><span class='ocrx_word' id='word_1_305' title='bbox 1357 542 1412 569; x_wconf 88' lang='grc' dir='ltr'><em>Τοῦ</em></span> <span class='ocrx_word' id='word_1_306' title='bbox 1427 543 1532 576; x_wconf 80' lang='grc' dir='ltr'>αὐτοῦ,</span> 
     </span>
    </p>
   </div>
   <div class='ocr_carea' id='block_1_47' title="bbox 1086 588 1846 623">
    <p class='ocr_par' dir='ltr' id='par_1_47' title="bbox 1086 588 1846 623">
     <span class='ocr_line' id='line_1_47' title="bbox 1086 588 1846 623; baseline -0.001 -8"><span class='ocrx_word' id='word_1_307' title='bbox 1086 590 1115 616; x_wconf 84' lang='lat'><strong>&#39;0</strong></span> <span class='ocrx_word' id='word_1_308' title='bbox 1134 589 1199 620; x_wconf 82' lang='grc' dir='ltr'>Θεὸς</span> <span class='ocrx_word' id='word_1_309' title='bbox 1223 589 1272 615; x_wconf 78' lang='grc' dir='ltr'>καὶ</span> <span class='ocrx_word' id='word_1_310' title='bbox 1286 588 1372 623; x_wconf 81' lang='grc' dir='ltr'>πέρας</span> <span class='ocrx_word' id='word_1_311' title='bbox 1390 588 1500 621; x_wconf 84' lang='grc' dir='ltr'>λέγεται</span> <span class='ocrx_word' id='word_1_312' title='bbox 1515 588 1569 614; x_wconf 86' lang='grc' dir='ltr'>τῶν</span> <span class='ocrx_word' id='word_1_313' title='bbox 1583 589 1677 620; x_wconf 73' lang='grc' dir='ltr'>ὄντων,</span> <span class='ocrx_word' id='word_1_314' title='bbox 1694 589 1742 615; x_wconf 77' lang='grc' dir='ltr'>καὶ</span> <span class='ocrx_word' id='word_1_315' title='bbox 1757 589 1846 615; x_wconf 75' lang='grc' dir='ltr'>ἀπειο</span> 
     </span>
    </p>
   </div>
   <div class='ocr_carea' id='block_1_48' title="bbox 1045 634 1845 670">
    <p class='ocr_par' dir='ltr' id='par_1_48' title="bbox 1045 634 1845 670">
     <span class='ocr_line' id='line_1_48' title="bbox 1045 634 1845 670; baseline -0.001 -9"><span class='ocrx_word' id='word_1_316' title='bbox 1045 635 1108 670; x_wconf 85' lang='grc' dir='ltr'>ρία·</span> <span class='ocrx_word' id='word_1_317' title='bbox 1129 635 1218 669; x_wconf 81' lang='grc' dir='ltr'><strong>πέρας</strong></span> <span class='ocrx_word' id='word_1_318' title='bbox 1236 634 1296 668; x_wconf 86' lang='grc' dir='ltr'>μὲν,</span> <span class='ocrx_word' id='word_1_319' title='bbox 1323 634 1361 664; x_wconf 82' lang='grc' dir='ltr'>ὼς</span> <span class='ocrx_word' id='word_1_320' title='bbox 1387 634 1516 668; x_wconf 83' lang='grc' dir='ltr'>περατῶν</span> <span class='ocrx_word' id='word_1_321' title='bbox 1539 634 1629 660; x_wconf 71' lang='grc' dir='ltr'>αὑτά*</span> <span class='ocrx_word' id='word_1_322' title='bbox 1656 634 1771 669; x_wconf 77' lang='grc' dir='ltr'>ἀπειρία</span> <span class='ocrx_word' id='word_1_323' title='bbox 1800 634 1845 666; x_wconf 83' lang='grc' dir='ltr'><strong>δὲ,</strong></span> 
     </span>
    </p>
   </div>
   <div class='ocr_carea' id='block_1_49' title="bbox 1044 679 1846 716">
    <p class='ocr_par' dir='ltr' id='par_1_49' title="bbox 1044 679 1846 716">
     <span class='ocr_line' id='line_1_49' title="bbox 1044 679 1846 716; baseline -0.001 -9"><span class='ocrx_word' id='word_1_324' title='bbox 1044 681 1082 712; x_wconf 85' lang='grc' dir='ltr'>ὡς</span> <span class='ocrx_word' id='word_1_325' title='bbox 1097 680 1352 716; x_wconf 80' lang='grc' dir='ltr'>ὑπερεκτεταμένος</span> <span class='ocrx_word' id='word_1_326' title='bbox 1378 679 1469 705; x_wconf 76' lang='grc' dir='ltr'>αὐτῶν</span> <span class='ocrx_word' id='word_1_327' title='bbox 1483 687 1489 694; x_wconf 89' lang='grc'><strong>·</strong></span> <span class='ocrx_word' id='word_1_328' title='bbox 1509 679 1667 714; x_wconf 59' lang='grc' dir='ltr'>πέρατι-οὖσα</span> <span class='ocrx_word' id='word_1_329' title='bbox 1693 681 1749 715; x_wconf 77' lang='grc' dir='ltr'><strong>γὰρ</strong></span> <span class='ocrx_word' id='word_1_330' title='bbox 1768 680 1846 706; x_wconf 81' lang='grc' dir='ltr'>πάν-</span> 
     </span>
    </p>
   </div>
   <div class='ocr_carea' id='block_1_50' title="bbox 1044 725 1846 762">
    <p class='ocr_par' dir='ltr' id='par_1_50' title="bbox 1044 725 1846 762">
     <span class='ocr_line' id='line_1_50' title="bbox 1044 725 1846 762; baseline -0.001 -9"><span class='ocrx_word' id='word_1_331' title='bbox 1044 736 1079 753; x_wconf 74' lang='grc' dir='ltr'><strong>τα</strong></span> <span class='ocrx_word' id='word_1_332' title='bbox 1108 727 1125 762; x_wconf 85' lang='grc' dir='ltr'>ἡ</span> <span class='ocrx_word' id='word_1_333' title='bbox 1159 726 1276 761; x_wconf 71' lang='grc' dir='ltr'>ἀπειρία</span> <span class='ocrx_word' id='word_1_334' title='bbox 1314 725 1400 751; x_wconf 79' lang='grc' dir='ltr'>αὑτοῦ</span> <span class='ocrx_word' id='word_1_335' title='bbox 1433 725 1629 760; x_wconf 78' lang='grc' dir='ltr'>ὑπερήπλιυται</span> <span class='ocrx_word' id='word_1_336' title='bbox 1666 725 1846 761; x_wconf 80' lang='grc' dir='ltr'>ἁπειροπλα-</span> 
     </span>
    </p>
   </div>
   <div class='ocr_carea' id='block_1_51' title="bbox 1045 781 1122 802">
    <p class='ocr_par' dir='ltr' id='par_1_51' title="bbox 1045 781 1122 802">
     <span class='ocr_line' id='line_1_51' title="bbox 1045 781 1122 802; baseline 0 -3"><span class='ocrx_word' id='word_1_337' title='bbox 1045 781 1122 802; x_wconf 83' lang='grc' dir='ltr'>σιως.</span> 
     </span>
    </p>
   </div>
   <div class='ocr_carea' id='block_1_52' title="bbox 1348 827 1532 855">
    <p class='ocr_par' dir='ltr' id='par_1_52' title="bbox 1348 827 1532 855">
     <span class='ocr_line' id='line_1_52' title="bbox 1348 827 1532 855; baseline -0.005 0"><span class='ocrx_word' id='word_1_338' title='bbox 1348 828 1402 855; x_wconf 70' lang='grc' dir='ltr'>Τοῦ</span> <span class='ocrx_word' id='word_1_339' title='bbox 1428 827 1532 855; x_wconf 75' lang='grc' dir='ltr'>αὑτοῦ.</span> 
     </span>
    </p>
   </div>
   <div class='ocr_carea' id='block_1_53' title="bbox 1010 865 1844 909">
    <p class='ocr_par' dir='ltr' id='par_1_53' title="bbox 1010 865 1844 909">
     <span class='ocr_line' id='line_1_53' title="bbox 1010 865 1844 909; baseline -0.002 -7"><span class='ocrx_word' id='word_1_340' title='bbox 1010 865 1032 893; x_wconf 73' lang='grc' dir='ltr'><strong>Β</strong></span> <span class='ocrx_word' id='word_1_341' title='bbox 1079 876 1137 902; x_wconf 75' lang='grc' dir='ltr'><strong>Οὐκ</strong></span> <span class='ocrx_word' id='word_1_342' title='bbox 1162 874 1396 909; x_wconf 80' lang='grc' dir='ltr'>έναντιο).ογοῦσιν</span> <span class='ocrx_word' id='word_1_343' title='bbox 1424 875 1450 900; x_wconf 77' lang='grc' dir='ltr'>οἱ</span> <span class='ocrx_word' id='word_1_344' title='bbox 1476 875 1543 901; x_wconf 81' lang='grc' dir='ltr'>ποτὲ</span> <span class='ocrx_word' id='word_1_345' title='bbox 1569 873 1619 909; x_wconf 83' lang='grc' dir='ltr'>μὲν</span> <span class='ocrx_word' id='word_1_346' title='bbox 1645 875 1772 908; x_wconf 83' lang='grc' dir='ltr'>λέγοντες</span> <span class='ocrx_word' id='word_1_347' title='bbox 1793 875 1844 902; x_wconf 65' lang='grc' dir='ltr'>τὸν</span> 
     </span>
    </p>
   </div>
   <div class='ocr_carea' id='block_1_54' title="bbox 1045 920 1843 957">
    <p class='ocr_par' dir='ltr' id='par_1_54' title="bbox 1045 920 1843 957">
     <span class='ocr_line' id='line_1_54' title="bbox 1045 920 1843 957; baseline 0 -9"><span class='ocrx_word' id='word_1_348' title='bbox 1045 922 1113 948; x_wconf 77' lang='grc' dir='ltr'>Θεὸν</span> <span class='ocrx_word' id='word_1_349' title='bbox 1130 921 1303 953; x_wconf 76' lang='grc' dir='ltr'>αὐτοουοῐαν,</span> <span class='ocrx_word' id='word_1_350' title='bbox 1320 922 1367 947; x_wconf 78' lang='grc' dir='ltr'><strong>καὶ</strong></span> <span class='ocrx_word' id='word_1_351' title='bbox 1393 920 1543 955; x_wconf 76' lang='grc' dir='ltr'>αὑτοζωὴν,</span> <span class='ocrx_word' id='word_1_352' title='bbox 1572 921 1618 947; x_wconf 81' lang='grc' dir='ltr'>καὶ</span> <span class='ocrx_word' id='word_1_353' title='bbox 1643 921 1843 957; x_wconf 70' lang='grc' dir='ltr'>αὐτοδύναμιν,</span> 
     </span>
    </p>
   </div>
   <div class='ocr_carea' id='block_1_55' title="bbox 1045 966 1842 1003">
    <p class='ocr_par' dir='ltr' id='par_1_55' title="bbox 1045 966 1842 1003">
     <span class='ocr_line' id='line_1_55' title="bbox 1045 966 1842 1003; baseline -0.001 -8"><span class='ocrx_word' id='word_1_354' title='bbox 1045 968 1093 995; x_wconf 73' lang='grc' dir='ltr'>καὶ</span> <span class='ocrx_word' id='word_1_355' title='bbox 1111 968 1303 1003; x_wconf 69' lang='grc' dir='ltr'>αὑτοειρήνην,</span> <span class='ocrx_word' id='word_1_356' title='bbox 1323 967 1369 993; x_wconf 73' lang='grc' dir='ltr'><strong>καὶ</strong></span> <span class='ocrx_word' id='word_1_357' title='bbox 1385 966 1419 993; x_wconf 78' lang='grc' dir='ltr'><strong>τὰ</strong></span> <span class='ocrx_word' id='word_1_358' title='bbox 1443 966 1554 993; x_wconf 77' lang='grc' dir='ltr'>τοιαῦτα</span> <span class='ocrx_word' id='word_1_359' title='bbox 1565 974 1572 982; x_wconf 90' lang='grc'>·</span> <span class='ocrx_word' id='word_1_360' title='bbox 1591 967 1656 993; x_wconf 80' lang='grc' dir='ltr'>ποτὲ</span> <span class='ocrx_word' id='word_1_361' title='bbox 1668 967 1695 993; x_wconf 80' lang='grc' dir='ltr'><strong>δὲ</strong></span> <span class='ocrx_word' id='word_1_362' title='bbox 1708 967 1842 1001; x_wconf 80' lang='grc' dir='ltr'>λέγοντες</span> 
     </span>
    </p>
   </div>
   <div class='ocr_carea' id='block_1_56' title="bbox 1046 1011 1843 1047">
    <p class='ocr_par' dir='ltr' id='par_1_56' title="bbox 1046 1011 1843 1047">
     <span class='ocr_line' id='line_1_56' title="bbox 1046 1011 1843 1047; baseline -0.003 -7"><span class='ocrx_word' id='word_1_363' title='bbox 1046 1013 1126 1040; x_wconf 76' lang='grc' dir='ltr'>αὑτὸν</span> <span class='ocrx_word' id='word_1_364' title='bbox 1144 1013 1311 1046; x_wconf 77' lang='grc' dir='ltr'><strong>ὑποπάτην.</strong></span> <span class='ocrx_word' id='word_1_365' title='bbox 1341 1012 1387 1038; x_wconf 87' lang='grc' dir='ltr'>καὶ</span> <span class='ocrx_word' id='word_1_366' title='bbox 1414 1011 1582 1047; x_wconf 78' lang='grc' dir='ltr'>δημιουργὸν</span> <span class='ocrx_word' id='word_1_367' title='bbox 1596 1011 1774 1044; x_wconf 77' lang='grc' dir='ltr'>αὑτοουσίας,</span> <span class='ocrx_word' id='word_1_368' title='bbox 1792 1013 1843 1039; x_wconf 79' lang='grc' dir='ltr'>καὶ</span> 
     </span>
    </p>
   </div>
   <div class='ocr_carea' id='block_1_57' title="bbox 1046 1057 1843 1092">
    <p class='ocr_par' dir='ltr' id='par_1_57' title="bbox 1046 1057 1843 1092">
     <span class='ocr_line' id='line_1_57' title="bbox 1046 1057 1843 1092; baseline -0.001 -7"><span class='ocrx_word' id='word_1_369' title='bbox 1046 1058 1197 1092; x_wconf 76' lang='grc' dir='ltr'>αὑτοξωῆς,</span> <span class='ocrx_word' id='word_1_370' title='bbox 1215 1058 1260 1084; x_wconf 78' lang='grc' dir='ltr'>καὶ</span> <span class='ocrx_word' id='word_1_371' title='bbox 1278 1057 1497 1091; x_wconf 72' lang='grc' dir='ltr'>αὐτοῖυνάμεως,</span> <span class='ocrx_word' id='word_1_372' title='bbox 1522 1057 1569 1083; x_wconf 72' lang='grc' dir='ltr'>καὶ</span> <span class='ocrx_word' id='word_1_373' title='bbox 1585 1058 1774 1092; x_wconf 75' lang='grc' dir='ltr'>αὐτοειρήνης,</span> <span class='ocrx_word' id='word_1_374' title='bbox 1792 1058 1843 1084; x_wconf 79' lang='grc' dir='ltr'>καὶ</span> 
     </span>
    </p>
   </div>
   <div class='ocr_carea' id='block_1_58' title="bbox 1046 1103 1840 1138">
    <p class='ocr_par' dir='ltr' id='par_1_58' title="bbox 1046 1103 1840 1138">
     <span class='ocr_line' id='line_1_58' title="bbox 1046 1103 1840 1138; baseline -0.001 -7"><span class='ocrx_word' id='word_1_375' title='bbox 1046 1106 1099 1132; x_wconf 81' lang='grc' dir='ltr'>τῶν</span> <span class='ocrx_word' id='word_1_376' title='bbox 1128 1105 1269 1131; x_wconf 76' lang='grc' dir='ltr'><strong>τοιούτων.</strong></span> <span class='ocrx_word' id='word_1_377' title='bbox 1299 1104 1339 1130; x_wconf 76' lang='grc' dir='ltr'><strong>Τὰ</strong></span> <span class='ocrx_word' id='word_1_378' title='bbox 1360 1104 1409 1137; x_wconf 85' lang='grc' dir='ltr'>μὲν</span> <span class='ocrx_word' id='word_1_379' title='bbox 1427 1104 1480 1138; x_wconf 79' lang='grc' dir='ltr'>γὰρ</span> <span class='ocrx_word' id='word_1_380' title='bbox 1497 1103 1660 1137; x_wconf 80' lang='grc' dir='ltr'>ὀ·.ομὰζεται</span> <span class='ocrx_word' id='word_1_381' title='bbox 1676 1105 1707 1130; x_wconf 81' lang='grc' dir='ltr'>ἐκ</span> <span class='ocrx_word' id='word_1_382' title='bbox 1725 1105 1781 1130; x_wconf 72' lang='grc' dir='ltr'>τῶν</span> <span class='ocrx_word' id='word_1_383' title='bbox 1796 1104 1840 1131; x_wconf 67' lang='grc' dir='ltr'><strong>ὅν-</strong></span> 
     </span>
    </p>
   </div>
   <div class='ocr_carea' id='block_1_59' title="bbox 1045 1149 1840 1186">
    <p class='ocr_par' dir='ltr' id='par_1_59' title="bbox 1045 1149 1840 1186">
     <span class='ocr_line' id='line_1_59' title="bbox 1045 1149 1840 1186; baseline -0.005 -8"><span class='ocrx_word' id='word_1_384' title='bbox 1045 1161 1110 1185; x_wconf 84' lang='grc' dir='ltr'>των,</span> <span class='ocrx_word' id='word_1_385' title='bbox 1127 1153 1173 1178; x_wconf 72' lang='grc' dir='ltr'>καὶ.</span> <span class='ocrx_word' id='word_1_386' title='bbox 1191 1152 1309 1186; x_wconf 79' lang='grc' dir='ltr'>μάλιστα</span> <span class='ocrx_word' id='word_1_387' title='bbox 1324 1151 1355 1176; x_wconf 85' lang='grc' dir='ltr'>ὲκ</span> <span class='ocrx_word' id='word_1_388' title='bbox 1370 1150 1423 1176; x_wconf 83' lang='grc' dir='ltr'>τῶν</span> <span class='ocrx_word' id='word_1_389' title='bbox 1449 1149 1564 1185; x_wconf 72' lang='grc' dir='ltr'>πρώτως</span> <span class='ocrx_word' id='word_1_390' title='bbox 1586 1150 1681 1182; x_wconf 62' lang='grc' dir='ltr'>ὅντων,</span> <span class='ocrx_word' id='word_1_391' title='bbox 1698 1150 1736 1181; x_wconf 83' lang='grc' dir='ltr'>ὡς</span> <span class='ocrx_word' id='word_1_392' title='bbox 1751 1150 1840 1181; x_wconf 72' lang='grc' dir='ltr'>αἴτιος</span> 
     </span>
    </p>
   </div>
   <div class='ocr_carea' id='block_1_60' title="bbox 1046 1195 1840 1231">
    <p class='ocr_par' dir='ltr' id='par_1_60' title="bbox 1046 1195 1840 1231">
     <span class='ocr_line' id='line_1_60' title="bbox 1046 1195 1840 1231; baseline -0.001 -8"><span class='ocrx_word' id='word_1_393' title='bbox 1046 1198 1136 1224; x_wconf 67' lang='grc' dir='ltr'>αὐτῶν</span> <span class='ocrx_word' id='word_1_394' title='bbox 1150 1206 1156 1213; x_wconf 92' lang='grc'><strong>·</strong></span> <span class='ocrx_word' id='word_1_395' title='bbox 1174 1199 1208 1224; x_wconf 71' lang='grc' dir='ltr'><strong>τὰ</strong></span> <span class='ocrx_word' id='word_1_396' title='bbox 1223 1197 1252 1223; x_wconf 84' lang='grc' dir='ltr'><strong>δὲ</strong></span> <span class='ocrx_word' id='word_1_397' title='bbox 1274 1195 1456 1231; x_wconf 85' lang='grc' dir='ltr'>ὐπεροχικὼς,</span> <span class='ocrx_word' id='word_1_398' title='bbox 1472 1196 1510 1226; x_wconf 79' lang='grc' dir='ltr'><strong>ὡς</strong></span> <span class='ocrx_word' id='word_1_399' title='bbox 1534 1195 1605 1230; x_wconf 80' lang='grc' dir='ltr'>ὑπὲρ</span> <span class='ocrx_word' id='word_1_400' title='bbox 1621 1195 1720 1227; x_wconf 71' lang='grc' dir='ltr'>πάντα,</span> <span class='ocrx_word' id='word_1_401' title='bbox 1742 1196 1793 1222; x_wconf 83' lang='grc' dir='ltr'>καὶ</span> <span class='ocrx_word' id='word_1_402' title='bbox 1807 1197 1840 1222; x_wconf 71' lang='grc' dir='ltr'>τὰ</span> 
     </span>
    </p>
   </div>
   <div class='ocr_carea' id='block_1_61' title="bbox 1046 1241 1842 1279">
    <p class='ocr_par' dir='ltr' id='par_1_61' title="bbox 1046 1241 1842 1279">
     <span class='ocr_line' id='line_1_61' title="bbox 1046 1241 1842 1279; baseline -0.004 -9"><span class='ocrx_word' id='word_1_403' title='bbox 1046 1243 1162 1279; x_wconf 77' lang='grc' dir='ltr'><strong>πρώτως</strong></span> <span class='ocrx_word' id='word_1_404' title='bbox 1186 1243 1271 1270; x_wconf 74' lang='grc' dir='ltr'>ὄντα·</span> <span class='ocrx_word' id='word_1_405' title='bbox 1300 1242 1462 1268; x_wconf 80' lang='grc' dir='ltr'>αὑτοουσῑαν</span> <span class='ocrx_word' id='word_1_406' title='bbox 1481 1241 1519 1272; x_wconf 79' lang='grc' dir='ltr'><strong>δὲ,</strong></span> <span class='ocrx_word' id='word_1_407' title='bbox 1544 1241 1603 1276; x_wconf 72' lang='grc' dir='ltr'>ἢτοι</span> <span class='ocrx_word' id='word_1_408' title='bbox 1619 1241 1769 1273; x_wconf 74' lang='grc' dir='ltr'>αὑτοεῑναι,</span> <span class='ocrx_word' id='word_1_409' title='bbox 1793 1242 1842 1267; x_wconf 70' lang='grc' dir='ltr'>καὶ</span> 
     </span>
    </p>
   </div>
   <div class='ocr_carea' id='block_1_62' title="bbox 1047 1287 1840 1323">
    <p class='ocr_par' dir='ltr' id='par_1_62' title="bbox 1047 1287 1840 1323">
     <span class='ocr_line' id='line_1_62' title="bbox 1047 1287 1840 1323; baseline -0.004 -7"><span class='ocrx_word' id='word_1_410' title='bbox 1047 1289 1198 1323; x_wconf 62' lang='grc' dir='ltr'>αὑτοζωὴν,</span> <span class='ocrx_word' id='word_1_411' title='bbox 1217 1288 1263 1315; x_wconf 69' lang='grc' dir='ltr'>καὶ</span> <span class='ocrx_word' id='word_1_412' title='bbox 1283 1287 1478 1321; x_wconf 74' lang='grc' dir='ltr'>αὑτοδύναμιν,</span> <span class='ocrx_word' id='word_1_413' title='bbox 1509 1287 1555 1313; x_wconf 77' lang='grc' dir='ltr'>καὶ</span> <span class='ocrx_word' id='word_1_414' title='bbox 1581 1287 1773 1322; x_wconf 75' lang='grc' dir='ltr'>αὑτοειρήνην,</span> <span class='ocrx_word' id='word_1_415' title='bbox 1793 1287 1840 1314; x_wconf 83' lang='grc' dir='ltr'>καὶ</span> 
     </span>
    </p>
   </div>
   <div class='ocr_carea' id='block_1_63' title="bbox 1046 1333 1837 1368">
    <p class='ocr_par' dir='ltr' id='par_1_63' title="bbox 1046 1333 1837 1368">
     <span class='ocr_line' id='line_1_63' title="bbox 1046 1333 1837 1368; baseline -0.003 -7"><span class='ocrx_word' id='word_1_416' title='bbox 1046 1335 1079 1361; x_wconf 76' lang='grc' dir='ltr'>τὰ</span> <span class='ocrx_word' id='word_1_417' title='bbox 1092 1334 1203 1361; x_wconf 73' lang='grc' dir='ltr'>τοιαῦτα</span> <span class='ocrx_word' id='word_1_418' title='bbox 1216 1334 1341 1368; x_wconf 81' lang='grc' dir='ltr'>λέγομεν,</span> <span class='ocrx_word' id='word_1_419' title='bbox 1360 1333 1460 1364; x_wconf 83' lang='grc' dir='ltr'>θεῖκῶς</span> <span class='ocrx_word' id='word_1_420' title='bbox 1481 1333 1529 1368; x_wconf 82' lang='grc' dir='ltr'>μὲν</span> <span class='ocrx_word' id='word_1_421' title='bbox 1559 1333 1609 1359; x_wconf 67' lang='grc' dir='ltr'><strong>κα)⁵</strong></span> <span class='ocrx_word' id='word_1_422' title='bbox 1629 1333 1837 1368; x_wconf 73' lang='grc' dir='ltr'><strong>δημιουργικῶς</strong></span> 
     </span>
    </p>
   </div>
   <div class='ocr_carea' id='block_1_64' title="bbox 1047 1378 1839 1416">
    <p class='ocr_par' dir='ltr' id='par_1_64' title="bbox 1047 1378 1839 1416">
     <span class='ocr_line' id='line_1_64' title="bbox 1047 1378 1839 1416; baseline -0.003 -9"><span class='ocrx_word' id='word_1_423' title='bbox 1047 1381 1096 1416; x_wconf 85' lang='grc' dir='ltr'>τὴν</span> <span class='ocrx_word' id='word_1_424' title='bbox 1130 1381 1195 1416; x_wconf 81' lang='grc' dir='ltr'>μίαν</span> <span class='ocrx_word' id='word_1_425' title='bbox 1214 1381 1324 1407; x_wconf 80' lang='grc' dir='ltr'>πάντιιν</span> <span class='ocrx_word' id='word_1_426' title='bbox 1354 1380 1521 1414; x_wconf 78' lang='grc' dir='ltr'>ὑπεράρχιον</span> <span class='ocrx_word' id='word_1_427' title='bbox 1548 1378 1636 1413; x_wconf 79' lang='grc' dir='ltr'>ἀρχὴν</span> <span class='ocrx_word' id='word_1_428' title='bbox 1659 1378 1707 1405; x_wconf 76' lang='grc' dir='ltr'>καὶ</span> <span class='ocrx_word' id='word_1_429' title='bbox 1727 1379 1839 1405; x_wconf 75' lang='grc' dir='ltr'>αῑῖὶαν·</span> 
     </span>
    </p>
   </div>
   <div class='ocr_carea' id='block_1_65' title="bbox 1050 1425 1840 1462">
    <p class='ocr_par' dir='ltr' id='par_1_65' title="bbox 1050 1425 1840 1462">
     <span class='ocr_line' id='line_1_65' title="bbox 1050 1425 1840 1462; baseline -0.003 -9"><span class='ocrx_word' id='word_1_430' title='bbox 1050 1427 1189 1462; x_wconf 81' lang='grc' dir='ltr'>μεθεκτῶς</span> <span class='ocrx_word' id='word_1_431' title='bbox 1204 1426 1232 1453; x_wconf 72' lang='grc' dir='ltr'><strong>δὲ</strong></span> <span class='ocrx_word' id='word_1_432' title='bbox 1247 1426 1295 1457; x_wconf 82' lang='grc' dir='ltr'><strong>τὰς</strong></span> <span class='ocrx_word' id='word_1_433' title='bbox 1317 1426 1490 1460; x_wconf 79' lang='grc' dir='ltr'>ἐκδιδομένας</span> <span class='ocrx_word' id='word_1_434' title='bbox 1505 1426 1535 1451; x_wconf 74' lang='grc' dir='ltr'>ἐκ</span> <span class='ocrx_word' id='word_1_435' title='bbox 1551 1425 1618 1452; x_wconf 60' lang='grc' dir='ltr'>Θεοῦ</span> <span class='ocrx_word' id='word_1_436' title='bbox 1635 1426 1773 1460; x_wconf 76' lang='grc' dir='ltr'><strong>μεθέξεις,</strong></span> <span class='ocrx_word' id='word_1_437' title='bbox 1791 1426 1840 1461; x_wconf 80' lang='grc' dir='ltr'>τὴν</span> 
     </span>
    </p>
   </div>
   <div class='ocr_carea' id='block_1_66' title="bbox 1045 1472 1839 1508">
    <p class='ocr_par' dir='ltr' id='par_1_66' title="bbox 1045 1472 1839 1508">
     <span class='ocr_line' id='line_1_66' title="bbox 1045 1472 1839 1508; baseline -0.001 -8"><span class='ocrx_word' id='word_1_438' title='bbox 1045 1474 1252 1506; x_wconf 60' lang='grc' dir='ltr'>αῷτοουσῖωσιν,</span> <span class='ocrx_word' id='word_1_439' title='bbox 1269 1473 1318 1508; x_wconf 72' lang='grc' dir='ltr'><strong>τὴν</strong></span> <span class='ocrx_word' id='word_1_440' title='bbox 1334 1472 1519 1506; x_wconf 75' lang='grc' dir='ltr'>αὐτοζώωσιν,</span> <span class='ocrx_word' id='word_1_441' title='bbox 1535 1473 1583 1507; x_wconf 71' lang='grc' dir='ltr'>τὴν</span> <span class='ocrx_word' id='word_1_442' title='bbox 1601 1473 1839 1508; x_wconf 77' lang='grc' dir='ltr'>αὑτοδυνάμωσιν,</span> 
     </span>
    </p>
   </div>
   <div class='ocr_carea' id='block_1_67' title="bbox 1046 1517 1840 1553">
    <p class='ocr_par' dir='ltr' id='par_1_67' title="bbox 1046 1517 1840 1553">
     <span class='ocr_line' id='line_1_67' title="bbox 1046 1517 1840 1553; baseline -0.004 -7"><span class='ocrx_word' id='word_1_443' title='bbox 1046 1520 1095 1553; x_wconf 81' lang='grc' dir='ltr'>τὴν</span> <span class='ocrx_word' id='word_1_444' title='bbox 1110 1518 1344 1553; x_wconf 78' lang='grc' dir='ltr'>αὺτοειρήνευσιν,</span> <span class='ocrx_word' id='word_1_445' title='bbox 1363 1517 1410 1544; x_wconf 86' lang='grc' dir='ltr'>καὶ</span> <span class='ocrx_word' id='word_1_446' title='bbox 1425 1518 1458 1543; x_wconf 81' lang='grc' dir='ltr'>τὰ</span> <span class='ocrx_word' id='word_1_447' title='bbox 1478 1517 1668 1551; x_wconf 65' lang='grc' dir='ltr'>παραπλήσια,</span> <span class='ocrx_word' id='word_1_448' title='bbox 1680 1517 1754 1552; x_wconf 71' lang='grc' dir='ltr'>ἅπερ</span> <span class='ocrx_word' id='word_1_449' title='bbox 1773 1518 1840 1544; x_wconf 73' lang='grc' dir='ltr'><strong>ἀπο-</strong></span> 
     </span>
    </p>
   </div>
   <div class='ocr_carea' id='block_1_68' title="bbox 1048 1563 1840 1599">
    <p class='ocr_par' dir='ltr' id='par_1_68' title="bbox 1048 1563 1840 1599">
     <span class='ocr_line' id='line_1_68' title="bbox 1048 1563 1840 1599; baseline -0.001 -8"><span class='ocrx_word' id='word_1_450' title='bbox 1048 1565 1146 1598; x_wconf 73' lang='grc' dir='ltr'>λύτως,</span> <span class='ocrx_word' id='word_1_451' title='bbox 1175 1565 1223 1591; x_wconf 73' lang='grc' dir='ltr'><strong>καὶ</strong></span> <span class='ocrx_word' id='word_1_452' title='bbox 1242 1563 1412 1599; x_wconf 79' lang='grc' dir='ltr'>ἀρχηγικῶς,</span> <span class='ocrx_word' id='word_1_453' title='bbox 1434 1563 1480 1590; x_wconf 80' lang='grc' dir='ltr'><strong>καὶ</strong></span> <span class='ocrx_word' id='word_1_454' title='bbox 1503 1563 1619 1598; x_wconf 84' lang='grc' dir='ltr'><strong>πρώτως</strong></span> <span class='ocrx_word' id='word_1_455' title='bbox 1635 1564 1668 1590; x_wconf 70' lang='grc' dir='ltr'>ἐκ</span> <span class='ocrx_word' id='word_1_456' title='bbox 1687 1563 1757 1589; x_wconf 78' lang='grc' dir='ltr'>Θεοῦ</span> <span class='ocrx_word' id='word_1_457' title='bbox 1772 1564 1840 1590; x_wconf 81' lang='grc' dir='ltr'><strong>ὑπο-</strong></span> 
     </span>
    </p>
   </div>
   <div class='ocr_carea' id='block_1_69' title="bbox 1048 1608 1838 1645">
    <p class='ocr_par' dir='ltr' id='par_1_69' title="bbox 1048 1608 1838 1645">
     <span class='ocr_line' id='line_1_69' title="bbox 1048 1608 1838 1645; baseline -0.003 -9"><span class='ocrx_word' id='word_1_458' title='bbox 1048 1611 1143 1645; x_wconf 77' lang='grc' dir='ltr'>στῆναι</span> <span class='ocrx_word' id='word_1_459' title='bbox 1156 1610 1272 1643; x_wconf 81' lang='grc' dir='ltr'>λέγομεν</span> <span class='ocrx_word' id='word_1_460' title='bbox 1289 1617 1295 1623; x_wconf 93' lang='grc'><strong>·</strong></span> <span class='ocrx_word' id='word_1_461' title='bbox 1313 1609 1383 1637; x_wconf 67' lang='grc' dir='ltr'>τινὲς</span> <span class='ocrx_word' id='word_1_462' title='bbox 1399 1608 1427 1634; x_wconf 80' lang='grc' dir='ltr'>δὲ</span> <span class='ocrx_word' id='word_1_463' title='bbox 1452 1608 1506 1634; x_wconf 86' lang='grc' dir='ltr'>τῶν</span> <span class='ocrx_word' id='word_1_464' title='bbox 1532 1608 1762 1644; x_wconf 73' lang='grc' dir='ltr'>ἱεροδιδασκὰλων</span> <span class='ocrx_word' id='word_1_465' title='bbox 1793 1609 1838 1634; x_wconf 67' lang='grc' dir='ltr'>καὶ</span> 
     </span>
    </p>
   </div>
   <div class='ocr_carea' id='block_1_70' title="bbox 1048 1655 1840 1692">
    <p class='ocr_par' dir='ltr' id='par_1_70' title="bbox 1048 1655 1840 1692">
     <span class='ocr_line' id='line_1_70' title="bbox 1048 1655 1840 1692; baseline -0.005 -8"><span class='ocrx_word' id='word_1_466' title='bbox 1048 1658 1098 1692; x_wconf 79' lang='grc' dir='ltr'>τῆς</span> <span class='ocrx_word' id='word_1_467' title='bbox 1115 1655 1363 1690; x_wconf 79' lang='grc' dir='ltr'>αὑτοαγαθότητος.</span> <span class='ocrx_word' id='word_1_468' title='bbox 1386 1655 1433 1682; x_wconf 73' lang='grc' dir='ltr'>καὶ</span> <span class='ocrx_word' id='word_1_469' title='bbox 1458 1655 1509 1690; x_wconf 63' lang='grc' dir='ltr'>τῆς</span> <span class='ocrx_word' id='word_1_470' title='bbox 1535 1655 1660 1689; x_wconf 77' lang='grc' dir='ltr'><strong>θεότητος</strong></span> <span class='ocrx_word' id='word_1_471' title='bbox 1683 1655 1840 1689; x_wconf 74' lang='grc' dir='ltr'><strong>ὑποστάτην</strong></span> 
     </span>
    </p>
   </div>
   <div class='ocr_carea' id='block_1_71' title="bbox 1049 1699 1840 1736">
    <p class='ocr_par' dir='ltr' id='par_1_71' title="bbox 1049 1699 1840 1736">
     <span class='ocr_line' id='line_1_71' title="bbox 1049 1699 1840 1736; baseline -0.004 -7"><span class='ocrx_word' id='word_1_472' title='bbox 1049 1703 1116 1736; x_wconf 63' lang='lat' dir='ltr'><strong>qui</strong></span> <span class='ocrx_word' id='word_1_473' title='bbox 1142 1703 1188 1728; x_wconf 79' lang='grc' dir='ltr'>τὸν</span> <span class='ocrx_word' id='word_1_474' title='bbox 1205 1701 1337 1735; x_wconf 82' lang='grc' dir='ltr'>ὑπέρθεον</span> <span class='ocrx_word' id='word_1_475' title='bbox 1360 1700 1437 1733; x_wconf 79' lang='grc' dir='ltr'>Θεὸν,</span> <span class='ocrx_word' id='word_1_476' title='bbox 1461 1699 1694 1735; x_wconf 71' lang='grc' dir='ltr'>αὺτοαγαθότητα,</span> <span class='ocrx_word' id='word_1_477' title='bbox 1713 1701 1762 1726; x_wconf 73' lang='grc' dir='ltr'>καὶ</span> <span class='ocrx_word' id='word_1_478' title='bbox 1784 1700 1840 1727; x_wconf 62' lang='grc' dir='ltr'>θεός</span> 
     </span>
    </p>
   </div>
   <div class='ocr_carea' id='block_1_72' title="bbox 1049 1746 1841 1781">
    <p class='ocr_par' dir='ltr' id='par_1_72' title="bbox 1049 1746 1841 1781">
     <span class='ocr_line' id='line_1_72' title="bbox 1049 1746 1841 1781; baseline 0 -8"><span class='ocrx_word' id='word_1_479' title='bbox 1049 1756 1119 1781; x_wconf 86' lang='grc' dir='ltr'>τητα</span> <span class='ocrx_word' id='word_1_480' title='bbox 1146 1747 1271 1781; x_wconf 76' lang='grc' dir='ltr'>λέγοντες</span> <span class='ocrx_word' id='word_1_481' title='bbox 1295 1746 1344 1780; x_wconf 81' lang='grc' dir='ltr'>τὴν</span> <span class='ocrx_word' id='word_1_482' title='bbox 1367 1748 1399 1772; x_wconf 84' lang='grc' dir='ltr'><strong>έκ</strong></span> <span class='ocrx_word' id='word_1_483' title='bbox 1423 1746 1491 1772; x_wconf 84' lang='grc' dir='ltr'><strong>Θεοῦ</strong></span> <span class='ocrx_word' id='word_1_484' title='bbox 1510 1746 1718 1780; x_wconf 72' lang='grc' dir='ltr'>προερχομένην</span> <span class='ocrx_word' id='word_1_485' title='bbox 1736 1746 1841 1780; x_wconf 69' lang='grc' dir='ltr'><strong>ἀγαθοα</strong></span> 
     </span>
    </p>
   </div>
   <div class='ocr_carea' id='block_1_73' title="bbox 1053 1791 1652 1826">
    <p class='ocr_par' dir='ltr' id='par_1_73' title="bbox 1053 1791 1652 1826">
     <span class='ocr_line' id='line_1_73' title="bbox 1053 1791 1652 1826; baseline 0 -8"><span class='ocrx_word' id='word_1_486' title='bbox 1053 1792 1127 1818; x_wconf 77' lang='grc' dir='ltr'>ιτα-δν</span> <span class='ocrx_word' id='word_1_487' title='bbox 1144 1792 1190 1818; x_wconf 88' lang='grc' dir='ltr'>καὶ</span> <span class='ocrx_word' id='word_1_488' title='bbox 1206 1792 1329 1818; x_wconf 82' lang='grc' dir='ltr'>θεοποιὺν</span> <span class='ocrx_word' id='word_1_489' title='bbox 1350 1791 1460 1826; x_wconf 78' lang='grc' dir='ltr'>μέθεξιν</span> <span class='ocrx_word' id='word_1_490' title='bbox 1476 1791 1523 1818; x_wconf 76' lang='grc' dir='ltr'>καὶ</span> <span class='ocrx_word' id='word_1_491' title='bbox 1537 1792 1652 1826; x_wconf 79' lang='grc' dir='ltr'>δωρεάν.</span> 
     </span>
    </p>
   </div>
   <div class='ocr_carea' id='block_1_74' title="bbox 209 1835 1838 1873">
    <p class='ocr_par' dir='ltr' id='par_1_74' title="bbox 209 1835 1838 1873">
     <span class='ocr_line' id='line_1_74' title="bbox 209 1835 1838 1873; baseline 0 -9"><span class='ocrx_word' id='word_1_492' title='bbox 209 1838 305 1865; x_wconf 80' lang='lat' dir='ltr'><strong>sistere</strong></span> <span class='ocrx_word' id='word_1_493' title='bbox 321 1836 448 1864; x_wconf 89' lang='lat' dir='ltr'><strong>dicimus.</strong></span> <span class='ocrx_word' id='word_1_494' title='bbox 472 1835 588 1868; x_wconf 83' lang='lat' dir='ltr'><strong>Quidam</strong></span> <span class='ocrx_word' id='word_1_495' title='bbox 609 1842 673 1862; x_wconf 77' lang='lat' dir='ltr'><strong>vero</strong></span> <span class='ocrx_word' id='word_1_496' title='bbox 707 1843 847 1862; x_wconf 78' lang='lat' dir='ltr'><strong>sacrorum</strong></span> <span class='ocrx_word' id='word_1_497' title='bbox 874 1837 1017 1864; x_wconf 86' lang='lat' dir='ltr'><strong>doctorum</strong></span> <span class='ocrx_word' id='word_1_498' title='bbox 1038 1840 1119 1866; x_wconf 73' lang='lat' dir='ltr'><strong>etiam</strong></span> <span class='ocrx_word' id='word_1_499' title='bbox 1137 1838 1222 1873; x_wconf 87' lang='lat' dir='ltr'><strong>ipsius</strong></span> <span class='ocrx_word' id='word_1_500' title='bbox 1238 1839 1369 1865; x_wconf 76' lang='lat' dir='ltr'><strong>bonitatis</strong></span> <span class='ocrx_word' id='word_1_501' title='bbox 1394 1845 1420 1866; x_wconf 92' lang='lat' dir='ltr'><strong>et</strong></span> <span class='ocrx_word' id='word_1_502' title='bbox 1438 1839 1593 1866; x_wconf 84' lang='lat' dir='ltr'><strong>divinitatis</strong></span> <span class='ocrx_word' id='word_1_503' title='bbox 1621 1844 1765 1867; x_wconf 87' lang='lat' dir='ltr'><strong>auctorem</strong></span> <span class='ocrx_word' id='word_1_504' title='bbox 1801 1838 1838 1865; x_wconf 86' lang='lat' dir='ltr'><strong>di-</strong></span> 
     </span>
    </p>
   </div>
   <div class='ocr_carea' id='block_1_75' title="bbox 208 1882 1838 1918">
    <p class='ocr_par' dir='ltr' id='par_1_75' title="bbox 208 1882 1838 1918">
     <span class='ocr_line' id='line_1_75' title="bbox 208 1882 1838 1918; baseline 0.001 -7"><span class='ocrx_word' id='word_1_505' title='bbox 208 1889 274 1912; x_wconf 86' lang='lat' dir='ltr'><strong>cunt</strong></span> <span class='ocrx_word' id='word_1_506' title='bbox 291 1884 434 1918; x_wconf 88' lang='lat' dir='ltr'><strong>plusquam</strong></span> <span class='ocrx_word' id='word_1_507' title='bbox 450 1883 573 1910; x_wconf 85' lang='lat' dir='ltr'><strong>divinum</strong></span> <span class='ocrx_word' id='word_1_508' title='bbox 606 1882 700 1909; x_wconf 91' lang='lat' dir='ltr'><strong>Deum.</strong></span> <span class='ocrx_word' id='word_1_509' title='bbox 719 1882 787 1909; x_wconf 85' lang='lat' dir='ltr'><strong>Nam</strong></span> <span class='ocrx_word' id='word_1_510' title='bbox 811 1883 896 1918; x_wconf 83' lang='lat' dir='ltr'><strong>ipsam</strong></span> <span class='ocrx_word' id='word_1_511' title='bbox 924 1885 1073 1913; x_wconf 77' lang='lat' dir='ltr'><strong>bonitatem</strong></span> <span class='ocrx_word' id='word_1_512' title='bbox 1106 1890 1134 1913; x_wconf 89' lang='lat' dir='ltr'><strong>et</strong></span> <span class='ocrx_word' id='word_1_513' title='bbox 1166 1886 1337 1913; x_wconf 75' lang='lat' dir='ltr'><strong>divinitatem</strong></span> <span class='ocrx_word' id='word_1_514' title='bbox 1361 1891 1489 1913; x_wconf 84' lang='lat' dir='ltr'><strong>asserunt</strong></span> <span class='ocrx_word' id='word_1_515' title='bbox 1511 1894 1571 1914; x_wconf 89' lang='lat' dir='ltr'><strong>esse</strong></span> <span class='ocrx_word' id='word_1_516' title='bbox 1587 1914 1592 1918; x_wconf 87' lang='lat'><em>_</em></span> <span class='ocrx_word' id='word_1_517' title='bbox 1607 1887 1838 1918; x_wconf 81' lang='lat' dir='ltr'><strong>communionem,</strong></span> 
     </span>
    </p>
   </div>
   <div class='ocr_carea' id='block_1_76' title="bbox 209 1929 817 1966">
    <p class='ocr_par' dir='ltr' id='par_1_76' title="bbox 209 1929 817 1966">
     <span class='ocr_line' id='line_1_76' title="bbox 209 1929 817 1966; baseline -0.002 -9"><span class='ocrx_word' id='word_1_518' title='bbox 209 1935 236 1957; x_wconf 90' lang='lat' dir='ltr'><strong>et</strong></span> <span class='ocrx_word' id='word_1_519' title='bbox 247 1931 360 1966; x_wconf 79' lang='lat' dir='ltr'><strong>gratiam</strong></span> <span class='ocrx_word' id='word_1_520' title='bbox 379 1930 466 1956; x_wconf 86' lang='lat' dir='ltr'><strong>bonos</strong></span> <span class='ocrx_word' id='word_1_521' title='bbox 483 1929 645 1963; x_wconf 84' lang='lat' dir='ltr'><strong>divinosque</strong></span> <span class='ocrx_word' id='word_1_522' title='bbox 662 1929 817 1956; x_wconf 81' lang='lat' dir='ltr'><strong>facientem.</strong></span> 
     </span>
    </p>
   </div>
   <div class='ocr_carea' id='block_1_77' title="bbox 535 1975 673 2009">
    <p class='ocr_par' dir='ltr' id='par_1_77' title="bbox 535 1975 673 2009">
     <span class='ocr_line' id='line_1_77' title="bbox 535 1975 673 2009; baseline 0.007 -8"><span class='ocrx_word' id='word_1_523' title='bbox 535 1975 673 2009; x_wconf 79' lang='lat' dir='ltr'><strong>Ejusdem.</strong></span> 
     </span>
    </p>
   </div>
   <div class='ocr_carea' id='block_1_78' title="bbox 246 2021 996 2057">
    <p class='ocr_par' dir='ltr' id='par_1_78' title="bbox 246 2021 996 2057">
     <span class='ocr_line' id='line_1_78' title="bbox 246 2021 996 2057; baseline 0.001 -8"><span class='ocrx_word' id='word_1_524' title='bbox 246 2023 279 2050; x_wconf 84' lang='lat' dir='ltr'><strong>Et</strong></span> <span class='ocrx_word' id='word_1_525' title='bbox 297 2029 423 2057; x_wconf 78' lang='lat' dir='ltr'><strong>magnum</strong></span> <span class='ocrx_word' id='word_1_526' title='bbox 453 2028 480 2049; x_wconf 89' lang='lat' dir='ltr'><strong>et</strong></span> <span class='ocrx_word' id='word_1_527' title='bbox 491 2029 605 2056; x_wconf 80' lang='lat' dir='ltr'><strong>parvum</strong></span> <span class='ocrx_word' id='word_1_528' title='bbox 635 2022 689 2049; x_wconf 92' lang='lat' dir='ltr'><strong>Deo</strong></span> <span class='ocrx_word' id='word_1_529' title='bbox 702 2021 747 2056; x_wconf 90' lang='lat' dir='ltr'><strong>qui</strong></span> <span class='ocrx_word' id='word_1_530' title='bbox 772 2030 865 2049; x_wconf 85' lang='lat' dir='ltr'><strong>rerum</strong></span> <span class='ocrx_word' id='word_1_531' title='bbox 878 2027 917 2050; x_wconf 88' lang='lat' dir='ltr'><strong>est</strong></span> <span class='ocrx_word' id='word_1_532' title='bbox 938 2030 996 2050; x_wconf 79' lang='lat' dir='ltr'><strong>om-</strong></span> 
     </span>
    </p>
   </div>
   <div class='ocr_carea' id='block_1_79' title="bbox 209 2067 996 2103">
    <p class='ocr_par' dir='ltr' id='par_1_79' title="bbox 209 2067 996 2103">
     <span class='ocr_line' id='line_1_79' title="bbox 209 2067 996 2103; baseline 0.004 -9"><span class='ocrx_word' id='word_1_533' title='bbox 209 2069 285 2095; x_wconf 85' lang='lat' dir='ltr'><strong>nium</strong></span> <span class='ocrx_word' id='word_1_534' title='bbox 293 2076 385 2099; x_wconf 79' lang='lat' dir='ltr'><strong>causa,</strong></span> <span class='ocrx_word' id='word_1_535' title='bbox 402 2067 561 2095; x_wconf 87' lang='lat' dir='ltr'><strong>tribuuntur</strong></span> <span class='ocrx_word' id='word_1_536' title='bbox 589 2069 615 2095; x_wconf 89' lang='lat' dir='ltr'><strong>in</strong></span> <span class='ocrx_word' id='word_1_537' title='bbox 633 2068 728 2095; x_wconf 80' lang='lat' dir='ltr'><strong>multis</strong></span> <span class='ocrx_word' id='word_1_538' title='bbox 759 2068 904 2103; x_wconf 66' lang='lat' dir='ltr'><strong>Scriptura:</strong></span> <span class='ocrx_word' id='word_1_539' title='bbox 918 2069 996 2097; x_wconf 79' lang='lat' dir='ltr'><strong>locis.</strong></span> 
     </span>
    </p>
   </div>
   <div class='ocr_carea' id='block_1_80' title="bbox 209 2112 997 2147">
    <p class='ocr_par' dir='ltr' id='par_1_80' title="bbox 209 2112 997 2147">
     <span class='ocr_line' id='line_1_80' title="bbox 209 2112 997 2147; baseline 0.001 -7"><span class='ocrx_word' id='word_1_540' title='bbox 209 2113 313 2140; x_wconf 78' lang='lat' dir='ltr'><strong>Parvus</strong></span> <span class='ocrx_word' id='word_1_541' title='bbox 345 2112 510 2145; x_wconf 82' lang='lat' dir='ltr'><strong>ostenditur,</strong></span> <span class='ocrx_word' id='word_1_542' title='bbox 524 2113 652 2147; x_wconf 85' lang='lat' dir='ltr'><strong>quoniam</strong></span> <span class='ocrx_word' id='word_1_543' title='bbox 679 2113 706 2140; x_wconf 92' lang='lat' dir='ltr'><strong>in</strong></span> <span class='ocrx_word' id='word_1_544' title='bbox 733 2121 799 2140; x_wconf 87' lang='lat' dir='ltr'><strong>aura</strong></span> <span class='ocrx_word' id='word_1_545' title='bbox 828 2114 912 2141; x_wconf 90' lang='lat' dir='ltr'><strong>tenui.</strong></span> <span class='ocrx_word' id='word_1_546' title='bbox 942 2115 997 2141; x_wconf 86' lang='lat' dir='ltr'><strong>Ma-</strong></span> 
     </span>
    </p>
   </div>
   <div class='ocr_carea' id='block_1_81' title="bbox 210 2158 1001 2194">
    <p class='ocr_par' dir='ltr' id='par_1_81' title="bbox 210 2158 1001 2194">
     <span class='ocr_line' id='line_1_81' title="bbox 210 2158 1001 2194; baseline 0.005 -10"><span class='ocrx_word' id='word_1_547' title='bbox 210 2166 280 2194; x_wconf 74' lang='lat' dir='ltr'><strong>gnus</strong></span> <span class='ocrx_word' id='word_1_548' title='bbox 292 2158 396 2185; x_wconf 75' lang='lat' dir='ltr'><strong>dicitur</strong></span> <span class='ocrx_word' id='word_1_549' title='bbox 416 2162 447 2184; x_wconf 89' lang='lat' dir='ltr'><strong>ut</strong></span> <span class='ocrx_word' id='word_1_550' title='bbox 473 2158 668 2193; x_wconf 76' lang='lat' dir='ltr'><strong>magnitudinis</strong></span> <span class='ocrx_word' id='word_1_551' title='bbox 694 2159 830 2194; x_wconf 77' lang='lat' dir='ltr'><strong>elargitor,</strong></span> <span class='ocrx_word' id='word_1_552' title='bbox 858 2165 886 2186; x_wconf 85' lang='lat' dir='ltr'><strong>et</strong></span> <span class='ocrx_word' id='word_1_553' title='bbox 898 2159 1001 2188; x_wconf 85' lang='lat' dir='ltr'><strong>inﬁnita</strong></span> 
     </span>
    </p>
   </div>
   <div class='ocr_carea' id='block_1_82' title="bbox 1357 1976 1535 2005">
    <p class='ocr_par' dir='ltr' id='par_1_82' title="bbox 1357 1976 1535 2005">
     <span class='ocr_line' id='line_1_82' title="bbox 1357 1976 1535 2005; baseline 0.006 -1"><span class='ocrx_word' id='word_1_554' title='bbox 1357 1977 1412 2004; x_wconf 88' lang='grc' dir='ltr'><strong>Τοῦ</strong></span> <span class='ocrx_word' id='word_1_555' title='bbox 1430 1976 1535 2005; x_wconf 81' lang='grc' dir='ltr'>αὐτοῦ.</span> 
     </span>
    </p>
   </div>
   <div class='ocr_carea' id='block_1_83' title="bbox 1087 2023 1838 2059">
    <p class='ocr_par' dir='ltr' id='par_1_83' title="bbox 1087 2023 1838 2059">
     <span class='ocr_line' id='line_1_83' title="bbox 1087 2023 1838 2059; baseline 0.004 -11"><span class='ocrx_word' id='word_1_556' title='bbox 1087 2023 1142 2049; x_wconf 79' lang='grc' dir='ltr'><strong>Καὶ</strong></span> <span class='ocrx_word' id='word_1_557' title='bbox 1158 2023 1188 2049; x_wconf 73' lang='grc' dir='ltr'><strong>τὸ</strong></span> <span class='ocrx_word' id='word_1_558' title='bbox 1205 2023 1276 2058; x_wconf 86' lang='grc' dir='ltr'>μέγα</span> <span class='ocrx_word' id='word_1_559' title='bbox 1299 2023 1347 2050; x_wconf 76' lang='grc' dir='ltr'>καὶ</span> <span class='ocrx_word' id='word_1_560' title='bbox 1373 2023 1403 2049; x_wconf 85' lang='grc' dir='ltr'>τὸ</span> <span class='ocrx_word' id='word_1_561' title='bbox 1431 2023 1530 2058; x_wconf 73' lang='grc' dir='ltr'>μικρὸν</span> <span class='ocrx_word' id='word_1_562' title='bbox 1543 2023 1698 2049; x_wconf 76' lang='grc' dir='ltr'>ἀνατίθεται</span> <span class='ocrx_word' id='word_1_563' title='bbox 1716 2023 1755 2059; x_wconf 88' lang='grc' dir='ltr'>τῷ</span> <span class='ocrx_word' id='word_1_564' title='bbox 1775 2025 1838 2051; x_wconf 66' lang='lat' dir='ltr'><strong>ardv-</strong></span> 
     </span>
    </p>
   </div>
   <div class='ocr_carea' id='block_1_84' title="bbox 1051 2068 1838 2106">
    <p class='ocr_par' dir='ltr' id='par_1_84' title="bbox 1051 2068 1838 2106">
     <span class='ocr_line' id='line_1_84' title="bbox 1051 2068 1838 2106; baseline 0.003 -11"><span class='ocrx_word' id='word_1_565' title='bbox 1051 2077 1104 2096; x_wconf 85' lang='grc' dir='ltr'>των</span> <span class='ocrx_word' id='word_1_566' title='bbox 1131 2069 1210 2104; x_wconf 72' lang='grc' dir='ltr'>αἰτίῳ</span> <span class='ocrx_word' id='word_1_567' title='bbox 1232 2069 1291 2104; x_wconf 83' lang='grc' dir='ltr'>Θεῷ</span> <span class='ocrx_word' id='word_1_568' title='bbox 1305 2077 1313 2084; x_wconf 77' lang='grc' dir='ltr'><strong>ο</strong></span> <span class='ocrx_word' id='word_1_569' title='bbox 1337 2069 1368 2095; x_wconf 79' lang='grc' dir='ltr'>τὸ</span> <span class='ocrx_word' id='word_1_570' title='bbox 1384 2069 1457 2103; x_wconf 77' lang='grc' dir='ltr'>μέγα</span> <span class='ocrx_word' id='word_1_571' title='bbox 1484 2069 1534 2103; x_wconf 86' lang='grc' dir='ltr'>μὲν</span> <span class='ocrx_word' id='word_1_572' title='bbox 1553 2068 1688 2104; x_wconf 84' lang='grc' dir='ltr'>πολλαχοῦ</span> <span class='ocrx_word' id='word_1_573' title='bbox 1705 2070 1755 2104; x_wconf 83' lang='grc' dir='ltr'>τῆς</span> <span class='ocrx_word' id='word_1_574' title='bbox 1772 2071 1838 2106; x_wconf 78' lang='grc' dir='ltr'>Γρα-</span> 
     </span>
    </p>
   </div>
   <div class='ocr_carea' id='block_1_85' title="bbox 1052 2115 1837 2151">
    <p class='ocr_par' dir='ltr' id='par_1_85' title="bbox 1052 2115 1837 2151">
     <span class='ocr_line' id='line_1_85' title="bbox 1052 2115 1837 2151; baseline 0 -9"><span class='ocrx_word' id='word_1_575' title='bbox 1052 2116 1116 2150; x_wconf 78' lang='grc' dir='ltr'>φῆς,</span> <span class='ocrx_word' id='word_1_576' title='bbox 1133 2116 1163 2142; x_wconf 81' lang='grc' dir='ltr'>τὸ</span> <span class='ocrx_word' id='word_1_577' title='bbox 1196 2115 1295 2150; x_wconf 71' lang='grc' dir='ltr'>μικρὸν</span> <span class='ocrx_word' id='word_1_578' title='bbox 1322 2115 1351 2141; x_wconf 74' lang='grc' dir='ltr'><strong>δὲ</strong></span> <span class='ocrx_word' id='word_1_579' title='bbox 1367 2115 1494 2150; x_wconf 64' lang='grc' dir='ltr'>δηῦοῦται</span> <span class='ocrx_word' id='word_1_580' title='bbox 1511 2115 1555 2141; x_wconf 75' lang='grc' dir='ltr'>διὰ</span> <span class='ocrx_word' id='word_1_581' title='bbox 1582 2115 1612 2141; x_wconf 76' lang='grc' dir='ltr'>τὸ</span> <span class='ocrx_word' id='word_1_582' title='bbox 1640 2116 1669 2142; x_wconf 76' lang='grc' dir='ltr'>ὲν</span> <span class='ocrx_word' id='word_1_583' title='bbox 1695 2115 1771 2151; x_wconf 70' lang='grc' dir='ltr'>αὔρᾳ.</span> <span class='ocrx_word' id='word_1_584' title='bbox 1799 2117 1837 2142; x_wconf 78' lang='grc' dir='ltr'>λε-</span> 
     </span>
    </p>
   </div>
   <div class='ocr_carea' id='block_1_86' title="bbox 1055 2159 1836 2197">
    <p class='ocr_par' dir='ltr' id='par_1_86' title="bbox 1055 2159 1836 2197">
     <span class='ocr_line' id='line_1_86' title="bbox 1055 2159 1836 2197; baseline 0.001 -10"><span class='ocrx_word' id='word_1_585' title='bbox 1055 2163 1120 2197; x_wconf 80' lang='grc' dir='ltr'>πτῇ.</span> <span class='ocrx_word' id='word_1_586' title='bbox 1151 2162 1245 2195; x_wconf 83' lang='grc' dir='ltr'>Μέγας</span> <span class='ocrx_word' id='word_1_587' title='bbox 1265 2162 1315 2197; x_wconf 83' lang='grc' dir='ltr'>μὲν</span> <span class='ocrx_word' id='word_1_588' title='bbox 1331 2159 1379 2187; x_wconf 84' lang='grc' dir='ltr'>οὖν</span> <span class='ocrx_word' id='word_1_589' title='bbox 1409 2161 1530 2194; x_wconf 84' lang='grc' dir='ltr'>λέγεται,</span> <span class='ocrx_word' id='word_1_590' title='bbox 1553 2161 1591 2192; x_wconf 79' lang='grc' dir='ltr'>ὡς</span> <span class='ocrx_word' id='word_1_591' title='bbox 1607 2162 1741 2196; x_wconf 82' lang='grc' dir='ltr'>μεγέθους</span> <span class='ocrx_word' id='word_1_592' title='bbox 1758 2171 1836 2197; x_wconf 83' lang='grc' dir='ltr'>μετα-</span> 
     </span>
    </p>
   </div>
   <div class='ocr_carea' id='block_1_87' title="bbox 210 2203 995 2243">
    <p class='ocr_par' dir='ltr' id='par_1_87' title="bbox 210 2204 995 2241">
     <span class='ocr_line' id='line_1_87' title="bbox 210 2204 995 2241; baseline 0.004 -11"><span class='ocrx_word' id='word_1_593' title='bbox 210 2205 340 2240; x_wconf 66' lang='lat' dir='ltr'><strong>praeditus</strong></span> <span class='ocrx_word' id='word_1_594' title='bbox 358 2204 556 2239; x_wconf 79' lang='lat' dir='ltr'><strong>magnitudine,</strong></span> <span class='ocrx_word' id='word_1_595' title='bbox 584 2209 612 2231; x_wconf 92' lang='lat' dir='ltr'><strong>et</strong></span> <span class='ocrx_word' id='word_1_596' title='bbox 642 2212 752 2231; x_wconf 86' lang='lat' dir='ltr'><strong>omnem</strong></span> <span class='ocrx_word' id='word_1_597' title='bbox 783 2206 995 2241; x_wconf 79' lang='lat' dir='ltr'><strong>magnitudinem</strong></span> 
     </span>
    </p>
   </div>
   <div class='ocr_carea' id='block_1_88' title="bbox 1056 2203 1835 2243">
    <p class='ocr_par' dir='ltr' id='par_1_88' title="bbox 1056 2207 1835 2243">
     <span class='ocr_line' id='line_1_88' title="bbox 1056 2207 1835 2243; baseline 0.003 -9"><span class='ocrx_word' id='word_1_598' title='bbox 1056 2208 1167 2241; x_wconf 70' lang='grc' dir='ltr'>Ξοτεκδς,</span> <span class='ocrx_word' id='word_1_599' title='bbox 1195 2208 1241 2234; x_wconf 77' lang='grc' dir='ltr'>καὶ</span> <span class='ocrx_word' id='word_1_600' title='bbox 1256 2208 1293 2239; x_wconf 85' lang='grc' dir='ltr'>ὡς</span> <span class='ocrx_word' id='word_1_601' title='bbox 1308 2207 1540 2242; x_wconf 80' lang='grc' dir='ltr'>ἁπειρομεγέθης,</span> <span class='ocrx_word' id='word_1_602' title='bbox 1558 2208 1606 2233; x_wconf 77' lang='grc' dir='ltr'>καὶ</span> <span class='ocrx_word' id='word_1_603' title='bbox 1634 2208 1835 2243; x_wconf 74' lang='grc' dir='ltr'>ὑπερμεγέθης.</span> 
     </span>
    </p>
   </div>
   <div class='ocr_carea' id='block_1_89' title="bbox 210 2250 998 2286">
    <p class='ocr_par' dir='ltr' id='par_1_89' title="bbox 210 2250 998 2286">
     <span class='ocr_line' id='line_1_89' title="bbox 210 2250 998 2286; baseline 0 -7"><span class='ocrx_word' id='word_1_604' title='bbox 210 2258 344 2286; x_wconf 84' lang='lat' dir='ltr'><strong>superans</strong></span> <span class='ocrx_word' id='word_1_605' title='bbox 363 2259 369 2276; x_wconf 87' lang='lat'>:</span> <span class='ocrx_word' id='word_1_606' title='bbox 383 2251 462 2286; x_wconf 87' lang='lat' dir='ltr'><strong>cujus</strong></span> <span class='ocrx_word' id='word_1_607' title='bbox 476 2250 635 2285; x_wconf 78' lang='lat' dir='ltr'><strong>magnitudo</strong></span> <span class='ocrx_word' id='word_1_608' title='bbox 661 2252 852 2285; x_wconf 77' lang='lat' dir='ltr'><strong>quantitatem,</strong></span> <span class='ocrx_word' id='word_1_609' title='bbox 881 2257 909 2279; x_wconf 86' lang='lat' dir='ltr'><strong>et</strong></span> <span class='ocrx_word' id='word_1_610' title='bbox 921 2260 998 2279; x_wconf 87' lang='lat' dir='ltr'><strong>men-</strong></span> 
     </span>
    </p>
   </div>
   <div class='ocr_carea' id='block_1_90' title="bbox 211 2296 1000 2330">
    <p class='ocr_par' dir='ltr' id='par_1_90' title="bbox 211 2296 1000 2330">
     <span class='ocr_line' id='line_1_90' title="bbox 211 2296 1000 2330; baseline 0.001 -6"><span class='ocrx_word' id='word_1_611' title='bbox 211 2305 314 2330; x_wconf 84' lang='lat' dir='ltr'><strong>suram,</strong></span> <span class='ocrx_word' id='word_1_612' title='bbox 328 2302 354 2324; x_wconf 88' lang='lat' dir='ltr'><strong>et</strong></span> <span class='ocrx_word' id='word_1_613' title='bbox 365 2297 510 2324; x_wconf 89' lang='lat' dir='ltr'><strong>terminum</strong></span> <span class='ocrx_word' id='word_1_614' title='bbox 527 2305 581 2323; x_wconf 83' lang='lat' dir='ltr'><strong>non</strong></span> <span class='ocrx_word' id='word_1_615' title='bbox 612 2297 703 2324; x_wconf 84' lang='lat' dir='ltr'><strong>habet.</strong></span> <span class='ocrx_word' id='word_1_616' title='bbox 720 2296 834 2324; x_wconf 82' lang='lat' dir='ltr'><strong>Parvum</strong></span> <span class='ocrx_word' id='word_1_617' title='bbox 855 2305 903 2325; x_wconf 86' lang='lat' dir='ltr'><strong>seu</strong></span> <span class='ocrx_word' id='word_1_618' title='bbox 920 2303 1000 2326; x_wconf 86' lang='lat' dir='ltr'><strong>tenue</strong></span> 
     </span>
    </p>
   </div>
   <div class='ocr_carea' id='block_1_91' title="bbox 212 2343 998 2377">
    <p class='ocr_par' dir='ltr' id='par_1_91' title="bbox 212 2343 998 2377">
     <span class='ocr_line' id='line_1_91' title="bbox 212 2343 998 2377; baseline 0.003 -7"><span class='ocrx_word' id='word_1_619' title='bbox 212 2344 312 2371; x_wconf 82' lang='lat' dir='ltr'><strong>dicitur</strong></span> <span class='ocrx_word' id='word_1_620' title='bbox 327 2344 353 2369; x_wconf 88' lang='lat' dir='ltr'><strong>in</strong></span> <span class='ocrx_word' id='word_1_621' title='bbox 371 2343 434 2374; x_wconf 85' lang='lat' dir='ltr'><strong>Deo,</strong></span> <span class='ocrx_word' id='word_1_622' title='bbox 448 2343 520 2377; x_wconf 89' lang='lat' dir='ltr'><strong>qttod</strong></span> <span class='ocrx_word' id='word_1_623' title='bbox 547 2343 649 2369; x_wconf 85' lang='lat' dir='ltr'><strong>nullam</strong></span> <span class='ocrx_word' id='word_1_624' title='bbox 675 2344 756 2370; x_wconf 83' lang='lat' dir='ltr'><strong>habet</strong></span> <span class='ocrx_word' id='word_1_625' title='bbox 771 2344 881 2375; x_wconf 87' lang='lat' dir='ltr'><strong>molem,</strong></span> <span class='ocrx_word' id='word_1_626' title='bbox 895 2344 998 2372; x_wconf 89' lang='lat' dir='ltr'><strong>nullum</strong></span> 
     </span>
    </p>
   </div>
   <div class='ocr_carea' id='block_1_92' title="bbox 212 2388 1000 2425">
    <p class='ocr_par' dir='ltr' id='par_1_92' title="bbox 212 2388 1000 2425">
     <span class='ocr_line' id='line_1_92' title="bbox 212 2388 1000 2425; baseline 0.003 -9"><span class='ocrx_word' id='word_1_627' title='bbox 212 2391 330 2425; x_wconf 89' lang='lat' dir='ltr'><strong>spatium</strong></span> <span class='ocrx_word' id='word_1_628' title='bbox 350 2393 478 2424; x_wconf 81' lang='lat' dir='ltr'><strong>occupat,</strong></span> <span class='ocrx_word' id='word_1_629' title='bbox 510 2393 539 2415; x_wconf 79' lang='lat' dir='ltr'><strong>et</strong></span> <span class='ocrx_word' id='word_1_630' title='bbox 561 2389 620 2415; x_wconf 88' lang='lat' dir='ltr'><strong>sine</strong></span> <span class='ocrx_word' id='word_1_631' title='bbox 647 2388 702 2415; x_wconf 89' lang='lat' dir='ltr'><strong>ullo</strong></span> <span class='ocrx_word' id='word_1_632' title='bbox 731 2390 926 2424; x_wconf 81' lang='lat' dir='ltr'><strong>impedimento</strong></span> <span class='ocrx_word' id='word_1_633' title='bbox 953 2398 1000 2424; x_wconf 87' lang='lat' dir='ltr'><strong>per</strong></span> 
     </span>
    </p>
   </div>
   <div class='ocr_carea' id='block_1_93' title="bbox 211 2435 1001 2469">
    <p class='ocr_par' dir='ltr' id='par_1_93' title="bbox 211 2435 1001 2469">
     <span class='ocr_line' id='line_1_93' title="bbox 211 2435 1001 2469; baseline 0 -7"><span class='ocrx_word' id='word_1_634' title='bbox 211 2436 304 2462; x_wconf 86' lang='lat' dir='ltr'><strong>omnia</strong></span> <span class='ocrx_word' id='word_1_635' title='bbox 322 2435 429 2465; x_wconf 76' lang='lat' dir='ltr'><strong>transit,</strong></span> <span class='ocrx_word' id='word_1_636' title='bbox 461 2444 470 2460; x_wconf 81' lang='lat' dir='ltr'><strong>t</strong></span> <span class='ocrx_word' id='word_1_637' title='bbox 487 2439 633 2469; x_wconf 83' lang='lat' dir='ltr'><strong>penetrans</strong></span> <span class='ocrx_word' id='word_1_638' title='bbox 667 2441 752 2469; x_wconf 81' lang='lat' dir='ltr'><strong>usque</strong></span> <span class='ocrx_word' id='word_1_639' title='bbox 777 2435 810 2461; x_wconf 87' lang='lat' dir='ltr'><strong>ad</strong></span> <span class='ocrx_word' id='word_1_640' title='bbox 841 2435 1001 2462; x_wconf 81' lang='lat' dir='ltr'><strong>divisionem</strong></span> 
     </span>
    </p>
   </div>
   <div class='ocr_carea' id='block_1_94' title="bbox 214 2480 1001 2516">
    <p class='ocr_par' dir='ltr' id='par_1_94' title="bbox 214 2480 1001 2516">
     <span class='ocr_line' id='line_1_94' title="bbox 214 2480 1001 2516; baseline 0 -8"><span class='ocrx_word' id='word_1_641' title='bbox 214 2482 321 2513; x_wconf 58' lang='lat' dir='ltr'><strong>animae,</strong></span> <span class='ocrx_word' id='word_1_642' title='bbox 337 2485 364 2508; x_wconf 90' lang='lat' dir='ltr'><strong>et</strong></span> <span class='ocrx_word' id='word_1_643' title='bbox 380 2481 503 2515; x_wconf 87' lang='lat' dir='ltr'><strong>spirilus,</strong></span> <span class='ocrx_word' id='word_1_644' title='bbox 516 2486 543 2507; x_wconf 91' lang='lat' dir='ltr'><strong>et</strong></span> <span class='ocrx_word' id='word_1_645' title='bbox 565 2480 754 2513; x_wconf 71' lang='lat' dir='ltr'><strong>COpitationes,</strong></span> <span class='ocrx_word' id='word_1_646' title='bbox 784 2482 1001 2516; x_wconf 78' lang='lat' dir='ltr'><strong>intentionesque</strong></span> 
     </span>
    </p>
   </div>
   <div class='ocr_carea' id='block_1_95' title="bbox 213 2525 1000 2564">
    <p class='ocr_par' dir='ltr' id='par_1_95' title="bbox 213 2525 1000 2564">
     <span class='ocr_line' id='line_1_95' title="bbox 213 2525 1000 2564; baseline -0.001 -10"><span class='ocrx_word' id='word_1_647' title='bbox 213 2527 303 2554; x_wconf 88' lang='lat' dir='ltr'><strong>cordis</strong></span> <span class='ocrx_word' id='word_1_648' title='bbox 317 2527 337 2553; x_wconf 75' lang='grc' dir='ltr'><strong>ι.</strong></span> <span class='ocrx_word' id='word_1_649' title='bbox 350 2536 359 2552; x_wconf 83' lang='grc'><strong>›</strong></span> <span class='ocrx_word' id='word_1_650' title='bbox 378 2527 434 2553; x_wconf 90' lang='lat' dir='ltr'><strong>lmo</strong></span> <span class='ocrx_word' id='word_1_651' title='bbox 450 2534 514 2554; x_wconf 84' lang='lat' dir='ltr'><strong>vero</strong></span> <span class='ocrx_word' id='word_1_652' title='bbox 538 2525 629 2553; x_wconf 89' lang='lat' dir='ltr'><strong>omnia</strong></span> <span class='ocrx_word' id='word_1_653' title='bbox 647 2526 816 2558; x_wconf 85' lang='lat' dir='ltr'><strong>discernens,</strong></span> <span class='ocrx_word' id='word_1_654' title='bbox 834 2528 906 2564; x_wconf 88' lang='lat' dir='ltr'><strong>nulla</strong></span> <span class='ocrx_word' id='word_1_655' title='bbox 926 2529 1000 2554; x_wconf 72' lang='lat' dir='ltr'><strong>enim</strong></span> 
     </span>
    </p>
   </div>
   <div class='ocr_carea' id='block_1_96' title="bbox 213 2572 1000 2608">
    <p class='ocr_par' dir='ltr' id='par_1_96' title="bbox 213 2572 1000 2608">
     <span class='ocr_line' id='line_1_96' title="bbox 213 2572 1000 2608; baseline 0.001 -9"><span class='ocrx_word' id='word_1_656' title='bbox 213 2580 258 2600; x_wconf 85' lang='lat' dir='ltr'><strong>res</strong></span> <span class='ocrx_word' id='word_1_657' title='bbox 273 2578 312 2600; x_wconf 79' lang='grc' dir='ltr'>ι-ει</span> <span class='ocrx_word' id='word_1_658' title='bbox 331 2577 484 2607; x_wconf 83' lang='lat' dir='ltr'><strong>procreata,</strong></span> <span class='ocrx_word' id='word_1_659' title='bbox 505 2579 565 2606; x_wconf 65' lang='lat' dir='ltr'><strong>quae</strong></span> <span class='ocrx_word' id='word_1_660' title='bbox 589 2572 712 2599; x_wconf 85' lang='lat' dir='ltr'><strong>obtutum</strong></span> <span class='ocrx_word' id='word_1_661' title='bbox 745 2573 805 2607; x_wconf 80' lang='lat' dir='ltr'><strong>ejus</strong></span> <span class='ocrx_word' id='word_1_662' title='bbox 829 2574 949 2608; x_wconf 78' lang='lat' dir='ltr'><strong>cﬁ‘ugiat.</strong></span> <span class='ocrx_word' id='word_1_663' title='bbox 967 2574 1000 2601; x_wconf 83' lang='lat' dir='ltr'><strong>Et</strong></span> 
     </span>
    </p>
   </div>
   <div class='ocr_carea' id='block_1_97' title="bbox 216 2619 998 2652">
    <p class='ocr_par' dir='ltr' id='par_1_97' title="bbox 216 2619 998 2652">
     <span class='ocr_line' id='line_1_97' title="bbox 216 2619 998 2652; baseline 0.001 -7"><span class='ocrx_word' id='word_1_664' title='bbox 216 2627 331 2649; x_wconf 83' lang='lat' dir='ltr'><strong>parvum</strong></span> <span class='ocrx_word' id='word_1_665' title='bbox 348 2619 398 2645; x_wconf 86' lang='lat' dir='ltr'><strong>hoc</strong></span> <span class='ocrx_word' id='word_1_666' title='bbox 414 2620 477 2645; x_wconf 86' lang='lat' dir='ltr'><strong>item</strong></span> <span class='ocrx_word' id='word_1_667' title='bbox 493 2619 673 2652; x_wconf 87' lang='lat' dir='ltr'><strong>quantitatem</strong></span> <span class='ocrx_word' id='word_1_668' title='bbox 697 2627 750 2645; x_wconf 88' lang='lat' dir='ltr'><strong>non</strong></span> <span class='ocrx_word' id='word_1_669' title='bbox 767 2619 848 2646; x_wconf 84' lang='lat' dir='ltr'><strong>habet</strong></span> <span class='ocrx_word' id='word_1_670' title='bbox 863 2625 888 2646; x_wconf 79' lang='lat' dir='ltr'><strong>et</strong></span> <span class='ocrx_word' id='word_1_671' title='bbox 907 2620 998 2646; x_wconf 85' lang='lat' dir='ltr'><strong>inliui-</strong></span> 
     </span>
    </p>
   </div>
   <div class='ocr_carea' id='block_1_98' title="bbox 214 2664 999 2698">
    <p class='ocr_par' dir='ltr' id='par_1_98' title="bbox 214 2664 999 2698">
     <span class='ocr_line' id='line_1_98' title="bbox 214 2664 999 2698; baseline 0.001 -8"><span class='ocrx_word' id='word_1_672' title='bbox 214 2668 271 2691; x_wconf 87' lang='lat' dir='ltr'><strong>tuttt</strong></span> <span class='ocrx_word' id='word_1_673' title='bbox 289 2669 340 2697; x_wconf 76' lang='lat' dir='ltr'><strong>est,</strong></span> <span class='ocrx_word' id='word_1_674' title='bbox 355 2670 381 2690; x_wconf 85' lang='lat' dir='ltr'><strong>et</strong></span> <span class='ocrx_word' id='word_1_675' title='bbox 394 2664 540 2695; x_wconf 82' lang='lat' dir='ltr'><strong>invisibile,</strong></span> <span class='ocrx_word' id='word_1_676' title='bbox 557 2668 585 2690; x_wconf 87' lang='lat' dir='ltr'><strong>et</strong></span> <span class='ocrx_word' id='word_1_677' title='bbox 612 2671 673 2690; x_wconf 89' lang='lat' dir='ltr'><strong>eum</strong></span> <span class='ocrx_word' id='word_1_678' title='bbox 688 2669 805 2698; x_wconf 82' lang='lat' dir='ltr'><strong>nequeat</strong></span> <span class='ocrx_word' id='word_1_679' title='bbox 823 2673 909 2698; x_wconf 82' lang='lat' dir='ltr'><strong>Ipsum</strong></span> <span class='ocrx_word' id='word_1_680' title='bbox 925 2673 999 2691; x_wconf 77' lang='lat' dir='ltr'><strong>com-</strong></span> 
     </span>
    </p>
   </div>
   <div class='ocr_carea' id='block_1_99' title="bbox 215 2709 997 2746">
    <p class='ocr_par' dir='ltr' id='par_1_99' title="bbox 215 2709 997 2746">
     <span class='ocr_line' id='line_1_99' title="bbox 215 2709 997 2746; baseline 0.001 -10"><span class='ocrx_word' id='word_1_681' title='bbox 215 2710 358 2746; x_wconf 85' lang='lat' dir='ltr'><strong>prehendi.</strong></span> <span class='ocrx_word' id='word_1_682' title='bbox 391 2711 481 2737; x_wconf 89' lang='lat' dir='ltr'><strong>omnia</strong></span> <span class='ocrx_word' id='word_1_683' title='bbox 508 2709 726 2745; x_wconf 84' lang='lat' dir='ltr'><strong>compreltendit.</strong></span> <span class='ocrx_word' id='word_1_684' title='bbox 757 2710 830 2736; x_wconf 85' lang='lat' dir='ltr'><strong>ldctn</strong></span> <span class='ocrx_word' id='word_1_685' title='bbox 857 2715 997 2744; x_wconf 67' lang='lat' dir='ltr'><strong>pmlerea,</strong></span> 
     </span>
    </p>
   </div>
   <div class='ocr_carea' id='block_1_100' title="bbox 214 2754 998 2789">
    <p class='ocr_par' dir='ltr' id='par_1_100' title="bbox 214 2754 998 2789">
     <span class='ocr_line' id='line_1_100' title="bbox 214 2754 998 2789; baseline -0.003 -6"><span class='ocrx_word' id='word_1_686' title='bbox 214 2756 389 2784; x_wconf 81' lang='lat' dir='ltr'><strong>ctdiversum</strong></span> <span class='ocrx_word' id='word_1_687' title='bbox 405 2756 439 2783; x_wconf 86' lang='lat' dir='ltr'><strong>de</strong></span> <span class='ocrx_word' id='word_1_688' title='bbox 454 2755 510 2783; x_wconf 88' lang='lat' dir='ltr'><strong>Deo</strong></span> <span class='ocrx_word' id='word_1_689' title='bbox 533 2754 641 2782; x_wconf 87' lang='lat' dir='ltr'><strong>dicitur.</strong></span> <span class='ocrx_word' id='word_1_690' title='bbox 673 2754 740 2782; x_wconf 85' lang='lat' dir='ltr'><strong>Illud</strong></span> <span class='ocrx_word' id='word_1_691' title='bbox 768 2754 878 2789; x_wconf 86' lang='lat' dir='ltr'><strong>quidem</strong></span> <span class='ocrx_word' id='word_1_692' title='bbox 910 2755 936 2782; x_wconf 91' lang='lat' dir='ltr'><strong>in</strong></span> <span class='ocrx_word' id='word_1_693' title='bbox 966 2763 998 2783; x_wconf 91' lang='lat' dir='ltr'><strong>eo</strong></span> 
     </span>
    </p>
   </div>
   <div class='ocr_carea' id='block_1_101' title="bbox 249 2837 498 2870">
    <p class='ocr_par' dir='ltr' id='par_1_101' title="bbox 249 2837 498 2870">
     <span class='ocr_line' id='line_1_101' title="bbox 249 2837 498 2870; baseline -0.004 -6"><span class='ocrx_word' id='word_1_694' title='bbox 249 2838 257 2854; x_wconf 82' lang='lat'><strong>&#39;</strong></span> <span class='ocrx_word' id='word_1_695' title='bbox 285 2837 368 2865; x_wconf 87' lang='lat' dir='ltr'><strong>Hchr.</strong></span> <span class='ocrx_word' id='word_1_696' title='bbox 401 2845 437 2870; x_wconf 89' lang='lat' dir='ltr'><strong>tv,</strong></span> <span class='ocrx_word' id='word_1_697' title='bbox 457 2837 498 2864; x_wconf 75' lang='lat' dir='ltr'><strong>l2.</strong></span> 
     </span>
    </p>
   </div>
   <div class='ocr_carea' id='block_1_102' title="bbox 1050 2253 1835 2289">
    <p class='ocr_par' dir='ltr' id='par_1_102' title="bbox 1050 2253 1835 2289">
     <span class='ocr_line' id='line_1_102' title="bbox 1050 2253 1835 2289; baseline -0.001 -9"><span class='ocrx_word' id='word_1_698' title='bbox 1050 2253 1079 2281; x_wconf 72' lang='grc' dir='ltr'>οὗ</span> <span class='ocrx_word' id='word_1_699' title='bbox 1090 2253 1119 2280; x_wconf 78' lang='grc' dir='ltr'>τὸ</span> <span class='ocrx_word' id='word_1_700' title='bbox 1138 2253 1252 2289; x_wconf 78' lang='grc' dir='ltr'>μέγεθος</span> <span class='ocrx_word' id='word_1_701' title='bbox 1268 2253 1380 2284; x_wconf 70' lang='grc' dir='ltr'>ᾶποσον,</span> <span class='ocrx_word' id='word_1_702' title='bbox 1395 2254 1443 2279; x_wconf 80' lang='grc' dir='ltr'>καὶ</span> <span class='ocrx_word' id='word_1_703' title='bbox 1467 2253 1622 2287; x_wconf 71' lang='grc' dir='ltr'>ἀμέτρητον</span> <span class='ocrx_word' id='word_1_704' title='bbox 1637 2253 1685 2279; x_wconf 80' lang='grc' dir='ltr'>καὶ</span> <span class='ocrx_word' id='word_1_705' title='bbox 1700 2254 1835 2289; x_wconf 74' lang='grc' dir='ltr'>ἀόριστον·</span> 
     </span>
    </p>
   </div>
   <div class='ocr_carea' id='block_1_103' title="bbox 1052 2298 1836 2334">
    <p class='ocr_par' dir='ltr' id='par_1_103' title="bbox 1052 2298 1836 2334">
     <span class='ocr_line' id='line_1_103' title="bbox 1052 2298 1836 2334; baseline 0 -10"><span class='ocrx_word' id='word_1_706' title='bbox 1052 2299 1150 2333; x_wconf 72' lang='grc' dir='ltr'>μικρὸν</span> <span class='ocrx_word' id='word_1_707' title='bbox 1164 2298 1192 2324; x_wconf 80' lang='grc' dir='ltr'><strong>δὲ</strong></span> <span class='ocrx_word' id='word_1_708' title='bbox 1210 2298 1270 2332; x_wconf 75' lang='grc' dir='ltr'>ἤτοι</span> <span class='ocrx_word' id='word_1_709' title='bbox 1286 2298 1385 2324; x_wconf 76' lang='grc' dir='ltr'>λεπτὸν</span> <span class='ocrx_word' id='word_1_710' title='bbox 1413 2299 1459 2325; x_wconf 77' lang='grc' dir='ltr'><strong>ἐπὶ</strong></span> <span class='ocrx_word' id='word_1_711' title='bbox 1488 2298 1556 2325; x_wconf 85' lang='grc' dir='ltr'>Θεοῦ</span> <span class='ocrx_word' id='word_1_712' title='bbox 1587 2298 1616 2324; x_wconf 82' lang='grc' dir='ltr'>τὸ</span> <span class='ocrx_word' id='word_1_713' title='bbox 1640 2299 1741 2331; x_wconf 59' lang='lat' dir='ltr'><strong>iuvre;</strong></span> <span class='ocrx_word' id='word_1_714' title='bbox 1758 2300 1836 2334; x_wconf 71' lang='grc' dir='ltr'>ὄγκου</span> 
     </span>
    </p>
   </div>
   <div class='ocr_carea' id='block_1_104' title="bbox 1051 2343 1835 2379">
    <p class='ocr_par' dir='ltr' id='par_1_104' title="bbox 1051 2343 1835 2379">
     <span class='ocr_line' id='line_1_104' title="bbox 1051 2343 1835 2379; baseline 0.003 -10"><span class='ocrx_word' id='word_1_715' title='bbox 1051 2345 1099 2370; x_wconf 75' lang='grc' dir='ltr'>καὶ</span> <span class='ocrx_word' id='word_1_716' title='bbox 1126 2344 1311 2379; x_wconf 81' lang='grc' dir='ltr'>διαστήματος</span> <span class='ocrx_word' id='word_1_717' title='bbox 1339 2343 1501 2378; x_wconf 75' lang='grc' dir='ltr'>ἐκϐεϐηκὸς,</span> <span class='ocrx_word' id='word_1_718' title='bbox 1527 2345 1575 2371; x_wconf 78' lang='grc' dir='ltr'><strong>καὶ</strong></span> <span class='ocrx_word' id='word_1_719' title='bbox 1598 2344 1627 2370; x_wconf 84' lang='grc' dir='ltr'>τὸ</span> <span class='ocrx_word' id='word_1_720' title='bbox 1655 2345 1700 2371; x_wconf 79' lang='grc' dir='ltr'><strong>διὰ</strong></span> <span class='ocrx_word' id='word_1_721' title='bbox 1731 2347 1835 2372; x_wconf 76' lang='grc' dir='ltr'>πάντων</span> 
     </span>
    </p>
   </div>
   <div class='ocr_carea' id='block_1_105' title="bbox 1051 2389 1835 2426">
    <p class='ocr_par' dir='ltr' id='par_1_105' title="bbox 1051 2389 1835 2426">
     <span class='ocr_line' id='line_1_105' title="bbox 1051 2389 1835 2426; baseline -0.001 -9"><span class='ocrx_word' id='word_1_722' title='bbox 1051 2389 1198 2420; x_wconf 69' lang='grc' dir='ltr'>ἀκωλύτως</span> <span class='ocrx_word' id='word_1_723' title='bbox 1211 2390 1328 2424; x_wconf 81' lang='grc' dir='ltr'>χωροῦν,</span> <span class='ocrx_word' id='word_1_724' title='bbox 1344 2391 1392 2416; x_wconf 71' lang='grc' dir='ltr'>καὶ</span> <span class='ocrx_word' id='word_1_725' title='bbox 1418 2390 1604 2425; x_wconf 84' lang='grc' dir='ltr'>διικνούμενον</span> <span class='ocrx_word' id='word_1_726' title='bbox 1621 2390 1686 2425; x_wconf 78' lang='grc' dir='ltr'>ἄχρι</span> <span class='ocrx_word' id='word_1_727' title='bbox 1703 2390 1835 2426; x_wconf 69' lang='grc' dir='ltr'>μερισμοῦ</span> 
     </span>
    </p>
   </div>
   <div class='ocr_carea' id='block_1_106' title="bbox 1051 2434 1835 2471">
    <p class='ocr_par' dir='ltr' id='par_1_106' title="bbox 1051 2434 1835 2471">
     <span class='ocr_line' id='line_1_106' title="bbox 1051 2434 1835 2471; baseline 0.003 -11"><span class='ocrx_word' id='word_1_728' title='bbox 1051 2435 1140 2470; x_wconf 77' lang='grc' dir='ltr'>ψυχῆς</span> <span class='ocrx_word' id='word_1_729' title='bbox 1168 2435 1213 2462; x_wconf 73' lang='grc' dir='ltr'>καὶ</span> <span class='ocrx_word' id='word_1_730' title='bbox 1241 2434 1416 2469; x_wconf 75' lang='grc' dir='ltr'>πνεύματος,</span> <span class='ocrx_word' id='word_1_731' title='bbox 1444 2436 1492 2462; x_wconf 78' lang='grc' dir='ltr'>καὶ</span> <span class='ocrx_word' id='word_1_732' title='bbox 1517 2436 1638 2469; x_wconf 61' lang='grc' dir='ltr'>κριτικὸν</span> <span class='ocrx_word' id='word_1_733' title='bbox 1664 2435 1835 2471; x_wconf 75' lang='grc' dir='ltr'>ἐνθυμήσεων</span> 
     </span>
    </p>
   </div>
   <div class='ocr_carea' id='block_1_107' title="bbox 1052 2481 1834 2516">
    <p class='ocr_par' dir='ltr' id='par_1_107' title="bbox 1052 2481 1834 2516">
     <span class='ocr_line' id='line_1_107' title="bbox 1052 2481 1834 2516; baseline 0.001 -10"><span class='ocrx_word' id='word_1_734' title='bbox 1052 2482 1097 2507; x_wconf 72' lang='grc' dir='ltr'>καὶ</span> <span class='ocrx_word' id='word_1_735' title='bbox 1116 2482 1223 2508; x_wconf 76' lang='grc' dir='ltr'>ἐννοιῶν</span> <span class='ocrx_word' id='word_1_736' title='bbox 1248 2482 1371 2516; x_wconf 70' lang='grc' dir='ltr'>καρδίας,</span> <span class='ocrx_word' id='word_1_737' title='bbox 1401 2481 1503 2516; x_wconf 82' lang='grc' dir='ltr'>μᾶλλον</span> <span class='ocrx_word' id='word_1_738' title='bbox 1528 2481 1557 2507; x_wconf 73' lang='grc' dir='ltr'><strong>δὲ</strong></span> <span class='ocrx_word' id='word_1_739' title='bbox 1576 2481 1630 2508; x_wconf 84' lang='grc' dir='ltr'>τῶν</span> <span class='ocrx_word' id='word_1_740' title='bbox 1646 2481 1734 2508; x_wconf 73' lang='grc' dir='ltr'>ὄντων</span> <span class='ocrx_word' id='word_1_741' title='bbox 1750 2482 1834 2509; x_wconf 77' lang='grc' dir='ltr'><strong>ἀπάν-</strong></span> 
     </span>
    </p>
   </div>
   <div class='ocr_carea' id='block_1_108' title="bbox 1050 2526 1832 2561">
    <p class='ocr_par' dir='ltr' id='par_1_108' title="bbox 1050 2526 1832 2561">
     <span class='ocr_line' id='line_1_108' title="bbox 1050 2526 1832 2561; baseline 0.001 -9"><span class='ocrx_word' id='word_1_742' title='bbox 1050 2535 1113 2553; x_wconf 89' lang='grc' dir='ltr'>των.</span> <span class='ocrx_word' id='word_1_743' title='bbox 1138 2527 1175 2553; x_wconf 71' lang='grc' dir='ltr'><strong>Οὐ</strong></span> <span class='ocrx_word' id='word_1_744' title='bbox 1193 2528 1247 2561; x_wconf 83' lang='grc' dir='ltr'><strong>γάρ</strong></span> <span class='ocrx_word' id='word_1_745' title='bbox 1265 2528 1322 2553; x_wconf 76' lang='grc' dir='ltr'>ἐστι</span> <span class='ocrx_word' id='word_1_746' title='bbox 1352 2527 1440 2558; x_wconf 78' lang='grc' dir='ltr'>κτίσις</span> <span class='ocrx_word' id='word_1_747' title='bbox 1467 2527 1573 2561; x_wconf 73' lang='grc' dir='ltr'>ἀφανὴς</span> <span class='ocrx_word' id='word_1_748' title='bbox 1597 2528 1712 2553; x_wconf 78' lang='grc' dir='ltr'>ἐνώπιον</span> <span class='ocrx_word' id='word_1_749' title='bbox 1737 2526 1832 2553; x_wconf 83' lang='grc' dir='ltr'>αὐτοῦ·</span> 
     </span>
    </p>
   </div>
   <div class='ocr_carea' id='block_1_109' title="bbox 1049 2573 1832 2608">
    <p class='ocr_par' dir='ltr' id='par_1_109' title="bbox 1049 2573 1832 2608">
     <span class='ocr_line' id='line_1_109' title="bbox 1049 2573 1832 2608; baseline 0 -10"><span class='ocrx_word' id='word_1_750' title='bbox 1049 2574 1096 2599; x_wconf 70' lang='grc' dir='ltr'>καὶ</span> <span class='ocrx_word' id='word_1_751' title='bbox 1112 2573 1191 2599; x_wconf 77' lang='grc' dir='ltr'>τοῦτο</span> <span class='ocrx_word' id='word_1_752' title='bbox 1207 2573 1235 2598; x_wconf 82' lang='grc' dir='ltr'>δὲ</span> <span class='ocrx_word' id='word_1_753' title='bbox 1256 2573 1286 2599; x_wconf 82' lang='grc' dir='ltr'>τὸ</span> <span class='ocrx_word' id='word_1_754' title='bbox 1302 2573 1399 2607; x_wconf 61' lang='grc' dir='ltr'>μικρὸν</span> <span class='ocrx_word' id='word_1_755' title='bbox 1415 2573 1547 2608; x_wconf 76' lang='grc' dir='ltr'><strong>ἀπήλικόν</strong></span> <span class='ocrx_word' id='word_1_756' title='bbox 1562 2573 1631 2605; x_wconf 78' lang='grc' dir='ltr'>ἐστι,</span> <span class='ocrx_word' id='word_1_757' title='bbox 1650 2573 1697 2599; x_wconf 73' lang='grc' dir='ltr'>καὶ</span> <span class='ocrx_word' id='word_1_758' title='bbox 1712 2573 1832 2608; x_wconf 76' lang='grc' dir='ltr'>ἄπειρον,</span> 
     </span>
    </p>
   </div>
   <div class='ocr_carea' id='block_1_110' title="bbox 1051 2619 1832 2654">
    <p class='ocr_par' dir='ltr' id='par_1_110' title="bbox 1051 2619 1832 2654">
     <span class='ocr_line' id='line_1_110' title="bbox 1051 2619 1832 2654; baseline -0.003 -9"><span class='ocrx_word' id='word_1_759' title='bbox 1051 2620 1098 2646; x_wconf 76' lang='grc' dir='ltr'>καὶ</span> <span class='ocrx_word' id='word_1_760' title='bbox 1123 2620 1254 2654; x_wconf 79' lang='grc' dir='ltr'>ἀόρατον·</span> <span class='ocrx_word' id='word_1_761' title='bbox 1278 2620 1326 2646; x_wconf 76' lang='grc' dir='ltr'>καὶ</span> <span class='ocrx_word' id='word_1_762' title='bbox 1346 2619 1411 2646; x_wconf 80' lang='grc' dir='ltr'>αὐτὸ</span> <span class='ocrx_word' id='word_1_763' title='bbox 1429 2621 1478 2654; x_wconf 84' lang='grc' dir='ltr'>μὲν</span> <span class='ocrx_word' id='word_1_764' title='bbox 1505 2620 1703 2654; x_wconf 74' lang='grc' dir='ltr'><strong>ἀπερίληπτον,</strong></span> <span class='ocrx_word' id='word_1_765' title='bbox 1729 2621 1832 2647; x_wconf 73' lang='grc' dir='ltr'>πάντων</span> 
     </span>
    </p>
   </div>
   <div class='ocr_carea' id='block_1_111' title="bbox 1051 2664 1831 2699">
    <p class='ocr_par' dir='ltr' id='par_1_111' title="bbox 1051 2664 1831 2699">
     <span class='ocr_line' id='line_1_111' title="bbox 1051 2664 1831 2699; baseline -0.001 -9"><span class='ocrx_word' id='word_1_766' title='bbox 1051 2664 1079 2690; x_wconf 83' lang='grc' dir='ltr'><strong>δὲ</strong></span> <span class='ocrx_word' id='word_1_767' title='bbox 1096 2665 1303 2699; x_wconf 81' lang='grc' dir='ltr'>περιληπτικόν.</span> <span class='ocrx_word' id='word_1_768' title='bbox 1328 2665 1444 2698; x_wconf 77' lang='grc' dir='ltr'>Λέγεται</span> <span class='ocrx_word' id='word_1_769' title='bbox 1460 2665 1488 2692; x_wconf 81' lang='grc' dir='ltr'><strong>δὲ</strong></span> <span class='ocrx_word' id='word_1_770' title='bbox 1513 2666 1561 2692; x_wconf 75' lang='grc' dir='ltr'><strong>ἐπὶ</strong></span> <span class='ocrx_word' id='word_1_771' title='bbox 1573 2665 1640 2691; x_wconf 83' lang='grc' dir='ltr'>Θεοῦ</span> <span class='ocrx_word' id='word_1_772' title='bbox 1660 2666 1708 2691; x_wconf 79' lang='grc' dir='ltr'>καὶ</span> <span class='ocrx_word' id='word_1_773' title='bbox 1723 2666 1754 2692; x_wconf 79' lang='grc' dir='ltr'>τὸ</span> <span class='ocrx_word' id='word_1_774' title='bbox 1773 2673 1831 2692; x_wconf 80' lang='grc' dir='ltr'>ταυ-</span> 
     </span>
    </p>
   </div>
   <div class='ocr_carea' id='block_1_112' title="bbox 1051 2708 1831 2744">
    <p class='ocr_par' dir='ltr' id='par_1_112' title="bbox 1051 2708 1831 2744">
     <span class='ocr_line' id='line_1_112' title="bbox 1051 2708 1831 2744; baseline 0.003 -9"><span class='ocrx_word' id='word_1_775' title='bbox 1051 2710 1107 2742; x_wconf 64' lang='grc' dir='ltr'>τὸν,</span> <span class='ocrx_word' id='word_1_776' title='bbox 1123 2710 1169 2736; x_wconf 57' lang='lat' dir='ltr'><strong>xxi.</strong></span> <span class='ocrx_word' id='word_1_777' title='bbox 1193 2710 1222 2736; x_wconf 85' lang='grc' dir='ltr'>τὸ</span> <span class='ocrx_word' id='word_1_778' title='bbox 1235 2710 1329 2744; x_wconf 72' lang='grc' dir='ltr'>ἕτερον</span> <span class='ocrx_word' id='word_1_779' title='bbox 1340 2717 1348 2725; x_wconf 69' lang='grc' dir='ltr'><strong>ο</strong></span> <span class='ocrx_word' id='word_1_780' title='bbox 1377 2710 1407 2735; x_wconf 80' lang='grc' dir='ltr'><strong>τὺ</strong></span> <span class='ocrx_word' id='word_1_781' title='bbox 1422 2710 1472 2744; x_wconf 85' lang='grc' dir='ltr'>μὲν</span> <span class='ocrx_word' id='word_1_782' title='bbox 1489 2711 1518 2736; x_wconf 78' lang='grc' dir='ltr'>ὲν</span> <span class='ocrx_word' id='word_1_783' title='bbox 1532 2709 1581 2744; x_wconf 79' lang='grc' dir='ltr'>τῷ,</span> <span class='ocrx_word' id='word_1_784' title='bbox 1601 2719 1611 2735; x_wconf 74' lang='grc' dir='ltr'>ι</span> <span class='ocrx_word' id='word_1_785' title='bbox 1629 2710 1664 2735; x_wconf 83' lang='grc' dir='ltr'><strong>Σὺ</strong></span> <span class='ocrx_word' id='word_1_786' title='bbox 1679 2710 1708 2734; x_wconf 77' lang='grc' dir='ltr'><strong>δὲ</strong></span> <span class='ocrx_word' id='word_1_787' title='bbox 1731 2709 1746 2735; x_wconf 83' lang='grc' dir='ltr'>ὁ</span> <span class='ocrx_word' id='word_1_788' title='bbox 1760 2708 1831 2737; x_wconf 69' lang='grc' dir='ltr'>αὐτὸς</span> 
     </span>
    </p>
   </div>
   <div class='ocr_carea' id='block_1_113' title="bbox 1051 2754 1827 2792">
    <p class='ocr_par' dir='ltr' id='par_1_113' title="bbox 1051 2754 1827 2792">
     <span class='ocr_line' id='line_1_113' title="bbox 1051 2754 1827 2792; baseline 0 -10"><span class='ocrx_word' id='word_1_789' title='bbox 1051 2754 1112 2783; x_wconf 73' lang='grc' dir='ltr'><strong>εἷ’»</strong></span> <span class='ocrx_word' id='word_1_790' title='bbox 1131 2756 1160 2782; x_wconf 73' lang='grc' dir='ltr'>τὸ</span> <span class='ocrx_word' id='word_1_791' title='bbox 1175 2756 1202 2782; x_wconf 80' lang='grc' dir='ltr'><strong>δὲ</strong></span> <span class='ocrx_word' id='word_1_792' title='bbox 1214 2757 1241 2782; x_wconf 81' lang='grc' dir='ltr'>ὲν</span> <span class='ocrx_word' id='word_1_793' title='bbox 1257 2756 1306 2792; x_wconf 79' lang='grc' dir='ltr'>τῷ,</span> <span class='ocrx_word' id='word_1_794' title='bbox 1322 2766 1332 2782; x_wconf 73' lang='grc' dir='ltr'><strong>ι</strong></span> <span class='ocrx_word' id='word_1_795' title='bbox 1349 2757 1445 2792; x_wconf 82' lang='grc' dir='ltr'>Κύριε,</span> <span class='ocrx_word' id='word_1_796' title='bbox 1463 2756 1559 2792; x_wconf 75' lang='grc' dir='ltr'>Κύριε,</span> <span class='ocrx_word' id='word_1_797' title='bbox 1580 2756 1621 2788; x_wconf 73' lang='grc' dir='ltr'><strong>τίς</strong></span> <span class='ocrx_word' id='word_1_798' title='bbox 1641 2756 1732 2791; x_wconf 43' lang='grc' dir='ltr'>ὅμοιός</span> <span class='ocrx_word' id='word_1_799' title='bbox 1751 2765 1789 2783; x_wconf 83' lang='grc' dir='ltr'>σοι</span> <span class='ocrx_word' id='word_1_800' title='bbox 1801 2763 1827 2788; x_wconf 69' lang='lat' dir='ltr'><strong>,I</strong></span> 
     </span>
    </p>
   </div>
  </div>
