1893 3081
518 197 657 232 Ejusdem.

232 249 439 278 Communicare
451 255 480 276 se
492 246 593 275 dicitur
603 246 684 275 Deus,
694 247 804 279 propter
815 247 926 268 munera
938 245 997 269 sua,

207 306 267 333 quae
285 298 368 325 rebus
381 296 515 324 universis
538 293 678 322 distribuit
695 300 703 318 :
717 299 771 319 non
796 287 1000 317 communicare

208 348 310 376 autem,
327 343 390 377 quia
413 342 487 369 nulla
514 348 558 368 res
581 345 622 367 est
635 339 770 374 particeps
794 335 931 365 essentite,
953 337 1001 360 aut

207 390 279 422 vitm,
296 394 344 416 aut
366 388 519 423 sapientiai,
545 390 591 413 aut
606 385 687 413 ullius
710 389 817 413 eorum,
835 388 894 415 qua:
918 378 1001 407 habet

210 435 269 470 ipse
293 435 398 462 ratione
422 433 537 468 quadam
558 429 781 467 pra-.stantissima
800 432 828 454 et
858 423 999 460 singulari.

530 486 669 522 Ejusdem.

246 540 285 567 Ex
300 545 353 573 quo
370 537 407 569 ﬁt,
425 540 455 562 ut
469 542 484 562 a
502 532 616 568 singulis
633 530 714 558 rebus
730 533 801 556 totus
818 527 961 557 habeatur,
975 528 1003 552 et

211 586 285 614 nulla
301 570 343 612 res
361 583 442 610 ullam
457 581 516 616 ejus
538 583 642 614 partem
664 577 772 606 habeat,
787 578 815 601 ut
831 577 954 600 centrum
969 570 998 597 in

211 632 301 660 medio
312 629 413 659 circulo
424 636 439 655 a
457 627 539 655 rectis
552 624 676 653 omnibus
689 622 767 650 lineis
782 624 879 650 totum,
890 622 917 646 et
928 616 1001 643 nulla

211 679 270 713 ejus
285 684 347 711 pars
363 675 396 702 ab
411 674 463 701 ulla
477 672 602 699 habetur.
619 669 699 697 Velut
715 665 842 702 sigillum,
858 662 930 698 quod
941 669 1001 689 om-

212 724 290 751 nibus
314 730 345 749 cx
372 728 401 748 se
421 718 535 754 sumptis
566 714 698 750 exemplis
713 714 748 740 ita
765 720 794 740 se
816 716 902 739 totum
921 713 1002 743 atque

213 771 284 798 idem
312 766 505 796 communicat,
533 768 562 790 ut
587 770 603 789 a
627 761 702 788 nullo
720 764 808 786 tamen
828 764 924 784 eorum
949 754 1002 782 ulla

215 817 301 851 ipsius
317 814 446 841 habeatur
465 818 539 846 pars.
558 808 614 837 Hoc
633 812 723 834 tamen
740 807 850 840 priestat
866 803 909 830 illa
928 800 1002 830 Divi~

214 861 317 892 nitatis,
335 866 395 894 qua:
409 861 451 885 est
470 862 560 883 rerum
576 853 697 881 omnium
714 858 806 882 causa,
831 857 885 877 non
902 848 1004 882 impar-
1018 860 1042 890 Β

216 907 300 934 tiendi
314 892 433 934 se‘ratio,
443 901 516 937 quod
529 899 602 927 nulla
613 902 729 926 attactus
741 895 908 923 mistionisve
919 892 1006 920 socie-

217 959 270 980 tate
285 959 345 979 cum
379 950 434 977 illis
449 946 631 983 coniungitur,
652 944 751 979 quibus
779 939 1004 968 communicatur.

215 999 291 1032 Quod
301 998 322 1026 si
333 995 521 1033 quisol-jiciat,
530 1000 583 1020 non
600 991 627 1018 in
637 990 764 1018 omnibus
773 987 903 1022 exemplis
917 990 1005 1013 totum

215 1029 298 1077 atque
322 1029 390 1068 idem
409 1029 515 1075 signum
532 1037 634 1071 etiingi,
660 1033 841 1069 respondebo,
863 1038 918 1058 non
934 1029 1006 1057 illius

224 1090 314 1124 culpa,
330 1087 400 1122 quod
421 1093 451 1113 se
467 1089 552 1111 totum
574 1088 654 1117 atque
671 1081 742 1108 idem
764 1078 875 1113 singulis
897 1083 1005 1104 accom-

224 1123 326 1167 modat,
345 1132 392 1161 sed
407 1129 599 1166 excipientium
616 1127 772 1155 diversitate
795 1123 962 1158 contingere,
977 1124 1007 1148 ut

221 1181 313 1212 unius,
336 1184 363 1207 et
385 1178 475 1208 totius,
489 1181 516 1203 et
541 1173 661 1210 ejusdem
684 1169 848 1205 exemplaris
874 1167 1006 1202 imagines

222 1225 370 1254 dissimiles
386 1224 448 1251 sint.
467 1220 587 1255 Exempli
601 1219 695 1255 gratia,
708 1217 730 1245 si
746 1215 888 1251 simplicia,
901 1213 1005 1243 facilia.

221 1273 290 1300 levia
313 1275 342 1298 et
360 1268 522 1299 tractabilia,
544 1273 600 1293 non
630 1263 796 1295 resistentia,
819 1268 874 1288 non
898 1266 1005 1295 aspera,

221 1328 276 1347 non
292 1317 407 1353 fragilia,
429 1323 483 1342 non
498 1312 633 1340 instabilia
651 1310 715 1341 sint.
731 1316 838 1344 puram,
853 1312 881 1335 et
896 1313 1008 1341 expres-

221 1374 290 1397 sain,
302 1368 330 1391 et
339 1352 448 1390 rﬁrmam
466 1360 580 1396 etiigicm
599 1357 763 1393 percipient.
782 1354 829 1381 Sin
845 1352 945 1388 aliquid
961 1358 1008 1378 eo-

220 1418 281 1438 rum
306 1407 448 1440 defecerit,
470 1414 529 1441 qua:
549 1405 621 1431 dicta
638 1408 711 1434 sunt,
738 1402 853 1434 ideoque
870 1399 960 1425 minus
974 1396 1008 1423 ad

222 1457 337 1487 formam
364 1452 563 1489 suscipiendam
593 1453 654 1487 apta
675 1452 756 1482 atque
780 1446 877 1473 idonea
895 1443 1006 1475 fuerint,

223 1503 250 1532 id
273 1502 326 1529 erit
350 1507 430 1528 causa
454 1495 693 1525 dissimilitudinis,
719 1497 748 1520 et
767 1489 957 1519 deformitatis,
981 1491 1009 1514 et

825 134 1014 167 EUTHYMH
1036 133 1218 164 ZlGADENI

1791 131 1844 162 132

1357 185 1410 214 Τοῦ
1432 186 1536 214 αὑτοῦ.

1085 235 1224 266 Μεοεχτὸς
1240 234 1290 268 μὲν
1301 235 1315 260 ὁ
1329 234 1396 264 Θεὸς
1410 233 1481 259 κατὰ
1493 233 1543 265 τὰς
1559 233 1718 267 μεταδόσεις
1743 233 1842 266 αὑποῦ,

1051 281 1201 314 άμέθεκτος
1213 279 1241 306 δὲ
1258 279 1329 306 κατὰ
1343 279 1374 305 τὸ
1391 278 1475 313 μηδὲν
1503 279 1616 314 μετέχον
1631 279 1718 314 αὐτῆς
1732 279 1782 314 τῆς
1796 279 1846 305 οὐο

1051 329 1110 357 σίας
1122 326 1245 361 αὺτοῦ,ἢ
1263 325 1312 358 τῆς
1327 324 1401 358 ζωῆς
1417 324 1510 356 αὐτοῦ,
1535 324 1551 358 ἢ
1569 325 1619 359 τῆς
1632 325 1730 358 costa;
1744 324 1845 356 αὑτοῦ,

1050 373 1066 406 ἢ
1080 381 1152 403 τινος
1170 372 1225 398 τῶν
1242 372 1382 404 τοιούτων,
1400 370 1472 406 ᾇπερ
1489 370 1546 405 ἔχει
1566 371 1652 397 πάντα
1671 370 1734 397 καθ’
1753 370 1845 406 ὑπερ-

1051 419 1116 455 οχὴν
1130 418 1178 445 καὶ
1194 418 1353 453 ἐξαιρέτως.

1361 474 1419 504 Τοῦ
1432 474 1538 502 αὑτοῦ.

1087 522 1149 549 ’Ὁτι
1164 522 1178 547 ὁ
1192 520 1258 552 Θεὸς
1274 521 1321 548 καὶ
1335 521 1379 555 ὑφ’
1395 521 1514 548 ἑκάστου
1526 521 1582 547 τῶν
1598 521 1772 556 μετεχόντων
1784 522 1811 548 ὃ)
1818 530 1848 553 ος

1054 567 1206 602 μετέχεται,
1228 566 1274 592 καὶ
1293 566 1340 592 ὑπ’
1352 565 1462 597 οὐδενὸς
1480 567 1570 593 οὐδενὶ
1597 566 1687 601 μέρει,
1716 565 1848 600 καθάπερ

1054 614 1166 647 κέντρον
1185 613 1214 639 ὲν
1230 613 1305 648 μέσῳ
1324 612 1425 639 κύκλου
1443 613 1497 648 πρὸ
1511 613 1606 640 πασῶν
1619 613 1674 639 τῶν
1690 614 1720 639 έν
1734 613 1775 647 τῷ
1800 612 1850 639 κύ-

1053 659 1109 694 κλῳ
1123 661 1324 694 περικειμένων
1339 659 1462 686 εὐθειῶν.
1490 660 1544 686 Καὶ
1571 659 1665 694 ὥσπερ
1695 659 1849 694 σφραγῖδος

1053 704 1245 739 ἐκτυπώματσ.
1261 705 1346 732 πολλὰ
1368 705 1476 740 μετέχει
1490 705 1539 738 τῆς
1554 705 1708 740 ἀρχετύπου
1726 705 1850 740 σφραγί-

1053 751 1106 784 δος,
1122 752 1169 778 καὶ
1185 753 1214 778 ὲν
1238 751 1347 786 ἑκάστῳ
1380 751 1435 778 τῶν
1462 752 1670 786 ἑκτυτιωμάτων
1696 752 1761 786 ὅλης
1801 752 1850 778 καὶ

1053 797 1155 832 ταύτης
1166 796 1260 832 οὔσης,
1274 797 1322 824 καὶ
1336 799 1364 823 ἐν
1375 797 1462 824 οὐδενὶ
1477 797 1538 824 κατ’
1548 798 1623 824 οὐδὲν
1637 799 1730 833 μέρος.
1741 798 1849 832 Ὑπέρ-

1061 852 1151 872 κειται
1179 843 1208 873 δὲ
1238 843 1409 870 καὶτούτων
1436 843 1523 878 ήτῆς
1550 843 1693 869 παναιτίου
1714 843 1850 877 θεότητος

1058 889 1200 924 ἀμεθεξία,
1217 889 1255 923 τῷ
1270 889 1340 924 μήτε
1349 888 1458 923 ἐπαφὴν
1477 889 1561 923 αὐτῆς
1575 885 1656 920 εἶναι,
1674 888 1744 923 μήτε
1763 888 1851 921 ἄλλην

1056 935 1118 961 τινὰ
1132 934 1199 969 πρὸς
1213 935 1246 961 τὰ
1260 935 1409 969 μετέχοντα
1426 934 1553 968 συμμιγῆ
1572 933 1725 965 κοινωνίαν,
1756 933 1850 960 καίτοι

1058 981 1124 1016 φαίη
1139 989 1193 1013 τις,
1208 981 1265 1007 Οὐκ
1281 981 1356 1006 ἐστιν
1375 981 1390 1015 ἠ
1407 979 1525 1014 σφραγὶς
1537 980 1566 1005 ὲν
1583 979 1653 1010 ὅλοις
1678 979 1734 1009 τοῖς
1759 979 1850 1012 Extm-

1056 1027 1141 1061 γείοις
1158 1026 1206 1060 ὅλη
1227 1026 1306 1060 καὶὴ
1328 1026 1409 1061 αὐτή.
1430 1024 1533 1051 Τούτου
1565 1024 1594 1050 δὲ
1608 1024 1659 1059 οὐχ
1683 1024 1700 1059 ἠ
1727 1026 1851 1059 σφραγὶς

1057 1073 1132 1100 αἰτία
1145 1079 1151 1087 ⁸
1169 1073 1260 1098 πᾶσαν
1275 1071 1330 1106 γὰρ
1345 1071 1445 1106 ἑαυτὴν
1460 1070 1563 1105 ἐκείνη,
1574 1071 1621 1096 καὶ
1635 1070 1740 1104 ταύτην
1759 1071 1852 1097 ἐπιεί-

1056 1119 1138 1146 δωσιν
1151 1118 1276 1152 ἑκάστῳ·
1291 1117 1348 1143 ἀλλ’
1365 1117 1381 1152 ἡ
1400 1116 1456 1143 τῶν
1484 1116 1654 1152 μετεχόντων
1680 1115 1850 1151 διαφορότης

1057 1165 1171 1198 ἀνόμοια
1183 1165 1256 1190 ποιεῖ
1267 1163 1301 1189 τὰ
1314 1163 1516 1198 ἀπομόργματα
1529 1164 1577 1198 τῆς
1588 1163 1651 1196 μιᾶς
1661 1163 1706 1188 καὶ
1719 1162 1787 1197 ὅλης
1803 1163 1849 1191 καὶ

1056 1210 1158 1245 ταυτῆς
1176 1208 1357 1245 ἁρχετυπίας.
1375 1206 1437 1236 Οἷον
1450 1211 1474 1235 εί
1500 1209 1550 1243 μὲν
1577 1209 1677 1241 ἁπαλὰ,
1708 1209 1758 1235 καὶ
1785 1210 1850 1235 ἀτί-

1058 1266 1136 1284 πωτα
1154 1253 1183 1294 ᾗ,
1199 1258 1246 1282 καὶ
1261 1254 1332 1288 λεῖα,
1354 1255 1401 1282 καὶ
1416 1255 1583 1290 εὐχάρακτα,
1616 1256 1663 1282 καὶ
1678 1256 1748 1290 μήτε
1774 1255 1849 1282 ἀντί-

1057 1312 1141 1335 τυπα,
1160 1302 1208 1329 καὶ
1233 1301 1349 1336 σκληρὰ,
1363 1302 1432 1336 μήτε
1447 1300 1603 1335 εὐδιάχυτα,
1631 1301 1679 1327 καὶ
1694 1301 1850 1333 datis-rata,

1058 1347 1179 1382 καθαρὸν
1195 1347 1261 1379 ἕξει,
1280 1348 1326 1374 καὶ
1338 1347 1412 1382 σαφῆ
1422 1348 1468 1373 καὶ
1480 1347 1682 1382 ὲναπομένοντα
1689 1347 1735 1373 τὸν
1751 1347 1848 1374 τύπον·

1059 1395 1082 1419 εί
1095 1393 1123 1419 δέ
1149 1401 1175 1419 τι
1203 1394 1254 1426 τῆς
1279 1392 1431 1427 εἰρημένης
1458 1391 1677 1426 ἐπιτηδειότητος
1702 1391 1825 1418 ἐλλείποι
1841 1412 1848 1423 ,

1059 1440 1139 1467 το]το
1157 1440 1243 1466 αἴτιον
1260 1439 1337 1465 ἔσται
1353 1438 1400 1465 τοῦ
1414 1437 1569 1470 ἀτυπώτου,
1584 1438 1631 1465 καὶ
1645 1437 1691 1464 τοῦ
1712 1437 1850 1471 ἀσαφοῦς,

1060 1488 1108 1513 καὶ
1122 1485 1177 1512 τῶν
1193 1485 1281 1514 ἄλλων
1297 1485 1346 1512 ὅσα
1365 1484 1486 1520 μετοχῆς
1516 1483 1754 1519 ἁνεπιτηδειότητι
1777 1484 1852 1518 γίνε-

221 1549 336 1576 aliorum
355 1543 599 1573 incommodorum,
618 1547 678 1575 qua:
695 1538 816 1568 materia
840 1536 873 1563 ad
895 1535 1008 1565 formam
1022 1531 1044 1561 C
1061 1542 1117 1566 τᾳι,

224 1592 412 1628 excipiendam
429 1590 519 1616 minus
535 1585 747 1614 accommodata:
761 1583 933 1618 contingunt.

553 1643 690 1678 Ejusdem.

260 1695 335 1722 Unus
346 1699 386 1720 est
397 1699 487 1720 rerum
501 1690 622 1718 omnium
634 1687 763 1720 essentia,
779 1690 806 1714 ct
825 1684 1010 1721 pulchritudo,

225 1747 253 1770 et
264 1740 379 1771 bonitas,
392 1743 419 1766 et
429 1736 559 1772 sapientia
572 1735 654 1767 Deus,
666 1741 746 1769 quem
761 1736 892 1767 expetunt
903 1737 1010 1764 omnes,

225 1787 272 1822 qui
289 1785 368 1812 unius
381 1787 445 1811 sunt
461 1782 572 1821 format;
586 1779 732 1815 participes
743 1782 835 1805 autem
851 1777 922 1804 illius
932 1775 1010 1808 tiunt,

226 1840 280 1863 non
297 1839 350 1859 uno
364 1836 458 1858 omnes
475 1827 566 1860 modo,
580 1826 702 1861 quamvis
718 1824 776 1858 ipse
805 1829 876 1849 unus
897 1826 924 1849 et
940 1822 1010 1849 idem

225 1877 349 1909 exsistat,
364 1875 411 1902 sed
426 1873 495 1901 alius
509 1872 561 1899 alia
580 1876 660 1906 atque
676 1869 726 1897 alia
743 1869 857 1901 ratione,
872 1872 901 1894 ut
915 1868 1012 1901 cuique

227 1922 317 1951 divina
331 1920 399 1947 libra
414 1917 552 1946 distribuit
563 1923 611 1952 pro
628 1915 761 1950 cujusque
775 1913 926 1940 liabilitate.

557 1973 591 2009 ις]
595 1973 694 2000 rudem.

269 2024 401 2058 Quoniam
419 2021 489 2050 Deus
505 2024 533 2048 et
547 2025 597 2053 est,
617 2023 645 2046 et
672 2018 753 2045 rebus
768 2016 886 2051 largiens
902 2019 931 2042 ut
948 2014 1013 2047 sint,

229 2071 327 2102 multas
349 2074 426 2105 parat
447 2067 589 2099 essentias,
610 2064 790 2099 multiplicare
810 2062 910 2089 dicitur
928 2069 1012 2088 unum

228 2118 294 2149 illud
310 2117 382 2151 quod
398 2119 449 2147 est,
468 2121 502 2142 ex
517 2114 577 2148 ipso
593 2112 739 2141 multarum
755 2115 845 2136 rerum
862 2112 951 2134 ortutn
967 2107 1014 2134 de<

227 2166 340 2196 ducens.
364 2161 450 2188 Manet
475 2164 566 2187 autem
590 2163 618 2185 et
634 2157 674 2184 sic
695 2162 780 2183 unum
807 2155 835 2181 in
853 2153 1015 2188 multiplica—

1367 1620 1423 1649 Τοῦ
1447 1620 1551 1647 αὑτοῦ.

1102 1671 1150 1700 Ἐν
1170 1670 1221 1704 μέν
1238 1669 1297 1695 ἐστι
1310 1667 1340 1694 τδ
1351 1667 1435 1699 ὅντως
1446 1667 1487 1699 ὃν,
1504 1666 1550 1693 καὶ
1563 1666 1657 1698 καλὸν,
1671 1665 1719 1692 καὶ
1733 1664 1850 1699 ἀγαθὸν.

1061 1718 1109 1744 καὶ
1139 1716 1233 1750 σοφὸν,
1254 1714 1284 1741 οὔ
1302 1714 1403 1746 πάντες
1428 1714 1453 1740 οἱ
1475 1714 1601 1744 ὲνοειδεῖς
1623 1712 1767 1747 ἑφίενταιι·
1790 1720 1854 1747 μετ-

1062 1764 1153 1799 έχουσι
1163 1763 1192 1789 δὲ
1205 1760 1288 1789 αὑτοῦ
1303 1761 1354 1796 οὐχ
1372 1760 1491 1792 ἐνιαίως,
1511 1759 1600 1786 καίτοι
1614 1759 1673 1790 ἑνὸς
1686 1759 1735 1785 καὶ
1751 1758 1850 1785 ταυτοῠ

1061 1809 1149 1841 ὄντος,
1165 1807 1224 1835 ἀλλ’
1241 1807 1278 1838 ὡς
1289 1806 1397 1841 ἑκάστῳ
1411 1805 1444 1832 τὰ
1461 1804 1521 1831 θεῖα
1535 1804 1659 1838 διανέμει
1689 1803 1763 1837 ζυγὰ
1779 1804 1848 1831 uti

1062 1855 1111 1889 τὴν
1127 1854 1243 1882 ἑκάστου
1259 1852 1479 1888 ἐπιτηδειότητα.

1366 1975 1422 2004 Τοῦ
1438 1977 1543 2004 αὐτοῦ.

1105 2024 1214 2060 Ἐπειδὴ
1232 2025 1245 2051 ὸ
1260 2023 1327 2055 Θεδς
1338 2022 1376 2050 ὢν
1387 2023 1455 2054 ἐστι,
1479 2023 1527 2049 καὶ
1542 2021 1713 2057 δωροῦμενος
1726 2021 1760 2048 τὺ
1783 2019 1852 2048 εἶναι

1064 2071 1123 2098 οὖσι
1137 2070 1256 2106 παράγει
1267 2070 1316 2100 τὰς
1333 2068 1432 2100 πολλὰς
1442 2068 1548 2099 οὐσίας,
1563 2066 1852 2099 πολλαπλασιάζεσθαι

1064 2117 1172 2150 λέγεται
1187 2117 1218 2142 τὸ
1230 2115 1260 2141 ἓν
1283 2115 1313 2142 ὃν
1329 2116 1417 2144 έκεῖνο
1433 2115 1465 2149 τῇ
1479 2114 1509 2146 ἐξ
1529 2113 1611 2140 αὐτοῦ
1630 2114 1787 2147 παραγωγῇ
1802 2113 1852 2138 τῶν

1065 2162 1171 2188 πολλῶν
1183 2162 1279 2189 ὄντων.
1295 2161 1378 2188 Μένει
1391 2160 1419 2187 δὲ
1430 2161 1478 2186 καὶ
1488 2159 1574 2190 οὕτως
1586 2159 1615 2185 ἒν
1629 2158 1668 2191 τῷ
1685 2158 1851 2194 πληῦυσμῴ,

229 2212 315 2242 tione,
332 2213 360 2236 et
378 2208 489 2243 plenum
506 2205 534 2232 in
553 2203 698 2234 divisione,
715 2201 778 2236 quia
792 2204 904 2235 propter
920 2206 1009 2226 essen-

1075 2210 1112 2236 ιαὶ
1129 2208 1233 2242 πλῆρες
1244 2208 1273 2234 ἐν
1288 2209 1320 2242 τῇ
1332 2207 1477 2242 διακρίσει,
1495 2206 1534 2242 τῷ
1555 2206 1665 2232 πάντων
1692 2203 1766 2232 εἶναι
1799 2206 1851 2232 τῶν

228 2258 292 2287 tiam
321 2253 394 2281 omni
425 2251 544 2280 essentia
570 2247 694 2285 superior
719 2251 777 2277 est,
792 2245 892 2272 eximio
913 2248 941 2270 et
970 2243 1014 2275 iis,

228 2307 288 2335 quae
309 2301 384 2330 sunt,
396 2293 568 2322 antecellenti
590 2291 706 2326 quodam
731 2289 820 2317 modo.
844 2288 916 2321 Quin
933 2287 1014 2314 etiam

229 2332 291 2374 cum
304 2349 389 2371 unum
404 2342 449 2374 sit,
462 2344 489 2368 et
502 2339 560 2372 uni,
573 2343 600 2366 et
612 2335 789 2367 multitudini,
800 2340 827 2362 et
840 2335 900 2367 toti,
910 2332 1016 2368 etparti

230 2398 313 2419 unum
329 2387 542 2417 communicans.
564 2392 648 2411 unum
663 2390 757 2410 rursus
769 2381 887 2409 essentia
905 2379 1016 2415 praecel-

229 2437 293 2467 lenti
306 2441 348 2464 est
361 2432 544 2470 singulariter,
557 2430 582 2458 id
595 2434 646 2462 est,
659 2429 779 2464 proprie,
792 2432 819 2455 et
831 2427 940 2459 eximie,
953 2433 1015 2457 cum

229 2491 281 2511 nec
298 2489 382 2509 unum
405 2481 440 2508 sit
454 2488 487 2507 ex
504 2479 538 2506 iis
554 2485 615 2512 quas
635 2481 709 2509 sunt,
727 2483 778 2503 nec
791 2474 948 2504 multitudo,
963 2480 1015 2500 nec

233 2535 320 2558 totum
352 2535 386 2555 ex
406 2526 540 2562 partibus,
561 2532 613 2551 nec
638 2530 699 2558 pars
727 2530 760 2549 ex
786 2526 852 2550 toto.
871 2521 958 2555 Atque
979 2520 1015 2546 ita

234 2583 322 2610 neque
338 2581 422 2601 unum
438 2577 488 2604 est,
504 2578 592 2606 neque
607 2573 687 2597 unius
699 2568 844 2604 particeps,
859 2567 906 2594 sed
922 2564 1015 2601 procul

233 2623 267 2651 ab
292 2622 335 2648 his
361 2626 445 2646 unum
467 2622 526 2649 est,
549 2621 643 2651 utpote
667 2622 762 2646 unum,
787 2621 819 2641 eo
840 2613 910 2648 quod
928 2617 969 2639 est
986 2611 1014 2637 in

234 2668 316 2695 rebus
351 2672 405 2692 uno
431 2664 509 2699 longe
533 2661 715 2698 praestantius.
747 2660 879 2687 Praeterea
904 2663 1016 2694 propter

234 2712 381 2739 multorum
405 2709 518 2737 deorum
532 2708 566 2735 ab
581 2708 639 2743 ipso
657 2706 874 2742 proficiscentem
889 2703 1013 2731 effectio-

233 2767 295 2788 nem
310 2766 344 2785 ex
358 2757 447 2784 divina
460 2756 592 2791 cujusque
608 2761 657 2789 pro
669 2753 771 2781 viribus
786 2752 886 2787 specie,
899 2757 927 2778 et
941 2750 1016 2777 vide-

233 2810 279 2833 tur
290 2810 387 2832 etesse
400 2803 501 2831 dicitur
514 2801 596 2829 unius
616 2800 663 2828 Dei
678 2806 849 2836 progressus.
864 2803 891 2826 et
905 2797 1014 2827 divisio.

231 2859 259 2883 et
272 2850 473 2888 multiplicatio;
487 2853 607 2878 attamen
620 2855 690 2876 unus
706 2852 748 2876 est
761 2847 872 2875 deorum
891 2850 1016 2885 princeps

1067 2255 1151 2281 οντων
1182 2253 1353 2289 ὑπερουσίως
1384 2253 1564 2288 ἐξῃρημένον.
1586 2251 1666 2278 Ἀλλὰ
1689 2253 1739 2278 καὶ
1763 2252 1793 2279 ἓν
1807 2253 1851 2283 ῶν,

1068 2300 1116 2327 καὶ
1130 2301 1222 2332 παντὶ,
1237 2300 1284 2326 καὶ
1299 2299 1349 2331 ἐνὶ,
1365 2300 1414 2325 καὶ
1428 2299 1537 2334 πλήθει,
1554 2299 1601 2325 καὶ
1625 2299 1689 2333 ὅλῳ,
1710 2300 1759 2327 καὶ
1778 2299 1853 2333 μέρει

1067 2346 1114 2373 τοῦ
1126 2347 1185 2378 ἑνὸς
1200 2345 1369 2381 μεταδιδοὺς,
1396 2344 1425 2377 ἐν
1452 2345 1585 2377 ὡσαύτως
1603 2345 1775 2380 ὑπερουσίως
1787 2346 1852 2375 ἐστὶ,

1067 2393 1114 2419 καὶ
1130 2392 1159 2423 ἓν
1175 2391 1282 2424 ἑνικῶς,
1299 2391 1384 2428 ἤγουν
1397 2391 1499 2424 ίδικῶς,
1511 2391 1670 2426 ἐξαιρέτως,
1685 2390 1749 2417 οὔτε
1774 2391 1804 2417 ἓν
1818 2390 1852 2416 ὢν

1067 2438 1121 2480 τῷν
1136 2437 1231 2470 ὖντων,
1247 2437 1310 2464 οὔτε
1323 2437 1435 2479 πλῆθος,
1458 2437 1522 2463 οὕτε
1546 2437 1606 2464 ὅλον
1620 2437 1652 2464 ὲκ
1667 2437 1773 2471 μερῶν,
1793 2436 1851 2462 οὔτε

1069 2482 1150 2516 μέρος
1164 2481 1238 2514 ὅλου,
1253 2482 1300 2508 καὶ
1315 2481 1402 2512 οὕτως
1430 2480 1494 2508 οὕτε
1521 2481 1607 2514 ἐστὶν,
1633 2480 1696 2507 οὔτε
1721 2481 1771 2507 τοῦ
1796 2481 1852 2509 ἑνὸς

1070 2528 1192 2563 μετέχει,
1208 2528 1303 2563 πόρρω
1317 2527 1345 2554 δὲ
1365 2527 1468 2554 τούτων
1482 2527 1511 2553 ’ἐν
1535 2527 1620 2558 ἐστιν.
1633 2527 1670 2558 ὡς
1697 2527 1769 2561 ὑπὲρ
1780 2527 1809 2553 τὺ
1826 2526 1852 2551 ὲν

1069 2574 1123 2604 τοίς
1139 2572 1216 2599 οὖσιν
1231 2573 1272 2601 ἓν.
1288 2572 1373 2602 Πάλιν
1388 2574 1421 2608 τῇ
1440 2573 1469 2605 ἑξ
1482 2572 1565 2599 αὐτοῦ
1583 2572 1678 2599 θεὼσει
1702 2572 1772 2598 Θεῶν
1792 2571 1851 2597 πολ-

1068 2619 1121 2646 λῶν
1137 2618 1287 2654 γινομένων
1305 2618 1343 2654 τῷ
1361 2621 1434 2645 κατὰ
1461 2618 1578 2653 δύναμιν
1603 2617 1718 2644 ἑκάστου
1742 2617 1852 2644 Genetaei

1068 2666 1142 2693 δοκεῖ
1161 2666 1210 2700 μὲν
1222 2663 1304 2697 εἶναι,
1323 2665 1370 2692 καὶ
1385 2665 1494 2698 λέγεται
1511 2665 1557 2691 τοῦ
1570 2664 1627 2696 ἑνὸς
1646 2664 1714 2691 Θεοῦ
1730 2665 1850 2700 πρόοδος.

1070 2712 1117 2737 καὶ
1129 2711 1267 2746 διάκρισις
1286 2711 1333 2738 καὶ
1352 2711 1613 2746 πολλαπλασιασμὸς
1628 2730 1636 2742 ,
1661 2711 1761 2737 ἔστιδὲ
1781 2710 1851 2736 οὐδὲν

1067 2755 1148 2793 ἦττον
1163 2757 1178 2783 6
1191 2757 1316 2792 ἀρχίοεος
1330 2758 1377 2784 καὶ
1394 2757 1526 2790 Θεοποιδς,
1542 2755 1583 2788 εἷς
1604 2756 1682 2788 Θεὸς,
1707 2757 1849 2791 ἀμέριστος

1069 2804 1098 2828 ὲν
1116 2803 1171 2833 τοῖς
1192 2804 1342 2837 μεριοτοῑς,
1360 2803 1390 2834 ἒν
1404 2804 1433 2829 ὲν
1447 2804 1502 2834 τοῖς
1525 2803 1634 2833 πολλοῖς
1663 2803 1779 2836 ἀμιγὴς,
1805 2800 1848 2826 καὶ

1069 2849 1248 2885 ἁπλήθυντος,
1267 2849 1304 2882 ὡς
1322 2850 1493 2886 ὑπερουσίως
1518 2849 1690 2886 ὑπερούσιος,
1707 2848 1753 2876 καὶ
1766 2847 1846 2881 {magis
