1893 3081
61 151 110 182 133

539 152 726 184 PANOPLIA
756 151 987 183 DOGMATICA.
1005 165 1039 169 —
1056 152 1131 183 TIT.
1150 153 1210 184 ΙΙΙ.

1643 154 1691 187 ῙἎ

59 207 283 244 θέωςῦπὲροεος.
298 209 353 235 Καὶ
368 208 447 236 τοῦτο
472 209 528 244 ἄρα
557 210 688 244 ἐννοήσας
713 211 726 236 ό
757 210 842 244 μέγας

919 209 1067 244 nectarque
1082 209 1162 244 Deus,
1184 210 1211 237 in
1236 209 1330 238 divisis
1348 218 1403 238 non
1418 211 1533 243 divisus,
1558 220 1640 240 unum
1662 214 1690 241 in

58 255 155 290 εἴρηκε
171 254 290 286 nmo:
306 264 316 280 ι
331 255 387 281 Καὶ
406 255 459 289 γὰρ
471 255 550 289 εῐπερ
565 257 619 282 εισι
634 255 776 290 λεγόμενοι
792 256 848 282 Θεοὶ

62 303 116 327 εἴτε
130 302 159 327 ὲν
171 300 291 335 οὐρανῷ,
304 301 360 327 εῑτε
374 302 420 328 ἐπὶ
435 302 486 336 τῆς
510 302 573 336 γῆς,
600 302 694 337 ὥσπερ
719 301 765 329 οὖν
791 302 849 328 θεοὶ

59 347 164 377 nonat,
188 347 237 373 καὶ
263 346 355 381 κύριοι
369 347 470 380 πολλοὶ,
492 348 551 375 ἀλλ’
574 349 639 383 ἡμῖν
672 347 713 379 εἷς
739 348 805 379 Θεὸς
835 348 849 374 ὁ

59 391 206 427 Πατὴρ,ὲξ
229 389 261 418 οὒ
281 393 315 418 2'1
347 393 445 425 πάντα,
473 394 521 419 καὶ
548 391 589 422 εἷς
615 394 716 429 Κύριος
744 393 849 428 Ἰησοῦς

59 438 186 473 Χριστὸς,
200 438 235 464 δι’
251 434 281 464 οὗ
301 437 335 463 τὰ
350 439 449 466 πάντα.
469 447 479 464 ι
503 439 558 465 Καὶ
569 439 623 475 γὰρ
641 440 686 465 ἐπὶ
704 439 756 466 τῶν
768 439 849 466 θείων

61 483 224 518 αἱὲνότητες
240 484 430 518 ἐπικρατοῦσι,
459 484 507 512 καὶ
534 485 760 521 προκατάρχουπι
793 485 848 512 τῶν

58 529 237 564 διακρίσεων.

364 664 420 691 ’τοῦ
433 665 540 692 αὑτοῦ.

90 708 203 742 Ὠσπερ
219 709 249 736 ἓν
265 710 314 745 μὲν
329 711 347 745 ἠ
364 711 457 746 μονὰς,
474 712 526 747 πρὸ
541 713 650 740 xiv-nov
676 714 704 740 δέ
722 715 779 740 ἔστι
791 713 847 742 τῶν

60 755 201 790 ἀριθμῶν,
214 756 261 782 καὶ
275 756 350 782 ἐστιν
361 757 435 784 αἰτία
450 759 554 790 παντὸς
576 760 706 795 ἀριθμοῦ,
724 761 773 787 καὶ
797 761 847 788 οὐκ

59 800 135 827 ἐςτιν
154 801 285 836 ἀριθμὸς,
302 802 361 830 ἀλλ’
374 804 445 839 ἁρχὴ
460 805 597 840 ἀριθμῶν,
613 806 657 832 καὶ
668 808 721 838 πᾶς
731 806 847 842 ἀριθμὸς

58 846 175 879 μονάδος
192 847 302 881 μετέχει
315 856 322 863 ι
336 848 446 880 λέγεται
461 850 515 884 γὰρ
533 850 597 882 δυὰς
629 851 689 885 μία,
719 852 767 878 καὶ
797 853 846 888 μία

56 892 132 925 τριὰς
148 893 200 918 καὶ
213 892 343 928 καθεξῆς·
363 896 411 921 καὶ
422 895 502 924 αὖθις
512 896 598 931 ἥμισυ
609 897 648 928 ἓν,
666 898 712 924 καὶ
725 898 847 934 δίμοιρον

58 936 97 969 ἓν,
118 938 170 964 καὶ
187 938 280 972 τρίτον
296 939 336 971 ἓν,
368 940 416 967 καὶ
448 941 584 977 καθεξῆς·
611 944 658 970 καὶ
678 943 708 970 οὐ
731 944 811 978 μόνον
822 945 847 972 οἱ

57 983 185 1017 ἀριθμοὶ.
198 984 268 1011 ἀλλὰ
284 986 330 1012 καὶ
347 986 382 1013 τὰ
394 987 476 1022 μέρη,
494 990 539 1015 καὶ
559 989 641 1024 μόρια
652 990 707 1017 τῶν
722 991 848 1026 ἀριθμῶν

57 1028 106 1063 τῆς
122 1030 241 1063 μονάδος
259 1031 433 1068 μετέχουσιν,
465 1035 525 1070 ἦτοι
554 1036 602 1062 τοῦ
629 1037 699 1068 ἐνὸς,
732 1038 778 1064 καὶ
798 1038 848 1064 οὐκ

58 1073 131 1100 ἔστιν
150 1075 182 1101 οὐ
199 1075 313 1111 πλῆθος,
339 1078 388 1113 οὐχ
414 1079 485 1112 ὅλον,
504 1081 535 1107 οὐ
554 1082 648 1116 μέρος,
664 1083 694 1108 οὐ
712 1083 818 1119 μόριον,
834 1084 848 1111 ὃ

109 1119 160 1147 τοῦ
173 1121 233 1153 ἑνὸς
249 1123 369 1157 μετέχει,
385 1124 452 1151 ἀλλὰ
462 1126 492 1152 τὺ
505 1126 554 1160 μὲν
567 1127 651 1154 πολλὰ
663 1130 719 1160 τοῖς
736 1129 847 1165 μέρεσιν

58 1164 86 1190 ἓν
103 1164 144 1200 τῷ
160 1166 215 1202 ὅλῳ
237 1167 308 1200 ἐστὶ,
323 1169 371 1196 καὶ
384 1170 415 1197 τὸ
430 1171 516 1199 πολλὰ
530 1174 587 1205 τοῖς
601 1174 803 1209 συμϐεϐηκόσιν
819 1176 848 1202 ἐι

59 1210 96 1245 τῷ
112 1211 292 1250 ὑποκειμένῳ
304 1215 375 1248 ἐστι,
403 1217 451 1243 καὶ
465 1217 494 1244 τὸ
519 1219 606 1245 πολλὰ
624 1220 663 1254 τῷ
689 1221 801 1257 ἀριθμῷ
831 1223 847 1257 ἢ

60 1258 121 1288 ταῖς
137 1257 290 1293 δυνάμεσιν
305 1259 334 1288 ἒν
347 1260 386 1295 τῷ
402 1262 480 1295 εἴδει,
505 1264 553 1290 καὶ
568 1264 598 1291 τὸ
611 1265 695 1292 πολλὰ
711 1268 766 1298 τοῖς
780 1267 848 1294 είδε-

62 1310 102 1328 σιν
119 1302 200 1337 ἓντῷ
215 1303 301 1337 γένει,
327 1307 374 1332 καὶ
397 1307 428 1333 τὸ
447 1308 533 1335 πολλὰ
546 1310 607 1341 τοῖς
622 1311 748 1345 προόδοις
772 1312 801 1338 ἓν
813 1313 846 1348 τῇ

61 1348 145 1383 ἀρχῇ·
163 1349 210 1375 καὶ
225 1349 249 1375 εἰ
265 1352 333 1377 πᾶσι
347 1352 381 1379 τὰ
395 1353 483 1380 πάντα
494 1354 641 1389 ἡνωμὲνως
655 1365 696 1388 τις
706 1357 844 1392 ὑπόθοιτο,

64 1394 141 1420 ἔσται
160 1395 199 1421 τὰ
216 1395 305 1423 πάντα
323 1397 397 1432 ἓντῷ
413 1399 466 1434 ὅλῳ
479 1407 487 1415 ·
515 1399 585 1427 οὕτω
603 1401 650 1428 καὶ
662 1403 676 1429 ό
686 1403 751 1435 Θεὸς
762 1404 790 1431 ἐν
805 1404 848 1431 λέ-

61 1446 139 1472 τεται
153 1439 186 1466 οὐ
196 1440 278 1475 μόνον
289 1441 328 1474 ὡς
342 1442 421 1477 μόνος
433 1445 480 1471 καὶ
489 1444 659 1481 ἐξῃρημένος
671 1448 780 1475 πάντων
796 1449 849 1475 τῶν

62 1484 146 1530 οντων
164 1486 240 1513 κατὰ
251 1488 352 1522 πάντα,
364 1491 411 1517 καὶ
423 1491 461 1522 ὠς
479 1492 592 1526 ἁπλοῦς,
609 1493 657 1520 καὶ
665 1494 787 1530 ¹ρμερὴς,
801 1496 849 1523 καὶ

901 255 1004 287 multis,
1021 263 1076 282 nou
1102 255 1272 289 commistus,
1299 264 1350 283 nec
1371 256 1577 291 multiplicatus,
1594 263 1623 284 ut
1642 259 1690 293 qui

900 300 998 327 eximia
1011 301 1128 328 essentia
1141 301 1315 337 singulariter
1329 306 1380 329 est.
1397 306 1424 328 et
1439 302 1582 336 plusquam
1597 302 1689 330 divina

901 345 1004 372 ratione
1016 353 1138 373 summus
1150 346 1231 373 Deus.
1243 345 1308 378 Quae
1320 346 1428 380 quidem
1440 346 1563 380 cogitans
1577 354 1690 381 magnus

901 390 1001 417 Paulus
1018 398 1025 418 :
1044 399 1052 415 ι
1065 390 1193 423 Quamvis
1213 391 1313 423 enim,i
1329 391 1426 425 inquit,
1446 400 1454 416 ι
1468 390 1544 418 multi
1561 391 1626 422 sinl,
1643 391 1689 426 qui

901 437 1030 463 dicuntur
1044 437 1091 468 dii,
1115 437 1172 464 sive
1187 437 1214 464 in
1227 437 1304 466 cmlo.
1324 438 1381 465 sive
1396 437 1424 463 in
1443 441 1525 468 terra,
1546 437 1681 471 siquidem

900 481 977 508 multi
992 485 1057 508 sunt
1078 481 1125 513 dii,
1147 486 1174 508 et
1188 482 1290 509 domini
1307 482 1394 514 multi,
1413 487 1505 509 tamen
1522 489 1592 508 unus
1609 482 1689 510 nobis

900 531 942 555 est
956 527 1028 554 Deus
1049 526 1140 560 Pater,
1163 536 1195 555 ex
1211 535 1264 562 quo
1286 528 1388 560 omnia,
1403 532 1430 555 et
1453 535 1525 555 unus
1551 527 1683 555 Dominus

898 571 978 600 Jesus
992 572 1125 606 Christus,
1142 581 1190 608 per
1198 581 1276 608 quem
1299 574 1418 601 omnia‘.
1432 583 1441 600 ›
1459 573 1526 601 Nan.
1543 574 1569 601 in
1585 573 1687 602 divinis

899 619 981 646 etiam
993 618 1113 646 unitatcs
1132 618 1310 646 divisionibus
1323 620 1499 647 antecellunt.

1243 675 1378 710 Ejusdem.

927 720 1160 753 Quemadmodum
1179 729 1261 748 unum
1280 721 1388 755 quidem
1401 726 1442 748 est
1455 722 1544 748 unitas
1559 726 1585 749 et
1598 722 1688 749 omni-

898 766 949 794 bus
967 768 1086 795 numeris
1101 767 1247 798 antecedit,
1272 772 1299 794 ct
1314 768 1437 794 omnium
1454 776 1628 795 numerorum
1647 774 1690 795 est

899 819 992 843 causa,
1016 821 1066 840 nec
1091 818 1180 840 tamen
1197 821 1336 845 numerus,
1352 814 1398 841 sed
1414 814 1577 849 principium
1593 823 1690 841 nume-

901 865 1012 884 rorum:
1031 863 1059 885 (ι
1077 859 1165 885 omnis
1199 866 1329 885 numerus
1360 863 1401 885 est
1432 859 1568 893 particeps
1598 859 1689 886 unita-

903 904 938 931 tis
952 912 960 936 ;
973 904 1089 931 dicimus
1116 904 1189 930 enim
1219 904 1354 931 binarium
1387 912 1482 936 unum,
1497 909 1522 931 el
1540 905 1689 931 ternarium

902 957 1004 981 unum,
1024 957 1056 976 ac
1081 949 1186 983 reliqua
1206 949 1334 984 deinceps
1365 950 1461 976 eodem
1485 950 1584 982 modo,
1611 949 1690 976 item-

901 1003 954 1030 que
985 995 1125 1023 dimidium
1155 1004 1250 1029 unum,
1278 996 1436 1030 bipartitum
1467 1000 1612 1026 unutn,<t
1643 996 1692 1022 tri—

902 1042 1030 1077 partitum
1062 1049 1156 1074 unum,
1170 1047 1250 1076 atque
1276 1041 1312 1068 ita
1342 1041 1496 1076 deinceps;
1523 1049 1574 1068 nec
1602 1041 1690 1068 solum

901 1088 1018 1120 numeri,
1035 1087 1082 1114 sed
1109 1095 1284 1114 numerorum
1314 1092 1415 1122 partes,
1428 1092 1455 1114 et
1471 1087 1609 1122 particula:
1630 1088 1692 1114 uni-

904 1132 982 1162 tatis.
1006 1133 1064 1160 sive
1102 1133 1183 1160 unius
1215 1134 1361 1168 participes
1392 1139 1475 1166 sunt,
1494 1138 1521 1160 et
1543 1133 1617 1161 nulla
1650 1138 1693 1161 est

903 1179 1057 1211 multitudo,
1079 1180 1183 1207 nullum
1201 1184 1299 1211 totum,
1323 1180 1395 1207 nulla
1419 1188 1491 1214 pars,
1514 1180 1586 1206 nulla
1610 1180 1692 1214 parti-

901 1225 972 1257 cula,
988 1233 1048 1260 quae
1063 1226 1098 1253 sit
1111 1227 1191 1253 unius
1204 1233 1300 1260 expers
1314 1234 1321 1258 ;
1338 1227 1383 1253 sed
1402 1228 1472 1261 quod
1485 1227 1609 1260 partibus
1622 1227 1692 1253 mul-

902 1270 984 1305 tiplex
1000 1275 1052 1301 est,
1071 1278 1155 1297 unum
1171 1278 1202 1298 ex
1220 1275 1296 1303 toto;
1313 1275 1338 1297 et
1362 1272 1434 1305 quod
1451 1277 1493 1298 est
1506 1271 1692 1298 accidentibus

903 1315 1054 1350 multiplex,
1076 1320 1116 1343 est
1138 1323 1222 1342 unum
1240 1316 1382 1350 subjecto;
1407 1321 1435 1344 et
1449 1317 1520 1348 quod
1537 1322 1580 1343 est
1602 1317 1692 1343 multi-

902 1361 964 1396 plex
987 1368 1111 1394 numero,
1138 1366 1186 1388 aut
1209 1361 1343 1396 potentia,
1366 1366 1407 1389 est
1428 1370 1511 1388 unum
1533 1362 1639 1396 specie;
1664 1366 1691 1388 et

904 1406 974 1442 quod
1001 1407 1092 1441 specie
1115 1406 1257 1441 multiplex
1280 1411 1332 1438 est,
1347 1414 1431 1434 unum
1462 1412 1504 1434 est
1524 1414 1639 1442 genere;
1663 1411 1691 1437 et

903 1452 975 1487 quod
1000 1452 1188 1487 progressibus
1203 1457 1245 1479 est
1260 1452 1412 1487 multiplex,
1427 1457 1469 1480 est
1484 1460 1569 1479 unum
1589 1453 1692 1487 princi-

903 1499 966 1533 pio;
980 1502 1007 1526 et
1022 1497 1043 1525 si
1059 1498 1121 1533 quis
1135 1498 1261 1526 omnibus
1275 1498 1366 1526 omnia
1379 1498 1546 1533 conjunctim
1561 1506 1692 1525 accumu-

61 1528 232 1582 ἀξιαίρετος,
249 1534 298 1560 καὶ
313 1535 512 1571 ἀπαθὴς,ὰλλὰ
529 1538 576 1565 καὶ
597 1539 636 1571 ὡς
660 1528 713 1575 ττρδ
728 1528 842 1568 adv-cmi

918 1549 951 1576 et,
970 1547 1027 1570 toto
1040 1551 1123 1573 unum
1136 1549 1217 1571 erunt
1231 1544 1340 1571 omnia:
1355 1545 1395 1571 sic
1409 1544 1489 1571 etiam
1506 1544 1576 1571 Deus
1590 1544 1692 1571 dicitur

61 1574 114 1601 τῶν
128 1575 229 1609 ὄντων,
256 1580 304 1607 καὶ
330 1581 384 1616 πρὸ
411 1582 521 1610 πάντων
544 1584 643 1616 αῐτιος.
667 1574 715 1612 Ἓν
735 1586 790 1621 γὰρ
817 1586 848 1614 τὸ

61 1621 173 1649 πάντων
187 1624 244 1651 τῶν
256 1625 343 1653 ὀντων
358 1628 457 1661 αίτιον,
473 1629 520 1656 καὶ
541 1630 640 1663 ἑνικῶς
659 1631 700 1664 ἓν,
721 1632 780 1667 ἦτοι
795 1633 847 1659 ιιι-

59 1668 126 1700 κιῖξς.
142 1669 305 1706 ἐξαιρέτως,
317 1673 365 1701 καὶ
377 1674 429 1709 πρὸ
441 1675 549 1703 πάντων
562 1676 591 1704 δὲ
612 1676 644 1710 ἐξ
665 1677 748 1705 αὑτοῦ
761 1697 768 1710 ,
799 1679 848 1706 καὶ

59 1715 119 1747 μετ’
139 1716 220 1750 αὐτὸ,
237 1719 284 1746 καὶ
295 1719 333 1750 ὡς
347 1720 400 1747 ὑπὸ
426 1722 535 1749 πάντων
550 1723 604 1750 τῶν
625 1724 711 1751 ὅντων
736 1727 848 1761 μετεχό-

59 1769 142 1794 μενος
160 1765 235 1790 κατὰ
259 1767 309 1801 τὴν
335 1767 452 1794 ἑκάστου
482 1769 702 1805 ἐπιτηδειότητα.
731 1771 767 1798 Τὸ
793 1774 847 1808 γὰρ

58 1809 148 1845 πάντη
164 1810 302 1846 ἀμέτοχον
318 1813 400 1840 αὑτοῦ
421 1814 510 1850 πάντη
527 1815 563 1851 μὴ
577 1816 608 1842 ὅν
632 1817 691 1844 ἐστι
705 1825 711 1832 ·
741 1818 788 1844 καὶ
817 1818 848 1845 τὸ

57 1850 127 1881 εἶναι
144 1856 178 1881 τὺ
194 1855 226 1882 ἒν
243 1858 331 1885 πάντα
356 1860 415 1887 ἐστὶ
432 1860 466 1887 τὰ
492 1850 568 1889 ὂντα.
589 1863 643 1890 Καὶ
667 1863 716 1890 οὐκ
744 1864 802 1891 ἔστι
817 1865 847 1892 τὸ

59 1899 172 1927 πάντων
183 1902 271 1928 αἴτιον
286 1902 326 1937 ἓν,
342 1904 396 1931 τῶν
407 1905 516 1934 πάντων
529 1907 569 1940 ἓν,
585 1908 643 1934 ἀλλ’
662 1909 732 1945 ὑπὲρ
748 1911 802 1936 πᾶν
818 1910 848 1937 ἓν

58 1944 105 1970 κει
118 1946 224 1978 παντὸς
236 1948 305 1980 ὲνδς,
316 1949 364 1976 καὶ
377 1950 494 1985 πλήθους
507 1951 602 1988 ὥσπερ
617 1944 768 1988 ποιητικὸν,
777 1954 848 1981 οὕτω

58 1991 105 2015 καὶ
120 1991 273 2026 ὀριστικόν.
293 1994 347 2021 Καὶ
359 1994 424 2022 ἄνω
440 1995 488 2030 μὲν
497 1997 544 2023 τοῦ
553 1997 612 2028 ἐνὸς
626 1998 676 2025 οὐκ
692 1998 768 2026 ἐσται
780 2000 849 2035 πλῆ-

58 2036 114 2069 θος,
130 2038 198 2064 ἄνευ
211 2038 240 2064 δὲ
253 2038 373 2073 πλήθους
392 2039 468 2067 ἔσται
483 2042 514 2068 τὸ
529 2041 568 2074 ἓν,
587 2043 625 2075 ὡς
637 2044 685 2070 καὶ
698 2044 782 2079 μονὰς
797 2046 850 2080 πρὸ

57 2083 163 2115 παντὸς
195 2084 314 2120 ἀριθμοῦ
352 2086 592 2122 πεπληθυσμένου.
620 2090 673 2116 Καὶ
702 2091 791 2118 πάντα
820 2092 851 2117 ὲν

58 2130 147 2165 ἑαυτῷ
179 2131 210 2156 τὺ
226 2130 266 2163 ἓν,
287 2131 335 2157 καὶ
358 2132 392 2158 τὰ
406 2133 513 2161 ἐναντία
532 2135 723 2168 ἐνοειδῶς,και
734 2137 854 2172 ἀσυγχύτ-

58 2184 121 2208 τως,
136 2177 187 2202 καὶ
208 2177 378 2213 ὑπερουσίως
394 2179 542 2215 προείληφε
559 2181 606 2207 καὶ
632 2182 821 2217 περιείληφεν.

902 1597 983 1622 unus,
996 1597 1051 1618 non
1064 1589 1156 1620 modo,
1168 1594 1198 1616 ut
1213 1590 1287 1617 solus
1310 1594 1337 1617 et
1352 1597 1443 1617 rerum
1458 1590 1577 1617 omnium
1592 1590 1617 1617 in
1631 1598 1691 1616 σπι-ν

904 1634 985 1662 nibus
1000 1634 1257 1666 excellentissimus,
1271 1641 1360 1668 neque
1371 1637 1399 1660 ut
1415 1633 1529 1667 simplex
1542 1637 1593 1666 est,
1607 1637 1633 1660 et
1644 1635 1691 1667 qui

901 1687 952 1707 nec
965 1679 993 1706 in
1005 1684 1097 1714 partes
1110 1679 1207 1711 secari,
1221 1686 1270 1706 nec
1283 1679 1379 1711 dividi,
1395 1686 1444 1706 uec
1457 1678 1526 1705 allici
1541 1679 1595 1705 ullo
1608 1679 1689 1705 modo

900 1730 1006 1762 potest;
1021 1733 1114 1752 verum
1129 1725 1222 1756 etiam,
1234 1729 1263 1751 ut
1283 1725 1328 1759 qui
1343 1730 1407 1752 ante
1424 1726 1515 1752 omnia
1530 1724 1646 1757 exsistit.
1664 1729 1693 1753 et

901 1776 943 1800 est
954 1771 1074 1799 oumium
1088 1778 1185 1798 causa:
1201 1778 1283 1797 unum
1296 1770 1368 1798 enim
1383 1774 1514 1798 estcausa
1528 1777 1616 1797 rerum
1632 1777 1693 1796 om-

901 1819 991 1848 nium,
1012 1822 1039 1844 οι
1060 1816 1234 1852 singulariter
1256 1824 1304 1844 seu
1337 1817 1455 1851 proprie,
1479 1820 1505 1843 et
1526 1815 1693 1843 excellenter

901 1867 942 1891 est
956 1870 1053 1896 unum,
1070 1867 1097 1890 et
1113 1868 1176 1890 ante
1191 1862 1292 1891 omnia.
1310 1862 1407 1893 Omnia
1424 1866 1514 1890 autem
1528 1870 1560 1890 ex
1576 1862 1647 1898 ipso,
1663 1867 1692 1889 et

901 1914 964 1945 post
977 1909 1075 1947 ipsum,
1089 1914 1119 1936 ut
1131 1915 1160 1936 se
1173 1909 1253 1935 rebus
1265 1908 1392 1937 erunibus
1404 1915 1453 1943 pro
1467 1908 1599 1943 cujusque
1615 1907 1692 1935 liabi.

903 1955 981 1982 litate
1001 1954 1199 1982 communicat.
1224 1954 1300 1987 Quod
1326 1954 1400 1982 enim
1422 1962 1533 1990 prorsus
1556 1959 1597 1982 est
1618 1955 1691 1981 illius

903 2009 1012 2036 expers,
1025 2001 1137 2027 omnino
1155 2007 1209 2027 non
1225 2005 1278 2027 est.
1296 2000 1327 2027 Et
1339 2007 1381 2033 eo,
1394 2001 1464 2034 quod
1480 2005 1522 2027 est
1535 2007 1630 2032 unum,
1649 2005 1692 2027 est

904 2046 1007 2074 omnia.
1025 2045 1057 2073 Et
1075 2045 1146 2081 quod
1165 2050 1206 2073 est
1218 2053 1314 2078 unum,
1331 2046 1452 2072 omnium
1468 2053 1559 2078 causa,
1577 2053 1630 2073 nou
1651 2051 1693 2072 est

903 2099 998 2120 eorum
1015 2092 1136 2119 omnium
1155 2099 1249 2123 unum,
1273 2091 1321 2119 sed
1344 2096 1386 2119 est
1406 2099 1488 2126 supra
1513 2099 1593 2119 omne
1618 2092 1689 2126 quod

905 2142 947 2165 est
964 2145 1059 2166 unum.
1075 2136 1107 2164 Et
1127 2137 1217 2164 omnis
1236 2142 1293 2164 tum
1316 2137 1406 2169 unius,
1430 2141 1487 2164 tum
1510 2137 1692 2165 multitudinis

906 2188 960 2211 tam
974 2184 1087 2212 eﬂ‘ector
1102 2187 1153 2216 est,
1167 2191 1248 2218 quam
1262 2183 1398 2210 dcﬁnitor.
1411 2183 1443 2210 Et
1462 2184 1521 2210 sine
1534 2190 1588 2210 uno
1602 2183 1692 2210 multi.

58 2225 123 2251 tudo
138 2232 196 2252 non
214 2230 265 2253 est.
292 2226 358 2254 Sine
378 2227 550 2257 multitudine
572 2233 662 2257 autem
685 2237 768 2258 unum
793 2231 854 2263 erit,
870 2230 942 2259 sicut
963 2236 990 2258 et
1013 2231 1104 2258 unitas
1124 2236 1188 2258 ante
1211 2238 1321 2258 omnem
1349 2237 1493 2257 numerum
1527 2225 1692 2265 multiplica-

58 2275 125 2299 tum.
148 2273 184 2300 Et
203 2273 294 2300 omnia
316 2274 396 2302 etiam
411 2282 472 2309 qua:
496 2281 559 2303 sunt
574 2277 645 2305 inter
659 2285 689 2305 se
709 2277 844 2305 contraria
865 2278 894 2305 in
907 2277 1001 2313 seipso
1028 2285 1111 2304 unum
1127 2277 1193 2304 illud
1206 2285 1259 2304 una
1278 2277 1369 2312 specie
1397 2281 1425 2304 et
1456 2276 1516 2303 sine
1531 2275 1690 2305 confusione

57 2319 207 2355 conjuncta
239 2319 346 2347 ratione
377 2322 492 2356 quadam
524 2323 671 2352 essentiam
699 2329 846 2360 superante
865 2323 1065 2360 praeoccupavit
1090 2327 1170 2358 atque
1186 2324 1345 2358 complexus
1358 2327 1409 2351 est.

369 2368 423 2395 Τοῦ
445 2369 549 2396 αὐτοῦ.

102 2411 135 2437 'H
154 2410 217 2438 θεία
231 2412 326 2447 εἰρήνη
345 2414 391 2440 καὶ
402 2414 430 2439 ἐν
447 2415 531 2450 ἑαυτῇ
548 2415 616 2449 ἐστι,
641 2418 687 2443 καὶ
702 2417 766 2445 ετσω
785 2417 850 2444 ἐαυ-

58 2458 116 2491 τῇς,
125 2458 174 2483 καὶ
192 2457 239 2483 ἐπὶ
254 2457 343 2484 πάντα
356 2458 390 2485 τὰ
403 2459 467 2485 ὄντα
478 2460 595 2495 πρόεισι,
605 2462 650 2488 καὶ
665 2462 847 2497 μεταδίδωσιν

59 2502 159 2537 ἑαυτῆς
173 2503 266 2534 αὐτοῖς
293 2503 400 2535 οἰκείως
424 2505 527 2538 αὐτοῖς,
559 2507 607 2533 καὶ
638 2507 746 2535 πάντων
776 2509 850 2535 ἐστιν

59 2548 177 2583 ἑνωτικὴ
204 2548 235 2574 τὸ
267 2551 394 2584 μεριστὸν
420 2551 520 2586 πλῆθος
551 2552 641 2579 αὐτῶν
654 2555 693 2584 εἰς
710 2554 760 2589 τὴν
785 2554 850 2589 ὅλην

59 2594 174 2628 ἑνότητα
184 2594 400 2630 ἐπιστρέφουσα,
416 2597 462 2624 καὶ
472 2599 560 2625 πάντα
574 2599 733 2634 ἀσυγχύτως
751 2609 849 2634 συγκε-

61 2641 215 2674 ραννὺουσα
230 2641 298 2677 πρὸς
312 2642 424 2678 ἄλληλα,
449 2645 498 2671 καὶ
516 2645 605 2672 πάντα
623 2647 784 2681 συνείρουσα
800 2646 848 2672 ἀ).-

60 2686 151 2722 λήλοις
169 2687 219 2714 καὶ
235 2688 334 2724 ἑαυτῇ.
358 2690 414 2716 Καὶ
441 2691 524 2718 πᾶσίν
553 2692 611 2719 ἐστι
640 2692 690 2726 τῆς
720 2692 850 2726 ἰδιότητος

61 2732 180 2760 {xiston
201 2733 368 2771 φυλακτικὴ,
389 2736 424 2763 δι’
450 2737 483 2772 ἥν
513 2738 531 2774 ἡ
557 2738 607 2773 μία
640 2739 686 2765 καὶ
707 2739 851 2771 ἅδιάλυτος

62 2779 171 2806 πάντων
188 2780 333 2817 συμπλοκὴ
346 2782 503 2818 ὑφίσταται,
515 2784 563 2812 καὶ
581 2783 762 2820 ἑναρμόζεται
779 2793 848 2820 συμ-

103 2870 111 2886 ¹
126 2870 210 2900 lCor.
223 2878 282 2906 vui,
296 2872 324 2907 5,
338 2872 364 2901 6.

1224 2379 1363 2414 Ejusdem.

944 2423 1037 2451 Divina
1053 2431 1103 2459 pax
1119 2427 1146 2450 et
1163 2423 1190 2450 in
1222 2425 1310 2458 seipsa
1324 2429 1375 2457 est,
1392 2429 1419 2452 et
1436 2424 1506 2452 intra
1521 2425 1648 2461 seipsam,
1663 2431 1691 2454 et

901 2468 934 2496 ad
952 2476 996 2496 res
1018 2475 1114 2495 omnes
1131 2468 1314 2504 progreditur,
1333 2476 1417 2504 seque
1440 2469 1493 2496 illis
1518 2469 1690 2497 familiariter

902 2514 1096 2541 communicat.
1115 2513 1148 2540 Et
1174 2514 1295 2541 omnium
1312 2518 1354 2542 est
1370 2515 1549 2547 conciliatrix;
1572 2522 1604 2542 ac
1619 2515 1689 2542 divi-

902 2561 982 2587 duam
996 2567 1089 2586 earum
1106 2558 1310 2586 multitudinem
1325 2559 1357 2586 ad
1375 2563 1458 2586 totam
1474 2559 1605 2586 unitatem
1621 2566 1688 2586 con-

901 2604 991 2633 vertit.
1010 2604 1043 2631 Et
1057 2604 1148 2632 omnia
1162 2604 1220 2632 sine
1236 2604 1394 2632 confusione
1409 2609 1504 2632 mutuo
1517 2607 1687 2636 commiscet,

900 2650 1045 2685 omniaque
1066 2651 1186 2678 vicissim
1207 2650 1353 2678 contrahit.
1377 2650 1410 2678 Et
1436 2651 1498 2683 sibi,
1511 2655 1539 2678 et
1561 2651 1689 2678 omnibus

902 2696 1099 2730 proprietatem
1133 2695 1265 2731 cujusque
1288 2700 1442 2729 conservat,
1457 2704 1505 2731 per
1530 2704 1611 2731 quam
1634 2703 1688 2724 una

901 2745 930 2768 et
954 2741 1150 2769 indissolubilis
1178 2743 1299 2770 omnium
1327 2742 1486 2777 eoujunetio
1515 2745 1630 2772 constat,
1658 2745 1687 2767 et

902 2787 1046 2814 consensio
1064 2795 1094 2814 ac
1105 2793 1235 2815 concrntu
1246 2798 1250 2810 :
1262 2789 1369 2823 quidam
1381 2787 1504 2822 ellicitur,
1517 2794 1576 2814 eum
1589 2792 1687 2814 unum-
