1893 3081
202 124 254 158 135
826 129 986 161 EUTHYM
992 130 1020 160 [Ι

1040 130 1222 163 ZIGABENI
1781 130 1831 164 136

199 179 327 215 quodque
344 187 397 208 non
415 180 526 209 mistum
545 185 592 209 aut
605 181 753 214 turbidum,
775 182 821 210 sed
852 191 948 217 purum
965 191 979 210 c

1074 185 1152 216 ὒνως,
1175 185 1221 212 καὶ
1252 185 1394 221 συμφυῶς,
1423 186 1598 221 ἑκραιιρνοῦς,
1629 187 1676 214 καὶ
1702 187 1831 221 ἀμιγοῦς.

199 226 335 253 sincerum
358 227 384 253 in
407 227 516 262 propria
532 228 622 261 specie
633 229 670 256 ita
684 233 802 261 maneat,
817 233 844 256 et
860 229 992 263 conjunc-

199 272 274 298 tione
291 272 399 307 quidem
420 273 573 308 copuletur.
590 279 695 302 nalune
714 279 804 302 autem
819 277 987 310 proprietate

201 317 348 344 dividatur.
367 317 424 352 Ipsa
440 318 522 354 igitur
537 320 673 355 praecipua
686 320 855 348 conciliatrix
870 329 921 355 pax
936 328 991 348 me-

197 362 250 389 diis
265 367 386 390 extrema
406 364 533 392 devincit.
550 365 732 398 Quamobrem
745 371 772 393 et
795 367 991 401 antiquissima:

198 407 250 435 illa:
266 409 465 437 conciliatrices
493 415 642 444 potestates
667 416 723 438 tum
740 411 805 446 ipsa
821 412 892 438 inter
906 420 945 443 se,
964 416 992 439 et

197 461 259 480 cum
278 462 330 480 una
350 454 470 481 omnium
487 455 628 491 principali
646 463 710 490 pace
733 457 916 491 copulantur;
933 461 990 484 tum

199 506 241 530 ea,
259 506 319 534 qua:
334 500 385 527 sibi
399 500 520 535 subjecta
538 508 604 529 sunt
626 508 721 529 muluo
736 502 806 532 inter
821 503 888 537 ipsa,
903 507 928 530 et
945 510 990 530 sc-

197 552 258 571 cnin
275 549 300 572 ct
318 553 379 573 cum
399 553 454 573 uno
469 554 558 573 rerum
586 547 708 574 omnium
724 547 798 581 pacis
810 547 945 581 principio
963 551 990 577 et

198 599 280 618 cauet
307 592 489 626 coniungunt.
513 592 587 623 Nihil
605 596 648 619 est
671 592 752 628 igitur
776 593 899 626 omnino,
918 593 989 628 quod

201 644 295 669 pacem
317 645 372 664 non
396 642 480 665 amet.
504 637 543 665 Ac
566 637 674 669 tametsi
699 638 747 671 illi,
766 637 812 672 qui
829 637 988 668 inimicitiis.

195 683 261 709 rixis
276 686 303 709 et
313 682 493 710 seditionibus
505 683 634 718 gaudent,
649 690 664 712 a
678 690 744 717 pace
769 686 797 709 et
811 682 886 717 pacis
912 689 989 709 com-

197 727 287 755 modis
308 728 433 759 videntur
455 728 617 760 abhorrere,
635 733 663 755 et
678 728 729 763 ipsi
752 733 844 755 tamen
864 727 989 755 obscuris

195 773 357 808 quibusdam
371 774 446 808 pacis
458 773 611 801 simulacris
624 774 780 808 capiuntur,
791 777 818 801 et
830 781 892 801 cum
908 773 989 800 variis

196 820 432 854 perturbationum
448 821 568 848 motibus
583 820 784 853 concutiantur,
800 827 847 848 eos
863 820 988 855 imperite

1044 232 1089 257 καὶ
1105 231 1302 258 ἀνεπιοολὼτου
1329 232 1455 266 μένοντος
1470 233 1585 260 ἑκάστου
1601 232 1671 259 κατὰ
1683 233 1713 259 τὸ
1731 234 1831 259 οἰκεῖον

1044 275 1114 308 εἶδος
1126 285 1133 292 ⁸
1150 279 1197 304 καὶ
1214 278 1354 313 ήνωμένου
1371 277 1421 312 μὲν
1439 279 1472 314 τῇ
1490 278 1651 313 συγκράσει,
1665 279 1832 314 διῃρημένου

1042 322 1070 349 δὲ
1080 324 1112 357 τῇ
1132 323 1306 359 ῖδιότητιτῆς
1323 323 1441 357 φύσεως.
1472 323 1547 357 Αὕτη
1574 321 1620 350 οὖν
1647 325 1664 358 ἡ
1697 323 1833 359 ἀρχισυν-

1043 368 1152 403 άγωγος
1167 369 1261 404 εἰρήνη
1277 368 1366 396 συνδεῖ
1382 370 1415 396 τὰ
1425 369 1497 404 ἄκρα
1512 369 1556 396 διὰ
1566 369 1621 395 τῶν
1639 369 1833 404 μέσων.“09εν

1043 414 1070 440 αἱ
1084 414 1272 448 πρεσϐύταται
1286 415 1341 441 τῶν
1359 415 1525 449 συναγωγῶν
1539 415 1683 450 δυνάμεων
1710 415 1792 442 αὗταί
1802 423 1833 441 τε

1043 458 1111 494 πρὸς
1124 458 1242 494 ἀλλήλας
1255 460 1303 486 καὶ
1319 459 1388 493 πρὸς
1402 460 1450 495 τὴν
1469 460 1532 494 μίαν
1545 460 1600 491 τῶν
1623 460 1691 488 ὅλων
1702 461 1833 495 εἰρηναρ-

1042 505 1103 539 χίαν
1111 505 1245 537 ἐνοῦνται,
1255 505 1301 532 καὶ
1312 505 1402 532 ἐνοῦσι
1418 506 1451 532 τὰ
1466 505 1511 540 ὑφ’
1522 506 1622 537 ἑαυτὰς
1635 506 1702 542 πρὸς
1716 503 1831 541 ᾷλληλα,

1042 551 1170 586 καὶπρὸς
1189 552 1301 585 ἑαυτὰς,
1314 553 1363 579 καὶ
1385 552 1452 588 πρδς
1474 553 1523 587 τὴν
1546 553 1611 586 μιαν
1635 553 1682 579 καὶ
1709 553 1833 587 παντελῆ

1041 597 1089 631 τῆς
1103 598 1158 624 τῶν
1171 597 1282 625 πάντων
1298 599 1410 634 εἰρήνης
1429 599 1516 634 ἀρχὴν
1543 599 1590 625 καὶ
1618 598 1718 625 αἰτίαν.
1747 598 1834 625 Οὐδὲν

1041 641 1088 669 οὖν
1097 643 1151 669 τῶν
1171 644 1281 670 πάντων
1297 644 1371 670 ἐστὶν
1387 644 1534 679 ἀνέραστον
1549 644 1671 679 εἰρήνης.
1701 644 1732 670 Εἰ
1754 644 1785 670 δὲ
1808 644 1834 670 oi.

1041 688 1138 723 Θυμοίς
1148 689 1195 717 καὶ
1210 689 1292 724 ἐρισι,
1307 690 1353 716 καὶ
1362 689 1578 721 ἀκαταστασίαις
1604 689 1746 725 χαίροντες
1762 690 1834 716 ἀπε-

1039 735 1184 769 χθάνονται
1198 737 1230 771 τῇ
1247 736 1353 773 εἰρήνῃ,
1376 737 1493 767 καὶτοῖς
1513 737 1562 770 τῆς
1581 736 1692 771 εἰρήνης
1708 734 1834 769 ἀγαθοῖς,

1040 781 1097 808 ἀλλ’
1109 781 1156 808 οὖν
1170 781 1218 808 καὶ
1233 782 1311 808 αὐτοὶ
1326 782 1460 818 ἀμαυροῖς
1474 781 1595 813 εἰδώλοις
1610 781 1753 817 εἰρηνικῆς
1767 781 1835 816 ἐφέ-

1041 835 1109 858 σεως
1121 827 1344 862 διακρατοῦνται,
1360 828 1549 863 ἐνοχλούμενοι
1574 829 1623 862 μὲν
1656 828 1709 854 ὑπὸ
1735 827 1833 854 παθῶν

195 866 326 894 cohibere
356 866 507 901 sedareque
531 867 739 902 concupiscunt.
761 870 790 894 et
811 870 934 901 sperant,
959 873 983 893 se

1071 861 1241 908 ιλυκινήτων.
1269 861 1497 908 ἀνεπιστημόνως
1525 874 1554 900 δὲ
1575 861 1653 909 ῖστᾷν
1677 873 1761 904 αὐτὰ,
1786 872 1834 899 καὶ

197 913 380 947 voluptatum,
395 920 513 947 quarum
525 912 680 940 inordinato
697 912 851 941 victricium
869 912 988 941 tumultu

194 962 366 994 premuntur,
381 959 537 994 expletione
551 966 645 994 pacem
664 959 824 994 adepturos.

494 1061 635 1095 Ejusdem.

222 1106 249 1136 1n
265 1113 295 1133 ea
310 1113 404 1139 causa,
417 1113 478 1141 qum
491 1111 589 1135 cuncta
603 1107 629 1134 in
644 1114 700 1134 uno
711 1106 912 1142 complectitur,
924 1106 987 1140 pui-

192 1153 288 1180 chrum
324 1158 350 1179 et
364 1153 538 1187 pulchritudo
553 1152 746 1188 distinguenda
762 1160 817 1180 non
833 1157 908 1179 sunt.
925 1151 987 1180 Haec

191 1199 264 1225 enim
277 1198 405 1226 omnibus
419 1198 446 1224 in
460 1198 542 1226 rebus
563 1198 590 1225 in
605 1197 752 1232 participes
768 1201 795 1224 et
811 1197 983 1224 communio—

192 1252 242 1271 ncs
255 1244 411 1272 dividentes
421 1265 428 1275 ,
442 1244 580 1277 pulchrum
594 1243 712 1271 dicimus
725 1243 797 1280 quod
810 1247 853 1270 est
864 1242 983 1277 pulchri-

191 1290 294 1318 tudinis
312 1290 464 1325 particeps;
489 1289 711 1324 pulchritudinem
736 1296 800 1316 vero
810 1288 983 1320 communio-.-

189 1344 252 1363 nein
277 1336 349 1367 illius
367 1343 457 1366 rerum
475 1343 576 1368 causa,
597 1343 658 1370 qua:
678 1335 805 1370 pulchras
822 1341 865 1362 res
887 1341 984 1361 omnes

190 1381 282 1409 eilicit.
299 1381 381 1409 Deum
399 1386 490 1413 autem
509 1385 536 1410 et
550 1382 693 1416 pulchrum
711 1381 838 1411 dicimus,
854 1380 942 1414 utqui
956 1384 983 1411 et

191 1431 273 1459 totus,
288 1431 315 1454 et
329 1434 447 1462 semper,
464 1430 492 1453 et
513 1426 654 1454 excellenti
671 1426 777 1452 ratione
792 1425 906 1460 pulcher
922 1428 976 1457 est,

188 1476 216 1499 et
232 1473 410 1507 pulchrorum
426 1472 546 1502 omnium
571 1477 680 1504 natura,
702 1476 730 1498 et
745 1471 817 1503 fons,
839 1477 866 1498 ct
880 1478 979 1503 causa;

1041 918 1196 947 ἁποπαύειν
1212 919 1361 954 ἐφιέμενοι,
1381 919 1428 946 καὶ
1451 919 1570 954 οἰόμενοι
1582 920 1616 954 τῇ
1633 919 1834 954 ἁποπληρώσει

1040 964 1095 990 τῶν
1108 964 1288 999 ἐνοχλούντων
1310 964 1462 999 εἰρηνεύειν
1480 964 1595 998 ἑαυτοὺς
1625 965 1831 1000 ἐκταραττομέ-

1039 1018 1101 1043 νους
1112 1011 1145 1045 τῇ
1161 1010 1259 1044 ἀταξίᾳ
1269 1009 1324 1037 τῶν
1344 1010 1526 1045 κρατησασῶν
1539 1009 1650 1045 ἡδονῶν.

1346 1055 1401 1082 Τοῦ
1417 1055 1521 1082 αὑτοῦ.

1074 1101 1164 1128 Καλὸν
1178 1102 1225 1128 καὶ
1239 1100 1337 1132 κάλλος
1353 1101 1383 1128 οὐ
1399 1101 1549 1136 διαιρετέον
1565 1101 1611 1127 ἐπὶ
1626 1101 1674 1135 τῆς
1692 1102 1720 1127 ἐν
1737 1102 1777 1128 ἑνὶ
1795 1102 1832 1128 τὰ

1037 1150 1085 1177 ὂλα
1101 1149 1293 1185 συνειληφυῑας
1310 1149 1409 1180 αἰτίας.
1436 1149 1530 1176 Ταῦτα
1547 1149 1602 1184 γὰρ
1618 1150 1667 1175 ἐπὶ
1697 1149 1746 1183 μὲν
1770 1148 1828 1174 τῶν

1037 1196 1122 1223 ὅντων
1139 1195 1266 1227 ἁπάντων
1296 1196 1336 1227 εἰς
1369 1196 1528 1230 μετέχοντα,
1553 1195 1601 1221 καὶ
1627 1195 1743 1229 μετοχὰς
1755 1193 1831 1220 διαι-

1039 1242 1159 1277 ροῦντες,
1180 1242 1263 1269 καλὴν
1284 1243 1333 1277 μὲν
1359 1241 1476 1276 λέγομεν
1502 1241 1532 1267 τὸ
1553 1241 1669 1272 κάλλους
1702 1239 1830 1275 μετέχον,

1036 1289 1133 1320 κάλλος
1145 1288 1172 1314 δὲ
1189 1287 1238 1323 τὴν
1253 1287 1370 1322 μετοχὴν
1384 1287 1435 1321 τῆς
1453 1286 1599 1313 καλοποιοῦ
1616 1287 1671 1313 τῶν
1683 1285 1768 1312 ὄντων
1785 1286 1832 1312 αἰ-

1033 1335 1105 1365 τίας.
1128 1334 1158 1360 '0
1173 1333 1238 1364 Θεὸς
1249 1334 1277 1360 δὲ
1286 1333 1369 1363 καλὸν
1384 1333 1434 1366 μὲν
1442 1332 1550 1367 λέγεται
1561 1332 1598 1365 ὡς
1612 1332 1763 1366 πάγκαλος,
1779 1332 1831 1358 καὶ

1034 1381 1170 1412 ἁεῑκαλυς,
1185 1380 1232 1406 καὶ
1253 1378 1418 1414 ὑπέρκαλος,
1442 1380 1489 1405 καὶ
1507 1379 1589 1413 φύσις
1603 1378 1685 1405 καλοῦ
1714 1377 1830 1410 παντὸς,

1034 1425 1081 1451 καὶ
1089 1425 1206 1457 πηγαῖον
1214 1423 1307 1452 καλὸν,
1319 1423 1366 1450 καὶ
1376 1423 1463 1449 αἴτιον
1473 1422 1566 1450 καλοῦ·
1578 1422 1676 1454 κάλλος
1686 1422 1713 1449 δὲ
1722 1422 1767 1448 διὰ
1778 1422 1831 1456 τὴν

1033 1470 1079 1497 ἀπ’
1087 1469 1168 1497 αὐτοῦ
1180 1470 1246 1496 πᾶσι
1254 1467 1371 1501 τοῖςοῦσι
1384 1469 1594 1504 μεταδιδομέιιην
1602 1468 1709 1500 οξκειως
1717 1468 1831 1504 ἑκάστῳ

189 1519 420 1552 pulchritudinem
447 1526 512 1546 vero
529 1518 711 1553 appellamus,
742 1517 872 1552 quoniam
889 1516 923 1548 ab
946 1523 980 1543 eo

1071 1516 1175 1551 λλονὴν,
1187 1516 1233 1543 καὶ
1244 1515 1281 1547 ὠς
1289 1516 1338 1551 τῆς
1347 1516 1455 1546 πάντων
1466 1515 1649 1551 εὐαρμοστίας
1655 1515 1702 1542 καὶ
1710 1513 1832 1548 ἀγλαΐας

188 1564 271 1591 rebus
285 1564 412 1591 omnibus
429 1571 479 1599 pro
492 1571 543 1591 suo
562 1563 694 1597 cuiusque
710 1562 791 1590 tnodo
804 1561 981 1597 pulchritudo

1071 1571 1131 1596 τιος,
1146 1563 1341 1597 ὲναστράπτων
1365 1563 1432 1589 πᾶσι
1456 1562 1534 1596 δίκην
1561 1563 1650 1597 φωτὸς
1672 1561 1722 1592 τὰς
1747 1562 1832 1590 καλο-

188 1609 416 1642 communicatur,
453 1613 481 1637 et
501 1609 564 1644 quia
586 1609 708 1636 omnium
734 1608 929 1635 concinnitatis
954 1611 982 1635 et

1072 1610 1128 1640 ιοὶις
1143 1608 1193 1642 τῆς
1203 1607 1323 1643 πηγαίας
1335 1609 1442 1638 ἀκτῖνος
1452 1607 1533 1635 αὑτοῦ
1547 1607 1715 1642 μεταδόσεις,
1728 1608 1777 1634 καίι
1790 1607 1830 1639 ὥς

190 1655 287 1682 nitoris
303 1659 345 1682 est
363 1659 469 1687 auctor,
486 1655 613 1682 omnibus
641 1654 728 1681 instar
757 1653 826 1681 lucis
856 1661 981 1681 commu-

1071 1654 1124 1680 λῶν
1145 1654 1187 1688 ἐφ’
1203 1654 1299 1682 ἑαυτὸν
1315 1654 1412 1681 πάντα.
1436 1653 1578 1680 Ἐλκτικὸν
1589 1653 1642 1688 γὰρ
1658 1653 1687 1680 τὸ
1701 1653 1815 1685 κάλλος.

190 1701 283 1728 nicans
315 1701 453 1728 radiorum
471 1701 565 1729 omnia
599 1701 712 1736 pulchra
741 1700 898 1728 facientium
923 1700 1000 1735 quasi
1023 1701 1106 1728 fontis
1128 1701 1241 1732 rivulos,
1266 1706 1293 1728 et
1321 1701 1355 1728 ad
1381 1702 1501 1736 seipsum
1526 1702 1618 1731 omnia
1649 1708 1770 1728 vocans:
1791 1705 1833 1728 at,

190 1746 314 1774 trahendi
325 1746 397 1774 enim
421 1747 474 1774 vim
487 1746 569 1774 habet
590 1745 765 1781 pulchritudo
784 1745 964 1781 [(l)ejusque
981 1753 1079 1773 nomen
1098 1746 1167 1780 apud
1182 1746 1291 1775 Graecos
1308 1753 1323 1772 a
1339 1746 1434 1778 verbo,
1453 1746 1524 1781 quod
1560 1754 1653 1774 vocare
1681 1745 1831 1782 signiﬁcat.

190 1792 296 1820 videtur
309 1800 370 1821 esse
383 1792 555 1830 deductum].

524 1837 663 1872 Ejusdem.

1341 1834 1395 1862 Τοῦ
1411 1835 1516 1864 αὑτοῦ.

223 1883 254 1911 In
278 1883 335 1914 Deo
360 1883 432 1911 idem
455 1888 498 1911 est
519 1883 664 1918 pulchrum
690 1887 717 1910 et
739 1882 852 1910 bonum.
876 1883 983 1911 Pulchri

1075 1883 1138 1909 Ἐπὶ
1153 1881 1222 1909 Θεοῦ
1241 1882 1341 1908 ταυτόν
1356 1883 1416 1908 ἐστι
1432 1881 1463 1908 τὸ
1479 1882 1562 1909 καλὸν
1573 1882 1614 1917 τῷ
1638 1882 1741 1918 ἀγαθῷ.
1773 1884 1830 1912 Τοῦ

189 1937 306 1964 namque
319 1934 348 1956 et
358 1929 420 1957 boni
434 1929 583 1964 cupiditate
596 1929 711 1965 ﬂagrant
737 1930 837 1962 omnia,
862 1931 895 1958 ad
908 1930 983 1957 illud-

1071 1929 1118 1956 λοῦ
1132 1929 1185 1964 γὰρ
1210 1929 1257 1955 χαὶ
1281 1927 1385 1962 ἀγαθοῦ
1413 1928 1503 1955 πάντα.
1531 1929 1651 1963 ἐφίεται,
1678 1931 1725 1956 καὶ
1754 1931 1830 1965 ἄγαν

189 1982 242 2010 que
258 1975 336 2002 valde
349 1979 473 2003 currunt.
484 1974 515 2001 Et
524 1975 592 2002 nihil
606 1979 648 2002 est
657 1975 779 2008 omnino,
795 1975 866 2010 quod
884 1983 938 2003 non
949 1977 983 2004 sit

1071 1983 1091 2000 ει
1106 1974 1149 2000 ἐπ’
1169 1973 1249 2005 αὐτὸ,
1266 1973 1314 2000 καὶ
1325 1972 1375 1999 οὐκ
1391 1972 1449 2000 ἐστι
1465 1981 1492 1999 τι
1509 1973 1563 2000 τῶν
1574 1973 1669 2007 ὄντων,
1683 1975 1697 2001 ὃ
1710 1975 1748 2010 μὴ
1761 1985 1831 2010 μετ-

190 2020 295 2055 pulchri
319 2020 437 2056 bonique
451 2020 598 2055 particeps.
613 2020 752 2056 Siquidem
767 2027 794 2049 et
806 2024 907 2054 omnia,
921 2029 982 2057 qua:

1071 2027 1091 2045 ει
1107 2018 1154 2045 τοῦ
1170 2018 1252 2044 καλοῦ
1263 2018 1311 2045 καὶ
1324 2018 1439 2052 ἀγαθοῦ.
1458 2018 1535 2045 Ἐπεὶ
1550 2020 1597 2047 καὶ
1607 2020 1696 2047 πάντα
1711 2022 1744 2048 τὰ
1760 2022 1830 2050 ὂντα

189 2071 265 2098 sunt,
285 2067 320 2094 ab
338 2067 394 2101 ipso
408 2066 522 2102 pulchro
549 2067 675 2102 bonoque
692 2067 804 2100 habent,
818 2073 848 2095 ut
862 2069 936 2099 sint:
954 2073 982 2096 et

1083 2064 1131 2091 τοῦ
1147 2064 1230 2091 καλοῦ
1249 2063 1297 2091 καὶ
1313 2063 1415 2098 ἀγαθοῦ
1442 2064 1510 2095 ἐστι,
1524 2066 1572 2092 καὶ
1592 2065 1644 2092 ὑπὸ
1666 2067 1714 2093 τοῦ
1739 2069 1829 2096 καλοῦ

189 2119 204 2138 a
221 2112 334 2146 pulchro
353 2115 381 2139 et
395 2112 466 2142 bono
481 2116 638 2144 moventur,
651 2116 679 2140 et
691 2117 835 2147 reguntur,
852 2118 879 2141 et
892 2114 981 2141 conti-

190 2162 300 2190 nentur,
318 2161 345 2184 et
356 2161 468 2192 propter
482 2158 624 2192 pulchrum
639 2162 667 2185 et
678 2159 778 2186 honuni
796 2160 940 2191 exsistunt,
955 2163 982 2188 et
994 2169 1021 2199 D

189 2203 224 2231 ab
255 2203 382 2236 omnibus
417 2203 561 2238 pulchrum
597 2208 625 2232 et
658 2203 761 2231 bonum
787 2205 980 2240 expetendum,

189 2251 352 2282 amandum,
381 2249 546 2285 diligendum
576 2253 604 2276 et
631 2250 819 2278 admirandum
863 2251 981 2279 videtur.

189 2294 283 2321 Ausim
308 2295 409 2327 dicere,
441 2300 468 2322 et
481 2295 518 2329 id,
533 2296 606 2330 quod
632 2303 685 2323 non
707 2300 759 2329 est,
784 2303 844 2324 esse
877 2297 982 2332 pulchri

190 2339 310 2373 bonique
334 2339 482 2374 particeps.
513 2339 591 2367 Tunc
615 2340 687 2367 enim
713 2345 741 2367 et
758 2340 846 2375 ipsum
865 2347 908 2369 est
924 2342 983 2375 pul-

189 2385 286 2411 chrum
316 2389 344 2412 et
367 2384 481 2417 bonum,
509 2392 571 2412 cum
595 2392 644 2419 per
667 2385 837 2420 negationem
867 2387 901 2414 de
926 2386 982 2415 Deo

189 2430 298 2458 dicitur.
313 2430 348 2458 Ut
367 2439 429 2458 cum
453 2432 538 2458 Deum
555 2431 706 2459 increatum
728 2432 892 2467 principium
926 2438 981 2467 ter-

191 2476 352 2511 minutnque
373 2484 429 2512 non
451 2477 558 2511 habeat,
576 2482 604 2505 et
627 2477 677 2510 alia
693 2478 835 2512 ejusmodi,
848 2487 908 2514 qua!
924 2487 980 2512 non

192 2529 255 2549 esse
269 2523 432 2558 signiﬁcant,
450 2523 607 2550 asserimus.
618 2523 730 2558 Appetit
748 2524 820 2551 enim
838 2529 865 2552 et
880 2525 981 2560 ipsum,

189 2568 263 2602 quod
285 2576 338 2595 non
362 2573 413 2600 est,
441 2568 560 2603 quodam
589 2568 671 2601 modo
695 2568 789 2602 Deum,
813 2574 842 2597 et
863 2571 980 2605 quadam

191 2613 297 2641 ratione
310 2614 336 2641 in
353 2622 386 2641 eo
400 2619 515 2641 conatur
528 2621 600 2642 esse.

526 2659 663 2695 Ejusdem.

226 2703 328 2731 Omnes
343 2704 486 2736 mentium,
499 2705 651 2733 animorum
666 2711 693 2738 et
723 2712 867 2742 corporum
883 2712 980 2741 status,

189 2755 220 2778 et
236 2755 325 2778 motus
339 2758 371 2778 ex
386 2751 500 2786 pulchro
534 2751 660 2788 bonoque
675 2757 746 2780 sunt.
763 2752 895 2785 Omnibus
906 2754 979 2787 enim

190 2801 279 2824 status
299 2803 326 2825 et
343 2802 432 2825 motus
456 2802 498 2825 est
520 2797 556 2829 id,
585 2798 657 2834 quod
674 2806 755 2833 supra
775 2806 885 2826 omnem
918 2808 977 2827 mo-

222 2856 258 2889 (ι)
271 2857 365 2882 inclusa
385 2857 477 2883 addidit
498 2857 573 2882 linus
593 2855 717 2888 interpres

1036 2111 1084 2138 καὶ
1099 2110 1202 2144 ἀγαθοῦ
1217 2110 1344 2147 κινεῖται,
1354 2110 1401 2136 καὶ
1415 2111 1582 2145 προνοεῖται,
1594 2111 1641 2137 καὶ
1667 2112 1827 2147 συνέχεται,

1035 2157 1082 2183 καὶ
1094 2156 1139 2183 διὰ
1157 2155 1186 2182 τὸ
1199 2146 1338 2183 καλὺνξιαὶ
1353 2155 1456 2189 ἀγαθόν
1471 2156 1542 2188 ἐστι,
1557 2156 1605 2183 καὶ
1620 2158 1703 2183 πᾶσιν
1720 2146 1780 2185 ἐστι
1797 2159 1829 2185 τὸ

1034 2201 1117 2230 καλὸν
1133 2202 1181 2228 καὶ
1197 2201 1299 2236 ἀγαθὸν
1310 2201 1416 2236 ὲφετδν,
1431 2202 1479 2227 καὶ
1494 2201 1620 2235 ὲραστὸν,
1638 2203 1684 2228 καὶ
1712 2203 1830 2239 ἀγαπη-

1033 2247 1090 2280 τὸν,
1104 2247 1151 2274 κα)¹
1168 2247 1297 2281 ἀγαστόν.
1322 2246 1460 2282 Τολμήσει
1482 2247 1511 2273 δὲ
1523 2247 1571 2278 καὶ
1595 2247 1674 2274 τοῦτο
1701 2249 1796 2277 εἰπεῖν
1813 2251 1828 2277 6

1033 2292 1123 2326 λόγος,
1135 2292 1176 2320 ὅτι
1186 2294 1233 2320 καὶ
1247 2292 1277 2319 τὺ
1295 2292 1333 2328 μὴ
1348 2292 1377 2318 ὃν
1390 2293 1499 2328 μετέχει
1519 2293 1566 2319 τοῦ
1590 2293 1673 2319 καλοῦ
1688 2294 1738 2321 καὶ
1751 2296 1828 2329 ἀγα-

1034 2337 1091 2365 θοῦ.
1104 2339 1172 2365 Τότε
1181 2339 1234 2374 γὰρ
1249 2339 1330 2366 καλὸν
1347 2338 1393 2366 καὶ
1417 2339 1482 2365 αὐτὸ
1495 2340 1541 2366 καὶ
1557 2339 1670 2373 ἀγαθὸν,
1682 2340 1748 2367 ὅταν
1779 2343 1828 2368 ἐπὶ

1032 2383 1100 2410 Θεοῦ
1118 2384 1190 2411 κατὰ
1207 2384 1355 2420 ἀφαίρεσιν
1387 2384 1515 2420 λέγηται,
1533 2382 1589 2412 οἷον
1605 2385 1674 2412 ὅτιό
1696 2386 1765 2417 Θεὸς
1794 2387 1827 2414 ᾶ-

1035 2436 1152 2462 κτιστος,
1165 2430 1292 2466 ᾅναρχος,
1312 2430 1449 2466 ἀόριστος,
1460 2432 1507 2458 καὶ
1520 2431 1555 2458 τὰ
1574 2432 1697 2465 τοιαῦτα,
1711 2432 1763 2459 ὅσα
1776 2432 1825 2460 τοῦ

1035 2474 1072 2510 μὴ
1086 2475 1160 2507 ὄντος
1187 2476 1332 2513 δηλωτικά.
1365 2477 1488 2511 Ἐφίεται
1522 2477 1578 2512 γὰρ
1607 2477 1690 2504 αὐτοῦ
1718 2478 1825 2512 τρόπον

1031 2521 1093 2548 τινὰ
1110 2521 1157 2555 καὶ
1173 2522 1239 2549 αὐτὸ
1253 2523 1284 2550 τὸ
1297 2523 1335 2559 μὴ
1350 2522 1390 2557 ὃν,
1411 2523 1459 2550 καὶ
1470 2522 1619 2559 φιλονεικεῖ
1630 2532 1689 2557 πως
1707 2525 1738 2556 ὲν
1749 2523 1825 2561 αὐτῷ

1032 2575 1114 2594 ειναι.

1339 2662 1393 2688 T017
1411 2661 1515 2694 aurai,

1068 2706 1100 2732 Ai
1120 2706 1227 2738 στάσεις
1243 2707 1328 2734 πᾶσαι
1346 2708 1392 2734 καὶ
1422 2708 1449 2733 αἱ
1467 2708 1588 2742 κινήσεις
1613 2707 1645 2733 ὲκ
1670 2705 1717 2733 τοῦ
1733 2706 1819 2739 καλοῦ

1033 2754 1076 2779 καί
1089 2753 1192 2787 ἀγαθοῦ
1206 2754 1292 2786 εἰσιν..
1309 2755 1336 2780 αἱ
1351 2753 1405 2780 τῶν
1431 2754 1511 2787 νὸων,
1527 2753 1555 2780 αἱ
1573 2754 1627 2780 τῶν
1653 2753 1761 2789 ψυχῶν.
1791 2755 1820 2780 αἱ

1031 2799 1085 2826 τῶν
1101 2800 1246 2834 σωμάτων.
1261 2800 1358 2832 Στάσις
1371 2801 1425 2835 γάρ
1447 2802 1506 2827 ἐστι
1526 2801 1605 2833 πᾶσι,
1633 2801 1680 2827 καὶ
1712 2800 1820 2836 κίνησις
