1893 3081
60 135 105 166 137

537 140 725 171 PANOPLIA
745 140 974 174 DOGMATICA.
997 156 1031 161 --
1051 144 1126 175 ΤΙΤ.
1150 145 1208 175 Ill.

1640 152 1693 184 138

60 192 103 225 τῆς
116 190 188 226 ὑπὲρ
201 191 291 218 πᾶσαν
308 191 414 224 στάσιν,
445 193 491 220 καὶ
517 203 634 230 κινησιν,
670 195 761 230 ίδρύον
785 196 828 223 Ex:

905 201 957 224 tum
973 199 1187 234 unumquodque
1201 199 1226 227 in
1243 201 1348 230 ratione
1364 203 1473 238 propria
1492 205 1645 241 conﬁrmat,
1661 212 1690 235 et

60 243 119 262 πον
133 237 164 262 ἐν
176 235 214 271 τῷ
227 236 284 271 ίδίῳ
298 235 382 272 λόγῳ,
397 237 444 265 καὶ
458 238 549 265 κινοῦν
560 240 606 266 ἐπὶ
617 241 667 276 τὴν
682 241 752 268 ίδίαν
767 241 845 276 κίνη-

59 290 108 308 οιν.

359 329 415 356 Τοῦ
434 330 540 358 αὐτοῦ.

95 374 144 400 Ἐκ
155 373 236 406 Θεοῦ,
249 375 296 401 καὶ
314 375 343 402 ὲν
363 376 423 411 Θεῷ
443 377 492 403 καὶ
506 377 572 404 αὐτὸ
584 378 615 404 τὸ
641 377 722 412 εἷναι,
738 380 785 407 καὶ
814 382 843 407 αι

57 419 107 446 τῶν
119 419 208 447 ὅντων
221 421 332 448 πάντων
349 422 444 458 ἁρχαὶ,
474 424 523 450 καὶ
536 424 570 451 τὰ
586 423 651 452 ὄντα
674 426 774 459 πάντα,
796 428 844 454 καὶ

57 466 88 493 τὰ
98 466 227 501 ἀλλήλοις
238 467 357 495 ἐναντία.
377 469 431 495 Καὶ
443 468 523 496 τοῦτο
556 470 690 506 ἀσχέτως,
707 473 755 499 καὶ
768 473 843 505 ἐξαι-

58 512 151 546 ρέτως,
167 512 216 540 καὶ
233 514 468 550 συνειλημμένως,
491 516 539 543 καὶ
553 516 672 549 ἐνιαίως.
702 519 756 545 Καὶ
788 519 843 556 γὰρ

57 558 100 584 καὶ
114 559 145 584 ὲν
162 559 258 593 μονάδι
271 560 325 591 πᾶς
340 560 458 596 ἀριθμὸς
486 561 610 595 ἐνοειδῶς
636 565 842 601 προϋφέστηκε,

57 604 100 629 καὶ
111 603 171 638 ἔχει
185 605 278 632 πάντα
289 605 407 641 ἀριθμὸν
424 607 442 643 ἠ
460 608 544 642 μονὰς
557 609 586 635 ἐν
603 609 686 645 ἑαυτῇ
704 611 842 646 μοναχῶς,

57 649 90 680 ὡς
103 651 180 677 αἰτία
197 651 302 683 παντὸς
312 652 442 688 ἀριθμοῦ.
469 654 525 681 Καὶ
539 655 594 687 πᾶς
610 656 726 691 ἀριθμὸς
738 656 841 692 ἥνωται

55 696 102 729 μὲν
112 697 142 723 ἐν
156 697 190 732 τῇ
206 698 303 732 μονάδι
313 706 320 713 ·
335 699 397 725 καθ’
410 700 471 727 ὅσον
483 699 512 726 δὲ
525 700 576 735 τῆς
593 702 706 736 μονάδος
722 703 840 738 πρόεισι,

57 743 124 769 κατὰ
136 743 268 770 τοσοῦτον
281 745 461 780 διακρίνεται.
488 746 535 773 καὶ
549 747 728 783 πληθύνεται.
744 750 800 776 Καὶ
813 751 842 776 ὲν

54 788 157 824 κέντρῳ
169 788 199 815 δὲ
215 790 301 816 πᾶσαι
318 790 347 816 αι
360 790 406 817 τοῦ
427 791 529 819 κύκλου
544 794 675 828 γραμμαὶ
692 795 762 822 κατὰ
775 795 841 830 μίαν

53 834 147 862 {Viam
161 836 397 871 συνυφεστήκασι;
408 838 455 864 καὶ
467 837 554 870 πάσας
569 838 626 874 ἔχει
639 839 670 867 τὺ
684 840 797 877 κέντρον
810 843 840 870 ὲν

897 245 930 271 ad
949 245 1088 280 proprium
1104 247 1207 274 excitat
1221 252 1335 277 motum.

1244 339 1382 372 Ejusdem.

926 379 964 408 Ex
982 381 1046 415 Deo,
1059 385 1088 410 et
1099 383 1126 410 in
1139 383 1206 418 Deo,
1220 390 1261 413 est
1274 386 1356 414 etiam
1372 387 1461 422 ipsum
1473 397 1545 423 esse,
1558 396 1585 419 et
1596 400 1686 420 rerum

895 425 1017 453 omnium
1042 427 1188 463 principia.
1206 434 1305 464 etquae
1319 437 1394 464 sunt,
1412 434 1515 466 omnia.
1531 436 1613 464 etiam
1626 446 1687 473 qua:

894 471 967 498 inter
987 478 1018 499 se
1042 477 1108 500 sunt
1133 475 1282 503 contraria.
1309 475 1381 505 Sunt
1397 482 1488 507 autem
1511 481 1539 508 in
1561 481 1615 510 Deo
1635 471 1688 511 im-

895 523 1002 550 mense,
1017 521 1046 545 et
1062 519 1173 552 eximie.
1189 525 1216 548 et
1235 521 1415 558 coniunctim,
1430 529 1457 553 et
1473 527 1564 555 unice.
1578 527 1646 556 Nam
1660 535 1689 557 et

894 560 922 588 in
936 562 1041 590 unitate
1056 564 1146 592 omnis
1158 573 1289 595 numerus
1303 573 1368 596 ante
1384 570 1558 605 singulariter
1571 575 1686 602 exstitit.

893 608 927 635 Et
946 608 1046 642 unitas,
1063 614 1093 637 ut
1107 611 1197 639 omnis
1211 614 1317 641 numeri
1341 622 1436 648 causa.
1454 619 1534 647 unice
1545 619 1572 646 in
1590 628 1620 648 se
1637 629 1687 648 nu-

893 661 998 682 merum
1016 662 1125 683 omnem
1150 657 1242 686 habet.
1267 659 1300 687 Et
1317 663 1408 690 omnis
1427 671 1560 693 numerus
1583 667 1688 694 unitate

893 707 964 728 unus
979 700 1103 728 efﬁcitur.
1120 701 1257 735 Quantum
1274 712 1364 734 autem
1377 710 1552 744 progreditur
1565 712 1600 740 ab
1622 714 1684 740 uni-

894 751 959 781 tate,
973 747 1104 775 dividitur
1118 753 1146 776 et
1161 751 1368 787 multiplicatur.
1386 754 1416 782 in
1431 760 1527 784 centro
1544 757 1608 785 item
1626 745 1692 786 om;

894 799 944 820 nes
960 792 1054 820 circuli
1075 792 1155 821 lineae
1171 802 1225 823 una
1245 798 1417 831 copulatione
1439 801 1593 836 conjuncta:
1609 808 1684 831 sunt.

892 837 926 866 Et
939 844 1064 868 centrum
1076 840 1106 868 in
1123 841 1214 876 seipso
1227 847 1315 871 rectas
1331 851 1428 873 omnes
1442 846 1529 875 lineas
1543 852 1598 876 tum
1611 849 1685 884 ipsas

54 879 138 914 ἑαυτῷ
156 880 209 912 τὰς
224 880 334 913 εὐθείας
353 882 478 914 ἑνοειδῶς
498 883 644 919 ἡνωμέναι·
657 887 726 921 πρός
741 876 770 914 τε
795 889 828 915 ἀλ

906 891 967 915 nter
984 894 1024 920 se,
1045 892 1102 915 tum
1120 887 1202 916 etiam
1217 896 1279 916 cum
1295 897 1350 918 uno
1371 890 1417 919 illo
1439 893 1586 928 principio,
1602 876 1686 930 a‘quu

53 925 143 960 λήλας,
160 927 210 952 καὶ
242 927 311 962 πρὸς
333 928 383 963 τὴν
411 928 476 964 μίαν
504 930 602 966 ἀρχὴν,
620 931 712 969 ἀφ’-ᾗς
739 934 842 970 προῆλ-

53 971 104 998 θον.
119 971 178 998 Καὶ
195 972 226 999 ὲν
237 972 312 1007 αὐτῷ
343 973 392 1007 μὲν
414 974 452 1009 τῷ
470 975 576 1011 κέντρῳ
595 978 736 1010 παντελῶς
757 979 843 1014 ἧνων-

53 1025 103 1050 ται,
123 1018 212 1055 βραχὺ
237 1018 267 1045 δὲ
288 1019 443 1052 διαστᾶσαι,
456 1020 542 1057 βραχὺ
560 1022 608 1050 καὶ
640 1023 761 1060 ἀλλήλων
785 1025 842 1053 δια-

53 1064 200 1098 κρίνονται.
213 1065 323 1092 Μᾶλλον
341 1066 369 1092 δὲ
391 1066 473 1094 αὐτοῦ
490 1068 652 1104 ἀποστᾶσαι,
675 1071 775 1106 μᾶλλον
793 1073 841 1099 καὶ

54 1109 175 1144 ἀλλήλων
192 1109 459 1143 ἀφίστανται.Ἀλλὰ
480 1113 528 1139 καὶ
545 1114 573 1140 ἐν
588 1115 620 1150 τῇ
640 1115 688 1151 ὅλῃ
702 1115 756 1143 τῶν
771 1116 840 1144 ὅλων

53 1154 128 1188 φύσει
160 1155 262 1187 πάντες
283 1156 308 1182 οί
330 1156 404 1191 λόγοι
432 1157 483 1192 τῆς
509 1159 571 1186 καθ’
594 1160 710 1188 ἕκαστον
732 1162 840 1196 φύσεως

54 1201 263 1236 συνειλημμένοι
275 1202 331 1229 eiul
344 1203 416 1230 κατὰ
429 1203 480 1239 τὴν
495 1205 649 1241 ἀσύγχυτον
664 1207 770 1236 ἕνωσιν.
784 1210 839 1236 Καὶ

52 1246 78 1271 ὲν
96 1247 128 1280 τῇ
139 1246 214 1281 ψυχῇ
230 1246 259 1273 δὲ
273 1248 417 1282 μονοειδῶς
431 1249 458 1275 ai
470 1249 524 1277 τῶν
540 1251 610 1278 κατὰ
633 1253 715 1288 μέρος
728 1254 839 1282 πάντων

52 1294 227 1327 προνοητικαὶ
237 1292 285 1319 τοῦ
300 1293 362 1320 ὅλου
378 1294 504 1330 σώματος
531 1296 672 1332 δυνάμεις.
689 1299 774 1327 Οὐδὲν
789 1299 836 1328 οὖν

51 1336 148 1362 ἄτοπον
162 1337 193 1369 ἐξ
206 1337 336 1372 ἀμυδρῶν
353 1340 466 1367 εἰκόνων
487 1341 535 1368 ἐπὶ
563 1343 593 1369 τὸ
612 1343 722 1371 πάντων
751 1345 837 1373 αἴτιον

52 1382 196 1414 ἀναϐάντες
213 1384 412 1420 ὑπερκοσμίοις
423 1386 572 1423 ὀφθαλμοῖς
585 1388 723 1425 θεωρῆσαι
744 1393 835 1420 πάντα

52 1429 77 1453 ἐν
86 1429 122 1464 τῷ
135 1429 248 1457 πάντων
260 1431 341 1466 αίτέῳ
356 1432 501 1466 μονοειδῶς
520 1435 567 1461 καὶ
584 1435 743 1471 ἡνωμένως.

352 1523 407 1550 Τοῦ
425 1524 529 1552 αὐτοῦ.

83 1566 165 1602 Εἴπερ
192 1567 207 1593 δ
238 1566 300 1594 καθ’
327 1568 401 1603 ἡμᾶς
422 1569 498 1604 ἥλιος
528 1569 578 1602 τὰς
606 1571 663 1598 τῶν
691 1572 828 1609 αἰσθητῶν

51 1613 139 1645 οὐσίας
166 1615 215 1640 καὶ
241 1615 399 1650 ποιότητας,
416 1615 508 1642 καίτοι
539 1616 640 1648 πολλὰς
663 1618 711 1644 καὶ
739 1619 832 1655 διαφό-

52 1668 107 1694 pou;
120 1660 216 1693 οὔσας,
235 1658 275 1692 εἷς
288 1660 369 1693 αὐτὸς
385 1660 434 1694 ὢν,
449 1662 496 1689 καὶ
516 1663 653 1698 μονοειδὲς
668 1664 832 1700 ἑπιλάμπων

52 1706 103 1738 φῶς
118 1705 193 1738 ζωοϊ,
211 1707 260 1733 καὶ
283 1707 389 1742 τρέφει,
407 1707 455 1734 καὶ
476 1707 564 1742 αὔξει,
588 1710 635 1736 καὶ
656 1710 766 1745 τελειοϊ,
783 1714 831 1740 καὶ

51 1753 170 1787 φρουρεῖ.
185 1753 233 1779 καὶ
247 1753 391 1788 διακρίνει,
402 1753 450 1780 καὶ
463 1754 530 1788 ἑνοῖ,
544 1755 592 1781 καὶ
610 1756 772 1791 ἀναθάλπει,
785 1759 832 1786 καὶ

49 1797 143 1831 γόννμα
155 1796 227 1825 εἶναι
242 1800 323 1832 ποιεῖ,
336 1799 384 1826 καὶ
397 1798 568 1834 ἐξαλλάττει,
580 1801 626 1827 καὶ
638 1802 766 1838 ὲνιδρύει,
784 1806 831 1833 καὶ

49 1843 148 1877 ἐκφύει,
166 1845 215 1871 καὶ
232 1846 366 1879 ἀνακινεῖ,
381 1847 428 1874 καὶ
442 1847 558 1874 ἕκαστον
571 1848 625 1875 τῶν
639 1849 707 1876 ὅλων
722 1851 830 1884 οἰκείως

50 1889 132 1924 ἑαυτῷ
149 1889 197 1916 τοῦ
214 1890 276 1922 avt;
290 1891 338 1918 καὶ
351 1892 452 1919 ταυτοῠ
471 1892 549 1928 ἡλίου
570 1894 694 1929 μετέχει,
713 1897 762 1922 καὶ
780 1897 830 1928 τὰς

48 1934 98 1962 τῶν
112 1936 218 1962 πολλῶν
247 1937 370 1972 μετοχῶν
391 1939 483 1970 αἰτίας
501 1940 515 1966 ὸ
529 1936 570 1972 εἷς
594 1941 670 1975 ἥλιος
687 1943 716 1968 ἐν
740 1943 830 1978 ἑαυτῷ

51 1982 190 2015 μονοειδῶς
207 1983 328 2018 προέχει,
345 1984 393 2010 καὶ
413 1985 556 2021 περιέχει·
571 1987 662 2023 πολλῷ
681 1988 781 2022 μᾶλλον
801 1990 830 2016 ὲν

49 2028 77 2061 τῇ
88 2027 132 2053 καὶ
148 2028 233 2054 αὑτοῦ
249 2029 295 2054 τοῦ
311 2029 386 2065 ἡλίου
401 2031 447 2057 xal
464 2031 571 2058 πάντων
588 2032 643 2059 τῶν
655 2033 740 2060 ὄντων
753 2035 829 2071 αἰτίᾳ

49 2074 249 2108 προϋφεστάναι
269 2075 303 2102 τὰ
317 2075 428 2102 πάντων
442 2076 497 2103 τῶν
514 2077 599 2104 ὅντων
615 2080 829 2115 παραδείγματα

49 2120 110 2146 κατᾶ
122 2120 187 2154 μίαν
202 2120 366 2154 ὺπερούσιον
380 2121 479 2149 ἕνωσιν
500 2125 704 2159 συγχωρητέον.
731 2126 826 2161 Παρα-

47 2164 176 2200 ἔείγματα
190 2166 219 2192 δὲ
234 2165 282 2192 νῦν
296 2166 414 2201 λέγομεν
429 2168 492 2200 τοὺς
506 2169 535 2195 ἐν
546 2168 605 2204 Θεῷ
620 2170 728 2202 ἑνιαίως
745 2174 830 2207 προῦ-

47 2211 192 2243 φεστῶτας,
209 2212 258 2237 καὶ
269 2211 439 2245 οὑειοποιοὺς
451 2214 505 2240 τῶν
525 2214 610 2241 ὅντων
623 2215 730 2251 λόγους,

46 2256 187 2288 ἁπάστολος
216 2257 323 2289 Παῦλος
354 2260 541 2294 προορισμοὺς
566 2261 655 2295 καλεῖ,
686 2263 735 2290 καὶ
765 2263 826 2291 Θεία

47 2301 180 2338 θελήματα
192 2304 246 2330 τῶν
258 2303 343 2331 ὅντων
356 2306 532 2340 ὰςροριστικὰ,
545 2307 593 2334 καὶ
606 2310 747 2343 ποιητικὰ,
762 2311 824 2338 καθ’

45 2347 86 2378 οὓς
103 2349 117 2374 ό
139 2348 305 2383 ὑπεροὺσιος
329 2350 363 2375 τὰ
391 2350 455 2377 ὄντα
479 2351 568 2378 πάντα
594 2353 745 2389 προώρισε,
776 2357 824 2383 καὶ

47 2393 195 2428 παρήγαγε.
212 2394 305 2421 Πάντα
327 2394 375 2422 οὖν
391 2396 500 2428 ὲνιαίως
519 2399 643 2434 προέχει,
658 2401 706 2426 καὶ
733 2401 822 2429 πάντα

45 2440 158 2475 περιέχει
174 2440 246 2467 κατὰ
258 2440 308 2476 τὴν
324 2441 564 2479 ὑπερηπλωμένην
578 2445 708 2481 ἀπειρίαν
723 2446 820 2481 αὐτοῦ,

45 2486 87 2510 καὶ
104 2487 173 2519 πρὸς
186 2485 297 2512 πάντων
316 2487 415 2519 ἑνικῶς
441 2489 596 2524 μετέχεται,
622 2491 748 2528 καθάπερ
776 2495 823 2521 καὶ

45 2531 112 2564 φωνὴ
134 2532 184 2567 μία
200 2533 246 2559 καὶ
265 2533 282 2568 ὴ
306 2533 376 2569 αὐτὴ
395 2534 463 2569 πρδς
487 2535 594 2562 πολλῶν
615 2537 705 2565 ἀκοῶν
718 2539 755 2571 ὡς
773 2540 824 2574 μία

45 2579 193 2614 μετέχεται.

845 1546 866 1574 C

338 2626 394 2654 Τοῦ
413 2628 517 2656 αὐτοῦ.

73 2671 179 2707 Ὠσπερ
209 2672 233 2698 οἱ
263 2672 336 2707 ἅγιοι
360 2673 501 2709 ἅνθρωποι
523 2673 596 2707 οἶκος
615 2676 741 2710 λέγονται
772 2679 820 2707 τοῦ

43 2715 118 2743 Θεοῦ·
149 2727 160 2743 ι
179 2718 293 2754 Οίκῆσω
307 2719 372 2754 γὰρ,
404 2729 413 2745 ι
444 2722 537 2755 φησιν,
553 2731 563 2747 ι
581 2723 610 2748 ἐν
634 2724 739 2757 αὐτοῖς,
772 2727 819 2753 καὶ

41 2763 268 2799 ἑμπεριπατήσω·
284 2773 294 2791 ι
311 2764 383 2791 οὕτω
407 2766 454 2792 καὶ
480 2767 494 2792 ὁ
512 2767 576 2798 Θεὸς
591 2766 665 2801 οἶκός
690 2771 748 2798 ἐστι
765 2772 818 2800 τῶν

71 2847 77 2861 ¹
95 2846 113 2873 ΙΙ
128 2846 190 2874 Cor.
204 2855 241 2877 γι,
258 2847 301 2873 17.

192 2896 325 2926 ΡΑτιιοι..
347 2895 404 2925 Gn.
421 2894 534 2926 CXXX.

895 940 1048 969 progressae
1069 937 1144 966 sunt,
1165 941 1219 961 una
1234 934 1341 963 ratione
1355 937 1515 971 conjunctas
1533 938 1627 967 habet.
1648 941 1686 968 Ac

896 980 925 1007 in
965 979 1026 1014 ipso
1059 978 1171 1012 quidem
1202 985 1298 1008 centro
1328 982 1438 1017 penitus
1467 985 1682 1020 coniunguntur.

893 1025 992 1054 Parum
1011 1030 1102 1054 autem
1125 1026 1161 1053 ab
1181 1034 1215 1054 eo
1233 1027 1380 1062 distantes,
1401 1037 1498 1064 parum
1521 1034 1549 1059 et
1563 1032 1635 1059 inter
1655 1040 1685 1060 se

892 1072 1003 1102 distant.
1018 1074 1102 1110 Magis
1120 1083 1184 1103 vero
1201 1075 1236 1102 ab
1251 1074 1296 1102 illo
1312 1075 1483 1109 recedentes,
1499 1077 1586 1113 magis
1601 1078 1683 1106 etiam

891 1128 906 1147 a
921 1129 951 1149 se
963 1122 1081 1151 vicissim
1095 1122 1239 1151 recedunt.
1251 1121 1388 1148 Praeterea
1405 1121 1433 1149 in
1446 1125 1502 1149 tota
1516 1130 1606 1150 rerum
1621 1125 1683 1152 uni-

891 1168 1027 1197 versitatis
1043 1176 1141 1199 natura
1161 1176 1256 1198 omnes
1272 1167 1418 1204 singularis
1442 1173 1546 1195 natura:
1563 1169 1684 1198 rationes

890 1214 970 1241 simul
986 1215 1119 1244 devincta:
1133 1224 1208 1245 sunt.
1224 1216 1265 1244 Ad
1278 1217 1337 1244 haec
1351 1215 1546 1245 moderatrices
1562 1216 1684 1252 singulo-

890 1268 947 1288 rum
960 1262 1042 1289 totius
1054 1264 1178 1298 corporis
1190 1263 1262 1291 vires
1274 1263 1303 1290 in
1312 1262 1404 1290 animo
1416 1262 1497 1290 unice
1506 1263 1681 1297 copulantur.

889 1307 1069 1340 Quamobrem
1090 1309 1241 1336 absurdum
1257 1316 1312 1336 non
1330 1312 1383 1341 est,
1399 1312 1429 1335 ut
1443 1315 1492 1343 per
1506 1308 1637 1336 obscuras
1651 1315 1683 1336 ac

889 1358 984 1381 tenues
1003 1355 1136 1390 imagines
1152 1355 1186 1382 ad
1202 1355 1289 1390 ipsam
1306 1361 1399 1382 rerum
1426 1353 1548 1381 omnium
1571 1360 1681 1383 causam

887 1399 1078 1433 ascendentes,
1094 1401 1181 1428 oculis
1197 1400 1300 1428 mundo
1316 1399 1524 1427 sublimioribus
1540 1398 1631 1426 omnia
1648 1399 1675 1426 in

887 1446 946 1480 ipsa
972 1454 1063 1473 rerum
1089 1454 1170 1474 causa
1192 1445 1324 1482 singulari
1347 1445 1456 1473 vinculo
1480 1445 1626 1481 conjuncta
1651 1451 1680 1474 et

890 1491 1014 1528 copulata
1029 1492 1259 1528 contemplemur.

1201 1537 1340 1573 Ejusdem.

929 1584 958 1612 δι
975 1590 1068 1613 noster
1087 1585 1132 1612 hic
1148 1585 1200 1618 sol,
1215 1585 1339 1620 quamvis
1359 1593 1431 1613 unus
1453 1586 1502 1619 sit.
1518 1592 1547 1614 et
1566 1587 1675 1615 unicam

885 1630 974 1658 lucem
991 1631 1107 1663 emittat,
1127 1636 1181 1658 tam
1203 1631 1303 1659 multas
1318 1635 1420 1665 tamen,
1432 1639 1463 1660 ac
1475 1632 1565 1660 varias
1586 1641 1677 1661 rerum

886 1676 1029 1709 essentias,
1057 1682 1084 1704 et
1107 1677 1252 1711 qualitates
1277 1677 1330 1705 vita
1352 1677 1447 1710 donat,
1473 1683 1501 1706 et
1524 1679 1621 1712 nutrit,
1649 1685 1677 1706 et

886 1727 977 1756 auget,
992 1727 1019 1749 et
1032 1722 1139 1757 perﬁcit
1150 1727 1177 1749 et
1193 1725 1295 1756 tuetur,
1311 1726 1338 1750 et
1354 1723 1461 1755 dividit,
1472 1728 1499 1751 et
1514 1724 1633 1759 copulat.
1649 1731 1676 1752 et

885 1767 970 1801 fovet,
993 1772 1022 1796 et
1045 1767 1186 1801 fecundat,
1212 1773 1239 1796 et
1262 1768 1400 1802 immutat,
1417 1774 1446 1797 et
1460 1770 1628 1804 corroborat,
1649 1777 1678 1799 et

885 1813 981 1849 gignit,
1005 1819 1032 1841 et
1057 1817 1151 1850 agitat,
1179 1819 1207 1842 et
1230 1821 1273 1842 res
1298 1822 1394 1843 omnes
1416 1823 1466 1851 pro
1491 1823 1542 1844 suo
1563 1824 1676 1852 qumque

885 1861 966 1888 modo
991 1861 1071 1888 unius
1090 1866 1117 1889 et
1142 1861 1266 1897 ejusdem
1288 1861 1355 1890 solis
1373 1862 1523 1897 participes
1545 1867 1625 1895 sunt;
1648 1867 1676 1891 ct

884 1907 985 1934 multas
1003 1907 1286 1935 communicationum
1304 1915 1402 1936 causas
1421 1916 1492 1936 unus
1510 1908 1567 1943 ipse
1584 1909 1624 1935 so‘l
1646 1909 1674 1936 ln

884 1953 974 1987 seipso
1002 1953 1179 1989 singulariter
1202 1958 1267 1982 ante
1295 1954 1424 1988 possidet,
1448 1959 1532 1990 atque
1555 1955 1674 1990 complc-

884 1999 968 2026 ctitur
984 2008 991 2027 :
1009 2000 1096 2027 multo
1117 1999 1205 2035 magis
1220 2000 1248 2027 in
1261 1999 1318 2034 ipsa
1333 2005 1391 2027 tum
1410 2000 1484 2033 solis,
1505 2004 1561 2027 tum
1581 2009 1672 2028 rerum

884 2045 1006 2072 omnium
1021 2053 1104 2073 causa
1120 2054 1169 2081 per
1183 2053 1266 2073 unam
1285 2047 1433 2074 essentiam
1451 2048 1671 2082 praestantiorem

883 2091 1106 2126 conjunctionem
1138 2091 1216 2127 prius
1240 2092 1331 2120 inesse
1358 2100 1451 2120 rerum
1479 2093 1670 2121 universarum

882 2138 1045 2173 exemplaria
1075 2139 1281 2167 concedendum
1309 2142 1362 2167 est.
1393 2138 1563 2174 Excmplaria
1596 2148 1671 2168 nunc

882 2184 1050 2218 appellamus
1071 2185 1193 2212 rationes
1217 2185 1277 2213 illas
1300 2189 1363 2213 ante
1379 2185 1406 2212 in
1426 2184 1481 2212 Deo
1497 2185 1671 2221 singulariter

750 2217 797 2264 οὓς
813 2220 827 2245 ὁ
842 2222 865 2251 Ι)
880 2217 1055 2260 essistentes.
1066 2235 1090 2256 et
1110 2237 1201 2257 rerum
1220 2230 1372 2258 eﬂ‘ectrices
1386 2230 1578 2259 essentiarum.
1595 2231 1670 2264 Quae

879 2275 989 2310 quidem
1021 2276 1141 2303 rationes
1166 2276 1266 2304 Paulus
1292 2281 1371 2304 vocat
1398 2277 1666 2312 praedestinationes.

879 2321 1039 2356 divinosque
1066 2321 1230 2355 voluntates,
1258 2322 1359 2357 quibus
1381 2330 1426 2351 res
1449 2323 1626 2357 deﬁniuntur,
1640 2330 1669 2352 et

878 2364 956 2392 ﬁunt.
976 2365 1027 2394 Per
1049 2367 1100 2394 has
1119 2367 1224 2400 omnia,
1244 2376 1305 2403 quae
1321 2373 1397 2402 sunt,
1423 2368 1458 2403 is,
1478 2369 1524 2404 qui
1546 2371 1665 2398 essentia

878 2412 1050 2445 praestantior
1071 2417 1123 2446 est,
1142 2414 1296 2448 praeﬁnivit,
1313 2414 1345 2442 ad
1363 2419 1508 2450 ortumque
1525 2415 1663 2450 produxit.

876 2456 1048 2493 Quapropter
1062 2459 1198 2487 inﬁnitate
1212 2466 1261 2487 sua
1275 2465 1472 2496 superextensa
1481 2463 1572 2488 omnia
1588 2462 1664 2497 prius

874 2502 1047 2537 singulariter
1065 2505 1155 2538 habet,
1166 2510 1194 2533 et
1212 2507 1429 2541 comprehendit.
1448 2511 1476 2534 et
1489 2507 1664 2543 singulariter

875 2548 1002 2576 omnibus
1021 2551 1249 2583 communicatur,
1262 2551 1491 2586 quemadmodum
1504 2559 1559 2580 una
1579 2560 1630 2580 vox
1647 2561 1662 2581 a
1679 2551 1685 2594 ξ

876 2594 967 2622 multis
981 2595 1092 2623 auribus
1111 2602 1140 2623 ut
1155 2604 1208 2623 una
1222 2596 1382 2633 percipitur.

1208 2641 1346 2676 Ejusdem.

927 2683 964 2712 Ut
987 2685 1038 2712 viri
1067 2686 1130 2713 boni
1157 2686 1287 2714 dicuntur
1310 2687 1407 2716 domus
1428 2688 1475 2716 Dei
1491 2698 1513 2717 ιι
1527 2689 1661 2716 llabitabo

874 2731 959 2764 enim,
973 2740 981 2756 ι
1000 2731 1098 2766 inquit,
1119 2741 1128 2757 ι
1150 2731 1178 2759 in
1201 2732 1279 2767 ipsis,
1293 2736 1321 2761 et
1342 2733 1518 2762 inambulabo
1531 2735 1540 2750 ί
1565 2743 1572 2761 :
1589 2743 1599 2760 ι
1619 2735 1656 2761 ita

873 2775 1007 2805 bonorum
1026 2779 1142 2806 virorum
1163 2778 1259 2808 domus
1281 2784 1322 2808 est
1348 2779 1429 2808 Deus.
1447 2789 1456 2807 ι
1475 2780 1539 2808 Esto
1555 2779 1631 2813 mihi,
1646 2789 1655 2807 ι

1481 2899 1500 2931 5
