1893 3081
201 138 251 171 ἷδῦ

823 135 1016 166 EUTHYMH
1036 135 1216 166 ZIGABENI

1784 140 1828 172 140

197 195 286 230 inquit
306 194 400 224 David.
419 202 429 219 ι
454 194 480 220 in
503 193 589 220 Deum
606 198 787 229 protectorem
802 201 905 223 meum.
921 197 948 220 ct
965 193 985 219 ir

1066 194 1130 227 γίιι)ν
1159 193 1322 229 ἀνθρώπων,
1355 204 1363 220 ι
1384 195 1465 222 Γενοῦ
1497 203 1543 231 μοι
1585 196 1648 232 γὰρ,
1675 207 1684 223 ι
1712 199 1794 232 φησὶν
1816 201 1829 227 6

196 243 308 270 domum
323 239 420 275 rel'ugii
438 239 540 271 mei,ut
549 239 653 267 salvum
669 247 712 266 me
727 239 810 267 facias
824 240 845 266 ί.
868 248 877 264 ι
893 239 924 265 Et
937 239 994 273 ipse

195 286 386 316 Dominusait:
402 286 478 314 «Vos
506 286 532 312 in
559 292 614 318 me,
638 289 664 312 et
679 292 729 319 ego
751 285 778 311 in
803 285 914 312 vobis'.
937 293 946 310 ι
963 283 994 311 ΕΙ.

195 334 420 371 quemadmodum
439 333 511 360 Deus
530 332 569 359 sic
592 335 635 358 est
656 331 683 358 in
697 330 773 366 ipsis,
782 335 812 358 ut
828 338 882 359 non
908 331 995 358 inclu-

194 383 275 409 datur
300 389 350 408 nec
367 379 623 412 circumscribatur,
643 379 683 406 sic
707 383 735 406 et
752 378 802 414 ipsi
821 378 849 405 in
873 385 906 406 eo
930 381 995 405 sunt

194 429 254 455 sine
275 427 329 454 ulla
353 433 415 453 cum
432 426 490 460 ipso
508 425 637 453 mistione
652 433 702 461 per
715 424 874 458 essentiam,
893 428 920 452 et
934 423 995 451 sine

194 474 366 501 confusione.

517 517 661 552 Ejusdem.

234 565 328 592 Divina
338 565 385 592 Dei
396 565 550 600 qualitatem
560 565 796 601 quantitatemque
806 571 860 591 non
869 562 995 590 habentis

195 612 309 640 latituilu
325 613 445 647 putanda
459 617 501 639 est
511 613 599 647 ampla
613 616 641 640 et
654 612 764 647 provida
775 611 846 639 illius
861 611 894 638 ad
904 610 995 638 omnia

194 659 360 694 progressio.
384 658 537 692 Longitudo
552 663 642 686 autem
664 658 724 693 ejus
737 657 939 693 potentia,qum
950 664 996 684 su.

195 712 245 739 pra
257 704 421 732 ostenditur.
431 704 604 731 Profunditas
614 712 679 732 vero
689 703 868 731 arcanaillius
877 703 998 730 occulta-

194 751 234 778 tio
242 755 353 786 propter
371 758 453 785 quam
474 750 587 785 percipi,
609 751 790 786 cognoscique
806 758 860 777 non
879 753 980 785 potest.

526 796 664 830 Ejusdem.

234 843 304 870 Deus
320 842 347 869 iu
363 842 448 870 sacris
464 849 626 870 arcanorum
646 842 781 870 visionum
803 842 921 869 oraculis
934 847 991 869 tum

197 897 296 922 canus,
310 890 374 923 {tum
389 890 498 924 juvenis
517 888 635 924 ﬁngitur.
652 888 764 922 Cauus,‘
778 893 808 916 ut
821 896 883 917 esse
901 896 992 915 rerum

197 935 360 971 principium
375 935 541 970 intelligatur
555 944 562 962 :
574 935 683 970 juvenis
693 939 795 967 autem,
810 940 839 962 ut
854 943 994 970 nunquam

198 987 352 1013 senescere,
366 986 395 1007 et
416 980 497 1007 ﬁnem
514 980 614 1008 habere
629 979 806 1015 signiﬁcetur.
821 980 867 1008 Vel
886 980 994 1014 juvenis

195 1025 279 1052 ctiam
296 1026 330 1053 ob
348 1026 482 1053 rationein
496 1026 707 1058 arithmeticam,
718 1030 747 1053 ut
762 1026 884 1053 divinum
899 1034 990 1054 rerum

197 1071 307 1098 initium
324 1072 494 1100 ostendatur.
509 1072 606 1099 Unitas
627 1072 710 1103 enim,
736 1075 763 1099 et
784 1072 829 1107 qui
846 1078 910 1099 sunt
929 1073 993 1099 uni-

198 1117 247 1143 tati
263 1117 377 1152 proximi
395 1118 503 1145 numeri
517 1118 622 1152 priores
637 1122 701 1145 sunt
720 1117 782 1151 illis,
805 1118 850 1152 qui
875 1118 910 1145 ab
931 1118 992 1144 uni-

200 1167 261 1190 tatc
285 1163 392 1198 longius
416 1167 600 1191 reccSSerunt.

522 1207 648 1242 Ejusdem
654 1227 661 1234 .

241 1254 337 1288 Neque
367 1261 412 1280 res
447 1257 616 1288 cognoscunt.
646 1252 744 1285 Deum,
770 1257 800 1280 ut
825 1253 897 1280 Deus
928 1257 993 1281 est:

192 1307 250 1327 nec
284 1299 355 1327 Deus
370 1300 512 1335 cognoscit
528 1307 582 1332 res,
601 1303 631 1326 ut
653 1299 717 1334 ipsa:
733 1304 809 1328 sunt.
834 1299 888 1327 Res
901 1304 993 1327 autem

197 1353 252 1372 non
282 1350 450 1381 cognoscunt
476 1345 570 1378 Deum,
602 1350 631 1373 ut
656 1345 728 1373 Deus
747 1351 801 1379 est,
821 1346 885 1380 quia
900 1346 988 1378 nullae

202 1399 247 1419 res
261 1392 287 1419 id
301 1392 407 1426 assequi
435 1397 559 1426 possunt,
576 1396 607 1419 ut
622 1391 705 1419 Deum
727 1396 903 1427 cognoscant,
915 1396 995 1419 ntest

198 1437 281 1470 Deus,
294 1438 346 1465 hoc
356 1441 407 1469 est,
417 1438 553 1471 quomodo
561 1442 660 1464 natura
671 1444 730 1464 sese
743 1437 911 1466 habeat.lloe
919 1438 993 1465 enim

199 1485 282 1510 modo
298 1484 371 1511 solus
393 1483 451 1518 ipse
470 1491 500 1510 se
523 1483 608 1510 novit.
623 1482 693 1510 Deus
706 1490 771 1510 vero
784 1490 840 1510 non
853 1485 992 1518 cognoscit

1046 239 1139 271 Δαίῖὶδ,
1161 249 1170 265 ι
1191 241 1232 273 εἰς
1255 241 1323 267 eam
1339 241 1558 278 ὕπερασπιστὴν,
1575 244 1624 269 καὶ
1640 244 1681 276 εἰς
1695 242 1770 271 οἷκον
1785 253 1829 271 κα-

1045 284 1170 320 ταφυγῆς
1192 286 1237 312 τοῦ
1255 286 1341 313 σῶσαί
1367 296 1412 321 με.
1433 296 1443 314 ι
1471 288 1526 314 Καὶ
1539 288 1618 321 αὺτὺς
1641 289 1669 315 δὲ
1695 290 1709 315 ό
1734 289 1829 324 Κύριος

1045 330 1157 366 εἴρηκεν
1177 339 1185 347 ο
1204 340 1213 357 ι
1240 331 1336 367 Ὑμεῖς
1348 334 1378 360 ἐν
1402 333 1475 368 ἐμοὶ,
1490 334 1567 368 κάγὼ
1589 335 1618 361 ἐν
1648 335 1723 369 ὑμῖν,
1743 345 1753 361 ι
1780 335 1830 361 Καὶ

1045 377 1172 414 καθάπερ
1188 379 1201 405 ὁ
1214 378 1280 410 Θεὸς
1292 379 1416 414 ἀσχέτως
1430 380 1505 407 ἐστὶν
1518 381 1547 406 ὲν
1561 381 1666 414 αὐτοῖς,
1678 382 1725 407 καὶ
1738 382 1830 415 ἀπερι-

1045 423 1186 458 γράπτως,
1204 424 1277 451 οὕτω
1302 426 1350 452 καὶ
1374 426 1452 452 αὐτοὶ
1476 427 1506 453 ἐν
1524 426 1600 462 αὐτῷ
1619 428 1729 462 ἀμιγῶς
1750 427 1828 454 αὑτοῦ

1046 469 1107 496 κατ’
1122 469 1227 504 οὐσίαν,
1243 471 1290 499 καὶ
1307 472 1479 507 ἁσυγχύτως.

1352 517 1408 545 τοῦ
1427 519 1531 546 αὐτοῦ.

1047 569 1056 583 ’-
1082 564 1137 592 Τοῦ
1156 564 1253 592 ἀποίου
1272 565 1319 592 καὶ
1342 565 1447 592 ἀπόσου
1472 565 1540 592 Θεοῦ
1564 565 1666 598 πλάτος
1693 566 1744 601 μὲν
1764 567 1832 593 θεῖον

1046 611 1158 648 νοητέον
1178 612 1229 648 τὴν
1242 612 1352 648 εὐρεῖαν
1372 613 1419 639 ἐπὶ
1437 613 1526 640 πάντα
1550 613 1735 649 προνοητικὴν
1755 614 1832 648 πρόο-

1046 658 1092 684 δον
1105 678 1112 690 ,
1132 657 1221 692 μῆκος
1233 657 1261 684 δὲ
1281 658 1332 694 τὴν
1352 658 1618 695 ὑπερεκτεινομένην
1634 659 1705 694 ὑπὲρ
1728 659 1833 687 ἅπαντα

1046 704 1164 740 δύναμιν
1177 724 1184 737 ,
1209 703 1293 739 βάθος
1310 705 1339 731 δὲ
1365 705 1415 739 τὴν
1432 706 1499 733 πᾶσι
1517 707 1573 738 τοῖς
1587 704 1663 732 οὖσιν
1679 705 1833 742 ἀθεώρητον

1048 751 1220 786 κρυφιότητα
1235 751 1283 778 καὶ
1299 751 1449 786 ἀγνωσίαν.

1351 797 1408 826 Τοῦ
1423 799 1528 826 αὐτοῦ.

1091 843 1121 870 Ὃ
1140 843 1206 874 Θεὸς
1229 843 1258 870 ὲν
1283 845 1345 876 ταῖς
1369 844 1455 880 ἱεραῖς
1471 845 1528 871 τῶν
1551 844 1691 880 μυστικῶν
1713 844 1833 879 όράσεων

1048 890 1222 924 ϐεοφανείαις
1249 889 1396 916 πλάττεται
1420 890 1468 916 καὶ
1492 890 1595 922 πολιὸς,
1621 891 1669 917 καὶ
1696 890 1767 923 νέος,
1791 888 1834 915 τοῦ

1045 935 1141 962 πολιοῦ
1159 935 1208 970 μὲν
1228 935 1273 961 τὸν
1288 936 1415 971 ἀρχαῖον,
1429 934 1477 962 τοῦ
1495 935 1556 962 νέου
1573 935 1601 961 δὲ
1614 935 1660 961 τὸν
1671 935 1772 969 ἀγήρω
1789 942 1833 967 ση-

1048 980 1204 1016 μαίνοντος,
1223 980 1240 1016 ὴ
1260 981 1369 1007 καὶτοῦ
1385 981 1446 1007 νέου
1465 983 1535 1007 κατὰ
1550 980 1629 1014 λόγον
1649 980 1833 1015 ἀριθμητιχῖιν

1045 1026 1094 1061 τὴν
1117 1027 1289 1062 ἀρχαιότητα
1315 1027 1365 1061 τὴν
1389 1027 1467 1053 θείαν
1495 1026 1701 1062 ὑποδηλοῦντος.
1722 1026 1756 1052 Ὶι
1783 1025 1834 1058 γὰρ

1047 1072 1130 1106 μονὰς
1147 1072 1195 1098 καὶ
1217 1073 1250 1098 τὰ
1276 1072 1341 1106 περὶ
1362 1071 1464 1106 μονάδα
1481 1069 1697 1106 ἀρχηγικὼτερά
1711 1069 1768 1095 εἰσι
1782 1068 1835 1094 τῶν

1045 1118 1093 1144 ἐπὶ
1108 1117 1174 1144 πολὺ
1191 1117 1415 1153 προεληλυθότων
1431 1117 1569 1151 ἀριθμῶν.

1349 1207 1405 1235 Τοῦ
1422 1205 1526 1234 αὐτοῦ.

1081 1253 1145 1280 Ὀτι
1161 1252 1223 1279 οὔτε
1241 1252 1276 1279 τὰ
1297 1252 1363 1280 ὅντα
1385 1252 1552 1286 γινώσκουσι
1568 1253 1615 1279 τὸν
1635 1251 1703 1278 Θεὸν
1769 1250 1834 1281 θεός

1046 1299 1130 1332 ἐστιν,
1144 1298 1206 1325 οὔτε
1221 1299 1234 1324 ό
1247 1298 1314 1330 Geo;
1330 1299 1460 1333 γινώσκει
1472 1298 1507 1325 τὰ
1522 1298 1587 1324 ὄντα
1629 1297 1693 1324 ὄντα
1711 1297 1778 1323 εισί.
1794 1295 1834 1322 Τὰ

1046 1344 1097 1377 μὲν
1118 1341 1165 1369 οὖν
1185 1343 1250 1369 ὄντα
1271 1343 1300 1369 οὐ
1318 1342 1451 1376 γινώσκει
1475 1342 1522 1369 τὸν
1541 1343 1608 1369 Θεδν
1673 1342 1742 1373 Θεός
1769 1342 1834 1370 ἐστι,

1044 1389 1089 1416 διὰ
1100 1389 1131 1416 τὸ
1147 1386 1219 1416 εἶναι
1234 1389 1292 1421 τοῖς
1307 1387 1368 1416 οὖσι
1382 1389 1466 1416 πᾶσιν
1479 1389 1674 1424 ἀκατάληπτον
1687 1387 1717 1413 τὸ
1736 1387 1835 1414 εἰδέναι

1044 1435 1091 1463 τὸν
1119 1435 1185 1462 Θεὸν
1214 1435 1282 1462 καθὸ
1306 1435 1372 1467 θεός
1397 1436 1467 1468 ἐστι,
1496 1434 1621 1461 τουτέστι
1650 1433 1746 1465 καθὼς
1775 1433 1832 1468 ἔχει

1046 1482 1154 1516 φύσεως
1165 1490 1173 1497 ·
1190 1482 1270 1517 μόνος
1290 1482 1345 1518 γὰρ
1360 1482 1442 1514 αὐτὸς
1457 1479 1527 1508 οἶδεν
1540 1481 1628 1511 οὕτως
1647 1480 1746 1508 ἑαυτόν
1759 1488 1766 1495 ·
1777 1481 1791 1506 ὁ
1809 1479 1836 1505 δὲ

205 1537 260 1561 res.
287 1534 316 1556 ut
330 1530 395 1564 ipsa:
409 1534 483 1561 sunt,
502 1529 630 1563 quoniam
653 1536 700 1556 eas
717 1528 823 1556 ratione
842 1531 985 1557 essentiam

1067 1529 1110 1560 εὸς
1125 1528 1156 1554 οὺ
1171 1527 1303 1562 γινώσκει
1320 1527 1354 1554 τὰ
1365 1527 1429 1554 ὅντα
1445 1524 1538 1565 ᾖδντσ.
1553 1526 1618 1560 εἰσὶ,
1631 1525 1674 1552 διὰ
1697 1525 1730 1551 τὸ
1755 1525 1838 1559 ὑπερ-

204 1579 353 1609 superante
369 1574 490 1609 cognitas
515 1574 607 1601 habet.

525 1620 660 1653 Eiusdem.

239 1665 311 1693 Deus
325 1665 433 1700 quidem
449 1666 530 1693 rebus
541 1667 668 1695 omnibus
681 1668 774 1697 adest:
785 1676 873 1704 neque
884 1668 955 1696 enim
966 1668 995 1696 in

201 1712 266 1739 loco
279 1717 333 1744 est,
351 1717 380 1739 ut
400 1712 488 1747 aliqua
502 1713 573 1740 absit
588 1733 595 1746 ,
614 1714 661 1741 sed
680 1716 771 1742 omnia
792 1715 993 1750 complectitur.

198 1758 270 1793 Ipsm
280 1762 371 1786 autem
384 1766 427 1786 res
439 1765 495 1785 non
506 1767 601 1787 omnes
613 1761 713 1788 adsunt
727 1761 791 1794 Deo,
804 1762 850 1789 sed
860 1762 912 1789 illac
924 1762 994 1788 dun-

203 1809 285 1837 taxat,
297 1813 357 1840 qua
372 1806 462 1834 divina
476 1811 540 1834 sunt
552 1807 755 1842 propinquitate
765 1808 863 1844 dignae.
879 1807 934 1835 Nos
946 1815 996 1834 au-

196 1855 257 1878 tem
273 1856 338 1879 tunc
352 1851 386 1878 ad
399 1851 472 1878 illum
489 1852 749 1887 appropinquamus,
764 1861 826 1880 cum
838 1853 996 1881 invocamus

200 1905 263 1924 oum
279 1899 351 1924 votis
371 1897 554 1932 precibusque
568 1898 758 1931 sanctissimis,
775 1903 802 1926 et
812 1899 911 1926 animis
922 1899 997 1934 puris

201 1950 234 1970 ac
247 1943 359 1970 minime
373 1943 569 1978 coinquinatis,
582 1944 790 1978 praebemusque
803 1952 854 1972 nos
869 1950 956 1979 aptos,
970 1949 998 1972 et

202 1989 324 2020 idoneos,
339 1988 385 2023 qui
407 1989 440 2016 ad
462 1989 552 2024 ipsum
574 1990 746 2018 accedamus.
763 1991 802 2018 Ac
815 1991 998 2025 quemadmo-

203 2036 277 2067 dum,
294 2035 315 2062 εἰ
327 2039 423 2062 catena
436 2036 529 2063 multis
540 2041 665 2063 contexta
677 2036 837 2070 luminibus,
849 2041 877 2063 et
892 2044 908 2063 ο
922 2044 998 2063 sum-

203 2089 248 2108 mo
271 2088 403 2115 suspensa
417 2082 486 2109 caelo
503 2082 557 2109 huc
579 2090 666 2116 usque
678 2083 830 2117 perveniat,
845 2089 894 2109 nos
908 2086 999 2109 autem

203 2127 316 2153 alternis
330 2134 390 2154 eam
405 2127 532 2155 manibus
544 2128 783 2162 apprehendentes
795 2127 909 2154 ulterius
922 2134 997 2154 sem-

204 2179 254 2206 per
270 2172 422 2205 tcndamus,
433 2172 520 2206 ipsam
535 2172 644 2207 quidem
657 2172 800 2200 detrahere
811 2171 890 2199 nobis
905 2171 998 2199 videa-

204 2225 277 2251 mur,
302 2226 395 2246 revera
417 2223 508 2246 autem
523 2226 579 2246 non
602 2226 663 2246 eam
687 2225 769 2253 supra
784 2218 909 2252 infraque
929 2225 999 2253 prae-

206 2269 311 2292 sentem
328 2264 506 2298 deducamus,
531 2264 579 2292 sed
600 2272 650 2292 nos
669 2264 761 2299 potius
770 2264 805 2291 ad
827 2264 998 2292 sublimiores

205 2311 293 2345 ipsius
314 2312 474 2346 splendores
488 2311 636 2344 tollentur;
652 2315 699 2337 aut
717 2310 740 2337 si
757 2318 906 2338 conscensa
924 2311 998 2343 navi,

205 2356 287 2384 funes
303 2364 335 2383 ex
356 2357 446 2392 aliquo
459 2364 524 2383 saxo
539 2356 572 2383 ad
587 2363 637 2383 nos
651 2359 804 2390 protensos,
816 2359 844 2382 et
859 2355 936 2390 quasi
951 2355 998 2383 de-

207 2402 263 2430 dita
275 2409 359 2436 opera
373 2404 413 2430 sic
423 2401 504 2430 nobis
517 2401 653 2428 exhibitos
665 2405 695 2428 ut
711 2408 758 2428 eos
774 2408 807 2428 ex
821 2401 905 2428 altera
922 2405 999 2436 parte

206 2449 452 2484 prehenderemus,
471 2448 653 2482 corripientes
677 2451 771 2475 contra
789 2448 921 2480 nitamur,
943 2455 999 2474 non

208 2501 304 2521 saxum
321 2494 354 2522 ad
368 2502 428 2527 nos,
450 2494 499 2528 sed
519 2501 569 2521 nos
580 2493 671 2525 simul,
693 2493 820 2521 etnavim
838 2494 873 2521 ad
895 2501 990 2521 saxum

207 2547 415 2575 promovcmns:
428 2540 468 2567 sic
477 2540 557 2567 etiam
567 2543 709 2574 precantes
717 2544 745 2567 et
752 2539 936 2571 obsecrantes,
944 2547 999 2566 non

208 2585 294 2613 Deum
307 2586 340 2613 ad
355 2594 417 2620 nos,
431 2587 478 2622 qui
497 2585 597 2621 ubique
613 2590 711 2620 praesto
724 2590 776 2616 est,
793 2585 936 2618 trahimus,
952 2585 1000 2613 sed

207 2640 259 2659 nos
273 2633 308 2660 ad
330 2633 418 2667 ipsum
440 2632 531 2660 divina
551 2632 811 2659 commemoratione
830 2632 999 2660 obsecratio-

209 2685 300 2714 neque
315 2685 520 2714 promeremus,
533 2677 615 2712 eique
634 2684 685 2704 nos
699 2677 937 2704 commendamus.

537 2722 663 2756 Ejusdem
668 2741 675 2750 .

245 2770 324 2806 Apud
337 2779 386 2798 nos
401 2771 510 2806 quidem
524 2770 644 2798 ebrietas
659 2771 746 2798 tendit
759 2771 793 2798 ad
811 2770 958 2803 deteriora,
971 2776 999 2798 ct

210 2821 251 2845 est
261 2817 404 2845 immodica
417 2817 473 2845 vini
484 2817 606 2853 repletio,
618 2825 671 2852 qua
682 2824 759 2845 mens
767 2817 827 2845 loco
835 2817 996 2846 dimovetur.

247 2877 254 2892 ¹
272 2873 345 2905 Psal.
360 2883 424 2910 xxx,
441 2875 468 2904 5.
508 2875 519 2891 ¹
533 2875 613 2903 Joan.
629 2881 674 2907 xv,
690 2875 716 2902 4.

1044 1575 1144 1606 ουσίως
1162 1573 1232 1600 αὐτὰ
1249 1582 1406 1609 γινωσκειν.

1356 1621 1413 1648 Τοῦ
1429 1620 1535 1648 αὑτοῦ.

1083 1669 1116 1696 '0
1138 1669 1187 1703 μὲν
1212 1668 1278 1700 Θεδς
1306 1667 1374 1694 πᾶσι
1393 1667 1542 1702 πάρεστιν
1570 1666 1600 1694 οὗ
1625 1665 1680 1701 γὰρ
1707 1665 1741 1692 ἐν
1766 1665 1839 1700 τόπῳ

1049 1715 1136 1747 ἐστὶν,
1149 1715 1193 1741 ἴνα
1208 1714 1256 1742 καὶ
1272 1715 1329 1749 ἀπῇ
1347 1722 1428 1746 τινος,
1447 1713 1515 1740 ἀλλὰ
1525 1712 1636 1739 πάντων
1656 1711 1717 1738 ἐστὶ
1745 1719 1839 1747 περιε-

1045 1761 1139 1794 κτικός
1152 1769 1160 1776 ·
1175 1761 1204 1787 οὐ
1230 1759 1318 1786 πάντα
1344 1758 1373 1785 δὲ
1399 1758 1474 1793 αὑτῷ
1489 1758 1632 1794 πάρεστιν,
1647 1752 1704 1785 ἀλλ’
1719 1758 1775 1785 ὅσα
1790 1758 1838 1792 τῆς

1049 1807 1127 1838 θείας
1151 1806 1301 1841 ὲγγύτητός
1326 1806 1395 1832 εἰσιν
1417 1805 1490 1837 ἄξια.
1518 1804 1616 1840 ¹Ημεῒς
1632 1804 1660 1831 δὲ
1685 1805 1749 1831 τότε
1764 1804 1839 1839 αὐτῷ

1047 1854 1202 1890 πάρεσμεν,
1219 1853 1263 1879 ὅτε
1278 1852 1372 1879 τοῦτον
1392 1850 1599 1886 ἒπικαλούμεθα
1617 1851 1772 1886 πανάγνοις
1793 1853 1840 1887 μὲν

1047 1900 1154 1935 εὐχαῖς,
1171 1898 1363 1934 ἀνεπιθολώτῳ
1378 1898 1406 1925 δὲ
1423 1898 1471 1934 νῷ,
1489 1898 1537 1924 καὶ
1555 1899 1589 1934 τῇ
1600 1899 1649 1932 τῆς
1670 1898 1743 1933 πρὸς
1761 1898 1843 1926 αὑτὸν

1047 1948 1201 1982 ὶγγὺτητος
1224 1945 1438 1981 ἐπιτηδειότητι.
1453 1944 1561 1980 ’Ὥσπερ
1575 1943 1603 1970 δὲ
1631 1944 1655 1970 εῑ
1675 1944 1841 1979 πολυφώτου

1052 1995 1147 2028 σειρᾶς
1161 1993 1193 2019 ὲκ
1210 1991 1261 2026 τῆς
1285 1990 1412 2026 οὐρανίου
1430 1990 1580 2025 ἀκρότητος
1599 1989 1779 2024 ὴρτημένης,
1799 1990 1842 2016 καὶ

1049 2040 1089 2070 εις
1104 2039 1185 2074 δεῦρο
1204 2036 1392 2072 καθηκούσης,
1408 2036 1489 2071 ἡμεῖς
1507 2036 1551 2062 ἀεὶ
1563 2035 1649 2069 αὐτῆς
1664 2034 1712 2061 ἐπὶ
1727 2035 1761 2061 τδ
1787 2035 1842 2062 ἄνω

1049 2086 1143 2122 χερσὶν
1158 2084 1317 2119 ἁμοιόαίαις
1328 2083 1508 2118 δραττόμενοι
1524 2081 1668 2108 καθέλκειν
1683 2081 1738 2115 μὲν
1755 2081 1840 2116 αὐτὴν

1051 2133 1209 2166 ἐδοκοῦμεν,
1226 2131 1323 2166 τῳόντι
1341 2130 1369 2157 δὲ
1388 2130 1417 2156 οὐ
1434 2130 1592 2163 κατήγομεν
1610 2127 1721 2163 ἐκείνην
1743 2128 1800 2155 ἄνω
1814 2136 1844 2153 τε

1051 2180 1097 2205 καὶ
1113 2178 1189 2204 κάτω
1210 2176 1363 2212 παροῦσαν,
1389 2175 1535 2203 ἀλλ“αὑτοὶ
1560 2174 1661 2209 μᾶλλον
1679 2174 1844 2209 ἀνηγόμεθα

1051 2224 1119 2259 πρὸς
1137 2223 1186 2255 τὰς
1205 2221 1375 2257 ὑψηλοτέρας
1389 2221 1575 2256 μαρμαρυγὰς
1588 2219 1691 2254 αὐτῆς·
1711 2220 1729 2255 ἢ
1750 2220 1844 2253 ὥσπερ

1050 2272 1090 2303 είς
1105 2270 1172 2297 ναῦν
1184 2268 1383 2305 ἐμϐεϐηκότες,
1396 2269 1443 2294 καὶ
1460 2267 1637 2301 ἀντεχόμενοι
1650 2266 1707 2293 τῶν
1722 2268 1757 2293 ἐκ
1772 2274 1844 2298 τινος

1050 2317 1156 2351 πέτρας
1176 2316 1216 2347 εἰς
1231 2315 1305 2350 ἡμᾶς
1318 2313 1517 2348 ὲκτεινομένων
1533 2311 1708 2346 πεισμάτων,
1724 2313 1776 2339 καὶ
1791 2309 1845 2338 οἷον

1050 2362 1116 2398 ἡμῖν
1134 2362 1173 2392 εἰς
1188 2359 1331 2396 ἀντίληψιν
1354 2359 1545 2393 ἐκδιδομένων,
1564 2357 1614 2384 οὐκ
1633 2357 1677 2392 ἐφ’
1696 2358 1778 2392 ἡμᾶς
1795 2357 1843 2393 τὴν

1050 2408 1167 2442 πέτραν,
1187 2406 1245 2433 ἀλλ’
1270 2406 1346 2441 ἡμᾶς
1373 2405 1472 2436 αὐτοὺς
1492 2405 1540 2431 καὶ
1556 2403 1605 2439 τὴν
1624 2403 1691 2430 ναῦν
1714 2404 1767 2430 ἐπὶ
1797 2405 1844 2438 τὴν

1051 2453 1156 2487 πέτραν
1176 2451 1369 2487 προσήγομεν·
1395 2450 1482 2482 οὕτως
1502 2450 1557 2486 ἄρα
1581 2451 1627 2476 καὶ
1643 2450 1796 2485 εὐχόμενοι
1815 2449 1843 2476 οὔ

1049 2499 1096 2525 τὸν
1113 2498 1179 2525 Θεὸν
1191 2497 1234 2532 ἐφ’
1249 2498 1322 2532 ἡμᾶς
1341 2497 1467 2530 ἕλκομεν,
1481 2495 1527 2522 τδν
1541 2495 1687 2530 ἁπανταχῇ
1706 2496 1844 2530 παρόντα,

1051 2545 1108 2572 ἀλλ’
1124 2545 1200 2580 ἡμᾶς
1211 2542 1311 2574 αὐτοὺς
1331 2542 1400 2578 πρὸς
1413 2541 1496 2569 αὐτὸν
1507 2541 1551 2568 διὰ
1563 2541 1613 2575 τῆς
1625 2541 1702 2572 θείας
1717 2542 1844 2576 μνήμης,

1051 2590 1098 2618 καῖ
1125 2588 1296 2624 ἐπικλήσεως
1311 2588 1449 2624 ἀνάγομεν
1465 2596 1494 2614 τε
1515 2587 1562 2615 καὶ
1582 2585 1792 2622 ἐγχειρίζομεν.

1350 2720 1407 2747 Τοῦ
1432 2721 1535 2748 αὑτοῦ.

1093 2767 1150 2801 Ἐφ’
1164 2767 1244 2802 ἡμῶν
1264 2767 1312 2802 μὲν
1328 2767 1344 2801 ἡ
1362 2767 1432 2801 μέθη
1458 2768 1488 2794 τὸ
1516 2768 1606 2802 χεῖρον
1623 2766 1843 2803 ὕπερπλήρωσίς

1051 2815 1124 2842 ἐστιν
1143 2813 1228 2848 oivou,
1247 2814 1294 2840 mit
1314 2813 1446 2849 ἁμετρὶα,
1472 2814 1519 2841 καὶ
1539 2813 1670 2846 ἔκστασις
1697 2814 1769 2841 νοῦ·
1797 2812 1843 2840 ἐπὶ
