1893 3081
32 146 72 178 145
502 143 689 185 PANOPIJA
711 143 815 174 DOGM

900 143 941 174 ΞΑ.
965 156 1001 162 -
1016 143 1094 174 ΤΙΤ.
1117 143 1176 174 ΠΙ.

335 201 390 229 Τοῦ
404 201 508 229 αὐτοῦ.

57 249 86 275 οξ
104 247 155 283 μὲν
175 247 306 283 Ἓλληνες
323 248 352 281 ἐξ
368 248 454 275 αῐδίου
474 248 602 282 λέγοντες
626 248 811 283 συνυπάρχειν

28 294 58 329 τῷ
75 294 138 329 θεῷ
163 294 213 330 τὴν
241 293 296 321 τῶν
322 293 406 321 ὄντων
425 293 532 325 οὐσίαν.
560 294 611 333 τᾲς
636 295 701 327 περὶ
726 293 812 329 αὐτὴν

32 341 174 376 ποιότητας
205 340 321 376 ὕστερον
349 339 378 373 ἐξ
405 339 490 367 αὐτοῦ
517 339 667 373 λαὸοὗσαν,
701 340 734 374 τῇ
765 340 813 374 μὲν

30 387 102 421 οὐσίᾳ
119 387 198 413 οὐδὲν
216 387 341 420 λέγουσιν
359 386 482 413 ἐναντίον
503 384 587 419 εἶναι,
607 387 636 413 ὲν
661 382 722 417 ταῖς
735 385 814 412 ποιό-

31 441 86 466 τησι
97 433 126 459 δὲ
143 433 238 467 μόναις
250 430 378 468 εἶναιτὴν
392 431 568 459 ἐναντίωσιν·
583 432 664 466 ἡμεῖς
687 431 716 457 δὲ
732 431 814 466 μόνον

29 479 70 514 τὴν
84 479 164 505 Θείαν
183 479 279 506 οὐσίαν
295 479 379 514 μηδὲν
400 478 473 513 ἔχειν
488 477 613 504 ἐναντίον
631 477 812 512 δογματίζον‹

29 533 76 558 τες,
96 525 135 555 ὡς
152 525 238 559 μόνην
257 524 358 560 κυρίως
384 524 500 559 ἄπειρον
517 524 551 558 τῇ
565 522 619 549 τῶν
635 523 720 549 ὄντων
734 522 813 558 οὐσίᾳ

30 568 146 595 ἐναντίον
162 566 233 594 εἶναι
247 567 278 594 τὸ
290 567 328 603 μὴ
340 567 369 594 ὃν
382 568 512 601 λέγομεν,
529 567 591 594 ἐπεὶ
607 567 653 594 καὶ
664 567 696 593 ὲκ
712 565 759 593 τοῦ
776 567 814 601 μὴ

29 614 96 646 ὄντος
112 614 203 649 αὐτὴν
221 613 369 649 ὑπέστησε.
387 614 442 640 Καὶ
457 613 567 640 κεῖσθαι
583 613 633 648 μὲν
648 614 678 639 ἐν
692 614 725 648 τῃ
737 612 813 644 ἐξου-

29 659 65 694 σίᾳ
77 659 127 686 τοῦ
144 659 291 691 κτίσαντος
307 659 337 686 τὸ
357 656 438 692 εἶναι,
450 659 467 694 ἡ
486 659 525 694 μὴ
542 656 614 685 εἷναι
628 658 725 693 αὐτὴν,
746 657 812 692 βού-

28 706 115 732 λεσθαι
137 706 167 732 δὲ
186 706 280 738 αὐτὸν,
305 706 343 737 ὡς
366 705 479 739 ἀγαθὸν,
499 703 569 731 εἶναι
587 703 672 739 αὐτὴν
688 704 736 731 καὶ
754 703 814 730 δια-

29 753 113 787 μένειν
124 752 160 788 τῇ
173 752 413 787 παντοκρατορικῇ
426 751 541 786 δυνάμει
557 749 641 777 αὐτοῦ
652 750 816 785 διακρατουο

30 798 107 833 μένην

334 841 391 870 Τοῦ
405 841 509 869 αὐτοῦ.

59 891 138 917 Ilia:
162 889 242 916 οὐσία
263 889 308 916 τὸν
328 889 393 916 ἴδιον
411 889 473 924 ὅρον
497 889 580 923 ἑαυτῇ
605 887 814 921 συνεισάγουσα,

30 936 162 962 τουτέστιν
182 935 340 970 ὁριζομένη,
368 934 439 969 ἁρχὴ
454 933 577 968 πέφυκεν
599 930 671 959 εἶναι
688 932 738 967 τῆς
758 932 817 959 ὲπι-

30 983 125 1017 Θεωρου
130 982 218 1016 μένης
238 980 308 1016 αὑτῇ
321 979 392 1007 κατὰ
414 979 527 1014 δύναμιν
542 979 683 1014 κινήσεως.
699 978 777 1005 Πᾶσα
789 977 818 1004 δὲ

29 1027 155 1062 obsidum;
180 1026 250 1062 πρὸς
276 1027 371 1061 ὲνέργε
384 1034 416 1053 αν
433 1025 539 1060 κίνησις
563 1024 679 1060 μεσότης
695 1024 754 1050 ἐστὶ
770 1032 820 1059 με-

29 1073 220 1108 τεπινοουμένη
247 1072 297 1108 μὲν
318 1072 369 1106 τῆς
393 1071 504 1104 οὐσίας,
533 1070 765 1106 προεπινοουμένη
790 1069 819 1097 δὲ

29 1119 70 1154 τῆς
93 1119 249 1154 ἐνεργείας.
275 1118 331 1145 Καὶ
342 1119 417 1144 πᾶσα
441 1117 566 1153 ἐνέργεια
587 1116 627 1152 τῷ
648 1116 709 1144 κατ’
734 1115 818 1151 αὐτὴν

29 1165 93 1200 λόγῳ
107 1165 231 1201 φυσικῶς
244 1164 468 1200 περιγραφομένη
481 1165 555 1195 τέλος
567 1164 624 1190 ἐστὶ
638 1164 686 1198 τῆς
699 1163 752 1199 πρὸ
765 1162 816 1190 αὺ‹

30 1213 72 1247 τῆς
88 1213 151 1239 κατ’
169 1211 293 1238 ἐπίνοιαν
307 1211 496 1247 θεωρουμένης
511 1210 656 1243 οὐσιώδους
673 1210 820 1246 κινήσεως.

35 1259 60 1284 'U
76 1258 105 1284 δὲ
118 1258 186 1289 Bch;
197 1257 260 1284 οὔτε
278 1257 350 1293 ἀρχή
373 1257 458 1291 ἐστιν,
472 1256 534 1284 οὔτε
556 1258 684 1292 μεσότης,
699 1255 762 1284 οὔτε
775 1256 818 1283 τέ-

29 1303 78 1335 λος.
107 1303 202 1330 Ταῦτα
217 1304 271 1338 γὰρ
291 1302 347 1329 τῶν
369 1303 458 1338 χρόνῳ
482 1302 623 1338 διαιρετῶν
645 1302 698 1328 είσι
719 1301 819 1337 γνωρί-

32 1358 127 1383 σματα,
139 1349 214 1375 εἴποι
233 1348 255 1375 δ’
279 1349 312 1376 ἇν
327 1357 369 1380 τις
384 1349 426 1375 ὅτι
441 1349 554 1376 καὶτῶν
569 1348 647 1375 αἰῶνι
663 1347 819 1383 συνορωμέ-

31 1405 87 1422 νων.
105 1395 135 1422 '0
148 1394 203 1430 γὰρ
219 1395 324 1430 χρόνος,
345 1394 530 1430 μετρουμένην
550 1393 620 1429 ιχων
639 1393 686 1428 τὴν
701 1393 819 1428 κίνησιν,

32 1441 136 1476 ἀριθμῷ
155 1441 369 1475 περιγράφεται.
390 1440 420 1467 ’0
438 1439 461 1466 δ’
478 1439 555 1470 αίὼν.
576 1438 821 1474 συνεπινοουμένην

31 1486 93 1520 ἔχων
115 1488 149 1521 τῇ
167 1485 284 1520 ὑπάρξει
306 1486 356 1521 τὴν
376 1486 440 1512 πότε
458 1486 635 1521 κατηγορίαν,
651 1485 749 1520 πάσχει
762 1485 820 1512 διά-

33 1541 135 1565 στασιν,
159 1532 199 1563 ῶς
226 1532 313 1567 ἀρχὴν
339 1531 385 1558 τοῦ
407 1530 478 1558 εἶναι
499 1531 600 1558 λαὸὡν.
625 1532 655 1559 Et
679 1530 708 1558 δὲ
726 1531 821 1566 χρόνος

31 1579 71 1604 καὶ
85 1578 156 1605 αἰὼν
183 1578 234 1604 οὐκ
258 1579 375 1613 ἄναρχα,
396 1577 486 1612 πολλῷ
507 1577 606 1612 μᾶλλον
623 1577 657 1604 τὰ
673 1578 703 1604 ὲν
717 1577 822 1609 τούτοις

31 1625 222 1660 περιεχόμενα.
249 1624 278 1651 '0
290 1623 355 1656 Θεὸς
370 1624 458 1651 τοίνυν
482 1623 544 1650 οὔτε
564 1623 644 1651 οὐσία
657 1623 705 1657 ὢν,
723 1623 767 1650 ἶνα
783 1623 821 1658 μὴ

30 1671 97 1707 ἀρχὴ
109 1670 266 1706 νομισθείη,
281 1669 342 1696 οὔτε
355 1670 480 1705 δύναμις,
497 1670 541 1696 τνα
564 1669 602 1705 μὴ
615 1669 742 1704 μεσότης,
758 1668 821 1696 οὔτε

29 1717 164 1753 ἓιέργεια,
180 1716 224 1743 ἵνα
238 1717 276 1752 μὴ
288 1716 374 1749 τέλος,
385 1715 459 1743 ἐστιν
474 1716 634 1749 οὒσιοποιὺς,
649 1716 695 1742 καὶ
705 1715 822 1751 ὑπερού-

30 1772 83 1794 an;
105 1764 233 1797 ὁντότης,
259 1764 308 1790 καὶ
341 1762 539 1797 δυναμοποιδς,
563 1762 610 1790 καὶ
635 1761 822 1797 ὕπερδὺναμος

30 1809 204 1841 πινσϐἑνεια,
229 1808 277 1835 καὶ
306 1808 396 1843 πάσης
436 1808 577 1842 ἐνεργείας
604 1807 748 1843 δραστικὴ,
773 1808 821 1834 καὶ

29 1855 208 1890 ἀτελεύτητος
232 1854 300 1887 ἕξις.
324 1855 380 1881 Καὶ
403 1855 541 1885 συντόμως
552 1854 644 1885 ,εἰπεῖν
669 1853 759 1889 πάσης
778 1853 822 1880 οὐ-

32 1902 101 1932 σΞςις,
117 1901 166 1928 καὶ
189 1900 342 1934 δυνάμεως,
365 1900 412 1926 καὶ
425 1900 574 1934 ὲνεργείις,
599 1899 686 1934 ἀρχῆς
706 1906 748 1931 τε,
773 1898 822 1924 καὶ

33 1946 191 1980 μεσότητος,
209 1945 257 1971 καὶ
268 1944 362 1976 τέλους
372 1945 510 1979 ποιητική.

311 2079 314 2081 _
346 2043 402 2070 Τοῦ
418 2043 523 2071 αὑτοῦ.

71 2090 156 2125 Ἀρχὴ
177 2090 265 2121 πᾶσα.
278 2089 324 2116 καὶ
337 2098 371 2124 με
377 2090 465 2124 πότης,
482 2089 529 2116 καὶ
538 2089 614 2121 τέλος
628 2089 677 2124 τὴν
694 2088 821 2125 σχετικὴν

29 2137 60 2163 δι’
80 2138 142 2163 ὅλου
159 2136 332 2171 κατηγορίαν
352 2135 402 2162 οὐκ
423 2135 550 2171 ἧρνηται.
566 2134 596 2161 'U
616 2135 645 2162 δὲ
661 2135 726 2166 Θεὸς
741 2135 822 2163 καθό-

29 2182 74 2208 luo
101 2182 196 2217 πάσης
221 2181 341 2216 σχέσεως
369 2181 500 2217 ὑπάρχων
529 2181 675 2216 ἀπειράκις
699 2181 820 2216 ἀπείρως

1603 143 1659 176 ιιιῑ

1203 201 1341 235 Ejusdem.

900 245 998 280 Grzccl,
1012 247 1058 282 qui
1089 247 1184 274 dicunt
1203 254 1294 274 rerum
1325 246 1471 274 essentiam
1508 247 1542 274 ab
1582 247 1657 274 omni

863 292 1015 320 aeternitate
1030 292 1112 319 simul
1127 292 1210 320 fuisse
1225 299 1286 319 cum
1310 291 1375 323 Deo,
1394 292 1538 326 qualitates
1566 297 1658 319 autem

864 339 898 367 ab
913 347 946 367 eo
963 345 1026 374 post
1050 339 1197 374 accepisse,
1219 339 1347 367 essentia
1373 339 1442 366 nihil
1473 343 1658 367 essecontra-

865 386 935 412 rium
953 390 1089 418 asserunt,
1118 385 1166 413 sed
1180 385 1207 412 in
1233 385 1409 420 qualitatibus
1433 384 1506 413 solis.
1521 385 1667 412 contraria.

866 431 995 466 reperiri.
1009 431 1063 458 Nos
1078 436 1181 465 autem,
1197 432 1242 466 qui
1259 431 1482 459 solamdivinam
1507 431 1656 458 essentiam
1681 466 1683 468 _

864 476 927 510 quia
941 476 998 503 sola
1014 477 1123 511 proprie
1139 476 1174 503 sit
1189 476 1305 508 inﬁnita,
1321 475 1392 503 nihil
1423 476 1524 503 habere
1548 481 1659 502 contra!

864 521 933 548 rium
958 521 1101 555 tradimus,
1128 529 1220 549 rerum
1249 521 1374 549 essentia:
1398 521 1568 548 contrarium
1595 529 1664 548 csse-

864 566 953 602 ipsum
965 574 1019 594 non
1033 575 1094 595 esse
1107 568 1233 595 dicimus.
1248 568 1354 602 Quippe
1369 574 1428 602 quze
1442 575 1474 594 ex
1486 567 1572 594 nihilo
1589 567 1659 594 facta

865 616 916 640 est.
929 611 958 639 In
973 612 1033 647 ejus
1046 616 1148 645 autem,
1160 612 1207 647 qui
1223 612 1295 640 illam
1311 612 1423 643 creavit.
1436 619 1498 640 esse
1510 616 1656 646 potestate,
1679 607 1681 609 ’

865 662 896 685 ut
910 657 968 692 ipsa
979 665 1020 686 vet
1031 658 1066 686 sit
1079 658 1122 686 vel
1138 665 1191 686 non
1206 658 1251 686 sit.
1266 658 1366 685 Verum
1381 665 1445 692 ipsi,
1462 665 1559 691 nempe
1573 657 1657 688 bono,

864 702 984 738 placere,
1001 707 1031 730 ut
1050 704 1098 736 sit,
1114 707 1277 739 maneatque
1292 702 1474 738 omnipotenti
1491 702 1576 738 ipsius
1603 702 1658 729 vir.

865 752 923 776 tute
938 753 1111 777 conservata.

1198 851 1341 887 Ejusdem

906 895 1002 925 Omnis
1026 896 1145 925 essentia
1168 898 1279 934 proprio
1305 897 1421 926 termino
1442 897 1659 932 circumscripta,

871 947 898 970 et
909 943 1030 977 deﬁnita,
1047 943 1211 979 principium
1225 948 1267 971 est
1279 944 1339 978 ejus
1358 948 1460 976 motus,
1476 943 1521 978 qui
1539 943 1658 978 potentia

871 989 900 1016 in
918 988 975 1024 ipsa
991 989 1188 1017 consrderalur.
1203 988 1300 1017 Omnis
1316 993 1409 1017 autem
1427 990 1555 1017 essentia.-
1570 993 1660 1016 motus

870 1035 990 1063 medium
1007 1035 1136 1070 quiddam
1149 1041 1201 1063 est.
1216 1034 1283 1062 Nam
1308 1039 1335 1062 et.
1357 1036 1504 1063 essentiam
1525 1035 1658 1069 sequitur,

871 1080 1044 1108 etactionem
1058 1080 1203 1108 antecedit.
1217 1080 1250 1108 Et
1264 1081 1354 1108 omnis
1363 1081 1435 1108 actio
1450 1080 1558 1116 propria
1573 1080 1661 1115 ipsius

871 1125 978 1154 ratione
1003 1126 1164 1153 naturaliter
1190 1127 1398 1162 circumscripta
1431 1127 1493 1155 ﬁnis
1513 1131 1555 1155 est
1588 1127 1666 1154 illius

872 1176 973 1204 motus,
989 1172 1034 1207 qui
1050 1173 1085 1200 ab
1105 1172 1223 1200 essentia
1245 1172 1438 1207 proﬁciscitur.
1464 1172 1561 1200 Verum
1586 1172 1659 1200 Deus

871 1223 923 1244 nec
935 1217 1109 1252 principium.
1122 1225 1173 1244 nec
1189 1217 1318 1249 medium,
1331 1225 1381 1245 nec
1392 1217 1454 1244 ﬁnis
1468 1222 1521 1245 est.
1539 1217 1570 1244 ili
1581 1225 1659 1244 nam-

872 1270 924 1298 que
940 1266 1004 1290 sunt
1018 1270 1112 1290 earum
1125 1271 1216 1291 rerum
1237 1264 1359 1296 termini,
1372 1271 1432 1299 qua:
1449 1268 1577 1299 tempore
1588 1264 1659 1291 divi-

872 1308 984 1340 duntur,
1000 1312 1098 1342 etquae
1114 1307 1194 1334 simul
1211 1316 1272 1335 cum
1286 1308 1396 1341 saeculo,
1413 1314 1442 1336 ιιι
1459 1308 1557 1343 aliquis
1575 1309 1660 1341 dicat,

872 1359 1034 1383 cernuntur.
1058 1353 1178 1386 Tempus
1199 1354 1283 1386 enim,
1309 1361 1372 1383 cum
1389 1355 1450 1390 ejus
1471 1362 1598 1382 mensura
1625 1356 1671 1384 sit,

872 1404 974 1432 motus,
995 1406 1113 1426 numero
1133 1398 1376 1427 circumscribitur.
1399 1398 1533 1427 Saeculum
1559 1405 1661 1432 autem,

872 1445 1002 1481 quoniam
1025 1452 1088 1473 cum
1114 1445 1175 1480 ejus
1197 1444 1328 1477 essentia,
1351 1445 1512 1480 categorica,
1533 1445 1590 1472 sive
1619 1447 1669 1479 (ut.

873 1491 937 1519 trita
952 1495 980 1519 et
1002 1491 1112 1526 vulgata
1133 1490 1188 1526 jam
1213 1497 1280 1518 voce
1306 1490 1378 1525 utar)
1404 1490 1669 1525 medicamentum,

833 1546 857 1579 ο
873 1536 984 1572 quando
1006 1537 1087 1564 simul
1100 1536 1258 1571 intelligitur
1272 1536 1344 1564 subit
1362 1536 1532 1569 divisionem,
1545 1542 1573 1564 et
1588 1538 1662 1565 exsi.

873 1582 962 1611 stendi
979 1582 1145 1618 principium
1161 1582 1253 1609 sumit.
1266 1581 1343 1615 Quod
1362 1583 1385 1610 si
1401 1586 1519 1617 tempus,
1535 1590 1562 1610 et
1577 1591 1667 1611 saecu-

873 1629 928 1656 lum
943 1636 997 1656 non
1023 1632 1118 1656 carent
1141 1627 1287 1663 principio,
1308 1628 1394 1667 multo
1419 1627 1509 1656 minus
1533 1636 1575 1662 ea,
1601 1636 1662 1664 qua:

874 1678 997 1708 tempore
1015 1677 1043 1701 et
1057 1672 1157 1701 steculo
1174 1673 1363 1700 continentur.
1386 1675 1460 1701 Deus
1475 1673 1559 1709 igitur
1573 1681 1662 1708 neque

872 1718 992 1747 essentia
1005 1724 1057 1750 est.
1073 1726 1108 1746 ne
1121 1718 1285 1754 principium
1304 1718 1435 1753 dicatur;
1453 1727 1505 1747 nec
1527 1720 1660 1755 potentia,

872 1772 908 1792 ne
923 1764 1044 1792 medium
1058 1768 1181 1797 vocetur;
1198 1772 1249 1792 nec
1265 1765 1347 1798 actio,
1361 1772 1396 1792 ne
1408 1764 1470 1793 ﬁnis
1491 1765 1660 1794 nominetur.

873 1810 927 1838 Sed
944 1810 1056 1838 ell'ector
1072 1810 1209 1843 essentia,
1227 1811 1402 1846 essentiaque
1427 1813 1599 1846 praestantior
1612 1822 1619 1845 ;
1633 1818 1661 1840 et

872 1856 983 1884 eﬁector
998 1857 1136 1891 potentiae,
1156 1857 1332 1892 potentiaque
1354 1857 1546 1890 valentior;et
1572 1859 1662 1886 omnis

872 1903 988 1931 actionis
1001 1903 1110 1931 habitus
1125 1911 1267 1939 nunquam
1282 1904 1423 1932 desinens.
1439 1904 1538 1939 Atque,
1556 1910 1586 1932 ut
1600 1905 1661 1933 hre—

872 1950 942 1978 viter
958 1950 1057 1982 dicam,
1074 1951 1163 1978 omnis
1177 1950 1314 1984 essentize,
1331 1955 1360 1978 et
1372 1951 1515 1986 potentiae,
1532 1955 1559 1978 ct
1573 1951 1661 1980 actio-

872 1997 926 2030 nis,
942 2002 970 2026 et
984 1997 1121 2033 principii,
1136 2002 1165 2025 et
1176 1997 1270 2028 medii.
1282 2002 1309 2024 et
1323 1997 1386 2025 ﬁnis
1402 2002 1509 2026 auctor.

1207 2044 1346 2079 Ejusdem.

906 2091 993 2120 Omne
1006 2090 1170 2127 principium
1199 2095 1227 2118 et
1256 2089 1389 2122 medium,
1409 2094 1437 2117 et
1463 2089 1526 2117 ﬁnis
1554 2089 1662 2117 habitus

872 2140 984 2168 omnino
1007 2139 1170 2174 categoﬁam
1201 2145 1256 2165 non
1285 2136 1430 2172 eﬁ'ugiunt.
1471 2135 1544 2164 Deus
1566 2141 1657 2164 autem

872 2186 946 2213 omni
963 2186 1043 2221 plane
1057 2185 1151 2213 habitu
1167 2192 1228 2212 cum
1242 2184 1277 2211 sit
1286 2184 1422 2219 superior,
1431 2190 1482 2211 nec
1494 2183 1658 2218 principium

29 2228 177 2263 ἁτὼτερος,
194 2226 259 2253 οὔτε
280 2227 352 2262 ἀρχή
370 2228 454 2258 ἐστιν,
471 2226 533 2254 οὔτε
549 2227 677 2262 μεσότης,
694 2227 755 2254 οὔτε
778 2228 815 2254 τέ-

900 2236 924 2264 ηι,
951 2239 1003 2259 nec
1025 2231 1157 2262 medium,
1184 2237 1237 2257 nec
1262 2230 1335 2262 ﬁnis,
1361 2237 1413 2257 nec
1425 2229 1497 2256 aliud
1509 2228 1660 2263 quidquam

29 2274 83 2305 λος.
101 2274 164 2300 οὑδέ
178 2281 205 2299 τι
216 2272 312 2308 ἕτερον
326 2273 380 2300 τῶν
397 2274 425 2299 ἐν
445 2271 486 2304 οἷς
506 2272 668 2309 θεωρεῖσθαι
686 2273 756 2301 κατὰ
773 2275 822 2308 τὴν

30 2322 123 2355 σχέσιν
136 2321 154 2355 ή
168 2319 214 2346 τοῦ
228 2319 297 2354 πρός
310 2328 337 2346 τι
348 2319 459 2346 δύναται
474 2319 634 2355 κατηγορία.

349 2365 404 2392 Τοῦ
421 2365 526 2392 αὐτοῦ.

70 2411 157 2447 Ἀρχὴ
169 2411 226 2438 τῶν
242 2412 338 2442 ὄντων,
352 2411 400 2437 καὶ
414 2411 540 2446 μεσότης,
561 2411 609 2437 καὶ
625 2410 701 2442 τέλος
713 2410 823 2446 λέγεται

29 2458 43 2483 ὁ
56 2457 133 2490 Θεὸς,
150 2457 209 2484 ἀλλ’
223 2458 262 2490 ὡς
274 2458 403 2492 ἐνεργῶν,
414 2457 463 2492 οὐχ
478 2457 515 2488 ὼς
529 2456 651 2492 πάσχων,
664 2456 759 2489 ὥσπερ
776 2456 823 2484 καὶ

31 2504 99 2530 ἄλλα
111 2503 214 2537 πάντα,
228 2500 268 2535 οἷς
284 2504 350 2539 παρ’
366 2503 444 2538 ἡμῶν
465 2502 640 2537 ὀνομάζεται.
664 2501 748 2537 Ἀρχὴ
774 2501 823 2536 μὲν

31 2550 88 2584 γάρ
103 2550 188 2582 ἔστιν,
217 2549 256 2581 ὠς
280 2548 463 2584 δημιουργὸς,
488 2548 606 2583 μεσότης
626 2546 667 2580 δὲ,
687 2547 726 2579 ὡς
753 2555 822 2582 προ-

31 2595 153 2630 νςητὴς,
179 2594 256 2626 τέλος
284 2595 332 2628 δὲ,
364 2594 401 2626 ὡς
430 2594 598 2629 περιγραφή.
631 2601 641 2619 ε
665 2591 711 2626 Ἐξ
738 2592 822 2619 αὑτοῦ

32 2643 98 2676 γὰρ,
115 2650 126 2667 ι
151 2641 231 2676 φησι,
258 2651 267 2668 t
285 2642 332 2668 καὶ
359 2640 394 2668 δι’
414 2640 509 2674 αὑτοῦ,
539 2640 585 2667 καὶ
612 2639 652 2671 είς
677 2638 759 2666 αὑτὸν
787 2638 823 2666 τὰ

32 2688 133 2714 nine.
148 2696 159 2713 ι

338 2731 396 2760 Τοῦ
411 2732 517 2760 αὐτοῦ.

68 2781 152 2808 οὶδὲν
172 2780 226 2807 τῶν
235 2781 321 2807 ὄντων
342 2778 558 2813 αὐτενέργητον·
578 2777 609 2804 τὸ
623 2778 652 2804 δὲ
677 2778 714 2813 μὴ
728 2777 823 2804 αὐτεν-

34 2827 152 2861 ἐργητον
179 2826 236 2853 οὐδ’
252 2825 384 2852 ἀναίτιον.
399 2825 436 2851 Τὸ
457 2825 485 2851 δε
501 2824 539 2860 μὴ
554 2824 675 2851 ἀναίτιον
690 2823 744 2850 οὐδ’
761 2823 821 2849 ἀκί-

36 2880 134 2906 νητον·
155 2873 184 2900 τδ
199 2873 228 2900 δὲ
251 2872 290 2908 μὴ
307 2871 435 2907 ἀκίνητον
451 2871 484 2897 δι’
506 2870 597 2898 αἰτίαν
620 2871 735 2898 κινεῖται
756 2869 822 2896 πάν-

873 2283 982 2309 eorum,
995 2276 1024 2304 in
1037 2276 1147 2303 habitus
1157 2274 1294 2311 categoria
1307 2275 1530 2307 considerantur,
1542 2275 1583 2301 vel
1597 2282 1660 2302 cum

873 2324 966 2359 aliquo
982 2322 1172 2351 conferuntur.

1187 2365 1325 2400 Ejusdem.

907 2412 1011 2440 Rerum
1035 2411 1200 2447 principium
1216 2415 1244 2438 et
1258 2411 1321 2438 ﬁnis
1330 2410 1430 2438 dicitur
1445 2410 1532 2443 Deus,
1545 2410 1592 2438 sed
1606 2418 1661 2437 non

873 2463 904 2487 ut
915 2465 1009 2494 agens,
1022 2461 1070 2486 aut
1079 2458 1200 2493 patiens,
1214 2456 1253 2490 id,
1265 2456 1338 2491 quod
1357 2456 1563 2491 intelligendum
1579 2461 1622 2484 est
1634 2456 1661 2483 in

873 2505 1000 2532 omnibus
1010 2503 1178 2536 nominibus,
1192 2510 1253 2537 qua
1269 2503 1318 2538 ipsi
1335 2503 1510 2536 tribuuntur;
1521 2503 1568 2529 sed
1585 2503 1660 2536 prin-

873 2550 975 2585 cipium
1004 2554 1046 2577 est
1074 2553 1103 2577 ut
1129 2547 1241 2576 eﬁector
1264 2566 1273 2580 ν
1293 2548 1412 2576 medium
1441 2552 1471 2575 ut
1496 2548 1661 2577 moderator.

874 2597 936 2625 ﬁnis
950 2601 980 2624 ut
992 2595 1207 2631 circumscriptio
1220 2603 1271 2623 :ex
1283 2595 1344 2631 ipso
1359 2596 1443 2629 enim,
1457 2601 1484 2623 et
1500 2603 1547 2631 per
1561 2596 1660 2630 ipsum,

873 2648 900 2671 et
917 2643 943 2670 in
961 2643 1049 2678 ipsum
1067 2642 1171 2670 omnia.

1201 2729 1339 2764 Ejusdem.

909 2775 983 2803 Nihil
1004 2783 1110 2809 eorum,
1127 2783 1187 2811 quze
1208 2780 1281 2808 sunt,
1297 2776 1416 2810 seipsum
1431 2775 1504 2803 facit.
1520 2773 1596 2805 Quod
1611 2781 1659 2800 au-

874 2827 927 2850 tem
943 2830 957 2849 a
971 2830 1000 2850 se
1011 2830 1065 2850 non
1074 2826 1116 2850 est
1124 2822 1327 2853 iactum,causa
1341 2830 1394 2849 non
1408 2826 1492 2848 caret.
1507 2819 1580 2852 Quod
1592 2827 1658 2846 cau-

874 2877 904 2897 sa
916 2876 970 2896 non
985 2873 1070 2903 caret,
1086 2876 1140 2901 non
1156 2873 1196 2897 cst
1208 2868 1354 2896 itnmobilc.
1366 2866 1589 2902 Quodimmobile
1604 2873 1659 2893 non
