1893 3081
244 159 295 192 ΗἿ

852 155 1047 187 EUTHYMII
1071 154 1264 186 ZIGABENI.

1820 150 1861 183 15.3

240 223 292 250 en,
308 221 418 252 propter
432 223 544 244 causam
559 219 685 243 movetur
696 214 816 242 omnino.
831 214 933 242 Meveri
950 212 1026 249 igitur

1090 221 1137 244 ιως
1163 212 1359 247 ἐνεργούμενον
1386 211 1416 237 τὸ
1448 209 1581 237 κινεῖσθαι
1606 207 1729 243 φυσικῶς
1750 207 1801 245 ὗςιτὸ
1821 209 1861 242 τῆς

238 264 400 292 naturaliter
422 262 523 298 pendet
546 269 561 289 a
585 268 676 293 causa,
702 268 751 296 per
773 267 855 295 quam
879 260 920 292 ﬁt,
948 264 975 293 et
999 259 1032 286 ad

238 317 320 344 quam
344 308 472 343 dirigitur
489 307 547 342 ipse
561 309 658 333 motus.
676 305 750 332 Nihil
766 305 839 332 enim
852 312 959 335 eorum,
972 309 1033 339 quas

238 359 394 386 moventur,
409 354 469 381 sine
486 360 567 380 causa
585 352 685 380 moveri
700 356 796 379 natura
817 351 930 386 patitur.
949 351 1032 378 Prin-

238 400 338 436 cipium
350 404 440 427 autem
453 398 542 426 omnis
554 403 643 426 motus
659 398 802 430 naturalis,
818 401 844 424 et
861 405 955 424 eorum
973 402 1034 431 true

239 450 392 478 moventur,
408 445 559 481 generatio.
577 444 745 479 Principium
760 451 827 471 vero
847 443 957 471 illorum
971 451 1032 478 quae

239 496 366 526 generata
382 495 455 523 sunt,
471 489 665 526 generationis,
679 494 721 518 est
735 489 816 522 Deus,
834 494 863 517 ut
878 493 974 516 auctor
989 497 1034 525 ge-

241 538 400 566 nerationis.
417 539 452 565 At
465 537 525 565 ﬁnis
541 541 630 565 motus
647 536 786 564 naturalis
795 540 837 563 est
861 543 955 563 eorum
974 542 1034 570 qua:

238 588 366 620 generata
384 587 458 617 sunt,
474 587 572 615 status,
595 589 676 617 quem
689 587 751 616 post
768 581 910 609 transitum
926 589 1034 609 eorum»

240 638 301 664 qua:
324 629 504 661 transierunt,
530 628 611 656 eiIicit
633 628 753 655 inﬁnitas
778 627 822 654 illa
839 627 866 654 in
885 634 949 661 qua,
966 631 1033 661 quo-

240 676 313 703 niam
327 675 431 703 nullum
448 679 490 703 est
501 675 630 710 spatium,
644 679 734 702 cessat
752 677 844 701 motus
857 679 961 706 rerum,
973 679 1033 708 qua:

242 727 387 750 moventur
407 721 579 749 naturaliter.
595 720 689 748 Omnis
704 728 768 756 ergo
783 719 977 755 generationis,
1003 720 1032 746 et

242 771 345 798 motus,
359 771 386 794 et
401 770 490 793 status
505 773 596 793 rerum
621 765 796 800 principium,
812 769 840 792 et
858 764 989 797 medium,
1006 769 1034 791 et

240 812 302 839 ﬁnis
315 816 358 839 est
373 811 455 840 Deus.
471 810 606 845 Quoniam
628 815 656 838 et
676 818 710 838 ex
728 811 787 845 ipso
802 810 900 846 genita:
913 815 988 843 sunt,
1006 814 1034 838 et

239 865 288 892 per
309 858 397 893 ipsum
421 862 576 890 moventur,
600 862 627 884 et
650 857 679 884 in
698 857 785 892 ipsum
807 862 871 883 sunt
894 856 1031 889 desiturae,

1084 258 1184 290 αἰτίας,
1209 258 1242 285 δι’
1260 258 1304 294 ἢν,
1329 257 1375 284 καὶ
1401 257 1469 293 πρὸς
1489 257 1522 292 ἢν
1543 255 1660 282 ποιεῖται
1687 254 1736 289 τὴν
1754 253 1861 288 κίνησιν.

1084 305 1166 332 Οὖδὲν
1180 306 1234 339 γὰρ
1244 305 1300 332 τῶν
1313 303 1484 339 κινουμένων
1498 302 1633 329 κινεῖσθαι
1650 301 1772 336 πέφυκεν
1794 301 1861 327 ἀναι-

1084 351 1157 382 τίως.
1181 351 1266 387 Ἀρχὴ
1284 351 1311 377 δὲ
1328 350 1421 385 πάσης
1444 350 1577 384 κινήσεως
1594 347 1714 382 φυσικῆς
1730 348 1747 382 ή
1762 346 1814 373 τῶν
1827 355 1862 372 κι-

1083 398 1221 432 νουμένων
1244 397 1360 431 γένεσις.
1387 396 1471 433 Ἀρχὴ
1495 396 1522 422 δὲ
1540 396 1589 430 τῆς
1606 394 1662 421 τῶν
1683 393 1862 429 γεγενημένων

1083 444 1217 479 γενέσεως
1230 445 1244 470 ό
1268 443 1345 476 Θεὸς,
1360 444 1398 475 ώς
1418 441 1608 477 γενεσιουργός
1621 449 1629 457 ·
1645 439 1696 475 τῆς
1713 440 1742 466 δὲ
1759 439 1812 466 τῶν
1823 447 1863 473 γε·

1084 489 1243 524 γενημένων
1265 489 1384 524 φυσικῆς
1409 488 1542 523 κινήσεως
1568 486 1645 518 τέλος
1659 487 1676 522 ἡ
1690 486 1786 517 στάσις
1800 485 1864 512 ἐστπν

1084 536 1118 571 ἢν
1141 536 1215 562 ποιεῖ
1236 535 1305 571 μετὰ
1331 535 1380 571 τὴν
1401 534 1525 561 διάϐασιν
1547 533 1601 560 τῶν
1623 530 1864 566 πεπερασμένωνιὴ

1085 581 1210 617 ἀπειρία,
1225 581 1255 608 ὲν
1274 578 1301 617 ᾖ,
1313 581 1358 608 διὰ
1368 581 1399 607 τὸ
1416 580 1453 615 μὴ
1465 578 1536 606 εἶναι
1546 579 1695 614 διάστημα,
1714 578 1790 604 πᾶσα
1805 577 1865 603 παύ-

1084 635 1143 654 εται
1166 628 1275 662 κίνησις
1296 627 1350 653 τῶν
1383 626 1508 660 φυσικῶς
1528 626 1707 660 κινουμένων.
1721 623 1814 658 Πάσης
1827 623 1864 648 οὖν

1084 673 1219 708 γενέσεώς
1234 682 1264 699 τε
1285 673 1332 700 καὶ
1347 673 1493 708 κινήσεως,
1510 672 1557 699 καὶ
1574 671 1694 703 στάσεως
1710 671 1766 697 τῶν
1780 669 1864 698 όντων.

1083 719 1166 756 ἀρχὴ,
1185 720 1232 746 καὶ
1257 719 1386 755 μεσότης,
1403 719 1450 746 καὶ
1471 718 1549 750 τέλος
1564 718 1578 744 ὁ
1600 718 1676 750 Θεὸς,
1694 718 1732 749 ὡς
1749 717 1778 750 ἐξ
1793 714 1865 743 αὖτεῦ

1085 766 1289 801 γεγενημένων,
1316 766 1363 792 καὶ
1390 765 1426 792 δι’
1450 764 1534 791 αὑτοῦ
1566 764 1746 798 κινουμένων,
1768 762 1812 789 καὶ
1833 762 1866 792 εἰς

1084 812 1167 839 αὑτὸν
1191 814 1241 848 τὴν
1266 812 1361 839 στάσιν
1387 810 1584 846 ποιησομένων
1609 810 1654 837 τὸν
1682 809 1806 844 ὁρίζοντα
1828 807 1866 833 καὶ

1085 857 1170 894 αὐτὴν
1186 859 1235 893 τὴν
1250 858 1340 893 πάσης
1355 858 1491 892 κινήσεως
1502 856 1642 892 ὸριστικὴν
1657 855 1797 890 ἀπειρίαν.

240 906 286 941 qui
299 905 384 941 ipsam
396 912 504 940 quoque
524 908 614 933 motus
628 912 723 933 omnes
736 904 910 934 deﬁnientcm
927 912 958 932 ac
974 904 1166 934 terminantem
1180 906 1371 942 complectitur
1382 905 1555 933 inﬁnitatem.

565 952 704 987 Ejusdem.

275 999 387 1030 Eorum,
400 1005 461 1033 qua:
472 999 550 1031 ﬁunt,
567 1006 682 1034 quaeque
693 1003 846 1032 moventur,
862 998 991 1026 motionis
1001 1003 1029 1025 et

240 1044 416 1079 principium,
432 1048 458 1071 et
479 1044 540 1072 ﬁnis
554 1050 596 1072 est
612 1043 695 1076 Deus,
708 1049 737 1072 et
757 1052 851 1072 eorum
867 1052 927 1079 qum
947 1045 975 1072 in
987 1044 1029 1079 ip-

241 1098 301 1118 sum
317 1091 442 1118 feruntur
455 1091 562 1124 stabile,
573 1095 654 1126 atque
666 1092 806 1120 immobile
819 1092 1027 1119 ﬁrmamentum.

240 1136 275 1164 Et
288 1136 410 1164 omnium
427 1136 546 1172 denique
566 1145 657 1165 rerum
681 1138 813 1166 terminus
826 1139 1027 1172 interminatus,

240 1188 268 1210 ct
281 1182 406 1210 inﬁnitus
423 1182 497 1210 ﬁnis.

566 1240 702 1276 Ejusdem.

275 1285 407 1314 Homines
422 1291 497 1315 certo
510 1289 629 1323 quodam
645 1288 774 1322 termino,
790 1289 864 1320 boni,
881 1290 1026 1324 sapientes,

238 1331 338 1367 etjusti
353 1338 484 1361 vocantur
498 1341 505 1360 :
518 1333 591 1362 Deus
607 1339 698 1362 autem
719 1335 842 1362 absolute
859 1335 957 1363 dicitur
980 1336 1028 1363 bo-

237 1385 300 1410 nus,
323 1382 351 1406 et
365 1379 486 1414 sapiens,
501 1386 530 1407 et
546 1380 645 1416 justus,
659 1386 686 1409 et
703 1381 820 1413 bonitas,
841 1387 868 1408 et
883 1382 1026 1416 sapientia,

237 1427 265 1450 et
277 1423 392 1459 iustitia,
415 1425 517 1461 quippe
530 1427 583 1462 qui
610 1432 652 1458 est
667 1427 756 1454 omnis
771 1427 880 1455 virtutis
897 1428 1026 1456 essentia.

237 1469 419 1502 Quamobrem
444 1471 491 1506 qui
511 1472 623 1500 virtutis
644 1478 686 1500 est.
704 1473 852 1508 particeps,
877 1474 925 1500 Dei
941 1474 1027 1508 parti-

237 1523 300 1550 ceps
312 1521 364 1549 est,
380 1516 426 1552 qui
446 1517 567 1551 virtutis,
582 1522 612 1546 ut
628 1518 759 1552 diximus,
776 1519 894 1547 essentia
917 1524 945 1546 et
960 1519 1022 1546 fons

237 1565 291 1588 εει.

562 1621 700 1656 Ejusdem.

274 1665 356 1699 Deus,
370 1665 417 1701 qui
432 1666 552 1701 cognitio
567 1674 616 1702 per
631 1667 777 1695 essentiam
795 1673 847 1702 est,
864 1668 948 1696 solam
962 1669 1027 1696 boni

237 1713 422 1747 cognitionem
446 1712 539 1746 habet,
557 1716 588 1740 ut
610 1713 656 1748 qui
672 1713 756 1741 solius
770 1714 834 1741 boni
857 1718 954 1741 natura
975 1722 1026 1743 est.

236 1756 332 1784 Omnis
346 1761 437 1784 autem
451 1758 602 1785 secundum
620 1757 703 1786 Deum
721 1763 821 1786 natura
838 1760 943 1787 ratione
961 1767 1029 1795 prae-

236 1802 293 1829 dita
311 1802 426 1837 simplici
440 1803 542 1830 mentis
560 1807 636 1832 motu
653 1811 709 1831 non
732 1809 821 1839 potest
844 1805 941 1833 eodem
958 1810 1029 1833 tem-

236 1855 303 1883 pore
317 1848 382 1876 boni
397 1852 424 1876 et
437 1848 501 1876 mali
519 1849 644 1877 notitiam
662 1851 773 1884 habere,
790 1858 852 1878 cum
867 1851 949 1879 unius
964 1859 1029 1879 con-

236 1894 311 1922 trarii
335 1894 465 1930 cogr'itio,
481 1894 593 1922 alterius
610 1896 741 1923 contrarii
757 1895 922 1924 naturaliter
945 1897 1028 1932 igno-

238 1939 353 1967 rantiam
367 1940 474 1968 alIerat.
488 1940 533 1968 Sic
546 1941 629 1969 etiam
646 1941 717 1968 oculi
733 1949 785 1968 non
801 1947 918 1976 possunt
929 1942 1025 1970 eodem

236 1991 361 2021 tempore
375 1993 484 2014 sursum
495 1987 691 2022 deorsumque,
705 1992 752 2014 aut
763 1987 937 2016 dextrorsum
948 1988 1028 2017 simul

237 2040 270 2061 ac
285 2032 475 2061 sinistrorsum
488 2034 622 2061 contueri.

567 2091 706 2126 Ejusdem.

272 2136 305 2164 Et
317 2144 346 2165 se
362 2137 450 2173 ipsum
473 2138 555 2171 Deus,
571 2142 665 2173 etqum
676 2143 740 2166 sunt
755 2137 826 2165 infra
839 2145 868 2166 se
877 2138 1024 2174 cognoscit.

236 2183 338 2210 Natura
352 2184 416 2210 item
432 2183 537 2211 ratione
554 2188 701 2218 menteque
716 2184 828 2218 praedita
846 2189 874 2212 et
887 2184 982 2215 Deum.
997 2189 1026 2212 ct

236 2237 298 2264 quae
314 2229 384 2256 inl'ra
408 2229 493 2256 Deum
520 2233 594 2262 sunt,
615 2229 767 2265 cognoscit;
783 2229 832 2258 sed
851 2238 907 2258 non
929 2230 1025 2258 eodem

237 2275 328 2306 modo,
350 2282 403 2309 quo
423 2274 504 2302 Deus.
520 2274 571 2302 Hie
587 2275 661 2302 enim
675 2283 708 2303 ex
724 2275 851 2303 essentia
873 2283 930 2303 suae
956 2283 1025 2304 con-

240 2321 418 2354 templatione
433 2320 553 2356 seipsum
577 2327 626 2355 per
641 2321 819 2356 semetipsum
837 2320 973 2356 intelligit.
992 2321 1025 2348 Et

237 2373 298 2400 quin
315 2365 366 2393 sub
379 2366 438 2400 ipso
457 2371 531 2397 sunt,
545 2372 578 2392 cx
594 2366 727 2400 sapientia
748 2366 888 2401 cognoscit
902 2374 960 2399 sua,
976 2374 1025 2401 per

237 2419 330 2446 quam,
345 2411 410 2438 etin
435 2419 487 2445 qua
503 2411 627 2438 condidit
645 2411 746 2438 omnia.
763 2411 808 2438 Illa
824 2418 889 2438 vero
899 2415 926 2438 et
939 2411 1024 2438 Deum

237 2457 387 2492 cognoscit,
403 2457 468 2484 dum
482 2457 563 2490 illius,
587 2457 633 2491 qui
650 2457 752 2484 nullius
774 2457 811 2484 rei
824 2457 958 2492 particeps
970 2462 1024 2490 est,

237 2505 372 2538 particeps
387 2502 426 2536 ﬁt,
438 2507 493 2530 tum
506 2511 538 2531 ex
556 2511 599 2537 eo,
612 2503 684 2538 quod
703 2508 764 2536 est;
775 2508 840 2534 ,tum
852 2511 885 2531 ex
896 2511 939 2535 eo.
953 2503 1025 2538 quod

237 2551 369 2584 bene,per
383 2549 496 2584 gratiam
504 2554 555 2577 est.
568 2550 634 2583 Quae
644 2554 734 2578 autem
751 2550 801 2577 sub
813 2550 867 2578 Dee
876 2554 949 2582 sunt.
964 2557 1026 2586 pcr-

237 2596 313 2630 cipit.
328 2598 393 2622 dum
412 2595 584 2624 artiﬁciosam
608 2597 635 2624 in
663 2597 716 2624 illis
740 2597 898 2632 sapientiam
913 2597 982 2632 ejus,
995 2601 1023 2624 et

237 2641 376 2668 naturales
400 2641 522 2676 ipsorum
552 2642 671 2670 rationes
694 2641 1022 2677 comprehcndit.Angcli

237 2693 338 2720 tamen,
354 2691 384 2714 ut
398 2687 441 2722 qui
455 2693 559 2716 mentes
572 2695 635 2716 sunt
649 2697 733 2724 pune,
756 2689 900 2717 sublimius
915 2688 1023 2715 intelli-

236 2739 312 2768 gum,
324 2733 470 2764 demissius
488 2735 621 2770 homines,
633 2741 661 2764 ut
680 2737 725 2771 qui
751 2737 872 2772 corporis
901 2735 1021 2770 pondere

237 2780 439 2815 deprimuntur.

1048 954 1072 984 B

1041 2303 1064 2331 D

1391 954 1447 982 Τοῦ
1470 953 1564 980 αὐτοῦ

1121 1000 1214 1027 Ἔστιν
1229 1000 1243 1027 ὁ
1255 999 1321 1032 Θεὸς
1340 1000 1412 1036 ἀρχὴ
1428 1001 1478 1034 τῆς
1492 999 1545 1026 τῶν
1562 999 1713 1033 γι·.ομένων
1729 997 1866 1032 γενέσεως,

1084 1045 1131 1073 καὶ
1158 1045 1234 1077 τέλος
1249 1045 1298 1080 τῆς
1317 1045 1372 1072 τῶν
1399 1044 1568 1078 κινουμένων
1583 1043 1728 1078 κινήσεως,
1746 1042 1794 1068 καὶ
1818 1040 1865 1066 τῶν

1083 1093 1123 1124 εὶς
1147 1091 1228 1118 αὑτὸν
1260 1091 1420 1127 φερομένων
1447 1090 1542 1121 στάσις
1577 1089 1704 1124 βάσιμος,
1739 1087 1787 1113 καὶ
1815 1086 1869 1112 ἀκί-

1083 1144 1172 1173 νητος,
1195 1134 1243 1164 καὶ
1265 1136 1366 1169 παντὸς
1388 1138 1452 1172 ὅρου
1473 1137 1535 1172 ὅρος
1557 1135 1694 1172 ἀόριστος,
1719 1135 1768 1162 καὶ
1790 1134 1868 1169 πέρας

1083 1182 1197 1218 ἄπειρον

1391 1238 1447 1266 Τοῦ
1466 1238 1570 1265 αὐτοῦ.

1119 1287 1150 1314 οι
1169 1286 1218 1321 μὲν
1232 1284 1370 1321 ἄνθρωποι
1385 1285 1643 1320 προσδιωρισμένως
1656 1282 1755 1317 ἀγαθοὶ
1770 1282 1867 1317 ἀνορω-

1083 1341 1128 1358 ποι
1148 1331 1284 1366 λέγονται,
1306 1331 1353 1358 καὶ
1379 1330 1459 1365 σοφοὶ
1482 1329 1633 1365 ἄνθρωποι,
1645 1329 1693 1355 καὶ
1709 1328 1810 1355 δίκαιοι
1826 1328 1867 1354 ἄν·

1082 1379 1206 1413 θρωποι·
1233 1379 1246 1404 ὁ
1271 1378 1299 1404 δὲ
1322 1378 1389 1409 Θεὸς
1411 1377 1554 1408 ἁπολύτως
1576 1376 1673 1407 ταῦτα,
1691 1375 1806 1408 ἀγαθὸς,
1828 1374 1868 1400 καὶ

1083 1425 1176 1459 σοφὸς,
1195 1424 1241 1451 καὶ
1261 1424 1376 1456 δίκαιος,
1398 1422 1446 1450 καὶ
1466 1422 1616 1458 ἀγαοότης,
1641 1422 1689 1449 καὶ
1709 1422 1804 1455 σοφία,
1826 1421 1868 1447 καὶ

1081 1470 1250 1506 δικαιοσύνη,
1267 1471 1306 1502 ὼς
1332 1470 1412 1496 οὐσία
1427 1469 1517 1504 πάσης
1537 1469 1648 1504 ἀρετῆς.
1667 1469 1696 1495 '0
1705 1469 1798 1495 τοίνυν
1812 1468 1867 1503 ἁρε-

1080 1517 1129 1552 τῆς
1146 1517 1269 1552 μετέχων
1295 1516 1404 1551 μετέχει
1427 1515 1495 1542 Θεοῦ
1513 1515 1562 1550 τῆς
1579 1515 1684 1549 οὐσίας,
1700 1514 1739 1546 ὼς
1756 1515 1867 1550 εἴρηται,

1080 1561 1128 1588 καὶ
1139 1561 1231 1596 πηγῆς
1248 1560 1297 1595 τῆς
1311 1560 1427 1597 ἀρετῆς.

1383 1617 1439 1645 Τοῦ
1456 1617 1561 1645 αὑτοῦ.

1121 1665 1151 1692 '0
1167 1664 1233 1696 Θεὸς
1255 1663 1355 1698 γνῶσις
1377 1663 1414 1690 ὣν
1435 1663 1497 1691 κατ’
1518 1663 1614 1690 οὐσίαν
1637 1664 1685 1699 τὴν
1700 1663 1805 1698 γνῶσιν
1827 1663 1868 1690 τοῦ

1080 1711 1163 1738 καλοῦ
1182 1711 1266 1747 μόνην
1290 1710 1356 1746 ἔχει,
1373 1711 1420 1738 ἆτε
1444 1710 1526 1745 μόνου
1544 1710 1592 1737 τοῦ
1610 1710 1694 1737 καλοῦ
1719 1710 1803 1745 φύσις
1825 1710 1869 1737 ὣν.

1080 1759 1160 1785 Πᾶσα
1182 1757 1210 1784 δὲ
1236 1757 1334 1792 λογικὴ
1364 1756 1435 1792 μετὰ
1459 1757 1526 1784 Θεὸν
1543 1757 1624 1792 φύσις
1647 1756 1720 1791 ἔχειν
1742 1757 1812 1792 ὁμοῦ
1829 1756 1869 1783 καὶ

1080 1805 1152 1830 κατὰ
1170 1803 1270 1833 ταυτὸν
1297 1803 1327 1829 ὲν
1354 1802 1393 1837 τῷ
1422 1803 1471 1838 τῆς
1500 1802 1619 1834 διανοίας
1640 1802 1718 1837 ἁπλῷ
1742 1803 1869 1836 κινήματι

1079 1849 1163 1876 καλοῦ
1181 1850 1227 1875 καὶ
1239 1847 1325 1875 κο.κοῦ
1338 1848 1439 1882 γνῶσιν
1463 1848 1492 1874 οὔ
1508 1848 1631 1875 δύναται.
1654 1848 1728 1874 Διότι
1754 1849 1870 1882 πέφυκεν

1080 1896 1096 1930 ἡ
1112 1895 1229 1927 Θατέρου
1247 1895 1302 1922 τῶν
1322 1895 1519 1930 ἀντικειμένων
1531 1894 1658 1930 ἀλλήλοις
1671 1894 1775 1928 γνῶσις
1790 1894 1869 1920 ποιεῖν

1079 1942 1128 1976 τῆς
1154 1941 1200 1968 τοῦ
1224 1941 1318 1976 ἐτέρου
1353 1940 1481 1973 γνώσεως
1510 1940 1631 1975 ἄγνοιαν,
1655 1940 1711 1967 Καὶ
1739 1941 1799 1974 γὸρ
1822 1939 1869 1966 οὐδ’

1079 1987 1217 2022 ὀφθαλμὸς
1236 1987 1293 2014 ἄνω
1308 1987 1356 2013 καὶ
1369 1986 1443 2014 κάτω
1450 1986 1561 2014 δύναται
1577 1987 1646 2013 κατὰ
1660 1986 1762 2014 ταυτὸν
1779 1985 1870 2021 ἰδεῖν,ῆ

1078 2033 1155 2066 δεξιὰ
1168 2033 1184 2067 ἢ
1201 2033 1345 2068 ἀριστερά.

1391 2092 1447 2120 Τοῦ
1466 2091 1569 2119 αὐτοῦ.

1114 2139 1247 2166 Γινώσκει
1263 2139 1312 2174 μὲν
1336 2139 1350 2165 ὸ
1372 2138 1439 2170 Θεὸς
1459 2139 1568 2172 ἑαυτὸν,
1582 2137 1714 2173 γινώσκει
1730 2139 1760 2166 δὲ
1784 2138 1830 2166 καὶ
1842 2138 1871 2163 τὰ

1080 2185 1126 2212 ὑπ’
1146 2185 1230 2212 αὐτοῦ
1250 2185 1393 2220 γεγονότα.
1410 2185 1465 2211 Καὶ
1479 2185 1495 2220 ὴ
1508 2185 1605 2220 λογικὴ
1632 2184 1680 2212 καὶ
1697 2186 1782 2220 νοερὰ
1797 2185 1870 2220 φύσις

1081 2230 1211 2266 γινώσκει
1228 2231 1279 2265 μὲν
1292 2231 1338 2257 τὸν
1357 2230 1435 2263 Θεὸν,
1453 2230 1583 2264 γινώσκει
1598 2230 1626 2258 δὲ
1642 2231 1689 2258 καὶ
1704 2234 1740 2259 τά
1761 2233 1809 2259 ὑπ’
1828 2233 1870 2259 αὐ-

1077 2277 1125 2304 τοῦ
1150 2276 1298 2311 γεγονότα·
1315 2276 1373 2303 ἀλλ’
1395 2276 1446 2312 οὐχ
1463 2276 1500 2307 ὡς
1520 2276 1535 2302 ὸ
1559 2275 1626 2308 Θεὸς
1644 2276 1790 2310 γινώσκει,
1805 2277 1870 2305 οὓτω

1080 2323 1128 2349 καὶ
1142 2322 1223 2357 αὕτη,
1246 2322 1274 2348 '0
1292 2322 1341 2356 μὲν
1366 2322 1422 2356 γὰρ
1436 2322 1565 2356 γινώσκει
1581 2322 1676 2348 ἑαυτὸν
1695 2324 1728 2349 ὲκ
1750 2323 1802 2358 τῆς
1823 2332 1870 2358 μα-

1079 2369 1177 2404 καρίας
1185 2367 1281 2400 οὐσίας
1297 2367 1379 2395 αὐτοῦ
1393 2369 1429 2395 δι’
1447 2368 1545 2395 ἑαυτοῦ
1560 2368 1656 2395 ἑαυτὸν
1671 2368 1822 2404 θεώμενος
1839 2368 1870 2394 τὰ

1078 2415 1106 2442 δὲ
1122 2415 1168 2441 ὑπ’
1182 2413 1267 2442 αὐτοῦ
1286 2413 1417 2448 γεγονότα
1434 2414 1468 2440 ὲκ
1480 2413 1530 2448 τῆς
1549 2414 1645 2448 carpta;
1666 2415 1763 2448 αὐτοῦ,
1781 2414 1816 2442 δι’
1840 2413 1870 2450 ἧς

1078 2461 1126 2488 καὶ
1154 2461 1184 2488 ὲν
1247 2459 1281 2486 τὰ
1308 2460 1400 2486 πάντα
1413 2459 1552 2493 ἐποίησεν.
1577 2459 1611 2486 Ἦ
1633 2460 1661 2487 δὲ
1684 2461 1816 2494 γινώσκει
1829 2461 1868 2486 τὸν

1078 2506 1145 2533 Θεὸν
1166 2506 1216 2543 μὲν
1236 2505 1339 2541 μετοχὴ
1358 2504 1429 2540 ὑπὲρ
1445 2505 1563 2540 μετοχὴν
1584 2505 1660 2532 ὄντα.
1681 2506 1802 2540 Ιιτετὲχει
1819 2506 1867 2540 γὰρ

1078 2552 1160 2580 αὐτοῦ
1187 2552 1263 2588 αὐτῷ
1281 2560 1312 2578 τε
1337 2550 1378 2586 τῷ
1402 2549 1483 2583 εἰναι,
1498 2550 1546 2577 καὶ
1568 2551 1600 2586 τῇ
1617 2550 1685 2585 πρὸς
1708 2551 1740 2577 τὸ
1758 2549 1789 2578 εὖ
1803 2549 1866 2577 εἶναι

1078 2598 1291 2633 ἐπιτηδειότητι,
1305 2598 1352 2625 καὶ
1374 2598 1409 2633 τῇ
1427 2597 1497 2632 πρὸς
1513 2597 1543 2624 τὸ
1558 2597 1602 2624 ἀεὶ
1622 2594 1692 2624 εἶναι
1710 2597 1816 2632 χάριτι.
1833 2596 1869 2622 Τὰ

1075 2644 1104 2671 δὲ
1116 2644 1162 2670 ὑπ’
1174 2644 1257 2671 αὐτοϋ
1273 2643 1404 2678 γεγονότα
1419 2642 1549 2677 γινώσκει
1572 2642 1704 2677 ἀναλήψει
1715 2643 1767 2678 τῆς
1781 2643 1811 2669 ιν
1823 2643 1868 2669 air

1077 2691 1134 2721 τοῖς
1147 2689 1340 2726 θεωρουμένης
1362 2690 1490 2724 τεχνικῆς
1515 2688 1621 2723 σοφίας,
1639 2689 1686 2715 καὶ
1700 2690 1806 2723 γνώσει
1819 2687 1867 2714 τῶν

1077 2736 1106 2761 ἰν
1123 2734 1228 2766 τούτοις
1243 2734 1367 2770 φυσικῶν
1390 2733 1488 2768 λόγων.
1507 2734 1579 2768 Πλὴν
1593 2735 1617 2760 οἱ
1632 2733 1745 2769 ἄγγελοι
1762 2735 1814 2769 μὲν
1828 2730 1866 2759 οἳι

1074 2779 1134 2811 νόες
1152 2779 1233 2814 μόνον
1263 2780 1444 2814 γινώσκουσιν
1463 2779 1638 2815 ὑψηλότερον,
1657 2780 1683 2806 ot
1696 2778 1718 2806 δ’
1732 2779 1867 2815 ἁνθρωπυι

1074 2826 1121 2861 οὐχ
1154 2825 1248 2858 οὕτως,
1268 2825 1326 2853 ἀλλ’
1349 2825 1512 2862 ὑφειμένον,
1539 2825 1583 2855 διὰ
1607 2825 1638 2853 τὸ
1657 2826 1867 2862 συνεζευγμένον

1076 2872 1159 2907 πάχος
1174 2872 1219 2899 τοῦ
1237 2873 1370 2908 σώματοι.
