1893 3081
194 134 245 170 15!

814 133 1006 165 EUTHYMII
1026 134 1204 165 ZIGABENI

1780 133 1830 165 isi

195 191 264 220 Imm
293 190 467 219 communiter
490 192 522 219 de
549 191 613 225 Deo,
640 190 753 219 Joannis
779 191 935 218 Damascem'
958 199 977 218 εί

1056 193 1107 218 En
1130 192 1196 227 περὶ
1220 191 1294 220 Θεοῦ
1318 191 1425 224 κοινῶς
1445 191 1498 219 τοῦ
1514 191 1714 227 Δαμασκηνοῦ
1733 192 1827 226 κερά-

522 234 609 268 capite
626 234 670 261 Η.

228 303 363 337 Quoniam
395 308 486 331 autem
508 303 624 338 plurima
645 303 679 331 de
711 302 776 336 Deo,
814 303 979 338 corporibus

194 349 266 376 atlini
285 348 403 384 quadam
430 346 536 373 ratione
550 346 577 373 in
593 345 683 373 sacris
699 344 813 374 Litteris
830 347 980 382 symbolice

195 402 228 420 ac.
244 401 292 428 per
314 394 427 427 ﬁguram
452 391 525 419 dicta
552 391 722 427 reperimus;
743 391 810 418 illud
833 399 981 420 noscamus

170 440 173 467 ῗ
196 443 316 475 oportet,
336 439 393 466 licri
415 445 471 465 non
493 445 584 472 posse,
603 441 633 465 ut
653 445 704 466 nos
726 438 772 473 qui
793 438 920 466 homines
933 447 980 466 su-

197 494 269 517 mus,
285 492 436 519 crassaque
460 491 546 511 carne
567 484 743 515 involvimnr,
774 484 882 511 divinas
908 484 978 513 illas.

194 536 221 557 ιιι
241 530 382 562 excelsas;
409 528 659 563 immaterialesque
682 528 841 556 Divinitatis
857 529 980 556 actiones

195 576 382 611 intelligamus
400 582 431 601 ac
447 581 575 602 sermone
591 574 818 608 complectamur,
842 574 894 601 nisi
914 574 979 608 tign-

196 622 234 647 ris
255 624 282 647 et
309 619 486 654 imaginibus,
510 618 654 653 signisque
675 622 781 646 natura:
797 624 898 646 nostra:
912 626 978 646 con-

194 666 333 693 sentaneis
349 669 470 692 utamur.
530 664 667 698 Quocirca
684 672 716 692 ea
735 665 827 692 omnia
841 673 902 700 quae
920 673 980 693 cor-

195 719 278 746 porea
304 711 347 738 vel
374 710 514 746 paululum
544 710 654 738 ratione
683 710 717 738 de
749 710 803 738 Deo
834 711 978 738 enuntiata

194 761 270 790 sunt,
287 757 401 792 ﬁgurate
416 756 488 784 dicta
507 761 582 788 sunt,
606 756 789 792 altioremque
803 764 915 784 sensum
936 757 979 784 in-

194 803 328 830 cludunt:
357 802 460 838 quippe
484 810 547 830 cutn
582 802 653 830 Deus
683 802 802 838 simplex
833 803 979 837 omnisque

193 851 289 884 ﬁgura
307 856 406 883 expers
421 848 551 876 exsistat.
578 847 664 883 igitur
690 856 738 884 per
753 849 859 881 oculos,
881 853 907 876 et
922 849 980 883 pal-

193 896 304 931 pebras,
320 896 466 930 visumque
482 894 541 927 Dei,
561 895 615 922 vim
639 895 727 929 ipsius
746 902 836 922 rerum
854 895 976 921 omnium

194 941 399 975 iuspcctricem,
415 943 498 975 atque
512 938 649 975 ejusmodi
671 939 855 974 cognitionem
876 939 978 967 intelli-

193 993 300 1021 gamus,
316 993 399 1020 quam
414 992 457 1013 res
474 985 548 1012 nulla
566 984 651 1021 fugiat
668 995 674 1012 :
690 989 719 1012 ut
732 985 861 1012 nimirum
878 992 977 1013 sensus

193 1032 350 1059 ministerio
364 1031 511 1066 perfectior
531 1031 611 1059 nobis
631 1036 712 1066 atque
737 1031 841 1059 certior
856 1031 978 1066 cognitio

194 1077 317 1105 accedat.
330 1077 382 1104 Per
397 1084 479 1104 aures
494 1080 521 1104 et
531 1077 654 1104 auditum
683 1077 770 1112 ipsius
788 1076 820 1103 ad
836 1077 978 1112 ignoscen-

195 1124 260 1150 dum
286 1123 498 1158 propensionem
580 1125 663 1157 atque
719 1122 748 1149 in
808 1122 978 1157 excipiendis

195 1168 325 1203 precibus
349 1167 452 1196 nostris
471 1168 679 1203 benignitatem.
701 1166 827 1195 Solemus
847 1168 918 1194 enim
931 1175 978 1202 per

196 1214 269 1242 hunc
283 1221 396 1242 sensum
415 1214 450 1241 iis
472 1214 518 1248 qui
545 1213 625 1241 nobis
643 1213 783 1248 supplices
807 1218 883 1244 sunt,
900 1213 978 1240 mites

195 1269 246 1288 nos
262 1260 411 1295 facilesque
437 1260 580 1295 praebere;
608 1258 756 1294 benignius
781 1259 908 1286 videlicet
930 1265 978 1285 au-

195 1313 251 1333 rem
267 1305 334 1340 ipsis
356 1306 543 1332 admoventes.
564 1303 616 1331 Per
628 1311 659 1332 os
679 1311 710 1331 ac
733 1304 908 1336 locutionem,
929 1311 977 1330 voL

195 1351 309 1378 luntatis
335 1351 423 1385 ipsius
448 1350 663 1378 declarationem
687 1350 851 1385 accipimus.
870 1348 978 1385 Quippe

195 1404 246 1424 nos
259 1403 368 1432 quoque
384 1395 479 1424 abdita
498 1396 593 1423 cordis
615 1402 698 1423 sensa
716 1402 764 1429 per
779 1403 810 1423 os
824 1399 852 1422 et
871 1401 977 1423 sermo-

194 1450 256 1469 nem
272 1442 435 1478 promimus.
452 1440 506 1469 Per
523 1441 615 1469 cibum
640 1445 668 1468 et
692 1444 796 1474 potum,
821 1444 976 1475 promptum

195 1490 321 1515 nostrum
346 1487 381 1514 ad
409 1487 581 1514 voluntatem
612 1492 768 1513 accessum.
793 1484 902 1512 Etenim
927 1492 978 1512 nos

195 1539 306 1567 quoque
327 1532 516 1560 necessarium
539 1537 643 1558 natura:
672 1531 821 1565 appetitum
837 1530 978 1565 explemus

196 1585 246 1612 per
269 1581 368 1612 gustus
388 1585 511 1612 sensum.
529 1576 581 1604 Per
596 1576 739 1607 olfactum,
766 1575 818 1602 vim
837 1582 907 1608 eam,
924 1582 977 1610 qua

195 1622 391 1657 cogitationem
428 1629 461 1650 ac
495 1622 714 1650 benevolentiam
749 1624 857 1656 gratam
898 1627 980 1648 accc-

197 1669 326 1698 ptamque
342 1662 433 1688 habet.
461 1662 602 1695 btquiuetn
614 1664 640 1688 et
657 1667 707 1687 nos
723 1663 840 1687 odorum
856 1660 984 1695 fragran-

195 1710 262 1736 tiam
291 1716 340 1744 per
367 1707 439 1734 hunc
464 1714 576 1735 sensum
607 1707 773 1742 excipimus.
796 1706 849 1735 Per
870 1707 982 1740 faciem,

196 1754 284 1790 ipsius
300 1761 348 1789 per
362 1761 445 1789 opera
457 1753 720 1782 demonstrationem
736 1760 767 1780 ac
781 1753 982 1782 ostensionem.

196 1802 312 1836 Quando
334 1801 443 1837 quidem
477 1808 527 1828 nos
551 1807 661 1835 quoque
675 1807 708 1827 ex
724 1800 802 1828 vultu
816 1807 919 1835 oreque
935 1807 983 1836 pa-

196 1849 250 1876 lam
279 1847 478 1883 dignoscimur.
509 1845 561 1874 Per
589 1853 698 1878 manus,
732 1845 869 1874 actionem
898 1846 984 1878 illam,

196 1903 251 1930 qua
264 1901 348 1930 opera
364 1901 412 1922 sua
424 1892 555 1921 absolvit.
575 1892 645 1919 Nam
661 1899 714 1919 nos
733 1892 818 1919 etiam
834 1891 984 1919 utilissima

196 1948 313 1976 qumque
327 1944 355 1968 et
372 1938 601 1974 praestantissima
628 1945 712 1973 opera
731 1937 837 1965 nostris
855 1936 986 1964 manibus

196 1987 340 2016 edicimus.
353 1985 406 2014 Per
418 1985 569 2018 dexteram,
587 1984 677 2020 ipsius
695 1985 724 2012 in
749 1984 833 2012 rebus
855 1983 985 2012 secundis

196 2041 278 2069 opem
296 2037 325 2061 et
340 2032 494 2064 auxilium;
515 2039 548 2059 ex
562 2038 595 2059 eo
613 2039 711 2067 nempe
726 2030 801 2066 quod
818 2037 870 2058 nos
893 2030 921 2058 in
940 2038 985 2058 re-

196 2079 250 2107 bus
283 2078 496 2114 insignioribus,
523 2084 641 2113 qtueque
684 2076 839 2110 plurimum
875 2075 990 2103 roboris

197 2123 353 2159 requirunt,
373 2123 471 2151 dextra
503 2122 596 2157 potius
622 2122 730 2149 utimur
756 2128 850 2148 manu.
878 2119 931 2148 Per
946 2124 987 2147 ta-

1365 237 1455 262 λαιον
1472 235 1519 263 ια’.

1075 305 1154 332 Ἐπεὶ
1169 305 1196 331 δὲ
1212 303 1325 330 πλεῖστα
1334 303 1400 338 περὶ
1414 302 1482 329 Θεοῦ
1499 303 1735 338 σωματικώτερον
1746 303 1776 330 ἐν
1787 303 1824 337 τῇ

1040 345 1100 382 θείᾳ
1115 347 1209 382 Γραφῇ
1225 347 1400 382 συμϐολικῶς
1415 348 1549 383 εἰρημένα
1567 348 1743 383 εὑρίσκομεν,
1755 348 1828 374 είδὲ-

1040 399 1084 417 ναι
1097 391 1162 426 χρὴ,
1188 391 1226 424 ὼς
1241 392 1403 428 ἀνθρώπους
1425 392 1506 424 ὄντας
1527 393 1611 428 ἡμᾶς,
1632 394 1679 419 καὶ
1701 393 1734 419 τὸ
1751 393 1826 428 παχῖι

1040 436 1117 463 τοῦτο
1131 437 1241 472 σαρκίον
1256 437 1475 473 περικειμένους,
1490 437 1539 469 τὰς
1552 437 1636 469 θείας,
1648 439 1694 464 καὶ
1708 438 1827 473 ὑψηλὰς,

1040 483 1087 508 καὶ
1106 483 1205 515 ὰΰλους
1226 483 1277 518 τῆς
1292 483 1425 519 Θεότητος
1448 483 1590 520 ἐνεργείας
1615 485 1685 510 νοεῖν
1701 483 1718 519 ἢ
1737 484 1829 517 λέγειν

1039 528 1178 562 ἀδύνατον,
1195 530 1220 556 εί
1231 529 1267 565 μὴ
1283 530 1369 557 εἰκόσι
1383 530 1431 556 καὶ
1444 529 1541 561 τύποις
1552 529 1600 556 καὶ
1614 529 1759 565 συμϐόλοις
1771 531 1830 561 τοῖς

1040 574 1101 600 καθ’
1110 575 1184 610 ἡμᾶς
1200 575 1372 610 χρησαίμεθα
1384 579 1408 603 ³.
1424 576 1494 602 Ὀσα
1504 575 1594 601 τοίνυν
1615 575 1680 611 περὶ
1692 575 1762 602 Θεοῦ
1775 584 1830 601 σω-

1041 620 1176 654 ματικώτε
1180 629 1226 656 ρον
1245 622 1363 657 εῐρηται,
1387 621 1560 656 συμϐολικῶς
1582 622 1640 647 ἐστι
1654 621 1810 656 λελεγμένα
1821 630 1828 636 ”

1039 665 1095 700 ἔχει
1117 666 1144 693 δὲ
1165 666 1334 702 ὑψηλοτέραν
1355 667 1490 694 διάνοιαν
1508 666 1609 694 ἁπλοῦν
1628 666 1682 702 γὰρ
1697 667 1730 693 τὸ
1750 667 1830 693 Θείον

1040 712 1086 737 καὶ
1106 712 1319 747 ἀσχημάτιστον.
1341 712 1512 747 Ὀφθαλμοὺς
1532 712 1582 747 μέν
1597 710 1644 739 οὖν
1662 711 1731 738 Θεοῦ
1744 731 1752 744 ,
1781 713 1830 738 καὶ
1846 722 1855 729 ·

1041 756 1170 792 βλέφαρα,
1200 759 1247 784 καὶ
1263 758 1369 793 ὅρασιν,
1394 758 1442 784 καὶ
1456 758 1505 792 τὴν
1525 758 1652 785 ἁπάντων
1674 757 1829 792 ἐποπικὴν

1039 802 1121 829 αὑτοῦ
1137 802 1261 838 δύναμιν,
1275 803 1322 829 καὶ
1336 803 1367 829 τὸ
1383 803 1517 838 ἀλάθητον
1529 803 1578 839 τῆς
1600 803 1683 830 αὑτοῦ
1697 803 1829 837 γνώσεως

1039 848 1220 883 ἐννοήσωμεν,
1233 848 1287 875 ἀπὸ
1300 848 1347 875 τοῦ
1363 849 1427 884 παρ’
1443 849 1509 884 ἡμῖν
1530 846 1573 875 διὰ
1595 849 1697 883 ταύτης
1718 850 1769 883 τῆς
1786 849 1830 874 ai-

1004 898 1024 925 Β
1041 892 1163 928 σθήσεως
1189 893 1381 929 ἐντελεστέραν
1407 893 1507 928 γνῶσίν
1523 901 1553 920 τε
1568 894 1615 920 καὶ⁵
1634 893 1825 928 πληροφορίαν

1040 939 1205 974 ἐγγίνεσθαι.
1221 937 1291 966 Ὦτα
1310 940 1337 966 δέ
1357 940 1404 966 καὶ
1424 939 1520 975 ἀκοὴν,
1541 939 1572 966 τὸ
1589 939 1761 972 ἐξιλεωτικδν
1779 939 1830 965 αὑ-

1040 985 1098 1016 τοῦ,
1113 985 1160 1012 καὶ
1184 985 1234 1020 τῆς
1248 985 1385 1021 ἡμετέρας
1405 985 1528 1012 δεκτικὸν
1542 985 1670 1020 δεήσεως,
1691 985 1746 1012 Καὶ
1770 986 1830 1020 γάρ

1041 1032 1121 1067 ἡμεῖς
1134 1032 1190 1064 τοῖς
1204 1031 1254 1064 τὰς
1265 1032 1369 1064 ἱκεσίας
1390 1031 1571 1067 ποιουμένοις,
1589 1031 1633 1058 διὰ
1648 1031 1748 1066 ταύτης
1777 1031 1830 1066 τῆς

1042 1078 1193 1112 αίσθήσεως
1218 1078 1342 1113 εὐμενεῖς
1366 1077 1508 1114 γινόμεθα,
1529 1077 1711 1112 γνησιιῖντερον
1731 1077 1830 1108 αὐτοῖς

1041 1124 1071 1150 τὺ
1084 1122 1130 1155 οὗς
1147 1122 1342 1155 ἐπικλίνοντες.
1358 1123 1450 1158 Στόμα
1464 1123 1492 1150 δέ
1515 1123 1562 1149 καὶ
1577 1122 1679 1154 λαλιὰν,
1697 1122 1728 1148 τὸ
1741 1122 1830 1149 ἐνδει-

1042 1167 1135 1194 κτικὸν
1150 1166 1201 1202 τῆς
1216 1166 1370 1202 βουλήσεως
1387 1165 1481 1198 αὐτοῦ,
1498 1166 1530 1193 ἐκ
1548 1166 1596 1193 τοῦ
1615 1167 1680 1201 παρ’
1693 1167 1762 1201 ἡμῖν
1783 1166 1830 1193 διὰ

1043 1213 1176 1248 στόματος
1190 1214 1238 1240 καὶ
1250 1213 1345 1244 λαλιᾶς
1361 1212 1541 1249 σημαίνεσθαι
1557 1212 1591 1240 τὰ
1614 1212 1747 1248 ἑγκάρδια
1763 1213 1829 1248 νοή-

1045 1266 1127 1293 ματα,
1155 1258 1261 1293 Βρῶσιν
1275 1258 1304 1285 δέ
1324 1259 1371 1285 καὶ
1388 1258 1478 1291 πόσιν,
1495 1258 1546 1294 τὴν
1562 1257 1699 1293 ἡμετέραν
1713 1257 1786 1292 πρὸς
1800 1258 1830 1284 τὺ

1043 1303 1125 1332 αὑτοῦ
1142 1304 1248 1340 θέλημα
1277 1305 1440 1340 συνδρομήν.
1458 1304 1514 1332 Καὶ
1538 1303 1593 1339 γὰρ
1619 1303 1765 1338 ἡμεῖς,διά
1780 1304 1830 1338 τῆς

1044 1351 1191 1386 γευστικῆς
1206 1350 1417 1386 αίσθὴσευκ,τὴν
1429 1350 1481 1385 τῆς
1495 1350 1601 1384 φύσεως
1615 1349 1830 1383 ἀναπληροῦμεν

1044 1396 1195 1430 ἀναγκαίαν
1208 1395 1307 1431 δρεξιν.
1325 1395 1477 1431 ὀσφρησιν
1487 1395 1525 1429 δὲ,
1539 1395 1570 1421 τὸ
1581 1394 1771 1422 ἀποδεικτικέν
1781 1395 1831 1428 τῆς

1047 1442 1113 1476 πρὸς
1128 1441 1209 1469 αὑτὸν
1235 1441 1339 1472 ἐννοίας
1348 1440 1554 1472 τεκαὶεὺνοίας,
1577 1440 1609 1466 ἐκ
1623 1438 1669 1466 τοῦ
1685 1439 1753 1474 παρ’
1764 1440 1831 1474 ἡμῖν

1045 1486 1088 1513 διὰ
1101 1485 1202 1521 ταύτης
1215 1487 1264 1521 τῆς
1278 1484 1493 1520 αἱσθήσεω;,τὴν
1507 1485 1556 1519 τῆς
1568 1483 1681 1513 εὐωδίας
1691 1482 1830 1517 ἀποδοχὴν

1006 1532 1027 1560 C
1047 1531 1212 1566 ἐγγίνεσθαι.
1222 1531 1369 1566 Πρόσωπον
1382 1529 1422 1563 δὲ,
1438 1530 1487 1563 τὴν
1496 1529 1529 1556 δι’
1544 1529 1631 1564 ἔργων
1642 1528 1725 1554 αὑτοῦ
1746 1527 1832 1554 ἐνδει-

1048 1577 1088 1610 ξίν
1104 1585 1134 1603 τε
1149 1577 1195 1603 καὶ
1222 1575 1419 1610 ἐμφάνειαν,ἐκ
1443 1574 1492 1601 τοῦ
1517 1574 1566 1609 τὴν
1581 1574 1719 1608 ἡμετέραν
1739 1573 1832 1608 ἐμφά-

1048 1631 1122 1649 νειαν
1131 1622 1176 1649 διὰ
1192 1620 1338 1658 προσώπου
1353 1621 1485 1655 γίνεσθαι.
1495 1621 1594 1655 Χεῖρας
1610 1619 1649 1651 δέ,
1672 1619 1704 1645 τὸ
1720 1620 1833 1646 ἀνυστι-

1035 1661 1084 1689 κδν
1096 1661 1147 1697 τῆς
1157 1661 1297 1697 ἐνεργείας
1313 1662 1407 1690 αὐτοῦ.
1416 1662 1471 1689 Καὶ
1485 1663 1540 1698 γὰρ
1555 1662 1636 1697 ἡμεῖς
1651 1661 1684 1688 τὰ
1698 1663 1833 1696 χρειώδη·

1037 1707 1085 1735 καὶ
1100 1707 1217 1742 μάλιστα
1233 1707 1385 1744 τιμιώτερα
1398 1708 1443 1735 διὰ
1467 1708 1522 1735 τῶν
1538 1708 1650 1734 οἰκείων
1681 1709 1836 1745 κατορθοῦ-

1038 1762 1088 1789 μεν
1101 1753 1211 1789 χειρῶν.
1234 1754 1329 1787 Δεξιὰν
1355 1754 1396 1786 δὲ,
1420 1754 1470 1790 τὴν
1484 1754 1530 1781 ἐπὶ
1546 1756 1603 1786 τοῖς
1626 1754 1727 1787 αἰσίοις
1745 1756 1834 1783 αὐτοῦ

1037 1799 1175 1835 βοήθειαν,
1186 1801 1219 1827 ἐκ
1231 1799 1279 1827 τοῦ
1294 1801 1342 1827 καὶ
1354 1801 1429 1836 ἡμᾶς
1445 1800 1546 1836 μᾶλλον
1559 1801 1604 1827 ἐπὶ
1615 1800 1669 1827 τῶν
1690 1801 1834 1837 εὐσχημο-

1035 1847 1134 1881 τέρων,
1150 1847 1198 1874 καὶ
1212 1847 1397 1882 τιμιωτέρων,
1419 1847 1467 1874 καὶ
1478 1847 1608 1882 πλείστης
1627 1846 1720 1882 ἰσχύος
1733 1847 1834 1884 δεομέ-

1037 1899 1090 1917 νων
1105 1892 1138 1926 τῇ
1154 1890 1230 1927 δεξιᾷ
1243 1891 1407 1926 κεχρῆσθαι.
1423 1891 1592 1927 Ψηλάφησιν
1603 1891 1642 1924 δέ,
1657 1892 1708 1928 τὴν
1718 1893 1834 1928 ἀκριϐε-

1037 1936 1137 1971 στέραν
1153 1937 1248 1970 αὑτοῦ,
1262 1938 1310 1964 καί¹
1325 1937 1374 1973 τὴν
1389 1938 1450 1965 λίαν
1464 1938 1572 1965 λεπτῶν
1584 1947 1624 1970 τε,
1639 1939 1688 1966 καὶ
1701 1940 1834 1975 κρυπτῶν

1036 1982 1182 2016 διάγνωσίν
1196 1990 1235 2016 τε,
1255 1983 1303 2010 καὶ
1325 1984 1479 2020 εἴσπραξιν,
1495 1985 1527 2011 ἐκ
1546 1984 1594 2011 τοῦ
1615 1986 1681 2021 παρ’
1698 1987 1769 2021 ἡμῖν
1797 1986 1834 2022 μὴ

1036 2027 1168 2055 δύνασθαι
1177 2029 1240 2060 τοὺς
1254 2029 1475 2065 ψηλαφωμένους
1487 2030 1516 2056 ἐν
1528 2030 1636 2063 ἑαυτοῖς
1648 2039 1675 2057 τι
1687 2031 1833 2067 κρύπτειν.

1038 2073 1125 2106 uasa;
1135 2074 1163 2101 δὲ
1179 2075 1226 2103 καὶ
1243 2075 1359 2110 βάδισιν,
1375 2075 1425 2111 τήν
1436 2076 1505 2112 πρὸς
1522 2076 1685 2112 ἐπικουρίαν
1702 2077 1760 2105 τῶν
1777 2078 1835 2105 δεο-

1038 2119 1140 2154 μένων,
1166 2120 1182 2155 ἢ
1208 2120 1314 2156 ἐχθρῶν
1335 2121 1453 2157 ἄμυναν,
1481 2122 1602 2158 ἡᾶλλην
1621 2122 1683 2150 τινὰ
1716 2123 1831 2158 πρᾶξιν,

197 2175 284 2202 ctum,
301 2169 486 2198 certissimam
511 2168 600 2203 ipsius
622 2166 873 2195 minutissimarum
891 2173 924 2192 ac
941 2172 974 2193 oc

1056 2166 1144 2193 λευσίν
1159 2175 1200 2200 τε,
1216 2167 1264 2194 καὶ
1280 2167 1443 2203 παρουσίαν,
1455 2167 1489 2195 ἔκ
1507 2167 1554 2195 τοῦ
1571 2169 1637 2204 παρ’
1648 2170 1664 2205 ἡ
1670 2169 1774 2204 μίνδιά
1786 2170 1835 2205 τῆς

197 2216 415 2245 cultissimarum
445 2220 538 2242 rerum
564 2213 786 2248 explorationem
805 2215 834 2240 et.
861 2211 987 2240 exactio-

198 2268 285 2288 nem:
314 2259 351 2287 ob
381 2258 410 2286 id
433 2258 552 2292 scilicet,
592 2257 665 2294 quod
695 2257 734 2285 illi
765 2264 887 2293 quoque,
916 2264 987 2292 quos

198 2309 415 2337 contrectamus,
443 2304 512 2332 nihil
535 2305 563 2332 in
579 2312 609 2332 se
634 2305 776 2332 occultare
801 2309 917 2340 queant.
935 2304 986 2332 Per

198 2349 283 2386 pedes
298 2355 325 2378 et
340 2349 540 2383 incessionem,
555 2350 706 2378 adventant
721 2350 810 2384 ipsius
825 2354 852 2377 et
867 2357 987 2384 praesen-

199 2399 277 2429 tiam,
305 2396 347 2424 vel
370 2396 404 2423 ad
430 2403 511 2431 opem
535 2395 680 2432 egentibus
707 2395 860 2429 ferendam,
887 2396 930 2424 vel
954 2395 989 2423 ad

200 2444 294 2472 hostes
312 2443 498 2476 ulciscendos,
513 2443 556 2471 vel
584 2442 618 2470 ad
633 2450 690 2471 rem
714 2443 798 2470 aliam
814 2443 964 2478 gerendam
981 2452 988 2471 :

198 2491 272 2526 quod
298 2490 430 2517 nimirum
447 2489 527 2517 nobis
544 2496 655 2524 quoque
671 2489 723 2516 hoc
741 2489 826 2524 pedes
847 2493 991 2525 praestent,

200 2540 230 2562 ut
245 2534 278 2563 ad
296 2535 387 2562 locum
403 2533 524 2569 aliquem
547 2534 752 2568 perveniamus.
779 2533 833 2561 Per
846 2534 992 2569 jusjuran-

200 2582 275 2612 dum.
303 2580 414 2608 consilii
439 2580 500 2615 ejus
524 2579 803 2607 immutabilitatem:
828 2580 902 2615 quod
918 2580 990 2616 apud

201 2636 252 2656 nos
279 2627 446 2663 interposito
459 2626 641 2662 jurejurando
661 2631 754 2653 mutua
779 2631 858 2661 pacta
882 2626 994 2654 ﬁrmen-

201 2680 255 2701 tur.
279 2673 331 2701 Pcr
361 2674 431 2701 iram
458 2677 485 2701 et
510 2673 641 2705 furorem,
671 2672 807 2700 infensam
838 2673 898 2708 ejus
927 2680 991 2707 erga

202 2719 335 2746 malitiam
357 2718 530 2746 voluntatem
555 2725 587 2745 ac
616 2717 722 2750 odium,
749 2716 817 2744 Nam
842 2722 869 2744 ct
884 2725 933 2745 nos
959 2724 991 2744 ea

201 2771 262 2797 qum
278 2770 340 2790 cum
366 2762 510 2790 voluntate
532 2765 558 2789 ct
574 2762 713 2812 gntcntia
744 2765 838 2788 nostra
866 2765 991 2795 pugnant

201 2810 264 2837 odio
276 2809 418 2843 habentes.
434 2809 462 2837 in
480 2809 549 2837 iram
567 2806 788 2844 piorumpimns.
849 2806 901 2834 l‘er
920 2806 992 2834 obli-

1037 2211 1092 2239 τῶν
1106 2212 1193 2239 ποδῶν
1203 2213 1329 2248 χρήσεως
1340 2213 1533 2242 ἀποτελεῖσθαι
1547 2215 1596 2249 τὴν
1609 2215 1713 2249 ἄφιξιν.
1728 2216 1834 2252 Ὅρκον

1036 2258 1076 2290 δὲ,
1093 2257 1124 2285 τὸ
1143 2259 1312 2294 ἀμετάθετον
1335 2259 1387 2295 τῆς
1413 2259 1513 2296 βουλῆς
1527 2260 1622 2291 αὑτοῦ.
1648 2262 1681 2288 ὲκ
1699 2261 1749 2288 τοῦ
1768 2263 1833 2297 παρ’

1037 2304 1104 2338 ἡμῖν
1123 2304 1156 2330 δι’
1179 2304 1262 2340 ὅρκου
1276 2305 1325 2337 τὰς
1344 2305 1413 2341 πρὸς
1428 2306 1562 2341 ἀλλήλους
1575 2306 1753 2341 βεσαιοῠσθαι
1770 2317 1832 2334 συν-

1038 2350 1135 2385 θήκας.
1171 2351 1271 2387 Ὀργὴν
1289 2351 1318 2378 δέ
1334 2352 1381 2379 καὶ
1405 2351 1502 2388 θυμὸν.
1519 2353 1568 2388 τὴν
1589 2353 1658 2388 πρὸς
1669 2353 1721 2389 τὴν
1735 2355 1834 2381 κακίαν

1038 2395 1189 2431 ἀπέχθειάν
1214 2405 1245 2423 τε
1271 2397 1319 2424 καὶ
1333 2398 1523 2433 ἀποστροφήν.
1547 2398 1602 2424 Καὶ
1616 2398 1672 2434 γὰρ
1699 2399 1786 2434 ἡμεῖς
1802 2399 1835 2425 τὰ

1038 2442 1148 2469 ἐναντία
1167 2443 1217 2478 τῆς
1239 2442 1353 2478 γνώμης
1377 2443 1520 2478 μισοῦντες
1534 2443 1714 2479 ὀργιζόμεθα.
1742 2444 1835 2480 Δὴθην

1038 2487 1078 2520 δέ,
1094 2488 1141 2515 καὶ
1171 2487 1267 2520 ὕπνον,
1287 2488 1334 2515 καὶ
1358 2488 1524 2524 νυσταγμδν,
1549 2489 1600 2524 τὴν
1622 2489 1774 2525 ὑπέρθεσιν
1787 2491 1835 2524 τῆς

1040 2534 1094 2561 τῶν
1111 2534 1217 2570 ἐχθρῶν
1243 2533 1363 2570 ἀμύνης,
1380 2535 1429 2560 καὶ
1451 2534 1501 2570 τὴν
1531 2534 1581 2570 τῆς
1608 2535 1742 2570 συνήθους
1769 2535 1836 2570 πρὸς

1042 2581 1105 2612 τοὺς
1121 2581 1239 2612 οἰκείους
1259 2580 1385 2616 βοηθείας
1411 2580 1549 2616 ἀναϐολήν
1559 2589 1565 2596 ·
1583 2581 1629 2608 καὶ
1642 2581 1737 2613 ἁπλῶς
1750 2583 1836 2608 εἰπεῖν

1042 2627 1133 2654 πάντα
1149 2627 1184 2654 τὰ
1200 2627 1366 2662 σωματικῶς
1378 2627 1513 2663 εἰρημένα
1525 2627 1571 2654 ἐπὶ
1583 2627 1662 2660 Θεοῦ,
1677 2626 1835 2663 κεκρυμμέ-

1041 2681 1091 2708 νην
1107 2672 1162 2707 ἔχει
1181 2672 1243 2699 τινὰ
1266 2671 1383 2706 ἔννοιαν,
1403 2673 1436 2699 ἐκ
1450 2673 1504 2700 τῶν
1535 2672 1595 2699 καθ’
1611 2674 1685 2708 ἡμᾶς
1707 2673 1744 2700 τὰ
1767 2674 1835 2707 ὑπὲρ

1041 2719 1116 2753 ἡμᾶς
1141 2719 1364 2752 ἐκδιδάσκουσαν,
1390 2719 1415 2746 εί
1432 2719 1469 2755 μή
1489 2727 1515 2746 τι
1530 2719 1654 2755 περὶτῆς
1677 2719 1836 2754 σωματικῆς

1045 2764 1091 2790 τοῦ
1109 2764 1176 2791 Θεοῦ
1193 2765 1281 2799 Λόγου
1294 2765 1443 2800 ἐπιδημίας
1458 2765 1575 2800 εἴρηται.
1585 2765 1671 2797 Αὐτὸς
1683 2765 1737 2801 γὰρ
1750 2765 1835 2792 πάντα

1046 2811 1090 2839 τὸν
1107 2811 1248 2844 ἄνθρωπον
1265 2813 1286 2829 ⁵⁸
1304 2811 1351 2838 διὰ
1365 2812 1414 2846 τὴν
1432 2812 1570 2845 ἡμετέραν
1591 2811 1730 2844 σωτηρίαν
1747 2811 1835 2839 ἀνεδέ-
