1893 3081
80 150 133 185 1ὶι3
562 147 751 179 PANOPLIA
771 145 873 177 DOGM

937 146 1002 177 CCA.
1023 158 1058 163 -
1076 146 1151 177 TlT.
1173 146 1233 176 Ill.
1659 145 1711 178 154

77 211 154 243 ξατο,
176 208 269 244 ψυχὴν
288 207 398 243 νοερὰν,
414 206 461 234 καὶ
478 206 570 242 σῶμα,
585 206 630 233 καὶ
651 213 685 232 τα
700 207 750 241 τῆς
765 205 871 240 ἀνθρω-

941 206 1042 238 ionem,
1069 213 1196 232 somnum
1221 210 1247 232 et
1273 205 1509 236 dormitationeui.
1537 205 1711 233 animadver—

78 257 161 287 πίνης
176 255 286 290 φύσεως
303 254 448 289 ἰδιώματα,
464 252 498 280 τά
508 261 536 279 τε
549 252 651 287 φυσικὰ
667 252 716 279 καὶ
739 251 873 286 ἀδιάϐληο

940 252 1009 279 iouis
1024 251 1051 278 in
1070 252 1163 278 hostes
1179 251 1349 283 dilationem,
1371 252 1556 286 temporisque
1572 259 1662 278 moras
1681 253 1707 278 in

77 311 111 328 τα
128 301 215 335 πάθη.
922 297 1023 325 auxilio
1043 302 1174 325 consueto
1194 297 1310 325 ferendo
1345 297 1379 324 iis
1399 305 1469 332 quos
1486 298 1584 324 charos
1606 305 1638 324 ac
1658 305 1709 324 ne-

78 349 218 377 cessarios
238 347 331 375 habet.
358 346 493 381 Denique,
509 350 538 372 ut
555 354 609 373 uno
624 345 707 373 verbo
727 345 827 374 dicam,
845 344 873 372 in
889 345 922 372 iis
933 344 1062 372 omnibus
1077 352 1137 379 qua:
1154 345 1188 372 de
1204 344 1259 371 Deo
1270 352 1404 379 corporeo
1419 345 1501 372 modo
1518 344 1706 376 euuntiantur,

79 395 224 422 abstrusus
241 395 351 429 quidam
367 401 466 421 sensus
483 393 571 425 inest,
591 399 647 427 quo
661 400 710 427 per
728 392 772 418 illa
788 399 847 426 qum
862 391 941 419 nobis
958 396 1132 427 congruunt,
1149 399 1180 418 ea
1197 399 1258 426 quae
1275 399 1358 426 supra
1375 399 1427 419 nos
1448 396 1512 419 sunt
1531 392 1678 419 edocemur
1695 402 1702 420 :

69 434 134 468 ‘nisi
150 441 221 468 forte
237 440 379 475 quidpiam
397 439 431 467 de
445 447 579 474 corporeo
594 438 641 466 Dei
654 439 772 466 adventu
787 438 891 466 dictum
907 442 961 465 est.
974 438 1042 465 Nam
1063 437 1122 472 ipse
1138 443 1224 465 totum
1242 437 1381 465 hominem
1396 438 1492 465 salutis
1509 443 1609 465 nostra
1623 446 1707 464 causa

80 488 224 522 suscepit;
246 487 298 514 hnc
312 491 355 514 est
376 486 495 513 animam
513 485 710 521 intelligentem
722 505 729 517 ,
754 490 780 512 et
799 492 908 519 corpus,
925 489 1008 519 atque
1028 485 1152 512 humanze
1168 489 1271 512 natura:
1289 484 1488 520 proprietates,
1505 492 1612 512 necnon
1628 490 1710 512 natu-

80 535 165 566 rales,
181 534 309 571 nullique,
320 532 528 568 reprehensioni
546 531 679 559 obnoxias
695 532 846 566 passiones.

156 581 213 608 Τοῦ
232 580 327 608 αὐτοῦ
345 580 412 613 περὶ
435 579 541 606 τόπου.
559 577 729 612 Κεφάλαιον
755 580 789 612 ιγ’

119 628 212 658 Τόπος
232 627 293 653 ἐστὶ
323 625 479 661 σωματικὰς
503 626 591 659 πέρας
615 623 663 650 τοῦ
688 624 871 658 περιέχοντος,

80 674 142 701 καθ’
155 675 168 701 5
193 673 352 708 περιέχεται
370 672 401 698 τὸ
419 671 625 706 περιεχόμενον.
643 668 705 696 Οἷον
719 671 733 696 ὁ
749 670 803 704 ἀὴρ
822 678 873 696 πε-

42 727 49 733 ·
80 721 182 755 ριέχει,
197 719 227 745 τὸ
244 719 272 745 δὲ
288 718 367 752 σῶμα
382 717 550 752 περιέχεται.
564 716 620 750 Οὐχ
633 715 693 747 ὅλος
718 715 747 741 δὲ
765 715 779 741 ὁ
796 723 873 749 περι-

80 767 155 800 έχων
165 765 220 800 ἀὴρ
228 764 310 795 τόπος
324 764 382 789 ἐστὶ
393 762 440 790 τοῦ
452 763 645 797 περιεχομένου
656 760 793 795 σώματος,
804 760 871 787 ἀλλὰ

80 813 110 839 τὺ
126 813 206 842 τέλος
220 811 268 838 τοῦ
288 811 460 846 περιέχοντος
477 809 558 844 ἀέρος
570 809 600 835 τὸ
614 808 802 842 ἐφαπτόμενον
824 806 871 833 τοῦ

81 857 283 893 περιεχομένου
299 857 433 891 σώματος.
456 855 530 882 Ἐστι
547 855 575 881 δὲ
590 856 637 880 καὶ
663 854 757 888 νοητὸς
777 853 870 884 τόπος,

82 892 149 932 ἓνδα
176 905 288 935 νοεῖται,
316 903 364 930 καὶ
391 902 464 928 ἔστιν
497 903 514 936 ή
540 901 624 935 νοητὴ
653 901 701 927 καὶ
725 899 870 934 ἀσώματος
888 892 908 918 Β

83 953 182 987 φύσις·
198 949 319 985 ἑνθαπέρ
335 949 393 975 ἐστι
408 949 456 974 καὶ
471 948 587 982 ἐνεργεῖ,
602 946 648 972 καὶ
661 946 692 972 οὐ
707 944 872 980 σωματικῶς

84 997 258 1033 περιέχεται,
279 995 347 1022 ἀλλὰ
369 994 483 1028 νοητῶς.
504 994 541 1020 Οὐ
561 993 616 1026 γὰρ
633 991 690 1026 ἔχει
707 991 812 1026 σχῆμα,
829 990 873 1016 ἵνα

85 1043 253 1079 σωματικῶς
269 1041 429 1077 περιοχεθῇ.
451 1040 482 1067 '0
502 1039 552 1074 μὲν
574 1037 622 1066 οῦν
638 1038 705 1070 Θεὸς
724 1038 805 1070 ᾶῦλος
825 1037 873 1071 ὢν,

85 1091 132 1116 aut
150 1088 359 1124 ἀπερίγραπτος
382 1088 412 1113 ὲν
434 1086 509 1121 τόπῳ
528 1086 578 1111 οὐκ
598 1084 683 1111 ἐστιν.
707 1083 794 1114 Αὐτὸς
819 1083 874 1118 γὰρ

86 1135 186 1162 ἑαυτοῦ
207 1135 287 1165 τόπος
316 1133 391 1160 ἐστὶν
408 1133 423 1159 ό
441 1132 475 1159 τὰ
501 1131 646 1165 σύμπαντα
678 1129 801 1165 πληρῶν,
827 1131 875 1155 καὶ

87 1181 158 1216 ὑπὲρ
170 1179 206 1206 τὰ
222 1179 313 1206 πάντα
325 1177 375 1209 ὣν,
388 1177 437 1204 καὶ
462 1176 545 1208 αὐτὸς
570 1175 690 1210 συνέχων
712 1175 746 1202 τὰ
774 1175 873 1201 πάντα.

89 1226 206 1260 Λέγεται
229 1223 259 1251 δὲ
283 1223 331 1250 καὶ
355 1223 385 1249 ἐν
403 1222 479 1256 τόπῳ
496 1217 575 1253 εἶναι,
593 1219 640 1246 καὶ
664 1219 774 1254 λέγεται
793 1218 874 1249 τόπος

89 1272 168 1305 Θεοῦ,
185 1271 251 1298 ἔνθα
264 1269 374 1304 ἔκδηλος
388 1270 404 1303 ὴ
416 1268 542 1305 ἐνέργεια
557 1265 640 1293 αὐτοῦ
660 1265 774 1299 γίνεται.
791 1264 875 1295 Δὺτδς

90 1320 143 1353 γὰρ
157 1303 203 1344 διὰ
221 1303 332 1343 πάντων
347 1303 454 1349 ἀμιγιῦς
462 1313 561 1347 διήκει,
573 1313 619 1338 καὶ
628 1312 695 1338 πᾶσι
710 1310 874 1345 μεταδίδωσι

91 1367 138 1401 τῆς
161 1363 263 1390 ἑαυτοῦ
280 1361 422 1397 ἐνεργείας
437 1359 507 1386 κατὰ
522 1358 571 1393 τὴν
585 1358 703 1384 ἑκάστου
726 1355 876 1390 ἐπιτηδειόο

91 1419 158 1446 τητα
173 1411 222 1436 καὶ
234 1408 363 1442 δεκτικὴν
377 1406 502 1441 δύναμιν,
513 1405 585 1440 φημὶ
600 1404 631 1438 δὴ
649 1403 699 1438 τήν
711 1411 741 1429 τε
755 1402 874 1437 φυσικὴν

93 1457 137 1483 καὶ
152 1455 352 1490 προαιρετικὴν
371 1452 554 1487 καθαρότητα.
582 1448 769 1484 Καθαρὼτερα
789 1447 817 1474 δὲ
841 1448 875 1473 τα

91 1503 158 1530 ᾰῠλα
174 1502 230 1528 τῶν
246 1500 359 1532 ὑλικῶν,
375 1498 422 1526 καὶ
446 1499 480 1524 τὰ
500 1497 615 1532 ὲνάρετα
630 1495 684 1522 τῶν
699 1494 783 1529 κακίᾳ
799 1503 876 1520 συνε-

91 1548 261 1583 ζευγμένων.
281 1547 398 1580 Λέγεται
414 1544 560 1578 τοιγαροῦν
574 1541 642 1569 Θεοῦ
664 1541 745 1572 τόπος
764 1542 778 1567 ό
794 1540 874 1566 πλέον

91 1597 214 1631 μετέχων
229 1595 279 1630 τῆς
299 1593 437 1629 ἐνεργείας
454 1590 563 1625 καὶτῆς
582 1590 692 1625 χάριτος
713 1588 805 1615 αὑτοῦ.
823 1588 875 1614 Διὰ

90 1646 168 1670 τοῦτο
188 1643 203 1669 ὸ
225 1640 340 1676 οὐρανὸς
354 1638 437 1666 αὑτοῦ
452 1637 556 1672 θρόνος.
581 1636 626 1662 Ἐν
648 1634 721 1668 αὺτῴ
736 1634 790 1668 γάρ
806 1633 875 1659 εἰσιν

89 1693 112 1718 οἱ
126 1690 270 1719 ποιοῦντες
287 1687 316 1713 τὸ
328 1686 434 1720 θέλημα
450 1683 532 1710 αὑτοῦ
541 1681 661 1715 ἄγγελοι,
676 1680 723 1707 καὶ
734 1680 778 1706 ἀεὶ
796 1679 873 1712 δοξά-

91 1739 183 1770 ζοντες
197 1734 291 1762 αὐτόν.
309 1732 384 1766 Αὕτη
400 1732 455 1766 γὰρ
471 1729 546 1764 αὐτῷ
562 1729 724 1759 ἀνάπαυσις.
745 1728 791 1754 καὶ
807 1727 823 1761 ὴ
838 1726 873 1760 γῆ

91 1782 237 1810 ὑποπόδιον
249 1779 305 1807 τῶν
321 1778 409 1805 ποδῶν
422 1775 515 1803 αὑτοῦ.
533 1775 577 1801 Ἑν
592 1775 661 1809 αὐτῇ
675 1774 729 1809 γὰρ
746 1772 791 1799 διὰ
808 1780 874 1807 σαρ-

90 1830 135 1861 κὸς
157 1830 215 1860 τοῖς
239 1825 396 1861 ἀνθρώποις
411 1821 631 1856 συνανεστράφη.
645 1820 716 1852 lion;
733 1819 760 1846 δὲ
775 1817 842 1845 Θεοῦ
858 1818 874 1852 ἠ

89 1878 155 1909 ἁγία
175 1873 247 1909 σὰρξ
262 1871 344 1900 αὐτοῦ
359 1869 495 1905 διαφόρως
514 1868 682 1902 ὠνόμασται.
697 1865 812 1899 Λέγεται
828 1864 876 1890 καὶ

90 1924 106 1957 ὴ
125 1920 277 1955 Ἐκκλησία
290 1918 372 1949 τόπος
387 1914 465 1942 Θεοῦ.
480 1915 588 1947 Ταύτην
601 1912 655 1947 γὰρ
669 1911 709 1942 εις
722 1909 876 1957 δρξολογεαν

90 1953 296 2000 αὑτοῦ,·ὦιτπερ
311 1972 337 1990 τι
355 1962 468 1997 τέμενος
483 1959 671 1994 ἀφωρίσαμεν,
687 1957 716 1983 ἐν
728 1953 750 1991 ᾧ
765 1955 814 1982 καὶ
827 1955 876 1986 τὰς

90 2016 159 2049 πρὸς
177 2011 261 2040 αὐτὸν
275 2009 410 2041 ἐντεύξεις
427 2006 589 2042 ποιούμεθα.
609 2003 727 2039 Ὁμοίως
741 2002 787 2029 καὶ
799 2002 823 2028 ot
834 2001 877 2027 τό-

91 2046 146 2091 τοι,
166 2060 195 2084 ὲν
208 2055 248 2089 οἷς
264 2055 376 2091 ἔκδηλος
395 2055 460 2089 ἡμῖν
474 2053 491 2088 ἡ
507 2052 632 2088 ἐνέργεια
652 2048 746 2081 αὑτοῦ,
762 2047 816 2074 εἴτε
833 2046 877 2073 διὰ

91 2105 207 2140 σαρκδς,
224 2104 281 2129 εἴτε
297 2103 363 2130 ἄνευ
385 2100 510 2136 σώματος
526 2099 633 2133 γέγονε,
655 2095 732 2123 τόποι
751 2094 819 2121 Θεοῦ
833 2093 878 2140 λέ-

90 2138 197 2186 γονται.
222 2148 323 2175 Ὶστέον
340 2146 369 2174 δὲ
385 2147 426 2173 ὃτι
439 2145 469 2172 τὺ
485 2144 563 2171 Θεῖον
582 2142 685 2178 ἀμερές
709 2141 793 2172 ἐστιν,
818 2138 878 2166 ὅλον

89 2197 192 2229 ὁλικῶς
209 2192 347 2228 πανταχοῦ
360 2192 400 2226 ὃν,
413 2191 460 2218 καὶ
474 2190 506 2218 οῦ
524 2189 606 2226 μέρος
618 2190 647 2215 ὲν
664 2187 742 2223 μέρει
757 2192 878 2219 σωματι-

1095 577 1220 611 Ejusdem
1242 577 1273 604 de
1293 577 1358 608 loco,
1373 585 1404 605 ea:
1419 578 1525 612 capJS.

956 624 1045 652 Locus
1064 631 1212 658 corporeus
1225 628 1266 651 est
1284 624 1416 651 terminus
1442 625 1621 657 continentis,
1642 633 1711 661 qua-

921 674 1000 697 tenus
1013 669 1135 696 continet
1146 669 1184 699 id.
1200 669 1272 704 quod
1290 669 1456 696 continetur.
1479 670 1598 705 Exempli
1611 671 1710 706 gratia,

920 723 966 742 aer
981 714 1102 742 continet
1117 714 1200 742 hocce
1221 719 1335 749 'corpus.
1358 714 1458 742 Verum
1480 723 1534 742 non
1559 721 1641 749 totus,
1665 718 1710 751 qui

920 761 1125 796 comprehendit
1140 769 1197 794 aer,
1213 762 1403 796 comprehensi
1428 762 1549 795 corporis
1567 762 1643 789 locus
1657 768 1710 795 est,

921 808 968 834 sed
985 808 1056 834 acris
1083 807 1228 833 ambientis
1250 806 1419 838 extremitas,
1442 814 1502 840 qua:
1519 814 1617 841 corpus
1633 815 1710 834 com-

923 854 1088 889 prehensum
1106 853 1222 888 attingit.
1239 852 1315 886 Quod
1331 857 1422 879 autent
1446 853 1578 884 continet.
1599 853 1712 881 omnino

923 899 949 925 iu
968 906 1001 926 eo
1017 902 1136 930 nonest,
1165 898 1236 932 quod
1262 898 1427 924 continetur.
1455 896 1501 924 Est
1525 898 1605 924 etiam
1634 898 1710 925 locus

923 945 1111 980 intelligibilis,
1134 944 1180 971 ubi
1198 943 1356 978 intelligitur
1368 946 1396 970 et
1419 947 1461 970 est
1486 948 1582 970 natura
1610 943 1711 970 intelli-

923 991 1024 1026 gibilis.
1040 994 1068 1018 et
1079 991 1251 1024 incorporea.
1269 989 1319 1017 Ubi
1340 989 1427 1019 adest,
1443 993 1470 1015 et
1483 989 1547 1024 agit,
1563 994 1590 1016 et
1606 989 1711 1016 ratione

924 1044 978 1064 non
1001 1043 1142 1070 corporea,
1166 1035 1214 1062 sed
1242 1034 1403 1070 iutelligibili
1427 1034 1594 1062 continetur.
1619 1033 1712 1068 Neque

923 1083 997 1110 enim
1025 1083 1138 1116 ﬁgurant
1167 1081 1265 1114 habet,
1292 1085 1322 1108 ut
1346 1082 1450 1108 ratione
1473 1088 1602 1115 corporea
1636 1089 1712 1109 com-

925 1129 1119 1164 prehendatur.
1136 1127 1225 1160 Quare
1241 1127 1321 1159 Deus,
1336 1135 1398 1155 cum
1414 1128 1536 1154 materia:
1549 1127 1585 1154 sit
1603 1134 1711 1162 expers,

924 1180 952 1201 et
976 1174 1162 1202 circumscribi
1191 1178 1321 1208 nequeat,
1347 1173 1374 1200 in
1401 1173 1459 1201 loco
1494 1180 1548 1200 non
1575 1178 1626 1200 est.
1655 1173 1712 1208 Ipse

925 1219 997 1247 enim
1013 1220 1055 1247 sui
1083 1219 1171 1254 ipsius
1195 1224 1237 1246 est
1261 1219 1348 1250 locus,
1373 1219 1418 1253 qui
1440 1218 1532 1246 omnia
1556 1218 1660 1253 implet,
1684 1223 1713 1245 et

925 1273 1008 1300 supra
1029 1265 1119 1292 omnia
1135 1271 1188 1296 est,
1210 1269 1238 1291 et
1262 1264 1454 1299 complectitur
1482 1263 1583 1290 omnia.
1611 1264 1714 1291 Dicitur

925 1317 1017 1338 tamen
1030 1315 1058 1338 et
1081 1312 1108 1338 in
1128 1311 1188 1338 lcco
1211 1317 1281 1342 esse,
1309 1314 1336 1336 et
1364 1309 1411 1336 Dei
1434 1309 1510 1336 locus
1531 1309 1641 1342 dicitur,
1666 1311 1711 1337 ubi

926 1359 998 1386 actio
1026 1357 1085 1392 ejus
1112 1356 1255 1392 perspicua
1288 1356 1327 1383 tit.
1352 1356 1410 1391 Ipse
1444 1357 1516 1383 enim
1540 1363 1589 1391 per
1621 1357 1713 1383 omnia

927 1404 1025 1432 transit
1041 1403 1100 1430 sine
1123 1403 1262 1434 mistione,
1284 1405 1312 1430 et
1327 1403 1462 1429 actionem
1485 1409 1561 1429 suam
1585 1402 1715 1429 omnibus
1734 1433 1739 1437 η

926 1450 1108 1478 communicat
1133 1456 1182 1484 pro
1209 1452 1270 1483 apta
1294 1448 1427 1482 cujusque
1447 1448 1480 1475 ad
1507 1447 1712 1483 suscipiendum

927 1497 1068 1524 facultate.
1086 1495 1233 1523 Puritatem
1258 1494 1329 1526 dico,
1347 1499 1372 1521 et
1391 1494 1554 1526 naturalem,
1573 1500 1602 1522 et
1617 1495 1714 1522 volun-

930 1543 1036 1571 tariam.
1055 1542 1168 1570 Puriora
1187 1546 1277 1568 autem
1299 1546 1373 1573 sunt,
1386 1549 1446 1575 qua:
1470 1541 1581 1568 materia
1607 1547 1711 1572 carent,

926 1598 1008 1625 quam
1024 1597 1085 1624 qua:
1109 1589 1137 1615 in
1159 1588 1270 1615 materia
1294 1588 1421 1623 depressa
1437 1591 1502 1614 sunt
1518 1596 1525 1613 :
1541 1592 1568 1614 et
1581 1595 1641 1622 quae
1656 1587 1712 1615 virs
1735 1582 1746 1587 “

927 1641 984 1664 tute
998 1639 1062 1663 sunt
1082 1634 1204 1670 pratdita,
1218 1641 1298 1669 quam
1323 1640 1365 1666 ea,
1386 1641 1445 1668 quze
1470 1639 1533 1660 sunt
1555 1641 1616 1660 cum
1642 1634 1716 1660 vitiis

926 1684 1081 1719 conjuncta.
1098 1681 1201 1709 Dicitur
1221 1680 1300 1716 igitur
1315 1679 1361 1707 Dei
1380 1680 1465 1712 locus,
1478 1680 1523 1714 qui
1547 1680 1606 1714 plus
1630 1680 1712 1707 habet

926 1729 1043 1757 actionis
1057 1728 1115 1762 ejus
1130 1731 1157 1754 et
1174 1727 1274 1762 gratiae.
1294 1725 1398 1753 Idcirco
1411 1726 1489 1753 sedes
1511 1725 1596 1759 ipsius
1621 1726 1715 1760 appel-

926 1776 997 1803 latur
1021 1774 1132 1806 coelum,
1147 1772 1219 1808 quod
1233 1773 1273 1806 {in
1303 1778 1336 1798 eo
1363 1775 1427 1798 sunt
1452 1771 1550 1805 angeli,
1577 1771 1624 1806 qui
1654 1771 1717 1805 ejus

926 1821 1114 1856 obtemperant
1127 1817 1268 1851 voluntati,
1292 1823 1319 1845 et
1334 1824 1396 1845 eum
1421 1825 1530 1851 semper
1547 1817 1712 1845 collaudant.

927 1868 988 1896 Haec
1001 1867 1073 1895 enim
1090 1866 1138 1901 ipsi
1152 1866 1228 1900 quies
1242 1870 1294 1892 est.
1311 1864 1344 1891 Et
1357 1870 1427 1892 terra
1451 1863 1596 1890 scabellum
1613 1864 1715 1890 dicitur

926 1914 1025 1950 pedum
1042 1913 1138 1948 ipsius.
1150 1911 1181 1939 In
1197 1911 1248 1939 hac
1262 1911 1336 1939 enim
1352 1918 1399 1946 per
1419 1917 1528 1937 carnem
1541 1917 1603 1938 cum
1623 1909 1720 1936 homi-

926 1960 1009 1988 nibus
1024 1962 1147 1986 versatus
1161 1961 1214 1985 est.
1228 1957 1278 1984 Pes
1293 1961 1382 1983 autem
1398 1956 1446 1982 Dei
1463 1959 1557 1982 sancta
1571 1956 1631 1990 ejus
1652 1963 1717 1982 caro

927 2005 1101 2034 multifariam
1142 2008 1185 2031 est
1215 2003 1358 2038 appellata.
1393 2001 1498 2028 Dicitur
1529 2006 1556 2028 et
1601 2001 1719 2029 eecles'a

927 2051 1003 2079 locus
1025 2050 1086 2078 Dei.
1110 2048 1185 2076 Hanc
1205 2048 1278 2076 enim
1304 2047 1337 2075 ad
1365 2048 1424 2082 ejus
1447 2047 1570 2081 gloriam,
1596 2051 1625 2073 ut
1647 2052 1718 2073 tem-

927 2097 1013 2133 plum,
1030 2095 1235 2127 constituimus,
1249 2094 1277 2121 in
1291 2101 1345 2128 quo
1361 2100 1456 2128 preces
1477 2092 1558 2120 etiam
1585 2093 1619 2119 ad
1648 2100 1715 2120 enin

928 2143 1078 2171 fundimus.
1107 2141 1236 2169 Similiter
1267 2144 1294 2167 et
1321 2147 1353 2167 ea
1378 2139 1448 2172 loca,
1475 2138 1501 2165 in
1529 2137 1629 2173 quibus
1653 2138 1717 2172 ejus

928 2195 1011 2223 opera
1026 2186 1170 2214 manifesta
1184 2189 1258 2216 sunt,
1275 2191 1337 2220 quae
1355 2185 1397 2212 vel
1420 2184 1447 2211 in
1469 2191 1551 2211 carne
1576 2183 1640 2218 egit,
1672 2183 1719 2210 vel

89 2245 146 2276 κῶς
178 2227 380 2278 διαιρούμενον,
404 2237 461 2266 ἀλλ’
493 2236 554 2264 ὅλον
582 2236 612 2262 ὲν
640 2235 717 2267 πᾶσι,
745 2231 793 2258 καὶ
815 2230 873 2278 ὅλον

937 2233 989 2261 ιΙ-ιιο
1013 2238 1138 2267 corpore,
1161 2230 1220 2258 loca
1248 2229 1375 2257 dicuntur
1405 2227 1463 2256 Dei.
1497 2227 1642 2255 Sciendum
1673 2233 1718 2255 est

90 2275 163 2327 ὑπέρ
177 2290 208 2316 τὸ
223 2275 295 2315 nan
315 2287 345 2313 '0
361 2286 390 2312 δὲ
404 2283 520 2318 ἅγγελος
538 2280 703 2317 σωματικῶς
721 2278 771 2314 μὲν
788 2275 876 2327 ἐντό-

91 2347 135 2373 πῳ
147 2322 182 2363 οὐ
208 2334 379 2370 περιέχεται,
397 2330 468 2357 ὥστε
482 2326 632 2373 τυποῦσθαι
648 2325 696 2352 καὶ
711 2322 876 2373 αχηματξζε-

92 2367 166 2414 σθάι,
177 2367 254 2416 ὅμως
269 2367 378 2412 λέγεται
392 2377 421 2402 ὲν
437 2374 513 2408 τόπῳ
537 2370 618 2402 εἷναι.
632 2371 676 2398 διὰ
697 2369 728 2396 τὺ
748 2367 876 2416 παρεῖναι

91 2411 208 2463 νοητιῖις,
225 2426 273 2453 καὶ
287 2423 407 2459 ἐνεργεῖν
422 2421 494 2448 κατὰ
516 2420 566 2454 τὴν
589 2416 686 2445 ἑαυτοῦ
715 2411 877 2463 φύσινῖκαὶ

92 2459 220 2511 μὲι-εἷναι
240 2469 369 2504 ἀλλαχοῦ,
392 2467 450 2494 ἀλλ’
469 2466 558 2493 ἐκεῖσε
577 2463 682 2498 νοητῶς
705 2459 878 2511 πιριγραφε-

92 2506 165 2554 ξποξιι,
182 2519 248 2546 ἔνθα
264 2517 380 2552 ἐνεργεῖ.
396 2514 435 2542 Οὐ
454 2512 508 2548 γὰρ
521 2511 634 2538 δύναται
654 2509 725 2535 κατὰ
735 2506 833 2533 ταυτὸν
847 2506 876 2554 ἐν

90 2551 232 2602 διαφόροις
257 2564 348 2594 τόποις
364 2561 495 2596 ἐνεργεῖν.
519 2558 608 2586 Μόνον
622 2554 760 2602 γὰρνΘεοῦ
773 2554 831 2602 eost
844 2551 877 2578 τὸ

92 2599 234 2648 ¹παν-ταχοῦ
256 2610 327 2638 κατὰ
348 2609 446 2636 ταυτὸν
463 2605 593 2640 ἐνεργεῖν.
614 2602 644 2629 '0
663 2601 712 2648 μὲν
724 2600 779 2635 γὰρ
791 2599 877 2648 ᾶγγε·

91 2662 135 2691 λος
159 2645 239 2693 τάχει
261 2656 379 2691 φύσεως,
399 2653 447 2680 καὶ
459 2651 499 2685 τῷ
510 2649 636 2683 ἑτοίμως,
655 2647 740 2681 ἡγουν
760 2645 878 2693 saxeus,

94 2689 292 2741 μεταϐαίνειν,
315 2700 422 2735 ἐνεργεῖ
449 2698 483 2725 ἂν
511 2695 650 2730 διαφόροις
671 2693 777 2723 τόποις,
793 2690 824 2741 τὸ
848 2689 878 2716 δὲ

93 2736 172 2778 Dziw
190 2746 331 2783 πανταχοῦ
346 2746 386 2779 ὂν,
399 2744 447 2771 καὶ
463 2742 535 2778 ὑπὲρ
549 2741 580 2767 τὸ
594 2741 658 2772 trav,
675 2736 815 2772 πανταχοῦ
829 2744 879 2762 κα-

95 2800 128 2825 τὰ
142 2797 242 2825 ταυτὸν
256 2793 393 2829 διαφόρως
409 2790 516 2826 ἐνεργεῖ
532 2789 580 2824 μιᾷ
594 2786 641 2813 καὶ
656 2785 728 2820 ἁπλῇ
741 2783 876 2818 ἐνεργείᾳ.

100 2846 131 2871 'll
155 2844 184 2870 δὲ
206 2841 283 2878 ψυχὴ
307 2839 462 2866 συνδέδεται
483 2836 522 2871 τῷ
548 2834 654 2868 θώματι
676 2832 724 2866 ὅλη
742 2831 806 2865 ὅλῳ,

96 2892 123 2918 οὺ
141 2875 223 2927 μέρος
241 2875 329 2925 μέρει,
346 2885 392 2914 καὶ
413 2884 443 2912 οὐ
468 2882 626 2918 περιέχεται
642 2879 687 2906 ὑπ’
703 2877 795 2911 αὑτοῦ,
811 2875 878 2903 ἀλλὰ

927 2283 1029 2311 autem,
1044 2278 1128 2305 Deum
1143 2277 1170 2304 in
1186 2280 1277 2311 partes
1289 2283 1344 2303 non
1362 2275 1456 2307 dividi,
1471 2274 1519 2302 sed
1534 2282 1595 2302 esse
1610 2273 1719 2309 ubique

926 2328 1013 2351 totum
1027 2322 1150 2355 omnino,
1171 2325 1199 2348 et
1212 2327 1266 2347 non
1289 2324 1393 2355 partem
1413 2318 1440 2345 in
1457 2322 1543 2353 parte,
1560 2325 1614 2353 quo
1636 2323 1721 2354 pacto

926 2375 1041 2403 corpora
1062 2366 1234 2395 dividuntur.
1259 2365 1313 2393 Sed
1340 2369 1425 2392 totum
1454 2364 1481 2391 in
1516 2364 1653 2395 omnibus.
1689 2369 1719 2391 et

927 2419 1013 2441 totum
1036 2420 1118 2448 super
1141 2412 1243 2440 omnia.
1263 2411 1381 2446 Angelus
1404 2417 1469 2437 vero
1487 2409 1591 2437 ratione
1606 2409 1720 2444 quidem

926 2466 1057 2494 corporea
1082 2458 1109 2485 in
1138 2457 1197 2485 loco
1221 2464 1276 2484 non
1303 2456 1468 2487 continetur,
1483 2455 1560 2490 quasi
1590 2455 1717 2487 formam,

927 2502 1094 2538 ﬁguramque
1112 2501 1255 2536 suscipiat;
1271 2504 1388 2528 attamen
1403 2499 1431 2527 in
1450 2499 1508 2527 loco
1537 2507 1595 2527 esse
1617 2499 1718 2528 dicitur

927 2553 1072 2584 propterea
1098 2547 1170 2582 quod
1193 2546 1369 2582 intelligentia
1392 2549 1491 2581 praesto
1519 2549 1572 2578 est,
1596 2550 1624 2572 et
1649 2546 1716 2581 agit,

928 2599 960 2622 ut
972 2593 1096 2629 congruit
1115 2596 1220 2620 natura:
1241 2593 1335 2627 ipsius,
1350 2596 1378 2619 et
1403 2599 1459 2619 non
1486 2598 1546 2619 esse
1571 2591 1645 2623 alibi,
1669 2591 1718 2618 sed

929 2639 996 2672 illic,
1013 2639 1057 2666 ubi
1084 2639 1149 2674 agit,
1164 2637 1342 2673 intelligentia
1365 2637 1511 2664 contineri.
1526 2636 1625 2671 Nequit
1643 2636 1718 2663 enim

929 2686 1026 2713 eodem
1047 2689 1170 2719 tempore
1184 2683 1300 2711 diversis
1319 2682 1347 2710 in
1371 2682 1437 2710 locis
1451 2689 1522 2710 esse.
1544 2681 1611 2708 Nam
1634 2681 1719 2708 solius

929 2737 972 2760 est
995 2733 1042 2760 Dei
1070 2731 1171 2766 ubique
1203 2737 1283 2765 agere
1322 2729 1416 2756 eodem
1448 2732 1577 2762 tempore.
1601 2726 1720 2761 Angelus

930 2779 1002 2806 enim
1038 2777 1155 2805 naturali
1184 2775 1335 2808 celeritate,
1359 2782 1411 2809 qua
1442 2777 1576 2808 prompte,
1609 2772 1718 2806 citoque

931 2833 963 2852 ex
980 2831 1034 2851 uno
1048 2823 1075 2850 iu
1090 2823 1171 2849 alium
1188 2821 1276 2849 locum
1297 2819 1453 2854 pertransit,
1476 2819 1502 2844 in
1519 2816 1633 2844 diversis
1648 2815 1715 2842 locis

932 2872 995 2907 agit.
1015 2870 1085 2898 Deus
1101 2873 1190 2896 autem
1207 2874 1268 2895 cum
1285 2866 1318 2894 sit
1337 2865 1446 2899 ubique,
1465 2869 1492 2891 et
1512 2871 1593 2898 super
1613 2861 1716 2891 omnia.
