  <div class='ocr_page' id='page_1' title='image "/cluster/home/n/w/nwhite01/storage/ocr_20150623/130/njp.32101010942777/085.png"; bbox 0 0 1893 3081; ppageno 0'>
   <div class='ocr_carea' id='block_1_1' title="bbox 171 147 224 180">
    <p class='ocr_par' dir='ltr' id='par_1_1' title="bbox 171 147 224 180">
     <span class='ocr_line' id='line_1_1' title="bbox 171 147 224 180; baseline -0.038 0"><span class='ocrx_word' id='word_1_1' title='bbox 171 147 224 180; x_wconf 86' lang='grc'>155</span> 
     </span>
    </p>
   </div>
   <div class='ocr_carea' id='block_1_2' title="bbox 782 140 1178 174">
    <p class='ocr_par' dir='ltr' id='par_1_2' title="bbox 782 140 1178 174">
     <span class='ocr_line' id='line_1_2' title="bbox 782 140 1178 174; baseline -0.008 -1"><span class='ocrx_word' id='word_1_2' title='bbox 782 143 977 174; x_wconf 82' lang='lat' dir='ltr'><strong>EUTIIYMII</strong></span> <span class='ocrx_word' id='word_1_3' title='bbox 994 140 1178 173; x_wconf 83' lang='lat' dir='ltr'><strong>ZIGABENI</strong></span> 
     </span>
    </p>
   </div>
   <div class='ocr_carea' id='block_1_3' title="bbox 1751 137 1803 169">
    <p class='ocr_par' dir='ltr' id='par_1_3' title="bbox 1751 137 1803 169">
     <span class='ocr_line' id='line_1_3' title="bbox 1751 137 1803 169; baseline 0.019 -1"><span class='ocrx_word' id='word_1_4' title='bbox 1751 137 1803 169; x_wconf 76' lang='grc'>156</span> 
     </span>
    </p>
   </div>
   <div class='ocr_carea' id='block_1_4' title="bbox 169 193 958 236">
    <p class='ocr_par' dir='ltr' id='par_1_4' title="bbox 169 199 958 236">
     <span class='ocr_line' id='line_1_4' title="bbox 169 199 958 236; baseline -0.001 -8"><span class='ocrx_word' id='word_1_5' title='bbox 169 201 270 236; x_wconf 84' lang='lat' dir='ltr'><strong>ubique</strong></span> <span class='ocrx_word' id='word_1_6' title='bbox 286 200 382 228; x_wconf 83' lang='lat' dir='ltr'><strong>eodem</strong></span> <span class='ocrx_word' id='word_1_7' title='bbox 409 205 532 236; x_wconf 82' lang='lat' dir='ltr'><strong>tempore</strong></span> <span class='ocrx_word' id='word_1_8' title='bbox 550 200 625 228; x_wconf 87' lang='lat' dir='ltr'><strong>vario</strong></span> <span class='ocrx_word' id='word_1_9' title='bbox 649 200 704 236; x_wconf 74' lang='lat' dir='ltr'><strong>agit</strong></span> <span class='ocrx_word' id='word_1_10' title='bbox 727 208 780 228; x_wconf 91' lang='lat' dir='ltr'><strong>una</strong></span> <span class='ocrx_word' id='word_1_11' title='bbox 800 205 827 227; x_wconf 89' lang='lat' dir='ltr'><strong>et</strong></span> <span class='ocrx_word' id='word_1_12' title='bbox 845 199 958 234; x_wconf 74' lang='lat' dir='ltr'><strong>simplici</strong></span> 
     </span>
    </p>
   </div>
   <div class='ocr_carea' id='block_1_5' title="bbox 1052 193 1802 236">
    <p class='ocr_par' dir='ltr' id='par_1_5' title="bbox 1052 193 1802 234">
     <span class='ocr_line' id='line_1_5' title="bbox 1052 193 1802 234; baseline -0.008 -9"><span class='ocrx_word' id='word_1_13' title='bbox 1052 199 1138 234; x_wconf 81' lang='grc' dir='ltr'>ριέχει</span> <span class='ocrx_word' id='word_1_14' title='bbox 1160 197 1236 230; x_wconf 78' lang='grc' dir='ltr'>αὺτδ,</span> <span class='ocrx_word' id='word_1_15' title='bbox 1259 196 1353 231; x_wconf 75' lang='grc' dir='ltr'>ὥσπερ</span> <span class='ocrx_word' id='word_1_16' title='bbox 1379 194 1435 230; x_wconf 80' lang='grc' dir='ltr'>πῦρ</span> <span class='ocrx_word' id='word_1_17' title='bbox 1461 195 1578 230; x_wconf 81' lang='grc' dir='ltr'>σίδηρον.</span> <span class='ocrx_word' id='word_1_18' title='bbox 1601 194 1657 223; x_wconf 75' lang='grc' dir='ltr'><strong>Καὶ</strong></span> <span class='ocrx_word' id='word_1_19' title='bbox 1679 195 1709 221; x_wconf 80' lang='grc' dir='ltr'>ὲν</span> <span class='ocrx_word' id='word_1_20' title='bbox 1726 193 1802 228; x_wconf 81' lang='grc' dir='ltr'>αὐτῴ</span> 
     </span>
    </p>
   </div>
   <div class='ocr_carea' id='block_1_6' title="bbox 164 239 962 281">
    <p class='ocr_par' dir='ltr' id='par_1_6' title="bbox 164 239 962 281">
     <span class='ocr_line' id='line_1_6' title="bbox 164 239 962 281; baseline -0.003 -7"><span class='ocrx_word' id='word_1_21' title='bbox 164 239 288 275; x_wconf 81' lang='lat' dir='ltr'><strong>actione.</strong></span> <span class='ocrx_word' id='word_1_22' title='bbox 310 248 344 274; x_wconf 79' lang='lat' dir='ltr'><strong>At</strong></span> <span class='ocrx_word' id='word_1_23' title='bbox 357 247 465 274; x_wconf 77' lang='lat' dir='ltr'><strong>animus</strong></span> <span class='ocrx_word' id='word_1_24' title='bbox 477 247 586 281; x_wconf 84' lang='lat' dir='ltr'><strong>corpori</strong></span> <span class='ocrx_word' id='word_1_25' title='bbox 611 246 754 274; x_wconf 74' lang='lat' dir='ltr'><strong>devinctus</strong></span> <span class='ocrx_word' id='word_1_26' title='bbox 771 251 822 278; x_wconf 86' lang='lat' dir='ltr'><strong>est,</strong></span> <span class='ocrx_word' id='word_1_27' title='bbox 843 250 871 273; x_wconf 90' lang='lat' dir='ltr'><strong>et</strong></span> <span class='ocrx_word' id='word_1_28' title='bbox 889 250 962 273; x_wconf 85' lang='lat' dir='ltr'><strong>totus</strong></span> 
     </span>
    </p>
   </div>
   <div class='ocr_carea' id='block_1_7' title="bbox 1016 243 1556 277">
    <p class='ocr_par' dir='ltr' id='par_1_7' title="bbox 1016 243 1556 277">
     <span class='ocr_line' id='line_1_7' title="bbox 1016 243 1556 277; baseline -0.006 -5"><span class='ocrx_word' id='word_1_29' title='bbox 1016 245 1084 272; x_wconf 75' lang='grc' dir='ltr'>οὖσα</span> <span class='ocrx_word' id='word_1_30' title='bbox 1099 245 1148 276; x_wconf 76' lang='grc' dir='ltr'>τὰς</span> <span class='ocrx_word' id='word_1_31' title='bbox 1164 244 1268 275; x_wconf 78' lang='grc' dir='ltr'><strong>οἰκείας</strong></span> <span class='ocrx_word' id='word_1_32' title='bbox 1282 243 1422 277; x_wconf 75' lang='grc' dir='ltr'><strong>ἐνεργείας</strong></span> <span class='ocrx_word' id='word_1_33' title='bbox 1439 243 1556 277; x_wconf 69' lang='grc' dir='ltr'>ὲνεργεὶ.</span> 
     </span>
    </p>
   </div>
   <div class='ocr_carea' id='block_1_8' title="bbox 171 291 1792 328">
    <p class='ocr_par' dir='ltr' id='par_1_8' title="bbox 171 291 1792 328">
     <span class='ocr_line' id='line_1_8' title="bbox 171 291 1792 328; baseline -0.002 -7"><span class='ocrx_word' id='word_1_34' title='bbox 171 295 219 322; x_wconf 85' lang='lat' dir='ltr'><strong>toti</strong></span> <span class='ocrx_word' id='word_1_35' title='bbox 244 293 418 328; x_wconf 76' lang='lat' dir='ltr'><strong>coniunctus,</strong></span> <span class='ocrx_word' id='word_1_36' title='bbox 443 302 497 320; x_wconf 91' lang='lat' dir='ltr'><strong>non</strong></span> <span class='ocrx_word' id='word_1_37' title='bbox 521 298 611 321; x_wconf 84' lang='lat' dir='ltr'><strong>autem</strong></span> <span class='ocrx_word' id='word_1_38' title='bbox 638 300 701 328; x_wconf 88' lang='lat' dir='ltr'><strong>pars</strong></span> <span class='ocrx_word' id='word_1_39' title='bbox 733 293 803 328; x_wconf 88' lang='lat' dir='ltr'><strong>parti</strong></span> <span class='ocrx_word' id='word_1_40' title='bbox 837 293 990 327; x_wconf 78' lang='lat' dir='ltr'><strong>copulatus.</strong></span> <span class='ocrx_word' id='word_1_41' title='bbox 1013 300 1064 319; x_wconf 86' lang='lat' dir='ltr'><strong>nec</strong></span> <span class='ocrx_word' id='word_1_42' title='bbox 1088 291 1245 320; x_wconf 76' lang='lat' dir='ltr'><strong>continetur</strong></span> <span class='ocrx_word' id='word_1_43' title='bbox 1268 299 1282 318; x_wconf 91' lang='lat' dir='ltr'><strong>a</strong></span> <span class='ocrx_word' id='word_1_44' title='bbox 1316 297 1440 325; x_wconf 79' lang='lat' dir='ltr'><strong>corpore,</strong></span> <span class='ocrx_word' id='word_1_45' title='bbox 1471 291 1517 318; x_wconf 87' lang='lat' dir='ltr'><strong>sed</strong></span> <span class='ocrx_word' id='word_1_46' title='bbox 1549 291 1636 326; x_wconf 88' lang='lat' dir='ltr'><strong>ipsum</strong></span> <span class='ocrx_word' id='word_1_47' title='bbox 1669 291 1792 318; x_wconf 84' lang='lat' dir='ltr'><strong>continet</strong></span> 
     </span>
    </p>
   </div>
   <div class='ocr_carea' id='block_1_9' title="bbox 171 337 1209 376">
    <p class='ocr_par' dir='ltr' id='par_1_9' title="bbox 171 337 1209 376">
     <span class='ocr_line' id='line_1_9' title="bbox 171 337 1209 376; baseline -0.004 -8"><span class='ocrx_word' id='word_1_48' title='bbox 171 346 202 368; x_wconf 92' lang='lat' dir='ltr'><strong>ut</strong></span> <span class='ocrx_word' id='word_1_49' title='bbox 216 341 285 376; x_wconf 77' lang='lat' dir='ltr'><strong>ignis</strong></span> <span class='ocrx_word' id='word_1_50' title='bbox 299 340 413 367; x_wconf 85' lang='lat' dir='ltr'><strong>ferrum.</strong></span> <span class='ocrx_word' id='word_1_51' title='bbox 436 340 468 368; x_wconf 84' lang='lat' dir='ltr'><strong>Et</strong></span> <span class='ocrx_word' id='word_1_52' title='bbox 480 341 506 368; x_wconf 89' lang='lat' dir='ltr'><strong>in</strong></span> <span class='ocrx_word' id='word_1_53' title='bbox 526 340 585 375; x_wconf 88' lang='lat' dir='ltr'><strong>ipso</strong></span> <span class='ocrx_word' id='word_1_54' title='bbox 611 348 724 368; x_wconf 87' lang='lat' dir='ltr'><strong>manens</strong></span> <span class='ocrx_word' id='word_1_55' title='bbox 748 340 871 368; x_wconf 73' lang='lat' dir='ltr'><strong>actiones</strong></span> <span class='ocrx_word' id='word_1_56' title='bbox 895 339 1018 375; x_wconf 86' lang='lat' dir='ltr'><strong>proprias</strong></span> <span class='ocrx_word' id='word_1_57' title='bbox 1041 337 1209 373; x_wconf 72' lang='lat' dir='ltr'><strong>exsequitur.</strong></span> 
     </span>
    </p>
   </div>
   <div class='ocr_carea' id='block_1_10' title="bbox 506 387 643 422">
    <p class='ocr_par' dir='ltr' id='par_1_10' title="bbox 506 387 643 422">
     <span class='ocr_line' id='line_1_10' title="bbox 506 387 643 422; baseline 0 -8"><span class='ocrx_word' id='word_1_58' title='bbox 506 387 643 422; x_wconf 69' lang='lat' dir='ltr'><strong>Ejusdem.</strong></span> 
     </span>
    </p>
   </div>
   <div class='ocr_carea' id='block_1_11' title="bbox 209 433 964 469">
    <p class='ocr_par' dir='ltr' id='par_1_11' title="bbox 209 433 964 469">
     <span class='ocr_line' id='line_1_11' title="bbox 209 433 964 469; baseline -0.003 -8"><span class='ocrx_word' id='word_1_59' title='bbox 209 434 249 467; x_wconf 73' lang='lat' dir='ltr'><strong>lil,</strong></span> <span class='ocrx_word' id='word_1_60' title='bbox 279 434 352 469; x_wconf 87' lang='lat' dir='ltr'><strong>quod</strong></span> <span class='ocrx_word' id='word_1_61' title='bbox 381 433 616 466; x_wconf 86' lang='lat' dir='ltr'><strong>circumscriptum</strong></span> <span class='ocrx_word' id='word_1_62' title='bbox 650 437 701 466; x_wconf 77' lang='lat' dir='ltr'><strong>est,</strong></span> <span class='ocrx_word' id='word_1_63' title='bbox 733 437 781 460; x_wconf 80' lang='lat' dir='ltr'><strong>aut</strong></span> <span class='ocrx_word' id='word_1_64' title='bbox 807 434 881 466; x_wconf 90' lang='lat' dir='ltr'><strong>loco,</strong></span> <span class='ocrx_word' id='word_1_65' title='bbox 916 437 964 460; x_wconf 90' lang='lat' dir='ltr'><strong>aut</strong></span> 
     </span>
    </p>
   </div>
   <div class='ocr_carea' id='block_1_12' title="bbox 171 479 962 516">
    <p class='ocr_par' dir='ltr' id='par_1_12' title="bbox 171 479 962 516">
     <span class='ocr_line' id='line_1_12' title="bbox 171 479 962 516; baseline -0.001 -9"><span class='ocrx_word' id='word_1_66' title='bbox 171 485 306 515; x_wconf 81' lang='lat' dir='ltr'><strong>tempore,</strong></span> <span class='ocrx_word' id='word_1_67' title='bbox 334 486 382 508; x_wconf 87' lang='lat' dir='ltr'><strong>aut</strong></span> <span class='ocrx_word' id='word_1_68' title='bbox 412 480 854 516; x_wconf 14' lang='lat' dir='ltr'><strong>comprehensionescontinetur.</strong></span> <span class='ocrx_word' id='word_1_69' title='bbox 884 479 962 512; x_wconf 84' lang='lat' dir='ltr'><strong>Quod</strong></span> 
     </span>
    </p>
   </div>
   <div class='ocr_carea' id='block_1_13' title="bbox 171 524 961 560">
    <p class='ocr_par' dir='ltr' id='par_1_13' title="bbox 171 524 961 560">
     <span class='ocr_line' id='line_1_13' title="bbox 171 524 961 560; baseline -0.004 -8"><span class='ocrx_word' id='word_1_70' title='bbox 171 530 262 553; x_wconf 82' lang='lat' dir='ltr'><strong>autem</strong></span> <span class='ocrx_word' id='word_1_71' title='bbox 279 534 332 553; x_wconf 86' lang='lat' dir='ltr'><strong>non</strong></span> <span class='ocrx_word' id='word_1_72' title='bbox 351 530 394 553; x_wconf 89' lang='lat' dir='ltr'><strong>est</strong></span> <span class='ocrx_word' id='word_1_73' title='bbox 408 526 645 560; x_wconf 72' lang='lat' dir='ltr'><strong>circumsariptum</strong></span> <span class='ocrx_word' id='word_1_74' title='bbox 670 525 768 552; x_wconf 90' lang='lat' dir='ltr'><strong>horum</strong></span> <span class='ocrx_word' id='word_1_75' title='bbox 792 524 868 550; x_wconf 92' lang='lat' dir='ltr'><strong>nullo</strong></span> <span class='ocrx_word' id='word_1_76' title='bbox 887 531 961 550; x_wconf 84' lang='lat' dir='ltr'><strong>cont—</strong></span> 
     </span>
    </p>
   </div>
   <div class='ocr_carea' id='block_1_14' title="bbox 171 568 964 606">
    <p class='ocr_par' dir='ltr' id='par_1_14' title="bbox 171 568 964 606">
     <span class='ocr_line' id='line_1_14' title="bbox 171 568 964 606; baseline -0.001 -10"><span class='ocrx_word' id='word_1_77' title='bbox 171 571 362 605; x_wconf 82' lang='lat' dir='ltr'><strong>prehenditur.</strong></span> <span class='ocrx_word' id='word_1_78' title='bbox 383 570 462 598; x_wconf 90' lang='lat' dir='ltr'><strong>Solus</strong></span> <span class='ocrx_word' id='word_1_79' title='bbox 486 571 567 606; x_wconf 88' lang='lat' dir='ltr'><strong>igitur</strong></span> <span class='ocrx_word' id='word_1_80' title='bbox 592 570 665 597; x_wconf 85' lang='lat' dir='ltr'><strong>Deus</strong></span> <span class='ocrx_word' id='word_1_81' title='bbox 700 578 755 596; x_wconf 90' lang='lat' dir='ltr'><strong>non</strong></span> <span class='ocrx_word' id='word_1_82' title='bbox 781 574 822 596; x_wconf 76' lang='lat' dir='ltr'><strong>est</strong></span> <span class='ocrx_word' id='word_1_83' title='bbox 845 568 964 596; x_wconf 85' lang='lat' dir='ltr'><strong>circum-</strong></span> 
     </span>
    </p>
   </div>
   <div class='ocr_carea' id='block_1_15' title="bbox 171 615 959 652">
    <p class='ocr_par' dir='ltr' id='par_1_15' title="bbox 171 615 959 652">
     <span class='ocr_line' id='line_1_15' title="bbox 171 615 959 652; baseline -0.004 -8"><span class='ocrx_word' id='word_1_84' title='bbox 171 617 299 651; x_wconf 80' lang='lat' dir='ltr'><strong>St&#39;riptlls,</strong></span> <span class='ocrx_word' id='word_1_85' title='bbox 313 617 413 652; x_wconf 89' lang='lat' dir='ltr'><strong>quippe</strong></span> <span class='ocrx_word' id='word_1_86' title='bbox 450 617 495 652; x_wconf 90' lang='lat' dir='ltr'><strong>qui</strong></span> <span class='ocrx_word' id='word_1_87' title='bbox 533 616 696 651; x_wconf 84' lang='lat' dir='ltr'><strong>principium</strong></span> <span class='ocrx_word' id='word_1_88' title='bbox 729 615 865 650; x_wconf 78' lang='lat' dir='ltr'><strong>finemque</strong></span> <span class='ocrx_word' id='word_1_89' title='bbox 902 622 959 642; x_wconf 90' lang='lat' dir='ltr'><strong>non</strong></span> 
     </span>
    </p>
   </div>
   <div class='ocr_carea' id='block_1_16' title="bbox 172 660 963 696">
    <p class='ocr_par' dir='ltr' id='par_1_16' title="bbox 172 660 963 696">
     <span class='ocr_line' id='line_1_16' title="bbox 172 660 963 696; baseline -0.003 -6"><span class='ocrx_word' id='word_1_90' title='bbox 172 664 265 695; x_wconf 82' lang='lat' dir='ltr'><strong>habet,</strong></span> <span class='ocrx_word' id='word_1_91' title='bbox 281 668 308 690; x_wconf 90' lang='lat' dir='ltr'><strong>et</strong></span> <span class='ocrx_word' id='word_1_92' title='bbox 322 663 412 690; x_wconf 82' lang='lat' dir='ltr'><strong>omnia</strong></span> <span class='ocrx_word' id='word_1_93' title='bbox 427 664 562 694; x_wconf 85' lang='lat' dir='ltr'><strong>continet,</strong></span> <span class='ocrx_word' id='word_1_94' title='bbox 581 669 607 689; x_wconf 91' lang='lat' dir='ltr'><strong>et</strong></span> <span class='ocrx_word' id='word_1_95' title='bbox 628 661 702 689; x_wconf 87' lang='lat' dir='ltr'><strong>nulla</strong></span> <span class='ocrx_word' id='word_1_96' title='bbox 714 660 963 696; x_wconf 84' lang='lat' dir='ltr'><strong>comprehensione</strong></span> 
     </span>
    </p>
   </div>
   <div class='ocr_carea' id='block_1_17' title="bbox 171 707 963 743">
    <p class='ocr_par' dir='ltr' id='par_1_17' title="bbox 171 707 963 743">
     <span class='ocr_line' id='line_1_17' title="bbox 171 707 963 743; baseline -0.003 -7"><span class='ocrx_word' id='word_1_97' title='bbox 171 709 337 736; x_wconf 83' lang='lat' dir='ltr'><strong>continetur.</strong></span> <span class='ocrx_word' id='word_1_98' title='bbox 376 709 455 736; x_wconf 81' lang='lat' dir='ltr'><strong>Solus</strong></span> <span class='ocrx_word' id='word_1_99' title='bbox 488 709 560 735; x_wconf 87' lang='lat' dir='ltr'><strong>enim</strong></span> <span class='ocrx_word' id='word_1_100' title='bbox 599 715 650 735; x_wconf 84' lang='lat' dir='ltr'><strong>nec</strong></span> <span class='ocrx_word' id='word_1_101' title='bbox 677 707 882 743; x_wconf 86' lang='lat' dir='ltr'><strong>comprehendi.</strong></span> <span class='ocrx_word' id='word_1_102' title='bbox 910 715 963 735; x_wconf 89' lang='lat' dir='ltr'><strong>nec</strong></span> 
     </span>
    </p>
   </div>
   <div class='ocr_carea' id='block_1_18' title="bbox 172 753 964 789">
    <p class='ocr_par' dir='ltr' id='par_1_18' title="bbox 172 753 964 789">
     <span class='ocr_line' id='line_1_18' title="bbox 172 753 964 789; baseline -0.004 -7"><span class='ocrx_word' id='word_1_103' title='bbox 172 754 289 786; x_wconf 85' lang='lat' dir='ltr'><strong>definiri,</strong></span> <span class='ocrx_word' id='word_1_104' title='bbox 309 762 360 782; x_wconf 89' lang='lat' dir='ltr'><strong>nec</strong></span> <span class='ocrx_word' id='word_1_105' title='bbox 383 755 418 781; x_wconf 87' lang='lat' dir='ltr'><strong>ah</strong></span> <span class='ocrx_word' id='word_1_106' title='bbox 436 754 492 781; x_wconf 89' lang='lat' dir='ltr'><strong>ullo</strong></span> <span class='ocrx_word' id='word_1_107' title='bbox 505 753 631 789; x_wconf 80' lang='lat' dir='ltr'><strong>cognosci</strong></span> <span class='ocrx_word' id='word_1_108' title='bbox 656 758 754 788; x_wconf 84' lang='lat' dir='ltr'><strong>potest.</strong></span> <span class='ocrx_word' id='word_1_109' title='bbox 779 753 827 780; x_wconf 89' lang='lat' dir='ltr'><strong>sed</strong></span> <span class='ocrx_word' id='word_1_110' title='bbox 854 753 911 787; x_wconf 91' lang='lat' dir='ltr'><strong>ipse</strong></span> <span class='ocrx_word' id='word_1_111' title='bbox 933 759 964 780; x_wconf 86' lang='lat' dir='ltr'><strong>se</strong></span> 
     </span>
    </p>
   </div>
   <div class='ocr_carea' id='block_1_19' title="bbox 171 798 961 835">
    <p class='ocr_par' dir='ltr' id='par_1_19' title="bbox 171 798 961 835">
     <span class='ocr_line' id='line_1_19' title="bbox 171 798 961 835; baseline -0.003 -9"><span class='ocrx_word' id='word_1_112' title='bbox 171 799 245 827; x_wconf 81' lang='lat' dir='ltr'><strong>solus</strong></span> <span class='ocrx_word' id='word_1_113' title='bbox 269 800 356 828; x_wconf 89' lang='lat' dir='ltr'><strong>novit.</strong></span> <span class='ocrx_word' id='word_1_114' title='bbox 389 800 507 835; x_wconf 73' lang='lat' dir='ltr'><strong>Angelus</strong></span> <span class='ocrx_word' id='word_1_115' title='bbox 531 807 594 827; x_wconf 88' lang='lat' dir='ltr'><strong>vero</strong></span> <span class='ocrx_word' id='word_1_116' title='bbox 628 804 655 827; x_wconf 87' lang='lat' dir='ltr'><strong>et</strong></span> <span class='ocrx_word' id='word_1_117' title='bbox 672 804 809 834; x_wconf 47' lang='lat' dir='ltr'><strong>,tempore</strong></span> <span class='ocrx_word' id='word_1_118' title='bbox 844 798 961 826; x_wconf 84' lang='lat' dir='ltr'><strong>circum-</strong></span> 
     </span>
    </p>
   </div>
   <div class='ocr_carea' id='block_1_20' title="bbox 170 844 963 880">
    <p class='ocr_par' dir='ltr' id='par_1_20' title="bbox 170 844 963 880">
     <span class='ocr_line' id='line_1_20' title="bbox 170 844 963 880; baseline -0.003 -7"><span class='ocrx_word' id='word_1_119' title='bbox 170 845 312 878; x_wconf 82' lang='lat' dir='ltr'><strong>scribitur,</strong></span> <span class='ocrx_word' id='word_1_120' title='bbox 333 854 395 873; x_wconf 86' lang='lat' dir='ltr'><strong>nam</strong></span> <span class='ocrx_word' id='word_1_121' title='bbox 413 853 475 873; x_wconf 87' lang='lat' dir='ltr'><strong>esse</strong></span> <span class='ocrx_word' id='word_1_122' title='bbox 493 845 585 880; x_wconf 76' lang='lat' dir='ltr'><strong>C(Bplt,</strong></span> <span class='ocrx_word' id='word_1_123' title='bbox 609 850 636 873; x_wconf 84' lang='lat' dir='ltr'><strong>et</strong></span> <span class='ocrx_word' id='word_1_124' title='bbox 653 845 724 878; x_wconf 90' lang='lat' dir='ltr'><strong>loco,</strong></span> <span class='ocrx_word' id='word_1_125' title='bbox 743 845 816 876; x_wconf 90' lang='lat' dir='ltr'><strong>licet,</strong></span> <span class='ocrx_word' id='word_1_126' title='bbox 839 850 869 872; x_wconf 85' lang='lat' dir='ltr'><strong>ut</strong></span> <span class='ocrx_word' id='word_1_127' title='bbox 893 844 963 872; x_wconf 82' lang='lat' dir='ltr'><strong>dixi-</strong></span> 
     </span>
    </p>
   </div>
   <div class='ocr_carea' id='block_1_21' title="bbox 171 890 965 928">
    <p class='ocr_par' dir='ltr' id='par_1_21' title="bbox 171 890 965 928">
     <span class='ocr_line' id='line_1_21' title="bbox 171 890 965 928; baseline 0 -11"><span class='ocrx_word' id='word_1_128' title='bbox 171 899 244 924; x_wconf 85' lang='lat' dir='ltr'><strong>mus,</strong></span> <span class='ocrx_word' id='word_1_129' title='bbox 269 891 444 928; x_wconf 77' lang='lat' dir='ltr'><strong>intelligihili,</strong></span> <span class='ocrx_word' id='word_1_130' title='bbox 462 897 490 919; x_wconf 90' lang='lat' dir='ltr'><strong>et</strong></span> <span class='ocrx_word' id='word_1_131' title='bbox 514 892 768 926; x_wconf 86' lang='lat' dir='ltr'><strong>comprehensione.</strong></span> <span class='ocrx_word' id='word_1_132' title='bbox 794 890 862 919; x_wconf 83' lang='lat' dir='ltr'><strong>Nam</strong></span> <span class='ocrx_word' id='word_1_133' title='bbox 884 894 911 918; x_wconf 91' lang='lat' dir='ltr'><strong>et</strong></span> <span class='ocrx_word' id='word_1_134' title='bbox 935 897 965 917; x_wconf 87' lang='lat' dir='ltr'><strong>se</strong></span> 
     </span>
    </p>
   </div>
   <div class='ocr_carea' id='block_1_22' title="bbox 172 937 965 973">
    <p class='ocr_par' dir='ltr' id='par_1_22' title="bbox 172 937 965 973">
     <span class='ocr_line' id='line_1_22' title="bbox 172 937 965 973; baseline -0.003 -9"><span class='ocrx_word' id='word_1_135' title='bbox 172 942 268 965; x_wconf 90' lang='lat' dir='ltr'><strong>mutuo</strong></span> <span class='ocrx_word' id='word_1_136' title='bbox 293 938 381 973; x_wconf 84' lang='lat' dir='ltr'><strong>angeli</strong></span> <span class='ocrx_word' id='word_1_137' title='bbox 406 937 494 972; x_wconf 84' lang='lat' dir='ltr'><strong>aliqua</strong></span> <span class='ocrx_word' id='word_1_138' title='bbox 524 946 558 965; x_wconf 79' lang='lat' dir='ltr'><strong>ex</strong></span> <span class='ocrx_word' id='word_1_139' title='bbox 578 943 654 972; x_wconf 86' lang='lat' dir='ltr'><strong>parte</strong></span> <span class='ocrx_word' id='word_1_140' title='bbox 676 937 838 965; x_wconf 86' lang='lat' dir='ltr'><strong>naturaliter</strong></span> <span class='ocrx_word' id='word_1_141' title='bbox 864 943 965 971; x_wconf 89' lang='lat' dir='ltr'><strong>cogno-</strong></span> 
     </span>
    </p>
   </div>
   <div class='ocr_carea' id='block_1_23' title="bbox 169 982 965 1020">
    <p class='ocr_par' dir='ltr' id='par_1_23' title="bbox 169 982 965 1020">
     <span class='ocr_line' id='line_1_23' title="bbox 169 982 965 1020; baseline -0.003 -10"><span class='ocrx_word' id='word_1_142' title='bbox 169 989 262 1016; x_wconf 61' lang='lat' dir='ltr'><strong>scunt,</strong></span> <span class='ocrx_word' id='word_1_143' title='bbox 279 989 306 1011; x_wconf 81' lang='lat' dir='ltr'><strong>et</strong></span> <span class='ocrx_word' id='word_1_144' title='bbox 320 992 333 1011; x_wconf 86' lang='lat' dir='ltr'><strong>a</strong></span> <span class='ocrx_word' id='word_1_145' title='bbox 350 990 521 1019; x_wconf 85' lang='lat' dir='ltr'><strong>procreatore</strong></span> <span class='ocrx_word' id='word_1_146' title='bbox 544 984 662 1020; x_wconf 78' lang='lat' dir='ltr'><strong>perfecte</strong></span> <span class='ocrx_word' id='word_1_147' title='bbox 686 982 965 1018; x_wconf 86' lang='lat' dir='ltr'><strong>comprehenduntur.</strong></span> 
     </span>
    </p>
   </div>
   <div class='ocr_carea' id='block_1_24' title="bbox 1318 383 1494 411">
    <p class='ocr_par' dir='ltr' id='par_1_24' title="bbox 1318 383 1494 411">
     <span class='ocr_line' id='line_1_24' title="bbox 1318 383 1494 411; baseline 0 0"><span class='ocrx_word' id='word_1_148' title='bbox 1318 383 1374 411; x_wconf 85' lang='grc' dir='ltr'><strong>Τοῦ</strong></span> <span class='ocrx_word' id='word_1_149' title='bbox 1389 383 1494 411; x_wconf 82' lang='grc' dir='ltr'>αὑτοῦ.</span> 
     </span>
    </p>
   </div>
   <div class='ocr_carea' id='block_1_25' title="bbox 1052 431 1807 469">
    <p class='ocr_par' dir='ltr' id='par_1_25' title="bbox 1052 431 1807 469">
     <span class='ocr_line' id='line_1_25' title="bbox 1052 431 1807 469; baseline -0.001 -10"><span class='ocrx_word' id='word_1_150' title='bbox 1052 432 1244 469; x_wconf 84' lang='grc' dir='ltr'>Περιγραπτδν</span> <span class='ocrx_word' id='word_1_151' title='bbox 1260 431 1310 466; x_wconf 80' lang='grc' dir='ltr'>μέν</span> <span class='ocrx_word' id='word_1_152' title='bbox 1331 431 1430 459; x_wconf 80' lang='grc' dir='ltr'>ὲστιτδ</span> <span class='ocrx_word' id='word_1_153' title='bbox 1445 431 1547 468; x_wconf 82' lang='grc' dir='ltr'>τόπῳῆ</span> <span class='ocrx_word' id='word_1_154' title='bbox 1567 432 1658 468; x_wconf 82' lang='grc' dir='ltr'>χρόνῳ</span> <span class='ocrx_word' id='word_1_155' title='bbox 1682 432 1698 467; x_wconf 87' lang='grc' dir='ltr'>ἦ</span> <span class='ocrx_word' id='word_1_156' title='bbox 1721 441 1807 459; x_wconf 81' lang='grc' dir='ltr'>κατα-</span> 
     </span>
    </p>
   </div>
   <div class='ocr_carea' id='block_1_26' title="bbox 1012 476 1808 512">
    <p class='ocr_par' dir='ltr' id='par_1_26' title="bbox 1012 476 1808 512">
     <span class='ocr_line' id='line_1_26' title="bbox 1012 476 1808 512; baseline -0.001 -8"><span class='ocrx_word' id='word_1_157' title='bbox 1012 477 1093 512; x_wconf 73' lang='grc' dir='ltr'>λήψει</span> <span class='ocrx_word' id='word_1_158' title='bbox 1120 476 1392 512; x_wconf 76' lang='grc' dir='ltr'>περιλαμϐανόμενον</span> <span class='ocrx_word' id='word_1_159' title='bbox 1405 483 1412 491; x_wconf 83' lang='grc'><strong><em>⁸</em></strong></span> <span class='ocrx_word' id='word_1_160' title='bbox 1433 476 1641 512; x_wconf 84' lang='grc' dir='ltr'>ἀπερίγραπτον</span> <span class='ocrx_word' id='word_1_161' title='bbox 1657 477 1686 503; x_wconf 82' lang='grc' dir='ltr'><strong>δὲ</strong></span> <span class='ocrx_word' id='word_1_162' title='bbox 1702 477 1733 503; x_wconf 82' lang='grc' dir='ltr'>τὸ</span> <span class='ocrx_word' id='word_1_163' title='bbox 1753 486 1808 512; x_wconf 78' lang='grc' dir='ltr'>μη-</span> 
     </span>
    </p>
   </div>
   <div class='ocr_carea' id='block_1_27' title="bbox 1013 522 1806 559">
    <p class='ocr_par' dir='ltr' id='par_1_27' title="bbox 1013 522 1806 559">
     <span class='ocr_line' id='line_1_27' title="bbox 1013 522 1806 559; baseline -0.003 -9"><span class='ocrx_word' id='word_1_164' title='bbox 1013 523 1071 550; x_wconf 74' lang='grc' dir='ltr'>δενὶ</span> <span class='ocrx_word' id='word_1_165' title='bbox 1090 522 1197 559; x_wconf 59' lang='grc' dir='ltr'>τούτων</span> <span class='ocrx_word' id='word_1_166' title='bbox 1218 522 1427 558; x_wconf 83' lang='grc' dir='ltr'>περιεχόμενον.</span> <span class='ocrx_word' id='word_1_167' title='bbox 1448 522 1671 557; x_wconf 80' lang='grc' dir='ltr'>Ἀπεριγραπτον</span> <span class='ocrx_word' id='word_1_168' title='bbox 1689 524 1740 558; x_wconf 84' lang='grc' dir='ltr'>μὲν</span> <span class='ocrx_word' id='word_1_169' title='bbox 1758 522 1806 549; x_wconf 72' lang='grc' dir='ltr'>οὖν</span> 
     </span>
    </p>
   </div>
   <div class='ocr_carea' id='block_1_28' title="bbox 1014 568 1804 606">
    <p class='ocr_par' dir='ltr' id='par_1_28' title="bbox 1014 568 1804 606">
     <span class='ocr_line' id='line_1_28' title="bbox 1014 568 1804 606; baseline -0.003 -10"><span class='ocrx_word' id='word_1_170' title='bbox 1014 569 1096 604; x_wconf 88' lang='grc' dir='ltr'>μόνον</span> <span class='ocrx_word' id='word_1_171' title='bbox 1119 569 1179 606; x_wconf 70' lang='grc' dir='ltr'>ἐστὶ</span> <span class='ocrx_word' id='word_1_172' title='bbox 1204 568 1235 595; x_wconf 81' lang='grc' dir='ltr'>τὸ</span> <span class='ocrx_word' id='word_1_173' title='bbox 1248 568 1336 603; x_wconf 85' lang='grc' dir='ltr'>Θεῖον,</span> <span class='ocrx_word' id='word_1_174' title='bbox 1354 568 1473 604; x_wconf 78' lang='grc' dir='ltr'><strong>ἄναρχον</strong></span> <span class='ocrx_word' id='word_1_175' title='bbox 1487 569 1519 596; x_wconf 77' lang='grc' dir='ltr'>ὃν</span> <span class='ocrx_word' id='word_1_176' title='bbox 1544 569 1591 596; x_wconf 76' lang='grc' dir='ltr'>καὶ</span> <span class='ocrx_word' id='word_1_177' title='bbox 1610 569 1804 603; x_wconf 84' lang='grc' dir='ltr'>ἀτελεύτητον,</span> 
     </span>
    </p>
   </div>
   <div class='ocr_carea' id='block_1_29' title="bbox 1014 616 1806 652">
    <p class='ocr_par' dir='ltr' id='par_1_29' title="bbox 1014 616 1806 652">
     <span class='ocr_line' id='line_1_29' title="bbox 1014 616 1806 652; baseline 0 -10"><span class='ocrx_word' id='word_1_178' title='bbox 1014 616 1061 642; x_wconf 75' lang='grc' dir='ltr'>καὶ</span> <span class='ocrx_word' id='word_1_179' title='bbox 1076 616 1166 643; x_wconf 81' lang='grc' dir='ltr'>πάντα</span> <span class='ocrx_word' id='word_1_180' title='bbox 1181 616 1319 651; x_wconf 76' lang='grc' dir='ltr'><strong>περιέχον,</strong></span> <span class='ocrx_word' id='word_1_181' title='bbox 1333 617 1381 643; x_wconf 70' lang='grc' dir='ltr'>καὶ</span> <span class='ocrx_word' id='word_1_182' title='bbox 1397 616 1520 652; x_wconf 85' lang='grc' dir='ltr'><strong>μηδεμιᾷ</strong></span> <span class='ocrx_word' id='word_1_183' title='bbox 1538 616 1692 651; x_wconf 74' lang='grc' dir='ltr'><strong>καταλήψει</strong></span> <span class='ocrx_word' id='word_1_184' title='bbox 1723 625 1806 651; x_wconf 84' lang='grc' dir='ltr'>περι-</span> 
     </span>
    </p>
   </div>
   <div class='ocr_carea' id='block_1_30' title="bbox 1015 660 1806 697">
    <p class='ocr_par' dir='ltr' id='par_1_30' title="bbox 1015 660 1806 697">
     <span class='ocr_line' id='line_1_30' title="bbox 1015 660 1806 697; baseline 0.001 -10"><span class='ocrx_word' id='word_1_185' title='bbox 1015 660 1156 696; x_wconf 85' lang='grc' dir='ltr'>εχόμενον·</span> <span class='ocrx_word' id='word_1_186' title='bbox 1166 661 1246 695; x_wconf 86' lang='grc' dir='ltr'>μόνον</span> <span class='ocrx_word' id='word_1_187' title='bbox 1255 661 1309 697; x_wconf 87' lang='grc' dir='ltr'><strong>γάρ</strong></span> <span class='ocrx_word' id='word_1_188' title='bbox 1322 661 1396 688; x_wconf 81' lang='grc' dir='ltr'>ἐστιν</span> <span class='ocrx_word' id='word_1_189' title='bbox 1406 661 1598 696; x_wconf 82' lang='grc' dir='ltr'><strong>ἀκατάληπτον</strong></span> <span class='ocrx_word' id='word_1_190' title='bbox 1607 662 1654 688; x_wconf 82' lang='grc' dir='ltr'>καὶ</span> <span class='ocrx_word' id='word_1_191' title='bbox 1665 662 1806 697; x_wconf 79' lang='grc' dir='ltr'>ἀόριστον,</span> 
     </span>
    </p>
   </div>
   <div class='ocr_carea' id='block_1_31' title="bbox 1017 706 1807 742">
    <p class='ocr_par' dir='ltr' id='par_1_31' title="bbox 1017 706 1807 742">
     <span class='ocr_line' id='line_1_31' title="bbox 1017 706 1807 742; baseline 0 -8"><span class='ocrx_word' id='word_1_192' title='bbox 1017 706 1063 734; x_wconf 75' lang='grc' dir='ltr'><strong>ὑπ’</strong></span> <span class='ocrx_word' id='word_1_193' title='bbox 1090 706 1196 737; x_wconf 81' lang='grc' dir='ltr'>οὐδενὸς</span> <span class='ocrx_word' id='word_1_194' title='bbox 1231 707 1445 742; x_wconf 82' lang='grc' dir='ltr'><strong>γινωσκόμενον,</strong></span> <span class='ocrx_word' id='word_1_195' title='bbox 1462 707 1528 734; x_wconf 80' lang='grc' dir='ltr'>αὐτὸ</span> <span class='ocrx_word' id='word_1_196' title='bbox 1553 708 1581 734; x_wconf 81' lang='grc' dir='ltr'><strong>δὲ</strong></span> <span class='ocrx_word' id='word_1_197' title='bbox 1605 708 1685 742; x_wconf 84' lang='grc' dir='ltr'>μόνον</span> <span class='ocrx_word' id='word_1_198' title='bbox 1704 709 1807 735; x_wconf 73' lang='grc' dir='ltr'>ἑαυτοῦ</span> 
     </span>
    </p>
   </div>
   <div class='ocr_carea' id='block_1_32' title="bbox 1018 753 1807 789">
    <p class='ocr_par' dir='ltr' id='par_1_32' title="bbox 1018 753 1807 789">
     <span class='ocr_line' id='line_1_32' title="bbox 1018 753 1807 789; baseline 0.003 -10"><span class='ocrx_word' id='word_1_199' title='bbox 1018 753 1188 788; x_wconf 86' lang='grc' dir='ltr'>θεωρητικόν</span> <span class='ocrx_word' id='word_1_200' title='bbox 1199 761 1207 769; x_wconf 90' lang='grc'><strong>·</strong></span> <span class='ocrx_word' id='word_1_201' title='bbox 1219 754 1232 779; x_wconf 85' lang='grc' dir='ltr'>ὁ</span> <span class='ocrx_word' id='word_1_202' title='bbox 1246 753 1276 780; x_wconf 77' lang='grc' dir='ltr'><strong>δὲ</strong></span> <span class='ocrx_word' id='word_1_203' title='bbox 1291 753 1406 788; x_wconf 81' lang='grc' dir='ltr'>ἄγγελος</span> <span class='ocrx_word' id='word_1_204' title='bbox 1419 754 1466 781; x_wconf 73' lang='grc' dir='ltr'>καὶ</span> <span class='ocrx_word' id='word_1_205' title='bbox 1481 755 1569 789; x_wconf 81' lang='grc' dir='ltr'>χρόνῳ</span> <span class='ocrx_word' id='word_1_206' title='bbox 1588 754 1807 789; x_wconf 74' lang='grc' dir='ltr'><strong>περιγράφεται,</strong></span> 
     </span>
    </p>
   </div>
   <div class='ocr_carea' id='block_1_33' title="bbox 1018 796 1808 833">
    <p class='ocr_par' dir='ltr' id='par_1_33' title="bbox 1018 796 1808 833">
     <span class='ocr_line' id='line_1_33' title="bbox 1018 796 1808 833; baseline 0.001 -10"><span class='ocrx_word' id='word_1_207' title='bbox 1018 797 1120 833; x_wconf 77' lang='grc' dir='ltr'>ἧρξατο</span> <span class='ocrx_word' id='word_1_208' title='bbox 1134 797 1188 832; x_wconf 78' lang='grc' dir='ltr'>γὰρ</span> <span class='ocrx_word' id='word_1_209' title='bbox 1201 798 1249 824; x_wconf 84' lang='grc' dir='ltr'>τοῦ</span> <span class='ocrx_word' id='word_1_210' title='bbox 1267 796 1346 828; x_wconf 73' lang='grc' dir='ltr'>εἶναι,</span> <span class='ocrx_word' id='word_1_211' title='bbox 1364 799 1410 825; x_wconf 75' lang='grc' dir='ltr'><strong>καὶ</strong></span> <span class='ocrx_word' id='word_1_212' title='bbox 1424 799 1509 833; x_wconf 85' lang='grc' dir='ltr'>τόπῳ,</span> <span class='ocrx_word' id='word_1_213' title='bbox 1525 800 1549 824; x_wconf 76' lang='grc' dir='ltr'>εἰ</span> <span class='ocrx_word' id='word_1_214' title='bbox 1568 799 1614 825; x_wconf 75' lang='grc' dir='ltr'>καὶ</span> <span class='ocrx_word' id='word_1_215' title='bbox 1639 799 1753 832; x_wconf 85' lang='grc' dir='ltr'>νοητώς,</span> <span class='ocrx_word' id='word_1_216' title='bbox 1770 799 1808 831; x_wconf 81' lang='grc' dir='ltr'><strong>ὡς</strong></span> 
     </span>
    </p>
   </div>
   <div class='ocr_carea' id='block_1_34' title="bbox 1017 844 1808 880">
    <p class='ocr_par' dir='ltr' id='par_1_34' title="bbox 1017 844 1808 880">
     <span class='ocr_line' id='line_1_34' title="bbox 1017 844 1808 880; baseline 0.001 -10"><span class='ocrx_word' id='word_1_217' title='bbox 1017 844 1196 879; x_wconf 71' lang='grc' dir='ltr'>προείπομεν,</span> <span class='ocrx_word' id='word_1_218' title='bbox 1216 844 1263 870; x_wconf 73' lang='grc' dir='ltr'>καὶ</span> <span class='ocrx_word' id='word_1_219' title='bbox 1283 844 1455 879; x_wconf 78' lang='grc' dir='ltr'>καταλήψει·</span> <span class='ocrx_word' id='word_1_220' title='bbox 1473 844 1520 870; x_wconf 81' lang='grc' dir='ltr'><strong>καὶ</strong></span> <span class='ocrx_word' id='word_1_221' title='bbox 1534 844 1656 879; x_wconf 79' lang='grc' dir='ltr'>ἀλλήλων</span> <span class='ocrx_word' id='word_1_222' title='bbox 1680 845 1736 880; x_wconf 80' lang='grc' dir='ltr'><strong>γὰρ</strong></span> <span class='ocrx_word' id='word_1_223' title='bbox 1757 846 1808 880; x_wconf 81' lang='grc' dir='ltr'>τὴν</span> 
     </span>
    </p>
   </div>
   <div class='ocr_carea' id='block_1_35' title="bbox 1018 890 1809 926">
    <p class='ocr_par' dir='ltr' id='par_1_35' title="bbox 1018 890 1809 926">
     <span class='ocr_line' id='line_1_35' title="bbox 1018 890 1809 926; baseline 0.001 -10"><span class='ocrx_word' id='word_1_224' title='bbox 1018 890 1101 924; x_wconf 69' lang='grc' dir='ltr'>φύσιν</span> <span class='ocrx_word' id='word_1_225' title='bbox 1117 890 1191 917; x_wconf 74' lang='grc' dir='ltr'>ἴσασι</span> <span class='ocrx_word' id='word_1_226' title='bbox 1210 890 1314 924; x_wconf 85' lang='grc' dir='ltr'>ποσῶς,</span> <span class='ocrx_word' id='word_1_227' title='bbox 1329 891 1376 917; x_wconf 80' lang='grc' dir='ltr'>καὶ</span> <span class='ocrx_word' id='word_1_228' title='bbox 1391 891 1443 917; x_wconf 81' lang='grc' dir='ltr'><strong>ὑπὸ</strong></span> <span class='ocrx_word' id='word_1_229' title='bbox 1463 890 1510 916; x_wconf 84' lang='grc' dir='ltr'>τοῦ</span> <span class='ocrx_word' id='word_1_230' title='bbox 1534 891 1644 917; x_wconf 77' lang='grc' dir='ltr'>κτίστου</span> <span class='ocrx_word' id='word_1_231' title='bbox 1666 891 1809 926; x_wconf 76' lang='grc' dir='ltr'>ὁρίζονται</span> 
     </span>
    </p>
   </div>
   <div class='ocr_carea' id='block_1_36' title="bbox 1017 936 1808 972">
    <p class='ocr_par' dir='ltr' id='par_1_36' title="bbox 1017 936 1808 972">
     <span class='ocr_line' id='line_1_36' title="bbox 1017 936 1808 972; baseline 0.003 -10"><span class='ocrx_word' id='word_1_232' title='bbox 1017 936 1109 962; x_wconf 82' lang='grc' dir='ltr'>τέλεον</span> <span class='ocrx_word' id='word_1_233' title='bbox 1125 944 1132 952; x_wconf 81' lang='grc'><strong>”</strong></span> <span class='ocrx_word' id='word_1_234' title='bbox 1147 937 1182 964; x_wconf 80' lang='grc' dir='ltr'>τὰ</span> <span class='ocrx_word' id='word_1_235' title='bbox 1193 937 1220 963; x_wconf 84' lang='grc' dir='ltr'><strong>δὲ</strong></span> <span class='ocrx_word' id='word_1_236' title='bbox 1236 937 1352 971; x_wconf 84' lang='grc' dir='ltr'>σώματα</span> <span class='ocrx_word' id='word_1_237' title='bbox 1368 936 1415 963; x_wconf 79' lang='grc' dir='ltr'>καὶ</span> <span class='ocrx_word' id='word_1_238' title='bbox 1426 937 1508 972; x_wconf 82' lang='grc' dir='ltr'>ἀρχῇ,</span> <span class='ocrx_word' id='word_1_239' title='bbox 1535 937 1581 964; x_wconf 82' lang='grc' dir='ltr'>καὶ</span> <span class='ocrx_word' id='word_1_240' title='bbox 1602 937 1686 971; x_wconf 76' lang='grc' dir='ltr'>τέλει,</span> <span class='ocrx_word' id='word_1_241' title='bbox 1702 938 1750 964; x_wconf 72' lang='grc' dir='ltr'>καὶ</span> <span class='ocrx_word' id='word_1_242' title='bbox 1764 939 1808 964; x_wconf 80' lang='grc' dir='ltr'>τό·</span> 
     </span>
    </p>
   </div>
   <div class='ocr_carea' id='block_1_37' title="bbox 1018 982 1488 1016">
    <p class='ocr_par' dir='ltr' id='par_1_37' title="bbox 1018 982 1488 1016">
     <span class='ocr_line' id='line_1_37' title="bbox 1018 982 1488 1016; baseline 0.011 -10"><span class='ocrx_word' id='word_1_243' title='bbox 1018 989 1061 1015; x_wconf 79' lang='grc' dir='ltr'>πῳ</span> <span class='ocrx_word' id='word_1_244' title='bbox 1082 982 1243 1016; x_wconf 83' lang='grc' dir='ltr'>σωματικῷ,</span> <span class='ocrx_word' id='word_1_245' title='bbox 1265 984 1311 1009; x_wconf 73' lang='grc' dir='ltr'>καὶ</span> <span class='ocrx_word' id='word_1_246' title='bbox 1328 982 1488 1016; x_wconf 70' lang='grc' dir='ltr'>καταλήψει.</span> 
     </span>
    </p>
   </div>
   <div class='ocr_carea' id='block_1_38' title="bbox 171 1030 1633 1068">
    <p class='ocr_par' dir='ltr' id='par_1_38' title="bbox 171 1030 1633 1068">
     <span class='ocr_line' id='line_1_38' title="bbox 171 1030 1633 1068; baseline 0 -11"><span class='ocrx_word' id='word_1_247' title='bbox 171 1031 290 1066; x_wconf 77' lang='lat' dir='ltr'><strong>(.orporu</strong></span> <span class='ocrx_word' id='word_1_248' title='bbox 306 1036 397 1059; x_wconf 87' lang='lat' dir='ltr'><strong>autem</strong></span> <span class='ocrx_word' id='word_1_249' title='bbox 413 1036 441 1059; x_wconf 90' lang='lat' dir='ltr'><strong>et</strong></span> <span class='ocrx_word' id='word_1_250' title='bbox 465 1033 610 1068; x_wconf 85' lang='lat' dir='ltr'><strong>principio,</strong></span> <span class='ocrx_word' id='word_1_251' title='bbox 627 1037 655 1060; x_wconf 88' lang='lat' dir='ltr'><strong>et</strong></span> <span class='ocrx_word' id='word_1_252' title='bbox 678 1032 743 1066; x_wconf 81' lang='lat' dir='ltr'><strong>ﬁne,</strong></span> <span class='ocrx_word' id='word_1_253' title='bbox 758 1037 785 1060; x_wconf 92' lang='lat' dir='ltr'><strong>et</strong></span> <span class='ocrx_word' id='word_1_254' title='bbox 798 1032 859 1060; x_wconf 88' lang='lat' dir='ltr'><strong>loco</strong></span> <span class='ocrx_word' id='word_1_255' title='bbox 877 1036 1021 1066; x_wconf 89' lang='lat' dir='ltr'><strong>corporeo,</strong></span> <span class='ocrx_word' id='word_1_256' title='bbox 1037 1035 1065 1057; x_wconf 90' lang='lat' dir='ltr'><strong>et</strong></span> <span class='ocrx_word' id='word_1_257' title='bbox 1081 1031 1326 1065; x_wconf 85' lang='lat' dir='ltr'><strong>comprehensione</strong></span> <span class='ocrx_word' id='word_1_258' title='bbox 1342 1036 1406 1058; x_wconf 88' lang='lat' dir='ltr'><strong>sunt</strong></span> <span class='ocrx_word' id='word_1_259' title='bbox 1418 1030 1633 1066; x_wconf 84' lang='lat' dir='ltr'><strong>circumsoripta.</strong></span> 
     </span>
    </p>
   </div>
   <div class='ocr_carea' id='block_1_39' title="bbox 463 1078 678 1107">
    <p class='ocr_par' dir='ltr' id='par_1_39' title="bbox 463 1078 678 1107">
     <span class='ocr_line' id='line_1_39' title="bbox 463 1078 678 1107; baseline 0 -2"><span class='ocrx_word' id='word_1_260' title='bbox 463 1078 616 1107; x_wconf 82' lang='lat' dir='ltr'><strong>TITULUS</strong></span> <span class='ocrx_word' id='word_1_261' title='bbox 633 1078 678 1106; x_wconf 79' lang='grc' dir='ltr'><strong>Ν.</strong></span> 
     </span>
    </p>
   </div>
   <div class='ocr_carea' id='block_1_40' title="bbox 172 1114 966 1159">
    <p class='ocr_par' dir='ltr' id='par_1_40' title="bbox 172 1123 966 1159">
     <span class='ocr_line' id='line_1_40' title="bbox 172 1123 966 1159; baseline -0.003 -8"><span class='ocrx_word' id='word_1_262' title='bbox 172 1124 296 1151; x_wconf 80' lang='lat' dir='ltr'><strong>Divinam</strong></span> <span class='ocrx_word' id='word_1_263' title='bbox 315 1129 441 1151; x_wconf 86' lang='lat' dir='ltr'><strong>naturam</strong></span> <span class='ocrx_word' id='word_1_264' title='bbox 457 1125 640 1159; x_wconf 79' lang='lat' dir='ltr'><strong>comprehendi</strong></span> <span class='ocrx_word' id='word_1_265' title='bbox 669 1132 720 1151; x_wconf 82' lang='lat' dir='ltr'><strong>non</strong></span> <span class='ocrx_word' id='word_1_266' title='bbox 758 1131 841 1157; x_wconf 71' lang='lat' dir='ltr'><strong>posse.</strong></span> <span class='ocrx_word' id='word_1_267' title='bbox 858 1158 865 1159; x_wconf 19' lang='grc' dir='ltr'>ί</span> <span class='ocrx_word' id='word_1_268' title='bbox 876 1123 966 1159; x_wconf 78' lang='lat' dir='ltr'><strong>Magni</strong></span> 
     </span>
    </p>
   </div>
   <div class='ocr_carea' id='block_1_41' title="bbox 207 1158 966 1194">
    <p class='ocr_par' dir='ltr' id='par_1_41' title="bbox 207 1158 966 1194">
     <span class='ocr_line' id='line_1_41' title="bbox 207 1158 966 1194; baseline -0.003 -7"><span class='ocrx_word' id='word_1_269' title='bbox 207 1159 325 1194; x_wconf 78' lang='lat' dir='ltr'><strong>Gregorii</strong></span> <span class='ocrx_word' id='word_1_270' title='bbox 340 1159 472 1194; x_wconf 74' lang='lat' dir='ltr'><strong>Tlieologi,</strong></span> <span class='ocrx_word' id='word_1_271' title='bbox 489 1158 522 1187; x_wconf 61' lang='lat' dir='ltr'><strong>et</strong></span> <span class='ocrx_word' id='word_1_272' title='bbox 546 1161 666 1187; x_wconf 81' lang='lat' dir='ltr'><strong>oratione</strong></span> <span class='ocrx_word' id='word_1_273' title='bbox 685 1161 712 1186; x_wconf 86' lang='lat' dir='ltr'><strong>in</strong></span> <span class='ocrx_word' id='word_1_274' title='bbox 736 1159 806 1186; x_wconf 78' lang='lat' dir='ltr'><strong>diem</strong></span> <span class='ocrx_word' id='word_1_275' title='bbox 838 1158 966 1186; x_wconf 78' lang='lat' dir='ltr'><strong>Natalem</strong></span> 
     </span>
    </p>
   </div>
   <div class='ocr_carea' id='block_1_42' title="bbox 204 1194 622 1223">
    <p class='ocr_par' dir='ltr' id='par_1_42' title="bbox 204 1194 622 1223">
     <span class='ocr_line' id='line_1_42' title="bbox 204 1194 622 1223; baseline 0.005 -3"><span class='ocrx_word' id='word_1_276' title='bbox 204 1194 312 1221; x_wconf 80' lang='lat' dir='ltr'><strong>Domini</strong></span> <span class='ocrx_word' id='word_1_277' title='bbox 327 1195 409 1222; x_wconf 83' lang='lat' dir='ltr'><strong>nostri</strong></span> <span class='ocrx_word' id='word_1_278' title='bbox 431 1195 492 1222; x_wconf 79' lang='lat' dir='ltr'><strong>Jesu</strong></span> <span class='ocrx_word' id='word_1_279' title='bbox 511 1195 622 1223; x_wconf 74' lang='lat' dir='ltr'><strong>Christi.</strong></span> 
     </span>
    </p>
   </div>
   <div class='ocr_carea' id='block_1_43' title="bbox 279 1274 954 1310">
    <p class='ocr_par' dir='ltr' id='par_1_43' title="bbox 279 1274 954 1310">
     <span class='ocr_line' id='line_1_43' title="bbox 279 1274 954 1310; baseline -0.004 -7"><span class='ocrx_word' id='word_1_280' title='bbox 279 1276 359 1308; x_wconf 86' lang='lat' dir='ltr'><strong>Deus,</strong></span> <span class='ocrx_word' id='word_1_281' title='bbox 373 1281 400 1302; x_wconf 90' lang='lat' dir='ltr'><strong>et</strong></span> <span class='ocrx_word' id='word_1_282' title='bbox 418 1279 475 1303; x_wconf 89' lang='lat' dir='ltr'><strong>erat</strong></span> <span class='ocrx_word' id='word_1_283' title='bbox 491 1282 606 1310; x_wconf 86' lang='lat' dir='ltr'><strong>semper.</strong></span> <span class='ocrx_word' id='word_1_284' title='bbox 628 1279 656 1302; x_wconf 91' lang='lat' dir='ltr'><strong>et</strong></span> <span class='ocrx_word' id='word_1_285' title='bbox 672 1279 723 1306; x_wconf 86' lang='lat' dir='ltr'><strong>est,</strong></span> <span class='ocrx_word' id='word_1_286' title='bbox 751 1279 779 1302; x_wconf 87' lang='lat' dir='ltr'><strong>et</strong></span> <span class='ocrx_word' id='word_1_287' title='bbox 797 1275 848 1301; x_wconf 90' lang='lat' dir='ltr'><strong>erit</strong></span> <span class='ocrx_word' id='word_1_288' title='bbox 866 1283 874 1301; x_wconf 69' lang='grc' dir='ltr'><strong>τ</strong></span> <span class='ocrx_word' id='word_1_289' title='bbox 902 1274 954 1307; x_wconf 87' lang='lat' dir='ltr'><strong>vel,</strong></span> 
     </span>
    </p>
   </div>
   <div class='ocr_carea' id='block_1_44' title="bbox 165 1319 957 1355">
    <p class='ocr_par' dir='ltr' id='par_1_44' title="bbox 165 1319 957 1355">
     <span class='ocr_line' id='line_1_44' title="bbox 165 1319 957 1355; baseline -0.005 -5"><span class='ocrx_word' id='word_1_290' title='bbox 165 1327 197 1350; x_wconf 87' lang='lat' dir='ltr'><strong>ut</strong></span> <span class='ocrx_word' id='word_1_291' title='bbox 209 1321 308 1349; x_wconf 78' lang='lat' dir='ltr'><strong>rectius</strong></span> <span class='ocrx_word' id='word_1_292' title='bbox 324 1322 426 1355; x_wconf 85' lang='lat' dir='ltr'><strong>loquar,</strong></span> <span class='ocrx_word' id='word_1_293' title='bbox 457 1327 564 1354; x_wconf 82' lang='lat' dir='ltr'><strong>semper</strong></span> <span class='ocrx_word' id='word_1_294' title='bbox 588 1325 636 1347; x_wconf 72' lang='lat' dir='ltr'><strong>est.</strong></span> <span class='ocrx_word' id='word_1_295' title='bbox 666 1319 732 1347; x_wconf 79' lang='lat' dir='ltr'><strong>Nam</strong></span> <span class='ocrx_word' id='word_1_296' title='bbox 760 1325 825 1351; x_wconf 80' lang='lat' dir='ltr'><strong>erat,</strong></span> <span class='ocrx_word' id='word_1_297' title='bbox 851 1324 878 1346; x_wconf 81' lang='lat' dir='ltr'><strong>et</strong></span> <span class='ocrx_word' id='word_1_298' title='bbox 898 1321 957 1351; x_wconf 81' lang='lat' dir='ltr'><strong>erit,</strong></span> 
     </span>
    </p>
   </div>
   <div class='ocr_carea' id='block_1_45' title="bbox 167 1365 957 1401">
    <p class='ocr_par' dir='ltr' id='par_1_45' title="bbox 167 1365 957 1401">
     <span class='ocr_line' id='line_1_45' title="bbox 167 1365 957 1401; baseline -0.003 -7"><span class='ocrx_word' id='word_1_299' title='bbox 167 1367 252 1394; x_wconf 77' lang='lat' dir='ltr'><strong>nostri</strong></span> <span class='ocrx_word' id='word_1_300' title='bbox 272 1366 411 1401; x_wconf 85' lang='lat' dir='ltr'><strong>temporis,</strong></span> <span class='ocrx_word' id='word_1_301' title='bbox 434 1365 564 1400; x_wconf 76' lang='lat' dir='ltr'><strong>fluxa:th</strong></span> <span class='ocrx_word' id='word_1_302' title='bbox 591 1371 694 1392; x_wconf 72' lang='lat' dir='ltr'><strong>naturae</strong></span> <span class='ocrx_word' id='word_1_303' title='bbox 720 1370 858 1399; x_wconf 76' lang='lat' dir='ltr'><strong>segmenta</strong></span> <span class='ocrx_word' id='word_1_304' title='bbox 884 1370 957 1392; x_wconf 86' lang='lat' dir='ltr'><strong>sunt.</strong></span> 
     </span>
    </p>
   </div>
   <div class='ocr_carea' id='block_1_46' title="bbox 169 1410 959 1445">
    <p class='ocr_par' dir='ltr' id='par_1_46' title="bbox 169 1410 959 1445">
     <span class='ocr_line' id='line_1_46' title="bbox 169 1410 959 1445; baseline -0.004 -6"><span class='ocrx_word' id='word_1_305' title='bbox 169 1412 215 1440; x_wconf 86' lang='lat' dir='ltr'><strong>Ille</strong></span> <span class='ocrx_word' id='word_1_306' title='bbox 228 1416 317 1439; x_wconf 81' lang='lat' dir='ltr'><strong>autent</strong></span> <span class='ocrx_word' id='word_1_307' title='bbox 335 1418 441 1445; x_wconf 85' lang='lat' dir='ltr'><strong>semper</strong></span> <span class='ocrx_word' id='word_1_308' title='bbox 455 1416 501 1442; x_wconf 69' lang='grc' dir='ltr'>ρει,</span> <span class='ocrx_word' id='word_1_309' title='bbox 515 1415 595 1444; x_wconf 90' lang='lat' dir='ltr'><strong>atque</strong></span> <span class='ocrx_word' id='word_1_310' title='bbox 616 1410 666 1437; x_wconf 88' lang='lat' dir='ltr'><strong>hoc</strong></span> <span class='ocrx_word' id='word_1_311' title='bbox 682 1411 760 1437; x_wconf 91' lang='lat' dir='ltr'><strong>modo</strong></span> <span class='ocrx_word' id='word_1_312' title='bbox 775 1410 892 1443; x_wconf 81' lang='lat' dir='ltr'><strong>seipsum</strong></span> <span class='ocrx_word' id='word_1_313' title='bbox 910 1416 959 1436; x_wconf 90' lang='lat' dir='ltr'><strong>no-</strong></span> 
     </span>
    </p>
   </div>
   <div class='ocr_carea' id='block_1_47' title="bbox 168 1453 960 1491">
    <p class='ocr_par' dir='ltr' id='par_1_47' title="bbox 168 1453 960 1491">
     <span class='ocr_line' id='line_1_47' title="bbox 168 1453 960 1491; baseline -0.006 -5"><span class='ocrx_word' id='word_1_314' title='bbox 168 1459 263 1491; x_wconf 88' lang='lat' dir='ltr'><strong>minat,</strong></span> <span class='ocrx_word' id='word_1_315' title='bbox 276 1465 336 1485; x_wconf 90' lang='lat' dir='ltr'><strong>cum</strong></span> <span class='ocrx_word' id='word_1_316' title='bbox 360 1457 385 1484; x_wconf 84' lang='lat' dir='ltr'><strong>in</strong></span> <span class='ocrx_word' id='word_1_317' title='bbox 404 1461 494 1483; x_wconf 90' lang='lat' dir='ltr'><strong>monte</strong></span> <span class='ocrx_word' id='word_1_318' title='bbox 518 1455 602 1490; x_wconf 83' lang='lat' dir='ltr'><strong>Moysi</strong></span> <span class='ocrx_word' id='word_1_319' title='bbox 618 1455 755 1482; x_wconf 82' lang='lat' dir='ltr'><strong>oraculum</strong></span> <span class='ocrx_word' id='word_1_320' title='bbox 772 1455 827 1482; x_wconf 90' lang='lat' dir='ltr'><strong>edit</strong></span> <span class='ocrx_word' id='word_1_321' title='bbox 846 1453 867 1481; x_wconf 79' lang='lat'>‘.</span> <span class='ocrx_word' id='word_1_322' title='bbox 894 1453 960 1481; x_wconf 81' lang='lat' dir='ltr'><strong>Uni-</strong></span> 
     </span>
    </p>
   </div>
   <div class='ocr_carea' id='block_1_48' title="bbox 170 1500 960 1536">
    <p class='ocr_par' dir='ltr' id='par_1_48' title="bbox 170 1500 960 1536">
     <span class='ocr_line' id='line_1_48' title="bbox 170 1500 960 1536; baseline -0.003 -8"><span class='ocrx_word' id='word_1_323' title='bbox 170 1511 276 1531; x_wconf 83' lang='lat' dir='ltr'><strong>versum</strong></span> <span class='ocrx_word' id='word_1_324' title='bbox 291 1503 363 1529; x_wconf 87' lang='lat' dir='ltr'><strong>enim</strong></span> <span class='ocrx_word' id='word_1_325' title='bbox 385 1502 422 1534; x_wconf 87' lang='lat' dir='ltr'><strong>id,</strong></span> <span class='ocrx_word' id='word_1_326' title='bbox 437 1501 507 1536; x_wconf 88' lang='lat' dir='ltr'><strong>quod</strong></span> <span class='ocrx_word' id='word_1_327' title='bbox 527 1506 578 1534; x_wconf 87' lang='lat' dir='ltr'><strong>est,</strong></span> <span class='ocrx_word' id='word_1_328' title='bbox 598 1502 623 1527; x_wconf 87' lang='lat' dir='ltr'><strong>in</strong></span> <span class='ocrx_word' id='word_1_329' title='bbox 648 1508 677 1528; x_wconf 88' lang='lat' dir='ltr'><strong>se</strong></span> <span class='ocrx_word' id='word_1_330' title='bbox 694 1500 893 1535; x_wconf 84' lang='lat' dir='ltr'><strong>complectitur,</strong></span> <span class='ocrx_word' id='word_1_331' title='bbox 911 1506 960 1526; x_wconf 88' lang='lat' dir='ltr'><strong>nec</strong></span> 
     </span>
    </p>
   </div>
   <div class='ocr_carea' id='block_1_49' title="bbox 170 1547 563 1583">
    <p class='ocr_par' dir='ltr' id='par_1_49' title="bbox 170 1547 563 1583">
     <span class='ocr_line' id='line_1_49' title="bbox 170 1547 563 1583; baseline -0.003 -8"><span class='ocrx_word' id='word_1_332' title='bbox 170 1547 330 1583; x_wconf 87' lang='lat' dir='ltr'><strong>principium</strong></span> <span class='ocrx_word' id='word_1_333' title='bbox 345 1547 447 1573; x_wconf 77' lang='lat' dir='ltr'><strong>habens</strong></span> <span class='ocrx_word' id='word_1_334' title='bbox 457 1567 466 1580; x_wconf 88' lang='lat'><strong>,</strong></span> <span class='ocrx_word' id='word_1_335' title='bbox 513 1554 563 1574; x_wconf 83' lang='lat' dir='ltr'><strong>nec</strong></span> 
     </span>
    </p>
   </div>
   <div class='ocr_carea' id='block_1_50' title="bbox 170 1590 955 1627">
    <p class='ocr_par' dir='ltr' id='par_1_50' title="bbox 170 1590 955 1627">
     <span class='ocr_line' id='line_1_50' title="bbox 170 1590 955 1627; baseline -0.003 -8"><span class='ocrx_word' id='word_1_336' title='bbox 170 1598 199 1619; x_wconf 87' lang='lat' dir='ltr'><strong>ut.</strong></span> <span class='ocrx_word' id='word_1_337' title='bbox 221 1593 332 1627; x_wconf 90' lang='lat' dir='ltr'><strong>pelagus</strong></span> <span class='ocrx_word' id='word_1_338' title='bbox 349 1591 483 1626; x_wconf 85' lang='lat' dir='ltr'><strong>quoddam</strong></span> <span class='ocrx_word' id='word_1_339' title='bbox 497 1591 621 1618; x_wconf 61' lang='lat' dir='ltr'><strong>essentia:</strong></span> <span class='ocrx_word' id='word_1_340' title='bbox 644 1591 805 1618; x_wconf 86' lang='lat' dir='ltr'><strong>immensum</strong></span> <span class='ocrx_word' id='word_1_341' title='bbox 819 1595 847 1617; x_wconf 90' lang='lat' dir='ltr'><strong>et</strong></span> <span class='ocrx_word' id='word_1_342' title='bbox 871 1590 955 1617; x_wconf 82' lang='lat' dir='ltr'><strong>inter-</strong></span> 
     </span>
    </p>
   </div>
   <div class='ocr_carea' id='block_1_51' title="bbox 171 1637 960 1671">
    <p class='ocr_par' dir='ltr' id='par_1_51' title="bbox 171 1637 960 1671">
     <span class='ocr_line' id='line_1_51' title="bbox 171 1637 960 1671; baseline -0.003 -6"><span class='ocrx_word' id='word_1_343' title='bbox 171 1638 313 1670; x_wconf 86' lang='lat' dir='ltr'><strong>minatum,</strong></span> <span class='ocrx_word' id='word_1_344' title='bbox 331 1645 449 1670; x_wconf 87' lang='lat' dir='ltr'><strong>omnem,</strong></span> <span class='ocrx_word' id='word_1_345' title='bbox 465 1642 520 1664; x_wconf 91' lang='lat' dir='ltr'><strong>tum</strong></span> <span class='ocrx_word' id='word_1_346' title='bbox 547 1637 684 1671; x_wconf 78' lang='lat' dir='ltr'><strong>temporis,</strong></span> <span class='ocrx_word' id='word_1_347' title='bbox 705 1641 759 1663; x_wconf 93' lang='lat' dir='ltr'><strong>tum</strong></span> <span class='ocrx_word' id='word_1_348' title='bbox 788 1641 890 1663; x_wconf 65' lang='lat' dir='ltr'><strong>natura</strong></span> <span class='ocrx_word' id='word_1_349' title='bbox 914 1643 960 1663; x_wconf 93' lang='lat' dir='ltr'><strong>co-</strong></span> 
     </span>
    </p>
   </div>
   <div class='ocr_carea' id='block_1_52' title="bbox 170 1681 960 1716">
    <p class='ocr_par' dir='ltr' id='par_1_52' title="bbox 170 1681 960 1716">
     <span class='ocr_line' id='line_1_52' title="bbox 170 1681 960 1716; baseline -0.001 -6"><span class='ocrx_word' id='word_1_350' title='bbox 170 1683 326 1716; x_wconf 65' lang='lat' dir='ltr'><strong>gitationem</strong></span> <span class='ocrx_word' id='word_1_351' title='bbox 346 1690 494 1716; x_wconf 86' lang='lat' dir='ltr'><strong>superans;</strong></span> <span class='ocrx_word' id='word_1_352' title='bbox 520 1687 609 1709; x_wconf 82' lang='lat' dir='ltr'><strong>mente</strong></span> <span class='ocrx_word' id='word_1_353' title='bbox 622 1682 677 1709; x_wconf 87' lang='lat' dir='ltr'><strong>sola</strong></span> <span class='ocrx_word' id='word_1_354' title='bbox 691 1682 864 1709; x_wconf 80' lang='lat' dir='ltr'><strong>adumbratos</strong></span> <span class='ocrx_word' id='word_1_355' title='bbox 883 1681 918 1714; x_wconf 83' lang='lat' dir='ltr'><strong>is,</strong></span> <span class='ocrx_word' id='word_1_356' title='bbox 932 1686 960 1709; x_wconf 82' lang='lat' dir='ltr'><strong>et</strong></span> 
     </span>
    </p>
   </div>
   <div class='ocr_carea' id='block_1_53' title="bbox 170 1727 959 1762">
    <p class='ocr_par' dir='ltr' id='par_1_53' title="bbox 170 1727 959 1762">
     <span class='ocr_line' id='line_1_53' title="bbox 170 1727 959 1762; baseline 0 -8"><span class='ocrx_word' id='word_1_357' title='bbox 170 1728 280 1762; x_wconf 78' lang='lat' dir='ltr'><strong>quidem</strong></span> <span class='ocrx_word' id='word_1_358' title='bbox 295 1728 443 1762; x_wconf 78' lang='lat' dir='ltr'><strong>perexiguo</strong></span> <span class='ocrx_word' id='word_1_359' title='bbox 456 1735 487 1756; x_wconf 86' lang='lat' dir='ltr'><strong>ac</strong></span> <span class='ocrx_word' id='word_1_360' title='bbox 505 1727 678 1762; x_wconf 85' lang='lat' dir='ltr'><strong>perobscure,</strong></span> <span class='ocrx_word' id='word_1_361' title='bbox 699 1735 750 1754; x_wconf 88' lang='lat' dir='ltr'><strong>non</strong></span> <span class='ocrx_word' id='word_1_362' title='bbox 765 1735 796 1754; x_wconf 68' lang='lat' dir='ltr'><strong>ex</strong></span> <span class='ocrx_word' id='word_1_363' title='bbox 810 1727 852 1754; x_wconf 87' lang='lat' dir='ltr'><strong>his</strong></span> <span class='ocrx_word' id='word_1_364' title='bbox 863 1734 921 1760; x_wconf 82' lang='lat' dir='ltr'><strong>quae</strong></span> <span class='ocrx_word' id='word_1_365' title='bbox 932 1727 959 1754; x_wconf 94' lang='lat' dir='ltr'><strong>in</strong></span> 
     </span>
    </p>
   </div>
   <div class='ocr_carea' id='block_1_54' title="bbox 172 1772 959 1807">
    <p class='ocr_par' dir='ltr' id='par_1_54' title="bbox 172 1772 959 1807">
     <span class='ocr_line' id='line_1_54' title="bbox 172 1772 959 1807; baseline 0 -8"><span class='ocrx_word' id='word_1_366' title='bbox 172 1774 229 1806; x_wconf 86' lang='lat' dir='ltr'><strong>ipso</strong></span> <span class='ocrx_word' id='word_1_367' title='bbox 241 1777 314 1805; x_wconf 83' lang='lat' dir='ltr'><strong>sunt,</strong></span> <span class='ocrx_word' id='word_1_368' title='bbox 328 1773 374 1799; x_wconf 88' lang='lat' dir='ltr'><strong>sed</strong></span> <span class='ocrx_word' id='word_1_369' title='bbox 386 1780 445 1807; x_wconf 73' lang='lat' dir='ltr'><strong>qua:</strong></span> <span class='ocrx_word' id='word_1_370' title='bbox 458 1775 529 1800; x_wconf 85' lang='lat' dir='ltr'><strong>circa</strong></span> <span class='ocrx_word' id='word_1_371' title='bbox 546 1773 631 1807; x_wconf 88' lang='lat' dir='ltr'><strong>ipsum</strong></span> <span class='ocrx_word' id='word_1_372' title='bbox 644 1781 652 1800; x_wconf 88' lang='lat'><strong>:</strong></span> <span class='ocrx_word' id='word_1_373' title='bbox 667 1773 719 1800; x_wconf 88' lang='lat' dir='ltr'><strong>alia</strong></span> <span class='ocrx_word' id='word_1_374' title='bbox 733 1779 765 1799; x_wconf 80' lang='lat' dir='ltr'><strong>ex</strong></span> <span class='ocrx_word' id='word_1_375' title='bbox 778 1773 831 1799; x_wconf 86' lang='lat' dir='ltr'><strong>alio</strong></span> <span class='ocrx_word' id='word_1_376' title='bbox 849 1772 959 1799; x_wconf 75' lang='lat' dir='ltr'><strong>collecta</strong></span> 
     </span>
    </p>
   </div>
   <div class='ocr_carea' id='block_1_55' title="bbox 168 1820 959 1855">
    <p class='ocr_par' dir='ltr' id='par_1_55' title="bbox 168 1820 959 1855">
     <span class='ocr_line' id='line_1_55' title="bbox 168 1820 959 1855; baseline 0.001 -9"><span class='ocrx_word' id='word_1_377' title='bbox 168 1820 259 1853; x_wconf 78' lang='lat' dir='ltr'><strong>specie</strong></span> <span class='ocrx_word' id='word_1_378' title='bbox 289 1821 321 1847; x_wconf 85' lang='lat' dir='ltr'><strong>ad</strong></span> <span class='ocrx_word' id='word_1_379' title='bbox 345 1828 426 1847; x_wconf 85' lang='lat' dir='ltr'><strong>unum</strong></span> <span class='ocrx_word' id='word_1_380' title='bbox 454 1820 589 1855; x_wconf 79' lang='lat' dir='ltr'><strong>quoddam</strong></span> <span class='ocrx_word' id='word_1_381' title='bbox 616 1820 737 1847; x_wconf 87' lang='lat' dir='ltr'><strong>veritatis</strong></span> <span class='ocrx_word' id='word_1_382' title='bbox 767 1820 959 1854; x_wconf 82' lang='lat' dir='ltr'><strong>simulacrum,</strong></span> 
     </span>
    </p>
   </div>
   <div class='ocr_carea' id='block_1_56' title="bbox 170 1865 960 1901">
    <p class='ocr_par' dir='ltr' id='par_1_56' title="bbox 170 1865 960 1901">
     <span class='ocr_line' id='line_1_56' title="bbox 170 1865 960 1901; baseline 0.003 -10"><span class='ocrx_word' id='word_1_383' title='bbox 170 1867 325 1901; x_wconf 65' lang='lat' dir='ltr'><strong>priusquam</strong></span> <span class='ocrx_word' id='word_1_384' title='bbox 345 1871 478 1898; x_wconf 84' lang='lat' dir='ltr'><strong>teneatur,</strong></span> <span class='ocrx_word' id='word_1_385' title='bbox 496 1865 636 1901; x_wconf 79' lang='lat' dir='ltr'><strong>effugiens.</strong></span> <span class='ocrx_word' id='word_1_386' title='bbox 654 1871 681 1894; x_wconf 87' lang='lat' dir='ltr'><strong>ct</strong></span> <span class='ocrx_word' id='word_1_387' title='bbox 706 1866 861 1901; x_wconf 81' lang='lat' dir='ltr'><strong>priusquam</strong></span> <span class='ocrx_word' id='word_1_388' title='bbox 881 1865 960 1893; x_wconf 87' lang='lat' dir='ltr'><strong>intel-</strong></span> 
     </span>
    </p>
   </div>
   <div class='ocr_carea' id='block_1_57' title="bbox 170 1911 951 1947">
    <p class='ocr_par' dir='ltr' id='par_1_57' title="bbox 170 1911 951 1947">
     <span class='ocr_line' id='line_1_57' title="bbox 170 1911 951 1947; baseline 0.001 -9"><span class='ocrx_word' id='word_1_389' title='bbox 170 1911 238 1938; x_wconf 75' lang='lat' dir='ltr'><strong>lertu</strong></span> <span class='ocrx_word' id='word_1_390' title='bbox 254 1912 426 1946; x_wconf 86' lang='lat' dir='ltr'><strong>percipiatur,</strong></span> <span class='ocrx_word' id='word_1_391' title='bbox 441 1919 471 1938; x_wconf 84' lang='lat' dir='ltr'><strong>se</strong></span> <span class='ocrx_word' id='word_1_392' title='bbox 481 1912 567 1944; x_wconf 84' lang='lat' dir='ltr'><strong>ipsum</strong></span> <span class='ocrx_word' id='word_1_393' title='bbox 579 1911 640 1946; x_wconf 83' lang='lat' dir='ltr'><strong>fuga</strong></span> <span class='ocrx_word' id='word_1_394' title='bbox 655 1912 805 1947; x_wconf 88' lang='lat' dir='ltr'><strong>proripiens</strong></span> <span class='ocrx_word' id='word_1_395' title='bbox 821 1920 829 1939; x_wconf 87' lang='lat'>:</span> <span class='ocrx_word' id='word_1_396' title='bbox 845 1916 951 1939; x_wconf 83' lang='lat' dir='ltr'><strong>tantum</strong></span> 
     </span>
    </p>
   </div>
   <div class='ocr_carea' id='block_1_58' title="bbox 173 1957 959 1992">
    <p class='ocr_par' dir='ltr' id='par_1_58' title="bbox 173 1957 959 1992">
     <span class='ocr_line' id='line_1_58' title="bbox 173 1957 959 1992; baseline 0.003 -9"><span class='ocrx_word' id='word_1_397' title='bbox 173 1957 321 1992; x_wconf 88' lang='lat' dir='ltr'><strong>principem</strong></span> <span class='ocrx_word' id='word_1_398' title='bbox 338 1957 421 1984; x_wconf 82' lang='lat' dir='ltr'><strong>nostri</strong></span> <span class='ocrx_word' id='word_1_399' title='bbox 448 1962 562 1992; x_wconf 87' lang='lat' dir='ltr'><strong>partem,</strong></span> <span class='ocrx_word' id='word_1_400' title='bbox 576 1964 690 1992; x_wconf 88' lang='lat' dir='ltr'><strong>eamque</strong></span> <span class='ocrx_word' id='word_1_401' title='bbox 719 1965 734 1985; x_wconf 87' lang='lat' dir='ltr'><strong>a</strong></span> <span class='ocrx_word' id='word_1_402' title='bbox 758 1958 883 1985; x_wconf 86' lang='lat' dir='ltr'><strong>vitiorum</strong></span> <span class='ocrx_word' id='word_1_403' title='bbox 900 1957 959 1985; x_wconf 77' lang='lat' dir='ltr'><strong>lahe</strong></span> 
     </span>
    </p>
   </div>
   <div class='ocr_carea' id='block_1_59' title="bbox 170 2002 958 2038">
    <p class='ocr_par' dir='ltr' id='par_1_59' title="bbox 170 2002 958 2038">
     <span class='ocr_line' id='line_1_59' title="bbox 170 2002 958 2038; baseline 0.003 -10"><span class='ocrx_word' id='word_1_404' title='bbox 170 2007 322 2038; x_wconf 76' lang='lat' dir='ltr'><strong>purgatam,</strong></span> <span class='ocrx_word' id='word_1_405' title='bbox 353 2002 524 2036; x_wconf 83' lang='lat' dir='ltr'><strong>collustrans,</strong></span> <span class='ocrx_word' id='word_1_406' title='bbox 554 2007 683 2037; x_wconf 89' lang='lat' dir='ltr'><strong>quantum</strong></span> <span class='ocrx_word' id='word_1_407' title='bbox 710 2003 848 2030; x_wconf 89' lang='lat' dir='ltr'><strong>oculorum</strong></span> <span class='ocrx_word' id='word_1_408' title='bbox 874 2004 958 2030; x_wconf 83' lang='lat' dir='ltr'><strong>aciem</strong></span> 
     </span>
    </p>
   </div>
   <div class='ocr_carea' id='block_1_60' title="bbox 170 2047 958 2082">
    <p class='ocr_par' dir='ltr' id='par_1_60' title="bbox 170 2047 958 2082">
     <span class='ocr_line' id='line_1_60' title="bbox 170 2047 958 2082; baseline 0 -8"><span class='ocrx_word' id='word_1_409' title='bbox 170 2048 282 2082; x_wconf 72' lang='lat' dir='ltr'><strong>fulguris</strong></span> <span class='ocrx_word' id='word_1_410' title='bbox 302 2047 427 2075; x_wconf 84' lang='lat' dir='ltr'><strong>celeritas</strong></span> <span class='ocrx_word' id='word_1_411' title='bbox 446 2048 556 2075; x_wconf 89' lang='lat' dir='ltr'><strong>minime</strong></span> <span class='ocrx_word' id='word_1_412' title='bbox 580 2048 764 2076; x_wconf 83' lang='lat' dir='ltr'><strong>consistentis.</strong></span> <span class='ocrx_word' id='word_1_413' title='bbox 780 2048 836 2076; x_wconf 84' lang='lat' dir='ltr'><strong>[loc</strong></span> <span class='ocrx_word' id='word_1_414' title='bbox 856 2053 958 2080; x_wconf 85' lang='lat' dir='ltr'><strong>autem,</strong></span> 
     </span>
    </p>
   </div>
   <div class='ocr_carea' id='block_1_61' title="bbox 170 2093 959 2128">
    <p class='ocr_par' dir='ltr' id='par_1_61' title="bbox 170 2093 959 2128">
     <span class='ocr_line' id='line_1_61' title="bbox 170 2093 959 2128; baseline 0.001 -9"><span class='ocrx_word' id='word_1_415' title='bbox 170 2100 229 2120; x_wconf 87' lang='lat' dir='ltr'><strong>mea</strong></span> <span class='ocrx_word' id='word_1_416' title='bbox 246 2093 352 2127; x_wconf 90' lang='lat' dir='ltr'><strong>quidem</strong></span> <span class='ocrx_word' id='word_1_417' title='bbox 366 2093 510 2125; x_wconf 82' lang='lat' dir='ltr'><strong>sententia,</strong></span> <span class='ocrx_word' id='word_1_418' title='bbox 522 2093 621 2120; x_wconf 85' lang='lat' dir='ltr'><strong>idcirco</strong></span> <span class='ocrx_word' id='word_1_419' title='bbox 643 2093 682 2125; x_wconf 90' lang='lat' dir='ltr'><strong>fit,</strong></span> <span class='ocrx_word' id='word_1_420' title='bbox 700 2098 728 2120; x_wconf 93' lang='lat' dir='ltr'><strong>ut</strong></span> <span class='ocrx_word' id='word_1_421' title='bbox 741 2098 874 2128; x_wconf 85' lang='lat' dir='ltr'><strong>quatenus</strong></span> <span class='ocrx_word' id='word_1_422' title='bbox 885 2101 959 2121; x_wconf 85' lang='lat' dir='ltr'><strong>com-</strong></span> 
     </span>
    </p>
   </div>
   <div class='ocr_carea' id='block_1_62' title="bbox 175 2138 959 2174">
    <p class='ocr_par' dir='ltr' id='par_1_62' title="bbox 175 2138 959 2174">
     <span class='ocr_line' id='line_1_62' title="bbox 175 2138 959 2174; baseline 0.003 -11"><span class='ocrx_word' id='word_1_423' title='bbox 175 2138 304 2173; x_wconf 85' lang='lat' dir='ltr'><strong>prehendi</strong></span> <span class='ocrx_word' id='word_1_424' title='bbox 320 2143 419 2172; x_wconf 87' lang='lat' dir='ltr'><strong>potest,</strong></span> <span class='ocrx_word' id='word_1_425' title='bbox 437 2145 486 2166; x_wconf 89' lang='lat' dir='ltr'><strong>nos</strong></span> <span class='ocrx_word' id='word_1_426' title='bbox 507 2138 541 2165; x_wconf 90' lang='lat' dir='ltr'><strong>ad</strong></span> <span class='ocrx_word' id='word_1_427' title='bbox 559 2145 589 2166; x_wconf 84' lang='lat' dir='ltr'><strong>se</strong></span> <span class='ocrx_word' id='word_1_428' title='bbox 604 2140 693 2166; x_wconf 79' lang='lat' dir='ltr'><strong>trahat</strong></span> <span class='ocrx_word' id='word_1_429' title='bbox 715 2138 796 2174; x_wconf 90' lang='lat' dir='ltr'><strong>(quod</strong></span> <span class='ocrx_word' id='word_1_430' title='bbox 810 2138 882 2166; x_wconf 88' lang='lat' dir='ltr'><strong>enim</strong></span> <span class='ocrx_word' id='word_1_431' title='bbox 897 2146 959 2174; x_wconf 90' lang='lat' dir='ltr'><strong>per-</strong></span> 
     </span>
    </p>
   </div>
   <div class='ocr_carea' id='block_1_63' title="bbox 170 2184 1072 2220">
    <p class='ocr_par' dir='ltr' id='par_1_63' title="bbox 170 2184 1072 2220">
     <span class='ocr_line' id='line_1_63' title="bbox 170 2184 1072 2220; baseline 0.002 -9"><span class='ocrx_word' id='word_1_432' title='bbox 170 2185 222 2217; x_wconf 89' lang='lat' dir='ltr'><strong>cipi</strong></span> <span class='ocrx_word' id='word_1_433' title='bbox 236 2184 346 2211; x_wconf 91' lang='lat' dir='ltr'><strong>omnino</strong></span> <span class='ocrx_word' id='word_1_434' title='bbox 366 2184 469 2219; x_wconf 85' lang='lat' dir='ltr'><strong>nequit,</strong></span> <span class='ocrx_word' id='word_1_435' title='bbox 494 2184 521 2211; x_wconf 83' lang='lat' dir='ltr'><strong>id</strong></span> <span class='ocrx_word' id='word_1_436' title='bbox 547 2191 597 2212; x_wconf 91' lang='lat' dir='ltr'><strong>nec</strong></span> <span class='ocrx_word' id='word_1_437' title='bbox 624 2189 715 2219; x_wconf 85' lang='lat' dir='ltr'><strong>sperat</strong></span> <span class='ocrx_word' id='word_1_438' title='bbox 733 2185 884 2219; x_wconf 84' lang='lat' dir='ltr'><strong>quisquam,</strong></span> <span class='ocrx_word' id='word_1_439' title='bbox 908 2191 958 2212; x_wconf 83' lang='lat' dir='ltr'><strong>nec</strong></span> <span class='ocrx_word' id='word_1_440' title='bbox 970 2187 992 2214; x_wconf 81' lang='grc' dir='ltr'><strong>Ι)</strong></span> <span class='ocrx_word' id='word_1_441' title='bbox 1008 2195 1072 2220; x_wconf 85' lang='grc' dir='ltr'>ται,</span> 
     </span>
    </p>
   </div>
   <div class='ocr_carea' id='block_1_64' title="bbox 170 2228 956 2265">
    <p class='ocr_par' dir='ltr' id='par_1_64' title="bbox 170 2228 956 2265">
     <span class='ocr_line' id='line_1_64' title="bbox 170 2228 956 2265; baseline 0 -9"><span class='ocrx_word' id='word_1_442' title='bbox 170 2229 277 2265; x_wconf 82' lang='lat' dir='ltr'><strong>assequi</strong></span> <span class='ocrx_word' id='word_1_443' title='bbox 294 2228 434 2264; x_wconf 84' lang='lat' dir='ltr'><strong>conatur);</strong></span> <span class='ocrx_word' id='word_1_444' title='bbox 457 2235 590 2264; x_wconf 88' lang='lat' dir='ltr'><strong>quatenus</strong></span> <span class='ocrx_word' id='word_1_445' title='bbox 605 2235 695 2257; x_wconf 88' lang='lat' dir='ltr'><strong>autem</strong></span> <span class='ocrx_word' id='word_1_446' title='bbox 711 2230 770 2264; x_wconf 88' lang='lat' dir='ltr'><strong>capi</strong></span> <span class='ocrx_word' id='word_1_447' title='bbox 788 2237 840 2257; x_wconf 83' lang='lat' dir='ltr'><strong>non</strong></span> <span class='ocrx_word' id='word_1_448' title='bbox 858 2234 956 2264; x_wconf 84' lang='lat' dir='ltr'><strong>potest,</strong></span> 
     </span>
    </p>
   </div>
   <div class='ocr_carea' id='block_1_65' title="bbox 170 2274 957 2310">
    <p class='ocr_par' dir='ltr' id='par_1_65' title="bbox 170 2274 957 2310">
     <span class='ocr_line' id='line_1_65' title="bbox 170 2274 957 2310; baseline 0.003 -9"><span class='ocrx_word' id='word_1_449' title='bbox 170 2275 374 2302; x_wconf 83' lang='lat' dir='ltr'><strong>admirationem</strong></span> <span class='ocrx_word' id='word_1_450' title='bbox 390 2274 431 2302; x_wconf 86' lang='lat' dir='ltr'><strong>sui</strong></span> <span class='ocrx_word' id='word_1_451' title='bbox 443 2276 554 2307; x_wconf 82' lang='lat' dir='ltr'><strong>excitet,</strong></span> <span class='ocrx_word' id='word_1_452' title='bbox 564 2280 645 2309; x_wconf 87' lang='lat' dir='ltr'><strong>atque</strong></span> <span class='ocrx_word' id='word_1_453' title='bbox 660 2282 693 2302; x_wconf 78' lang='lat' dir='ltr'><strong>ex</strong></span> <span class='ocrx_word' id='word_1_454' title='bbox 707 2275 763 2310; x_wconf 88' lang='lat' dir='ltr'><strong>ipsa</strong></span> <span class='ocrx_word' id='word_1_455' title='bbox 777 2275 957 2303; x_wconf 79' lang='lat' dir='ltr'><strong>admiratione</strong></span> 
     </span>
    </p>
   </div>
   <div class='ocr_carea' id='block_1_66' title="bbox 171 2320 957 2355">
    <p class='ocr_par' dir='ltr' id='par_1_66' title="bbox 171 2320 957 2355">
     <span class='ocr_line' id='line_1_66' title="bbox 171 2320 957 2355; baseline 0.003 -9"><span class='ocrx_word' id='word_1_456' title='bbox 171 2320 357 2347; x_wconf 73' lang='lat' dir='ltr'><strong>vehementius</strong></span> <span class='ocrx_word' id='word_1_457' title='bbox 372 2324 525 2354; x_wconf 77' lang='lat' dir='ltr'><strong>expetatur,</strong></span> <span class='ocrx_word' id='word_1_458' title='bbox 554 2320 688 2354; x_wconf 85' lang='lat' dir='ltr'><strong>expetitus</strong></span> <span class='ocrx_word' id='word_1_459' title='bbox 708 2325 813 2354; x_wconf 78' lang='lat' dir='ltr'><strong>purget,</strong></span> <span class='ocrx_word' id='word_1_460' title='bbox 841 2327 957 2355; x_wconf 86' lang='lat' dir='ltr'><strong>purgans</strong></span> 
     </span>
    </p>
   </div>
   <div class='ocr_carea' id='block_1_67' title="bbox 170 2364 956 2400">
    <p class='ocr_par' dir='ltr' id='par_1_67' title="bbox 170 2364 956 2400">
     <span class='ocr_line' id='line_1_67' title="bbox 170 2364 956 2400; baseline 0 -9"><span class='ocrx_word' id='word_1_461' title='bbox 170 2371 259 2393; x_wconf 77' lang='lat' dir='ltr'><strong>autem</strong></span> <span class='ocrx_word' id='word_1_462' title='bbox 273 2365 377 2392; x_wconf 80' lang='lat' dir='ltr'><strong>divinos</strong></span> <span class='ocrx_word' id='word_1_463' title='bbox 403 2364 510 2396; x_wconf 81' lang='lat' dir='ltr'><strong>eﬂiciat,</strong></span> <span class='ocrx_word' id='word_1_464' title='bbox 535 2365 654 2399; x_wconf 82' lang='lat' dir='ltr'><strong>talesque</strong></span> <span class='ocrx_word' id='word_1_465' title='bbox 677 2373 739 2392; x_wconf 91' lang='lat' dir='ltr'><strong>cum</strong></span> <span class='ocrx_word' id='word_1_466' title='bbox 765 2365 859 2393; x_wconf 87' lang='lat' dir='ltr'><strong>redditi</strong></span> <span class='ocrx_word' id='word_1_467' title='bbox 883 2369 956 2400; x_wconf 80' lang='lat' dir='ltr'><strong>sunt,</strong></span> 
     </span>
    </p>
   </div>
   <div class='ocr_carea' id='block_1_68' title="bbox 169 2410 954 2445">
    <p class='ocr_par' dir='ltr' id='par_1_68' title="bbox 169 2410 954 2445">
     <span class='ocr_line' id='line_1_68' title="bbox 169 2410 954 2445; baseline 0 -8"><span class='ocrx_word' id='word_1_468' title='bbox 169 2419 229 2438; x_wconf 78' lang='lat' dir='ltr'><strong>cum</strong></span> <span class='ocrx_word' id='word_1_469' title='bbox 247 2411 279 2438; x_wconf 89' lang='lat' dir='ltr'><strong>iis</strong></span> <span class='ocrx_word' id='word_1_470' title='bbox 292 2411 358 2445; x_wconf 87' lang='lat' dir='ltr'><strong>jam,</strong></span> <span class='ocrx_word' id='word_1_471' title='bbox 372 2411 444 2438; x_wconf 86' lang='lat' dir='ltr'><strong>velut</strong></span> <span class='ocrx_word' id='word_1_472' title='bbox 458 2418 518 2437; x_wconf 86' lang='lat' dir='ltr'><strong>cum</strong></span> <span class='ocrx_word' id='word_1_473' title='bbox 534 2410 722 2443; x_wconf 83' lang='lat' dir='ltr'><strong>familiaribus,</strong></span> <span class='ocrx_word' id='word_1_474' title='bbox 733 2411 954 2438; x_wconf 79' lang='lat' dir='ltr'><strong>consueuulinetn</strong></span> 
     </span>
    </p>
   </div>
   <div class='ocr_carea' id='block_1_69' title="bbox 172 2456 956 2492">
    <p class='ocr_par' dir='ltr' id='par_1_69' title="bbox 172 2456 956 2492">
     <span class='ocr_line' id='line_1_69' title="bbox 172 2456 956 2492; baseline 0.001 -8"><span class='ocrx_word' id='word_1_475' title='bbox 172 2457 270 2484; x_wconf 80' lang='lat' dir='ltr'><strong>haheat</strong></span> <span class='ocrx_word' id='word_1_476' title='bbox 287 2456 388 2492; x_wconf 86' lang='lat' dir='ltr'><strong>(metuo</strong></span> <span class='ocrx_word' id='word_1_477' title='bbox 402 2464 436 2484; x_wconf 87' lang='lat' dir='ltr'><strong>ne</strong></span> <span class='ocrx_word' id='word_1_478' title='bbox 451 2457 502 2484; x_wconf 89' lang='lat' dir='ltr'><strong>hoc</strong></span> <span class='ocrx_word' id='word_1_479' title='bbox 515 2456 643 2484; x_wconf 86' lang='lat' dir='ltr'><strong>audacius</strong></span> <span class='ocrx_word' id='word_1_480' title='bbox 664 2465 680 2483; x_wconf 86' lang='lat' dir='ltr'><strong>a</strong></span> <span class='ocrx_word' id='word_1_481' title='bbox 696 2464 739 2485; x_wconf 86' lang='lat' dir='ltr'><strong>me</strong></span> <span class='ocrx_word' id='word_1_482' title='bbox 759 2457 859 2484; x_wconf 86' lang='lat' dir='ltr'><strong>dictum</strong></span> <span class='ocrx_word' id='word_1_483' title='bbox 872 2457 956 2485; x_wconf 75' lang='lat' dir='ltr'><strong>videri</strong></span> 
     </span>
    </p>
   </div>
   <div class='ocr_carea' id='block_1_70' title="bbox 172 2501 957 2537">
    <p class='ocr_par' dir='ltr' id='par_1_70' title="bbox 172 2501 957 2537">
     <span class='ocr_line' id='line_1_70' title="bbox 172 2501 957 2537; baseline 0.004 -10"><span class='ocrx_word' id='word_1_484' title='bbox 172 2501 278 2537; x_wconf 77' lang='lat' dir='ltr'><strong>possit),</strong></span> <span class='ocrx_word' id='word_1_485' title='bbox 297 2502 366 2529; x_wconf 89' lang='lat' dir='ltr'><strong>Deus</strong></span> <span class='ocrx_word' id='word_1_486' title='bbox 383 2502 435 2529; x_wconf 78' lang='lat' dir='ltr'><strong>diis</strong></span> <span class='ocrx_word' id='word_1_487' title='bbox 448 2503 538 2529; x_wconf 86' lang='lat' dir='ltr'><strong>unitus</strong></span> <span class='ocrx_word' id='word_1_488' title='bbox 551 2505 578 2529; x_wconf 90' lang='lat' dir='ltr'><strong>et</strong></span> <span class='ocrx_word' id='word_1_489' title='bbox 590 2502 722 2537; x_wconf 82' lang='lat' dir='ltr'><strong>cognitus,</strong></span> <span class='ocrx_word' id='word_1_490' title='bbox 739 2510 770 2530; x_wconf 90' lang='lat' dir='ltr'><strong>ac</strong></span> <span class='ocrx_word' id='word_1_491' title='bbox 785 2507 887 2530; x_wconf 90' lang='lat' dir='ltr'><strong>tantum</strong></span> <span class='ocrx_word' id='word_1_492' title='bbox 902 2502 957 2530; x_wconf 88' lang='lat' dir='ltr'><strong>for-</strong></span> 
     </span>
    </p>
   </div>
   <div class='ocr_carea' id='block_1_71' title="bbox 175 2547 956 2583">
    <p class='ocr_par' dir='ltr' id='par_1_71' title="bbox 175 2547 956 2583">
     <span class='ocr_line' id='line_1_71' title="bbox 175 2547 956 2583; baseline 0.001 -9"><span class='ocrx_word' id='word_1_493' title='bbox 175 2552 255 2580; x_wconf 76' lang='lat' dir='ltr'><strong>tasse,</strong></span> <span class='ocrx_word' id='word_1_494' title='bbox 271 2553 400 2582; x_wconf 77' lang='lat' dir='ltr'><strong>quantum</strong></span> <span class='ocrx_word' id='word_1_495' title='bbox 413 2548 468 2582; x_wconf 84' lang='lat' dir='ltr'><strong>jam</strong></span> <span class='ocrx_word' id='word_1_496' title='bbox 487 2555 545 2581; x_wconf 86' lang='lat' dir='ltr'><strong>eos,</strong></span> <span class='ocrx_word' id='word_1_497' title='bbox 562 2547 607 2583; x_wconf 89' lang='lat' dir='ltr'><strong>qui</strong></span> <span class='ocrx_word' id='word_1_498' title='bbox 625 2548 675 2583; x_wconf 90' lang='lat' dir='ltr'><strong>ipsi</strong></span> <span class='ocrx_word' id='word_1_499' title='bbox 692 2548 747 2576; x_wconf 89' lang='lat' dir='ltr'><strong>noti</strong></span> <span class='ocrx_word' id='word_1_500' title='bbox 766 2552 838 2582; x_wconf 85' lang='lat' dir='ltr'><strong>sunt,</strong></span> <span class='ocrx_word' id='word_1_501' title='bbox 856 2555 956 2583; x_wconf 82' lang='lat' dir='ltr'><strong>cogno-</strong></span> 
     </span>
    </p>
   </div>
   <div class='ocr_carea' id='block_1_72' title="bbox 626 1543 1107 1583">
    <p class='ocr_par' dir='ltr' id='par_1_72' title="bbox 626 1543 1107 1583">
     <span class='ocr_line' id='line_1_72' title="bbox 626 1543 1107 1583; baseline -0.004 -11"><span class='ocrx_word' id='word_1_502' title='bbox 626 1546 704 1572; x_wconf 86' lang='lat' dir='ltr'><strong>tinem</strong></span> <span class='ocrx_word' id='word_1_503' title='bbox 720 1545 887 1577; x_wconf 83' lang='lat' dir='ltr'><strong>habiturum,</strong></span> <span class='ocrx_word' id='word_1_504' title='bbox 901 1543 957 1570; x_wconf 77' lang='lat' dir='ltr'><strong>vel-</strong></span> <span class='ocrx_word' id='word_1_505' title='bbox 970 1547 992 1576; x_wconf 76' lang='grc' dir='ltr'>ο</span> <span class='ocrx_word' id='word_1_506' title='bbox 1007 1555 1089 1583; x_wconf 83' lang='grc' dir='ltr'>μενον</span> <span class='ocrx_word' id='word_1_507' title='bbox 1099 1567 1107 1579; x_wconf 79' lang='grc'><strong>,</strong></span> 
     </span>
    </p>
   </div>
   <div class='ocr_carea' id='block_1_73' title="bbox 1346 1077 1519 1104">
    <p class='ocr_par' dir='ltr' id='par_1_73' title="bbox 1346 1077 1519 1104">
     <span class='ocr_line' id='line_1_73' title="bbox 1346 1077 1519 1104; baseline -0.006 0"><span class='ocrx_word' id='word_1_508' title='bbox 1346 1077 1468 1104; x_wconf 80' lang='grc' dir='ltr'><strong>ΤΙΤΛΟΣ</strong></span> <span class='ocrx_word' id='word_1_509' title='bbox 1482 1079 1519 1104; x_wconf 82' lang='grc' dir='ltr'><strong>Δ’.</strong></span> 
     </span>
    </p>
   </div>
   <div class='ocr_carea' id='block_1_74' title="bbox 1019 1122 1808 1159">
    <p class='ocr_par' dir='ltr' id='par_1_74' title="bbox 1019 1122 1808 1159">
     <span class='ocr_line' id='line_1_74' title="bbox 1019 1122 1808 1159; baseline 0.004 -10"><span class='ocrx_word' id='word_1_510' title='bbox 1019 1123 1089 1156; x_wconf 74' lang='grc' dir='ltr'><strong>Περὲ</strong></span> <span class='ocrx_word' id='word_1_511' title='bbox 1101 1123 1167 1159; x_wconf 17' lang='grc' dir='ltr'>κτοῦ</span> <span class='ocrx_word' id='word_1_512' title='bbox 1193 1123 1409 1156; x_wconf 75' lang='grc' dir='ltr'>ἀκατάληπτον</span> <span class='ocrx_word' id='word_1_513' title='bbox 1423 1122 1577 1159; x_wconf 70' lang='grc' dir='ltr'>εἶναιτὴν</span> <span class='ocrx_word' id='word_1_514' title='bbox 1592 1124 1678 1151; x_wconf 75' lang='grc' dir='ltr'>θείαν</span> <span class='ocrx_word' id='word_1_515' title='bbox 1699 1125 1808 1159; x_wconf 78' lang='grc' dir='ltr'><strong>φύσιν.</strong></span> 
     </span>
    </p>
   </div>
   <div class='ocr_carea' id='block_1_75' title="bbox 1054 1158 1808 1193">
    <p class='ocr_par' dir='ltr' id='par_1_75' title="bbox 1054 1158 1808 1193">
     <span class='ocr_line' id='line_1_75' title="bbox 1054 1158 1808 1193; baseline 0.004 -9"><span class='ocrx_word' id='word_1_516' title='bbox 1054 1158 1114 1185; x_wconf 82' lang='grc' dir='ltr'><strong>Τοῦ</strong></span> <span class='ocrx_word' id='word_1_517' title='bbox 1135 1159 1270 1193; x_wconf 76' lang='grc' dir='ltr'><strong>μεγάλου</strong></span> <span class='ocrx_word' id='word_1_518' title='bbox 1280 1160 1305 1185; x_wconf 86' lang='grc' dir='ltr'><em>Γ</em></span> <span class='ocrx_word' id='word_1_519' title='bbox 1303 1159 1447 1193; x_wconf 71' lang='grc' dir='ltr'>ρητορίου</span> <span class='ocrx_word' id='word_1_520' title='bbox 1462 1158 1515 1185; x_wconf 85' lang='grc' dir='ltr'><strong>τοῦ</strong></span> <span class='ocrx_word' id='word_1_521' title='bbox 1533 1160 1691 1193; x_wconf 72' lang='grc' dir='ltr'>Θεολόγου,</span> <span class='ocrx_word' id='word_1_522' title='bbox 1700 1158 1743 1186; x_wconf 63' lang='grc' dir='ltr'>ἐκ</span> <span class='ocrx_word' id='word_1_523' title='bbox 1756 1161 1808 1187; x_wconf 74' lang='grc' dir='ltr'>τοῦ</span> 
     </span>
    </p>
   </div>
   <div class='ocr_carea' id='block_1_76' title="bbox 1050 1193 1807 1229">
    <p class='ocr_par' dir='ltr' id='par_1_76' title="bbox 1050 1193 1807 1229">
     <span class='ocr_line' id='line_1_76' title="bbox 1050 1193 1807 1229; baseline 0.004 -10"><span class='ocrx_word' id='word_1_524' title='bbox 1050 1193 1144 1227; x_wconf 71' lang='grc' dir='ltr'>λόγου</span> <span class='ocrx_word' id='word_1_525' title='bbox 1171 1193 1225 1220; x_wconf 80' lang='grc' dir='ltr'>τοῦ</span> <span class='ocrx_word' id='word_1_526' title='bbox 1245 1195 1289 1226; x_wconf 82' lang='grc' dir='ltr'>εις</span> <span class='ocrx_word' id='word_1_527' title='bbox 1305 1195 1340 1220; x_wconf 83' lang='grc' dir='ltr'>τὰ</span> <span class='ocrx_word' id='word_1_528' title='bbox 1352 1194 1492 1226; x_wconf 73' lang='grc' dir='ltr'>γενέθλια</span> <span class='ocrx_word' id='word_1_529' title='bbox 1511 1194 1565 1221; x_wconf 77' lang='grc' dir='ltr'>τοῦ</span> <span class='ocrx_word' id='word_1_530' title='bbox 1589 1195 1699 1228; x_wconf 76' lang='grc' dir='ltr'>Κυρίου</span> <span class='ocrx_word' id='word_1_531' title='bbox 1721 1195 1807 1229; x_wconf 69' lang='grc' dir='ltr'>ἡμῶν</span> 
     </span>
    </p>
   </div>
   <div class='ocr_carea' id='block_1_77' title="bbox 1059 1228 1318 1262">
    <p class='ocr_par' dir='ltr' id='par_1_77' title="bbox 1059 1228 1318 1262">
     <span class='ocr_line' id='line_1_77' title="bbox 1059 1228 1318 1262; baseline 0.004 -7"><span class='ocrx_word' id='word_1_532' title='bbox 1059 1228 1162 1261; x_wconf 85' lang='grc' dir='ltr'>ἰησοῦ</span> <span class='ocrx_word' id='word_1_533' title='bbox 1176 1229 1318 1262; x_wconf 83' lang='grc' dir='ltr'><strong>Χριστοῦ.</strong></span> 
     </span>
    </p>
   </div>
   <div class='ocr_carea' id='block_1_78' title="bbox 1100 1273 1803 1312">
    <p class='ocr_par' dir='ltr' id='par_1_78' title="bbox 1100 1273 1803 1312">
     <span class='ocr_line' id='line_1_78' title="bbox 1100 1273 1803 1312; baseline 0.004 -12"><span class='ocrx_word' id='word_1_534' title='bbox 1100 1274 1166 1306; x_wconf 83' lang='grc' dir='ltr'><strong>Θεὸς</strong></span> <span class='ocrx_word' id='word_1_535' title='bbox 1183 1273 1217 1310; x_wconf 80' lang='grc' dir='ltr'>ἦν</span> <span class='ocrx_word' id='word_1_536' title='bbox 1239 1275 1288 1310; x_wconf 86' lang='grc' dir='ltr'>μὲν</span> <span class='ocrx_word' id='word_1_537' title='bbox 1304 1275 1358 1308; x_wconf 76' lang='grc' dir='ltr'>ἀεὶ,</span> <span class='ocrx_word' id='word_1_538' title='bbox 1374 1277 1422 1303; x_wconf 82' lang='grc' dir='ltr'>καὶ</span> <span class='ocrx_word' id='word_1_539' title='bbox 1439 1276 1506 1308; x_wconf 81' lang='grc' dir='ltr'>ἐστι,</span> <span class='ocrx_word' id='word_1_540' title='bbox 1528 1277 1574 1303; x_wconf 75' lang='grc' dir='ltr'>καὶ</span> <span class='ocrx_word' id='word_1_541' title='bbox 1588 1276 1679 1303; x_wconf 78' lang='grc' dir='ltr'>ἔσται’</span> <span class='ocrx_word' id='word_1_542' title='bbox 1698 1278 1803 1312; x_wconf 72' lang='grc' dir='ltr'>μᾶλλον</span> 
     </span>
    </p>
   </div>
   <div class='ocr_carea' id='block_1_79' title="bbox 1007 1318 1802 1358">
    <p class='ocr_par' dir='ltr' id='par_1_79' title="bbox 1007 1318 1802 1358">
     <span class='ocr_line' id='line_1_79' title="bbox 1007 1318 1802 1358; baseline 0.006 -13"><span class='ocrx_word' id='word_1_543' title='bbox 1007 1318 1036 1346; x_wconf 83' lang='grc' dir='ltr'><strong>δὲ</strong></span> <span class='ocrx_word' id='word_1_544' title='bbox 1050 1319 1137 1346; x_wconf 76' lang='grc' dir='ltr'>ἐστιν</span> <span class='ocrx_word' id='word_1_545' title='bbox 1149 1319 1202 1346; x_wconf 79' lang='grc' dir='ltr'>ἀεί.</span> <span class='ocrx_word' id='word_1_546' title='bbox 1219 1320 1256 1346; x_wconf 86' lang='grc' dir='ltr'><strong>Τὸ</strong></span> <span class='ocrx_word' id='word_1_547' title='bbox 1268 1320 1321 1356; x_wconf 77' lang='grc' dir='ltr'><strong>γὰρ</strong></span> <span class='ocrx_word' id='word_1_548' title='bbox 1336 1319 1384 1355; x_wconf 83' lang='grc' dir='ltr'><strong>ἦν,</strong></span> <span class='ocrx_word' id='word_1_549' title='bbox 1403 1322 1449 1348; x_wconf 80' lang='grc' dir='ltr'>καὶ</span> <span class='ocrx_word' id='word_1_550' title='bbox 1462 1321 1558 1354; x_wconf 78' lang='grc' dir='ltr'>ἔσται,</span> <span class='ocrx_word' id='word_1_551' title='bbox 1576 1321 1622 1348; x_wconf 75' lang='grc' dir='ltr'>τοῦ</span> <span class='ocrx_word' id='word_1_552' title='bbox 1646 1323 1707 1348; x_wconf 79' lang='grc' dir='ltr'>καθ’</span> <span class='ocrx_word' id='word_1_553' title='bbox 1724 1324 1802 1358; x_wconf 80' lang='grc' dir='ltr'>ἡμᾶς</span> 
     </span>
    </p>
   </div>
   <div class='ocr_carea' id='block_1_80' title="bbox 1007 1364 1803 1402">
    <p class='ocr_par' dir='ltr' id='par_1_80' title="bbox 1007 1364 1803 1402">
     <span class='ocr_line' id='line_1_80' title="bbox 1007 1364 1803 1402; baseline 0.006 -12"><span class='ocrx_word' id='word_1_554' title='bbox 1007 1364 1105 1401; x_wconf 82' lang='grc' dir='ltr'>χρόνου</span> <span class='ocrx_word' id='word_1_555' title='bbox 1121 1365 1264 1400; x_wconf 79' lang='grc' dir='ltr'><strong>τμήματα,</strong></span> <span class='ocrx_word' id='word_1_556' title='bbox 1279 1365 1326 1392; x_wconf 73' lang='grc' dir='ltr'>καὶ</span> <span class='ocrx_word' id='word_1_557' title='bbox 1345 1366 1395 1401; x_wconf 79' lang='grc' dir='ltr'>τῆς</span> <span class='ocrx_word' id='word_1_558' title='bbox 1411 1367 1528 1402; x_wconf 74' lang='grc' dir='ltr'>ῥευστῆς</span> <span class='ocrx_word' id='word_1_559' title='bbox 1543 1367 1650 1401; x_wconf 80' lang='grc' dir='ltr'>φύσεως</span> <span class='ocrx_word' id='word_1_560' title='bbox 1660 1376 1667 1383; x_wconf 72' lang='grc' dir='ltr'><strong>ι</strong></span> <span class='ocrx_word' id='word_1_561' title='bbox 1683 1370 1699 1394; x_wconf 85' lang='grc' dir='ltr'><strong>ό</strong></span> <span class='ocrx_word' id='word_1_562' title='bbox 1713 1367 1743 1394; x_wconf 79' lang='grc' dir='ltr'><strong>δὲ</strong></span> <span class='ocrx_word' id='word_1_563' title='bbox 1759 1369 1803 1395; x_wconf 66' lang='grc' dir='ltr'>ὢν</span> 
     </span>
    </p>
   </div>
   <div class='ocr_carea' id='block_1_81' title="bbox 1007 1410 1803 1450">
    <p class='ocr_par' dir='ltr' id='par_1_81' title="bbox 1007 1410 1803 1450">
     <span class='ocr_line' id='line_1_81' title="bbox 1007 1410 1803 1450; baseline 0.005 -14"><span class='ocrx_word' id='word_1_564' title='bbox 1007 1410 1060 1442; x_wconf 71' lang='grc' dir='ltr'>ἀεὶ,</span> <span class='ocrx_word' id='word_1_565' title='bbox 1076 1410 1210 1437; x_wconf 77' lang='grc' dir='ltr'>καὶτοῦτο</span> <span class='ocrx_word' id='word_1_566' title='bbox 1221 1411 1300 1442; x_wconf 78' lang='grc' dir='ltr'>αὐτὸς</span> <span class='ocrx_word' id='word_1_567' title='bbox 1314 1411 1410 1439; x_wconf 80' lang='grc' dir='ltr'>ἑαυτὸν</span> <span class='ocrx_word' id='word_1_568' title='bbox 1421 1411 1558 1447; x_wconf 82' lang='grc' dir='ltr'>ὀνομάζει,</span> <span class='ocrx_word' id='word_1_569' title='bbox 1567 1413 1604 1448; x_wconf 84' lang='grc' dir='ltr'>τῷ</span> <span class='ocrx_word' id='word_1_570' title='bbox 1610 1414 1721 1440; x_wconf 85' lang='grc' dir='ltr'>Μωῦσεῖ</span> <span class='ocrx_word' id='word_1_571' title='bbox 1732 1423 1803 1450; x_wconf 85' lang='grc' dir='ltr'>χρη-</span> 
     </span>
    </p>
   </div>
   <div class='ocr_carea' id='block_1_82' title="bbox 1008 1454 1803 1493">
    <p class='ocr_par' dir='ltr' id='par_1_82' title="bbox 1008 1454 1803 1493">
     <span class='ocr_line' id='line_1_82' title="bbox 1008 1454 1803 1493; baseline 0.006 -13"><span class='ocrx_word' id='word_1_572' title='bbox 1008 1454 1130 1490; x_wconf 77' lang='grc' dir='ltr'>ματίζων</span> <span class='ocrx_word' id='word_1_573' title='bbox 1174 1454 1221 1481; x_wconf 66' lang='grc' dir='ltr'><strong>ἐπὶ</strong></span> <span class='ocrx_word' id='word_1_574' title='bbox 1254 1455 1301 1482; x_wconf 81' lang='grc' dir='ltr'><strong>τοῦ</strong></span> <span class='ocrx_word' id='word_1_575' title='bbox 1321 1456 1410 1492; x_wconf 76' lang='grc' dir='ltr'>ὅρους.</span> <span class='ocrx_word' id='word_1_576' title='bbox 1427 1457 1506 1484; x_wconf 85' lang='grc' dir='ltr'>Ὅλον</span> <span class='ocrx_word' id='word_1_577' title='bbox 1522 1458 1575 1493; x_wconf 86' lang='grc' dir='ltr'><strong>γὰρ</strong></span> <span class='ocrx_word' id='word_1_578' title='bbox 1589 1458 1618 1484; x_wconf 82' lang='grc' dir='ltr'>ἐν</span> <span class='ocrx_word' id='word_1_579' title='bbox 1634 1459 1722 1493; x_wconf 78' lang='grc' dir='ltr'>ἑαυτῷ</span> <span class='ocrx_word' id='word_1_580' title='bbox 1737 1459 1803 1485; x_wconf 80' lang='grc' dir='ltr'>συλ-</span> 
     </span>
    </p>
   </div>
   <div class='ocr_carea' id='block_1_83' title="bbox 1007 1500 1802 1540">
    <p class='ocr_par' dir='ltr' id='par_1_83' title="bbox 1007 1500 1802 1540">
     <span class='ocr_line' id='line_1_83' title="bbox 1007 1500 1802 1540; baseline 0.003 -11"><span class='ocrx_word' id='word_1_581' title='bbox 1007 1501 1107 1534; x_wconf 77' lang='grc' dir='ltr'>λαὸὼν,</span> <span class='ocrx_word' id='word_1_582' title='bbox 1121 1501 1177 1537; x_wconf 75' lang='grc' dir='ltr'>ἔχει</span> <span class='ocrx_word' id='word_1_583' title='bbox 1197 1501 1227 1528; x_wconf 83' lang='grc' dir='ltr'><strong>τὺ</strong></span> <span class='ocrx_word' id='word_1_584' title='bbox 1242 1500 1323 1534; x_wconf 80' lang='grc' dir='ltr'>εἶναι,</span> <span class='ocrx_word' id='word_1_585' title='bbox 1347 1503 1415 1538; x_wconf 83' lang='grc' dir='ltr'>μήτε</span> <span class='ocrx_word' id='word_1_586' title='bbox 1437 1504 1601 1538; x_wconf 79' lang='grc' dir='ltr'>ἀρξάμενον,</span> <span class='ocrx_word' id='word_1_587' title='bbox 1617 1505 1684 1540; x_wconf 87' lang='grc' dir='ltr'>μήτε</span> <span class='ocrx_word' id='word_1_588' title='bbox 1696 1506 1802 1531; x_wconf 84' lang='grc' dir='ltr'>παυσό-</span> 
     </span>
    </p>
   </div>
   <div class='ocr_carea' id='block_1_84' title="bbox 1178 1544 1802 1586">
    <p class='ocr_par' dir='ltr' id='par_1_84' title="bbox 1178 1544 1802 1586">
     <span class='ocr_line' id='line_1_84' title="bbox 1178 1544 1802 1586; baseline 0.006 -13"><span class='ocrx_word' id='word_1_589' title='bbox 1178 1544 1234 1574; x_wconf 77' lang='grc' dir='ltr'>οἶόν</span> <span class='ocrx_word' id='word_1_590' title='bbox 1248 1556 1275 1574; x_wconf 86' lang='grc' dir='ltr'><strong>τι</strong></span> <span class='ocrx_word' id='word_1_591' title='bbox 1290 1547 1408 1582; x_wconf 81' lang='grc' dir='ltr'>πέλαγος</span> <span class='ocrx_word' id='word_1_592' title='bbox 1423 1549 1517 1581; x_wconf 73' lang='grc' dir='ltr'>οὐσίας</span> <span class='ocrx_word' id='word_1_593' title='bbox 1532 1550 1646 1584; x_wconf 81' lang='grc' dir='ltr'>ἄπειρον</span> <span class='ocrx_word' id='word_1_594' title='bbox 1660 1550 1708 1576; x_wconf 79' lang='grc' dir='ltr'>καὶ</span> <span class='ocrx_word' id='word_1_595' title='bbox 1721 1551 1802 1586; x_wconf 76' lang='grc' dir='ltr'>ἀόρι-</span> 
     </span>
    </p>
   </div>
   <div class='ocr_carea' id='block_1_85' title="bbox 1006 1594 1804 1631">
    <p class='ocr_par' dir='ltr' id='par_1_85' title="bbox 1006 1594 1804 1631">
     <span class='ocr_line' id='line_1_85' title="bbox 1006 1594 1804 1631; baseline 0.005 -11"><span class='ocrx_word' id='word_1_596' title='bbox 1006 1601 1080 1626; x_wconf 82' lang='grc' dir='ltr'>στον,</span> <span class='ocrx_word' id='word_1_597' title='bbox 1103 1594 1192 1620; x_wconf 76' lang='grc' dir='ltr'>πᾶσαν</span> <span class='ocrx_word' id='word_1_598' title='bbox 1212 1594 1416 1630; x_wconf 76' lang='grc' dir='ltr'>ὑπερεκπῖπτον</span> <span class='ocrx_word' id='word_1_599' title='bbox 1434 1596 1549 1629; x_wconf 78' lang='grc' dir='ltr'>ἔννοιαν,</span> <span class='ocrx_word' id='word_1_600' title='bbox 1572 1596 1620 1623; x_wconf 78' lang='grc' dir='ltr'>καὶ</span> <span class='ocrx_word' id='word_1_601' title='bbox 1638 1597 1735 1631; x_wconf 79' lang='grc' dir='ltr'>χρόνον</span> <span class='ocrx_word' id='word_1_602' title='bbox 1755 1599 1804 1624; x_wconf 80' lang='grc' dir='ltr'>καὶ</span> 
     </span>
    </p>
   </div>
   <div class='ocr_carea' id='block_1_86' title="bbox 1006 1639 1806 1677">
    <p class='ocr_par' dir='ltr' id='par_1_86' title="bbox 1006 1639 1806 1677">
     <span class='ocr_line' id='line_1_86' title="bbox 1006 1639 1806 1677; baseline 0 -11"><span class='ocrx_word' id='word_1_603' title='bbox 1006 1639 1114 1675; x_wconf 76' lang='grc' dir='ltr'>φύσεως</span> <span class='ocrx_word' id='word_1_604' title='bbox 1125 1648 1133 1656; x_wconf 92' lang='grc'><strong>·</strong></span> <span class='ocrx_word' id='word_1_605' title='bbox 1151 1639 1190 1676; x_wconf 88' lang='grc' dir='ltr'>νῷ</span> <span class='ocrx_word' id='word_1_606' title='bbox 1205 1641 1279 1676; x_wconf 82' lang='grc' dir='ltr'>μόνῳ</span> <span class='ocrx_word' id='word_1_607' title='bbox 1299 1641 1555 1677; x_wconf 85' lang='grc' dir='ltr'>σκιαγραφούμενος</span> <span class='ocrx_word' id='word_1_608' title='bbox 1569 1661 1578 1673; x_wconf 82' lang='grc'><strong>,</strong></span> <span class='ocrx_word' id='word_1_609' title='bbox 1620 1641 1667 1668; x_wconf 71' lang='grc' dir='ltr'>καὶ</span> <span class='ocrx_word' id='word_1_610' title='bbox 1718 1640 1806 1666; x_wconf 79' lang='grc' dir='ltr'>τοῦτο</span> 
     </span>
    </p>
   </div>
   <div class='ocr_carea' id='block_1_87' title="bbox 1006 1685 1802 1722">
    <p class='ocr_par' dir='ltr' id='par_1_87' title="bbox 1006 1685 1802 1722">
     <span class='ocr_line' id='line_1_87' title="bbox 1006 1685 1802 1722; baseline 0.001 -10"><span class='ocrx_word' id='word_1_611' title='bbox 1006 1685 1068 1713; x_wconf 82' lang='grc' dir='ltr'>λίαν</span> <span class='ocrx_word' id='word_1_612' title='bbox 1083 1685 1213 1721; x_wconf 79' lang='grc' dir='ltr'><strong>ἀμυδρῶς</strong></span> <span class='ocrx_word' id='word_1_613' title='bbox 1241 1686 1287 1712; x_wconf 75' lang='grc' dir='ltr'>καὶ</span> <span class='ocrx_word' id='word_1_614' title='bbox 1317 1686 1446 1722; x_wconf 79' lang='grc' dir='ltr'>μετρίως,</span> <span class='ocrx_word' id='word_1_615' title='bbox 1473 1687 1524 1714; x_wconf 83' lang='grc' dir='ltr'>οὐκ</span> <span class='ocrx_word' id='word_1_616' title='bbox 1570 1687 1604 1713; x_wconf 84' lang='grc' dir='ltr'>ὲκ</span> <span class='ocrx_word' id='word_1_617' title='bbox 1644 1686 1699 1714; x_wconf 83' lang='grc' dir='ltr'><strong>τῶν</strong></span> <span class='ocrx_word' id='word_1_618' title='bbox 1739 1688 1802 1713; x_wconf 82' lang='grc' dir='ltr'>κατ’</span> 
     </span>
    </p>
   </div>
   <div class='ocr_carea' id='block_1_88' title="bbox 1006 1730 1805 1767">
    <p class='ocr_par' dir='ltr' id='par_1_88' title="bbox 1006 1730 1805 1767">
     <span class='ocr_line' id='line_1_88' title="bbox 1006 1730 1805 1767; baseline 0.003 -10"><span class='ocrx_word' id='word_1_619' title='bbox 1006 1730 1097 1764; x_wconf 79' lang='grc' dir='ltr'>αὐτὸν,</span> <span class='ocrx_word' id='word_1_620' title='bbox 1109 1731 1166 1758; x_wconf 80' lang='grc' dir='ltr'>ἀλλ’</span> <span class='ocrx_word' id='word_1_621' title='bbox 1178 1731 1211 1757; x_wconf 83' lang='grc' dir='ltr'>ὲκ</span> <span class='ocrx_word' id='word_1_622' title='bbox 1225 1730 1280 1758; x_wconf 81' lang='grc' dir='ltr'>τῶν</span> <span class='ocrx_word' id='word_1_623' title='bbox 1297 1732 1362 1767; x_wconf 68' lang='grc' dir='ltr'>περὶ</span> <span class='ocrx_word' id='word_1_624' title='bbox 1378 1731 1470 1764; x_wconf 79' lang='grc' dir='ltr'>αὑτὸν,</span> <span class='ocrx_word' id='word_1_625' title='bbox 1489 1732 1572 1767; x_wconf 80' lang='grc' dir='ltr'><strong>ἄλλης</strong></span> <span class='ocrx_word' id='word_1_626' title='bbox 1590 1731 1620 1764; x_wconf 76' lang='grc' dir='ltr'><strong>ἐξ</strong></span> <span class='ocrx_word' id='word_1_627' title='bbox 1636 1732 1717 1759; x_wconf 76' lang='grc' dir='ltr'>ἄλλου</span> <span class='ocrx_word' id='word_1_628' title='bbox 1733 1741 1805 1766; x_wconf 82' lang='grc' dir='ltr'>φαν-</span> 
     </span>
    </p>
   </div>
   <div class='ocr_carea' id='block_1_89' title="bbox 1006 1777 1801 1813">
    <p class='ocr_par' dir='ltr' id='par_1_89' title="bbox 1006 1777 1801 1813">
     <span class='ocr_line' id='line_1_89' title="bbox 1006 1777 1801 1813; baseline 0.001 -10"><span class='ocrx_word' id='word_1_629' title='bbox 1006 1777 1104 1809; x_wconf 80' lang='grc' dir='ltr'>τασίας</span> <span class='ocrx_word' id='word_1_630' title='bbox 1118 1777 1327 1813; x_wconf 80' lang='grc' dir='ltr'>συλλεγομένης,</span> <span class='ocrx_word' id='word_1_631' title='bbox 1338 1778 1378 1809; x_wconf 82' lang='grc' dir='ltr'><strong>εἰς</strong></span> <span class='ocrx_word' id='word_1_632' title='bbox 1390 1778 1420 1804; x_wconf 75' lang='grc' dir='ltr'>ἓν</span> <span class='ocrx_word' id='word_1_633' title='bbox 1433 1787 1460 1804; x_wconf 89' lang='grc' dir='ltr'><strong>τι</strong></span> <span class='ocrx_word' id='word_1_634' title='bbox 1470 1778 1520 1813; x_wconf 77' lang='grc' dir='ltr'>τῆς</span> <span class='ocrx_word' id='word_1_635' title='bbox 1531 1778 1659 1813; x_wconf 82' lang='grc' dir='ltr'>ἀληθείας</span> <span class='ocrx_word' id='word_1_636' title='bbox 1671 1778 1801 1813; x_wconf 78' lang='grc' dir='ltr'>ῖνδαλμα,</span> 
     </span>
    </p>
   </div>
   <div class='ocr_carea' id='block_1_90' title="bbox 1007 1823 1801 1860">
    <p class='ocr_par' dir='ltr' id='par_1_90' title="bbox 1007 1823 1801 1860">
     <span class='ocr_line' id='line_1_90' title="bbox 1007 1823 1801 1860; baseline 0 -10"><span class='ocrx_word' id='word_1_637' title='bbox 1007 1823 1073 1858; x_wconf 80' lang='grc' dir='ltr'>πρὶν</span> <span class='ocrx_word' id='word_1_638' title='bbox 1093 1823 1273 1859; x_wconf 81' lang='grc' dir='ltr'>κρατηθῆναι,</span> <span class='ocrx_word' id='word_1_639' title='bbox 1292 1823 1403 1858; x_wconf 79' lang='grc' dir='ltr'>φεῦγον,</span> <span class='ocrx_word' id='word_1_640' title='bbox 1420 1824 1468 1851; x_wconf 77' lang='grc' dir='ltr'>καὶ</span> <span class='ocrx_word' id='word_1_641' title='bbox 1486 1824 1551 1860; x_wconf 78' lang='grc' dir='ltr'>πρὶν</span> <span class='ocrx_word' id='word_1_642' title='bbox 1566 1823 1705 1859; x_wconf 73' lang='grc' dir='ltr'>νοηθῆναι,</span> <span class='ocrx_word' id='word_1_643' title='bbox 1717 1824 1801 1850; x_wconf 82' lang='grc' dir='ltr'>διαδι-</span> 
     </span>
    </p>
   </div>
   <div class='ocr_carea' id='block_1_91' title="bbox 1006 1867 1801 1904">
    <p class='ocr_par' dir='ltr' id='par_1_91' title="bbox 1006 1867 1801 1904">
     <span class='ocr_line' id='line_1_91' title="bbox 1006 1867 1801 1904; baseline 0.001 -10"><span class='ocrx_word' id='word_1_644' title='bbox 1006 1867 1124 1904; x_wconf 79' lang='grc' dir='ltr'>δρᾶσκον</span> <span class='ocrx_word' id='word_1_645' title='bbox 1134 1875 1140 1882; x_wconf 92' lang='grc'><strong>·</strong></span> <span class='ocrx_word' id='word_1_646' title='bbox 1154 1868 1273 1895; x_wconf 82' lang='grc' dir='ltr'>τοσαῦτα</span> <span class='ocrx_word' id='word_1_647' title='bbox 1288 1868 1461 1904; x_wconf 85' lang='grc' dir='ltr'>περιλάμπον</span> <span class='ocrx_word' id='word_1_648' title='bbox 1479 1869 1559 1904; x_wconf 83' lang='grc' dir='ltr'>ἡμῶν</span> <span class='ocrx_word' id='word_1_649' title='bbox 1575 1869 1606 1895; x_wconf 80' lang='grc' dir='ltr'><strong>τὸ</strong></span> <span class='ocrx_word' id='word_1_650' title='bbox 1623 1869 1801 1904; x_wconf 73' lang='grc' dir='ltr'>ἡγεμονικὸν,</span> 
     </span>
    </p>
   </div>
   <div class='ocr_carea' id='block_1_92' title="bbox 1007 1913 1802 1950">
    <p class='ocr_par' dir='ltr' id='par_1_92' title="bbox 1007 1913 1802 1950">
     <span class='ocr_line' id='line_1_92' title="bbox 1007 1913 1802 1950; baseline -0.001 -9"><span class='ocrx_word' id='word_1_651' title='bbox 1007 1914 1056 1941; x_wconf 72' lang='grc' dir='ltr'>καὶ</span> <span class='ocrx_word' id='word_1_652' title='bbox 1074 1913 1160 1942; x_wconf 81' lang='grc' dir='ltr'>ταῦτα</span> <span class='ocrx_word' id='word_1_653' title='bbox 1183 1914 1399 1950; x_wconf 72' lang='grc' dir='ltr'>κεκαθαρμένον,</span> <span class='ocrx_word' id='word_1_654' title='bbox 1424 1914 1474 1942; x_wconf 82' lang='grc' dir='ltr'>ὃσα</span> <span class='ocrx_word' id='word_1_655' title='bbox 1497 1914 1545 1941; x_wconf 75' lang='grc' dir='ltr'>καὶ</span> <span class='ocrx_word' id='word_1_656' title='bbox 1568 1914 1629 1949; x_wconf 74' lang='grc' dir='ltr'>ὄψιν</span> <span class='ocrx_word' id='word_1_657' title='bbox 1654 1915 1802 1949; x_wconf 72' lang='grc' dir='ltr'>ἀστραπῆς</span> 
     </span>
    </p>
   </div>
   <div class='ocr_carea' id='block_1_93' title="bbox 1006 1959 1802 1995">
    <p class='ocr_par' dir='ltr' id='par_1_93' title="bbox 1006 1959 1802 1995">
     <span class='ocr_line' id='line_1_93' title="bbox 1006 1959 1802 1995; baseline -0.001 -9"><span class='ocrx_word' id='word_1_658' title='bbox 1006 1959 1089 1995; x_wconf 67' lang='grc' dir='ltr'>τάχος</span> <span class='ocrx_word' id='word_1_659' title='bbox 1111 1960 1160 1995; x_wconf 77' lang='grc' dir='ltr'>οὐχ</span> <span class='ocrx_word' id='word_1_660' title='bbox 1180 1959 1338 1994; x_wconf 71' lang='grc' dir='ltr'>ἱσταμένηςι</span> <span class='ocrx_word' id='word_1_661' title='bbox 1362 1959 1440 1995; x_wconf 78' lang='grc' dir='ltr'>Ἐμοὶ</span> <span class='ocrx_word' id='word_1_662' title='bbox 1463 1959 1563 1992; x_wconf 83' lang='grc' dir='ltr'>δοκεῖν,</span> <span class='ocrx_word' id='word_1_663' title='bbox 1585 1960 1628 1986; x_wconf 84' lang='grc' dir='ltr'>ἵνα</span> <span class='ocrx_word' id='word_1_664' title='bbox 1646 1959 1684 1994; x_wconf 83' lang='grc' dir='ltr'>τῷ</span> <span class='ocrx_word' id='word_1_665' title='bbox 1704 1959 1802 1994; x_wconf 83' lang='grc' dir='ltr'>ληπτῷ</span> 
     </span>
    </p>
   </div>
   <div class='ocr_carea' id='block_1_94' title="bbox 1010 2005 1801 2042">
    <p class='ocr_par' dir='ltr' id='par_1_94' title="bbox 1010 2005 1801 2042">
     <span class='ocr_line' id='line_1_94' title="bbox 1010 2005 1801 2042; baseline -0.001 -10"><span class='ocrx_word' id='word_1_666' title='bbox 1010 2006 1059 2041; x_wconf 85' lang='grc' dir='ltr'>μὲν</span> <span class='ocrx_word' id='word_1_667' title='bbox 1073 2005 1141 2042; x_wconf 78' lang='grc' dir='ltr'>ἓλκῃ</span> <span class='ocrx_word' id='word_1_668' title='bbox 1162 2005 1231 2041; x_wconf 82' lang='grc' dir='ltr'>πρὸς</span> <span class='ocrx_word' id='word_1_669' title='bbox 1248 2005 1329 2032; x_wconf 80' lang='grc' dir='ltr'>ἐαυτὺ</span> <span class='ocrx_word' id='word_1_670' title='bbox 1381 2005 1424 2040; x_wconf 77' lang='grc' dir='ltr'><strong>(τὸ</strong></span> <span class='ocrx_word' id='word_1_671' title='bbox 1476 2005 1531 2041; x_wconf 84' lang='grc' dir='ltr'><strong>γὰρ</strong></span> <span class='ocrx_word' id='word_1_672' title='bbox 1549 2005 1648 2036; x_wconf 83' lang='grc' dir='ltr'>τελέως</span> <span class='ocrx_word' id='word_1_673' title='bbox 1668 2005 1801 2040; x_wconf 78' lang='grc' dir='ltr'>ἄληπτον,</span> 
     </span>
    </p>
   </div>
   <div class='ocr_carea' id='block_1_95' title="bbox 1007 2049 1803 2086">
    <p class='ocr_par' dir='ltr' id='par_1_95' title="bbox 1007 2049 1803 2086">
     <span class='ocr_line' id='line_1_95' title="bbox 1007 2049 1803 2086; baseline -0.001 -9"><span class='ocrx_word' id='word_1_674' title='bbox 1007 2050 1178 2083; x_wconf 76' lang='grc' dir='ltr'>ἀνέλπιστον,</span> <span class='ocrx_word' id='word_1_675' title='bbox 1196 2051 1243 2078; x_wconf 77' lang='grc' dir='ltr'>καὶ</span> <span class='ocrx_word' id='word_1_676' title='bbox 1262 2050 1492 2086; x_wconf 79' lang='grc' dir='ltr'>ἀνεπιχείρητον),</span> <span class='ocrx_word' id='word_1_677' title='bbox 1508 2050 1548 2085; x_wconf 82' lang='grc' dir='ltr'>τῷ</span> <span class='ocrx_word' id='word_1_678' title='bbox 1562 2051 1591 2077; x_wconf 83' lang='grc' dir='ltr'><strong>δὲ</strong></span> <span class='ocrx_word' id='word_1_679' title='bbox 1606 2050 1721 2085; x_wconf 81' lang='grc' dir='ltr'>ἀλήπτῳ</span> <span class='ocrx_word' id='word_1_680' title='bbox 1734 2049 1803 2077; x_wconf 87' lang='grc' dir='ltr'>Οαυ-</span> 
     </span>
    </p>
   </div>
   <div class='ocr_carea' id='block_1_96' title="bbox 1009 2095 1802 2132">
    <p class='ocr_par' dir='ltr' id='par_1_96' title="bbox 1009 2095 1802 2132">
     <span class='ocr_line' id='line_1_96' title="bbox 1009 2095 1802 2132; baseline -0.003 -9"><span class='ocrx_word' id='word_1_681' title='bbox 1009 2096 1139 2132; x_wconf 78' lang='grc' dir='ltr'>μάζηται,</span> <span class='ocrx_word' id='word_1_682' title='bbox 1158 2095 1365 2132; x_wconf 82' lang='grc' dir='ltr'>θαυμαζόμενον</span> <span class='ocrx_word' id='word_1_683' title='bbox 1383 2096 1412 2122; x_wconf 77' lang='grc' dir='ltr'>δὲ</span> <span class='ocrx_word' id='word_1_684' title='bbox 1424 2096 1541 2131; x_wconf 84' lang='grc' dir='ltr'>ποθῆται</span> <span class='ocrx_word' id='word_1_685' title='bbox 1556 2096 1646 2128; x_wconf 85' lang='grc' dir='ltr'>πλέον,</span> <span class='ocrx_word' id='word_1_686' title='bbox 1661 2095 1802 2130; x_wconf 76' lang='grc' dir='ltr'>ποθούμε-</span> 
     </span>
    </p>
   </div>
   <div class='ocr_carea' id='block_1_97' title="bbox 1007 2141 1801 2178">
    <p class='ocr_par' dir='ltr' id='par_1_97' title="bbox 1007 2141 1801 2178">
     <span class='ocr_line' id='line_1_97' title="bbox 1007 2141 1801 2178; baseline -0.001 -10"><span class='ocrx_word' id='word_1_687' title='bbox 1007 2149 1053 2168; x_wconf 77' lang='grc' dir='ltr'><strong>νον</strong></span> <span class='ocrx_word' id='word_1_688' title='bbox 1074 2142 1103 2168; x_wconf 81' lang='grc' dir='ltr'><strong>δὲ</strong></span> <span class='ocrx_word' id='word_1_689' title='bbox 1129 2141 1261 2178; x_wconf 80' lang='grc' dir='ltr'>καθαίρῃ,</span> <span class='ocrx_word' id='word_1_690' title='bbox 1287 2142 1417 2177; x_wconf 85' lang='grc' dir='ltr'>καθαῖρον</span> <span class='ocrx_word' id='word_1_691' title='bbox 1441 2142 1470 2168; x_wconf 86' lang='grc' dir='ltr'><strong>δὲ</strong></span> <span class='ocrx_word' id='word_1_692' title='bbox 1495 2142 1620 2173; x_wconf 83' lang='grc' dir='ltr'>θεοειδεῖς</span> <span class='ocrx_word' id='word_1_693' title='bbox 1638 2142 1801 2177; x_wconf 75' lang='grc' dir='ltr'>ἀπεργάζη-</span> 
     </span>
    </p>
   </div>
   <div class='ocr_carea' id='block_1_98' title="bbox 1161 2187 1800 2222">
    <p class='ocr_par' dir='ltr' id='par_1_98' title="bbox 1161 2187 1800 2222">
     <span class='ocr_line' id='line_1_98' title="bbox 1161 2187 1800 2222; baseline -0.002 -8"><span class='ocrx_word' id='word_1_694' title='bbox 1161 2187 1293 2219; x_wconf 81' lang='grc' dir='ltr'>τοιούτοις</span> <span class='ocrx_word' id='word_1_695' title='bbox 1309 2187 1337 2214; x_wconf 84' lang='grc' dir='ltr'><strong>δὲ</strong></span> <span class='ocrx_word' id='word_1_696' title='bbox 1361 2187 1529 2222; x_wconf 78' lang='grc' dir='ltr'>γενομένοις,</span> <span class='ocrx_word' id='word_1_697' title='bbox 1553 2187 1590 2219; x_wconf 82' lang='grc' dir='ltr'>ὡς</span> <span class='ocrx_word' id='word_1_698' title='bbox 1610 2187 1734 2219; x_wconf 83' lang='grc' dir='ltr'>οἰκείοις.</span> <span class='ocrx_word' id='word_1_699' title='bbox 1749 2187 1800 2222; x_wconf 74' lang='grc' dir='ltr'>ἤδη</span> 
     </span>
    </p>
   </div>
   <div class='ocr_carea' id='block_1_99' title="bbox 1009 2231 1802 2268">
    <p class='ocr_par' dir='ltr' id='par_1_99' title="bbox 1009 2231 1802 2268">
     <span class='ocr_line' id='line_1_99' title="bbox 1009 2231 1802 2268; baseline -0.003 -9"><span class='ocrx_word' id='word_1_700' title='bbox 1009 2232 1171 2268; x_wconf 84' lang='grc' dir='ltr'>προσομιλῇ,</span> <span class='ocrx_word' id='word_1_701' title='bbox 1189 2232 1277 2267; x_wconf 84' lang='grc' dir='ltr'>τολμᾷ</span> <span class='ocrx_word' id='word_1_702' title='bbox 1298 2241 1324 2258; x_wconf 86' lang='grc' dir='ltr'><strong>τι</strong></span> <span class='ocrx_word' id='word_1_703' title='bbox 1351 2232 1474 2259; x_wconf 82' lang='grc' dir='ltr'>νεανικὸν</span> <span class='ocrx_word' id='word_1_704' title='bbox 1498 2232 1512 2258; x_wconf 87' lang='grc' dir='ltr'>ὁ</span> <span class='ocrx_word' id='word_1_705' title='bbox 1530 2231 1618 2266; x_wconf 82' lang='grc' dir='ltr'>λόγος,</span> <span class='ocrx_word' id='word_1_706' title='bbox 1639 2231 1705 2262; x_wconf 81' lang='grc' dir='ltr'>Θεὸς</span> <span class='ocrx_word' id='word_1_707' title='bbox 1729 2231 1802 2263; x_wconf 82' lang='grc' dir='ltr'>θεοῖς</span> 
     </span>
    </p>
   </div>
   <div class='ocr_carea' id='block_1_100' title="bbox 1008 2276 1800 2313">
    <p class='ocr_par' dir='ltr' id='par_1_100' title="bbox 1008 2276 1800 2313">
     <span class='ocr_line' id='line_1_100' title="bbox 1008 2276 1800 2313; baseline -0.001 -9"><span class='ocrx_word' id='word_1_708' title='bbox 1008 2277 1152 2313; x_wconf 78' lang='grc' dir='ltr'>ὲνούμενός</span> <span class='ocrx_word' id='word_1_709' title='bbox 1165 2286 1196 2304; x_wconf 87' lang='grc' dir='ltr'><strong>τε</strong></span> <span class='ocrx_word' id='word_1_710' title='bbox 1215 2278 1262 2304; x_wconf 81' lang='grc' dir='ltr'>καὶ</span> <span class='ocrx_word' id='word_1_711' title='bbox 1277 2277 1486 2313; x_wconf 79' lang='grc' dir='ltr'>γνωριζόμενος,</span> <span class='ocrx_word' id='word_1_712' title='bbox 1508 2277 1555 2303; x_wconf 74' lang='grc' dir='ltr'>καὶ</span> <span class='ocrx_word' id='word_1_713' title='bbox 1576 2276 1703 2303; x_wconf 77' lang='grc' dir='ltr'>τοσοῦτον</span> <span class='ocrx_word' id='word_1_714' title='bbox 1723 2278 1800 2308; x_wconf 79' lang='grc' dir='ltr'>ἴσως,</span> 
     </span>
    </p>
   </div>
   <div class='ocr_carea' id='block_1_101' title="bbox 1008 2320 1800 2359">
    <p class='ocr_par' dir='ltr' id='par_1_101' title="bbox 1008 2320 1800 2359">
     <span class='ocr_line' id='line_1_101' title="bbox 1008 2320 1800 2359; baseline -0.003 -9"><span class='ocrx_word' id='word_1_715' title='bbox 1008 2324 1070 2350; x_wconf 78' lang='grc' dir='ltr'>ὅσον</span> <span class='ocrx_word' id='word_1_716' title='bbox 1086 2324 1135 2359; x_wconf 75' lang='grc' dir='ltr'>ἥδη</span> <span class='ocrx_word' id='word_1_717' title='bbox 1151 2323 1279 2358; x_wconf 85' lang='grc' dir='ltr'>γινώσκει</span> <span class='ocrx_word' id='word_1_718' title='bbox 1291 2325 1356 2355; x_wconf 81' lang='grc' dir='ltr'>τοὺς</span> <span class='ocrx_word' id='word_1_719' title='bbox 1366 2323 1593 2358; x_wconf 81' lang='grc' dir='ltr'>γινωσκομένους.</span> <span class='ocrx_word' id='word_1_720' title='bbox 1605 2323 1738 2357; x_wconf 73' lang='grc' dir='ltr'>’Ἄπειρον</span> <span class='ocrx_word' id='word_1_721' title='bbox 1753 2320 1800 2348; x_wconf 77' lang='grc' dir='ltr'><strong>οὖν</strong></span> 
     </span>
    </p>
   </div>
   <div class='ocr_carea' id='block_1_102' title="bbox 1007 2367 1802 2404">
    <p class='ocr_par' dir='ltr' id='par_1_102' title="bbox 1007 2367 1802 2404">
     <span class='ocr_line' id='line_1_102' title="bbox 1007 2367 1802 2404; baseline -0.004 -9"><span class='ocrx_word' id='word_1_722' title='bbox 1007 2369 1039 2396; x_wconf 73' lang='grc' dir='ltr'>τὸ</span> <span class='ocrx_word' id='word_1_723' title='bbox 1055 2369 1126 2396; x_wconf 79' lang='grc' dir='ltr'>θεῖον</span> <span class='ocrx_word' id='word_1_724' title='bbox 1142 2369 1188 2395; x_wconf 76' lang='grc' dir='ltr'>καὶ</span> <span class='ocrx_word' id='word_1_725' title='bbox 1204 2368 1391 2404; x_wconf 85' lang='grc' dir='ltr'>δυσθεώρητον</span> <span class='ocrx_word' id='word_1_726' title='bbox 1403 2377 1411 2383; x_wconf 89' lang='grc'><strong>·</strong></span> <span class='ocrx_word' id='word_1_727' title='bbox 1435 2367 1483 2394; x_wconf 76' lang='grc' dir='ltr'>καὶ</span> <span class='ocrx_word' id='word_1_728' title='bbox 1504 2367 1582 2394; x_wconf 72' lang='grc' dir='ltr'>τοῦτο</span> <span class='ocrx_word' id='word_1_729' title='bbox 1605 2367 1692 2401; x_wconf 84' lang='grc' dir='ltr'>πάντη</span> <span class='ocrx_word' id='word_1_730' title='bbox 1716 2375 1802 2393; x_wconf 83' lang='grc' dir='ltr'>κατα-</span> 
     </span>
    </p>
   </div>
   <div class='ocr_carea' id='block_1_103' title="bbox 1008 2412 1798 2450">
    <p class='ocr_par' dir='ltr' id='par_1_103' title="bbox 1008 2412 1798 2450">
     <span class='ocr_line' id='line_1_103' title="bbox 1008 2412 1798 2450; baseline -0.004 -9"><span class='ocrx_word' id='word_1_731' title='bbox 1008 2414 1109 2450; x_wconf 78' lang='grc' dir='ltr'>ληπτὸν</span> <span class='ocrx_word' id='word_1_732' title='bbox 1123 2414 1206 2441; x_wconf 82' lang='grc' dir='ltr'>αὐτοῦ</span> <span class='ocrx_word' id='word_1_733' title='bbox 1231 2415 1322 2450; x_wconf 83' lang='grc' dir='ltr'>μόνον,</span> <span class='ocrx_word' id='word_1_734' title='bbox 1339 2415 1356 2450; x_wconf 83' lang='grc' dir='ltr'><strong>ἡ</strong></span> <span class='ocrx_word' id='word_1_735' title='bbox 1375 2414 1488 2450; x_wconf 82' lang='grc' dir='ltr'>ἀπειρία</span> <span class='ocrx_word' id='word_1_736' title='bbox 1500 2422 1507 2430; x_wconf 77' lang='grc' dir='ltr'><strong>ο</strong></span> <span class='ocrx_word' id='word_1_737' title='bbox 1526 2413 1577 2440; x_wconf 75' lang='grc' dir='ltr'>κᾶν</span> <span class='ocrx_word' id='word_1_738' title='bbox 1592 2422 1634 2445; x_wconf 80' lang='grc' dir='ltr'><strong>τις</strong></span> <span class='ocrx_word' id='word_1_739' title='bbox 1650 2412 1742 2447; x_wconf 79' lang='grc' dir='ltr'>οἴηται</span> <span class='ocrx_word' id='word_1_740' title='bbox 1758 2412 1798 2448; x_wconf 83' lang='grc' dir='ltr'>τῷ</span> 
     </span>
    </p>
   </div>
   <div class='ocr_carea' id='block_1_104' title="bbox 1007 2457 1799 2495">
    <p class='ocr_par' dir='ltr' id='par_1_104' title="bbox 1007 2457 1799 2495">
     <span class='ocr_line' id='line_1_104' title="bbox 1007 2457 1799 2495; baseline -0.001 -9"><span class='ocrx_word' id='word_1_741' title='bbox 1007 2460 1096 2495; x_wconf 78' lang='grc' dir='ltr'>ἁπλῆς</span> <span class='ocrx_word' id='word_1_742' title='bbox 1181 2458 1252 2487; x_wconf 76' lang='grc' dir='ltr'>εἶναι</span> <span class='ocrx_word' id='word_1_743' title='bbox 1277 2459 1395 2495; x_wconf 82' lang='grc' dir='ltr'>φύσεως,</span> <span class='ocrx_word' id='word_1_744' title='bbox 1416 2460 1433 2495; x_wconf 81' lang='grc' dir='ltr'>ἢ</span> <span class='ocrx_word' id='word_1_745' title='bbox 1460 2459 1519 2487; x_wconf 84' lang='grc' dir='ltr'>ὅλον</span> <span class='ocrx_word' id='word_1_746' title='bbox 1543 2459 1662 2495; x_wconf 82' lang='grc' dir='ltr'>ἄληπτον</span> <span class='ocrx_word' id='word_1_747' title='bbox 1680 2457 1761 2491; x_wconf 72' lang='grc' dir='ltr'>εἶναι,</span> <span class='ocrx_word' id='word_1_748' title='bbox 1782 2459 1799 2494; x_wconf 86' lang='grc' dir='ltr'>ἢ</span> 
     </span>
    </p>
   </div>
   <div class='ocr_carea' id='block_1_105' title="bbox 1006 2505 1801 2542">
    <p class='ocr_par' dir='ltr' id='par_1_105' title="bbox 1006 2505 1801 2542">
     <span class='ocr_line' id='line_1_105' title="bbox 1006 2505 1801 2542; baseline -0.003 -9"><span class='ocrx_word' id='word_1_749' title='bbox 1006 2505 1105 2537; x_wconf 72' lang='grc' dir='ltr'>τελέως</span> <span class='ocrx_word' id='word_1_750' title='bbox 1118 2505 1230 2541; x_wconf 80' lang='grc' dir='ltr'>ληπτόν.</span> <span class='ocrx_word' id='word_1_751' title='bbox 1252 2506 1285 2533; x_wconf 79' lang='grc' dir='ltr'>Τί</span> <span class='ocrx_word' id='word_1_752' title='bbox 1303 2506 1351 2542; x_wconf 69' lang='grc' dir='ltr'><strong>γὰ(</strong></span> <span class='ocrx_word' id='word_1_753' title='bbox 1376 2506 1406 2538; x_wconf 87' lang='grc' dir='ltr'>ὃς</span> <span class='ocrx_word' id='word_1_754' title='bbox 1425 2506 1514 2542; x_wconf 84' lang='grc' dir='ltr'>ἁπλῆς</span> <span class='ocrx_word' id='word_1_755' title='bbox 1532 2507 1590 2532; x_wconf 75' lang='grc' dir='ltr'>ἐστι</span> <span class='ocrx_word' id='word_1_756' title='bbox 1607 2505 1725 2540; x_wconf 82' lang='grc' dir='ltr'>φύσεως,</span> <span class='ocrx_word' id='word_1_757' title='bbox 1740 2506 1801 2531; x_wconf 78' lang='grc' dir='ltr'>ἐπι-</span> 
     </span>
    </p>
   </div>
   <div class='ocr_carea' id='block_1_106' title="bbox 1008 2551 1802 2588">
    <p class='ocr_par' dir='ltr' id='par_1_106' title="bbox 1008 2551 1802 2588">
     <span class='ocr_line' id='line_1_106' title="bbox 1008 2551 1802 2588; baseline -0.001 -10"><span class='ocrx_word' id='word_1_758' title='bbox 1008 2552 1181 2588; x_wconf 78' lang='grc' dir='ltr'>ζητήσωμεν.</span> <span class='ocrx_word' id='word_1_759' title='bbox 1203 2553 1241 2579; x_wconf 81' lang='grc' dir='ltr'><strong>Οὐ</strong></span> <span class='ocrx_word' id='word_1_760' title='bbox 1268 2552 1322 2588; x_wconf 82' lang='grc' dir='ltr'><strong>γὰρ</strong></span> <span class='ocrx_word' id='word_1_761' title='bbox 1342 2553 1374 2588; x_wconf 83' lang='grc' dir='ltr'><strong>δὴ</strong></span> <span class='ocrx_word' id='word_1_762' title='bbox 1395 2552 1476 2579; x_wconf 79' lang='grc' dir='ltr'>τοῦτο</span> <span class='ocrx_word' id='word_1_763' title='bbox 1493 2552 1574 2588; x_wconf 82' lang='grc' dir='ltr'>φύσις</span> <span class='ocrx_word' id='word_1_764' title='bbox 1593 2551 1668 2587; x_wconf 81' lang='grc' dir='ltr'><strong>αὐτῷ</strong></span> <span class='ocrx_word' id='word_1_765' title='bbox 1686 2553 1702 2587; x_wconf 86' lang='grc' dir='ltr'>ἡ</span> <span class='ocrx_word' id='word_1_766' title='bbox 1717 2551 1802 2578; x_wconf 81' lang='grc' dir='ltr'>ἁπλό-</span> 
     </span>
    </p>
   </div>
   <div class='ocr_carea' id='block_1_107' title="bbox 172 2591 958 2633">
    <p class='ocr_par' dir='ltr' id='par_1_107' title="bbox 172 2591 958 2629">
     <span class='ocr_line' id='line_1_107' title="bbox 172 2591 958 2629; baseline 0.008 -11"><span class='ocrx_word' id='word_1_767' title='bbox 172 2596 235 2620; x_wconf 81' lang='lat' dir='ltr'><strong>sctt.</strong></span> <span class='ocrx_word' id='word_1_768' title='bbox 255 2591 404 2619; x_wconf 84' lang='lat' dir='ltr'><strong>lmmensus</strong></span> <span class='ocrx_word' id='word_1_769' title='bbox 420 2592 501 2627; x_wconf 79' lang='lat' dir='ltr'><strong>igitur</strong></span> <span class='ocrx_word' id='word_1_770' title='bbox 515 2599 542 2620; x_wconf 91' lang='lat' dir='ltr'><strong>et</strong></span> <span class='ocrx_word' id='word_1_771' title='bbox 571 2594 690 2622; x_wconf 75' lang='lat' dir='ltr'><strong>infinitus</strong></span> <span class='ocrx_word' id='word_1_772' title='bbox 703 2601 745 2623; x_wconf 82' lang='lat' dir='ltr'><strong>est</strong></span> <span class='ocrx_word' id='word_1_773' title='bbox 764 2596 843 2629; x_wconf 70' lang='lat' dir='ltr'><strong>Deus,</strong></span> <span class='ocrx_word' id='word_1_774' title='bbox 872 2602 898 2624; x_wconf 85' lang='lat' dir='ltr'><strong>et</strong></span> <span class='ocrx_word' id='word_1_775' title='bbox 926 2597 958 2624; x_wconf 88' lang='lat' dir='ltr'><strong>ad</strong></span> 
     </span>
    </p>
   </div>
   <div class='ocr_carea' id='block_1_108' title="bbox 1052 2591 1801 2633">
    <p class='ocr_par' dir='ltr' id='par_1_108' title="bbox 1052 2591 1801 2633">
     <span class='ocr_line' id='line_1_108' title="bbox 1052 2591 1801 2633; baseline -0.004 -9"><span class='ocrx_word' id='word_1_776' title='bbox 1052 2606 1060 2629; x_wconf 88' lang='lat'><strong>:</strong></span> <span class='ocrx_word' id='word_1_777' title='bbox 1075 2605 1082 2614; x_wconf 76' lang='grc' dir='ltr'><strong><em>ο</em></strong></span> <span class='ocrx_word' id='word_1_778' title='bbox 1096 2597 1177 2633; x_wconf 79' lang='grc' dir='ltr'>εἴπερ</span> <span class='ocrx_word' id='word_1_779' title='bbox 1193 2595 1261 2631; x_wconf 74' lang='grc' dir='ltr'>μηδι</span> <span class='ocrx_word' id='word_1_780' title='bbox 1271 2596 1328 2627; x_wconf 82' lang='grc' dir='ltr'>τοῖς</span> <span class='ocrx_word' id='word_1_781' title='bbox 1343 2595 1491 2628; x_wconf 83' lang='grc' dir='ltr'>συνθέτοις,</span> <span class='ocrx_word' id='word_1_782' title='bbox 1511 2595 1590 2630; x_wconf 83' lang='grc' dir='ltr'>μόνον</span> <span class='ocrx_word' id='word_1_783' title='bbox 1603 2594 1633 2620; x_wconf 79' lang='grc' dir='ltr'>τὸ</span> <span class='ocrx_word' id='word_1_784' title='bbox 1647 2591 1716 2621; x_wconf 85' lang='grc' dir='ltr'>εἶναι</span> <span class='ocrx_word' id='word_1_785' title='bbox 1736 2603 1801 2621; x_wconf 80' lang='grc' dir='ltr'>συν-</span> 
     </span>
    </p>
   </div>
   <div class='ocr_carea' id='block_1_109' title="bbox 171 2637 958 2677">
    <p class='ocr_par' dir='ltr' id='par_1_109' title="bbox 171 2637 958 2675">
     <span class='ocr_line' id='line_1_109' title="bbox 171 2637 958 2675; baseline 0.008 -11"><span class='ocrx_word' id='word_1_786' title='bbox 171 2637 408 2672; x_wconf 70' lang='grc' dir='ltr'>σοηωιιιρισηᾱυιιι</span> <span class='ocrx_word' id='word_1_787' title='bbox 422 2637 535 2665; x_wconf 73' lang='lat' dir='ltr'><strong>diﬁicilis</strong></span> <span class='ocrx_word' id='word_1_788' title='bbox 554 2647 561 2666; x_wconf 89' lang='lat'>:</span> <span class='ocrx_word' id='word_1_789' title='bbox 580 2644 660 2675; x_wconf 82' lang='lat' dir='ltr'><strong>atque</strong></span> <span class='ocrx_word' id='word_1_790' title='bbox 677 2641 726 2668; x_wconf 86' lang='lat' dir='ltr'><strong>hoe</strong></span> <span class='ocrx_word' id='word_1_791' title='bbox 748 2641 833 2668; x_wconf 85' lang='lat' dir='ltr'><strong>solum</strong></span> <span class='ocrx_word' id='word_1_792' title='bbox 847 2643 958 2671; x_wconf 88' lang='lat' dir='ltr'><strong>omnino</strong></span> 
     </span>
    </p>
   </div>
   <div class='ocr_carea' id='block_1_110' title="bbox 1052 2637 1108 2677">
    <p class='ocr_par' dir='ltr' id='par_1_110' title="bbox 1052 2653 1108 2677">
     <span class='ocr_line' id='line_1_110' title="bbox 1052 2653 1108 2677; baseline 0 -6"><span class='ocrx_word' id='word_1_793' title='bbox 1052 2653 1108 2677; x_wconf 69' lang='grc' dir='ltr'>τοις.</span> 
     </span>
    </p>
   </div>
   <div class='ocr_carea' id='block_1_111' title="bbox 174 2682 1800 2723">
    <p class='ocr_par' dir='ltr' id='par_1_111' title="bbox 174 2682 1800 2723">
     <span class='ocr_line' id='line_1_111' title="bbox 174 2682 1800 2723; baseline 0.004 -14"><span class='ocrx_word' id='word_1_794' title='bbox 174 2683 210 2711; x_wconf 85' lang='lat' dir='ltr'><strong>de</strong></span> <span class='ocrx_word' id='word_1_795' title='bbox 225 2684 283 2719; x_wconf 87' lang='lat' dir='ltr'><strong>ipso</strong></span> <span class='ocrx_word' id='word_1_796' title='bbox 296 2682 487 2717; x_wconf 88' lang='lat' dir='ltr'><strong>comprehendi</strong></span> <span class='ocrx_word' id='word_1_797' title='bbox 500 2688 596 2719; x_wconf 78' lang='lat' dir='ltr'><strong>potest,</strong></span> <span class='ocrx_word' id='word_1_798' title='bbox 608 2693 705 2722; x_wconf 87' lang='lat' dir='ltr'><strong>nempe</strong></span> <span class='ocrx_word' id='word_1_799' title='bbox 713 2688 783 2721; x_wconf 88' lang='lat' dir='ltr'><strong>quod</strong></span> <span class='ocrx_word' id='word_1_800' title='bbox 799 2687 957 2721; x_wconf 80' lang='lat' dir='ltr'><strong>immensus,</strong></span> <span class='ocrx_word' id='word_1_801' title='bbox 978 2693 1007 2716; x_wconf 91' lang='lat' dir='ltr'><strong>et</strong></span> <span class='ocrx_word' id='word_1_802' title='bbox 1039 2688 1160 2717; x_wconf 86' lang='lat' dir='ltr'><strong>infinitus</strong></span> <span class='ocrx_word' id='word_1_803' title='bbox 1183 2689 1240 2716; x_wconf 85' lang='lat' dir='ltr'><strong>sit:</strong></span> <span class='ocrx_word' id='word_1_804' title='bbox 1261 2688 1313 2716; x_wconf 88' lang='lat' dir='ltr'><strong>etsi</strong></span> <span class='ocrx_word' id='word_1_805' title='bbox 1337 2688 1471 2723; x_wconf 86' lang='lat' dir='ltr'><strong>quispiam</strong></span> <span class='ocrx_word' id='word_1_806' title='bbox 1489 2689 1634 2722; x_wconf 79' lang='lat' dir='ltr'><strong>existime.,</strong></span> <span class='ocrx_word' id='word_1_807' title='bbox 1648 2696 1721 2720; x_wconf 85' lang='lat' dir='ltr'><strong>eum,</strong></span> <span class='ocrx_word' id='word_1_808' title='bbox 1736 2688 1800 2722; x_wconf 86' lang='lat' dir='ltr'><strong>quia</strong></span> 
     </span>
    </p>
   </div>
   <div class='ocr_carea' id='block_1_112' title="bbox 173 2731 1801 2770">
    <p class='ocr_par' dir='ltr' id='par_1_112' title="bbox 173 2731 1801 2770">
     <span class='ocr_line' id='line_1_112' title="bbox 173 2731 1801 2770; baseline 0.002 -11"><span class='ocrx_word' id='word_1_809' title='bbox 173 2731 304 2766; x_wconf 76' lang='lat' dir='ltr'><strong>simplicis</strong></span> <span class='ocrx_word' id='word_1_810' title='bbox 316 2736 421 2757; x_wconf 67' lang='lat' dir='ltr'><strong>naturae</strong></span> <span class='ocrx_word' id='word_1_811' title='bbox 433 2731 478 2762; x_wconf 78' lang='lat' dir='ltr'><strong>sit,</strong></span> <span class='ocrx_word' id='word_1_812' title='bbox 496 2731 625 2758; x_wconf 87' lang='lat' dir='ltr'><strong>rationem</strong></span> <span class='ocrx_word' id='word_1_813' title='bbox 641 2732 712 2759; x_wconf 80' lang='lat' dir='ltr'><strong>hanc</strong></span> <span class='ocrx_word' id='word_1_814' title='bbox 729 2731 839 2764; x_wconf 84' lang='lat' dir='ltr'><strong>habere,</strong></span> <span class='ocrx_word' id='word_1_815' title='bbox 855 2737 895 2765; x_wconf 87' lang='lat' dir='ltr'><strong>ut,</strong></span> <span class='ocrx_word' id='word_1_816' title='bbox 907 2733 950 2760; x_wconf 87' lang='lat' dir='ltr'><strong>vel</strong></span> <span class='ocrx_word' id='word_1_817' title='bbox 966 2741 1078 2768; x_wconf 85' lang='lat' dir='ltr'><strong>prorsus</strong></span> <span class='ocrx_word' id='word_1_818' title='bbox 1091 2733 1372 2767; x_wconf 85' lang='lat' dir='ltr'><strong>incomprehensibilis</strong></span> <span class='ocrx_word' id='word_1_819' title='bbox 1385 2735 1430 2766; x_wconf 87' lang='lat' dir='ltr'><strong>sit,</strong></span> <span class='ocrx_word' id='word_1_820' title='bbox 1444 2734 1485 2762; x_wconf 89' lang='lat' dir='ltr'><strong>vel</strong></span> <span class='ocrx_word' id='word_1_821' title='bbox 1505 2742 1617 2770; x_wconf 85' lang='lat' dir='ltr'><strong>prorsus</strong></span> <span class='ocrx_word' id='word_1_822' title='bbox 1630 2741 1662 2762; x_wconf 85' lang='lat' dir='ltr'><strong>ac</strong></span> <span class='ocrx_word' id='word_1_823' title='bbox 1679 2734 1801 2769; x_wconf 78' lang='lat' dir='ltr'><strong>perfecte</strong></span> 
     </span>
    </p>
   </div>
   <div class='ocr_carea' id='block_1_113' title="bbox 174 2777 1796 2818">
    <p class='ocr_par' dir='ltr' id='par_1_113' title="bbox 174 2777 1796 2818">
     <span class='ocr_line' id='line_1_113' title="bbox 174 2777 1796 2818; baseline 0.003 -14"><span class='ocrx_word' id='word_1_824' title='bbox 174 2777 364 2813; x_wconf 75' lang='lat' dir='ltr'><strong>comprehendi</strong></span> <span class='ocrx_word' id='word_1_825' title='bbox 382 2781 470 2811; x_wconf 83' lang='lat' dir='ltr'><strong>queat.</strong></span> <span class='ocrx_word' id='word_1_826' title='bbox 486 2777 554 2811; x_wconf 83' lang='lat' dir='ltr'><strong>Quid</strong></span> <span class='ocrx_word' id='word_1_827' title='bbox 565 2778 636 2806; x_wconf 88' lang='lat' dir='ltr'><strong>enim</strong></span> <span class='ocrx_word' id='word_1_828' title='bbox 650 2778 693 2807; x_wconf 88' lang='lat' dir='ltr'><strong>ille</strong></span> <span class='ocrx_word' id='word_1_829' title='bbox 704 2778 749 2812; x_wconf 77' lang='lat' dir='ltr'><strong>sit,</strong></span> <span class='ocrx_word' id='word_1_830' title='bbox 763 2779 809 2813; x_wconf 92' lang='lat' dir='ltr'><strong>qui</strong></span> <span class='ocrx_word' id='word_1_831' title='bbox 821 2783 945 2807; x_wconf 86' lang='lat' dir='ltr'><strong>naturam</strong></span> <span class='ocrx_word' id='word_1_832' title='bbox 960 2780 1108 2816; x_wconf 87' lang='lat' dir='ltr'><strong>simplicem</strong></span> <span class='ocrx_word' id='word_1_833' title='bbox 1122 2781 1215 2813; x_wconf 87' lang='lat' dir='ltr'><strong>habet,</strong></span> <span class='ocrx_word' id='word_1_834' title='bbox 1232 2781 1416 2816; x_wconf 79' lang='lat' dir='ltr'><strong>exquiramus.</strong></span> <span class='ocrx_word' id='word_1_835' title='bbox 1437 2782 1529 2818; x_wconf 85' lang='lat' dir='ltr'><strong>Neque</strong></span> <span class='ocrx_word' id='word_1_836' title='bbox 1545 2782 1617 2810; x_wconf 86' lang='lat' dir='ltr'><strong>enim</strong></span> <span class='ocrx_word' id='word_1_837' title='bbox 1635 2782 1796 2817; x_wconf 79' lang='lat' dir='ltr'><strong>simplicitas</strong></span> 
     </span>
    </p>
   </div>
   <div class='ocr_carea' id='block_1_114' title="bbox 175 2824 1123 2895">
    <p class='ocr_par' dir='ltr' id='par_1_114' title="bbox 175 2824 1123 2895">
     <span class='ocr_line' id='line_1_114' title="bbox 175 2824 1123 2895; baseline 0.002 -43"><span class='ocrx_word' id='word_1_838' title='bbox 175 2825 322 2895; x_wconf 46' lang='lat' dir='ltr'><strong>illi‘rgttut“:</strong></span> <span class='ocrx_word' id='word_1_839' title='bbox 337 2829 377 2852; x_wconf 86' lang='lat' dir='ltr'><strong>est</strong></span> <span class='ocrx_word' id='word_1_840' title='bbox 393 2833 400 2851; x_wconf 91' lang='lat'><strong>:</strong></span> <span class='ocrx_word' id='word_1_841' title='bbox 418 2825 632 2859; x_wconf 80' lang='lat' dir='ltr'><strong>qttaudoquidem</strong></span> <span class='ocrx_word' id='word_1_842' title='bbox 647 2832 696 2853; x_wconf 86' lang='lat' dir='ltr'><strong>nec</strong></span> <span class='ocrx_word' id='word_1_843' title='bbox 711 2824 868 2860; x_wconf 87' lang='lat' dir='ltr'><strong>compositis</strong></span> <span class='ocrx_word' id='word_1_844' title='bbox 886 2826 942 2854; x_wconf 78' lang='lat' dir='ltr'><strong>sola</strong></span> <span class='ocrx_word' id='word_1_845' title='bbox 956 2827 1123 2861; x_wconf 86' lang='lat' dir='ltr'><strong>compositio.</strong></span> 
     </span>
     <span class='ocr_line' id='line_1_115' title="bbox 262 2867 450 2895; baseline 0.005 -2"><span class='ocrx_word' id='word_1_846' title='bbox 262 2873 295 2895; x_wconf 72' lang='grc' dir='ltr'>ιο</span> <span class='ocrx_word' id='word_1_847' title='bbox 316 2886 324 2895; x_wconf 95' lang='grc'><strong>.</strong></span> <span class='ocrx_word' id='word_1_848' title='bbox 341 2874 384 2895; x_wconf 86' lang='lat' dir='ltr'><strong>tu.</strong></span> <span class='ocrx_word' id='word_1_849' title='bbox 406 2867 450 2895; x_wconf 77' lang='grc' dir='ltr'><strong>Η.</strong></span> 
     </span>
    </p>
   </div>
   <div class='ocr_carea' id='block_1_115' title="bbox 262 2867 450 2896">
    <p class='ocr_par' dir='ltr' id='par_1_115' title="bbox 262 2867 450 2896">
     <span class='ocr_line' id='line_1_116' title="bbox 262 2867 450 2896; baseline 0 -2"><span class='ocrx_word' id='word_1_850' title='bbox 262 2867 324 2895; x_wconf 80' lang='lat' dir='ltr'><strong>xod.</strong></span> <span class='ocrx_word' id='word_1_851' title='bbox 341 2874 384 2896; x_wconf 86' lang='lat' dir='ltr'><strong>tu.</strong></span> <span class='ocrx_word' id='word_1_852' title='bbox 406 2867 450 2895; x_wconf 77' lang='grc' dir='ltr'><strong>Η.</strong></span> 
     </span>
    </p>
   </div>
  </div>
