1893 3081
117 163 163 198 ibi

206 221 272 256 Διχῆ
295 220 322 246 δὲ
345 219 390 245 τοῦ
414 219 525 253 ἀπείρου
549 217 743 252 θεωρουμένου,
768 216 836 242 κατά
857 224 886 242 τε
905 218 927 246 Α

109 266 193 302 ἀρχὴν
206 266 253 292 καὶ
272 266 347 296 τέλος
363 265 403 299 (τὸ
415 265 468 299 γὰρ
484 263 553 298 ὑπὲρ
569 262 662 293 ταῦτα,
674 263 719 288 καὶ
737 261 773 297 μὴ
788 263 816 288 ὲν
828 261 888 288 τού-

109 320 172 342 τοις,
191 311 326 346 ἄπειρον),
349 311 411 337 ὅταν
430 309 478 344 μὲν
502 309 540 339 εἰς
566 308 610 334 τὸν
632 308 686 334 ἄνω
712 307 790 342 βυθὸν
872 306 889 334 ὃ

110 357 170 387 νοῦς
187 356 338 391 ἀποϐλέψῃ,
354 356 402 381 οὐκ
418 355 485 390 ἔχων
504 355 563 380 ὅποι
584 355 632 388 στῇ
650 353 694 379 καὶ
711 353 888 388 ἀπερείσηται

110 400 169 430 ταῖς
186 399 253 433 περὶ
267 398 334 424 Θεοῦ
358 398 525 432 φαντασίαις,
544 396 576 423 τὸ
592 396 706 423 ἐνταῦθα
721 396 832 431 ἄπειρον
843 396 889 422 καὶ

112 442 270 474 ἁνέκῆατον,
290 441 403 476 ἄναρχον
423 441 654 476 προσηγόρευσεν
681 440 744 466 ὅταν
759 440 786 466 δὲ
801 440 840 470 είς
855 439 890 466 τὰ

114 487 186 513 κάτω
243 485 292 512 καὶ
326 484 360 512 τὰ
407 485 479 519 ἑξῆς,
500 485 631 512 ἀθάνατον
654 485 700 511 καὶ
722 484 888 519 ἀνώλεθρον·

113 531 173 556 ὅταν
190 530 219 556 δὲ
231 529 327 565 συνέλῃ
339 529 370 555 τὸ
383 530 445 561 πᾶν,
459 528 574 555 αἰώνιον.
590 528 660 554 Αίὼν
675 528 739 563 γὰρ,
756 527 816 554 οὔτε
828 527 891 562 χρό-

113 584 165 607 νος,
181 575 244 601 οὔτε
264 575 359 610 χρόνου
372 583 398 600 τι
415 574 508 609 μέρος·
528 573 588 600 οὐδὲ
605 573 658 610 γὰρ
677 573 820 608 μετρητόν·
834 572 891 599 ἀλλ’

112 621 159 646 ὂπε
165 628 180 654 ρ
186 621 253 654 ἡμῖν
293 619 307 645 ὁ
339 620 440 655 χρόνος,
451 619 525 654 ἡλίου
533 619 601 654 φορᾷ
610 618 799 654 μετρούμενος,
815 617 893 645 τοῦτο

114 666 168 695 τοῖς
179 664 286 695 ἀϊδίοις,
299 664 374 696 αἰὼν,
386 664 416 690 τὸ
430 663 727 699 συμπαρεκτεινόμενον
738 660 793 696 τοῖς
806 660 891 697 οὖσιν,

113 707 167 735 οἶόν
182 718 209 735 τι
234 709 357 745 χρονικὺν
376 709 487 744 κίνημα,
510 709 556 736 καὶ
578 709 722 744 διάστημα.

181 898 237 925 Τοῦ
251 898 342 925 αὑτοῦ
360 898 394 924 ἐκ
407 897 459 925 τοῦ
473 898 539 931 περὶ
556 898 709 932 θεολογίας
724 899 827 932 λόγου.

149 945 217 971 Θεὸν
242 944 339 979 νοῆσαι
370 944 419 978 μὲν
438 943 564 978 χαλεπὸν,
592 944 692 978 φράσαι
710 943 738 969 δὲ
753 943 892 973 ἀδύνατον,

112 990 135 1016 ὦ
159 999 200 1020 τις
211 990 267 1016 τῶν
277 990 341 1025 παρ’
352 987 464 1023 Ἕλλησι
480 989 612 1023 θεολόγων
631 988 834 1023 ἐφιλοσόφησεν,
844 989 894 1015 οὐκ

907 907 927 937 Β

588 164 775 194 PANOPLIA
799 164 1026 196 DOG‘MATICA.
1043 177 1078 182 —
1096 164 1171 195 TIT.
1190 164 1238 194 IV.

1663 162 1714 194 158

1061 215 1119 242 Jam
1130 223 1204 247 vero,
1214 222 1273 242 eum
1285 215 1450 242 immensitas
1458 215 1580 242 bifariam
1595 218 1718 244 conside-

945 266 1028 292 retur,
1057 267 1151 294 nempe
1176 264 1203 287 et
1228 260 1361 294 principii,
1382 264 1409 286 et
1432 260 1492 287 finis
1514 261 1617 288 ratione
1640 262 1714 295 (nam

945 307 1015 340 quod
1029 313 1108 339 supra
1125 306 1180 332 hare
1190 310 1240 337 est,
1258 312 1289 332 ac
1300 312 1352 331 non
1365 305 1389 330 in
1405 305 1456 338 his,
1469 306 1626 332 immensum
1646 309 1717 341 est);

945 358 1005 378 cum
1019 350 1044 377 in
1063 350 1185 384 superius
1200 349 1359 384 profundum
1374 357 1449 377 mens
1469 351 1584 384 aspexit,
1603 359 1655 379 non
1671 353 1721 379 ha-

945 395 1011 421 bens
1024 394 1067 420 ubi
1081 394 1218 427 consistat,
1230 394 1374 428 tenuisque
1386 394 1448 425 illis,
1462 402 1528 428 quas
1543 395 1575 421 de
1589 395 1642 422 Deo
1655 403 1720 423 con-

945 439 1009 472 cipit
1037 439 1176 471 innitatur,
1205 439 1364 465 immensum
1391 439 1442 466 hoc
1467 445 1494 466 et
1522 441 1724 472 inextricabile,

947 485 1105 515 anarchum,
1126 485 1175 511 hoc
1192 489 1243 515 est,
1270 483 1399 518 principio
1419 491 1525 517 carens,
1553 485 1718 518 appellavit:

945 535 1006 556 cum
1025 534 1112 556 autem
1139 529 1173 556 ad
1194 529 1321 556 inferiora
1344 533 1370 555 et
1387 530 1547 563 posteriora,
1570 530 1722 557 iuunortale

946 579 1025 608 atque
1045 575 1168 601 interitus
1194 581 1305 608 expers;
1324 581 1382 600 cum
1402 581 1465 601 vero
1489 580 1632 610 utrumque
1655 583 1720 602 con-

947 619 1027 646 traxit
1051 623 1078 646 et
1098 619 1214 654 collegit,
1237 624 1376 646 teteruum.
1394 617 1542 646 Eternitas
1563 620 1647 653 enim,
1670 628 1720 647 nec

946 669 1060 698 tempus,
1077 671 1126 691 nec
1154 663 1280 698 temporis
1303 671 1364 698 pars
1382 663 1434 690 ulla
1451 668 1491 690 est
1513 664 1573 698 (nec
1600 665 1670 692 enim
1692 666 1719 692 iu

946 717 1096 737 mensuram
1113 709 1210 744 cadit);
1225 709 1271 736 sed
1294 709 1365 743 quod
1380 709 1456 736 nobis
1473 714 1578 743 tempus
1601 715 1651 741 est,
1676 718 1720 736 so-

945 755 977 783 lis
1002 759 1075 782 motu
1092 754 1240 786 deﬁnitum,
1263 754 1313 781 hoc
1336 754 1444 781 aeternis
1461 762 1547 781 mvuxu
1566 759 1616 787 est,
1640 755 1719 783 nitui-

944 809 1003 828 rum
1019 801 1064 828 ille
1077 800 1153 835 quasi
1171 799 1324 833 temporalis
1341 799 1447 833 quidam
1465 802 1562 831 motus,
1585 804 1612 826 et
1636 799 1720 826 inter-

944 846 1051 878 vallum,
1066 846 1135 881 quod
1155 845 1233 874 simul
1254 852 1315 872 cum
1329 844 1435 872 aeternis
1452 844 1613 871 extenditur.

1080 897 1214 931 Ejusdem,
1228 904 1260 923 ea;
1275 896 1392 922 oratione
1404 895 1435 922 de
1450 895 1588 930 theologia.

978 944 1061 968 Deum
1082 941 1222 968 intellectu
1251 940 1392 974 percipere
1411 939 1519 966 ditlicile
1542 944 1583 966 est
1602 948 1609 966 :
1631 938 1721 972 eloqui

943 992 1033 1014 autem
1048 985 1224 1020 impossibile,
1236 991 1266 1013 ut
1276 985 1449 1020 profanorum
1459 985 1644 1019 theologorum
1663 986 1724 1020 qui-

113 1037 235 1070 ὰτέχνως
258 1036 319 1070 ἐμοὶ
340 1035 428 1067 δοκεῖ,
444 1035 485 1061 ἵνα
501 1035 548 1062 καὶ
571 1034 762 1070 κατειληφέναι
778 1034 841 1070 δόξῃ
864 1033 894 1059 τὸ

950 1033 1005 1060 iam
1013 1031 1414 1066 docuit,meoquidemjudicio,
1424 1038 1477 1057 non
1486 1030 1619 1062 incallide,
1627 1038 1725 1064 nempe

113 1080 234 1115 χαλεπὸν
244 1079 392 1111 είπείν,καὶ
404 1079 522 1115 διαφύγῃ
529 1080 568 1114 τῷ
574 1079 755 1114 ἀνεκφράστῳ
767 1079 811 1105 τὸν
819 1079 896 1112 ἐλεγ-

112 1134 170 1160 χον.
181 1125 262 1152 Ἀλλὰ
275 1126 378 1159 φράσαι
392 1125 441 1160 μὲν
450 1125 629 1158 ἁδύνατον,ὡς
639 1127 652 1152 ὁ
660 1126 723 1161 ἐμὸς
732 1125 821 1160 λόγος,
832 1125 896 1160 νοῆ-

113 1181 156 1199 σαι
166 1172 196 1199 δὲ
205 1171 457 1206 ἀδυνατιίντερον.Τὺ
467 1172 515 1205 μὲν
524 1171 578 1206 γὰρ
587 1171 692 1206 νοηθὲν,
699 1171 769 1206 τάχα
775 1171 807 1197 ἂν
819 1172 900 1205 λόγος

111 1218 272 1253 δηλώσειεν,
284 1218 309 1244 εί
324 1217 371 1244 καὶ
396 1217 433 1253 μὴ
451 1218 626 1252 συμμέτρως,
640 1217 696 1243 ἀλλ’
717 1217 845 1251 ἀμυδρῶς
867 1225 900 1250 γε

112 1264 149 1298 τῷ
159 1264 197 1299 μὴ
206 1263 296 1297 πάντη
304 1264 337 1289 τὰ
346 1260 402 1289 ὦτα
411 1262 608 1298 διεφθαρμένῳ,
619 1263 667 1289 καὶ
680 1262 775 1298 νωθρῷ
787 1262 835 1297 τὴν
843 1262 902 1289 6m-

116 1314 204 1332 νοιαν.
224 1306 262 1332 Τὸ
275 1306 302 1332 δὲ
317 1305 428 1333 τοσοῦτο
490 1306 605 1341 πρᾶγμα
617 1307 649 1340 τῇ
666 1305 768 1340 διανοίᾳ
785 1304 897 1340 περιλα-

117 1351 184 1384 δεῖν,
211 1351 320 1382 πάντως
340 1351 468 1377 ἀδύνατον
489 1351 534 1377 καὶ
559 1351 707 1386 ἀμήχανον,
732 1350 768 1385 μὴ
787 1350 826 1376 ὅτι
842 1350 898 1381 τοῖς

118 1395 415 1430 καταὸεὸλακευμένοις
463 1394 512 1423 καὶ
539 1395 613 1422 κάτω
627 1395 758 1428 νεύουσιν,
775 1394 840 1421 ἀλλὰ
851 1394 897 1420 καὶ

116 1441 171 1472 τοῖς
187 1441 248 1467 λίαν
266 1441 416 1476 ὑψηλοῖς.τε
432 1440 478 1466 καὶ
492 1440 633 1474 φιλοθέοις,
645 1440 691 1466 καὶ
708 1439 808 1475 ὁμοίως
822 1438 897 1475 πάσῃ

116 1486 233 1521 γεννητῇ
302 1485 390 1520 φύσει,
406 1486 452 1512 καὶ
464 1484 504 1517 οἷς
517 1486 531 1511 ὁ
543 1484 622 1519 ζόφος
635 1481 711 1516 οὗτος
727 1484 893 1521 ἐπιπροσθεῖ,

946 1085 975 1106 ut
987 1087 1021 1106 ex
1035 1086 1068 1107 eo
1085 1080 1158 1114 quod
1174 1078 1317 1106 intellectu
1333 1077 1467 1104 diiiicilem
1483 1076 1606 1109 aﬂirmat,
1617 1076 1721 1111 opinio-

947 1133 1008 1154 nem
1024 1125 1181 1153 horninibus
1203 1124 1307 1156 aﬁ‘erat,
1327 1131 1356 1151 se
1375 1131 1436 1151 eum
1458 1123 1613 1158 cognitione
1629 1130 1722 1156 perce-

950 1173 1040 1208 pisse;
1052 1179 1084 1199 ex
1094 1179 1126 1199 co
1135 1176 1224 1199 autem
1238 1170 1310 1205 quod
1326 1170 1407 1198 nullis
1420 1170 1509 1197 verbis
1523 1177 1585 1196 eum
1595 1168 1723 1202 explicari

950 1222 1033 1251 posse
1057 1216 1106 1249 it,
1122 1216 1176 1242 hoc
1193 1219 1265 1250 agat,
1281 1222 1315 1242 ne
1339 1214 1445 1241 inscitia
1468 1220 1516 1240 sua
1541 1212 1620 1247 prodi
1643 1217 1724 1245 atque

945 1262 1074 1290 convinci
1090 1265 1182 1296 queat.
1198 1260 1253 1295 Ego
1267 1266 1332 1288 vero
1342 1260 1378 1285 ita
1397 1259 1487 1293 potius
1501 1257 1645 1285 dicendum
1661 1263 1724 1284 cen-

950 1311 1006 1336 seo,
1022 1303 1066 1330 Dei
1091 1307 1214 1329 naturam
1244 1302 1323 1328 nullis
1349 1302 1454 1335 quidem
1481 1302 1570 1328 verbis
1596 1301 1725 1335 explicari

950 1356 1029 1383 posse
1044 1356 1052 1381 ;
1065 1348 1155 1374 animo
1171 1353 1259 1374 autem
1281 1351 1360 1380 atque
1374 1347 1507 1374 intellectu
1533 1347 1724 1380 comprehendi

951 1393 1034 1420 multo
1044 1393 1130 1420 mintts
1139 1399 1227 1426 posse.
1242 1391 1308 1418 Nam
1323 1393 1393 1425 quod
1406 1392 1466 1426 quis
1478 1392 1568 1419 animo
1582 1396 1608 1418 et
1623 1392 1726 1419 ratione

951 1437 1104 1472 complexus
1115 1437 1203 1469 fuerit,
1231 1437 1257 1463 id
1272 1443 1377 1470 quoque
1394 1435 1507 1463 fortasse
1529 1443 1655 1463 sermone
1679 1437 1726 1462 dc-

952 1482 1054 1509 clarare
1069 1486 1159 1517 queat.
1175 1482 1197 1508 si
1213 1488 1247 1508 ne
1264 1481 1436 1508 mediocriter
1459 1481 1576 1515 quidem,
1591 1486 1618 1508 at
1632 1480 1725 1508 saltem

117 1530 163 1556 καὶ
187 1530 218 1556 τὸ
241 1530 313 1565 παχὺ
335 1528 414 1556 τοῦτο
434 1529 555 1565 σαρκίον,
571 1528 639 1562 πρὸς
658 1529 706 1564 τὴν
719 1527 765 1554 τοῦ
781 1527 895 1564 ἀληθοῦς

952 1528 1076 1560 obscure,
1095 1528 1173 1554 modo
1188 1527 1336 1554 auditorem
1353 1531 1447 1554 nactus
1476 1527 1513 1552 sit
1539 1533 1592 1552 non
1617 1526 1725 1552 omnino

115 1575 280 1610 κατανόησιν
290 1583 298 1590 ⁴
309 1575 358 1601 οὐκ
372 1571 431 1601 οἴδα
440 1574 467 1600 δὲ
477 1593 487 1607 ,
519 1574 544 1601 εί
575 1573 613 1609 μὴ
638 1573 684 1600 καὶ
700 1575 758 1605 ταῖς
770 1573 896 1608 ἀνωτέρω

116 1621 162 1646 καὶ
179 1621 287 1655 νοερατς
299 1619 424 1654 φύσεσινθ
441 1620 480 1653 αἶ,
494 1618 539 1646 διὰ
557 1618 587 1645 τδ
601 1619 713 1654 πλησίον
730 1616 799 1645 εἶναι
816 1617 894 1651 Θεοῦ,

115 1665 162 1691 καὶ
174 1666 229 1700 ὅλῳ
240 1665 279 1700 τῷ
296 1665 364 1699 φωτὶ
379 1664 612 1700 καταλάμπεσθαι,
626 1665 706 1700 τυχὸν
719 1664 752 1692 ἂν
766 1664 812 1690 καὶ
827 1671 894 1699 τρα-

114 1711 212 1742 νοῖντο,
245 1710 270 1736 ει
296 1710 342 1736 καὶ
371 1710 408 1745 μὴ
438 1709 535 1744 πάντη,
558 1709 615 1736 ἀλλ’
642 1709 720 1744 ἡμῶν
742 1717 774 1743 γε
796 1708 892 1735 τελεώ-

114 1755 192 1789 τερόν
204 1763 234 1780 τε
250 1754 297 1780 καὶ
309 1755 503 1790 ἑκτυπώτερον,
519 1755 565 1782 καὶ
581 1755 667 1781 ἄλλων
681 1755 756 1782 ἄλλαι
773 1755 861 1781 πλεῖον
877 1754 892 1789 ἢ

954 1572 1076 1605 surdum,
1094 1572 1217 1606 tardique
1229 1576 1257 1598 et
1267 1571 1363 1606 stupidi
1379 1571 1489 1605 ingenii.
1506 1571 1539 1597 At
1556 1577 1610 1597 rem
1624 1574 1725 1597 tantam

954 1617 1044 1644 animo
1060 1616 1295 1650 comprehendere,
1311 1617 1421 1642 omnino
1437 1614 1597 1649 impossibile
1610 1618 1660 1647 est,
1676 1621 1728 1640 non

954 1661 1033 1688 modo
1049 1661 1152 1696 ignavis
1167 1665 1194 1688 et
1218 1661 1363 1695 languidis,
1395 1661 1572 1694 deorsumque
1595 1659 1729 1693 vergenti-

953 1707 1015 1738 bus,
1043 1707 1091 1734 sed
1115 1707 1219 1741 magnis
1248 1707 1328 1733 etiam
1354 1710 1380 1733 et
1407 1705 1519 1732 excelsis
1541 1705 1604 1732 viris
1630 1704 1730 1737 Deique
1773 1725 1775 1727 .

954 1759 1046 1779 amore
1070 1752 1201 1786 praeditis,
1229 1759 1261 1778 ac
1284 1751 1442 1778 mortalibus
1457 1756 1579 1785 peraeque
1593 1750 1729 1780 omnibus,

955 1797 1050 1830 quibus
1063 1796 1096 1824 ad
1112 1797 1166 1824 veri
1190 1795 1369 1829 cognitiOnem
1397 1795 1482 1827 caligo
1506 1795 1562 1821 hth
1584 1797 1610 1820 et
1637 1793 1731 1820 carnis

114 1798 235 1830 ἔλαττον,
250 1799 319 1825 κατὰ
330 1799 377 1830 τὴν
390 1797 533 1832 ἀναλογίαν
550 1800 599 1833 τῆς
609 1799 719 1831 τάξεως.

120 1841 260 1867 crassitie:
276 1842 398 1868 tenebras
411 1841 534 1869 oﬂ'undit.
561 1843 648 1875 Atque
670 1841 740 1868 haud
760 1840 817 1868 scio
860 1847 893 1868 an
912 1840 962 1867 hoc
977 1847 1085 1874 quoque
1100 1839 1301 1867 sublimioribus
1330 1838 1381 1866 illis
1409 1843 1436 1865 et
1449 1838 1657 1872 intelligentibus
1674 1845 1725 1864 na-

121 1885 199 1918 turis,
217 1889 340 1919 negatum
369 1893 422 1913 non
447 1886 499 1918 sit;
525 1893 583 1921 quae
612 1885 674 1920 quia
699 1886 753 1913 Deo
771 1885 879 1920 propius
906 1884 1005 1920 junctte
1028 1889 1100 1918 sunt,
1132 1892 1164 1912 ac
1178 1889 1233 1912 toto
1257 1883 1302 1912 illo
1325 1883 1464 1918 splendore
1489 1883 1631 1914 collucent,
1661 1890 1722 1910 cer-

122 1936 187 1956 nere
215 1930 308 1963 utique
328 1929 442 1958 fortasse
468 1935 582 1965 queant,
610 1931 632 1957 si
647 1937 700 1958 non
716 1937 827 1965 prorsus
838 1949 846 1963 ,
872 1937 902 1967 ac
920 1935 993 1957 certe
1008 1930 1112 1964 plenius
1128 1936 1207 1964 quant
1223 1935 1271 1956 nos
1299 1933 1323 1955 et
1351 1928 1471 1960 solidius,
1489 1932 1568 1962 atque
1581 1927 1640 1954 alia“:
1651 1927 1730 1960 aliis,_

120 1981 170 2008 pro
182 1975 314 2010 cujusque
330 1976 435 2008 ordine,
449 1977 490 2004 vel
503 1977 623 2009 uberius,
634 1977 675 2004 vel
693 1977 811 2010 parcius.

209 2017 295 2044 Τοῦτο
304 2012 411 2053 μὲνόὖν
423 2018 538 2045 ἐνταῦθα
550 2018 649 2044 κείσθω
656 2025 663 2032 ·
677 2017 708 2044 τὸ
716 2017 744 2044 δὲ
754 2017 895 2052 ἡμέτερον,

1033 2024 1085 2051 Sed
1099 2023 1132 2051 de
1144 2023 1195 2050 hac
1208 2030 1236 2051 re
1251 2023 1293 2050 hic
1305 2023 1339 2050 sit
1353 2022 1422 2049 ίίιιίιι.
1440 2020 1514 2054 Quod
1525 2024 1615 2047 autem
1629 2017 1660 2044 ad
1675 2024 1729 2044 nos

119 2063 170 2098 οὐχ
197 2062 216 2097 ή
234 2062 330 2098 εἰρήνη
343 2062 390 2089 τοῦ
402 2062 468 2089 Θεοῦ
494 2062 572 2098 μόνον
588 2061 714 2097 ὑπερέχει
736 2062 823 2088 πάντα
837 2061 895 2089 νοῦν

950 2069 1055 2102 attinet,
1072 2075 1124 2095 non
1140 2075 1189 2102 pax
1205 2067 1387 2095 tantummodo
1403 2067 1448 2094 Dei
1465 2068 1607 2099 exsuperat
1617 2069 1723 2090 omnem

119 2107 168 2134 καὶ
184 2107 346 2142 κατάληψιν,
362 2107 422 2134 οὐδὲ
435 2108 485 2134 ὅσα.
500 2108 554 2139 τοῖς
566 2107 678 2139 δικαίοις
690 2107 761 2134 ἐστὶν
771 2108 799 2134 ὲν
814 2108 899 2141 ἑπαγ-

119 2153 225 2187 γελίαις
238 2153 415 2188 ἀποκείμενα,
430 2153 465 2179 τὰ
478 2153 545 2188 μήτε
560 2153 708 2188 ὀφθαλμοῖς
799 2152 898 2188 ὁρατὰ,

120 2199 191 2234 μήτε
205 2197 273 2224 ὠσὶν
287 2197 415 2229 ἀκουστὰ,
433 2199 498 2233 μήτε
508 2198 610 2234 διανοίᾳ
623 2197 757 2234 θεωρητὰ,
769 2198 838 2224 κατὰ.
856 2207 899 2233 μι-

119 2242 186 2277 κρὸν
201 2241 279 2276 γοῦν,
293 2241 353 2268 οὐδὲ
373 2242 389 2276 ὴ
406 2242 454 2276 τῆς
471 2241 586 2273 κτίσεως
606 2242 722 2277 ἀκριϐὴς
737 2241 899 2277 κατανόησις

119 2286 180 2319 (καὶ
198 2285 253 2321 γὰρ
276 2285 323 2311 καὶ
335 2285 434 2320 ταύτης
449 2285 572 2320 πείσθητι
592 2285 641 2316 τὰς
661 2285 738 2317 σκιὰς
758 2285 830 2321 ἔχειν
849 2286 899 2321 μό-

117 2339 175 2363 νον,
189 2331 253 2357 om
271 2330 402 2366 ἀκούσῃς’
422 2331 550 2365 Ὀψομαι
567 2330 637 2362 τοὺς
657 2330 812 2364 οὐρανοὺς,
827 2331 899 2365 ἔργα

118 2376 179 2403 τῶν
202 2375 358 2402 δακτύλων
378 2382 447 2407 σου,
467 2375 602 2410 σελήνην
621 2375 670 2401 καὶ
686 2375 825 2409 ἀστέρας,
851 2375 899 2402 καὶ

117 2420 165 2446 τὸν
177 2421 208 2446 ἑν
223 2420 314 2451 αὐτοῖς
327 2420 423 2454 πάγιον
437 2420 527 2454 λόγον’
542 2420 579 2452 ὡς
595 2420 654 2455 οὐχὶ
674 2419 720 2446 νῦν
733 2419 813 2456 ὁρῶν,
829 2419 899 2454 ὀψό-

120 2473 201 2499 μενος
214 2464 244 2491 δὲ
257 2464 329 2490 ἔστιν
343 2464 410 2498 ὄτε)’
424 2463 491 2490 ἀλλὰ
513 2463 579 2490 πολὺ
598 2463 650 2498 πρὸ
667 2462 779 2493 τούτων,
799 2463 815 2497 ἡ
829 2462 899 2498 ὑπὲρ

121 2510 215 2543 ταῦτα,
229 2509 277 2536 καὶ
290 2509 320 2542 ἐξ
331 2507 365 2545 ἧς
377 2510 472 2543 ταῦτα,
489 2509 567 2544 φύσις
586 2509 704 2544 ἄληπτός
725 2517 751 2535 τι
771 2508 815 2536 καὶ
829 2509 898 2535 άπε-

120 2555 248 2590 ρίληπτος
256 2562 263 2568 ·
277 2553 349 2588 λέγω
363 2554 401 2589 δὲ,
411 2555 460 2590 οὐχ
470 2556 510 2582 ὅτι
521 2554 603 2587 ἐστιν,
616 2554 672 2581 ἀλλ’
685 2554 702 2589 ἦ
712 2554 754 2586 τίς
766 2555 847 2581 ἐστιν.
859 2555 897 2581 Oti

122 2599 175 2634 τὰρ
191 2598 270 2626 κενὸν
320 2599 353 2627 τὸ
394 2600 523 2635 κήρυγμα
538 2599 625 2635 ήμῶν,
636 2599 695 2626 οὐδὲ
707 2599 807 2634 ματαία
821 2600 838 2634 ὴ
853 2600 897 2626 πί-

120 2654 179 2677 στις
189 2645 278 2681 ἡμῶν,
296 2645 357 2671 οὐδὲ
370 2644 447 2672 τοῦτό
459 2646 531 2672 ἐστιν
546 2645 560 2671 ὃ
571 2644 764 2680 δογματίζομεν
780 2644 828 2680 (μὴ
846 2646 898 2672 πά-

121 2695 161 2717 λιν
173 2691 224 2726 τὴν
241 2690 448 2726 εὐγνωμοσύνην
462 2690 538 2726 ἡμῶν
550 2689 641 2721 ἁϐείας
654 2689 739 2726 λάϐῃς
757 2690 842 2725 ἀρχὴν
852 2691 900 2718 καὶ

125 2736 314 2770 πυκοφαντίας,
331 2736 377 2763 καὶ
390 2735 563 2770 ητεπαροῇς
615 2734 651 2767 ὡς
700 2735 899 2766 ὁμολογούντων

162 2787 281 2822 ’Phtlip.
299 2796 337 2821 tv,
353 2788 379 2816 7.
416 2790 427 2805 ²
447 2789 532 2816 lCor.
556 2797 586 2822 ιι,
602 2790 629 2817 9.
670 2789 680 2805 ³
696 2788 742 2816 Ps.
771 2789 866 2822 vut,4.

950 2118 1066 2142 mentem
1080 2116 1106 2140 et
1123 2112 1299 2147 cognitionem
1318 2115 1342 2145 ι,
1355 2118 1404 2139 nec
1431 2115 1595 2145 quaecunque
1612 2108 1644 2134 iis
1658 2127 1665 2139 ,
1678 2107 1724 2140 qui

949 2156 1077 2192 justitiam
1094 2156 1235 2188 coluerint.
1276 2156 1304 2184 in
1347 2153 1448 2183 divinis
1487 2151 1729 2188 pollicitationibus

952 2201 1088 2229 recoudita
1106 2206 1178 2234 sunt,
1190 2208 1250 2236 quae
1267 2208 1317 2228 nec
1329 2200 1413 2228 oculis
1429 2200 1521 2231 cerni,
1547 2206 1596 2226 nec
1617 2197 1727 2225 auribus

951 2245 1048 2279 excipi,
1059 2251 1108 2272 nec
1121 2245 1209 2272 animo
1223 2244 1332 2279 cogitari
1346 2252 1378 2271 ac
1390 2243 1503 2279 perspici
1522 2243 1545 2275 ³,
1557 2243 1606 2270 nisi
1624 2242 1725 2269 tenuis-

952 2291 1031 2322 sime,
1045 2293 1173 2323 possunt,
1198 2296 1247 2316 nec
1259 2294 1354 2316 exacta
1367 2293 1394 2316 et
1409 2288 1529 2316 absoluta
1545 2295 1633 2315 rerum
1651 2294 1727 2314 crea-

954 2337 1040 2360 tarum
1060 2333 1178 2367 cognitio
1199 2333 1276 2368 (nam
1297 2333 1392 2360 harum
1407 2339 1512 2368 quoque
1528 2337 1553 2360 te
1572 2332 1642 2359 solas
1666 2338 1731 2358 um-

953 2380 1016 2407 bras
1027 2383 1118 2407 tenere
1133 2378 1203 2406 haud
1218 2378 1335 2409 dubites,
1350 2385 1409 2405 eum
1430 2377 1593 2412 Scripturam
1611 2376 1644 2403 ad
1657 2375 1729 2402 hune

953 2425 1061 2452 modum
1074 2424 1223 2459 loquentem
1238 2424 1353 2451 audieris
1367 2432 1374 2451 :
1393 2422 1488 2450 Videbo
1499 2421 1585 2455 oculos,
1598 2429 1676 2456 opera
1685 2421 1732 2447 di-

954 2470 1064 2504 gitorum
1080 2473 1194 2502 tuorum,
1209 2469 1297 2496 lunam
1322 2474 1346 2496 et
1371 2468 1457 2496 stella;
1477 2466 1503 2500 ⁸,
1521 2475 1643 2501 eamque,
1670 2473 1733 2500 quae

955 2514 1019 2549 ipsis
1034 2515 1120 2547 inest,
1136 2513 1240 2541 ﬁrmam
1261 2518 1288 2540 et
1301 2513 1423 2541 stabilem
1447 2513 1574 2540 rationem
1589 2531 1596 2544 ,
1620 2511 1730 2547 perinde

956 2558 1058 2586 scilicet
1072 2561 1151 2592 atque
1166 2557 1192 2584 in
1206 2557 1257 2585 hac
1268 2558 1322 2584 vita
1336 2564 1366 2584 ea
1383 2556 1490 2584 minime
1504 2556 1605 2588 videns,
1620 2555 1667 2582 sed
1678 2554 1730 2581 ali-

956 2602 1062 2636 quando
1089 2601 1297 2636 perspecturus)
1317 2610 1324 2628 :
1345 2602 1391 2628 sed
1408 2601 1490 2628 multo
1518 2601 1604 2635 magis
1634 2603 1730 2626 natura

957 2645 1001 2674 illa
1016 2646 1058 2673 bis
1070 2645 1209 2673 sublimior
1222 2665 1229 2678 ,
1249 2651 1276 2674 et
1293 2653 1325 2673 ex
1346 2653 1397 2681 qua
1413 2645 1469 2672 haec
1492 2645 1621 2679 originem
1641 2649 1731 2671 traxe-

958 2695 1030 2723 runt,
1046 2695 1153 2725 captum
1167 2698 1272 2718 omnem
1290 2695 1317 2718 et
1333 2690 1595 2725 comprehensionem
1611 2691 1729 2723 superat.

958 2736 1012 2764 Nec
1022 2743 1085 2764 vero
1098 2737 1156 2765 haec
1171 2735 1250 2764 verba
1271 2736 1308 2764 ita
1325 2736 1408 2771 accipi
1426 2736 1515 2768 velint,
1539 2735 1614 2766 quasi
1632 2732 1733 2768 percipi
