1893 3081
160 153 213 186 I59

757 151 914 180 EUTHYM
919 150 948 180 ΙΙ
977 150 1156 181 ZIGABENI

1705 148 1756 180 160

159 215 212 235 nun
228 214 304 241 posse
313 206 410 239 dicam,
426 206 495 241 quod
511 205 543 232 sit
563 205 643 237 Deus,
660 206 706 232 sed
721 206 782 240 quid
802 211 828 233 et
854 207 930 241 quale

984 209 1033 242 τὴν
1049 208 1184 242 sum).
1197 207 1325 233 Πλεῖστον
1337 205 1390 240 γὰρ
1404 203 1528 238 διαφέρει
1537 203 1584 230 τοῦ
1600 200 1668 230 εἶναι
1678 213 1758 230 τιπε-

154 252 201 279 sit.
219 251 310 284 Neque
325 250 396 277 enim
419 251 507 277 inanis
521 255 561 277 est
578 250 731 284 prmdicatio
744 256 847 282 nostra,
881 258 930 278 nec.

983 251 1104 285 πέἰτοαι,
1119 254 1149 280 τὸ
1166 254 1191 280 τί
1205 254 1270 279 ποτὲ
1287 253 1344 278 ἐστι
1359 251 1439 276 τοῦτο
1450 251 1564 277 εἰδέναι.

154 303 221 322 vana
237 295 302 321 ﬁdes
333 300 423 324 nostra
442 294 534 327 ';nec
550 294 574 320 id
603 299 654 324 est,
682 294 754 328 quod
785 294 933 322 astruimus
947 295 992 331 (ne
1007 305 1100 325 rursus
1122 298 1148 324 id
1174 297 1244 332 quod
1275 297 1358 332 probe
1380 296 1547 329 (‘andideque
1578 295 1716 325 dixinins,
1732 296 1761 320 in

156 342 300 374 impietatis
315 347 342 368 et
353 339 495 367 calumnia:
507 345 693 374 argumentum
709 340 811 371 trahas,
841 347 873 366 ac
899 342 986 373 nobis,
1003 348 1032 369 ut
1061 343 1239 377 ignorantiam
1270 343 1640 375 conﬁtentibus,arrogmter
1673 341 1758 368 insul-

157 389 218 422 tes).
245 387 392 413 Plurimum
420 393 536 420 namque
565 387 686 418 interest,
717 393 791 414 certo
807 387 854 414 tibi
879 389 1038 421 persuadeas
1056 390 1157 424 aliquid
1184 398 1254 423 esse,
1270 398 1316 422 an,
1328 390 1392 425 quid
1413 388 1594 416 tandemillud
1620 389 1664 415 sit.
1689 395 1747 414 cum

156 440 261 469 pertum
277 435 386 462 habeas.

329 491 451 524 Ejusdem
467 498 498 518 α
522 491 611 517 eadem
629 489 758 516 oratione.

191 537 290 572 Ecquis
305 538 377 565 enim
395 545 427 564 eo
444 537 584 571 sapientiae
604 537 750 571 pervenit?
769 537 863 571 ecquis
881 545 932 564 un-

156 591 235 617 quam
247 589 347 610 tantam
365 584 476 618 gratiam
491 583 622 610 divinitus
633 587 793 611 consecutus
815 584 875 610 est?
884 579 931 611 ec-

156 628 216 661 quis
229 635 258 654 os
271 627 368 654 mentis
383 628 419 654 ita
438 627 552 661 aperuit,
567 634 599 654 ac
608 627 737 661 Spiritum
752 627 888 660 attraxit',
905 632 936 655 ut

159 673 274 705 Spiritus
286 673 374 700 omnia
390 673 600 708 perscrutantis.
618 677 699 707 atque
712 673 792 699 etiam
808 673 854 700 Dei
868 681 932 708 pro-

159 717 239 744 funda
260 718 447 752 cognoscentis
461 718 472 733 ³
501 724 553 751 ope
578 721 660 751 atque
690 717 858 752 adiumento,
880 718 928 746 Dei

159 766 281 788 naturam
297 762 545 797 comprehenderit,
573 769 625 790 nec
643 762 698 796 jam
722 762 838 790 ulterius
863 771 928 798 pro-

160 808 233 843 gredi
254 816 365 835 necesse
381 808 488 840 habeat,
513 813 606 843 utpote
621 809 667 843 qui
688 814 840 836 extremum
867 809 934 837 illud

159 853 337 887 appetendum
352 853 408 887 jam
422 852 530 885 habeat,
546 853 578 880 ad
591 853 661 888 quod
675 853 764 880 omnis
777 853 934 881 sublimium

160 898 279 923 virorum
295 901 321 923 et
338 897 390 924 vita
407 901 436 924 et
448 897 577 932 cogitatio
591 897 730 925 contendit
745 896 756 924 ἲ

265 939 333 972 Quid
353 939 424 966 enitn
446 939 552 965 tandem
577 937 659 964 Deum
683 943 745 964 esse
759 935 892 968 censebis,
917 935 940 962 si

163 984 329 1019 argumentis
343 991 357 1011 a
377 983 482 1011 ratione
497 983 586 1018 petitis
600 982 678 1010 ﬁdem
700 982 809 1009 omnino
831 981 914 1008 babes
929 981 940 1007 ?

160 1032 213 1058 Aut
229 1038 283 1065 quo
300 1029 406 1057 tandem
424 1033 449 1056 te
465 1028 596 1056 subvehat
607 1028 665 1055 haec
679 1027 824 1061 disputatio
834 1046 842 1059 ,
857 1027 878 1054 si
892 1033 939 1054 ac-

159 1077 280 1104 curatius
297 1075 486 1102 examinetur?
501 1073 549 1108 Tc,
563 1074 682 1108 inquam,
693 1072 811 1108 appello,
822 1072 867 1107 qui
880 1072 940 1107 phi-

157 1121 285 1156 losophiae
312 1128 343 1147 ac
370 1119 510 1154 theologia:
538 1119 715 1154 principatum
739 1117 787 1145 tibi
807 1117 938 1150 vindicas,

157 1171 238 1201 atque
254 1167 279 1192 in
299 1166 458 1193 immensum
479 1164 613 1199 gloriaris.
635 1163 676 1191 An
692 1170 790 1197 corpus
802 1170 863 1190 eum
878 1169 938 1190 esse

157 1212 249 1240 dices?
262 1211 383 1244 Quonam
396 1217 461 1245 ergo
473 1210 552 1237 modo
565 1209 723 1242 immensus,
749 1207 881 1242 inﬁnitus,
903 1207 936 1235 ﬁ-

156 1265 230 1292 gura:
247 1264 345 1291 expers
358 1260 408 1288 est,
425 1262 457 1282 ac
472 1254 588 1289 denique
598 1253 740 1289 ejusmodi,
753 1258 782 1281 ut
793 1260 842 1281 nec
853 1252 936 1287 tangi,

158 1310 206 1329 nec
220 1302 305 1329 oculis
319 1301 392 1328 cerni
410 1300 511 1336 queat?
524 1299 564 1327 An
581 1300 638 1327 haec
654 1306 759 1334 quoque
781 1298 808 1326 in
824 1305 936 1333 corpora

156 1347 307 1374 caduntto
319 1346 474 1373 licentiaml
488 1345 544 1372 Non
557 1345 628 1372 enim
653 1344 709 1372 haec
729 1350 870 1378 corporum
888 1351 936 1370 na-

158 1397 215 1418 tura
232 1395 284 1418 est.
298 1391 338 1418 An
353 1398 451 1425 corpus
461 1389 569 1425 quidem
579 1396 639 1417 esse
651 1393 762 1421 statues,
774 1388 934 1416 immensum

158 1444 232 1469 Vero,
254 1441 335 1470 atque
347 1436 492 1468 inﬁnitum,
507 1440 656 1469 ceteraque
666 1434 745 1469 huius
757 1434 863 1468 generis
875 1440 935 1461 esse

1201 491 1246 517 Ἐκ
1260 490 1314 518 τοῦ
1331 490 1423 517 αὑτοῦ
1445 492 1552 523 Λόγου.

1020 537 1065 568 Τίς
1080 537 1164 568 οὕτως
1177 538 1216 568 εἰς
1231 538 1344 572 ἔσχατον
1358 537 1453 570 σοφίας
1466 535 1658 570 ἀφίκετοςμτίς
1671 534 1751 561 τοσού

982 592 1030 610 του
1047 583 1216 618 χαρίσματος
1235 583 1338 618 ἠξιώθη
1356 584 1420 610 ποτέ
1434 591 1441 614 ;
1453 583 1494 614 τίς
1520 582 1590 609 οὕτω
1613 583 1643 607 τὸ
1678 581 1763 615 στόμα

986 629 1036 664 τῆς
1050 629 1167 659 διανοίας
1181 628 1296 663 atque;
1307 649 1314 662 ,
1326 630 1372 654 καὶ
1391 628 1498 654 εἵλκυσε
1522 627 1632 662 Πνεῦμα
1642 647 1650 659 ,
1666 627 1708 653 ἵνα
1725 626 1764 660 τῷ

985 675 1019 700 τὰ
1037 675 1124 701 πάντα
1141 674 1288 709 ιμυνῶντι
1311 674 1359 701 καὶ
1379 673 1540 707 γινώσκοντι
1554 691 1561 704 ,
1580 673 1627 699 καὶ
1642 673 1675 698 τὰ
1691 672 1761 705 βάθη

983 720 1029 747 τοῦ
1042 720 1120 752 Θεοῦ,
1132 720 1280 754 Πνεύματι,
1297 719 1362 746 Θεὸν
1374 718 1523 753 καταλάϐῃ,
1535 718 1582 744 καὶ
1605 718 1700 752 μηκέτι
1717 718 1765 744 τοῦ

985 766 1080 800 πρόσω
1089 764 1194 800 δέηται,
1203 765 1233 790 τὸ
1245 756 1357 799 ἔσχατον
1366 764 1477 798 ὀρεκτὸν
1484 763 1535 798 ἠδη
1546 763 1624 797 ἔχων,
1639 763 1686 789 καὶ
1699 763 1738 791 εις
1752 762 1765 787 ι

987 811 1061 838 πᾶσα
1079 809 1188 837 σπεύδει
1197 809 1245 836 τοῦ
1260 808 1362 845 ὑψηλοῦ
1377 809 1424 836 καὶ
1443 808 1564 835 πολιτεία
1581 809 1626 835 καὶ
1638 809 1743 834 διάνοια
1757 827 1764 839 ,

1073 934 1106 961 Τί
1118 935 1170 970 γάρ
1186 944 1249 962 ποτε
1265 936 1389 973 smmum
1401 937 1430 963 τὸ
1440 937 1527 967 Θείον.
1561 937 1644 970 εἴπερ
1687 937 1763 966 ὅλαις

981 980 1042 1012 ταῖς
1056 979 1176 1014 λογικαῖς
1191 981 1327 1014 πιστεύεις
1339 983 1443 1017 ἐφόδοις
1460 992 1468 1015 ;
1518 983 1536 1018 ἢ
1569 983 1637 1018 πρὸς
1663 982 1690 1008 τι
1705 990 1735 1008 σε
1750 982 1765 1007 ὁ

982 1024 1059 1058 λόγος
1071 1026 1162 1057 ἀνάξει
1176 1026 1383 1063 βασανιζόμενος
1395 1049 1403 1062 ,
1436 1026 1459 1056 ὦ
1507 1027 1704 1062 φιλοσοφώτατε
1719 1028 1764 1059 σὺ,

983 1071 1030 1097 καὶ
1045 1070 1266 1105 θεολογικώτατε,
1283 1073 1330 1099 καὶ
1350 1072 1508 1107 καυχώμενε
1529 1073 1569 1104 εἰς
1592 1072 1625 1099 τὰ
1640 1073 1762 1107 ips-qm;

982 1116 1099 1153 Πότερον
1115 1117 1210 1153 σῶμα;
1232 1119 1279 1144 καὶ
1295 1118 1352 1150 πῶς
1373 1118 1404 1144 τὺ
1421 1119 1542 1152 ἄπειρον,
1560 1118 1606 1145 καὶ
1627 1118 1763 1153 ἀόριστον,

981 1161 1029 1188 καὶ
1045 1162 1256 1198 ἀσχημάτιστον,
1279 1163 1326 1189 καὶ
1343 1163 1453 1197 ἀναφὲς,
1469 1163 1516 1189 καὶ
1535 1163 1664 1198 “pacm;
1681 1162 1697 1197 ἦ
1715 1162 1766 1188 καὶ

981 1207 1067 1234 ταῦτα
1093 1207 1225 1243 debita-rat;
1245 1209 1276 1234 Ὦ
1291 1209 1341 1243 τῆς
1359 1207 1498 1240 ἐξουσίαςί
1515 1208 1545 1234 οὐ
1562 1208 1616 1242 γὰρ
1631 1208 1698 1241 αὐτὴ
1713 1207 1764 1241 φύ-

982 1261 1024 1284 σις
1037 1253 1179 1288 σωμάτων.
1196 1254 1231 1280 Ἦ
1251 1253 1331 1289 σῶμα
1349 1255 1408 1289 μὲν,
1428 1253 1488 1288 οὐχὶ
1507 1253 1591 1279 ταῦτα
1605 1253 1650 1283 δέ;
1665 1253 1696 1278 Ὠ
1711 1251 1764 1286 τῆς

980 1298 1133 1333 παχύτητος
1145 1298 1153 1325 ι
1206 1298 1250 1325 ῐνα
1295 1299 1376 1334 μηδὲν
1390 1298 1469 1325 πλέον
1481 1298 1558 1332 ἡμῶν
1569 1298 1617 1333 ἔχῃ
1634 1297 1664 1324 τὸ
1673 1298 1762 1324 Θείον.

981 1342 1044 1374 Πῶς
1055 1342 1109 1378 γὰρ
1123 1343 1218 1370 σεπτὸν
1234 1361 1242 1375 ,
1288 1343 1313 1370 ει
1347 1345 1547 1380 περιγραπτόν;
1564 1344 1580 1378 ἢ
1596 1343 1651 1374 πῶς
1667 1344 1764 1378 φεύξε-

980 1395 1025 1414 ται
1047 1387 1078 1413 τὸ
1096 1388 1128 1414 ὲκ
1143 1388 1281 1423 στοιχείων
1298 1389 1466 1423 συγκεῖσθαι,
1482 1389 1529 1415 καὶ
1545 1390 1584 1420 εἰς
1596 1389 1665 1415 αὐτὸ.
1683 1388 1765 1415 πάλιν

980 1431 1152 1465 ἀναλύεσθαι,
1167 1433 1183 1468 ἢ
1201 1433 1247 1459 καὶ
1265 1433 1334 1466 ὅλως
1344 1434 1471 1467 Mediol;
1487 1434 1614 1464 Σύνθεσις
1630 1433 1698 1468 γὰρ,
1713 1434 1766 1468 αρν

156 1482 287 1517 ncgabis?
305 1481 327 1509 0
339 1481 489 1508 crassitiem
501 1481 507 1507 !
522 1484 550 1507 ut
564 1479 636 1507 nulla
650 1486 679 1506 re
693 1480 762 1506 Deus
776 1479 852 1506 nobis
867 1486 930 1513 prte-

980 1477 1015 1512 χὴ
1032 1478 1121 1513 μάχης
1132 1487 1138 1493 ·
1158 1478 1231 1514 μάχη
1247 1478 1286 1512 δὲ,
1300 1479 1464 1511 διαστάσεως
1474 1488 1480 1493 ·
1499 1480 1516 1514 ὴ
1530 1479 1568 1511 δὲ,
1580 1478 1681 1509 λύσεως
1691 1485 1697 1491 ’
1713 1478 1763 1504 λύ-

154 1533 216 1554 stet.
227 1527 296 1560 Quid
307 1527 378 1553 enim
393 1525 483 1553 aﬂ'erri
494 1530 592 1560 potest.
605 1532 652 1552 cur
663 1524 768 1552 colatur
778 1529 858 1559 atque
871 1524 935 1551 ado-

155 1577 238 1603 retur,
256 1571 278 1598 si
295 1571 516 1604 circumscriptus
539 1570 598 1597 est?
614 1569 667 1596 Aut
690 1569 754 1604 quid
770 1576 857 1597 causa:
873 1576 934 1597 esse

153 1619 284 1649 dicemus,
301 1617 364 1651 quin
377 1624 408 1643 ex
423 1616 564 1644 elementis
586 1614 716 1643 conﬂatus
733 1615 777 1648 sit,
801 1619 882 1650 atque
905 1615 931 1643 in

152 1663 245 1690 eadem
263 1662 352 1689 denuo
377 1662 513 1696 redigatur
526 1679 534 1693 ,
561 1664 606 1688 aut
621 1660 702 1687 etiam
722 1667 832 1694 prorsus
846 1660 930 1688 inter-

154 1706 218 1732 eat!
236 1705 402 1738 Compositio
427 1705 526 1739 quippe
543 1711 637 1739 pugna:
655 1703 760 1731 initium
777 1708 828 1736 est,
843 1711 930 1738 pugna

150 1755 239 1777 autem
255 1749 369 1782 dissidii,
384 1749 524 1777 dissidium
549 1748 707 1776 solutionis:
724 1748 820 1776 solutio
848 1755 928 1783 porro

981 1530 1023 1553 σις
1042 1522 1070 1548 δὲ
1087 1523 1224 1559 ἀλλότριον
1250 1523 1337 1559 πάντη
1360 1523 1437 1555 Θεοῦ,
1457 1524 1504 1550 καὶ
1521 1523 1570 1558 τῆς
1584 1522 1694 1558 πρώτης
1709 1522 1763 1556 φύ-

981 1575 1060 1599 σεως.
1080 1567 1182 1595 Οὔκουν
1205 1568 1354 1600 διάστασις,
1381 1569 1425 1595 ἵνα
1447 1568 1484 1604 μὴ
1496 1568 1585 1599 λύσις·
1603 1568 1662 1594 οὐδὲ
1676 1568 1765 1603 μάχη,

981 1613 1024 1639 ῐνα
1039 1613 1075 1648 μὴ
1090 1613 1243 1645 διάστασις·
1264 1614 1324 1640 οὐδὲ
1338 1614 1470 1646 σύνθεσις,
1489 1614 1531 1640 ἵνα
1549 1613 1586 1649 μὴ
1608 1613 1680 1648 μάχη
1693 1621 1699 1626 ·
1718 1613 1765 1639 διὰ

979 1658 1058 1684 τοῦτο
1084 1659 1148 1685 οὐδὲν
1169 1659 1259 1693 σῶμα,
1286 1659 1329 1685 ἴνα
1354 1659 1390 1695 μὴ
1417 1658 1550 1690 σύνθεσις.
1569 1659 1617 1684 Ἐκ
1641 1658 1694 1684 τῶν
1716 1666 1764 1684 τε-

980 1703 1110 1731 λευταίων
1126 1704 1172 1730 ἐπὶ
1186 1704 1221 1731 τὰ
1237 1704 1332 1740 πρῶτα
1349 1705 1363 1730 6
1379 1703 1456 1738 λόγος
1476 1703 1568 1738 ἀνιὼν,
1584 1703 1670 1735 οὕτως
1687 1703 1766 1731 ἵστα-

980 1757 1035 1776 ται.

153 1792 224 1819 nullo
236 1792 314 1820 modo
324 1793 350 1820 in
361 1793 442 1820 Deum
454 1801 486 1820 ac
499 1794 611 1829 primam
622 1794 692 1821 illam
704 1798 824 1822 naturam
839 1795 920 1822 cadit.
936 1794 1065 1828 Quocirca
1076 1795 1177 1822 nullum
1191 1795 1330 1823 dissidium
1346 1794 1539 1822 admittendum
1554 1798 1605 1826 est,
1619 1802 1652 1822 ne
1664 1793 1765 1821 solutio

151 1844 331 1874 consequatur
351 1849 358 1866 :
373 1847 421 1867 nec
437 1848 536 1875 pugna,
551 1848 585 1868 ne
597 1841 735 1868 dissidium
747 1841 851 1869 oriatur
866 1851 874 1869 :
892 1850 942 1870 nec
965 1843 1135 1876 compositio,
1149 1850 1184 1870 ne
1197 1850 1283 1878 pugna
1295 1843 1417 1871 exsistat.
1433 1845 1472 1870 Ac
1496 1842 1606 1876 proinde
1617 1849 1650 1868 ne
1665 1848 1766 1874 corpus

151 1886 257 1919 quidem
265 1891 316 1918 est,
327 1893 359 1912 ne
370 1886 467 1921 alioqui
476 1887 650 1920 compositum
660 1887 767 1922 quidem
776 1895 836 1916 eum
845 1895 955 1916 necesse
966 1890 1010 1917 sit.
1021 1889 1066 1916 Sic
1074 1891 1107 1917 ab
1116 1889 1244 1917 extremis
1251 1889 1283 1916 ad
1298 1889 1382 1923 prima
1398 1895 1539 1916 recurrens
1551 1887 1638 1914 oratio
1648 1887 1758 1913 insistit.

271 1935 328 1962 Jam
345 1942 409 1962 vero
435 1933 566 1968 quomodo
592 1933 655 1960 illud
681 1934 748 1960 tueri
770 1933 927 1967 poterimus,

148 1982 218 2014 quod
235 1981 273 2007 ait
298 1980 434 2015 Scriptura
446 1999 454 2011 ,
474 1980 556 2007 Deum
582 1979 669 2006 omnia
687 1980 832 2013 pervadere
849 1984 928 2013 atque

150 2026 278 2060 implere,
292 2026 367 2059 juxta
388 2025 451 2052 illud
465 2033 472 2051 :
489 2023 583 2051 Nonne
597 2024 688 2050 mlum
710 2029 735 2050 et
759 2028 855 2050 terram
880 2031 926 2058 ego

150 2070 264 2103 impleo!
277 2069 340 2095 dicit
367 2068 493 2095 Dominus
519 2067 550 2101 ‘;
566 2072 603 2099 et,
629 2067 743 2101 Spiritus
764 2067 868 2094 Domini
884 2075 926 2094 re-

148 2115 223 2148 plevit
242 2115 329 2141 orbem
351 2119 479 2141 terrarum
499 2113 533 2146 ';
557 2114 578 2142 si
600 2114 668 2141 Deus
693 2113 790 2148 partim
810 2113 925 2140 circum-

980 2114 1029 2150 μὲν
1045 2114 1207 2150 περιγράφοι
1219 2132 1227 2145 ,

147 2159 257 2192 scribat,
281 2159 378 2194 partim
393 2159 646 2186 circumscribatur?
658 2158 711 2184 Aut
724 2158 794 2184 enim
814 2164 862 2192 per
879 2164 926 2183 va-

1075 1933 1137 1963 Πῶς
1153 1932 1181 1958 δὲ
1192 1933 1238 1959 καὶ
1254 1933 1404 1968 σωθήσεται
1420 1933 1450 1960 τὸ
1467 1933 1511 1960 διὰ
1524 1933 1632 1960 πάντων
1645 1933 1762 1968 διήκειν,

979 1977 1027 2005 καὶ
1043 1977 1161 2012 πληροῦν
1170 1977 1204 2003 τὰ
1221 1977 1309 2004 πάντα
1322 1977 1398 2010 Θεὸν,
1415 1978 1483 2004 κατὰ
1496 1978 1536 2009 τὸ,
1553 1978 1625 2012 Οὐχὶ
1639 1978 1692 2005 τὸν
1706 1979 1760 2005 οὐ-

977 2023 1071 2057 ρανὸν
1081 2023 1129 2049 καὶ
1138 2022 1194 2056 τὴν
1204 2022 1261 2057 γῆν
1270 2022 1327 2057 ἐγὼ
1342 2022 1461 2056 πληρῶ;
1474 2023 1554 2058 λέγει
1566 2025 1681 2057 Κύριοςι
1699 2024 1759 2056 καὶ,

978 2068 1098 2103 Πνεῦμα
1114 2069 1222 2102 Κυρίου
1232 2068 1408 2102 πεπλήρωκε
1423 2068 1480 2102 τὴν
1491 2069 1678 2103 οἰκουμένην,
1691 2070 1715 2095 εἰ
1728 2069 1761 2095 τὺ

1273 2114 1304 2141 τὸ
1334 2114 1362 2141 δὲ
1408 2115 1618 2150 περιγράφοιτος
1644 2115 1678 2140 Ἣ
1703 2114 1760 2150 γὰρ

977 2158 1023 2186 διὰ
1036 2159 1114 2186 κενοῦ
1129 2159 1247 2194 χωρήσει
1261 2159 1306 2186 τοῦ
1316 2159 1424 2191 παντὸς,
1438 2160 1485 2186 καὶ
1498 2160 1531 2186 τὰ
1549 2160 1637 2186 πάντα
1649 2159 1760 2194 οἰχήσε-

142 2207 219 2226 cnam
235 2200 435 2227 universitatem
451 2200 630 2234 grassalntur,
644 2204 671 2227 et
682 2207 727 2228 res
737 2207 830 2228 omnes
841 2201 918 2229 nobis

980 2210 1013 2228 rat
1027 2203 1102 2238 ἡμῖν,
1118 2202 1152 2228 ἵν’
1166 2201 1280 2237 ὑϐρισθῇ
1295 2201 1372 2234 Θεὸς,
1387 2201 1432 2227 καὶ
1449 2201 1527 2235 σῶμα
1541 2201 1694 2234 γενόμενος,
1711 2201 1761 2227 καὶ

142 2244 277 2278 peribunt,
305 2249 335 2272 ut
361 2244 402 2272 sic
428 2244 498 2272 Deus
513 2244 674 2272 contumelia
692 2243 831 2278 afﬁciatur,
848 2245 912 2273 nimi

143 2297 202 2316 rum
217 2294 245 2316 et
261 2289 306 2324 qui
321 2297 420 2324 corpus
433 2290 477 2322 sit,
493 2290 562 2317 etiis
585 2297 645 2324 quae
654 2291 806 2325 procreavit
815 2296 926 2320 careat:

142 2339 188 2361 aut
203 2342 300 2369 corpus
311 2334 337 2362 in
352 2335 510 2368 corporibus
526 2335 588 2367 erit,
601 2335 627 2362 id
642 2336 713 2369 quod
731 2335 788 2362 ﬁeri
812 2343 864 2363 non
880 2343 928 2370 po-

143 2383 275 2405 testzaut
301 2379 542 2413 implicabitur,et
571 2382 730 2413 opponetur,
754 2379 926 2413 quemadmo-

142 2424 204 2450 dnm
215 2431 257 2456 ea,
271 2431 331 2458 quae
342 2424 494 2458 liquiditate
506 2423 616 2458 praedita
673 2428 738 2451 sunt
750 2442 759 2456 ,
819 2424 889 2452 inter
898 2431 927 2452 se

144 2468 311 2500 miscentur;
331 2473 412 2502 atque
425 2467 479 2494 alia
492 2467 605 2500 secabil,
623 2467 693 2495 etab
706 2467 767 2494 aliis
780 2475 874 2495 rursus
884 2475 926 2496 se-

146 2511 262 2544 ('abitur,
274 2513 345 2546 quod
363 2512 428 2547 ipsis
442 2513 524 2539 etiam
541 2511 649 2546 Epicuri
665 2511 764 2539 atomis
786 2511 927 2540 absurdius

142 2561 170 2582 et
186 2556 284 2583 anilius
297 2561 339 2584 est
353 2565 360 2589 ;
379 2557 472 2591 sicque
486 2556 564 2584 nobis
579 2555 739 2590 collabetur,
757 2563 807 2584 nec
817 2564 925 2592 corpus,

142 2608 192 2628 nec
207 2601 284 2628 solidi
308 2602 453 2636 quidquam
479 2601 590 2629 babebit
612 2602 670 2630 lucc
691 2602 847 2637 disputatio,
874 2610 926 2637 qua

141 2652 241 2680 corpus
283 2647 338 2673 Deo
384 2647 503 2674 tribuere
534 2654 674 2674 conamur.
704 2647 780 2680 Quod
811 2647 833 2674 si
863 2654 924 2674 eum

142 2697 240 2723 corpus
255 2691 374 2718 materiae
389 2698 486 2726 expers
514 2698 575 2719 esse
597 2692 794 2724 contenderim,
818 2691 840 2719 si
867 2692 927 2726 qui-

142 2735 202 2761 dem
221 2735 345 2769 quintum
370 2735 446 2769 illud,
474 2740 504 2764 ut
530 2736 651 2764 nonnulli
668 2741 887 2770 censuerunt,et
899 2737 925 2764 in

977 2246 1028 2272 οὐκ
1043 2246 1109 2281 ἔχων
1127 2246 1177 2272 ὅσα
1190 2247 1352 2281 πεποίηκεν·
1368 2246 1384 2281 ἢ
1404 2245 1482 2280 σῶμα
1501 2246 1529 2271 ἐν
1546 2244 1653 2280 σώμασι
1669 2245 1759 2277 ἔσται,

976 2291 1043 2326 ὅπερ
1063 2290 1208 2317 ἀδύνατον·
1225 2291 1242 2326 ἢ
1259 2291 1425 2325 πλακήσεται
1445 2290 1492 2317 καὶ
1511 2290 1760 2325 άντιπαρατεθήσε-

976 2344 1030 2369 ται,
1048 2335 1142 2371 ὥσπερ
1197 2336 1248 2364 ὃσα
1281 2335 1336 2362 τῶν
1381 2335 1470 2370 ὑγρῶν
1495 2335 1636 2370 μίγνυται·
1657 2336 1704 2361 καὶ
1726 2335 1759 2362 τδ

978 2381 1026 2416 μὲν
1040 2381 1145 2416 τέμνει,
1157 2380 1209 2408 ὑπὸ
1219 2381 1247 2407 δὲ
1264 2380 1310 2407 τοῦ
1327 2380 1504 2417 τμηθήσεται,
1518 2380 1532 2407 ὃ
1549 2381 1595 2407 καὶ
1610 2381 1662 2407 τῶν
1683 2381 1760 2407 Ἐπι-

975 2426 1106 2462 κουρείων
1129 2427 1238 2462 ἀτόμων
1265 2426 1436 2461 άτοπώτερόν
1460 2434 1490 2452 τε
1515 2426 1561 2452 καὶ
1589 2426 1759 2461 γραωδὲστε-

976 2480 1022 2507 ρον
1038 2480 1048 2489 ⁸
1090 2472 1138 2499 καὶ
1178 2471 1247 2499 οὕτω
1261 2471 1428 2498 διαπεσεῖται
1448 2471 1523 2506 ἡμῖν,
1540 2471 1587 2497 καὶ
1609 2471 1687 2506 σῶμα
1708 2471 1759 2506 οὐχ

974 2517 1040 2551 ἕξει,
1050 2514 1113 2544 οὐδὲ
1123 2516 1203 2552 πῆξίν
1219 2526 1279 2544 τινα
1296 2518 1311 2544 δ
1323 2517 1386 2552 περὶ
1401 2517 1447 2544 τοῦ
1463 2517 1587 2552 σώματος
1665 2515 1757 2551 λόγος,

976 2562 1009 2589 Et
1023 2562 1052 2589 δὲ
1063 2562 1143 2590 άῡλον
1160 2563 1291 2597 φήσομεν,
1316 2563 1341 2588 ει
1359 2563 1407 2597 μὲν
1422 2562 1452 2588 τδ
1476 2561 1606 2596 πέμπτον,
1628 2561 1667 2593 ὦς
1685 2569 1757 2588 τισιν

975 2607 1066 2640 ἔδοξε,
1115 2608 1163 2635 καὶ
1219 2607 1268 2642 τὴν
1290 2606 1380 2641 κύκλῳ
1399 2607 1483 2642 φορὰν
1504 2607 1666 2643 φερόμενον·
1686 2607 1758 2633 ἔστω

977 2652 1026 2688 μὲν
1040 2652 1119 2679 άῡλόν
1128 2660 1154 2678 τι
1170 2653 1218 2679 καὶ
1233 2652 1356 2687 πέμπτον
1371 2652 1459 2688 σῶμα,
1474 2653 1498 2679 ει
1512 2652 1649 2687 βούλονται
1660 2652 1698 2685 δὲ,
1711 2653 1758 2678 καὶ

975 2698 1127 2733 ἀσώματον,
1143 2698 1214 2724 κατὰ
1229 2698 1278 2733 τὴν
1289 2698 1435 2733 αὐτόνομον
1448 2699 1537 2725 αὐτῶν
1551 2698 1598 2726 τοῦ
1615 2699 1693 2732 λόγου
1708 2707 1757 2732 φο-

977 2743 1028 2778 ρὰν
1043 2743 1089 2769 καὶ
1100 2743 1249 2770 ἀνάπλασιν
1259 2752 1267 2759 ο
1283 2744 1356 2770 οὐδὲν
1375 2743 1428 2779 γὰρ
1442 2745 1490 2771 νῦν
1506 2745 1569 2780 περὶ
1583 2744 1676 2771 τούτου
1692 2744 1756 2771 διοι-

179 2782 186 2796 ¹
205 2782 286 2810 lCor.
301 2790 345 2818 xv,
359 2784 402 2813 H.
439 2786 450 2801 '
468 2785 512 2814 i’s.
528 2794 622 2821 cum,
638 2787 698 2815 151.
736 2788 746 2805 ⁸
763 2788 848 2816 iCor.
875 2797 905 2822 ιι,
923 2789 930 2816 l

1005 2791 1083 2819 ‘Jer.
1101 2799 1180 2824 χχιιι,
1192 2792 1237 2820 ἓό.
1274 2793 1285 2809 ⁸
1297 2793 1360 2825 Sap.
1378 2801 1397 2826 t,
1417 2793 1442 2820 τ.
