1893 3081
115 140 165 172 161

110 213 208 240 σομσι.

112 250 248 286 ρομένων,
267 250 311 276 ἵνα
333 249 370 285 μὴ
395 248 468 283 λέγω
494 248 544 284 τὴν
564 247 653 283 ὕϐριν,
673 248 697 274 εί
711 247 746 274 τὰ
763 245 835 275 αὐτὰ
850 247 906 278 τοῖς

110 292 308 328 πεποιημένοις
322 293 337 318 ὁ
352 290 510 326 πεποιηκὼς
525 289 711 326 κινηθήσεται,
731 289 846 320 καὶτοῖς
864 296 906 322 φε-

109 339 237 375 ρομένοις
255 340 269 366 ὁ
285 339 388 374 φέρων,
406 337 433 364 εῐ
451 346 483 372 γε
501 336 549 364 καὶ
569 336 649 364 τοῦτο
661 336 794 369 δώοουσι;
816 335 849 362 Τί
864 334 907 362 δαὶ

107 385 139 412 τὺ
240 383 321 411 τοῦτο
345 383 426 410 πάλιν
452 382 563 415 κινοῦν;
590 381 661 409 τίδὲ
677 381 708 408 τὸ
725 382 780 408 πᾶν
800 380 907 414 κινοῦν;

108 430 253 457 κάκεῖνοτί
265 438 273 462 ;
288 430 336 456 καὶ
348 429 374 456 τί
387 428 469 456 πάλιν
475 429 563 455 ἐκεῖνο
572 437 580 462 ;
590 427 726 455 καὶτοῦτο
734 428 774 459 εἰς
784 427 907 463 ἄπειρον.

109 475 174 507 [Hoc
200 475 246 502 δαὶ
265 475 315 501 οὐκ
329 474 358 501 ὲν
373 474 449 508 τόπῳ
465 473 585 507 πάντως,
601 474 628 500 ετ
640 481 672 508 γε
687 472 855 509 φερόμενον;
877 471 909 498 Εἰ

109 521 138 548 δὲ
152 521 218 548 ἄλλο
232 529 258 547 τι
273 521 349 556 παρὰ
362 520 394 547 τὸ
412 520 537 556 πέμπτον
551 519 694 555 φήσουσιν,
713 519 738 546 ει
759 518 810 554 μὲν
823 518 909 552 ἀγγε-

110 567 199 594 λιχόν·
216 566 298 593 πόθεν
311 567 352 593 ὅτι
364 565 475 601 ἄγγελοι
562 565 687 602 σώματα,
704 565 751 592 καὶ
763 565 826 592 τίνα
844 564 910 592 ταῦ-

110 621 163 645 τα;
181 613 231 639 καὶ
247 612 330 649 πόσρν
421 612 489 648 ὑπὲρ
504 611 619 648 ἄγγελον
643 611 687 648 εῐη
703 611 779 645 Θεὸς,
798 607 829 638 οὗ
854 610 910 637 λει-

111 658 230 693 τουργὸς
248 657 382 692 ἄγγελοςς
407 658 438 685 El
455 658 484 685 δὲ
503 658 572 694 ὑπὲρ
588 656 685 691 ταῦτα,
704 657 784 684 πάλιν
796 656 910 692 είσήχθη

113 705 253 739 σωμάτων
270 705 353 740 ἑσμὸς
369 704 521 740 ἀλόγιστος,
537 707 586 731 καὶ
605 703 741 741 φλυαρίας
756 703 847 740 βυθὸς,
866 703 909 729 οὑ-

112 749 203 785 δαμοῦ
224 750 321 786 στῆναι
334 750 495 785 δυνάμενος.

613 141 799 173 ΡΑΝΟΡΙΛΑ
828 141 1055 174 DOGMATICA.
1074 155 1108 161 -
1124 143 1198 174 TIT-
1213 143 1263 176 IV.

288 202 369 230 Κατὰ
382 202 409 230 τί
419 202 447 229 δὲ
459 201 513 229 τῶν
524 201 690 237 κινουμένων
703 201 779 228 ἔσται
798 200 846 228 καὶ
857 208 906 235 ipso
921 203 1035 232 Aorben

1000 211 1044 230 cm
1057 203 1173 231 volubile
1195 212 1201 230 :
1213 203 1249 230 sit
1263 209 1330 230 sane
1343 208 1442 237 corpus
1453 201 1588 237 quoddam
1605 201 1728 235 quintum
1740 221 1747 232 .

1690 144 1742 177 1Γ2

955 255 983 277 et
997 257 1012 276 a
1032 249 1146 276 materia
1162 254 1307 280 semetum,
1322 253 1404 283 atque
1415 248 1511 279 etiam,
1525 248 1548 274 si
1565 247 1630 281 ipsis
1645 247 1680 273 ita
1693 247 1749 273 col-

954 295 1063 322 liliuerit
1077 315 1085 328 ,
1099 295 1309 330 incorporeum;
1327 293 1546 328 quandoquidem
1572 293 1608 320 ila
1625 300 1750 320 sermone

955 340 1102 376 comparati
1131 344 1216 372 sunt,
1235 343 1264 366 ut
1276 347 1325 375 pro
1339 338 1452 366 arbitrio
1469 339 1494 365 in
1522 345 1630 365 omnem
1647 342 1749 372 partem

955 393 1016 414 sese
1043 390 1163 417 versent,
1182 393 1214 413 ac
1230 384 1338 421 quidvis
1352 384 1497 420 eilingant;
1514 383 1581 410 nihil
1599 383 1670 410 enim
1699 383 1751 410 hac

955 432 989 460 de
1002 440 1032 460 re
1045 432 1072 460 in
1097 431 1242 467 praesentia
1262 438 1324 458 cum
1356 430 1409 458 illis
1433 429 1596 457 altercabor.
1616 429 1750 456 Caeterum

953 485 1008 512 quo
1026 477 1134 505 tandem
1156 477 1183 504 in
1199 484 1299 513 genere
1310 476 1363 504 erit
1378 483 1471 504 earum
1492 482 1592 508 rerum,
1606 482 1666 510 quze
1678 472 1750 501 motu

953 524 1060 551 cientur
1074 527 1099 551 et
1114 523 1269 558 agitantur,
1287 527 1316 550 ut
1330 521 1439 550 interim
1456 527 1572 553 taceam,
1588 528 1669 556 quam
1684 528 1750 556 gra-

953 568 996 596 vis
1010 567 1046 596 sit
1059 568 1242 601 contumeliae,
1259 575 1393 600 asserere,
1405 566 1562 594 Creatorem
1575 566 1681 598 eodem,
1697 573 1752 600 quo

955 621 999 641 res
1019 614 1053 641 ab
1071 621 1103 642 eo
1116 618 1235 647 creatas,
1256 618 1330 641 motu
1348 612 1468 644 incitari,
1486 618 1568 647 atque
1582 619 1655 644 eum,
1674 611 1752 646 cujm

954 660 980 688 vi
998 668 1030 688 ac
1051 660 1162 688 numine
1181 667 1225 688 res
1244 659 1362 688 conditas
1380 659 1537 692 volvuntur,
1553 658 1576 685 si
1592 663 1682 685 tamen
1702 659 1753 685 hoc

954 706 1039 734 etiam
1053 707 1141 734 daturi
1163 709 1239 739 sum,
1255 706 1350 734 eodem
1379 705 1458 732 modo
1472 711 1534 732 cum
1561 704 1595 731 iis
1623 703 1693 731 volvi
1720 711 1754 731 se

924 754 945 782 Β
957 752 1148 781 Circumferri?
1160 752 1257 786 Quaero
1271 753 1354 779 etiam
1364 771 1372 783 .
1388 751 1518 786 quidnam
1541 751 1577 777 sit
1598 750 1669 785 quod
1692 750 1754 777 nni-

109 805 222 825 versum
237 798 290 825 hoc
306 797 431 825 moveat?
447 796 581 831 Quidnam
598 803 663 824 vero
687 796 759 832 quod
784 795 904 824 vicissim
925 796 991 824 illud
1019 800 1138 830 moveat,
1173 804 1206 826 ac
1224 805 1331 826 rursum
1349 806 1365 825 a
1377 805 1431 834 quo
1449 797 1515 825 illud
1533 795 1691 824 moveatur?
1707 795 1752 823 Eo-

108 843 228 877 demque
250 843 331 870 modo
358 841 385 870 in
407 841 541 869 inﬁnitum
565 841 732 876 progrediar.
749 840 799 874 Qui
825 841 905 868 etiam
926 841 983 868 llerl
1001 846 1101 877 potest,
1131 846 1162 869 ut
1176 843 1286 871 omnino
1318 850 1370 871 non
1398 843 1434 871 sit
1458 843 1484 870 in
1509 842 1579 875 loco,
1596 842 1618 870 si
1646 841 1753 877 quidem

111 889 211 919 fertur.
230 897 262 916 ac
279 893 352 916 motu
377 888 525 916 incitatur?
543 887 600 916 Jam
630 887 653 915 si
680 887 753 915 aliud
776 887 912 922 quoddam
932 894 1040 922 corpus.
1057 894 1156 923 praeter
1175 889 1299 924 quintmn
1317 889 1392 922 illud,
1428 888 1513 916 Deum
1538 895 1599 916 esse
1624 890 1755 915 statuant.

110 935 133 962 si
155 935 264 969 quidem
284 934 435 970 angelicum
457 943 465 963 :
485 936 558 963 unde
584 935 740 970 probabunt
756 935 867 970 angelos
887 942 1002 970 corpore
1028 940 1163 976 constare,
1199 942 1228 966 et
1246 945 1301 972 quo
1330 937 1437 965 tandem
1463 935 1598 972 corpore?
1619 935 1754 969 Quantum

110 985 214 1013 autem,
226 980 249 1008 si
263 987 307 1008 res
322 981 358 1008 ita
370 988 400 1008 se
414 981 523 1014 habeat,
540 981 610 1009 Deus
645 981 782 1016 angelum.
798 988 853 1016 quo
884 981 1008 1010 ministro
1024 983 1120 1016 utitur,
1132 983 1297 1011 antecellat?
1315 983 1342 1011 Si
1356 990 1454 1018 corpus
1467 982 1603 1018 quoddam
1619 981 1661 1008 his
1690 982 1754 1008 sul.-

111 1027 205 1054 Iimius
231 1035 291 1055 esse
312 1028 444 1062 dixerint,
462 1036 558 1057 rursus
576 1036 722 1064 corporum
754 1035 870 1057 examen
905 1030 1018 1058 rationis
1050 1037 1149 1066 expers
1175 1031 1328 1064 inducetur,
1353 1038 1386 1058 ac
1411 1038 1543 1066 nugarum
1569 1036 1668 1065 gurges
1688 1029 1755 1056 adeo

112 1074 279 1109 profundus.
292 1080 321 1101 ut
341 1081 477 1110 nusquam
493 1082 541 1110 pes
561 1074 607 1110 ligi
622 1075 718 1110 possit.

211 1119 289 1146 Οὕτω
302 1120 351 1155 μὲν
368 1118 414 1148 οὖν
506 1120 537 1146 οὐ
553 1121 632 1156 σῶμα
644 1121 709 1156 ἡμῖν
729 1121 744 1148 ὁ
756 1120 822 1152 Sed;
851 1118 912 1147 οὗδι

115 1166 174 1201 γὰρ
186 1166 236 1202 ἥδη
250 1174 292 1197 τις
303 1165 383 1192 τοῦτο
398 1165 451 1192 τῶν
464 1165 661 1197 θεοπνεύστων.
675 1166 691 1201 ἢ
706 1163 910 1202 εἶπεν,ῆπαρε-

114 1212 223 1243 δέξατο,
250 1210 311 1237 οὐδὲ
343 1211 393 1246 τῆς
425 1211 564 1247 ἡμετέρας
672 1211 757 1246 αὐλῆς
783 1211 797 1237 ὁ
823 1211 910 1246 λόγος.

114 1257 250 1284 Δείπεται
262 1256 295 1292 δὴ
309 1255 455 1292 ἀσώματον
475 1255 686 1292 ὑπολαμϐάνειν.
707 1255 777 1282 Ἀλλ’
795 1257 819 1282 ει
838 1256 911 1283 ἀσώ-

115 1311 213 1338 ματον,
231 1302 307 1329 οὓπω
332 1302 380 1338 μὲν
404 1302 464 1330 οὐδὲ
480 1299 560 1329 τοῦτο
579 1301 630 1337 τῆς
654 1301 749 1333 οὐσίας
765 1309 911 1338 παραστα-

112 1349 192 1376 τικόν
204 1357 235 1375 τε
247 1349 293 1376 καὶ
308 1348 481 1384 περιεκτικὺν
502 1365 512 1380 ,
593 1348 687 1385 ὥσπερ
702 1348 763 1375 οὐδὲ
780 1348 810 1375 τὸ
828 1347 910 1382 ἀγέν-

112 1403 207 1430 νητον,
221 1395 268 1421 καὶ
286 1395 317 1421 τὸ
342 1395 471 1431 ἄναρχον,
489 1393 538 1421 καὶ
556 1394 587 1421 τὺ
606 1394 795 1426 ἀναλλοίωτον,
809 1395 857 1422 καὶ
881 1394 911 1421 τὸ

114 1440 269 1476 ἄφθαρτον,
284 1441 332 1468 καὶ
344 1441 395 1468 δσα
406 1441 471 1477 περὶ
481 1440 561 1473 Θεοῦ,
577 1441 594 1477 ἢ
608 1441 672 1476 περὶ
686 1440 751 1468 Θεὸν
777 1438 847 1468 εἶναι
867 1440 911 1467 λέ-

113 1494 206 1521 γεται.
223 1486 255 1513 Τί
268 1486 322 1523 γὰρ
337 1486 395 1514 om
474 1486 549 1522 αὐτῷ
557 1486 628 1514 κατὰ
640 1486 688 1522 τὴν
696 1487 777 1521 φύσιν
793 1486 840 1514 καὶ
860 1485 910 1523 τὴν

114 1531 268 1557 ὑπόστασιν
279 1530 407 1565 ὑπάρχει,
428 1530 459 1557 τὸ
475 1530 512 1566 μὴ
529 1531 617 1566 ἀρχὴν
632 1530 717 1566 ἔχειν,
730 1530 797 1566 μηδὲ
813 1529 861 1563 ἑξί(

788 1531 797 1556 ὲ
813 1529 906 1563 ἐξίστα
928 1534 949 1563 c
968 1537 1018 1558 nec
1035 1530 1249 1566 incorruptibilc,
1265 1535 1418 1565 cmteraque
1436 1531 1535 1563 omnia,

116 1575 194 1606 σθαι,
209 1575 275 1610 μηδὲ
291 1575 476 1611 περατοῦσθαι
489 1584 496 1608 ;
523 1575 594 1602 Ἀλλ’
609 1575 669 1602 ὃλον
695 1575 726 1602 τὸ
739 1573 810 1602 εἶναι
834 1584 913 1611 περι-

115 1620 267 1655 λαμϐάνειν
289 1620 410 1647 λείπεται
425 1620 652 1656 προσφιλοσοφεῖν
669 1629 699 1647 τε
726 1620 773 1647 καὶ
794 1620 910 1656 προσεξ-

115 1666 227 1698 ετάζειν
241 1666 280 1701 τῷ
291 1674 324 1700 γε
337 1666 398 1693 νοῦν
412 1666 480 1693 Θεοῦ
574 1665 682 1701 ἀληθῶς
696 1665 793 1701 ἔχοντι,
811 1666 858 1693 καὶ
869 1675 915 1693 τε-

116 1711 244 1747 λεωτέρῳ
258 1712 307 1746 τὴν
321 1711 448 1748 θεωρίαν.
473 1711 516 1744 Ὡς
533 1711 588 1749 γὰρ
612 1712 662 1739 οὐκ
676 1712 759 1748 ἀρκεῖ
777 1712 807 1738 τὸ
834 1711 915 1746 σῶμα

117 1757 216 1789 εἰπεῖν,
233 1757 249 1792 ἢ
260 1756 290 1783 τὺ
303 1757 493 1793 γεγεννῆσθαι,
511 1758 579 1794 πρὸς
594 1757 624 1784 τὸ
638 1757 686 1784 καὶ
694 1757 735 1789 τὺ,
749 1756 838 1793 περὶὸ
849 1757 916 1784 ταῦο

117 1811 164 1834 τα,
179 1803 356 1838 παραστῆσαι
382 1811 413 1830 τε
437 1803 485 1830 καὶ
510 1802 643 1838 δηλῶσαι,
671 1802 791 1830 ἀλλὰδεῖ
816 1802 863 1829 καὶ
883 1802 915 1829 τδ

117 1845 301 1881 ὑποκείμενον
310 1846 415 1878 τούτοις
427 1847 527 1880 εἰπεῖν,
536 1847 561 1874 ει
576 1847 668 1882 μέλλοι
750 1846 860 1879 τελείως
868 1847 915 1874 καὶ

116 1891 304 1927 ἀποχρώντως
315 1892 347 1919 τὸ
359 1892 504 1928 νοούμενον
524 1892 750 1929 παραστήσεσθαι
761 1892 788 1928 (ἢ
801 1892 856 1929 γὰρ
867 1892 914 1920 ἄν-

117 1937 238 1973 θρωπος,
248 1937 366 1973 ἢβοῦς,ἧ
374 1938 541 1970 ἴπποςτοῦτο
551 1939 581 1965 τὸ
590 1936 807 1973 ὲνσώματον,χαὶ
819 1937 916 1972 γεννώ-

118 1984 259 2019 μενονοια)¹
266 1983 554 2020 φθειρόμενον)ὀΰτως
560 1984 620 2011 οὐδὲ
626 1984 686 2010 ἐκεῖ
699 1983 825 2019 στήσεται
835 1983 916 2019 μέχρι

116 2029 165 2056 τοῦ
181 2030 268 2056 εἰπεῖν
287 2029 305 2056 ἃ
322 2029 360 2064 μὴ
376 2029 462 2062 ἐστιν,
477 2031 491 2056 ὸ
503 2030 555 2065 τὴν
566 2028 614 2056 τοῦ
629 2028 706 2061 ὄντος
719 2028 916 2065 πολυπραγμο-

116 2076 172 2102 νῶν
190 2075 280 2110 φύσιν·
293 2075 362 2103 ἀλλὰ
375 2075 416 2102 δεῖ
431 2075 500 2112 πρὸς
513 2075 554 2111 τῷ
645 2075 734 2102 εἰπεῖν
751 2074 769 2103 ἃ
790 2074 828 2110 μὴ
844 2074 914 2108 ἔστι,

117 2122 166 2148 καὶ
181 2122 196 2148 ὁ
210 2122 286 2148 ἐστιν
300 2122 398 2148 εἰπεῖν·
409 2122 464 2157 ὅσῳ
479 2121 526 2148 καὶ
539 2122 605 2157 ῥᾷον
619 2120 650 2148 ἓν
673 2129 700 2148 τι
715 2120 883 2157 πριλαῦεῖν,
896 2120 912 2156 ἢ

115 2167 153 2194 τὰ
168 2168 257 2195 πάντα
272 2168 334 2194 καθ’
348 2167 463 2194 ἕκαστον
482 2168 621 2199 ἀπειπεῖν,
635 2166 679 2194 ἵνα.
693 2165 726 2194 ἐκ
743 2175 775 2193 τε

115 2214 288 2249 ἀναιρέσεως
312 2209 349 2240 ὧν
366 2213 417 2240 οὐκ
440 2212 510 2245 ἐστι,
530 2212 643 2248 καὶτῆς
657 2208 688 2239 οὗ
716 2212 774 2239 ἐστι
799 2211 910 2245 θέσεως,

116 2258 275 2294 περιληφθῇ
296 2257 327 2284 τὸ
338 2257 494 2293 νοούμενον.
512 2257 541 2285 ’0
555 2257 596 2290 δὲ,
620 2257 639 2285 ἃ.
656 2257 705 2293 μὲν
719 2257 770 2284 οὐκ
782 2256 840 2284 ἐστι
867 2255 898 2283 λέ

116 2311 187 2337 γων,
205 2303 315 2330 σιωπῶν
338 2304 367 2331 δὲ
389 2304 404 2330 ὃ
418 2303 486 2335 ἐστι,
510 2304 583 2330 ποιεῖ
604 2303 806 2339 παραπλήσιον,
819 2303 913 2339 ὥσπερ

116 2348 151 2376 ἄν
244 2349 269 2375 εί
297 2349 332 2376 τὰ
347 2349 429 2376 πέντε
449 2349 490 2381 δὶς
511 2349 562 2376 ὅσα
578 2349 652 2376 ὲστὶν
671 2349 858 2385 ἐρωτώμενος,
872 2349 913 2376 ὅτι

118 2393 169 2428 μὲν
180 2393 211 2419 οὐ
229 2392 374 2427 δὺολὲγοι,
459 2393 608 2428 οὐδὲντρία,
629 2392 690 2419 οὐδὲ
705 2392 836 2428 τέσσαρα,
853 2390 914 2418 οὐδὲ

116 2438 212 2469 πέντε,
227 2437 287 2465 οὐδὲ
302 2437 417 2471 εἴκοσιν,
443 2437 504 2464 οὐδὲ
519 2437 678 2473 τριάκοντα,
693 2436 753 2464 οὐδέ
776 2445 847 2470 τινα,
870 2436 914 2463 ἵνα

117 2484 239 2512 συνελὼν
248 2484 329 2517 εἴπω,
347 2484 401 2512 τῶν
414 2484 489 2516 ὲντδς
503 2484 624 2516 δεκάδος,
639 2483 656 2519 ἢ
676 2482 826 2510 δεκαδικῶν
852 2482 913 2518 ἀρι-

119 2530 206 2566 δμῶν·
223 2531 263 2556 ὃτι
276 2530 304 2556 δὲ
314 2530 356 2566 εἴη
369 2530 436 2557 δέκα
447 2529 484 2565 μὴ
495 2528 581 2564 λέγοι,
592 2528 661 2565 μηδὲ
675 2528 774 2564 ὲρείδοι
791 2527 836 2555 τὸν
850 2527 913 2554 νοῦν

115 2576 164 2603 τοῦ
180 2575 338 2611 ἐρωτῶντος
359 2576 399 2607 εἰς
409 2575 454 2602 ⁸τὺ
476 2574 653 2610 ζητούμενον.
675 2573 769 2609 Πολλῷ
781 2573 836 2609 γὰρ
850 2574 914 2609 ῥᾷον
936 2582 946 2604 '.

117 2621 166 2648 καὶ
182 2619 388 2656 συντομώτερον
401 2621 434 2647 ὲκ
445 2619 492 2646 τοῦ
509 2619 523 2646 ὅ
537 2620 612 2646 ἐστιν
629 2619 679 2646 ὃσα
692 2619 742 2646 οὐκ
756 2618 814 2646 ἐστι
829 2618 914 2654 δηλῶ-

117 2675 174 2698 σαι,
190 2667 206 2702 ἢ
223 2666 255 2692 ὲκ
270 2665 317 2693 τοῦ
333 2665 439 2693 ἀνελεῖν
459 2665 477 2693 ἃ
498 2666 535 2701 μὴ
558 2665 644 2697 ἐστιν,
669 2664 683 2691 ὃ
699 2664 774 2691 ἐστιν
794 2663 914 2698 ἐνδείξα-

118 2712 191 2739 σθαι.
207 2712 244 2738 Ἦ
255 2712 334 2739 τοῦτο
353 2711 402 2747 μὲν
415 2712 496 2739 παντὶ
503 2711 592 2747 δῆλον.

1061 1117 1151 1153 Atque
1163 1119 1227 1147 hinc
1244 1124 1361 1153 constat,
1383 1120 1465 1148 Deum
1483 1128 1583 1156 corpus
1603 1130 1657 1150 non
1684 1131 1756 1151 esse.

965 1163 1057 1198 Neque
1068 1165 1139 1191 enim
1154 1166 1243 1193 adhuc
1269 1167 1410 1202 quisquam
1433 1175 1538 1201 eorum,
1565 1170 1610 1203 qui
1629 1169 1756 1197 divinitus

964 1207 1044 1236 διηλιιί
1063 1214 1136 1242 sunt,
1152 1210 1202 1238 hoc
1215 1211 1258 1238 vel
1274 1212 1352 1244 dixit,
1365 1212 1407 1240 vel
1419 1213 1452 1240 ab
1468 1213 1529 1241 aliis
1556 1214 1656 1242 dictum
1680 1222 1756 1242 com-

965 1254 1101 1288 probavit,
1117 1263 1167 1283 nec
1184 1257 1269 1284 nostri
1288 1257 1368 1285 ovilis
1382 1262 1424 1286 est
1438 1259 1495 1286 haec
1509 1260 1643 1288 doctrina.
1657 1259 1756 1295 Super-

964 1304 1006 1328 est
1022 1301 1111 1335 igitur,
1127 1306 1156 1329 ut
1182 1302 1369 1337 incorporequ
1383 1311 1444 1331 esse
1461 1305 1544 1332 Deum
1560 1305 1755 1333 existimemus.

968 1344 1079 1378 Verum,
1111 1350 1250 1382 utcunque
1275 1349 1463 1383 incorporeum
1483 1351 1615 1382 dicamus,
1638 1351 1756 1378 nondum

965 1396 1055 1419 tamen
1070 1393 1121 1420 hoc
1140 1398 1264 1421 naturam
1291 1394 1363 1422 illius
1386 1396 1588 1430 essentianique
1602 1396 1755 1430 complecti-

966 1441 1010 1465 tur
1025 1443 1052 1466 et
1067 1438 1204 1473 declarat;
1224 1441 1451 1475 quemadmodum
1467 1449 1517 1469 nec
1531 1442 1689 1477 ingenitum,
1708 1451 1757 1470 nec

967 1483 1127 1517 anarchum,
1139 1484 1166 1511 id
1181 1489 1233 1517 est,
1247 1485 1372 1521 principii
1390 1493 1499 1522 expers,
1515 1493 1564 1514 nec
1577 1487 1755 1519 immutabile,

1651 1539 1711 1566 qute
1723 1532 1756 1559 de

965 1575 1030 1609 Deo,
1044 1575 1086 1603 vel
1103 1576 1175 1603 circa
1193 1575 1488 1610 Denm,pr;t-dican:ur.
1503 1575 1572 1609 Quid
1585 1575 1656 1602 enim
1673 1577 1756 1610 protl-

965 1625 1007 1649 est
1030 1621 1064 1648 ad
1090 1621 1262 1648 indicandam
1288 1621 1373 1654 ipsius
1401 1626 1525 1648 naturam
1552 1626 1580 1648 et
1605 1621 1756 1648 subsisten-

966 1666 1029 1694 tiam
1043 1673 1094 1701 qua
1108 1666 1225 1698 exsistit,
1241 1665 1264 1693 si
1281 1666 1357 1693 dicas
1380 1674 1441 1692 eum
1459 1666 1564 1693 initium
1575 1674 1627 1693 nou
1645 1665 1756 1696 habere.

965 1719 1016 1739 nec
1030 1719 1044 1738 a
1053 1719 1082 1739 se
1094 1719 1210 1746 unquam
1223 1711 1387 1744 desciscere.
1400 1719 1448 1738 nec
1460 1711 1521 1739 nllis
1533 1711 1657 1738 terminis
1669 1711 1756 1738 inclu-

965 1755 1011 1783 di?
1031 1754 1132 1783 Verum
1151 1758 1233 1782 totam
1257 1756 1317 1791 ejus
1343 1757 1488 1784 essentiam
1512 1756 1715 1784 edisserendam
1729 1761 1758 1783 et

965 1801 1155 1836 inquirendam
1181 1801 1245 1828 huic
1260 1801 1449 1836 relinquimus,
1467 1801 1512 1836 qui
1533 1808 1597 1828 vere
1615 1801 1662 1828 Dei
1687 1801 1757 1828 noti~

966 1847 1031 1873 tiam
1042 1846 1134 1880 habet,
1155 1850 1236 1882 atque
1261 1847 1288 1874 in
1304 1846 1515 1881 contemplanda
1537 1846 1686 1881 perfectior
1703 1851 1756 1874 est.

967 1892 1085 1920 Utenim
1107 1900 1159 1920 non
1176 1892 1242 1920 satis
1257 1897 1300 1920 cst
1322 1900 1421 1928 corpus
1441 1893 1542 1925 dicere,
1560 1897 1607 1919 aut
1628 1900 1758 1927 procrea-

966 1943 1022 1965 tum
1035 1945 1106 1971 esse,
1121 1938 1155 1966 ad
1172 1938 1224 1965 hoc
1238 1938 1281 1966 vel
1298 1938 1374 1971 illud,
1388 1939 1431 1967 cui
1446 1938 1502 1966 haec
1514 1938 1649 1974 adjacent.
1665 1938 1758 1974 expri-

966 1981 1091 2010 mendum
1113 1986 1140 2011 et
1155 1982 1340 2016 indicandum,
1356 1984 1404 2012 sed
1428 1983 1492 2019 quid
1508 1984 1564 2019 ipsa
1581 1990 1687 2019 quoque
1714 1991 1758 2011 res

964 2026 1087 2061 subjecta
1098 2027 1144 2061 sit,
1156 2028 1300 2055 dicendum
1312 2032 1364 2062 est,
1373 2028 1397 2056 si
1410 2028 1488 2056 modo
1499 2028 1633 2061 volumus,
1645 2028 1672 2055 in
1686 2028 1758 2063 quod

965 2072 1127 2108 cogitamus,
1142 2072 1221 2108 plene
1238 2077 1320 2108 atque
1342 2074 1450 2101 abunde
1469 2078 1665 2109 repraesentare
1687 2074 1759 2110 (po-

966 2122 1019 2146 test
1033 2118 1105 2146 enim
1127 2120 1169 2147 vel
1186 2119 1279 2153 homo,
1304 2119 1347 2147 vel
1365 2119 1424 2153 bos,
1451 2119 1493 2148 vel
1510 2127 1595 2155 equus
1620 2127 1689 2154 esse,
1708 2120 1759 2148 hoc

862 2165 913 2201 τῆς
929 2165 952 2194 D
965 2164 1036 2199 quod
1048 2171 1208 2199 corporeum
1222 2173 1255 2194 ac
1268 2171 1438 2201 procreatum
1453 2171 1481 2194 et
1500 2165 1676 2200 corruptibile
1698 2172 1759 2193 esse

963 2210 1170 2246 pronuntiamus
1186 2210 1263 2246 ):ad
1283 2211 1408 2240 eumdem
1421 2212 1529 2239 modum
1555 2211 1602 2246 qui
1613 2210 1661 2239 Dei
1681 2215 1760 2238 natu-

963 2262 1022 2283 ram
1035 2256 1168 2284 curiosius
1181 2256 1369 2292 inquirendam
1379 2257 1495 2291 duxerit,
1503 2264 1555 2285 non
1568 2258 1612 2285 hic
1623 2258 1756 2293 conquie-

965 2304 1034 2334 seet,
1056 2304 1086 2328 ut
1112 2302 1195 2335 dicat,
1212 2301 1276 2337 quid
1290 2309 1343 2330 non
1359 2302 1395 2330 sit
1413 2302 1495 2336 Deus,
1509 2303 1558 2330 sed
1578 2303 1630 2331 hoc
1652 2310 1760 2338 quoque

965 2345 1017 2380 ipsi
1034 2345 1215 2379 adjiciendum
1231 2346 1294 2380 erit,
1312 2351 1352 2378 ut.
1369 2346 1433 2380 quid
1453 2346 1502 2380 sit,
1525 2350 1663 2380 exponat;
1678 2345 1760 2381 idque

965 2397 998 2418 eo
1012 2390 1109 2425 magis,
1133 2390 1205 2426 quod
1220 2390 1310 2418 mintts
1334 2389 1441 2419 diﬂlcile
1457 2395 1499 2418 est
1514 2397 1596 2418 unum
1621 2390 1758 2426 quidpiam

967 2435 1058 2464 animo
1074 2436 1229 2471 complecti,
1243 2443 1325 2472 quam
1341 2437 1433 2466 omnia
1452 2436 1590 2472 sigillatim
1612 2437 1761 2465 iunciando

967 2488 1119 2514 removere,
1146 2486 1176 2510 ut
1198 2481 1308 2516 rejectis
1324 2483 1368 2515 iis,
1385 2489 1445 2518 quae
1464 2490 1517 2510 non
1533 2487 1585 2516 est,
1603 2486 1632 2510 et
1656 2483 1759 2510 consti-

966 2530 1024 2554 tuto
1035 2534 1078 2557 eo.
1096 2527 1167 2562 quod
1181 2527 1226 2559 sit,
1251 2528 1498 2563 comprehendatur
1512 2528 1539 2555 id
1560 2527 1632 2562 quod
1653 2528 1759 2564 cogita-

968 2579 1039 2599 mus.
1054 2572 1104 2606 Qui
1117 2580 1183 2600 vero
1196 2573 1245 2606 ita,
1260 2574 1324 2609 quid
1342 2581 1386 2601 res
1399 2573 1488 2608 aliqua
1504 2581 1557 2601 non
1571 2574 1619 2607 sit,
1638 2581 1759 2609 pronun-

968 2617 1025 2650 tiat,
1041 2622 1070 2644 ut
1085 2617 1204 2652 interim,
1216 2620 1279 2653 quid
1296 2620 1343 2651 sit,
1363 2624 1461 2652 taceat,
1473 2626 1526 2646 non
1541 2619 1673 2647 absimilis
1683 2623 1724 2647 est
1735 2619 1759 2645 ei

966 2662 1011 2697 qui
1027 2667 1147 2698 rogatus,
1173 2664 1215 2691 bis
1226 2664 1347 2700 quinque
1371 2669 1437 2700 quot
1449 2665 1514 2697 sint,
1527 2665 1687 2700 respondeat
1701 2665 1758 2699 qui.

966 2707 1026 2736 dem
1041 2715 1073 2736 ea
1094 2716 1143 2736 nec
1159 2708 1213 2736 duo
1232 2717 1303 2743 esse,
1320 2717 1370 2738 nec
1396 2711 1459 2744 tria,
1485 2718 1534 2738 nec
1554 2715 1682 2745 quatuor,
1710 2717 1759 2736 nec

118 2759 247 2793 quinque,
264 2766 313 2785 nec
328 2758 434 2792 viginti,
446 2765 496 2785 nec
507 2758 630 2793 triginta.
644 2764 708 2790 nec,
723 2760 753 2784 ut
765 2755 839 2784 brevi
872 2753 1051 2789 complectar,
1085 2755 1168 2783 ullum
1204 2764 1345 2784 numerum
1364 2756 1432 2784 citra
1451 2756 1492 2784 vel
1516 2756 1586 2783 ultra
1601 2751 1760 2783 denarium;

119 2813 247 2834 ueterum
267 2806 339 2842 quod
357 2807 450 2835 decem
464 2807 529 2840 siut,
548 2814 600 2834 non
619 2806 702 2839 dicat,
717 2813 766 2833 nec
789 2808 907 2832 mentem
926 2802 994 2837 ejus,
1009 2810 1025 2831 a
1056 2811 1109 2839 qtto
1139 2804 1333 2840 interrogatur,
1349 2805 1382 2832 ad
1399 2804 1426 2832 id
1444 2804 1516 2839 quod
1541 2803 1682 2839 quaesitum
1706 2808 1758 2830 est.

120 2854 218 2890 alligat.
236 2853 316 2882 Multo
331 2854 403 2883 enim
427 2854 532 2882 facilius
549 2859 576 2883 et
589 2853 807 2890 compendiosius
822 2857 873 2887 cst,
886 2858 920 2879 ex
938 2858 982 2884 eo,
995 2851 1077 2887 quod,
1094 2852 1212 2888 quidsit,
1228 2852 1339 2887 dixeris,
1357 2851 1484 2888 quidquid
1494 2859 1547 2880 non
1561 2851 1596 2879 sit
1610 2850 1758 2881 declarare.
