1893 3081
127 119 135 125 ”“
152 135 204 168 163
757 126 874 157 EUTIIl

1027 123 1157 155 lABENI
1719 116 1774 147 16£

150 197 282 227 quamet
297 195 405 222 eorum,
423 186 489 223 quid
516 193 570 215 non
604 187 658 216 est,
678 182 814 211 ablatione
832 186 915 216 atque
946 179 1121 213 inticiatione,
1145 185 1206 213 qua:
1235 177 1282 212 sit,
1309 177 1521 208 demonstrare;
1551 172 1780 209 quemadmodum

150 238 237 266 cuivis
251 236 423 272 perspicuum
441 239 503 261 esse
520 231 649 260 arbitror.

187 265 318 317 Quoniam
349 281 431 317 igitur
448 279 533 307 Deum
562 284 675 313 corpore
686 283 784 317 vacare
804 275 882 317 nobis
899 278 934 302 est

1037 271 1257 317 ’Enel._6é_£tmv
1277 269 1429 317 ἀσῴματον
1454 268 1522 305 ἡμῖν
1535 268 1568 317 τὺ
1579 265 1784 317 Θξῖον,-μικρόν

150 316 320 361 exploratum
334 344 341 356 ,
362 316 501 356 aliquanto
518 319 632 347 ulterius
647 318 674 346 in
694 316 856 352 inquirendo
879 322 941 350 pro-

147 373 314 408 grediamur.
330 369 504 403 Nusquamne
521 366 564 394 ille
578 369 630 398 est,
645 372 678 394 an
698 361 815 391 alicubi?
830 361 858 389 Si
870 361 942 389 enim

149 406 294 452 nusquam,
311 418 415 449 quaeret
431 412 545 440 fortasse
562 411 661 446 aliquis
671 417 706 436 ex
722 409 756 436 iis
779 407 826 442 qui
850 406 942 442 inqui-

150 463 229 490 rendi
245 470 276 489 ac
302 459 457 495 disputandi
485 457 635 486 subtilitate
658 454 804 491 impensius
816 453 943 488 gaudent,

147 508 287 543 quomodo
300 514 360 534 esse
372 511 479 540 quoque
491 504 586 540 possit.
601 503 667 530 Nam
680 502 701 529 si
714 501 739 528 id
749 500 820 536 quod
828 507 882 527 non
891 503 942 531 est,

154 562 286 589 nusquam
301 557 365 580 est:
387 552 413 579 id
443 557 551 586 quoque
580 549 650 583 quod
677 554 810 581 nusquam
836 550 887 577 est,
909 550 944 571 ne

146 601 260 635 quidem
282 599 398 626 fortasse
412 602 463 625 est.
480 596 556 630 Quod
574 594 596 622 si
623 593 720 621 alicubi
747 599 808 620 esse
832 590 943 624 dixeris,

154 644 341 681 prouuldubio,
356 641 577 678 quandoquidem
592 643 643 672 est,
658 637 699 665 vel
712 637 739 664 in
753 635 880 663 universo
892 638 944 668 est,

153 691 194 717 vel
209 697 290 724 supra
306 689 470 717 universum.
485 686 514 713 Si
529 686 555 712 in
576 684 719 715 universo;
737 681 778 710 vel
791 682 816 708 in
828 680 944 716 quadam

148 737 211 771 ejus
225 741 301 770 parte
316 739 368 766 est,
384 733 426 761 vel
526 731 636 765 ubique.
651 729 679 756 Si
691 727 806 763 quadam
819 726 844 754 in
857 729 944 761 parte,

154 770 220 818 ergo
235 790 249 808 a
263 780 360 808 minori
378 780 429 807 hac
443 783 519 818 parte
544 774 785 804 circumscribetur
820 771 866 799 Sin
883 770 944 798 ubi-

154 813 217 864 que,
231 828 265 855 ab
281 826 409 860 ampliore
428 813 535 857 alioque
553 821 635 849 multo
664 820 776 855 majore,
803 818 830 849 id
850 821 902 850 est,
927 823 943 843 a

154 873 309 901 continente
321 870 515 899 continebitur.
531 867 595 895 llmc
607 867 627 894 si
641 865 805 896 dederimus,
824 863 943 890 futurum

154 925 206 953 est,
228 923 256 946 ut
269 918 424 945 universum
439 914 556 942 universi
581 911 722 946 complexu
740 913 882 942 teneatur,
894 915 946 936 nec

150 966 226 993 .nllus
241 973 254 992 a
269 961 521 996 circumscriptione
543 959 611 986 liber
629 961 716 985 exstet
742 956 826 983 locus.
849 954 877 981 In
895 954 945 981 has

985 324 1013 342 τι
1026 314 1278 351 προσεξετάσωμεν.
1295 313 1414 349 Πότερον
1430 311 1549 347 οὐδαμοῦ
1567 310 1656 342 τοῦτο,
1670 310 1688 345 ἡ
1703 310 1784 335 ἐστιν

985 361 1066 394 δπου;
1079 361 1112 387 ΕΙ
1135 360 1184 396 μὲν
1198 360 1253 395 γὰρ
1268 358 1399 394 οὐδαμοῦ,
1413 357 1530 394 ζητήσαι
1543 366 1585 388 τις
1599 356 1631 383 ἂν
1643 355 1698 382 τῶν
1713 355 1788 389 ἄγαν

986 405 1184 439 ὲξεταστικῶν,
1272 404 1332 437 πῶς
1345 403 1378 431 ἂν
1393 403 1440 430 καὶ
1458 402 1512 439 εἴη.
1529 403 1561 430 Εἰ
1575 400 1670 436 γὰρτὸ
1688 400 1725 436 μὴ
1741 399 1785 432 δν,

987 451 1116 487 οὐδαμοῦ,
1133 450 1164 478 τὸ
1183 449 1323 487 μηδαμοῦ,
1334 449 1416 484 τυχὸν
1429 449 1488 476 οὐδὲ
1506 448 1546 474 ὃν.
1562 448 1594 474 Εἰ
1604 446 1633 473 δέ
1648 446 1706 472 ἐστί
1719 454 1786 476 που,

988 498 1097 529 πάντως
1120 497 1240 533 ἐπείπερ
1265 496 1349 528 ἐστὶν,
1371 496 1388 531 ἢ
1407 496 1436 522 ὲν
1454 495 1493 530 τῷ
1510 494 1600 525 παντὶ,
1617 494 1634 529 ἢ
1659 492 1727 528 ὑπὲρ
1755 491 1789 518 τὸ

988 544 1053 573 πᾶν.
1077 542 1146 570 Ἀλλ’
1166 543 1191 569 εί
1208 542 1257 578 μὲν
1273 543 1303 569 ὲν
1316 541 1355 577 τῷ
1370 541 1462 574 παντὶ,
1485 541 1502 576 ἦ
1516 549 1580 573 τινι,
1594 539 1611 575 ἢ
1629 536 1785 573 πανταχοῦ.

988 590 1043 617 Καὶ
1058 590 1082 616 ει
1099 590 1147 625 μὲν
1161 588 1191 616 ἐν
1203 598 1268 621 τινι,
1282 588 1327 615 ὑπ’
1340 587 1482 618 ἐλάττονος
1493 583 1785 622 περιγραφήσεταιτοῦ

988 643 1074 666 τινος.
1093 634 1125 661 Εἰ
1140 634 1168 660 δὲ
1191 633 1329 668 πανταχοῦ
1339 652 1350 667 ,
1436 632 1488 659 ὑπὸ
1505 631 1628 662 πλείονος
1643 629 1690 657 καὶ
1703 629 1789 656 ἄλλου

989 678 1097 711 πολλοῦ,
1127 678 1197 713 λέγω
1212 677 1251 709 δὲ,
1269 677 1299 704 τὸ
1322 676 1519 714 ’περιεχόμενον
1535 675 1583 701 τοῦ
1600 674 1787 710 περιέχοντος.

989 727 1020 753 Εἰ
1028 726 1058 752 τὺ
1064 725 1118 752 πᾶν
1126 724 1178 751 ὑπὸ
1187 723 1234 750 τοῦ
1244 723 1343 756 παντὸς
1357 722 1448 758 μέλλει
1527 718 1789 757 περισχεθήσεσθαι,

989 771 1036 797 καὶ
1046 769 1146 806 μηδένα
1162 768 1243 795 τόπον
1257 765 1327 794 εἶναι
1338 766 1513 803 περιγραφῆς
1527 765 1681 801 ἐλεύθερον.
1692 764 1789 791 Ταῦτα

991 815 1040 850 μὲν
1049 834 1058 847 ,
1123 814 1147 840 εἰ
1155 813 1183 840 ὲν
1191 812 1229 848 τῷ
1238 812 1329 839 παντί.
1337 812 1392 839 Καὶ
1401 811 1464 844 ποῦ,
1474 811 1540 846 πρὶν
1547 809 1671 845 γενέσθαι
1678 809 1708 836 τὸ
1714 809 1770 835 πᾶν
1778 817 1787 842 ;

989 859 1056 887 Οὐδὲ
1071 859 1124 895 γὰρ
1147 859 1227 886 τοῦτο
1242 858 1338 894 μικρὸν
1354 859 1393 890 είς
1417 857 1546 893 ἀπορίαν.
1568 857 1599 884 Et
1619 856 1647 883 δὲ
1664 857 1734 891 ὑπὲρ
1755 856 1789 882 τὸ

991 906 1055 937 πᾶν,
1071 902 1114 940 ἆρ’
1131 904 1208 930 οὐδὲν
1222 902 1256 939 ἦν
1270 903 1300 930 τὸ
1311 903 1433 938 διορίζον
1454 901 1520 929 αὐτὸ
1532 901 1579 928 τοῦ
1594 900 1708 933 παντὸςς
1728 900 1788 927 Ποῦ

991 951 1019 977 δὲ
1043 950 1073 976 τὸ
1096 950 1165 985 ὑπὲρ
1180 949 1278 983 τοῦτο;
1307 949 1362 975 Καὶ
1381 949 1439 976 πῶς
1465 948 1563 983 ἐνοήθη
1583 948 1614 974 τὸ
1635 947 1787 982 ὑπεραῖρον

156 1007 467 1038 absurditatesincidant
480 1011 591 1032 necesse
607 1007 660 1034 est,
679 1002 725 1036 qui
750 1008 811 1028 eum
834 1000 860 1026 in
885 1007 901 1026 u

1049 996 1273 1032 ὑπεραιρόμενον,
1296 995 1346 1021 οὐκ
1361 994 1437 1025 ὖντος
1449 994 1512 1028 ὅρου
1531 993 1602 1025 τινὸς
1614 992 1660 1019 τοῦ
1671 992 1787 1027 τέμνον-

153 1064 237 1083 a'erso
249 1062 308 1082 esse
321 1053 449 1080 dixerint.
476 1051 514 1078 Ac
530 1054 671 1085 prmterea,
688 1047 797 1074 ubinam
810 1049 879 1078 erat,
896 1051 945 1071 an-

992 1050 1037 1073 τος
1048 1041 1136 1068 ταῦτα
1161 1041 1207 1068 καὶ
1221 1039 1400 1076 διορίζοντος;
1426 1040 1462 1066 Ἢ
1477 1039 1530 1075 χρὴ
1544 1040 1652 1070 πάντως
1662 1036 1732 1065 εἶναι
1754 1038 1788 1065 τὺ

154 1107 265 1135 -ιι-ίιιιιιιιι
284 1100 411 1126 universa
435 1098 493 1124 haec
516 1102 607 1123 rerum
634 1093 757 1121 machina
778 1090 901 1118 exstitisst

1040 1094 1087 1118 πον,
1112 1085 1159 1112 καὶ
1181 1081 1204 1119 ᾧ
1227 1083 1392 1120 περατοῦται
1414 1084 1446 1111 τὺ
1472 1084 1537 1116 πᾶν,
1554 1083 1600 1111 καὶ
1620 1083 1649 1110 τὸ
1671 1083 1740 1118 ὑπὲρ
1753 1082 1787 1109 τὸ

161 1124 228 1171 Nam
239 1143 287 1170 hoc
299 1148 404 1176 quoque
414 1147 466 1167 non
479 1139 563 1166 levem
573 1138 753 1165 diﬂicultatem
765 1136 852 1163 aﬂerl.
865 1135 908 1168 Qu

1035 1141 1063 1165 v;
1078 1132 1134 1159 Καὶ
1149 1131 1178 1158 τί
1201 1131 1265 1158 ἄλλο
1288 1129 1366 1157 τοῦτο
1378 1129 1395 1164 ἢ
1413 1128 1496 1159 τόπος
1515 1127 1599 1159 ἐστὶν,
1617 1126 1699 1161 ὅνπερ
1714 1124 1782 1176 ὲνφύ-

163 1166 287 1171 ..--
301 1166 367 1176 πη,
393 1166 401 1168 .
876 1166 885 1168 ἡ

156 1191 181 1216 εἰ
196 1197 254 1216 eum
271 1195 349 1222 supra
368 1187 521 1214 universum
537 1192 597 1212 esse
615 1184 740 1216 dixerint,
758 1181 839 1217 quid?
854 1180 903 1208 Nih

1035 1186 1074 1203 ιεν
1087 1186 1093 1210 ;
1107 1177 1161 1203 Καὶ
1174 1176 1250 1203 οὔπω
1262 1175 1333 1209 λέγω
1348 1174 1378 1200 τὸ
1391 1171 1578 1209 περιγραπτὺν
1590 1169 1697 1200 πάντως
1709 1166 1782 1195 εἶναι

161 1243 194 1261 ne
204 1238 273 1264 erat,
290 1233 358 1268 quod
375 1239 435 1258 eum
455 1231 489 1259 ab
503 1231 627 1257 universo
647 1226 803 1256 dirimeret?
822 1225 907 1253 Ubina

1036 1223 1121 1254 Θεῐον,
1136 1222 1183 1248 καὶ
1195 1222 1219 1248 εί
1290 1219 1393 1254 διανοίᾳ
1402 1216 1584 1251 καταληπτόν·
1597 1215 1626 1241 ἓν
1637 1214 1689 1249 γὰρ
1706 1222 1783 1249 περι-

159 1286 239 1312 porro
253 1283 320 1308 erat,
336 1277 406 1311 quod
422 1283 501 1310 supra
527 1275 681 1301 universum
704 1271 779 1299 erat?
792 1273 846 1298 Aut
870 1277 904 1304 qu

704 1271 779 1299 erat?
792 1273 846 1298 Aut
870 1277 937 1304 quo-
990 1268 1100 1304 γραφῆς
1110 1264 1180 1298 εἶδος
1195 1267 1243 1293 καὶ
1254 1266 1271 1301 ὴ
1284 1263 1445 1299 κατάληψις.

160 1326 239 1353 modo
253 1324 397 1352 internosci
412 1326 517 1358 poterat
533 1321 570 1353 id,
587 1320 658 1356 quod
675 1319 816 1347 sublimius
827 1322 895 1348 erat,
911 1316 945 1345 ab
963 1322 1006 1348 eo,
1024 1315 1094 1350 quod
1109 1314 1232 1346 inferius,
1249 1320 1309 1341 cum
1328 1311 1416 1339 nu‘llus
1449 1309 1526 1336 limes
1557 1311 1638 1339 esset,
1659 1305 1702 1341 qui
1725 1305 1785 1332 haec

159 1379 314 1402 secerneret
330 1380 361 1399 ac
386 1369 579 1405 distingueret?
591 1369 685 1397 Annon
697 1366 806 1395 omnino
830 1371 941 1393 necesse
960 1367 1002 1391 est
1019 1363 1135 1389 medium
1149 1360 1282 1395 quoddam
1295 1366 1367 1391 esse,
1380 1364 1443 1392 quo,
1455 1356 1529 1384 velut
1561 1353 1685 1385 termino,
1714 1351 1785 1380 diri-

160 1426 248 1447 matur
259 1419 409 1446 universum
421 1417 454 1444 ab
468 1425 510 1449 eo,
523 1415 593 1451 quod
609 1422 689 1449 supra
707 1415 860 1440 universum
875 1411 939 1440 est?
957 1410 1025 1444 Quid
1040 1414 1128 1436 autem
1145 1407 1216 1435 aliud
1249 1407 1300 1434 hoc
1332 1405 1422 1436 fuerit,
1435 1411 1515 1439 quam
1529 1403 1615 1433 locus,
1631 1406 1710 1436 quem
1723 1400 1783 1435 jam

158 1471 222 1493 ante
237 1463 414 1493 exclusimus?
430 1461 551 1490 Nondum
576 1461 648 1488 enim
668 1465 860 1490 commemoro,
885 1456 943 1484 ﬁeri
960 1455 1070 1484 omnino
1088 1461 1139 1481 non
1156 1460 1245 1488 posse,
1279 1452 1344 1486 quin
1376 1450 1597 1484 circumscriptus
1611 1450 1646 1478 sit
1662 1450 1745 1481 Deus,
1757 1448 1783 1475 si

157 1513 250 1540 animo
260 1515 286 1538 et
294 1510 456 1545 cogitatiOne
465 1506 655 1542 comprehendi
664 1509 761 1540 potest.
773 1504 861 1532 Unum
869 1503 968 1538 quippe
976 1500 1234 1535 circumscriptionis
1243 1506 1327 1534 genus
1337 1497 1541 1533 comprehensio
1549 1504 1656 1531 quoque
1665 1497 1722 1532 ipsa
1730 1500 1783 1522 est.

408 1563 449 1591 Ea:
464 1563 554 1592 eadem
575 1562 703 1590 oratione.

261 1630 394 1663 Quorsum
409 1633 498 1655 autem
527 1629 583 1654 haec
607 1626 734 1659 disserui,
763 1625 983 1660 curiosiusqnec

161 1677 289 1707 fortasse,
308 1682 388 1710 quam
406 1674 475 1709 vulgi
495 1681 574 1700 aures
592 1673 689 1705 ferant,
716 1679 746 1699 ac
759 1679 808 1707 pro
822 1679 871 1703 ea,
887 1678 948 1706 quae

166 1723 216 1750 hac
238 1725 397 1756 tempestate
412 1719 494 1754 viget,
511 1718 664 1753 disputandi
675 1718 779 1745 ratione
788 1717 870 1752 (quae,
883 1716 947 1743 sim-

161 1768 226 1804 plici
242 1772 322 1802 atque
337 1766 452 1801 ingenua
471 1772 561 1792 rerum
575 1764 724 1791 divinarum
739 1763 948 1797 pertractatione

164 1817 317 1848 contempta
332 1817 359 1839 et
372 1818 421 1846 pro
436 1809 520 1838 nihilo
533 1809 633 1841 habita,
654 1808 793 1836 subdolum
812 1812 893 1843 atque
904 1808 946 1835 in-

163 1859 282 1886 volutum
299 1857 406 1885 dicendi
422 1864 506 1891 genus
525 1854 644 1888 invexit;
657 1859 685 1882 ut
701 1854 826 1881 nimirum
844 1861 876 1881 ex
890 1853 946 1880 fru-

161 1904 251 1931 ctibus
264 1903 344 1930 arbor
363 1905 392 1935 Α,
411 1902 462 1929 hoc
477 1906 528 1932 est,
542 1905 600 1928 ater
613 1900 656 1927 ille
671 1907 702 1928 ac.
720 1900 877 1927 tenebrosus
891 1899 946 1933 spi—

164 1951 241 1980 ritus,
254 1947 404 1982 huiusmodi
420 1946 572 1980 dogmatum
590 1944 703 1978 aillator,
720 1951 752 1972 ex
769 1945 819 1972 hac
828 1944 947 1978 disputa-

165 1993 245 2020 tionis
256 1992 370 2027 caligine
390 1990 578 2026 agnoscatur)?
596 1989 652 2017 Non
665 1990 736 2017 enim
753 1990 802 2017 hoc
818 1996 850 2016 eo
866 1997 880 2016 a
903 1996 946 2016 me

165 2038 263 2065 factum
288 2042 339 2069 est,
359 2042 388 2064 ut
405 2037 461 2072 ipse
485 2043 592 2071 quoque
615 2043 682 2063 nova
707 2040 735 2063 et
754 2036 787 2063 ab
809 2036 944 2063 hominum

164 2083 287 2110 sensibus
302 2082 388 2110 aliena
413 2081 545 2116 proferre,
572 2085 651 2115 atque
665 2081 763 2108 eximia
787 2081 901 2115 quadam
919 2084 947 2108 et

163 2127 303 2155 rxcellenti
332 2127 461 2162 sapientia
480 2130 592 2153 ornatus
610 2133 672 2153 esse
700 2128 713 2143 ³
739 2125 841 2159 videar,
862 2125 945 2153 nodos

1223 1556 1276 1585 Ἐκ
1291 1556 1344 1583 τοῦ
1358 1554 1453 1583 αὑτοῦ
1469 1555 1578 1590 λόγου.

1106 1624 1184 1655 Τίνος
1199 1620 1246 1650 οὖν
1263 1622 1354 1649 ἕνεκεν
1369 1621 1456 1649 ταῦτα
1478 1621 1593 1657 διῆλθον,
1615 1621 1662 1649 καὶ
1675 1630 1790 1658 περιερ-

998 1669 1108 1704 γότερον
1119 1667 1184 1700 ἴσως
1195 1668 1211 1703 ῆ
1224 1667 1294 1695 κατὰ
1304 1666 1353 1698 τὰς
1367 1666 1421 1692 τῶν
1431 1665 1533 1692 πολλῶν
1545 1666 1639 1699 ἀκοὰς,
1655 1665 1702 1692 καὶ
1714 1665 1788 1692 κατὰ

997 1714 1044 1741 τὸν
1058 1713 1105 1741 νῦν
1195 1712 1384 1748 κεκρατηκότα
1405 1711 1489 1738 τύπον
1500 1711 1554 1737 τῶν
1577 1710 1664 1744 λόγων
1688 1710 1728 1745 (ὃς
1754 1709 1789 1736 τὸ

997 1761 1120 1795 γενναῖον
1128 1759 1175 1786 καὶ
1188 1758 1291 1785 ἁπλοῦν
1311 1757 1460 1793 ἀτιμάσας,
1474 1757 1505 1783 τὸ
1524 1756 1634 1784 ,σκολιὸν
1656 1756 1704 1783 καὶ
1724 1764 1788 1791 γρι-

998 1806 1103 1841 φοειόὲς
1204 1804 1396 1840 ἐπεισήγαγεν
1421 1803 1465 1834 ὼς
1488 1803 1521 1829 ὲκ
1544 1801 1599 1828 τῶν
1618 1801 1731 1837 καρπῶν
1754 1801 1788 1828 τὺ

997 1852 1104 1887 δένδρον
1116 1849 1309 1886 γινώσκεσθαι,
1317 1849 1389 1884 λέγω
1401 1848 1430 1875 δὲ
1447 1848 1477 1875 τὸ
1490 1847 1621 1884 ἐνεργοῦν
1629 1847 1665 1874 τὰ
1672 1846 1787 1874 τοιαῦτα

996 1898 1119 1933 δόγματα
1144 1897 1238 1928 σκότος
1250 1896 1286 1923 ἐκ
1301 1895 1348 1922 τοῦ
1361 1895 1444 1928 ζόφου
1462 1894 1516 1922 τῶν
1535 1893 1717 1929 λεγομένων);
1746 1893 1786 1920 οὐ

996 1945 1050 1980 γὰρ
1063 1944 1107 1971 ἴνα
1121 1943 1168 1970 καὶ
1185 1942 1266 1974 αὐτὸς
1283 1941 1421 1978 παράδοξα
1441 1940 1530 1974 λέγειν
1542 1939 1620 1973 δόξω,
1635 1940 1683 1968 καὶ
1692 1948 1787 1976 περιτ-

996 1991 1041 2022 τὸς
1056 1989 1193 2025 φαίνωμαι
1206 1989 1255 2024 τὴν
1279 1987 1385 2022 σοφίαν,
1404 1987 1511 2014 πλέκων
1596 1987 1783 2022 συνδέσμους,

996 2037 1043 2064 καὶ
1065 2035 1179 2063 διαλύων
1200 2034 1384 2071 κρατούμενα,
1410 2034 1532 2069 τοῦτοδὴ
1545 2033 1576 2060 τὸ
1596 2033 1668 2068 μέγα
1692 2033 1786 2068 Θαῦμιι

995 2082 1043 2109 τοῦ
1058 2082 1166 2117 Δανιήλ-
1180 2081 1237 2108 ἅλλ’
1251 2080 1288 2108 ἶν’
1303 2081 1391 2108 ὲκεὶνο
1403 2079 1566 2115 δηλώσαιμι,
1579 2080 1595 2106 ὃ
1611 2088 1655 2114 μοι
1666 2079 1757 2113 λέγειν
1771 2080 1785 2105 ὁ

996 2127 1074 2163 λόγος
1087 2128 1134 2155 ἀπ’
1145 2127 1233 2163 ἀρχῆς
1248 2127 1371 2163 ὥρμησε.
1453 2125 1539 2152 Τοῦτο
1564 2125 1593 2152 δὲ
1652 2124 1679 2151 τί
1723 2124 1759 2163 ἦν
1774 2133 1782 2157 ;

166 2177 286 2206 metens,
300 2177 380 2207 atque
389 2172 499 2200 astricta
510 2170 677 2204 dissolvens;
690 2170 759 2205 quod
771 2171 877 2205 quidem
891 2179 913 2196 Ill

1048 2173 1084 2209 μὴ
1092 2172 1192 2208 ληπτὸν
1208 2170 1276 2198 εἶναι
1293 2170 1450 2207 ἀνθρωπίνῃ
1462 2170 1565 2205 διανοίᾳ
1587 2169 1618 2196 τὸ
1633 2169 1719 2202 Θεῖον,
1732 2178 1786 2204 μη-

164 2225 246 2252 gnum
260 2217 376 2245 Danielis
385 2217 543 2244 miraculum
559 2216 623 2250 fuit;
642 2223 733 2243 verum
743 2221 770 2243 ut
783 2215 846 2243 illud
856 2220 946 2243 osten-

162 2264 226 2291 dam
239 2283 247 2296 ,
260 2263 333 2301 quod
350 2262 479 2290 orationis
495 2262 627 2297 principio
647 2263 736 2290 dicere
751 2262 924 2290 instituebam
937 2282 944 2294 ,

162 2308 290 2337 nimirum
307 2308 388 2335 Deum
404 2312 478 2336 extra
493 2307 601 2335 humani
620 2307 720 2342 ingenii
742 2312 847 2341 captum
863 2315 922 2335 esse
937 2327 945 2340 ,

165 2362 214 2383 nec
231 2358 325 2387 totum,
343 2357 460 2387 quantus
472 2357 525 2386 est,
540 2353 650 2388 cogitarl
663 2357 744 2389 atque
759 2353 848 2380 animo
861 2353 945 2379 infor-

164 2400 233 2430 mari
242 2407 338 2435 posse;
350 2400 429 2434 idque
439 2407 491 2426 non
501 2399 536 2427 ob
544 2399 672 2427 invidiam
689 2399 778 2434 (longe
789 2399 859 2426 enim
871 2399 947 2426 abest

165 2455 180 2474 α
199 2446 287 2474 divina
302 2450 396 2473 natura
412 2446 517 2473 invidia:
529 2445 607 2479 livor,
625 2449 716 2480 utpote
730 2453 789 2479 quae
801 2445 873 2472 omni
885 2453 947 2480 pcr-

166 2493 316 2521 turbatione
334 2497 421 2525 vacat,
446 2492 556 2526 solaque
572 2491 640 2519 bona
664 2495 692 2518 et
706 2491 811 2519 domina
838 2497 889 2524 est,
915 2499 947 2518 ac

166 2539 313 2575 praesertim
322 2546 383 2574 erga
399 2538 436 2572 id,
457 2538 526 2573 quod
541 2545 572 2565 ex
585 2537 710 2565 omnibus
721 2537 801 2564 rebus
811 2545 825 2563 a
838 2544 867 2564 se
881 2544 945 2563 cun-

165 2585 228 2612 ditis
244 2584 359 2611 maximo
375 2583 401 2610 in
415 2583 500 2618 pretio
511 2583 602 2610 habet.
618 2581 687 2615 Quid
704 2581 775 2609 enim
797 2582 866 2616 apud
882 2581 947 2608 Ver-

164 2631 227 2658 bum
243 2630 332 2664 priore
346 2629 403 2656 loco
418 2635 450 2656 ac
466 2635 579 2656 numero
602 2633 660 2662 est,
685 2635 764 2662 quam
788 2635 846 2663 qum
865 2628 947 2654 ratio-

165 2684 226 2703 nem
256 2683 288 2702 ac
320 2674 452 2702 sermonis
589 2675 744 2702 facultatem
769 2675 947 2710 acceperunt?

165 2722 385 2757 Quandoquidem
401 2722 451 2749 hoc
469 2728 575 2757 quoque
601 2721 699 2756 ipsum.
713 2722 784 2757 quod
808 2728 945 2756 procreata

994 2219 1025 2245 δὲ
1034 2219 1095 2245 ὅλον
1113 2219 1175 2245 ὅσον
1199 2218 1257 2244 ἐστὶ
1279 2216 1473 2252 φαντάζεσϐαν
1490 2216 1633 2243 καὶτοῦτο
1657 2214 1718 2242 οὗτε
1739 2215 1785 2242 διὰ

997 2264 1093 2299 φθόνον
1111 2263 1232 2299 (μακρὰν
1253 2263 1308 2298 γὰρ
1320 2262 1371 2296 τῆς
1394 2262 1470 2294 θείας
1486 2262 1593 2297 φύσεως
1608 2261 1713 2296 φθόνος,
1734 2261 1784 2296 τῆς

996 2319 1028 2345 γε
1044 2309 1177 2342 ἀπαθοῦς,
1192 2309 1239 2336 καὶ
1259 2309 1343 2345 μόνης
1357 2308 1471 2344 ἀγαθῆς,
1484 2308 1531 2335 καὶ
1542 2308 1648 2343 κυρίας.
1660 2307 1707 2334 καὶ
1730 2307 1784 2342 μά-

996 2357 1075 2383 λιστα
1082 2355 1136 2382 τῶν
1151 2355 1248 2381 ἑαυτοῦ
1260 2354 1416 2390 κτισμάτων
1426 2355 1490 2390 περὶ
1499 2354 1530 2380 τὺ
1545 2353 1719 2390 τιμιώτατον.
1752 2351 1789 2379 Τί

995 2403 1051 2439 γὰρ
1129 2401 1211 2438 Λόγῳ
1228 2401 1280 2437 πρὸ
1295 2402 1350 2428 τῶν
1362 2401 1478 2436 λογικῶν
1488 2409 1494 2416 ·
1522 2400 1582 2426 ἐπεὶ
1610 2399 1657 2426 καὶ
1674 2399 1739 2426 αὐτὸ
1755 2400 1788 2427 τὺ

997 2448 1145 2485 ὑποστῆναι
1167 2448 1217 2484 τῆς
1239 2448 1327 2483 ἄκρας
1349 2447 1537 2482 ἀγαϐότητος),
1559 2445 1622 2472 οὔτε
1637 2454 1678 2477 εις
1701 2445 1787 2481 τιμὴν

997 2495 1094 2522 ἑαυτοῦ
1117 2495 1164 2522 καὶ
1188 2495 1266 2528 δόξαν
1289 2494 1336 2520 τοῦ
1360 2494 1503 2531 πλήρους,
1582 2494 1624 2520 ἴνα
1648 2492 1687 2528 τῷ
1702 2493 1788 2527 ἀνεφ-

997 2540 1062 2576 ίκτῳ
1074 2540 1103 2566 τὸ
1116 2540 1205 2575 τίμιον
1217 2540 1266 2576 ἔχῃ
1280 2540 1325 2566 καὶ
1339 2539 1368 2566 τὸ
1384 2539 1540 2574 σεϐάσμιον.
1552 2538 1637 2565 Τοῦτο
1651 2538 1704 2574 γὰρ
1717 2538 1788 2565 πάν-

998 2595 1052 2618 τως
1138 2586 1294 2620 σοφιστικὸν
1306 2586 1353 2613 καὶ
1364 2586 1513 2621 ἀλλότριον,
1523 2589 1559 2621 μη
1574 2586 1614 2612 ὅτι
1623 2584 1701 2616 Θεοῦ,
1726 2585 1788 2612 ἀλλ’

997 2632 1057 2658 οὐδὲ
1085 2630 1228 2667 ἀνθρώπου
1255 2632 1372 2667 μετρίως
1397 2631 1546 2662 ἐπιεικοῦς,
1575 2630 1622 2657 καί
1647 2639 1671 2656 τι
1700 2630 1788 2662 δεξιὸν

999 2677 1087 2713 ἐαυτῷ
1107 2677 1266 2710 συνειδότος,
1295 2678 1327 2703 ὲκ
1343 2676 1390 2703 τοῦ
1405 2676 1519 2703 κωλύειν
1536 2676 1647 2712 ἑτέρους
1663 2675 1692 2702 rb
1712 2684 1788 2711 πρω-

998 2723 1069 2749 τεῖον
1079 2721 1246 2758 πορίζεσθαι.

165 2772 360 2802 sunt,summae
376 2767 512 2802 cujusdam
528 2767 624 2795 divina:
645 2767 773 2795 bonitatis
800 2772 985 2802 argumentum
1000 2767 1062 2801 cst),
1094 2774 1144 2806 nec
1162 2771 1190 2794 ut
1223 2766 1285 2794 inde
1313 2765 1408 2801 ipsius,
1437 2767 1483 2801 qui
1506 2765 1600 2801 plenus
1620 2769 1671 2798 cst,
1689 2765 1786 2793 Ιιοουιὶ

206 2821 216 2840 ι
228 2822 325 2851 Matth.
350 2829 400 2855 vn,
413 2820 459 2850 20.
497 2821 506 2838 '
526 2821 593 2849 Dan.
609 2828 636 2854 v,
650 2820 694 2848 tt.
