1893 3081
80 135 134 167 ὶῦὅ
563 130 754 161 PANOPLIA
774 129 880 160 DOGM

937 130 1012 160 [ΩΑ.
1029 142 1057 148 ν
1078 129 1155 162 TIT.
1173 131 1222 162 IV.
1655 131 1705 163 166

80 191 228 226 εισι-ἱειηιιθ
245 190 393 225 quidquam
412 188 566 220 accederet,
598 194 628 215 ut
657 189 823 216 videlicctev
839 196 872 215 eo
896 189 966 223 quod
986 190 1017 215 ad
1043 189 1100 223 ejus
1127 188 1308 220 cognitionem
1337 189 1468 217 mortales
1495 190 1637 224 pervenire
1662 199 1710 217 ue-

81 244 200 272 queout,
217 239 305 272 major
318 238 351 264 ad
370 238 456 271 ipsum
475 237 562 264 honor
587 244 618 263 ac
640 237 782 264 veneratio
798 237 902 264 redeat.
917 236 1098 272 Sophisticum
1122 237 1194 263 enim
1215 237 1305 271 plane,
1321 241 1403 271 atque
1426 237 1543 265 alienutn
1573 242 1624 271 est,
1657 247 1711 266 non

79 284 172 311 dicam
188 293 202 310 a
219 283 284 314 Deo.
306 283 354 310 sed
370 283 403 309 ab
418 283 536 314 homine,
553 283 681 310 mediocri
695 282 791 310 saltem
814 282 949 317 probitate
970 282 1144 317 cautioreque
1166 283 1290 318 pr.cdito,
1307 288 1390 317 atque
1420 284 1544 318 ingenua:
1568 284 1710 318 cujusdam

81 330 235 357 honestatis
252 329 303 356 sibi
319 329 440 360 conscio,
458 328 635 363 prohibendis
651 328 711 355 aliis
738 328 918 363 principatum
936 328 986 355 sibi
1004 335 1143 362 arrogarc.

124 376 199 403 Ἀλλ’
227 377 253 404 εἰ
285 376 335 411 μὲν
348 376 396 403 καὶ
415 376 450 402 δι’
477 375 561 406 ἄλλας
580 375 684 408 αἰτίας,
715 375 811 403 εἰδεῖεν
837 376 871 404 ἂν

961 375 1061 404 Verum
1082 376 1185 404 aliasne
1213 376 1294 404 etiam
1319 376 1450 410 quasdam
1481 376 1515 402 ob
1542 383 1648 406 causas,
1672 376 1714 401 vi-

82 427 104 453 ai
122 426 264 461 ἐγγυτέρω
274 424 352 457 Θεοῦ,
368 423 415 450 καὶ
430 422 484 449 τῶν
493 421 701 456 ὰνεξιχνιάστων
715 420 797 448 αὐτοῦ
812 429 872 456 κρι-

82 472 174 507 μὰτων
190 471 308 496 ἐπόπται
324 468 371 495 ιιιιῦ¹
385 467 493 503 θεωροὶ,
508 466 587 502 εἴπερ
599 465 651 492 εἰσί
667 474 738 495 τινες
750 465 872 492 τοσοῦτοι

84 519 130 553 τὴν
150 517 263 553 ἀρετὴν.
281 515 329 541 καὶ
351 515 380 541 ὲν
396 513 497 548 ἴχνεσιν
511 511 630 539 ἀϐύσσου
647 511 870 547 περιπατοῦντες,

82 563 110 588 τὸ
134 562 167 597 δὴ
193 561 347 595 λεγόμενον·
377 559 438 585 ὅσον
460 558 481 584 δ’
495 555 541 584 οὗν
565 557 644 592 ἡμεῖς
658 556 871 591 κατειλήφαμεν,

85 609 195 642 μικροῖς
222 606 331 642 μέτροις
354 604 515 640 μετροῦντες
539 602 574 628 τὰ
597 601 782 637 δυσθεώρητα·
801 601 873 636 τάχα

83 654 147 689 μὲν,
163 654 209 679 ἵνα
226 653 264 688 μὴ
283 652 320 686 τῷ
336 651 418 687 ῥᾳδίῳ
441 650 490 684 τῆς
512 649 647 684 κτήσεως,
664 648 748 683 ῥᾴστη
761 647 872 682 γένηται

83 699 133 725 καί
152 699 169 733 ἡ
196 697 243 724 τοῦ
266 696 413 731 κτηθέντος
431 693 563 729 ἀποϐολή.
581 693 655 720 Φιλεῖ
680 693 734 728 γὰρ
763 693 794 720 τὸ
822 692 872 728 μὲν

82 743 162 778 πόνῳ
176 742 276 778 κτηοὲν
294 741 392 777 μᾶλλον
408 740 578 775 κρατεῖσθαι”
598 739 629 766 τὸ
652 739 680 765 δὲ
698 738 797 774 ῥᾳδίως
812 747 874 774 κτη-

83 788 144 818 Θὲν,
158 789 205 814 καὶ
214 787 402 814 ἀποτπύεσοαι
483 786 609 820 τάχιστα,
627 785 665 816 ὼς
677 785 757 812 πάλιν
770 783 874 819 ληφθῆ-

83 841 130 859 ναι
141 830 302 866 δυνάμενον·
317 829 364 855 καὶ
378 827 464 859 οὕτως
555 826 701 862 εὐεργεσία
715 826 877 852 καθίσταται

83 879 113 905 τδ
134 879 172 913 μὴ
189 877 332 912 πρόχειρον
343 876 392 910 τῆς
403 873 573 910 εὐεργεσίας,
589 873 644 903 τοῖς
656 880 687 906 γε
699 871 760 898 νοῦν
773 871 874 907 ἔχουσι.

83 925 164 958 Τάχα
184 924 224 954 δὲ,
244 923 281 954 ὡς
302 922 339 957 μὴ
350 920 448 947 ταυτὸν
462 920 537 955 ἡμᾶς
552 919 590 955 τῷ
603 919 710 945 πεσόντι
729 918 876 954 Ἑωσφόρῳ

82 972 204 1005 πάσχειν
221 993 229 1005 ,
304 969 335 994 ὲκ
351 968 398 995 τοῦ
408 968 438 994 τὺ
449 967 506 1002 φῶς
519 966 579 993 ὅλον
590 966 713 1001 χωρῆσαι
735 965 876 991 κατέναντι

83 1016 190 1051 Κυρίου
200 1014 418 1049 παντοκράτορος
429 1013 590 1048 τραχηλιᾷν,
599 1011 646 1038 καὶ
663 1011 771 1038 πίπτειν
782 1011 814 1037 ὲκ
828 1010 877 1045 τῆς

83 1062 241 1097 ὲπὰρσεως,
257 1060 356 1095 πτῶμα
367 1059 475 1086 πάντων
487 1058 677 1085 ὲλεεινότατον.
690 1056 777 1092 Τυχὺν
789 1056 828 1087 δὲ,
843 1056 877 1082 ἵν’

928 421 1056 453 deriutil,
1069 421 1115 456 qui
1147 420 1202 448 Deo
1224 420 1431 455 propinquiores
1458 422 1714 457 conjunctioresque

928 475 1000 503 sunt,
1016 474 1095 504 atque
1108 469 1390 504 impervestigabilium
1408 469 1493 505 ipsius
1511 470 1674 504 judiciorum
1697 470 1705 486 ¹

929 515 1095 549 inspectores
1109 519 1136 542 et
1153 514 1388 548 contemplatores,
1403 515 1424 542 si
1438 516 1482 548 qui
1498 519 1586 542 tamen
1602 519 1663 542 Sunt
1679 515 1712 541 ad

929 567 988 586 cam
1003 559 1110 587 virtutis
1130 559 1340 594 magnitudinem
1355 559 1453 592 evecti,
1468 565 1550 593 atque
1569 560 1596 586 in
1623 560 1712 595 abyssi

930 605 1048 640 vestigiis
1065 605 1266 632 tleamhttlanles
1294 605 1320 636 ³,
1345 609 1373 632 ut
1400 605 1542 639 proverbio
1566 605 1617 632 dici
1633 606 1711 632 solet.

930 650 1062 684 Quantum
1078 655 1164 677 tamen
1179 657 1238 681 nos.
1255 650 1299 684 qui
1311 650 1416 685 exiguis
1432 651 1546 678 modulis
1563 658 1593 678 ea
1610 658 1669 684 quae
1682 651 1716 677 ad

930 694 1161 728 contemplandum
1184 694 1300 722 difﬁcilia
1312 699 1386 727 sunt,
1398 695 1541 727 tnetimur,
1561 695 1717 729 conjectura

930 740 1035 774 assequi
1045 745 1256 774 possumus,tres
1271 740 1350 775 hujus
1359 740 1491 768 reicausa:
1504 740 1593 767 afferri
1607 746 1717 775 queant.

930 785 1025 823 Prima
1037 785 1139 817 forsan,
1152 793 1195 817 ne,
1208 786 1242 812 ob
1265 786 1430 820 adipiscendi
1445 785 1613 812 facilitatem.
1630 786 1717 813 facilis

931 833 1040 860 quoqtte
1058 833 1096 853 ret
1117 831 1237 860 quaestu:
1246 826 1353 859 jactura
1367 828 1411 855 sit.
1425 827 1468 855 Fit
1491 829 1563 855 enim
1593 828 1659 861 fere.
1688 834 1717 856 ut

929 871 1000 906 quod
1018 879 1071 899 non
1087 871 1146 899 sine
1161 871 1255 900 labore
1270 878 1352 907 atque
1374 874 1507 901 industria
1534 879 1639 908 partum
1664 880 1717 905 est,

928 917 1030 944 arctius
1049 925 1156 952 quoque
1173 923 1317 946 teneatur:
1335 919 1406 953 quod
1421 925 1512 947 autem
1524 920 1596 948 nttllo
1611 921 1718 954 negotio

927 968 1113 997 comparatum
1131 969 1187 996 est,
1215 964 1347 992 citissime
1374 965 1494 998 vilescat,
1511 971 1539 994 et
1564 968 1719 1001 abjiciatur,

927 1012 1019 1043 utpote
1030 1009 1100 1043 quod
1116 1010 1269 1044 recuperari
1288 1010 1372 1044 POSSil
1389 1019 1396 1044 ;
1418 1015 1499 1046 atque
1512 1012 1548 1039 ita
1571 1013 1596 1039 in
1615 1013 1718 1040 beneti-

927 1055 998 1082 cium
1014 1055 1085 1082 cedit
1100 1063 1151 1082 nou
1163 1055 1241 1083 obvia
1256 1056 1299 1083 illa
1316 1057 1502 1090 beneficentia,
1520 1059 1589 1093 apud
1604 1066 1652 1086 eos
1664 1060 1720 1086 sal~
1765 1063 1772 1072 '

83 1106 102 1144 ᾗ
118 1117 146 1134 τι
161 1107 241 1133 πλέον
255 1106 360 1133 ἐκεῖθεν
387 1103 468 1132 ἆθλον
493 1104 650 1140 φιλοπονίας
672 1103 720 1130 καὶ
749 1101 876 1138 λαμπροῦ

937 1107 994 1132 tem,
1008 1101 1054 1135 qui
1079 1101 1226 1135 prudentes
1245 1106 1316 1130 sunt.
1343 1102 1447 1135 Altera,
1474 1111 1508 1130 ne
1537 1104 1606 1131 idem
1631 1106 1720 1137 nobis.

84 1138 146 1188 βίου
167 1153 225 1183 τοῖς
244 1150 360 1178 ἐνταῦοα
371 1138 598 1185 κεκαθαρμένοις,
608 1149 655 1175 καὶ
671 1147 877 1184 μακροθυμοῦσι

84 1199 160 1234 πρὸς
177 1198 207 1224 τὺ
227 1197 405 1232 ποθούμενον.
421 1195 471 1222 Διὰ
493 1195 571 1222 τοῦτο
583 1195 664 1230 μέσος
682 1193 761 1230 ἡμῶν
779 1201 809 1219 τε
830 1193 878 1220 καὶ

85 1245 157 1271 Θεοῦ
179 1245 193 1271 ὁ
218 1243 373 1279 σωματικὺς
390 1238 467 1273 οὗτος
483 1242 591 1268 ἵσταται
612 1241 720 1275 γνόφος,
739 1240 833 1275 ὥσπερ
860 1239 877 1274 ἡ

87 1290 188 1326 θεφέλη
268 1288 383 1316 τοπὰλαι
390 1288 443 1314 τῶν
451 1286 606 1321 Αἰγυπτίων
617 1287 661 1313 καὶ
673 1286 727 1312 τῶν
734 1285 877 1321 Ἐϐραίων.

85 1337 146 1363 Καὶ
172 1335 250 1362 τοῦτό
278 1336 352 1361 ὲστιν
371 1334 448 1365 ἴσως,
463 1333 479 1359 ὃ
503 1332 578 1359 ἔθετο
594 1332 690 1362 σκότος
716 1330 879 1366 ἀποκρυφὴν

85 1380 184 1409 αὐτοῦ,
211 1379 260 1414 τὴν
288 1378 426 1414 ἡμετέραν
440 1377 594 1412 παχύτητα,
614 1376 648 1402 δι’
665 1376 699 1412 ἢν
721 1376 806 1410 ὀλίγοι
832 1375 879 1401 καὶ

87 1426 189 1462 μικρὸν
213 1424 415 1452 διακύπτουσιν.
430 1423 515 1450 Τοῦτο
526 1423 575 1459 μὲν
591 1420 638 1449 οὖν
649 1422 879 1458 φιλοσοφείτωσαν

84 1471 130 1503 οἷς
143 1471 284 1506 ἐπιμελὲς.
302 1471 348 1497 καὶ
355 1470 490 1497 ἀνίτωσαν
503 1469 549 1495 ἐπὶ
563 1469 686 1495 πλεῖστον
705 1468 755 1504 τῆς
770 1467 878 1495 διασκέ-

84 1518 173 1552 ψεως-
191 1517 256 1552 ἡμῖν
272 1516 294 1542 δ’
306 1513 352 1542 οὖν
371 1516 458 1541 ἐκεῖνο
472 1512 610 1549 γνώριμον
626 1513 682 1544 τοϊς
696 1513 817 1548 δεσμίοις
829 1512 879 1547 τῆς

84 1563 152 1598 γῆς,
174 1563 188 1588 ὅ
205 1570 287 1596 φησιν
307 1562 322 1587 ὁ
344 1561 416 1592 θεῖος
435 1560 579 1596 Ἱερεμίας,
595 1558 684 1585 καὶτὸ
703 1558 775 1593 παχὺ
799 1556 879 1584 τοῦτο

87 1608 205 1644 σαρκίον
232 1606 475 1643 περιΰεόλημένοις
492 1612 502 1621 ⁸
580 1605 621 1631 ὅτι
637 1604 731 1639 ὥσπερ
746 1603 879 1630 ἀδύνατον

84 1651 243 1687 ὑπερϐῆναι
326 1650 375 1686 τὴν
391 1649 488 1677 ἑαυτοῦ
506 1648 596 1681 σκιὰν,
614 1648 712 1684 καὶτῷ
729 1648 789 1675 λίαν
805 1648 879 1675 ἐπει-

85 1698 199 1733 γομένῳ
216 1697 322 1732 (φθάνει
344 1697 399 1732 γὰρ
414 1696 458 1723 ἀεὶ
479 1695 616 1728 τοσοῦτον,
632 1694 692 1721 ὅσον
705 1694 882 1730 καταλαμὸά-

929 1145 1000 1180 quod
1025 1146 1149 1174 Lucifero
1164 1147 1201 1174 illi
1220 1148 1347 1184 prolapso
1373 1152 1399 1182 ³,
1416 1150 1537 1183 accidat;
1555 1150 1605 1177 hoc
1617 1156 1670 1183 est,
1689 1158 1722 1178 ne

930 1196 987 1219 toto
1005 1192 1049 1219 illo
1065 1192 1169 1228 fulgore
1197 1193 1297 1228 perfusi
1313 1195 1447 1222 cervicem
1474 1195 1603 1223 adversus
1631 1196 1721 1223 Domi-

929 1245 993 1265 nttm
1005 1239 1219 1273 omnipotentem
1231 1239 1396 1273 attollamus,
1424 1245 1505 1275 atque
1526 1241 1561 1267 ob
1576 1242 1721 1269 elationem

929 1291 1101 1316 corruamus,
1117 1291 1181 1312 casu
1197 1285 1318 1312 omnium
1335 1285 1488 1312 miserrimo
1499 1290 1526 1313 et
1539 1286 1721 1315 calamitosis-

929 1330 1009 1357 simo.
1024 1330 1175 1363 Postrema,
1191 1335 1220 1357 ut
1239 1338 1288 1365 pro
1312 1331 1450 1359 industrize
1474 1339 1530 1358 sua:
1555 1332 1721 1367 illustrisque

930 1375 992 1402 vita:
1004 1375 1116 1409 prmmio
1129 1375 1239 1403 uberius
1254 1375 1355 1409 aliquid
1374 1376 1500 1408 habeant,
1519 1376 1563 1411 qui
1577 1378 1619 1404 hic
1634 1385 1693 1404 sese
1704 1386 1720 1405 a

931 1420 1056 1448 vitiorum
1076 1420 1134 1447 labe
1156 1420 1370 1456 pcrpurgarint,
1388 1428 1420 1448 ac
1436 1428 1492 1447 rem
1516 1424 1669 1449 adamatam
1693 1426 1722 1449 et

929 1466 1076 1501 expetitum
1097 1466 1263 1501 patientibus
1290 1466 1387 1493 animis
1409 1467 1603 1501 exspectariut.
1619 1468 1722 1496 Idcirco

931 1512 1020 1539 media
1038 1511 1109 1540 inter
1126 1520 1175 1539 nos
1187 1520 1218 1540 ac
1230 1512 1315 1540 Deum
1327 1520 1455 1547 corporea
1469 1513 1525 1540 haec
1536 1513 1623 1548 caligo
1637 1514 1722 1542 inter-

929 1558 1002 1593 jecta
1018 1563 1071 1590 est;
1087 1565 1139 1585 non
1154 1565 1232 1586 secus
1252 1565 1283 1586 ac
1299 1559 1383 1586 nuch
1393 1559 1437 1586 illa
1459 1558 1471 1574 ⁵
1487 1559 1550 1586 olim
1563 1559 1633 1587 inter
1641 1559 1722 1596 [Εεν-

933 1605 1004 1639 ptios
1016 1608 1043 1631 et
1056 1603 1195 1631 Hebraeos.
1209 1604 1246 1630 Ac
1258 1602 1373 1631 fortasse
1385 1605 1437 1631 huc
1449 1608 1554 1639 spectat
1567 1604 1631 1632 illud
1647 1604 1722 1632 Scri-

931 1656 1028 1686 pturae,
1036 1649 1128 1677 Posuit
1138 1650 1261 1677 lenubras
1270 1650 1409 1677 latibulum
1419 1651 1469 1677 sibi
1489 1651 1512 1683 ',
1525 1651 1575 1678 hoc
1587 1655 1639 1684 est,
1648 1658 1723 1678 cras-

935 1697 1024 1724 sitiem
1038 1701 1170 1728 nostram,
1186 1703 1239 1730 qua
1262 1695 1304 1729 fit,
1321 1700 1349 1722 ut
1365 1696 1443 1730 pattei
1455 1697 1576 1729 omnino,
1593 1697 1664 1732 iique
1676 1705 1723 1732 pa-

86 1744 191 1775 νεται),
215 1744 300 1778 ἣτοῖς
316 1743 424 1778 ὁρατοῖς
440 1741 590 1777 πλησιάσαι
606 1740 656 1775 τὴν
672 1739 741 1775 ὄψιν,
759 1740 819 1775 δίχα.
833 1739 881 1766 τοῦ

937 1749 994 1768 rum
1014 1742 1156 1769 admodum
1173 1742 1362 1776 transpiciant.
1388 1742 1441 1769 Sed
1458 1742 1492 1769 de
1517 1742 1568 1769 hac
1588 1749 1617 1770 re
1644 1750 1724 1770 accu-

88 1791 119 1816 ὲν
135 1789 212 1824 μέσῳ
226 1789 315 1823 φωτὸς
339 1789 387 1815 καὶ
402 1786 525 1823 ἀέρος,ἥ
551 1786 606 1813 τῶν
633 1785 736 1812 ὑδάτων
759 1785 812 1818 ἕξω
831 1785 881 1822 τὴν

87 1836 194 1870 νηκτὴν
212 1834 294 1869 φύσιν
305 1833 503 1861 διολισθαίνειν·
517 1832 604 1863 οὕτως
618 1831 758 1867 ἀμήχανον
772 1831 829 1862 τοῖς
852 1832 880 1857 ὲν

87 1880 197 1916 σώματι
215 1899 225 1913 ,
313 1879 374 1915 δίχα
391 1879 445 1906 τῶν
465 1877 639 1914 σωματικῶν,
657 1876 746 1912 πάντη
756 1876 881 1910 γενέσθαι

89 1926 160 1961 μετὰ
174 1925 226 1951 τῶν
243 1925 405 1960 νοουμένων.
420 1923 477 1951 Ἀεὶ
490 1924 543 1959 γάρ
557 1931 584 1949 τι
598 1923 815 1957 παρεμπεσεῖται
827 1921 881 1948 τῶν

89 1971 250 2006 ἡμετέρων,
276 1970 327 1997 κᾶν
355 1971 396 1997 ὅτι
419 1969 535 2005 μάλιστα
559 1968 679 2004 χωρίσας
706 1967 800 1994 ἑαυτὸν
830 1967 884 1994 τῶν

90 2016 238 2052 ὕρωμένων
250 2017 264 2042 ὁ
279 2015 351 2047 νοῦς,
366 2015 413 2041 καὶ
426 2015 485 2041 καθ’
497 2013 594 2040 ἑαυτὸν
607 2013 762 2048 γενόμενος,
799 2021 885 2047 προσ-

90 2061 197 2089 δὰλλειν
213 2063 344 2097 ἐπιχειρῇ
353 2063 410 2093 τοῖς
425 2059 569 2095 συγγενέσι
579 2059 627 2086 καὶ
639 2059 774 2095 ἀοράτως.
790 2058 885 2096 Γνώσῃ

87 2107 117 2135 δὲ
128 2107 228 2140 οὔτως.

935 1786 1022 1813 ratius
1046 1785 1281 1820 philosophentur,
1297 1787 1481 1821 altissimaque
1505 1787 1724 1815 consideratione

934 1831 1130 1867 provehantur,
1146 1832 1243 1866 quibus
1254 1832 1280 1859 id
1295 1832 1386 1860 studio
1405 1837 1433 1860 et
1442 1840 1517 1860 cura:
1533 1833 1625 1861 fuerit.
1641 1833 1724 1861 Nobis

934 1877 1038 1912 utique,
1055 1878 1100 1912 qui
1115 1882 1193 1905 terra:
1205 1878 1319 1906 vinculis
1335 1879 1438 1906 astricti
1452 1883 1573 1907 tenemur
1592 1881 1622 1913 ί,
1636 1884 1665 1907 ιιι
1677 1879 1723 1907 .le-

933 1923 1026 1951 remiac
1045 1923 1135 1952 verbis
1150 1929 1221 1957 utar,
1234 1932 1380 1960 crassaque
1395 1926 1446 1954 hac
1460 1933 1545 1954 carne
1560 1926 1723 1960 obtegimur,

935 1969 989 1997 hoc
1001 1970 1172 2005 perspicuum
1194 1975 1246 2004 est,
1266 1971 1337 2005 quod
1354 1972 1578 2006 quemadmodum
1595 1973 1665 2000 nulla
1681 1980 1725 1999 ra-

935 2014 1008 2043 tione
1022 2014 1081 2043 ﬁcri
1185 2021 1283 2050 potest,
1294 2021 1323 2044 ut
1334 2018 1478 2051 quispiam,
1490 2018 1637 2052 quamlibet
1648 2025 1724 2053 gres-

935 2068 995 2089 sum
1023 2064 1131 2096 urgeat,
1162 2061 1285 2088 umbram
1311 2069 1386 2089 suam
1411 2066 1551 2097 pncle'reat
1568 2063 1576 2097 (
1593 2067 1723 2098 quantum

936 2106 1008 2133 enim
1022 2113 1081 2133 eam
1094 2107 1258 2141 assequeris,
1282 2111 1384 2134 tantum
1398 2107 1478 2134 etiam
1494 2107 1536 2134 illa
1553 2115 1659 2142 semper
1675 2115 1724 2135 an.

90 2155 200 2182 tevertit
218 2156 246 2189 ),
263 2158 310 2181 aut
321 2154 414 2182 oculos
431 2153 511 2181 rebus
528 2153 704 2186 inaspectum
719 2151 878 2179 cadentibus
898 2151 966 2180 citra
983 2153 1171 2180 intermediam
1187 2153 1272 2181 lucem
1288 2157 1315 2180 et
1346 2160 1435 2181 aerem
1467 2154 1658 2189 coniungatur,
1679 2157 1723 2180 aut

88 2200 179 2234 pisces
198 2206 276 2227 extra
294 2207 379 2234 aquas
390 2203 499 2231 natent;
520 2199 555 2226 ita
566 2199 646 2226 etiam
659 2198 823 2233 impossibile
855 2202 897 2225 est
915 2198 958 2231 iis,
990 2199 1035 2233 qui
1053 2200 1211 2234 corporibus
1227 2199 1323 2227 inclusi
1347 2204 1421 2232 sunt,
1444 2199 1503 2228 sine
1525 2207 1716 2234 corporearutn

89 2249 123 2274 ac
138 2245 308 2274 sensibilium
333 2252 423 2273 rerum
447 2244 620 2278 adminiculo,
645 2245 727 2272 rebus
751 2244 794 2277 iis,
820 2251 880 2279 quae
917 2245 1008 2272 animo
1043 2253 1074 2273 ac
1099 2245 1203 2273 ratione
1233 2246 1427 2281 intelliguntur,
1451 2247 1562 2274 omnino
1588 2246 1724 2280 conjungi.

89 2293 206 2326 Semper
223 2291 296 2318 euitn
311 2290 398 2317 obiter
412 2289 541 2317 sensibile
555 2289 654 2322 aliquid
667 2296 756 2316 rerum
770 2293 923 2316 nostrarum
939 2289 1045 2322 incidit,
1075 2290 1248 2325 quantumvis
1280 2291 1396 2318 maxime
1412 2295 1503 2318 nostra
1526 2299 1600 2320 mens
1630 2292 1665 2319 ab
1691 2292 1725 2319 iis

90 2339 187 2368 rebus.
204 2344 265 2372 qua:
278 2336 304 2363 in
317 2339 456 2369 aspectum
472 2335 585 2367 cadunt,
599 2335 746 2367 abstracta,
759 2335 878 2369 atquein
897 2335 1012 2370 seipsam
1042 2335 1166 2368 collecta,
1191 2339 1236 2365 res
1267 2341 1414 2371 cognatas,
1433 2341 1460 2365 et
1480 2337 1619 2365 oculorum
1639 2339 1726 2366 aciem

91 2384 230 2420 fugientes
253 2381 361 2417 assequi
387 2389 419 2409 ac
441 2380 580 2416 percipere
605 2380 787 2408 contenderit.
886 2407 909 2436 D

315 2437 364 2465 Ἐκ
382 2437 435 2466 τοῦ
457 2437 552 2466 αὐτοῦ
569 2438 675 2473 λόγου.

126 2498 234 2531 Θεὸν,ὄ
267 2497 294 2524 τί
306 2505 371 2524 ποτε
396 2497 447 2532 μὲν
475 2495 534 2523 ἐστι
565 2497 618 2530 τὴν
646 2496 729 2532 φύσιν
761 2497 808 2524 καὶ
834 2496 885 2532 τὴν

86 2545 198 2577 οὐσίαν,
226 2544 291 2572 οὔτε
308 2552 351 2575 τις
374 2543 457 2579 εὗρεν
484 2543 640 2580 ἀνθρώπων
668 2543 792 2576 πώποτε,
820 2543 883 2570 οὔτε

88 2591 145 2626 μὴν
172 2589 254 2626 εὕρῃ,
276 2590 349 2617 Ἀλλ’
371 2591 396 2617 εἰ
426 2591 477 2626 μὲν
502 2591 616 2626 εὑρήσει
644 2591 722 2624 ποτὲ,
748 2589 885 2625 ζητείσοω

87 2637 184 2670 τοῦτο,
202 2638 250 2663 καὶ
262 2637 464 2673 φιλοσοφείσθω
478 2638 555 2673 παρὰ
569 2637 623 2667 τῶν
636 2637 821 2672 βουλομένωνο
837 2638 885 2664 εὑ-

91 2685 173 2719 ρήσει
201 2684 242 2716 δὲ,
267 2684 306 2716 ὡς
331 2685 346 2710 ὸ
368 2684 435 2719 ἐμὸς
452 2684 544 2718 λόγος,
566 2684 679 2712 ἐπειδὰν
708 2684 739 2711 τὸ
767 2683 884 2717 θεοειδὲς

87 2730 170 2758 τοῦτο
184 2731 234 2757 καὶ
250 2730 334 2764 θεῖον,
353 2731 426 2766 λέγω
440 2731 468 2759 δὲ
481 2731 529 2758 τὸν
545 2732 682 2767 ἡμέτερον
708 2731 772 2758 νοῦν
786 2740 815 2758 τε
834 2731 882 2758 καὶ

91 2777 182 2812 λόγον,
210 2777 250 2813 τῷ
264 2778 359 2813 οἰκείῳ
383 2778 534 2814 προσμίξῃ,
563 2779 612 2805 καὶ
641 2779 658 2814 ἡ
673 2778 758 2805 είκὼν
778 2777 879 2813 ἀνέλθη

1187 2444 1229 2473 Ea:
1243 2445 1332 2472 eadem
1349 2444 1477 2472 oratione.

972 2504 1042 2540 Quid
1057 2504 1166 2532 tandem
1180 2502 1252 2531 Deus
1283 2506 1378 2530 natura
1409 2509 1458 2529 sua
1477 2505 1505 2528 et
1530 2501 1647 2528 essentia
1677 2499 1724 2533 sit,

935 2558 987 2578 nec
1025 2549 1165 2577 hominum
1203 2547 1347 2582 quisquam
1373 2553 1490 2581 unquam
1527 2546 1640 2579 invenit,
1675 2552 1726 2573 nec

937 2596 1061 2624 invenire
1076 2599 1174 2630 potest.
1190 2594 1231 2622 An
1247 2601 1311 2621 vero
1327 2593 1473 2628 aliquando
1487 2592 1521 2620 sit
1552 2592 1723 2624 inventurus,

936 2647 1042 2678 quaerat
1058 2642 1108 2668 hoc
1120 2641 1165 2675 qui
1183 2640 1266 2673 volet,
1282 2647 1313 2667 ac
1325 2643 1522 2675 perscrtttetur.
1540 2637 1598 2666 Mea
1613 2637 1722 2672 quidem

937 2688 1084 2721 sententia,
1101 2692 1155 2714 tum
1169 2686 1277 2714 demum
1293 2686 1344 2713 hoc
1359 2686 1489 2718 inveniet,
1516 2692 1577 2713 cum
1592 2683 1725 2712 deiforme

937 2733 988 2761 hoc
1002 2738 1082 2768 atque
1109 2733 1242 2766 divinum,
1271 2732 1296 2760 id
1314 2736 1365 2766 est,
1394 2739 1469 2759 mens
1485 2734 1579 2759 nostra
1603 2735 1631 2757 et
1655 2729 1724 2756 ratio

933 2787 995 2807 cum
1015 2784 1109 2807 natura
1124 2783 1240 2814 cognata
1255 2779 1400 2813 conjuncta
1415 2777 1505 2810 fuerit,
1524 2781 1552 2805 ct
1576 2775 1665 2810 imago
1688 2775 1723 2801 ad

129 2848 137 2863 '
150 2847 230 2876 Rom.
250 2849 342 2882 xt,53.
364 2848 433 2877 'Job
449 2857 563 2883 auvm,
585 2850 628 2878 l6.
667 2850 677 2867 ³
695 2849 748 2880 lsa.
763 2859 819 2885 XI",
836 2851 876 2879 l2.
916 2851 927 2868 ⁸
940 2851 1022 2879 Exod.
1042 2859 1095 2886 nv,
1112 2851 1157 2881 20.
1196 2853 1206 2869 '
1219 2850 1295 2881 Psal.
1308 2859 1376 2886 xvn,
1396 2849 1439 2891 l3.
1471 2850 1492 2889 ,⁸
1506 2849 1607 2878 Thren.
1618 2855 1659 2883 ιιι,
1674 2847 1719 2876 3L.
