1893 3081
158 114 222 162 ἰδτ

781 122 977 153 EUTllYMll
997 121 1091 152 .ZlG.\
1100 120 1186 150 BEN]

1748 117 1804 150 36$

171 185 309 219 exemplar
323 181 386 210 illud
399 188 490 213 suum,
507 179 584 215 cuius
601 177 815 206 nuncdesiderio
830 177 959 210 tangitur,

1036 176 1081 211 ρὸς
1094 175 1124 202 τὸ
1132 174 1297 209 ἅρχέτυπεν,
1307 169 1391 198 oi;va
1401 171 1458 206 ἔχει
1467 170 1515 205 τὴν
1536 170 1639 204 ἔφεσιν.
1652 171 1705 198 Καὶ
1720 171 1806 199 τοῦτο

173 229 337 258 ascenderit.
352 227 439 260 Atque
454 225 518 253 illud
533 224 596 251 mihi
610 231 670 251 esse
685 223 801 254 videtur,
817 221 887 255 quod
906 221 962 254 pri-

173 277 289 305 marium
305 273 483 310 philosophiae
498 275 579 305 caput
593 274 646 302 est,
668 275 763 303 nempe
775 274 823 294 uos
842 266 963 300 aliquau-

175 325 209 352 do
229 327 334 350 tantum
354 320 523 354 cognituros,
540 322 671 352 quantum
692 311 962 349 coguitisumus.‘At

175 370 202 396 in
219 369 270 396 hac
297 366 402 393 mortali
435 364 488 391 vita
517 361 647 397 quidquid
672 361 704 388 ad
719 368 769 388 nos
793 367 877 394 usque
903 366 963 394 per-

178 413 268 448 tingit,
285 411 357 438 aliud
373 410 438 437 nihil
468 413 520 441 est,
547 415 627 442 quam
650 405 766 441 exiguus
791 405 898 439 quidam
926 403 964 431 ri-

178 459 274 492 vulus,
302 464 333 485 ac
366 457 438 483 velut
476 461 575 490 parvus
613 460 717 488 magnae
757 451 825 479 lucis
861 451 962 478 radius.

179 505 361 539 Quamobrem
377 502 400 530 si
413 503 475 538 quis
485 502 571 528 Deum
591 499 730 535 cognovit,
746 504 802 531 aut,
821 498 965 532 Scriptura

180 557 259 584 teste,
289 550 449 585 cognovisse
469 548 579 579 dicitur,
599 552 714 574 eatenus
725 545 884 579 cognovisse
901 550 964 571 ceu-

183 597 343 627 seudusest,
355 600 488 630 quatenus
501 593 634 621 uberioris
652 591 805 627 splendoris
826 590 964 625 particeps

1013 221 1084 249 εἶναί
1104 230 1149 256 μοι
1164 221 1237 246 δοκεῖ
1251 220 1282 245 τὸ
1297 219 1366 245 πάνυ
1385 217 1615 252 φιλοσοᾳούμενον
1625 237 1633 248 .
1652 218 1805 251 ἐπιγνώσε-

1015 269 1078 294 aen
1108 275 1173 294 ποτε
1205 267 1297 302 ἡμᾶς,
1329 266 1392 292 ὅσον
1427 263 1598 299 ἑγνώσμεθα.
1631 264 1667 289 Τὸ
1696 264 1723 290 δὲ
1756 265 1807 290 νῦν

1015 313 1094 345 εἶναι,
1115 312 1229 349 βραχεῖά
1243 320 1285 344 τις
1301 310 1426 346 ἀπορῤοὴ
1439 311 1493 337 πίν
1509 311 1538 336 τὸ
1548 310 1588 341 εὶς
1604 310 1677 345 ἡμᾶς
1691 311 1809 344 φθάνον,

1016 363 1064 388 καὶ
1073 358 1128 387 οἷον
1137 359 1256 395 μεγάλου
1267 358 1354 393 φωτὸς
1365 356 1465 393 μικρὸν
1474 356 1656 390 ἀπαύγασμα.
1667 357 1748 383 Ὥστε
1760 359 1807 383 καὶ

1017 407 1044 433 εῐ
1055 415 1096 438 τις
1109 407 1180 440 ἔγνω
1191 405 1267 438 Θεὸν,
1279 404 1297 440 ἢ
1313 403 1462 438 ἐγνωκέναι
1477 402 1700 438 μεμαρτύρηται,
1711 403 1796 429 τοσοῦ

1017 461 1063 479 τον
1077 453 1160 487 έγνω,
1178 452 1240 479 ὅσον
1258 451 1338 478 ἄλλου
1347 449 1385 485 μὴ
1400 449 1431 476 τὸ
1441 449 1498 475 ίσον
1508 448 1709 483 ἐλλαμφθέντος
1719 449 1810 483 φα.νῆ-

1018 505 1063 524 ναι
1081 496 1257 531 φωτοειδέστε
1263 504 1307 530 ρος
1318 503 1326 511 ⁸
1338 494 1424 522 καὶτὸ
1433 493 1614 528 ὑπερϐάλλον,
1630 493 1733 520 τέλειον
1748 494 1808 520 ὲνο-
1819 521 1830 527 _

1022 543 1116 579 μισθη,
1131 543 1160 568 οὺ
1186 543 1219 577 τῇ
1247 541 1372 577 ἀληθείᾳ,
1386 542 1420 576 τῇ
1435 541 1463 567 δὲ
1478 540 1524 567 τοῦ
1554 539 1668 574 πλησίον
1694 540 1814 574 δυνάμει

1017 596 1056 614 πα
1061 597 1093 624 ρα
1098 586 1199 623 μετρού
1204 595 1298 622 μενον.

183 647 230 679 sit,
248 654 327 680 quam
343 645 388 680 qui
407 644 495 671 minus
518 642 626 669 luminis
642 640 770 668 divinitus
789 638 903 674 accepit.
927 637 965 664 Ita
985 636 1176 671 exsuperantia
1203 636 1278 668 hmo,
1295 634 1414 670 perfer-ta
1443 634 1564 669 cognitio
1588 634 1741 661 existimata
1757 638 1814 664 est,

186 702 239 723 non
258 694 291 722 ad
307 694 346 721 rei
361 692 445 728 ipsius
460 690 613 722 veritatem,
627 688 675 716 sed
691 689 724 715 ad
737 687 852 715 aliorutn
872 685 1010 713 modulum
1026 689 1054 711 et
1074 683 1232 711 facultatem
1245 689 1391 718 perpensa.

222 742 354 777 Quocirca
400 739 473 768 Eoos
511 737 620 774 quidem
663 742 739 770 spem
777 734 870 763 habuit
908 733 967 761 fore

181 794 211 816 ut
232 789 374 815 Dominum
392 787 531 813 invocaret
552 784 563 800 ¹
578 791 586 810 :
599 781 644 810 ubi
659 781 734 808 vides
745 786 820 814 spem
838 779 970 806 duntaxat

181 836 256 862 ineo
272 832 388 864 laudari,
403 837 517 865 eamque
539 835 591 856 non
604 825 777 862 cognitionis,
794 824 842 851 sed
859 823 969 850 invoca-

184 879 275 907 tiouis.
291 878 387 906 .Enoch
408 881 508 907 autem,
538 872 661 909 quamvis
679 870 825 898 translatus
848 868 930 896 fuerit
944 869 969 901 ³,

1055 732 1106 759 Διὰ
1136 731 1216 758 τοῦτο
1264 729 1347 762 Ἐνὼς
1379 729 1430 766 μὲν
1469 729 1587 764 ἣλπισεν
1623 727 1818 755 ἐπικαλεῖσθαι

1020 778 1066 805 τὸν
1083 777 1124 805 KG
1130 786 1194 814 ριον·
1209 776 1287 808 ἐλπὶς
1299 776 1328 802 τὸ
1345 774 1562 810 κατορθούμενον
1577 772 1621 809 ἦν,
1633 773 1768 800 καὶτοῦτο
1782 775 1815 800 οὐ

1021 823 1157 858 γνώσεως,
1172 822 1229 849 ἀλλ’
1242 822 1423 858 ἐπικλήσεως.
1445 819 1531 855 Ἑνὼχ
1548 819 1577 846 δὲ
1600 818 1731 854 μετετέθη
1752 819 1815 853 μὲν,

1020 869 1097 896 οὔπω
1112 869 1140 895 δὲ
1160 868 1249 904 δῆλον,
1264 869 1288 894 εἰ
1301 867 1369 894 Θεοῦ
1385 866 1466 900 φύσιν
1488 864 1653 901 περιλαϐὼν,
1669 864 1686 899 ἧ
1699 863 1816 898 περιλη-

184 925 305 953 nondum
326 929 416 950 tamen
435 924 560 952 constat,
579 926 612 946 an
634 917 680 945 Dei
705 921 830 944 naturam
850 920 972 948 compre-

1036 914 1148 950 ύμενος.
1165 913 1218 940 Τοῦ
1232 913 1261 940 δὲ
1271 913 1343 945 Νῶε,
1359 911 1441 939 καλὸν
1458 911 1475 946 ὴ
1496 910 1685 946 εὐαρέστησις,
1701 908 1749 935 τοῦ
1767 909 1818 935 καὶ

187 970 329 1002 heuderit,
357 973 403 995 aut
425 964 675 1001 comprehensurus
698 963 743 990 sit.
765 961 825 989 Jam
848 960 913 993 Noe,
929 959 971 987 cui

186 1016 261 1043 orbis
284 1013 403 1042 universi
429 1012 464 1040 ab
491 1018 622 1046 aquarum
652 1007 774 1044 periculo
793 1005 973 1034 conservandi

187 1069 252 1089 cura
274 1059 377 1087 credita
402 1063 445 1086 cst
462 1059 486 1089 ι,
502 1056 543 1084 vel
566 1055 653 1090 potius
678 1054 752 1082 orbis
779 1053 881 1080 semina
901 1058 975 1079 com-

187 1105 390 1139 missa,exiguo
402 1103 474 1138 ligno
485 1100 614 1129 diluvium
627 1099 756 1134 fugientia
776 1099 799 1130 ⁸,
814 1097 878 1124 hinc
887 1095 974 1124 solum

189 1152 293 1178 laudem
302 1155 465 1177 consecutus
477 1152 527 1180 est,
539 1146 610 1181 quod
623 1145 678 1173 Deo
701 1148 794 1180 gratus
807 1148 835 1170 et
848 1146 976 1176 acceptus

190 1198 294 1225 ruisset.
311 1197 424 1231 Magnus
441 1201 522 1229 porro
538 1193 582 1221 ille
602 1191 758 1228 patriarcha
773 1189 921 1220 Abraham,
940 1195 976 1215 ex

189 1243 243 1271 ﬁde
256 1243 365 1277 quidem
390 1240 553 1275 jttstilicatus
568 1244 610 1266 est
628 1239 653 1270 ',
672 1245 702 1265 ac
715 1243 811 1264 novam
830 1239 857 1262 et
871 1234 976 1262 inaudi-

191 1295 245 1315 tum
264 1287 411 1319 victimam,
427 1292 585 1320 magnaeque
599 1283 670 1311 illius
695 1283 808 1317 ﬁguram
825 1284 976 1316 gerentem,

189 1333 286 1361 obtulit
305 1333 316 1348 ⁷
332 1342 339 1359 ;
355 1337 382 1359 at
397 1332 482 1359 Deum
502 1338 558 1358 non
580 1335 611 1356 ut
623 1330 710 1356 Deum
721 1327 870 1361 conspexit,
884 1325 931 1353 sed
948 1328 978 1352 ut

190 1380 327 1407 hominem
345 1378 412 1405 aluit
429 1380 440 1396 ε
456 1386 464 1409 ;
483 1385 514 1404 ac
536 1375 648 1412 proinde
679 1374 804 1402 laudatus
824 1378 875 1404 est,
893 1371 975 1406 quod.

190 1430 320 1459 quantum
350 1423 482 1459 percepit,
505 1426 610 1449 tantum
634 1427 743 1455 quoque
763 1422 908 1446 veneratus
924 1419 975 1443 est.

194 1470 261 1497 Nam
295 1469 360 1504 quid
389 1469 423 1495 de
442 1467 526 1495 Jacob
544 1467 644 1498 dicam,
671 1464 718 1500 qui
747 1463 812 1490 licet
834 1461 977 1489 sublimem

195 1517 338 1552 quamdam
350 1515 464 1546 scalam,
478 1517 505 1541 et
518 1512 696 1540 ascendentes
712 1508 820 1544 angelos
833 1507 859 1534 in
876 1506 978 1535 somnis

1021 960 1124 995 κόσμον
1140 959 1200 986 ὅλον
1212 958 1242 991 ἐξ
1257 958 1360 985 ὑδάτων
1373 956 1559 984 διασώσασθαι
1573 954 1774 986 πιστευθέντος,
1798 955 1815 989 ἦ

1023 1004 1127 1039 κόσμου
1142 995 1299 1039 σπέρματα,
1310 1002 1381 1038 ξύλῳ
1394 1002 1484 1038 μικρῷ
1496 1001 1623 1036 φεύγοντι
1693 1000 1743 1034 τὴν
1756 999 1818 1026 ὲπί-

1023 1049 1128 1076 κλυσιν.
1149 1048 1275 1084 ’Δϐραὰμ
1286 1048 1315 1074 δὲ
1329 1046 1476 1082 ἐδικαιώθη
1487 1047 1535 1081 μὲν
1549 1047 1581 1072 ὲκ
1596 1045 1725 1076 πίστεως,
1739 1046 1753 1071 ὁ
1767 1044 1818 1080 μέ-

1023 1103 1074 1130 γας
1095 1094 1277 1130 πατριάρχης,
1294 1094 1341 1120 καὶ
1355 1093 1413 1120 θύει
1427 1092 1521 1120 θυσίαν
1534 1091 1622 1128 ξένην,
1637 1091 1684 1118 καὶ
1697 1090 1749 1125 τῆς
1764 1098 1815 1125 με-

1024 1140 1111 1175 γάλης
1136 1141 1292 1166 ἀντίτυπον
1310 1139 1377 1166 Θεὸν
1401 1139 1430 1165 δὲ
1453 1139 1503 1173 οὐχ
1521 1138 1559 1169 ὡς
1579 1137 1645 1163 Θεὸν
1661 1134 1742 1168 εἶδεν,
1757 1135 1816 1162 ἀλλ’

1024 1186 1062 1219 ὡς
1077 1186 1220 1221 ἄνθρωπον
1243 1186 1352 1222 ἔθρεψε,
1368 1185 1415 1212 καλ⁹
1439 1184 1568 1221 ἐπῃνέθη,
1586 1183 1729 1214 σεϐασθεὶς
1753 1183 1817 1209 ὅσον

1026 1233 1186 1261 κατέλαϐεν.
1210 1232 1306 1260 Ίακὼὸ
1321 1232 1359 1264 δὲ,
1377 1231 1499 1266 κλίμακα
1513 1230 1562 1265 μὲν
1576 1229 1682 1264 ὑψηλὴν
1699 1228 1816 1263 ἐφαντά-

1026 1278 1077 1313 σθη
1090 1278 1161 1310 τινὰ,
1183 1277 1230 1304 καὶ
1245 1277 1367 1311 ἀγγέλων
1393 1276 1496 1309 ἄνοδον,
1517 1275 1565 1301 καὶ
1586 1274 1687 1309 στήλην
1709 1273 1819 1307 ἀλείφει

1028 1323 1164 1359 μυστικῶς
1185 1323 1264 1358 (ἴσως
1285 1323 1327 1349 ἵνα
1347 1321 1392 1348 τὸν
1413 1321 1483 1356 ὑπὲρ
1495 1319 1574 1356 ἡμῶν
1588 1319 1732 1354 ἀλειφέντα
1746 1318 1821 1345 λίθον

1028 1369 1235 1406 παραδηλώσῃ),
1264 1369 1311 1396 καὶ
1330 1367 1404 1399 οἶκος
1417 1367 1484 1394 Θεοῦ
1568 1366 1643 1401 τόπῳ
1660 1365 1714 1391 τινὶ
1733 1373 1820 1401 προσ-

1027 1415 1139 1451 ηγορίαν
1150 1415 1266 1446 δίδωσιν,
1278 1415 1317 1445 είς
1339 1414 1422 1449 τιμὴν
1438 1413 1485 1440 τοῦ
1499 1411 1638 1447 ὀφθέντος,
1653 1409 1701 1437 καὶ
1720 1410 1760 1442 ὡς
1774 1410 1821 1437 ἁν-

1027 1459 1128 1496 θρώπῳ
1138 1459 1177 1495 τῷ
1186 1459 1246 1495 Θεῷ
1258 1458 1450 1494 προσπαλαίει,
1464 1458 1482 1493 ἦ
1496 1457 1538 1489 τίς
1550 1457 1615 1483 ποτέ
1627 1458 1700 1497 ἐστιν
1711 1457 1728 1491 ἡ
1747 1456 1822 1491 πάλη

1027 1505 1094 1532 Θεοῦ
1114 1505 1183 1541 πρὸς
1203 1504 1356 1540 ἄνθρωπον,
1373 1503 1390 1539 ἢ
1409 1503 1479 1538 τάχα
1500 1503 1549 1538 τῆς
1559 1501 1735 1536 ἀνθρωπίνης
1755 1502 1823 1536 ἁρε-

191 1561 367 1595 conspicatus
384 1559 419 1586 sit
436 1561 465 1591 ⁹,
482 1566 514 1585 ac
531 1557 685 1585 columnam
703 1561 756 1583 non
773 1554 831 1581 sine
851 1551 973 1589 mysteric

1036 1550 1077 1586 τῆς
1098 1551 1166 1586 πρὸς
1180 1550 1247 1577 Θεὸν
1260 1549 1446 1583 ἁντεξέτασις,
1464 1548 1511 1575 καὶ
1532 1547 1653 1583 σύμϐολα
1669 1547 1717 1581 τῆς
1731 1546 1823 1582 πάλης

192 1606 309 1640 quodam
326 1604 434 1631 unxerit
444 1603 572 1637 (fortasse
591 1605 622 1628 ut
636 1600 750 1635 lapidem
770 1597 864 1626 salutis
881 1601 980 1624 nostra

192 1659 275 1678 causa
298 1655 408 1677 unctum
442 1646 634 1683 signiﬁcaret),
654 1651 736 1680 atque
761 1644 787 1671 in
810 1642 880 1677 ejus,
900 1648 979 1676 quem

195 1699 394 1730 conspexerat,
421 1694 568 1726 honorem,
596 1692 655 1719 loco
679 1690 784 1718 cuidam
807 1688 902 1715 donuts
931 1685 979 1713 Dei

194 1745 401 1777 cognomentum
423 1738 592 1775 imposuerit,
609 1745 642 1765 ac
665 1744 726 1765 cum
752 1735 807 1762 Deo
822 1732 899 1769 quasi
919 1738 980 1759 cum

194 1776 306 1815 homine
319 1786 422 1814 luctam
443 1785 546 1817 inierit,
559 1789 726 1819 quaecunque
747 1780 855 1808 tandem
873 1778 919 1806 illa
933 1776 981 1805 Dei

194 1841 257 1861 cum
273 1833 382 1860 homine
401 1833 473 1859 lucta
488 1838 549 1859 esse
569 1833 661 1865 queat.
680 1827 728 1855 His
739 1826 812 1854 enim
825 1824 915 1853 verbis
926 1822 982 1850 l'or-

196 1886 268 1908 tasse
282 1879 348 1907 nihil
372 1879 446 1906 aliud
471 1878 617 1909 indicatur,
629 1883 709 1910 quam
731 1875 854 1901 humanae
875 1871 981 1898 virtutis

195 1933 258 1952 cum
275 1925 365 1953 divina
379 1923 558 1959 comparatio,
572 1922 706 1955 luctaque
724 1919 812 1954 signa,
828 1925 887 1953 qua:
900 1924 981 1944 crea-

1028 1597 1075 1624 ἐπὶ
1100 1597 1148 1624 τοῦ
1166 1596 1290 1631 σώματος
1316 1595 1404 1631 φέρει,
1435 1594 1484 1630 τὴν
1502 1594 1586 1630 ἧτταν
1602 1592 1824 1630 παραδεικνύντα

1029 1642 1079 1678 τῆς
1105 1643 1238 1678 γεννητῆς
1318 1641 1436 1676 φύσεως,
1449 1640 1496 1667 καὶ
1512 1638 1593 1667 ἆθλον
1615 1639 1758 1670 εὐσεϐείας
1773 1639 1825 1674 τὴν

1032 1687 1181 1722 μεταϐολὴν
1192 1686 1240 1722 τῆς
1249 1685 1435 1722 προσηγορίας
1444 1684 1587 1720 λαμϐάνει,
1598 1682 1824 1719 μετονομασθεὶς,

1031 1732 1092 1760 ἀντὶ
1114 1731 1221 1763 Ἰακὼϐ,
1242 1730 1361 1767 Ἰσραὴλ,
1387 1730 1465 1758 τοῦτο
1478 1730 1510 1766 δὴ
1533 1730 1564 1757 τὸ
1581 1730 1652 1766 μέγα
1667 1729 1715 1756 καὶ
1729 1729 1825 1764 τίμιον

1031 1778 1126 1814 ὸνομα·
1144 1778 1232 1805 ὲκεῖνο
1255 1777 1294 1809 δὲ,
1315 1776 1378 1804 οὔτε
1391 1776 1486 1809 αὐτὸς,
1500 1775 1563 1802 οὔτε
1586 1784 1629 1807 τις
1645 1775 1715 1811 ὑπὲρ
1742 1775 1826 1802 αὑτὸν

1035 1825 1117 1860 μέχρι
1136 1824 1256 1860 σήμερον
1284 1823 1456 1859 ἐκαυχήσατο
1470 1821 1525 1848 τῶν
1538 1821 1642 1848 δώδεκα
1661 1820 1765 1855 φυλῶν,
1788 1817 1826 1847 ὧν

1029 1871 1125 1906 πατὴρ
1155 1868 1200 1906 ἦν,
1219 1869 1260 1896 ὃτι
1292 1868 1359 1895 Θεοῦ
1392 1867 1473 1903 φύσιν
1498 1866 1515 1902 ἢ
1538 1866 1600 1902 ὄψιν
1620 1866 1684 1902 ὃλην
1714 1865 1826 1902 ἐχώρη-

1033 1926 1079 1944 σεν
1088 1936 1094 1943 .

200 1973 253 1994 tam
277 1974 401 1995 naturam
421 1948 520 1994 virctam
551 1948 615 1993 esse
638 1948 822 1995 ostenderent,
836 1948 883 1989 Din
908 1967 1022 1995 corpore
1039 1959 1143 1992 tulerit,
1163 1965 1196 1986 ac
1221 1957 1338 1992 denique
1362 1962 1411 1990 pro
1438 1952 1547 1989 pietatis
1570 1949 1681 1986 przemio
1705 1948 1827 1976 nominis

199 2013 440 2040 ctttntttulatiottem
468 2010 622 2046 acceperit,
652 2016 701 2043 pro
725 2008 808 2036 Iacob
838 2007 983 2039 nimirum,
1005 2012 1104 2040 magno
1121 2004 1167 2032 illo
1192 2008 1220 2032 et
1240 2002 1343 2031 eximio
1356 2000 1467 2029 lsraelis
1496 1997 1606 2026 nomine
1637 1999 1826 2030 nuncupatus;

200 2059 252 2085 hoc
276 2063 364 2085 tamen
385 2064 434 2084 nec
457 2041 596 2091 ipsefnec
613 2055 755 2089 quisquam
778 2060 811 2080 eo
832 2051 984 2084 sublimior,
1005 2051 1124 2078 adhunc
1140 2056 1226 2085 usque
1242 2049 1313 2077 diem
1323 2047 1353 2075 iu
1371 2046 1500 2075 omnibus
1527 2043 1669 2072 duodecim
1689 2041 1827 2071 tribubus,

199 2111 316 2138 quarum
333 2107 412 2138 pater
425 2089 538 2134 exstitit,
553 2099 662 2136 gloriari
686 2098 882 2134 magniﬁcoque
913 2096 1062 2138 praedicare
1088 2096 1186 2132 potuit,
1216 2102 1246 2123 se
1270 2097 1353 2122 totam
1379 2092 1427 2120 Dei
1459 2096 1584 2119 naturam
1618 2089 1709 2117 animo
1729 2095 1827 2122 perce-

199 2156 282 2185 μδεε.

328 2196 383 2224 Nec
405 2204 470 2224 vero
492 2195 567 2228 Elite,
580 2195 622 2223 vel
644 2195 756 2230 spiritus
773 2195 928 2230 vehemens,
942 2195 985 2226 vo!

199 2243 282 2278 ignis,
300 2243 341 2270 vel
357 2247 440 2270 terrm
464 2242 616 2274 concussio,
677 2244 708 2268 ut
767 2241 888 2269 historiae
900 2249 986 2269 sacrm

198 2289 382 2316 monumentis
393 2288 528 2322 proditum
544 2292 595 2321 est,
614 2287 660 2315 sed
679 2294 744 2314 aura
759 2288 880 2322 quaedam
897 2287 986 2316 tenuis

199 2335 249 2362 hei
265 2334 447 2367 prmsentiam.
459 2340 512 2360 non
525 2337 619 2360 autem
637 2337 762 2359 naturam
775 2333 875 2367 ipsam.
887 2333 984 2361 adum-

199 2381 330 2407 lrravit“.
347 2380 434 2415 Ipsum
460 2379 545 2406 Eliam
572 2379 643 2411 dico,
667 2385 746 2413 quem
769 2379 863 2413 igneus
878 2387 984 2414 quoque

198 2434 296 2453 currus
319 2427 344 2452 in
375 2425 472 2452 celum
496 2425 631 2457 evexit“,
646 2424 811 2459 signiﬁcans,
829 2428 858 2452 ut
878 2425 983 2459 opinor,

199 2473 365 2508 singularem
380 2471 525 2507 quamdam
552 2470 669 2498 hominis
685 2470 824 2503 virtutem,
843 2474 923 2505 atque
935 2471 986 2499 hu-

200 2525 310 2544 manum
325 2516 465 2551 fastigiqu
483 2517 669 2543 excedentem.
683 2516 775 2550 Quid?
791 2516 848 2544 Non
865 2521 892 2544 te
903 2517 984 2552 judcx

200 2563 244 2590 ille
264 2562 371 2594 Mauue,
394 2570 426 2590 ac
449 2561 545 2589 Petrus
565 2561 713 2596 apostolus,
734 2562 913 2590 admiratione
929 2562 985 2589 aﬂi—

200 2607 296 2634 ciunt?
319 2608 438 2641 Quorum
461 2607 530 2634 altcr
551 2615 584 2634 ne
602 2613 776 2642 conspectum
794 2608 903 2643 quidem
924 2608 983 2642 Dei,

200 2662 248 2689 per
271 2654 415 2688 inmginem
437 2653 488 2688 ipsi
510 2653 690 2687 ohversantis,
716 2654 786 2681 ferre
811 2658 926 2688 poterat,
952 2661 984 2681 ac

240 2709 248 2724 ¹
263 2709 270 2735 I
286 2709 349 2736 Cor.
364 2716 423 2740 xm,
442 2708 486 2736 l2.
525 2710 534 2725 ¹
549 2710 617 2738 Gen.
635 2717 671 2742 tv,
690 2710 736 2738 ‘26.

205 2787 282 2814 εει-ηρ.
323 2780 342 2795 ¹¹
359 2778 391 2806 1V
406 2779 470 2814 Heg.
495 2787 525 2813 ιι,
544 2780 588 2808 ll.

214 2745 219 2752 _
240 2711 248 2724 ¹
262 2711 349 2752 LCor.
364 2711 496 2752 ιιιιιη..
549 2711 617 2738 Gen.
635 2717 671 2742 tv,
690 2711 736 2752 26.
775 2711 785 2727 ³
802 2711 869 2739 ὓτιη.
887 2711 968 2743 v.24.

1036 2712 1102 2752 G_en.
1120 2720 1158 2743 vi,
1179 2712 1305 2752 l5_sgqq.

204 2745 242 2775 li;
262 2743 343 2783 Rom:
361 2744 447 2783 ιχηβ.
486 2745 496 2759 ⁷
510 2743 581 2783 Gott:
598 2754 641 2773 xxt
654 2753 674 2777 I,
693 2746 709 2772 Ξ
726 2753 803 2782 ς’·(ιιῐ.
840 2747 851 2762 ’⁸
866 2747 922 2774 Gen
951 2756 973 2774 ιη

1045 2749 1063 2774 2
1085 2756 1162 2783 seqq.

1141 2193 1219 2229 Ἠλίᾳ
1240 2193 1279 2227 δὲ,
1294 2192 1356 2220 οῦτε
1372 2192 1481 2228 πνεῦμα
1500 2192 1596 2228 βίαιον,
1611 2193 1674 2220 οὔτε
1691 2193 1759 2229 πῦρ,
1769 2194 1832 2222 οὔτε

1039 2240 1213 2275 συσσεισμὸς,
1235 2239 1273 2271 ὡς
1294 2239 1342 2274 τῆς
1356 2239 1476 2274 ἱστορίας
1498 2238 1622 2270 ἀκούεις,
1645 2238 1703 2266 ἀλλ’
1723 2240 1740 2274 ὴ
1758 2239 1832 2276 αὖρα

1037 2295 1078 2318 τις
1090 2286 1166 2320 ὀλίγη
1179 2285 1228 2321 τὴν
1238 2285 1285 2312 τοῦ
1291 2285 1360 2311 θεοῦ
1372 2285 1532 2321 παρουσίαν,
1546 2283 1695 2318 καὶταῦτα,
1704 2285 1734 2311 οὒ
1748 2286 1831 2320 φύσιν

1036 2332 1267 2368 ὶσκιαγράφησεν.
1285 2331 1365 2367 Ἠλίᾳ
1376 2332 1445 2364 τίνι;
1466 2331 1498 2358 ὃν
1509 2331 1557 2357 καὶ
1574 2331 1650 2366 ᾰρμα
1672 2330 1760 2366 πυρὸς
1785 2332 1831 2359 ἀν-

1038 2379 1099 2412 άγει
1121 2379 1190 2414 πρὸς
1202 2377 1326 2414 οὐρανὸν,
1341 2377 1438 2412 δηλοῦν
1448 2376 1498 2403 τοῦ
1518 2376 1625 2403 δικαίου
1641 2376 1672 2403 τὸ
1688 2376 1759 2412 ὑπὲρ
1780 2377 1829 2404 ἄν·

1038 2425 1155 2460 θρωπον.
1171 2423 1270 2450 Μανωὲ
1287 2423 1315 2449 δὲ
1329 2422 1375 2449 τὸν
1389 2421 1484 2458 κριτὴν
1502 2421 1646 2457 πρότερον,
1663 2422 1711 2448 καὶ
1722 2421 1827 2458 Πέτρον

1037 2470 1082 2496 τὸν
1099 2469 1221 2505 μαθητὴν
1238 2468 1361 2504 ὕστερον,
1376 2467 1434 2499 πῶς
1455 2467 1486 2494 οὺ
1497 2466 1688 2502 τεθαύμακας
1707 2467 1753 2494 τὸν
1776 2468 1827 2503 μὲν

1037 2515 1097 2542 οὐδὲ
1114 2515 1175 2550 ὄψιν
1198 2514 1315 2550 φέροντα
1338 2513 1385 2540 τοῦ
1403 2513 1600 2547 φαπασθέντος
1617 2513 1695 2545 Θεοῦ,
1711 2513 1759 2540 καὶ
1785 2514 1828 2541 διὰ

1036 2561 1125 2593 τοῦτο,
1147 2561 1362 2595 Ἄπῡλώλαμεν,
1376 2557 1400 2586 ὦ
1421 2559 1519 2594 rorat,
1540 2558 1662 2593 λέγοντα,
1680 2559 1755 2585 Θεὸν
1772 2559 1824 2586 ἑω-

1033 2606 1179 2641 ράκαμεν,
1201 2606 1239 2638 ὡς
1257 2606 1287 2632 οὐ
1310 2605 1436 2641 χωρητῆς
1463 2604 1546 2640 οῦσης
1571 2604 1737 2640 ἀνθρώποις,
1764 2605 1826 2631 οὐδὲ

1038 2652 1186 2688 φαντασίας
1200 2652 1284 2683 θείας.
1301 2651 1338 2686 μὴ
1357 2651 1398 2677 ὅτι
1412 2659 1443 2685 γε
1462 2650 1578 2685 φύσεως
1600 2650 1645 2677 τὸν
1662 2650 1690 2677 δὲ
1709 2650 1757 2677 καὶ
1781 2651 1824 2676 τὸν

1343 2712 1353 2728 '
1369 2712 1439 2740 Gen.
1460 2713 1522 2746 tx,l
1541 2719 1619 2745 seqq.
1670 2712 1680 2728 ‘
1693 2711 1764 2739 Gen.
1782 2719 1824 2742 xv.

1213 2748 1222 2763 '
1238 2747 1305 2774 Gen.
1327 2755 1424 2775 xxvut.
1443 2747 1489 2774 12.
1545 2748 1566 2763 ¹⁰
1580 2748 1612 2775 lll
1640 2747 1707 2782 Reg.
1728 2747 1822 2779 im,”
