1893 3081
211 146 257 176 t7t

201 260 251 288 tes,
267 263 299 282 ac
315 262 368 286 res,
383 262 442 289 quae
455 253 536 280 animi
555 257 657 279 tantum
672 251 847 285 intelligentia
861 257 985 285 compre-

200 301 366 331 henduntur,
392 307 439 334 per
454 305 550 325 sensus
567 304 727 332 cognoscere
740 297 926 331 aggredimur;
939 301 986 323 aut

200 350 275 373 certe
292 353 343 372 non
365 345 423 372 sine
442 344 575 375 sensibus,
593 344 692 377 quibus
711 343 831 376 undique
849 341 983 375 iactamur

200 396 227 418 et
244 392 269 417 in
288 397 407 417 errorem
434 390 628 424 pertrabimur,
645 395 694 415 nec
714 388 785 415 nuda
811 392 900 414 mente
921 395 982 414 cum

199 435 278 462 nudis
291 436 369 462 rebus
382 434 496 466 versari,
510 438 591 468 atque
607 433 668 460 imle
676 433 708 459 ad
722 433 862 460 veritatem
874 432 982 466 propius

199 480 338 512 accedere,
352 481 485 514 rebusque
499 479 631 514 perceptis
646 485 677 505 ac
691 477 893 512 comprehensis
909 485 983 504 men-

199 531 252 553 tem
270 525 417 553 informare
437 532 590 560 possumus.
607 524 674 551 Tum
690 531 754 550 vero
768 522 916 557 disputatio
940 529 982 554 ea,

198 580 258 607 qua
275 573 308 599 de
327 571 380 598 Deo
406 571 564 605 suscipitur,
580 577 634 604 quo
655 568 815 604 perfectior,
829 575 861 595 eo
875 574 982 603 quoque

198 617 332 644 diliicilior
350 621 400 648 est,
418 616 593 651 pluribusque
616 614 840 649 olijectatioiiibns
857 617 940 648 patet,
955 613 981 639 in

198 664 284 697 iisque
300 662 432 690 dilueudis
445 669 476 688 ac
488 661 666 689 dissolveudis
674 660 734 695 plus
749 659 846 694 negotii
860 658 980 686 facessit.

197 709 268 736 Nihil
283 709 354 735 enim
365 714 418 735 tam
429 707 494 734 leris
505 707 648 742 exiguique
662 706 788 741 ponderis
800 705 876 732 nobis
889 705 983 732 adver-

197 755 249 781 sari
264 759 360 788 potest,
373 753 442 788 quod
451 751 696 786 nondisputationis
706 758 813 778 cursum
832 751 973 777 interrum-

202 805 248 834 pat
279 805 360 833 atque
414 798 592 832 comprimat,
623 797 806 831 impediatque
836 796 980 830 quominus

197 846 265 872 ultra
292 844 504 879 progrediamur.
531 842 758 876 Quemadmodum
776 841 820 876 qui
846 848 930 875 equos
947 840 980 866 ad

196 897 304 917 cursum
331 890 455 916 incitatos
479 893 587 922 repente
609 888 684 914 freno
708 887 862 917 retrahunt,
875 893 906 912 ac
935 893 983 919 per

199 935 366 970 inopinatam
379 939 405 961 et
426 933 592 968 repentinam
619 932 803 960 excussioncm
835 936 980 958 retrorsum

197 985 291 1016 agunt.
320 980 366 1008 Sic
390 980 516 1007 nimirum
544 978 682 1010 Salomon,
700 979 744 1013 qui
769 978 902 1009 omnibus,
920 984 980 1003 cum

197 1034 266 1058 sum,
284 1030 338 1052 tum
356 1025 504 1059 superioris
517 1025 653 1051 memoria
671 1023 824 1050 hominibus
842 1022 980 1056 sapientiae

199 1072 277 1099 laude
300 1071 424 1106 prmstitit
443 1075 465 1103 ι,
489 1075 517 1097 et
542 1070 633 1097 cordis
652 1069 818 1096 latitudinem
841 1068 886 1095 Dci
902 1068 981 1094 bette-

198 1117 258 1144 ftcio
402 1116 526 1150 accepit,
558 1123 590 1142 ac
622 1120 721 1141 tantam
748 1113 982 1148 contemplationis

196 1164 300 1198 copiam
313 1166 341 1190 et
357 1163 508 1190 ubertatem
527 1165 551 1192 ¹,
566 1166 595 1188 ιιι
610 1169 698 1188 arenae
714 1168 853 1188 numerum
867 1159 981 1186 excede-

197 1214 248 1241 ret,
268 1215 321 1243 quo
344 1208 425 1235 altius
449 1207 475 1234 in
499 1207 549 1234 bas
565 1206 761 1241 profunditatcs
779 1209 911 1239 penetrat,
929 1205 979 1231 hoc

199 1253 284 1287 magis
297 1256 403 1284 aestuat,
422 1259 453 1278 ac
467 1252 545 1278 linem
562 1251 703 1285 quemdam
718 1250 855 1284 sapientia:
876 1249 976 1276 consti-

198 1298 258 1329 tuit,
277 1297 401 1324 nimirum
429 1297 499 1331 quod
525 1295 682 1326 invenisset.
712 1299 840 1328 quantum
864 1301 894 1321 ea
916 1301 930 1320 a
949 1301 979 1321 se

198 1343 302 1378 fugeret
323 1343 344 1368 ³.
360 1342 500 1369 Cousimili
526 1348 634 1375 quoqtte
652 1340 730 1367 modo
745 1340 853 1371 Paulus,
871 1347 924 1366 non
938 1339 977 1366 di-

196 1396 255 1414 cam
271 1388 316 1414 Dei
333 1393 468 1419 naturam,
484 1388 534 1414 hoc
546 1387 617 1413 enim
632 1393 741 1420 prorsus
750 1394 830 1420 supra
846 1386 978 1412 humanas

197 1435 268 1461 vires
279 1441 339 1461 csse
354 1438 524 1468 perspectum
537 1433 664 1465 habebat,
684 1433 729 1459 sed
747 1431 791 1458 ι)ιεί
808 1431 895 1458 solum
906 1430 978 1463 judi-

196 1480 236 1506 cia
252 1479 405 1513 cognitione
423 1479 527 1513 assequi
541 1482 663 1504 conatur.
678 1478 809 1510 Quoniam
824 1481 912 1502 autem
929 1483 978 1502 nec

196 1525 298 1551 exitum
315 1523 409 1556 ullum,
426 1531 474 1551 nec
493 1531 546 1558 quo
562 1530 702 1550 ascensum
717 1523 796 1557 figere
812 1529 842 1548 ac
857 1521 979 1548 stabilire

822 148 1012 179 EUTHYMII
1032 148 1203 178 ZlGABENl

200 208 341 244 sapientia:
360 208 516 242 adiumento
537 213 628 233 rerum
649 204 832 240 cognitionem
848 212 983 239 aucupan-
999 204 1018 231 Α
1030 210 1086 241 τοῖς

1775 150 1829 180 1ῑὲ

1172 208 1386 245 προσϐάλλοντες
1402 209 1470 244 μετὰ
1485 210 1538 236 τῶν
1561 210 1721 245 αἰσθήσεων·
1735 211 1752 247 ἦ
1773 213 1824 238 οὐκ

1030 255 1094 281 ἄνευ
1114 254 1278 289 αἰσθήσεων,
1305 254 1348 288 ὑφ’
1365 251 1403 280 ὧν
1419 254 1624 290 περιφεῴμεθα
1641 255 1688 282 καὶ
1715 255 1825 282 πλανώ-

1030 299 1110 334 μεθα,
1138 301 1184 326 καὶ
1206 300 1257 326 οὐκ
1278 300 1376 334 ἔχομεν
1390 299 1486 335 γυμνῴ
1508 300 1547 335 τῷ
1562 301 1602 327 νοῒ
1624 302 1738 336 γυμνοῖς
1766 303 1825 333 τοῖς

1029 345 1188 380 πράγμασιν
1214 345 1436 380 ἐντυγχάνοντες,
1457 345 1557 380 μᾶλλόν
1572 355 1598 372 τι
1619 347 1761 382 προσιέναι
1787 349 1822 382 τῇ

1028 391 1152 426 ἀληθεία,
1167 392 1213 417 καὶ
1230 391 1275 417 τὸν
1294 391 1356 417 νοῦν
1376 391 1526 418 τυποῦσθαι
1542 394 1601 423 ταῖς
1627 393 1826 427 καταλήψεσιν.

1034 435 1063 461 '0
1074 435 1102 461 δὲ
1117 436 1180 470 περὶ
1191 436 1259 462 Θεοῦ
1273 436 1360 470 λόγος,
1374 436 1429 471 ὅσῳ
1442 437 1614 472 τελεώτερος.
1627 437 1748 473 τοσούτῳ
1760 439 1826 464 δυσ-

1028 481 1211 516 εφικτότερος,
1237 481 1284 508 καὶ
1310 481 1418 512 πλείους
1448 482 1496 513 τὰς
1513 482 1671 517 ἀντιλήψεις
1691 483 1762 517 ἔχων
1777 490 1826 510 και

1026 525 1077 556 τὰς
1100 525 1191 556 λύσεις
1209 526 1423 562 ὲργωδεστέρας.
1439 527 1498 553 Πᾶν
1508 527 1563 562 γὰρ
1577 528 1607 554 τὸ
1632 529 1823 563 ἐνιστάμενον,

1028 571 1081 597 κᾶν
1103 570 1271 606 βραχύτατον
1282 570 1311 608 ᾖ,
1331 573 1375 598 τὸν
1387 572 1434 598 τοῦ
1457 573 1535 606 λόγου
1547 573 1645 608 δρόμον
1659 574 1761 609 ἐπέσχε
1776 575 1824 600 καὶ

1028 616 1186 648 διεκώλυσε,
1204 617 1252 643 καὶ
1276 618 1327 652 τὴν
1341 618 1382 649 είς
1404 618 1435 643 τὸ
1462 619 1556 653 πρόσω
1577 619 1663 654 φορὰν
1683 620 1823 654 διέκοψεν·

1027 661 1120 697 ὥσπερ
1136 663 1161 687 οἱ
1174 663 1237 693 τοὺς
1260 663 1360 695 ἵππους
1376 665 1431 695 τοῖς
1455 664 1584 699 ῥυτῆρσιν
1607 665 1711 699 ἁθρόως
1725 665 1825 700 μεθέλ-

1027 715 1126 739 κοντες
1152 708 1328 743 φερομένους,
1349 710 1396 736 καὶ
1419 709 1459 744 τῷ
1483 709 1606 745 ἀδοκήτῳ
1624 710 1670 736 τοῦ
1685 711 1822 746 τιναγμοῦ

1028 753 1248 788 περιτρέποντες.
1264 754 1342 780 Οὕτω
1356 754 1483 790 Σολομὼν
1501 755 1551 790 μὲν
1568 753 1582 781 ὁ
1671 757 1822 791 σοφισάμε-

1027 808 1071 830 νος
1083 799 1211 831 περισσὰ,
1231 800 1300 834 ὑπὲρ
1314 800 1420 832 πάντας
1453 801 1517 831 τοὺς
1531 801 1693 835 γενομένους
1713 802 1822 838 51.1.1290-

1028 843 1101 874 σθεν,
1112 845 1158 870 καὶ
1170 843 1229 870 καθ’
1242 845 1347 876 ἑαυτὸν,
1361 842 1383 878 ᾧ
1393 845 1424 871 τὸ
1439 845 1487 880 τῆς
1499 846 1611 881 καρδίας
1620 846 1718 877 πλάτος
1733 847 1822 882 δῶρον

1028 888 1106 920 Θεοῦ,
1123 889 1196 923 καὶὴ
1213 889 1328 924 ψάμμου
1343 890 1522 926 δαψιλεστέρα
1535 891 1611 926 χύσις
1627 891 1676 926 τῆς
1689 891 1820 927 θεωρίας,

1030 937 1086 971 ὅσῳ
1107 936 1187 962 πλέον
1205 937 1350 971 ὲμὸατεὺει
1377 939 1433 969 τοῖς
1462 938 1566 972 βάθεσι,
1588 938 1706 974 τοσούτῳ
1735 939 1821 966 πλέον

1029 983 1139 1019 ἰλιγγιᾷ,
1166 984 1212 1010 καὶ
1231 983 1305 1014 τέλος
1321 992 1346 1009 τι
1364 985 1481 1009 ποιεῖται
1520 985 1615 1018 σοφίας
1639 987 1727 1021 εὑρεῖν
1756 987 1820 1013 ὅσον

1028 1028 1154 1063 διέφυγεν
1167 1038 1173 1046 -
1270 1029 1376 1060 Παῦλος
1403 1029 1432 1055 δὲ
1457 1032 1583 1065 πειρᾶται
1601 1031 1648 1065 μὲν
1662 1032 1818 1066 ἐφικέσθαι,

1029 1075 1104 1101 οὔπω
1133 1075 1204 1108 λέγω
1228 1076 1276 1110 τῆς
1296 1074 1343 1101 τοῦ
1359 1074 1426 1100 Θεοῦ
1446 1075 1562 1109 φύσεως,
1584 1076 1662 1102 τοῦτο
1676 1077 1728 1112 γὰρ
1759 1078 1819 1112 1ᾔδει

1029 1120 1168 1152 παντελῶς
1193 1120 1323 1147 ἀδύνατον
1342 1120 1384 1153 ὂν,
1405 1120 1474 1147 ἀλλὰ
1503 1121 1582 1155 μόνον
1608 1121 1662 1148 τῶν
1678 1122 1724 1148 τοῦ
1750 1123 1821 1148 Θεοῦ

1029 1167 1181 1202 χριμάτων.
1201 1165 1277 1192 Ἐπεὶ
1289 1165 1317 1192 δὲ
1328 1166 1377 1200 οὐχ
1396 1166 1516 1201 εὑρίσκει
1531 1167 1656 1200 διέξοδον,
1683 1168 1742 1194 οὐδὲ
1757 1169 1822 1194 στά-

1030 1219 1072 1237 σιν
1083 1210 1133 1245 τῆς
1152 1210 1321 1242 ἀναῦάσεως,
1339 1210 1398 1237 οὐδὲ
1413 1210 1453 1242 εἰς
1468 1219 1494 1237 τι
1587 1212 1702 1247 φανερὴν
1723 1213 1820 1239 τελευ-

1030 1257 1066 1291 τᾷ
1084 1256 1170 1292 πέρας
1191 1256 1207 1291 ἡ
1222 1255 1471 1291 πολυπραγμοσύνη
1482 1257 1529 1292 τῆς
1543 1257 1670 1290 διανοίας,
1683 1257 1724 1283 ἀεί
1747 1267 1822 1290 τινος

1030 1303 1248 1338 ὑποφαινομένου
1263 1303 1310 1329 τοῦ
1337 1303 1484 1334 λείποντος·
1499 1303 1522 1328 ὣ
1546 1304 1591 1329 τοῦ
1605 1303 1742 1339 θαύματος
1766 1306 1822 1340 (ἵνα

1030 1348 1077 1374 καὶ
1101 1348 1182 1379 αὐτὸς
1198 1347 1276 1374 πάθω
1288 1348 1317 1374 τὸ
1342 1348 1422 1382 iam)!
1440 1347 1572 1383 ὲμπλήξει
1585 1349 1751 1384 περιγράφει
1776 1350 1822 1376 τὸν

1030 1393 1118 1425 λόγον,
1134 1393 1181 1419 καὶ
1195 1393 1306 1419 πλοῦτον
1320 1393 1398 1425 θεοῦ,
1415 1394 1461 1419 καὶ
1478 1393 1558 1428 βάθος
1567 1394 1598 1420 τὸ
1613 1395 1716 1421 τοιοῦτο
1731 1396 1821 1426 καλεῖ,

1031 1439 1076 1464 καὶ
1090 1438 1216 1473 ὁμολογεῖ
1229 1439 1282 1464 τῶν
1293 1438 1340 1464 τοῦ
1349 1439 1415 1465 Θεοῦ
1426 1440 1566 1474 χριμάτων
1578 1440 1607 1466 τὸ
1616 1441 1821 1476 ἀκατάληπτον,

1033 1484 1173 1518 μονονουχὶ
1189 1483 1222 1509 τὰ
1235 1483 1304 1509 αὐτὰ
1323 1483 1361 1518 τῷ
1374 1483 1455 1510 Δαϐὶδ
1471 1485 1665 1520 φθεγγόμενος,
1681 1487 1744 1512 ποτὲ
1773 1488 1822 1522 μὲν

1031 1526 1149 1553 ἄϐυσσον
1164 1527 1263 1563 πολλὴν
1275 1527 1435 1563 ὀνομάζοντι
1450 1530 1484 1556 τὰ
1495 1530 1542 1556 τοῦ
1553 1531 1620 1556 Θεοῦ
1642 1531 1775 1565 κρίματα,
1789 1531 1823 1568 ἧς

197 1574 298 1604 posset,
317 1569 480 1603 reperiebat,
502 1576 551 1595 nec
572 1568 715 1603 perspicuo
732 1567 785 1594 ullo
806 1566 858 1593 fine
871 1566 944 1593 curio

1075 1580 1080 1597 :
1094 1572 1150 1597 ἔστι
1163 1572 1212 1606 τὴν
1226 1572 1307 1607 ἕδραν
1320 1572 1335 1607 ἥ
1353 1573 1445 1608 μέτρῳ
1461 1573 1477 1607 ἢ
1497 1573 1621 1608 αἰσθήσει
1633 1573 1737 1605 λαϐεῖν,
1755 1566 1822 1601 ποτὲ

196 1615 283 1648 ipsius
296 1615 377 1641 animi
391 1614 570 1649 pcrscrutatio
594 1613 779 1646 claudebatur,
796 1612 867 1646 quod
883 1612 978 1638 videli-

198 1665 242 1687 cet
255 1660 368 1687 subinde
383 1667 490 1694 semper
503 1658 604 1692 aliquid
618 1657 714 1692 reliqui
725 1665 785 1684 esse
798 1658 976 1692 perspiceret:

199 1712 215 1731 ο
227 1713 284 1732 rem
297 1706 393 1732 miram
405 1712 437 1731 ac
452 1704 624 1738 stupendum!
644 1703 750 1738 (utipsc
764 1711 870 1737 quoque
885 1703 978 1730 eodem

201 1750 296 1777 affectu
323 1749 506 1784 commovear)
543 1749 694 1776 orationem
724 1749 901 1776 admiratione
926 1750 980 1776 cir-

1031 1617 1058 1642 δὲ
1081 1616 1326 1651 τεθαυμαστῶσοαι
1355 1617 1404 1652 τὴν
1439 1618 1539 1651 γνῶσιν
1565 1618 1594 1650 ἐξ
1628 1619 1744 1650 ἑαυτοῦ,
1775 1621 1824 1646 καὶ

1031 1662 1080 1697 τῆς
1113 1662 1210 1689 ἑαυτοῦ
1238 1662 1396 1694 συστάσεως
1512 1664 1627 1697 λέγοντι,
1649 1666 1824 1700 κεκραταιῶ-

1033 1707 1094 1735 σθαι
1111 1717 1140 1734 τε
1167 1708 1246 1734 πλέον
1270 1708 1285 1743 ἣ
1304 1709 1431 1743 κατὰτὴν
1446 1709 1541 1736 ἑαυτοῦ
1554 1709 1666 1745 δύναμιν
1681 1711 1727 1736 καὶ
1739 1712 1822 1746 περί-

1031 1753 1132 1788 δραξιν.

201 1793 368 1825 cumscribit,
392 1793 472 1828 idque
486 1793 531 1820 Dei
546 1801 610 1827 opes
624 1801 656 1821 ac
674 1794 835 1829 profundum
849 1795 1008 1830 appellat,ac
1025 1796 1071 1822 Dei
1098 1795 1195 1829 judicia
1214 1794 1314 1821 nullius
1338 1793 1445 1828 ingenio
1466 1794 1566 1828 percipi
1583 1798 1609 1820 et
1627 1794 1823 1828 comprehendi

201 1846 280 1873 posse
309 1839 425 1873 ingenue
455 1839 554 1866 fatetur
573 1840 594 1871 ⁸,
627 1839 721 1868 iisdem
751 1842 940 1875 propemodum
956 1842 1045 1869 verbis
1058 1849 1119 1869 cum
1136 1840 1235 1867 Davide
1248 1845 1336 1872 utens,
1349 1839 1392 1873 qui
1406 1845 1477 1865 nunc
1502 1838 1601 1872 judicia
1629 1839 1676 1865 Dei
1691 1839 1822 1873 abyssum

198 1889 310 1915 multam
330 1893 408 1916 vocat
426 1889 447 1921 ',
465 1888 542 1922 cuius
556 1888 678 1920 fundum,
698 1895 747 1915 nec
775 1896 911 1920 mensura,
934 1896 983 1915 nec
1006 1896 1086 1916 sensu
1100 1888 1159 1923 capi
1173 1892 1270 1922 queat;
1287 1894 1360 1913 nunc
1378 1885 1526 1913 mirabilem
1540 1885 1636 1912 factata
1650 1891 1711 1911 esse
1730 1885 1823 1912 scien-

199 1933 261 1960 tiam
287 1940 321 1960 οι
345 1934 432 1968 seipso
460 1933 556 1967 suique
579 1933 664 1968 ipsius
691 1935 883 1962 constitutione
901 1935 1057 1969 pronuntiat
1076 1937 1096 1964 ⁸,
1119 1939 1201 1968 atque
1216 1933 1284 1960 adeo
1303 1932 1452 1966 robustam,
1470 1937 1500 1958 ut
1515 1931 1618 1959 viribus
1635 1930 1737 1958 nostris
1758 1937 1821 1957 eam

197 1985 294 2012 capere
310 1982 337 2006 et
353 1979 494 2014 complecti
510 1986 683 2013 nequeamus.

166 2024 170 2026 ’
343 2023 378 2051 Ut
400 2024 471 2051 enim
493 2025 573 2051 missa
589 2025 639 2051 alia
660 2025 773 2058 faciens,
801 2026 898 2060 inquit,
924 2031 981 2052 me—

198 2068 287 2103 ipsum
301 2075 462 2104 omnemque
481 2069 626 2096 humanam
652 2075 773 2098 naturam
785 2076 813 2098 et
825 2079 980 2106 compagem

198 2115 314 2146 intuear,
330 2121 389 2147 qua:
412 2115 469 2141 hate
487 2115 577 2141 mislio
597 2120 686 2142 nostra
705 2117 764 2143 est?
789 2116 854 2149 Quis
873 2116 981 2143 motus?

198 2159 338 2192 Quomodo
350 2159 375 2186 id
386 2160 455 2194 quod
473 2160 623 2187 immortale
638 2166 688 2192 est,
703 2169 763 2188 cum
778 2161 882 2188 mortali
899 2169 981 2196 copu-

198 2204 280 2231 latum
296 2203 356 2231 est?
373 2204 512 2237 Quomodo
532 2205 657 2232 deorsum
672 2205 735 2239 llno,
759 2212 787 2233 ct
808 2214 914 2233 sursum
941 2207 980 2234 fe.

197 2250 261 2277 ror?
283 2249 423 2282 Quomodo
442 2249 532 2276 anima
582 2248 797 2278 circumfertur?

198 2291 279 2319 vitam
306 2291 469 2326 impertitur,
492 2297 518 2319 et
534 2293 678 2320 affectuum
693 2295 723 2322 lit
743 2296 896 2330 particeps?
909 2296 980 2329 Quo‘

198 2336 278 2363 modo
299 2343 376 2363 mens
401 2337 480 2364 simul
504 2343 531 2364 et
556 2339 763 2374 circumscripta
788 2345 879 2373 est,ct
901 2341 981 2368 nullis

199 2381 321 2408 terminis
341 2381 454 2414 inclusa,
471 2383 497 2408 in
521 2383 598 2410 nobis
619 2388 718 2416 manet,
735 2388 762 2411 et
777 2390 866 2413 motus
883 2385 978 2414 fluxio-

199 2426 295 2461 nisque
311 2420 449 2455 ceicritate
473 2429 563 2455 omnia
581 2429 742 2462 perlustrat?
766 2430 904 2464 Quomodo
924 2440 981 2460 scr-

199 2472 288 2499 monis
302 2480 383 2507 opera
408 2474 555 2508 percipitur
568 2474 696 2507 vicissim,
712 2481 739 2503 ct
752 2478 978 2510 communicatur,

199 2525 230 2544 ac
247 2525 296 2552 per
307 2523 396 2545 aerem
412 2524 562 2554 grassitur,
579 2525 606 2547 et
623 2528 684 2548 cum
711 2521 790 2550 rebus
807 2523 873 2557 ipsis
889 2523 978 2557 ingre-

198 2563 439 2597 dituriQuomodo
462 2572 522 2593 cum
550 2566 675 2595 sensibus
692 2570 916 2597 consuetudinem
932 2571 981 2597 ba-

198 2609 253 2640 bet,
276 2616 308 2636 ac
330 2617 424 2638 rursus
449 2612 560 2639 seorsim
588 2620 603 2640 a
625 2613 751 2642 sensibus
773 2622 833 2643 sese
861 2616 980 2651 colligit?

197 2653 295 2688 Atque,
320 2660 421 2690 utquze
441 2657 529 2691 priora
549 2663 612 2685 sunt
641 2659 740 2692 dicant,
754 2668 812 2695 qua:
825 2661 911 2696 prima
930 2669 979 2689 no-

151 2726 154 2728 ,
197 2699 246 2726 stri
262 2699 359 2727 cliictio
376 2706 403 2728 et
425 2703 583 2731 constitutio
606 2704 633 2731 in
660 2710 764 2734 natura:
777 2706 899 2734 ofﬁcina?
916 2708 981 2741 Qua:

197 2744 278 2772 etiam
294 2751 430 2780 postrema
459 2747 584 2778 formatio
609 2757 640 2778 ac
666 2751 817 2786 perfectio?
837 2752 902 2785 Qua:
926 2753 979 2781 cibi

224 2826 232 2841 ¹
254 2825 286 2853 ill
304 2827 368 2861 Reg.
387 2835 426 2859 tu.
442 2829 487 2858 42.

543 2830 554 2846 ε
570 2829 592 2857 u
613 2829 675 2857 Par.
693 2835 713 2864 ι,
732 2831 774 2858 12.

189 2861 199 2876 '
213 2859 286 2889 Psal.
307 2859 435 2896 cxixvut,
446 2865 471 2891 6.

831 2832 841 2848 ³
863 2832 953 2860 Eccle.
970 2840 1016 2865 vn,
1033 2833 1085 2865 El;
1106 2841 1167 2866 vnn,
1187 2833 1229 2860 17.

1145 2014 1278 2060 Ἵνα-γὰρ
1306 2023 1388 2050 τᾶλλα
1411 2023 1503 2054 ἐάσας,
1516 2021 1592 2056 φησὶ,
1609 2020 1677 2055 πρὸς
1701 2021 1822 2056 ἐμαυτὸν

1032 2071 1132 2107 βλέψω,
1146 2071 1192 2097 καὶ
1215 2071 1304 2097 πᾶσαν
1325 2069 1374 2104 τὴν
1392 2067 1565 2104 ἀνθρωπίνην
1592 2066 1671 2101 φύσιν
1685 2067 1732 2093 καὶ
1751 2066 1823 2102 σύμ-

1032 2116 1113 2152 πηξιν
1126 2136 1134 2151 ,
1203 2116 1246 2147 τίς
1263 2116 1278 2150 ἡ
1296 2115 1367 2150 μίξις
1378 2113 1530 2149 ὴμῶν;Τίς
1547 2113 1563 2148 ἡ
1576 2112 1700 2148 κίνησις;
1716 2113 1781 2144 Πῶς
1792 2113 1823 2138 τὸ

1031 2161 1164 2188 ἀθάνατον
1177 2160 1217 2194 τῷ
1230 2159 1320 2195 θνητῷ
1333 2159 1488 2194 συνεκράθη
1499 2167 1506 2191 ;
1523 2158 1585 2189 Πῶς
1597 2157 1673 2184 κάτω
1689 2157 1754 2192 ρέω,
1774 2156 1821 2184 καὶ

1031 2208 1086 2234 ἀνω
1110 2208 1246 2242 φέρομαι;
1275 2206 1337 2238 Πῶς
1351 2206 1424 2241 ψυχὴ
1465 2198 1659 2240 περιφέρεται;
1761 2203 1822 2234 πῶς

839 2252 980 2285 Quomodo
995 2253 1015 2280 Ι)
1031 2252 1103 2287 ζωὴν
1117 2252 1218 2283 δίδωσι,
1235 2252 1283 2278 καὶ
1300 2251 1404 2282 πάθους
1419 2249 1639 2285 μεταλαμϐάνει;
1655 2248 1718 2279 Πῶς
1733 2249 1747 2273 ὁ
1758 2248 1822 2280 νοῦς

1030 2297 1077 2323 καὶ
1091 2296 1277 2332 περιγραπτὸς
1292 2296 1339 2322 καὶ
1349 2296 1474 2331 ἀόριστος
1483 2315 1491 2328 ,
1555 2295 1584 2320 ἐν
1591 2295 1655 2329 ἡμῖν
1665 2294 1764 2329 μένων,
1774 2293 1821 2320 καὶ

1031 2344 1118 2370 πάντα
1129 2344 1265 2379 ἐφοδεύων
1284 2344 1360 2378 τάχει
1374 2344 1460 2379 φορᾶς
1474 2342 1520 2369 καὶ
1534 2342 1652 2377 ρεύσεως
1666 2351 1674 2375 ;
1758 2335 1821 2372 Πῗυς

1032 2389 1271 2425 μεταλαμϐάνεται
1285 2388 1356 2423 λόγῳ
1371 2389 1418 2415 καὶ
1434 2387 1616 2423 μεταδίδοται,
1631 2386 1677 2412 καὶ
1691 2385 1724 2412 δι’
1739 2385 1822 2421 ἀέρος

1030 2437 1123 2471 χωρεῖ,
1149 2435 1196 2461 καὶ
1220 2434 1289 2470 μετὰ
1303 2434 1359 2462 τῶν
1374 2434 1544 2470 πραγμάτων
1562 2432 1733 2467 εἰσέρχεται;
1758 2431 1822 2462 Πῶς

1030 2480 1154 2516 αἰσθήσει
1177 2481 1309 2512 κοινωνεῖ,
1326 2480 1373 2507 καὶ
1389 2479 1562 2506 συστέλλεται
1584 2478 1638 2504 ἀπὸ
1652 2477 1706 2504 τῶν
1721 2476 1821 2511 αἰσθή-

1031 2534 1114 2558 σεων;
1143 2527 1197 2552 Καὶ
1222 2526 1261 2553 ἔτι
1285 2526 1339 2562 πρὸ
1363 2525 1476 2557 τούτων,
1495 2526 1536 2557 τίς
1561 2525 1577 2560 ἡ
1600 2523 1693 2560 πρώτη
1721 2523 1820 2553 πλάσις

1029 2572 1118 2607 ἡμῶν,
1145 2572 1192 2599 καὶ
1217 2572 1345 2604 σύστασις
1375 2572 1404 2598 ὲν
1430 2571 1469 2606 τῷ
1486 2571 1536 2605 τῆς
1563 2570 1670 2604 φύσεως
1685 2570 1820 2604 ἐργαστη-

1032 2618 1082 2653 ρίῳ
1093 2629 1101 2654 ;
1185 2618 1241 2645 Καὶ
1255 2618 1297 2650 τίς
1310 2619 1327 2654 ὴ
1339 2617 1478 2644 τελευταία
1498 2617 1636 2653 μόρφωσις
1651 2616 1697 2642 καὶ
1710 2615 1820 2642 τελείω-

1032 2672 1092 2698 σις;
1106 2664 1153 2696 Τίς
1175 2665 1192 2700 ἡ
1209 2665 1257 2700 τῆς
1273 2665 1377 2700 τροφῆς
1387 2664 1479 2698 ἔφεσις
1494 2664 1540 2690 καὶ
1556 2663 1688 2693 διάδοσις;
1704 2661 1760 2688 Καὶ
1778 2661 1819 2692 τίς

1032 2710 1135 2745 ἤγαγεν
1148 2710 1194 2737 ἐπὶ
1205 2710 1254 2742 τὰς
1269 2709 1378 2746 πρώτας
1392 2710 1482 2746 πηγὰς
1494 2730 1502 2743 ,
1525 2729 1529 2731 -
1570 2708 1669 2735 καὶτοῦ
1677 2707 1819 2743 ζῇνὰφορ-

1033 2757 1086 2790 μὰς
1094 2756 1255 2792 αὐτομάτως
1264 2765 1270 2790 ;
1278 2757 1341 2788 Πῶς
1356 2756 1450 2788 σιτίοις
1466 2755 1515 2791 μὲν
1526 2754 1693 2790 σῶμα,λόγῳ
1707 2753 1735 2779 δὲ
1745 2753 1818 2788 ψυχὴ

1284 2833 1294 2850 ⁸
1310 2833 1389 2862 Rom.
1408 2841 1446 2869 xx,
1464 2833 1509 2863 55.
1565 2833 1575 2849 ⁸
1589 2833 1659 2861 Psal.
1678 2841 1761 2865 xxxv,
1779 2833 1806 2860 7.
