1912 3078
34 130 80 162 1'33

525 131 711 162 PANOPIJA
731 131 956 162 DOGMATICA.
979 145 1012 151 —-
1029 131 1105 160 TlT-
1124 130 1158 160 V-

1601 99 1653 157 1.94

37 185 187 221 ἀγαπητοῦ,
213 186 230 221 ἦ
261 185 314 212 τῶν
341 185 549 220 βασιλευόντων·
572 187 618 213 καὶ
638 187 653 213 ὀ
676 186 787 222 Κύριος,
803 190 820 222 η

882 191 925 210 nm
943 185 966 214 I,
983 183 1023 210 vcl
1047 184 1138 210 dilecti
1153 185 1179 215 ν,
1198 181 1238 210 vel
1254 182 1422 217 regnantium
1441 185 1461 209 ³.
1474 181 1539 209 Item
1559 181 1649 210 Domi-

38 232 162 264 Σαδαὼθ,
249 233 317 268 ὅπερ
333 232 390 258 ἐστὶ
410 231 554 267 στρατιῶν,
570 232 586 268 ἢ
604 232 658 259 τῶν
670 232 819 268 δυνάμεων,

38 279 52 313 ἤ
66 278 118 304 τῶν
132 277 325 312 κυριευόντων.
338 277 431 304 Ταῦτα
449 278 498 312 μὲν
515 278 606 312 σαφῶς
620 279 669 313 τῆς
685 279 819 312 ἐξουσίας.

43 323 69 348 ’0
85 323 113 349 δὲ
128 323 213 355 Θεὸς,
229 323 245 357 ἢ
260 322 306 349 τοῦ
325 322 431 355 σώζειν,
445 323 461 358 ἦ
478 324 653 359 ὲκδικήσεων,
668 324 684 359 ἢ
699 325 819 359 εἰρήνης,

39 367 52 401 ἦ
69 367 256 402 δικαιοσύνης,
274 367 289 402 ἢ
309 367 445 403 Ἀϐραὰμ,
458 369 504 394 καὶ
528 368 629 401 Ἰσαὰκ,
649 369 694 394 καὶ
714 368 819 402 Ίαγὼὸ,

39 414 80 439 καὶ
174 413 274 443 παντὸς
293 413 399 448 Ἰσραὴλ
413 414 459 440 τοῦ
472 415 665 449 πνευματικοῦ,
679 416 725 442 καὶ
738 417 822 451 ὁρῶν-

38 467 79 490 τος
103 459 189 484 Θεόν·
214 458 300 486 ταῦτα
322 459 349 485 δὲ
372 459 421 493 τῆς
449 456 612 496 οῖκονομίας.
637 462 743 497 Ἐπειδὴ
767 462 821 497 γὰρ

38 505 106 539 τρισὶ
134 505 242 536 τούτοις
265 505 447 540 διοιχούμεθα,
475 506 528 532 δέει
554 515 583 532 τε
607 508 757 542 τιμωρίας,
776 510 823 535 καὶ

38 550 174 585 σωτηρίας
195 550 294 582 ἐλπίδι,
311 551 379 585 πρὸς
399 551 427 577 δὲ
453 551 498 578 καὶ
524 552 618 587 δόξης,
638 553 685 579 καὶ
707 553 823 588 ἀσκήσει

37 595 86 620 τῶν
103 595 222 630 ἀρετῶν,
243 595 272 628 ἐξ
288 593 324 622 ὧν
342 595 444 622 ταῦτα’
462 596 494 622 τὸ
518 597 567 632 μὲν
588 597 640 623 τῶν
658 597 823 633 ὲκδικήσεων

37 641 118 674 ὖνομα
145 642 285 675 οῖκονομεῖ
309 641 353 667 τὸν
374 642 470 676 φόϐον·
493 642 523 668 τὸ
539 643 566 669 δὲ
587 642 641 669 τῶν
664 643 821 678 σωτηριῶν,

36 686 81 719 τὴν
97 685 196 711 ἐλπίδα
209 693 215 700 ·
233 685 262 711 τὸ
276 685 302 711 δὲ
319 685 373 711 τῶν
390 686 505 721 ἀρετῶν,
522 687 570 722 τὴν
589 687 719 722 ἄσκησιν·
735 687 767 713 ἶν’
784 688 822 721 ὡς

37 731 158 757 mea»;
185 732 214 758 ἐν
237 730 325 766 ἑαυτῷ
340 732 439 767 φέρων,
465 732 479 757 ὁ
500 732 601 758 τούτων
624 741 650 759 τι
672 734 821 769 κατορθῶν,

38 776 135 810 μᾶλλον
154 778 301 812 ἐπείγηται
319 778 386 813 πρὸς
405 778 436 804 τὸ
454 778 564 811 τέλειον,
583 780 628 805 καὶ
645 780 693 815 τὴν
710 781 738 813 ἐξ
756 782 821 816 ἁρε-

36 822 85 847 τῶν
100 822 252 849 οἰκείοισιν.
271 823 362 850 Ταῦτα
379 824 428 858 μὲν
442 822 488 850 οὖν
500 825 557 851 ἐστι
639 826 715 852 κοινὰ
729 827 822 863 θεότη-

36 875 76 898 τος
91 866 128 893 τὰ
141 867 274 902 ὀνόματα.
292 868 371 894 Ἴδιον
384 869 411 895 δὲ
427 871 473 895 τοῦ
496 870 545 905 μὲν
566 871 694 906 ἀνὰρχου,
709 873 801 908 Πατήρ
814 883 820 906 ;

37 912 80 937 τοῦ
92 912 122 938 δὲ
135 912 265 947 ἀνάρχως
277 913 462 949 γεννηθέντος,
474 915 537 947 Υἱός
550 924 555 930 ·
568 916 614 942 τοῦ
627 917 654 942 δὲ
668 918 822 953 ἁγεννήτως

38 958 217 992 προελθόντος
227 979 235 991 ,
315 959 331 994 ἢ
353 960 502 995 προϊόντος,
517 961 547 986 τὺ
564 961 674 997 Πνεῦμα
689 963 719 988 τὺ
734 962 819 996 ἅγιον,

42 1003 108 1028 Ἀλλ’
128 1004 177 1029 ὲπὶ
193 1004 243 1035 τὰς
264 1004 311 1030 τοῦ
338 1005 402 1031 Υίοῦ
419 1006 528 1037 κλύε-εις
545 1006 674 1043 ἔλθωμεν,
691 1008 759 1042 ὅπερ
769 1007 822 1043 ὠρ-

38 1049 107 1084 μήοη
124 1049 218 1082 λέγειν
232 1050 246 1076 ὁ
257 1049 344 1084 λόγος.

869 237 918 255 nus
930 228 969 255 vel
990 229 1109 255 Sabaoth
1129 228 1152 260 ‘,
1172 228 1222 254 hoc
1239 232 1290 259 est,
1303 228 1482 259 exercituum,
1498 228 1536 254 vel
1563 229 1650 255 virtu-

869 281 924 302 tum
943 278 966 307 ',
987 275 1026 302 vel
1052 274 1248 301 dominantium
1270 275 1293 301 °.
1323 272 1384 300 [hec
1414 274 1472 300 sine
1501 273 1552 299 ulla
1575 274 1652 300 dubi-

870 322 969 348 tatione
986 321 1132 355 potentiam
1151 320 1195 347 Dei
1223 320 1379 346 ostendunt.
1399 319 1467 344 Deus
1492 326 1595 351 rursus,
1610 319 1651 345 vel

869 368 957 394 Salvos
983 367 1096 392 faciendi
1117 367 1141 395 ⁷,
1162 365 1202 391 vel
1230 365 1362 391 ultiouunt
1375 364 1402 394 ⁸,
1417 364 1457 390 vel
1483 364 1556 396 pacis
1571 364 1596 393 9,
1613 363 1652 388 vel

867 412 1015 447 justitim”,
1031 412 1071 437 vel
1088 411 1212 442 Abt-alue,
1227 409 1315 440 Isaac.
1343 414 1369 435 ct
1395 409 1478 436 Jacob
1491 407 1522 438 ",
1550 408 1654 433 univcr-

870 460 947 493 sique
976 457 1124 492 spiritualis
1151 456 1267 488 Israelis,
1282 463 1313 482 ac
1330 455 1411 482 Deum
1436 453 1564 480 videntis.
1591 451 1654 479 ll.cc

873 505 964 538 utique
987 502 1147 530 reconomiae
1183 506 1245 528 sunt
1275 499 1395 527 nomina.
1421 498 1554 532 Quoniam
1582 497 1654 524 enim

873 550 958 577 tribus
984 550 1026 577 his
1046 549 1125 576 rebus
1142 549 1335 583 gubernantur,
1352 552 1447 580 nempe
1476 549 1502 571 et
1529 542 1654 578 supplicii

873 601 955 628 metu,
979 601 1005 622 et
1031 586 1125 622 salutis
1138 593 1285 630 glorimque
1306 599 1361 625 spe.
1380 596 1406 617 et
1429 590 1501 617 cultu
1514 590 1653 620 virtutum,

871 642 968 677 quibus
984 642 1041 668 Ιιιιιο
1056 644 1264 674 comparantur;
1284 637 1414 663 ttltionum
1438 635 1545 670 quidem
1572 634 1653 661 nomi-

873 696 916 721 ne,
934 693 1021 714 metus
1035 689 1212 721 procuratur;
1230 683 1325 710 salutis
1350 688 1451 713 autem,
1467 688 1546 715 spes;
1567 680 1653 706 virtu-

873 741 928 764 tum
946 735 1070 769 denique,
1098 732 1240 768 probitatis
1267 730 1386 758 Studium
1407 732 1458 754 :ut
1482 727 1526 761 qui
1555 726 1655 760 aliquid

874 783 968 809 ilOI‘tllll
989 780 1151 814 assequitur,
1171 777 1280 812 perinde
1307 782 1337 801 ac
1363 774 1444 800 Deum
1460 773 1485 799 in
1510 771 1598 806 seipso
1612 778 1653 805 ge-

876 835 948 860 rens,
960 827 993 853 ad
1017 825 1211 860 perfectionem
1228 827 1253 848 ct
1269 819 1482 847 familiaritatem
1498 824 1556 844 cam
1577 821 1658 850 atque

844 875 864 903 B
876 874 1074 911 cognationem,
1092 880 1143 907 qua
1161 879 1209 898 nos
1234 870 1319 896 virtus
1335 867 1385 902 ipsi
1410 866 1545 897 conciliat,
1562 863 1658 911 majori

876 909 1015 948 celeritate
1048 918 1167 945 fc>lillCL
1201 916 1287 950 Atque
1318 915 1374 940 luec
1403 911 1531 939 vocabula
1562 909 1658 937 Deitati

877 965 1029 994 communia
1059 968 1133 990 sunt.
1159 962 1298 996 l‘roprium
1326 964 1415 985 autem
1430 957 1498 992 ejus,
1515 956 1559 990 qui
1581 955 1657 989 prin-

876 1011 937 1045 cipii
961 1017 1057 1044 expers
1082 1013 1134 1040 est,
1162 1014 1269 1038 nomen,
1297 1003 1467 1037 Patenejus
1495 1006 1597 1032 autem,
1611 1000 1656 1034 qui

877 1057 943 1083 ritra
971 1054 1052 1082 ullum
1077 1052 1236 1087 principium
1265 1050 1370 1084 genitus
1387 1053 1437 1078 est.
1459 1046 1542 1073 Filius
1560 1045 1652 1072 :illius

38 1098 162 1130 denique.
183 1095 228 1129 qui
257 1094 323 1121 citra
348 1094 550 1129 generationem
578 1095 719 1130 processit,
739 1095 979 1129 autprogrcditur,
995 1095 1113 1130 Spiritus
1131 1099 1249 1121 sanctus.
1271 1094 1368 1121 Verum
1387 1093 1419 1120 atl
1450 1092 1509 1119 Filii
1535 1092 1660 1123 nomina,

38 1143 67 1169 de
79 1142 184 1178 quibus
201 1141 279 1168 nobis
300 1140 390 1167 dicere
414 1142 582 1176 propositum
602 1145 669 1174 erat,
684 1141 857 1168 accedamus.

71 1190 152 1214 Δοκεῖ
178 1188 234 1222 γάρ
252 1197 298 1222 μοι
323 1188 469 1222 λέγεσθαι,
488 1187 551 1219 Tib;
581 1189 649 1222 μὲν,
665 1189 705 1215 ὅτι
729 1188 827 1215 ταυτόν

39 1236 95 1260 ἐδτι
112 1234 154 1268 τῷ
177 1234 264 1268 “arpi.
285 1233 345 1260 κατ’
361 1234 464 1260 οὐσίαψ
480 1235 525 1260 καὶ
550 1235 600 1260 οὐχ
624 1235 712 1261 ἐκεῖνο
735 1235 826 1268 μόνον,

40 1281 107 1307 ἀλλὰ
136 1281 274 1308 κάκεῖθεν.
292 1281 447 1316 Μονογενὴς
464 1281 502 1313 δὲ,
517 1281 565 1315 οὐχ
581 1281 622 1307 ὅτι
639 1281 718 1315 μόνος
733 1282 764 1307 ὲκ
781 1281 829 1315 μότ-

40 1333 83 1350 ναυ
103 1325 153 1350 καὶ
171 1324 261 1359 μόνον,
279 1325 336 1352 ἀλλ’
351 1326 393 1351 ὅτι
417 1327 463 1351 καὶ
480 1325 663 1361 μονοτρόπως,
678 1326 727 1360 οὐχ
741 1325 778 1356 ὡς
794 1325 828 1351 τὰ

40 1371 169 1404 σώματα·
188 1371 272 1404 Λόγος
286 1371 324 1402 δὲ,
341 1372 383 1397 ὅτι
400 1371 486 1402 οὕτως
500 1371 555 1406 ἔχει
569 1371 634 1406 πρὸς
651 1371 695 1397 τὸν
708 1371 827 1405 Πατέρα,

39 1414 75 1446 ὡς
89 1415 160 1450 πρὸς
174 1415 236 1441 νοῦν
258 1415 337 1448 λόγος
356 1423 365 1431 ·
454 1416 483 1442 οὐ
508 1416 587 1451 μόνον
610 1415 653 1442 διὰ
669 1416 700 1441 τὸ
726 1415 829 1447 ἀπαθὲς

39 1460 88 1494 τῆς
100 1461 265 1495 γεννήσεως,
280 1461 347 1487 ἀλλὰ
361 1461 411 1487 καὶ
428 1461 455 1487 τὸ
471 1462 598 1496 συναφὲς,
621 1461 666 1487 καὶ
692 1461 721 1487 τὸ
746 1461 828 1494 ἐξαγ-

40 1505 163 1537 γελτικόν
172 1511 182 1520 ⁶

40 1551 109 1585 πρὸς
125 1551 156 1576 το
168 1551 334 1585 ὁριζόμενον,
349 1552 441 1588 ἐπειδὴ
459 1554 505 1578 καὶ
526 1552 603 1578 τοῦτο
618 1553 727 1586 λέγεται
740 1552 828 1586 λόγος.

46 1596 78 1621 '0
91 1596 148 1630 γὰρ
164 1596 324 1629 νενοηκὼς,
347 1598 425 1631 φησι,
447 1597 500 1623 τὸν
520 1597 588 1623 Tit)?
604 1597 692 1632 (τοῦτο
705 1597 758 1632 γάρ
772 1597 830 1622 ἐστι

41 1641 69 1666 τὸ
88 1638 249 1674 ἑωρακὼς),
269 1641 394 1674 νενόηκε
405 1641 457 1667 τὸν
478 1641 609 1675 Πατέρα·
625 1641 672 1667 καὶ
700 1640 830 1675 σύντομος

42 1687 181 1720 ἀπόδειξις
195 1687 243 1713 καὶ
255 1687 333 1722 ῥᾳδία
349 1687 396 1721 τῆς
411 1687 456 1712 τοῦ
472 1688 577 1722 Πατρὺς
593 1687 711 1721 φύσεως,
726 1687 740 1712 ὁ
755 1686 828 1718 Υἱός·

42 1732 165 1766 γέννημα
182 1731 236 1766 γὰρ
251 1731 323 1757 ἅπαν
340 1731 386 1756 τοῦ
402 1731 604 1766 γεγεννηκότος,
619 1730 728 1757 σιωπῶν
741 1730 828 1763 λόγος.

42 1776 72 1801 Εἰ
86 1775 114 1801 δὲ
127 1775 175 1801 καὶ
192 1774 237 1801 διὰ
252 1774 282 1801 τὸ
297 1774 460 1809 ἐνυπάρχειν
476 1775 532 1804 τοῖς
547 1771 606 1800 οὖσι
626 1773 701 1807 λέγοι
716 1781 768 1804 τις,
783 1772 831 1807 οὺχ

40 1821 232 1856 ἁμαρτήσεται
254 1819 301 1846 τοῦ
318 1820 412 1853 λόγου⁸
430 1820 457 1846 τί
479 1819 534 1854 γάρ
557 1819 641 1850 ἐστιν,
659 1819 673 1845 ὃ
693 1819 730 1854 μὴ
753 1818 831 1853 Λόγῳ

41 1867 229 1901 συνέστηκεν;
257 1866 341 1900 Σοφία
362 1866 401 1897 δὲ,
420 1865 458 1896 ὡς
481 1866 617 1900 ἐπιστήμη
639 1864 718 1890 θείων
736 1873 764 1890 τε
785 1865 831 1890 καὶ

39 1912 222 1947 ἀνθρωπίνων
244 1911 431 1947 πραγμάτων·
450 1911 509 1942 πῶς
527 1911 579 1946 γὰρ
598 1908 652 1936 οἷόν
670 1919 699 1936 τε
719 1910 765 1936 τον
787 1918 832 1936 πε-

40 1956 187 1992 ποιηκότα,
201 1956 264 1987 τοὺς
286 1955 381 1990 λόγους
399 1956 516 1989 ἀγνοεῖν,
539 1951 576 1981 ὦν
599 1955 749 1989 πεποίηκε;
781 1953 832 1979 Δύ-

40 2011 124 2037 ναμις
141 2002 179 2034 δὲ,
195 2002 233 2034 ὡς
255 2001 449 2037 συντηρητικὸς
465 2001 519 2027 τῶν
535 2000 698 2035 γενομένων,
717 2001 763 2026 καὶ
781 1999 830 2034 τὴν

41 2048 88 2074 τοῦ
107 2048 268 2082 συνέχεσθαι
290 2047 377 2073 ταῦτα
402 2046 527 2082 χορηγῶν
554 2045 678 2080 δύναμιν.
705 2044 829 2079 ’Λλήθεια

40 2094 79 2125 δὲ,
99 2093 140 2124 ὡς
155 2093 196 2124 ἓν,
218 2093 249 2118 οὐ
274 2092 359 2119 πολλὰ
373 2094 406 2127 τῇ
423 2092 518 2126 φύσει·
536 2091 565 2117 τὸ
583 2091 632 2126 μὲν
648 2091 702 2126 γὰρ
721 2089 828 2124 ἀληθὲς,

40 2140 87 2165 ἐν·
105 2139 137 2166 τὺ
152 2139 180 2164 δὲ
200 2138 307 2173 ψεῦδος,
337 2138 510 2173 πολυσχιδές·
532 2137 578 2163 καὶ
599 2137 636 2167 ὡς
657 2135 763 2170 καθαρὰ
782 2134 829 2161 τοῦ

916 1188 1033 1214 Primum
1058 1195 1122 1223 ergo
1149 1187 1231 1214 Filius
1250 1188 1270 1202 “
1290 1187 1354 1214 mihi
1382 1186 1432 1214 dici
1464 1185 1663 1220 videtur,quia

880 1233 996 1260 essentia
1015 1233 1085 1260 idem
1114 1238 1156 1260 est
1182 1241 1243 1260 cum
1269 1232 1349 1259 l‘atrc
1365 1241 1370 1258 :
1387 1239 1474 1266 neque
1500 1231 1525 1258 id
1555 1231 1641 1258 sohun
1656 1251 1663 1262 ,

880 1279 926 1306 seti
951 1279 1012 1313 quia
1039 1279 1120 1306 etiam
1144 1286 1176 1306 ex
1206 1278 1252 1304 illo
1272 1282 1322 1304 est.
1347 1276 1505 1312 Unigenitus
1523 1276 1543 1292 ¹³
1561 1280 1663 1306 autent,

881 1332 932 1351 non
949 1325 1011 1359 quia
1036 1325 1110 1351 solus
1136 1332 1166 1350 ex
1185 1325 1252 1356 solo,
1273 1329 1298 1351 et
1323 1324 1426 1357 solum,
1443 1324 1488 1351 sed
1505 1325 1585 1352 cliam
1602 1327 1663 1360 quia

880 1371 959 1397 unico
978 1370 1067 1402 motio,
1084 1378 1115 1397 ac
1133 1378 1185 1396 non
1209 1375 1238 1396 ιιι
1259 1378 1383 1404 corpora.
1405 1369 1520 1397 Vetbutn
1535 1371 1555 1386 “
1567 1378 1662 1404 porro,

881 1416 942 1450 quia
957 1415 993 1442 ita
1006 1422 1035 1441 se
1046 1416 1126 1442 habet
1145 1416 1177 1441 ad
1192 1415 1312 1448 Patrem,
1333 1420 1361 1443 ut
1376 1423 1467 1443 sermo
1487 1416 1520 1443 ad
1534 1421 1664 1449 mentem,

881 1467 934 1486 non
961 1460 1038 1486 modo
1061 1465 1171 1494 propter
1190 1461 1392 1495 generationem
1420 1461 1556 1495 passionis
1578 1462 1665 1489 omnis

272 1506 340 1540 τάχα
355 1506 376 1532 δ’
393 1507 426 1533 ἂν
440 1506 512 1533 εἴποι
527 1515 578 1539 τις,
592 1508 632 1534 ὅτι
651 1508 696 1534 καὶ
714 1508 750 1539 ὡς
766 1507 826 1543 ὅρος

880 1510 1017 1540 expertem
1037 1526 1044 1538 ,
1071 1514 1165 1533 verum
1196 1506 1276 1533 etiam
1308 1512 1417 1541 propter
1449 1507 1664 1542 coniunctionem

881 1550 965 1584 ipsius
981 1558 1041 1577 cum
1062 1549 1154 1581 Patre,
1173 1551 1282 1585 vimque
1307 1551 1527 1578 enuntiatricem.
1541 1551 1666 1580 Fortasse

880 1594 960 1620 etiam
984 1595 1044 1629 quis
1063 1595 1171 1626 dixerit,
1187 1596 1280 1622 eodem
1302 1596 1381 1622 modo
1399 1603 1428 1622 se
1443 1597 1476 1623 ad
1491 1596 1596 1623 Patrem
1615 1597 1664 1623 ha-

881 1638 955 1668 bere.
973 1646 1028 1673 quo
1043 1639 1164 1665 delinitio
1177 1639 1210 1666 ad
1228 1639 1379 1671 deﬁnitum,
1395 1640 1522 1674 quoniam
1545 1640 1665 1667 deﬁnitio

881 1690 990 1717 quoque
1010 1683 1088 1717 λόγος
1111 1684 1221 1711 dicitur.
1242 1684 1293 1716 Qui
1318 1685 1386 1712 enim
1413 1685 1509 1712 Filium
1535 1688 1664 1721 cognovit.

881 1728 920 1753 ait
943 1727 1068 1766 Christus
1098 1729 1162 1760 (hoc
1187 1729 1258 1756 enim
1275 1730 1344 1756 idem
1363 1730 1506 1764 signiﬁcat,
1520 1739 1561 1763 ac,
1578 1731 1665 1766 vidit),

882 1773 988 1800 Patrem
1005 1782 1107 1809 quoque
1130 1776 1247 1809 cognovit
1260 1773 1302 1801 ”:
1318 1782 1348 1802 ac
1367 1777 1467 1808 brevis,
1489 1781 1516 1804 et
1538 1785 1665 1812 compen-

882 1820 956 1846 diosa
969 1819 1109 1854 facilisque
1120 1826 1238 1854 paterua:
1250 1825 1353 1848 natura:
1365 1821 1511 1849 declaratio
1522 1827 1562 1850 est
1573 1823 1664 1852 Filius.

881 1865 966 1891 Omne
990 1865 1061 1891 enim
1092 1866 1162 1899 quod
1187 1866 1307 1900 genitum
1338 1871 1388 1898 est,
1410 1867 1560 1900 genitorem
1586 1876 1664 1895 suurn

883 1910 963 1936 tacita
992 1911 1107 1944 quadam
1132 1918 1196 1938 voce
1224 1911 1330 1938 deiiuit.
1363 1912 1439 1945 Quod
1456 1914 1478 1940 si
1498 1914 1558 1948 quis
1572 1913 1665 1946 etiam,

883 1955 943 1988 quia
959 1956 1038 1982 rebus
1054 1956 1180 1983 omnibus
1202 1956 1275 1988 insit,
1291 1956 1377 1990 Λόγον
1400 1958 1489 1985 vocari
1509 1959 1665 1992 ('ontt‘ndat,

882 2007 895 2024 ιι
926 2001 1027 2026 ratione
1052 2008 1103 2026 non
1131 2001 1277 2027 aberrabit.
1294 2001 1362 2033 Quid
1376 2003 1446 2028 enim
1458 2008 1508 2035 est,
1524 2004 1593 2037 quod
1609 2011 1663 2031 non

883 2044 969 2070 Verbo
981 2046 1119 2071 conditum
1129 2046 1181 2072 sit?
1195 2045 1331 2080 Sapientia
1340 2047 1361 2062 "
1371 2055 1442 2078 vero.
1453 2053 1481 2074 ut
1491 2056 1579 2075 rerum
1596 2050 1664 2076 divi-

882 2095 1010 2116 narumet
1022 2091 1196 2117 hutuauaruut
1207 2091 1329 2118 scientia.
1345 2092 1394 2125 Qui
1408 2092 1478 2119 enim
1497 2093 1551 2120 lieri
1568 2099 1665 2127 potest,

882 2139 911 2161 ut
936 2135 1060 2162 conditor
1087 2143 1175 2162 rerum
1190 2144 1203 2162 ιι
1218 2144 1247 2163 se
1264 2137 1433 2164 conditarum
1459 2138 1576 2165 rationes
1592 2139 1666 2174 igno-

41 2184 151 2220 Πατρῦς
167 2183 296 2218 σφραγὶς,
312 2183 358 2210 καὶ
365 2183 508 2218 χαρακτὴρ
519 2181 722 2216 ἁψευδέστατος.
744 2179 826 2206 Εἱκὼν

883 2180 943 2206 ret?
958 2179 1120 2212 Potentia",
1146 2187 1172 2207 ιιι
1195 2189 1284 2208 rerum
1310 2187 1460 2208 creatur-nm
1477 2190 1663 2216 conservator,

41 2230 68 2256 Et
85 2247 94 2260 ,
167 2229 206 2260 t'o;
221 2229 373 2263 ὁμοοὺσιον,
401 2228 448 2254 καὶ
471 2228 512 2254 ὅτι
538 2226 617 2253 τοῦτο
639 2225 752 2255 ἐκεῖθεν,
774 2224 830 2251 ἀλλ’

41 2276 90 2301 οὐκ
108 2275 142 2301 ὲκ
159 2274 254 2300 τούτου
277 2274 387 2308 Πατήρ·
404 2272 473 2307 αὕτη
497 2272 550 2307 γὰρ
565 2272 666 2302 εἰκόνος
678 2270 766 2305 φύσις,
786 2269 831 2304 μί-

43 2329 123 2355 μημα
222 2317 290 2345 εἶναι
321 2319 368 2345 τοῦ
390 2317 555 2354 ἀρχετύπου,
582 2317 630 2342 καὶ
651 2312 681 2342 οὗ
705 2315 830 2349 λέγεταιι

43 2366 112 2398 πλὴν
126 2365 169 2390 ὃτι
183 2365 231 2390 καὶ
246 2363 325 2390 πλέον
410 2362 526 2389 ἐνταῦθα
536 2370 543 2376 ·
558 2361 617 2387 ἐκεῖ
632 2360 680 2395 μὲν
754 2359 809 2395 γὰρ
824 2377 832 2391 ,

42 2411 172 2445 ἀκίνητος
191 2409 349 2444 κινουμένου
361 2416 368 2422 ·
386 2407 501 2434 ὲνταίθα
515 2407 554 2438 δὲ,
569 2406 669 2438 ζῶντος
686 2405 732 2432 xa‘t.
747 2404 832 2437 ζῶσα,

42 2457 88 2483 71".
101 2456 184 2481 πλέον
264 2454 362 2489 ἔχουσα
376 2454 406 2480 τὸ
421 2451 667 2487 ἀπαράλλακτον,ἣ
681 2450 728 2476 τοῦ
746 2449 833 2480 ’Δδὰμ

43 2501 121 2535 όΣὴθ
133 2518 140 2530 ,
223 2500 270 2526 καὶ
291 2499 339 2525 τοῦ
361 2497 509 2532 γεννῶντος
532 2496 632 2527 παντὸς
653 2495 684 2522 τὸ
698 2495 834 2530 γεννώμε-

44 2553 104 2571 νον·
126 2543 239 2578 τοιαύτη
260 2543 314 2578 γὰρ
339 2544 355 2577 ἡ
372 2542 427 2568 τῶν
450 2541 542 2568 ἁπλῶν
559 2540 649 2574 φύσις,
671 2539 707 2575 μὴ
731 2539 770 2575 τῷ
784 2539 833 2574 μὲν

45 2589 174 2620 ἐοικέναι,
201 2587 240 2623 τῷ
254 2588 282 2614 δὲ
303 2587 471 2617 ἁπεοικέναι,
497 2586 554 2612 ἀλλ’
573 2585 632 2612 ὅλον
661 2585 720 2611 ὅλου
750 2585 833 2612 τύπον

47 2632 125 2666 εἶναι,
138 2635 186 2660 καὶ
200 2633 298 2660 ταυτὸν
319 2633 429 2668 μᾶλλον,
443 2632 460 2667 ἣ
476 2632 651 2667 ἀφομοίωμα.
671 2631 731 2663 Φῶς
743 2631 782 2664 δὲ,
795 2631 833 2662 ὡς

102 2731 174 2758 ΡςιιΙ.
202 2739 275 2758 um
288 2751 296 2764 ,
312 2732 357 2759 15,

44 2766 54 2780 ⁷
73 2766 144 2793 Psal.
159 2774 244 2796 van.
259 2767 304 2794 21.

48 2801 69 2815 ¹¹
86 2801 167 2827 Joan.
181 2809 201 2832 ι,
217 2801 260 2829 18.

49 2836 69 2851 ¹⁹
86 2836 194 2864 Coloss.
213 2844 234 2868 ι,
248 2838 291 2865 15.

406 2733 416 2748 ¹
441 2733 508 2760 Ibid.
558 2734 568 2750 ³
585 2732 594 2759 Ι
612 2733 685 2760 Tim.
704 2741 740 2767 Vt,
762 2734 806 2762 15.

344 2766 442 2802 'Psal.
461 2776 537 2802 xattt,
552 2768 579 2795 1.
614 2769 624 2784 ⁸
643 2769 720 2796 Rom.
740 2777 783 2801 xv,
798 2770 843 2797 53.

320 2802 341 2818 ⁸⁸
355 2801 432 2838 Joau.
449 2810 469 2835 ι,
497 2804 526 2831 1.
585 2803 606 2820 ³³
623 2803 769 2837 Joan.xtv,
783 2805 810 2838 7,
829 2806 856 2832 9.

334 2839 356 2854 ’⁸³
372 2837 453 2866 Hebr.
471 2845 489 2871 ι,
502 2839 528 2866 5.

846 2735 858 2752 ⁸
873 2735 952 2763 Rom.
969 2743 995 2762 ιιι
1007 2755 1015 2767 ,
1033 2735 1079 2764 29.

886 2226 993 2260 vimque
1015 2227 1048 2253 iis
1067 2227 1241 2260 suppeditans
1261 2233 1289 2253 ιιι
1305 2229 1501 2254 cmttiucantur.
1519 2228 1622 2255 Veritas
1634 2231 1665 2262 ιε,

883 2275 910 2297 ιιι
920 2276 1014 2296 natura
1025 2279 1117 2302 unum,
1128 2279 1178 2297 non
1197 2271 1288 2298 multa.
1303 2271 1398 2299 Verum
1408 2273 1505 2308 quippe
1518 2282 1597 2300 unum
1607 2281 1667 2308 est;

883 2317 1052 2343 mendacium
1063 2317 1197 2351 multiplex
1208 2326 1214 2343 :
1226 2324 1305 2352 atque
1312 2319 1392 2345 etiam
1403 2323 1531 2353 utpurutn
1540 2319 1628 2348 Patris
1635 2321 1670 2348 si-

883 2362 984 2396 gilium,
1008 2362 1169 2396 minituctpte
1189 2364 1302 2389 mendax
1326 2364 1475 2391 character.
1493 2364 1581 2399 Imago
1592 2366 1622 2398 ¹⁹,
1640 2370 1669 2392 ut

883 2406 1000 2440 ejusdem
1010 2414 1069 2434 cum
1077 2406 1155 2434 Patre
1163 2408 1318 2434 substantiw
1326 2409 1359 2440 ³⁸,
1366 2413 1391 2434 ct
1399 2410 1459 2442 quia
1467 2417 1497 2435 ex
1507 2409 1550 2436 illo
1557 2415 1607 2442 est,
1616 2418 1668 2438 non

883 2458 971 2479 autem
987 2459 1018 2478 ea
1033 2452 1082 2478 hoc
1095 2451 1183 2479 Pater.
1206 2451 1266 2479 lltec
1282 2453 1412 2487 siquidem
1432 2454 1555 2489 imaginis
1573 2459 1668 2483 natura

883 2499 933 2523 est.
949 2499 976 2521 ut
991 2495 1026 2521 sit
1049 2495 1163 2521 imitatio
1175 2496 1344 2530 exemplaris,
1361 2497 1438 2531 cujus
1456 2498 1542 2533 imago
1556 2501 1669 2534 dicitur;

889 2548 1042 2575 quanquam
1074 2541 1117 2568 hic
1143 2542 1230 2576 imago
1252 2543 1387 2577 exemplar
1416 2551 1492 2570 suum
1518 2545 1670 2580 expressius

889 2586 979 2613 refert.
998 2585 1054 2613 Illic
1067 2587 1138 2613 enim
1153 2588 1191 2613 rei
1210 2587 1276 2614 virte
1288 2595 1318 2614 ac
1337 2594 1408 2615 motu
1429 2590 1547 2624 prmditac
1565 2595 1667 2617 mortua

887 2637 914 2659 et
930 2637 1018 2659 tnotus
1030 2640 1126 2667 expers
1143 2634 1232 2668 imago
1245 2639 1285 2660 est
1302 2643 1309 2662 :
1324 2634 1368 2661 hic
1384 2640 1475 2662 autem
1500 2635 1551 2663 vivi
1578 2643 1668 2663 exent-

1130 2736 1140 2752 ⁸
1155 2735 1225 2763 Psal.
1253 2741 1334 2768 util,
1352 2737 1395 2764 10.

1144 2772 1164 2787 ¹¹
1181 2771 1265 2799 Exod.
1279 2779 1320 2804 ιιι,
1338 2771 1364 2799 0.

1163 2807 1184 2822 ”
1203 2807 1301 2842 Ephes.
1319 2815 1343 2839 ν,
1365 2808 1407 2836 19.

1447 2737 1544 2764 6Deut.
1569 2745 1600 2769 π,
1626 2736 1670 2764 17.

1408 2773 1429 2788 ¹¹
1446 2772 1618 2834 phum“?

1490 2815 1550 2834 oau.
1567 2815 1590 2833 xu
1614 2827 1620 2840 ,
1653 2824 1661 2833 .

896 2772 917 2786 ”
935 2771 1007 2797 Psal.
1029 2779 1065 2804 tv,
1078 2772 1105 2798 2-

899 2806 920 2821 ¹⁶
934 2804 943 2832 l
958 2805 1022 2834 Cor.
1040 2814 1059 2839 ι,
1078 2805 1124 2833 50.
