1912 3078
264 150 317 186 199

509 205 552 235 Ea:
565 207 655 235 eadem
671 208 798 236 aratione.

295 263 372 292 Mens
389 263 471 300 igitur
499 269 527 292 et
542 271 638 293 sensus
655 265 692 292 ita
706 265 760 300 jam
783 266 854 293 inter
877 273 905 294 se
930 266 1047 295 discreta

261 310 320 338 suis
347 317 377 337 se
402 309 501 337 ﬁnibus
528 310 715 342 continebant,
740 310 931 346 etleetorisque
965 311 1047 340 Verbi

263 355 491 391 magniﬁcentiam
507 361 634 390 tanquam
658 356 731 383 taciti
756 356 865 391 quidem
894 357 1049 385 laudatores

263 403 411 437 eximiique
425 409 564 436 pnecones
577 409 631 437 pne
643 409 672 429 se
688 402 822 429 ferebant.
847 401 973 430 Nondum
1002 411 1049 430 au-

263 452 392 475 temerat
416 447 468 474 ulla
495 454 528 474 ex
559 447 680 482 utrisque
706 447 854 478 concretio,
878 452 906 475 et
929 456 963 475 ex
984 455 1051 476 con-

263 493 354 520 trariis
368 492 468 524 mistio,
486 499 546 527 qua:
563 493 694 527 majorem
710 492 881 527 sapientiam,
899 497 926 520 et
945 493 1050 528 impen-

263 546 320 566 sam
340 538 366 565 in
380 538 461 565 rebus
477 539 637 572 procreatis,
653 542 681 565 et
695 538 792 565 divinae
800 538 930 566 bonitatis
943 539 1051 566 divitias

263 585 406 612 indicaret.
422 583 602 616 Quamobrem
615 584 664 610 has
677 588 704 610 ut
713 584 867 612 ostenderet
880 584 969 619 opifex
985 584 1050 612 Ver-

262 632 327 659 bum
345 630 445 658 animal
460 637 543 656 unum
559 637 590 657 ex
608 634 721 664 utraque
736 635 843 661 natura,
859 636 891 656 ea
909 629 1049 661 nimirum,

266 685 326 713 quae
341 677 473 707 cernitur,
484 681 510 702 et
523 675 578 708 illa,
593 683 653 710 qua:
665 683 720 702 non
732 675 864 707 cernitur,
879 679 1050 710 compactum

261 724 411 750 fabricatus
427 727 468 749 est
483 722 632 753 hominem,
655 729 689 748 ex
705 721 817 748 materia
836 729 895 754 qum
908 721 963 756 jam
986 728 1050 755 sup-

261 760 382 804 petebat,
397 775 496 802 corpus
510 767 657 802 accipiens,
673 770 753 801 atque
770 766 808 794 illi
824 774 857 794 ex
880 774 909 794 se
924 766 1048 801 spiritum

261 815 397 844 inserens,
413 821 494 848 quem
511 813 621 848 quidem
639 813 760 839 animum
783 817 810 840 et
829 813 976 847 imaginem
1001 812 1049 840 Dei

260 864 341 887 vocat
360 859 510 894 Scriptura.
527 859 605 886 Hunc
618 859 696 893 quasi
716 859 798 886 alium
811 859 955 893 quemdam
972 867 1051 886 mun-

261 907 337 937 dutn,
360 906 387 932 in
403 913 486 940 parvo
508 913 635 940 magnum
657 905 684 932 in
707 909 778 932 terra
800 905 952 935 constituit,
968 905 1050 932 alium

261 952 344 979 veluti
366 951 490 986 angelum
516 951 637 982 mistum,
662 951 844 982 adoratorem,
870 958 960 978 rerum
988 959 1050 986 pro-

261 1002 424 1028 crealarum,
450 1004 510 1031 quae
532 1000 695 1028 cernuntur,
722 996 915 1031 inspectorem,
945 1004 1051 1028 earutn,

260 1051 320 1078 qua?
333 1051 386 1070 non
399 1046 559 1075 cernuntur,
572 1042 823 1077 contemplatorem,
843 1049 933 1077 regem
946 1049 1050 1074 eorum,

259 1097 320 1124 quae
336 1093 400 1116 sunt
424 1089 450 1115 in
470 1093 554 1122 terra,
576 1095 682 1115 summo
706 1087 771 1123 Regi
793 1088 1048 1122 obtemperantem:

261 1135 401 1163 mortalem
439 1139 466 1162 et
492 1134 671 1162 immortalem
701 1143 708 1161 :
747 1134 873 1161 sensibus
900 1139 927 1161 et
959 1137 1052 1161 mente

260 1185 443 1212 constantem,
473 1183 503 1207 ut
527 1179 580 1207 illis
603 1180 677 1206 cerni
715 1186 747 1206 ac
785 1179 897 1214 intelligi
930 1178 1015 1212 possit
1044 1187 1051 1206 :

260 1226 382 1253 medium
423 1226 496 1253 inter
531 1225 746 1260 magnitudinem
783 1230 810 1252 et
837 1224 1050 1252 humilitatem:

259 1270 387 1298 eumdem
422 1275 478 1297 tum
516 1270 653 1306 spiritum.
682 1274 738 1297 tum
768 1277 899 1300 carnem.
927 1270 1050 1305 spiritum

259 1320 373 1351 propter
385 1317 511 1351 gratiam,
534 1323 643 1343 carnem
662 1321 773 1351 propter
789 1316 952 1351 superbiam.
972 1315 1051 1349 Illud,

259 1367 290 1390 ut
305 1368 440 1396 maneret,
460 1367 487 1390 et
501 1362 585 1389 Deum
605 1364 639 1390 de
652 1369 681 1389 se
699 1363 768 1390 bene
780 1363 907 1390 meritum
919 1363 1052 1390 laudaret:

251 1407 321 1441 ’hoc,
338 1413 368 1436 ut
385 1408 634 1445 perturbationibus
657 1413 684 1436 et
709 1408 841 1436 molestiis
869 1412 941 1436 esset
965 1409 1052 1436 obno-

258 1454 342 1485 xius,
385 1459 416 1480 ut
461 1461 522 1481 cum
557 1452 746 1488 magnitudine
783 1460 831 1480 sua
873 1452 962 1480 elatus
1001 1453 1052 1481 sibi

258 1499 391 1533 placoret.
418 1498 450 1526 iis
472 1498 599 1531 alllictus,
617 1501 644 1525 et
664 1498 846 1525 commonitus
859 1498 1052 1532 resipisceret:

872 154 1063 186 EUTHYMII
1090 154 1271 186 ZIGABENI

1829 155 1874 189 200

1346 210 1400 239 Τοῦ
1411 211 1505 240 αὐτοῦ
1523 213 1628 247 λόγου.

1135 257 1208 289 Νοῦς
1220 257 1271 292 μὲν
1290 255 1339 284 οὖν
1352 257 1402 293 ἤδη
1417 258 1464 284 καὶ
1483 258 1615 294 αἰσθησις
1636 258 1723 291 οὕτως
1738 259 1788 286 ἀπ’
1798 260 1874 297 ἀλλή-

1099 302 1154 330 λων
1169 303 1358 339 διακριθέντα,
1372 303 1427 330 τῶν
1445 304 1518 331 ἰδίων
1529 304 1603 340 ὅρων
1615 305 1691 337 ἐντὸς
1708 305 1876 341 είστήκεισαν

1100 351 1148 377 καὶ
1168 349 1197 376 τὸ
1210 350 1258 377 τοῦ
1278 350 1449 386 δημιουργοῦ
1469 351 1560 384 Λόγου
1576 351 1723 386 μεγαλεῖον
1737 353 1767 379 ἐν
1777 353 1876 385 ἑαυτοῖς

1100 396 1209 431 ἔφερον,
1227 396 1359 430 σιγῶντες
1375 397 1518 424 ἐπαινέται
1538 397 1589 432 τῆς
1607 398 1812 434 μεγαλουργίας
1836 400 1878 426 καὶ

1101 441 1260 476 διαπρύσιοι
1275 443 1405 478 κήρυκες.
1425 442 1512 470 Οὔπω
1527 443 1556 470 δὲ
1584 441 1618 479 ἦν
1636 444 1732 479 κρᾶμα
1752 444 1782 478 ἑξ
1797 445 1879 480 ἀμφο-

1100 488 1200 522 τέρων,
1212 488 1273 514 οὐδέ
1289 497 1332 520 τις
1350 489 1424 522 μίξις
1443 488 1497 515 τῶν
1519 489 1660 522 ἐναντίων,
1678 490 1777 524 σοφίας
1796 491 1878 525 μείζο-

1100 543 1144 565 νος
1158 534 1315 569 γνώρισμα,
1326 536 1373 561 καὶ
1385 535 1434 569 τῆς
1447 535 1511 570 περ).
1521 536 1572 567 τὰς
1585 536 1682 570 φύσεις
1694 537 1876 569 πολυτελείας,

1100 580 1161 607 οὐδὲ
1187 581 1201 607 ὁ
1225 582 1279 612 πᾶς
1311 581 1429 613 πλοῦτος
1459 582 1511 616 τῆς
1536 582 1704 617 ἀγαθότητος
1731 583 1877 618 γνώριμος.

1102 626 1187 653 Τοῦτο
1203 627 1235 662 δὴ
1256 627 1396 663 βουληθεὶς
1415 628 1429 654 ό
1440 629 1567 663 τεχνίτης
1585 628 1772 661 ἐπιδείξασθαι
1787 630 1878 663 Λόγος,

1104 674 1151 700 καὶ
1170 673 1239 706 ζῶον
1254 673 1282 700 ἒν
1301 673 1333 705 ἐξ
1346 673 1522 708 ἀμφοτέρων.
1539 674 1658 708 ἀοράτου
1678 683 1719 706 τε,
1735 675 1819 709 λέγω,
1840 677 1881 702 καὶ

1101 719 1202 755 ὁρατῆς
1213 720 1333 754 φύσεως,
1344 720 1507 755 δημιουργεῖ
1516 721 1563 746 τὸν
1577 720 1730 756 ἄνθρωπον.
1742 722 1799 748 Καὶ
1812 722 1881 755 παρὰ

1104 764 1154 800 μὲν
1171 765 1221 799 τῆς
1237 765 1304 800 ὕλης
1319 765 1411 792 λαϐὼν
1424 766 1455 792 τὺ
1485 766 1565 800 σῶμα
1581 766 1630 802 ἤδη
1662 768 1880 803 προῦποστάσης,

1102 811 1167 845 παρ’
1182 811 1279 837 ἑαυτοῦ
1295 812 1323 838 δὲ
1337 812 1422 846 πνοὴν
1435 812 1532 845 ἐνθεὶς,
1548 813 1562 839 δ
1577 813 1608 848 δὴ
1627 813 1715 849 ψυχὴν
1728 815 1827 849 νοερὰν
1840 815 1882 841 καὶ

1102 857 1193 883 εἰκόνα
1204 856 1272 883 Θεοῦ
1295 855 1365 884 οἶδεν
1378 858 1392 883 ὁ
1412 857 1499 891 λόγος,
1509 855 1565 884 οἷόν
1576 867 1635 885 τινα
1649 860 1881 895 κθσμονδεύτείον

1102 903 1132 928 ὲν
1163 903 1253 937 μικρῷ
1288 903 1376 937 μέγαν
1397 904 1443 929 ἐπὶ
1469 903 1520 937 τῆς
1551 906 1603 938 γῆς
1626 905 1751 939 ἴστησιν⁸
1772 905 1883 940 ἄγγελον

1102 947 1192 978 ἄλλον,
1217 948 1409 984 προσκυνητὴν
1438 949 1545 984 μικτὸν,
1566 950 1690 985 ὲπόπτην
1710 951 1760 985 τῆς
1787 952 1884 986 ὁρατῆς

1102 993 1228 1026 κτίσεως,
1258 993 1363 1029 μύστην
1379 996 1430 1028 τῆς
1445 995 1605 1030 νοουμένης,
1627 996 1739 1031 βασιλέα
1759 997 1817 1024 τῶν
1843 998 1884 1024 ἐπὶ

1102 1039 1164 1074 γῆς,
1180 1039 1390 1074 βασιλευόμενον
1406 1041 1520 1074 ἀνωθεν,
1534 1042 1657 1075 ἐπίγειον
1683 1043 1731 1069 καὶ
1747 1043 1884 1077 οὐράνιον,

1105 1084 1275 1120 πρόσκαιρον
1293 1085 1340 1112 καὶ
1366 1086 1511 1119 ἀθάνατον,
1535 1087 1632 1123 ὀρατδν
1651 1088 1698 1114 καὶ
1722 1089 1883 1123 νοούμενον.

1104 1130 1187 1164 μέσον
1205 1130 1339 1165 μεγέθους
1354 1132 1402 1158 καὶ
1419 1133 1625 1167 ταπεινότητος,
1637 1133 1682 1160 τὸν
1692 1134 1772 1161 αὑτὸν
1781 1136 1885 1170 πνεῦμα

1102 1176 1150 1202 καὶ
1169 1176 1258 1211 σάρκα
1271 1184 1277 1191 ·
1302 1176 1413 1212 πνεῦμα
1429 1178 1472 1204 διὰ
1487 1178 1536 1214 τὴν
1552 1180 1644 1214 χάριν,
1671 1180 1760 1215 σάρκα
1774 1181 1820 1208 διὰ
1841 1182 1886 1216 τὴν

1102 1221 1229 1256 ἔπαρσινο
1241 1222 1271 1249 τὸ
1281 1223 1343 1258 μὲν,
1360 1224 1404 1250 ἴνα
1419 1224 1486 1260 μένῃ
1502 1225 1548 1251 καὶ
1563 1225 1661 1261 δοξάζῃ
1669 1227 1715 1253 τὸν
1728 1227 1885 1263 εὐεργέτην,

1102 1267 1132 1293 τὸ
1151 1267 1190 1300 δὲ,
1225 1268 1269 1294 ἵνα
1289 1270 1392 1305 πάσχῃ,
1421 1271 1468 1297 καὶ
1495 1271 1618 1306 πάσχων,
1646 1273 1887 1309 ὐπομιμνήσχηται

1103 1313 1150 1340 καὶ
1166 1313 1342 1349 παιδεύηται,
1359 1314 1398 1350 τῷ
1420 1315 1531 1350 μεγέθει
1558 1317 1804 1353 φιλοτιμούμενος·
1824 1321 1887 1352 ζῶον

1103 1359 1221 1388 ἐνταῦθα
1237 1361 1477 1396 οἰκονομούμενον,
1503 1363 1552 1389 καὶ
1580 1363 1699 1399 ἀλλαχοῦ
1720 1365 1886 1400 μεθιστάμε-

1103 1414 1160 1439 νον,
1176 1406 1226 1433 καὶ
1240 1408 1327 1443 πέρας
1342 1407 1389 1434 τοῦ
1402 1408 1564 1444 μυστηρίου,
1581 1411 1614 1445 τῇ
1626 1410 1694 1445 πρὸς
1706 1411 1774 1438 Θεὸν
1801 1413 1888 1439 νεύσει

1104 1451 1263 1488 θεούμενον.
1292 1453 1340 1485 Εἰς
1355 1453 1437 1480 τοῦτο
1454 1454 1509 1490 γὰρ
1535 1455 1597 1489 ἐμοὶ
1618 1456 1696 1491 φέρει
1722 1459 1754 1484 τὸ
1780 1459 1888 1493 μέτριον

1104 1499 1222 1526 ἐνταῦθα
1247 1498 1349 1534 φέγγος
1377 1500 1427 1534 τῆς
1452 1500 1594 1535 ἀληθείας,
1615 1501 1798 1539 λαμπρότητα
1826 1504 1889 1531 Θεοῦ

261 1544 361 1571 animal
377 1544 422 1571 hic
434 1544 606 1576 collocatum,
623 1548 653 1571 ut
667 1544 720 1571 alio
735 1544 842 1579 migret,
860 1548 886 1571 et
908 1551 968 1578 qua
992 1552 1050 1579 my-

1107 1545 1150 1572 καὶ
1166 1544 1230 1572 ἰδεῖν
1246 1546 1294 1572 καὶ
1315 1545 1423 1578 παθεῖν,
1456 1546 1535 1578 ἀξίαν
1561 1547 1609 1574 τοῦ
1637 1548 1687 1575 καὶ
1709 1549 1890 1586 συνδήσαντος

248 1590 336 1617 .sterii
352 1595 393 1617 est
404 1598 520 1623 summa,
531 1595 560 1617 ut
571 1590 616 1617 Dei
629 1590 780 1616 imitatione
804 1589 901 1617 evadat
913 1590 940 1617 in
953 1590 1050 1617 Deum.

259 1634 364 1662 Idcirco
394 1635 467 1662 enim
489 1635 634 1662 mediocris
661 1635 720 1661 haec
746 1634 826 1661 nobis
851 1635 898 1661 lux
921 1642 1052 1663 concessa

1104 1592 1152 1618 καὶ
1189 1591 1335 1625 λύσοντος,
1368 1594 1417 1620 καὶ
1455 1591 1534 1626 αὖθις
1580 1594 1756 1631 συνδήσοντος
1794 1596 1893 1632 ὑψηλό-

1107 1645 1198 1673 τερον.

259 1685 311 1714 est,
342 1687 371 1709 ut
395 1690 427 1709 ea
453 1681 522 1709 duce
556 1681 727 1717 splendorem
760 1681 834 1708 illum
859 1689 1065 1716 .assequamur,
1086 1690 1141 1718 quo
1172 1684 1246 1720 digni
1286 1686 1383 1719 simus,
1418 1687 1463 1722 qui
1491 1687 1631 1715 videamus
1657 1689 1892 1725 suscipiamusqtte

260 1728 357 1762 Deum,
374 1728 421 1764 qui
444 1736 495 1756 nos
519 1732 546 1755 et
569 1728 715 1763 compegit,
740 1732 767 1755 et
790 1728 887 1761 solvet,
915 1734 943 1756 et
968 1730 1053 1758 multo
1071 1730 1285 1765 magniﬁcentius
1305 1733 1431 1762 restituit.

426 1775 468 1802 Ea:
483 1775 603 1802 oratione
618 1775 646 1802 in
663 1774 749 1802 Sacra
766 1775 892 1803 Lumina.

295 1821 397 1849 Verum
413 1821 476 1856 quia
491 1822 635 1856 oportebat
648 1828 703 1848 non
720 1821 807 1849 solum
830 1821 858 1849 in
877 1822 953 1850 caelis
971 1822 1056 1851 Deum

258 1867 311 1895 coli
332 1872 359 1894 et
389 1866 508 1899 adorari,
526 1867 574 1895 sed
608 1867 715 1902 aliquos
732 1867 813 1895 etiam
843 1867 871 1894 in
897 1868 975 1896 terris
997 1872 1057 1896 esSe

260 1914 335 1942 illius
359 1913 477 1941 cultores
501 1918 528 1940 et
554 1913 724 1945 adoratores,
752 1917 782 1940 ιιι
804 1913 944 1948 (quoniam
966 1915 1057 1942 omnia

259 1965 324 1988 sunt
353 1960 407 1988 Deo
432 1959 522 1994 plena)
548 1959 641 1987 omnia
670 1959 716 1986 Dei
733 1959 818 1995 gloria
842 1959 1056 1995 complerentur,

262 2004 326 2033 ideo
344 2012 427 2032 manu
444 2004 492 2032 Dei
509 2004 638 2032 conditus
651 2009 694 2033 est
713 2005 805 2039 homo,
828 2009 855 2033 et
868 2006 928 2040 ejus
940 2006 1057 2042 imagine

261 2052 417 2080 decoratus.

368 2098 411 2126 Ea:
427 2099 548 2126 oratione
567 2099 595 2125 in
611 2099 679 2126 diem
695 2098 820 2126 Natalem
836 2091 955 2127 Christi;

296 2179 377 2206 Hunc
394 2177 421 2205 in
437 2176 563 2212 paradiso
587 2177 729 2204 collocavit
745 2177 952 2212 (qualiscunque
970 2177 1053 2206 fuerit

1239 1779 1290 1807 Ἐκ
1311 1780 1365 1807 τοῦ
1382 1781 1426 1814 εις
1436 1781 1471 1808 τὰ
1483 1782 1569 1818 Ἅγια
1584 1783 1665 1810 Mra
1682 1784 1788 1820 λόγου.

1149 1825 1227 1852 Ἐπεὶ
1238 1825 1266 1852 δὲ
1282 1825 1336 1853 ἔδει
1354 1826 1392 1862 μὴ
1405 1828 1462 1860 τοῖς
1474 1828 1531 1855 ἀνω
1547 1829 1628 1864 μόνον
1641 1829 1691 1865 τὴν
1705 1832 1894 1866 προσκύνησιν

1108 1871 1341 1907 περιγράφεσθαι,
1362 1873 1421 1900 ἀλλ’
1438 1871 1510 1901 εἶναι
1525 1883 1601 1907 τινας
1615 1876 1661 1902 καὶ
1677 1877 1753 1904 κάτω
1770 1887 1895 1913 προσκυ-

1108 1917 1202 1951 νητὰς,
1219 1917 1265 1944 ἵνα
1278 1918 1408 1954 πληρωθῇ
1429 1919 1463 1946 τὰ
1478 1920 1568 1947 πάντα
1582 1920 1661 1957 δόξης
1678 1921 1836 1954 Θεοῦ,ὲπεὶ
1851 1925 1896 1950 καὶ

1107 1961 1186 1995 Θεοῦ,
1196 1962 1242 1989 διὰ
1254 1963 1334 1990 τοῦτο
1350 1964 1472 1997 κτίζεται
1483 1965 1629 2002 ἄνθρωπος
1643 1969 1714 2003 χειρὶ
1727 1967 1799 1996 Θεοῦ
1815 1977 1898 2005 τιμη-

1106 2007 1164 2040 θεὶς
1174 2009 1221 2035 καὶ
1235 2009 1328 2037 εικόνι.

1110 2100 1158 2127 Ἐκ
1177 2099 1232 2128 τοῦ
1250 2101 1345 2133 λόγου
1365 2100 1420 2127 τοῦ
1446 2103 1490 2136 εις
1513 2104 1551 2145 ad
1576 2105 1717 2139 γενέθλια
1744 2108 1802 2136 τοῦ
1835 2110 1900 2145 Χρι-

1456 2146 1545 2166 στου.

1140 2181 1242 2209 Τοῦτον
1261 2183 1336 2210 ἔθετο
1352 2185 1402 2219 μὲν
1417 2186 1446 2213 ὲν
1465 2186 1504 2221 τῷ
1536 2186 1707 2223 παραδείσῳ,
1726 2188 1805 2221 ὅστις
1835 2191 1901 2216 ποτὲ

263 2225 310 2270 ille
336 2223 493 2257 Paradisus)
523 2228 552 2251 et
573 2223 689 2250 liberum
726 2224 872 2251 voluntatis
911 2223 1051 2251 arbitrium

1107 2223 1141 2261 ἧν
1156 2227 1170 2253 ὸ
1183 2228 1347 2263 παράδεισος
1377 2227 1466 2264 οὗτος,
1481 2231 1519 2267 τῷ
1533 2231 1698 2269 αὺτεξουσίῳ
1712 2235 1846 2270 τιμήσας.
1870 2237 1898 2262 ἶν’

260 2261 376 2305 1argitus
391 2273 445 2303 est,
461 2273 492 2296 ut
508 2269 609 2296 bonum
625 2277 680 2297 non
706 2269 796 2297 minus
818 2270 905 2304 ipsius
932 2269 1056 2305 eligentis

262 2320 346 2347 esset,
359 2322 440 2350 quam
466 2315 535 2350 ejus,
545 2315 591 2349 qui
605 2315 710 2343 semina
732 2315 881 2342 tribuisset.
897 2314 1055 2343 Plantarum

262 2361 458 2388 immortalium
475 2360 605 2388 cultorem
622 2361 777 2393 constituit,
792 2362 818 2388 id
827 2366 878 2394 est,
888 2361 1055 2394 divinarum,

262 2412 294 2435 ut.
320 2407 447 2442 equidem
466 2407 566 2440 sentio,
583 2406 857 2442 contemplationum,
877 2411 934 2434 tum
952 2407 1058 2442 simpli-

263 2452 337 2480 cium
350 2457 406 2480 tum
421 2452 615 2488 perfectarum.
632 2452 739 2480 Nudum
755 2453 789 2480 ob
802 2453 1013 2488 simplicitatem,
1029 2457 1057 2481 et

264 2499 346 2526 vitam
363 2498 438 2526 nulla
449 2503 509 2526 arte
536 2498 707 2532 instructam,
721 2506 772 2527 nec
785 2499 841 2526 ullo
864 2503 966 2527 tectum
977 2500 1057 2527 indu-

265 2544 482 2579 mento,qualem
496 2551 556 2571 esse
567 2544 680 2571 decebat
691 2544 808 2578 primum
819 2544 894 2571 illum
906 2543 1055 2572 hominem.

264 2581 430 2624 Tumlegem
442 2589 527 2623 dedit,
535 2597 588 2624 qua
599 2589 711 2617 liberam
726 2589 894 2617 voluntatem
905 2594 1056 2617 exerceret.

263 2635 320 2662 Lex
337 2635 382 2663 illa
407 2635 562 2662 mandatum
587 2640 657 2668 erat,
684 2643 739 2670 quo
763 2635 800 2662 illi
817 2635 1057 2670 praescribebatur,

263 2687 345 2715 quam
369 2680 489 2715 plantam
514 2680 660 2715 attingere,
679 2685 706 2708 et
722 2688 737 2707 a
760 2688 813 2715 qua
838 2681 950 2708 deberet
973 2681 1058 2708 absti-

264 2732 341 2752 nere.
374 2724 438 2752 llaec
464 2730 566 2759 autem,
594 2734 608 2753 a
635 2733 687 2761 qua
711 2732 863 2761 temperare
904 2727 1057 2762 oportebat,

264 2775 323 2799 erat
346 2771 466 2799 scientia;
490 2773 594 2807 planta,
620 2779 681 2807 quae
705 2773 816 2806 quidem
839 2773 873 2800 ab
900 2773 979 2801 initio
1007 2781 1058 2801 nec

264 2815 338 2846 malo
356 2822 414 2845 sata
430 2817 481 2845 fuit
496 2819 621 2851 consilio,
647 2825 698 2845 nec
714 2819 749 2846 ob
772 2819 900 2846 invidiam
922 2820 1058 2854 prohibita

266 2861 312 2895 (ne
325 2862 431 2891 vibrent
448 2863 502 2891 httc
523 2862 629 2898 linguas
655 2870 718 2891 suas
744 2863 818 2899 impii
845 2865 890 2899 qui
917 2865 1054 2901 gigantum

1108 2270 1184 2308 ᾖτοῦ
1202 2273 1331 2309 ἑλομένου
1346 2275 1376 2302 τὺ
1391 2277 1493 2311 ἀγαθὸν
1522 2279 1571 2313 οὐχ
1586 2275 1668 2313 ἦττον
1692 2279 1708 2314 ἢ
1736 2280 1783 2307 τοῦ
1812 2290 1900 2317 παρα-

1110 2316 1221 2351 σχόντος
1235 2318 1270 2345 τά
1286 2320 1433 2355 σπέρματα
1448 2329 1455 2337 ”
1473 2322 1566 2356 φυτῶν
1585 2323 1730 2350 ἀθανάτων
1757 2316 1901 2360 γεωργὶν,

1111 2361 1190 2389 θείων
1212 2364 1323 2392 ἐννοιῶν
1350 2366 1427 2399 ἴσως,
1443 2367 1498 2395 τῶν
1524 2377 1554 2395 τε
1569 2369 1764 2405 ἁπλουστέρων
1779 2371 1832 2398 καὶ
1851 2371 1901 2398 τῶν

1110 2407 1303 2443 τελεωτέρων·
1332 2411 1438 2445 γυμνὸν
1464 2413 1497 2448 τῇ
1535 2413 1668 2449 ἀπλότητι
1704 2414 1752 2441 καὶ
1778 2415 1841 2451 ζωῇ
1872 2417 1901 2451 τῇ

1112 2453 1231 2488 ἀτέχνῳ,
1245 2456 1293 2481 καὶ
1322 2456 1383 2491 δίχα
1396 2457 1497 2489 παντὸς
1514 2458 1740 2495 έπικαλύμματος
1761 2462 1811 2488 καὶ
1837 2472 1901 2497 προ‹

1112 2497 1264 2532 ϐλήματος.
1295 2500 1425 2527 Τοιοῦτον
1449 2501 1503 2537 γὰρ
1535 2502 1655 2538 ἔπρεπεν
1682 2501 1753 2532 εἶναι
1777 2506 1827 2533 τὸν
1858 2507 1901 2533 ἀπ¹

1113 2543 1212 2578 ἀρχῆς.
1231 2544 1288 2571 Καὶ
1301 2545 1395 2572 δίδωσι
1411 2546 1503 2582 νόμον,
1518 2547 1585 2583 ὕλην
1600 2548 1640 2584 τῷ
1668 2550 1856 2586 αὐτεξουσίῳ.
1878 2554 1901 2580 '0

1111 2589 1139 2616 δὲ
1157 2590 1237 2624 νόμος
1256 2588 1291 2634 ἦν
1317 2591 1424 2627 ἐντολὴ.
1443 2589 1482 2620 ὧν
1497 2603 1527 2620 τε
1546 2595 1732 2630 μεταληπτέον
1752 2597 1833 2632 αὐτῷ
1848 2598 1901 2634 ~cpu-

1115 2635 1181 2666 τῶν,
1204 2637 1249 2662 καὶ
1259 2633 1290 2664 οὗ
1305 2637 1342 2673 μὴ
1354 2639 1536 2673 προσαπτέον.
1551 2640 1588 2666 Τδ
1602 2641 1631 2668 δὲ
1644 2638 1680 2677 ἦν
1696 2642 1726 2668 τὸ
1741 2642 1825 2676 ξύλον
1857 2633 1901 2679 τῆς

1112 2681 1252 2714 γνώσεως,
1287 2682 1349 2709 οὒτε
1368 2684 1499 2718 φυτευθὲν
1525 2685 1574 2712 ἀπ’
1593 2686 1680 2722 ἀρχῆς
1709 2688 1814 2720 κακῶς,
1844 2689 1901 2716 οὗτε

1112 2725 1303 2762 ἀπαγορευθὲν
1322 2728 1472 2764 φθονερῶς.
1497 2731 1544 2766 Μὴ
1571 2733 1758 2767 πεμπέτωσαν
1773 2735 1838 2761 ἐκεῖ
1857 2736 1901 2767 τὰς

1112 2772 1238 2806 γλώσσας
1255 2775 1279 2799 οἱ
1292 2773 1434 2810 θεομάχοι,
1451 2776 1520 2811 μηδὲ
1535 2777 1581 2804 τὸν
1596 2778 1659 2812 ὅφιν
1686 2779 1887 2814 μιμείσθωσαν
1900 2790 1901 2795 η

1112 2817 1180 2844 ἀλλὰ
1196 2819 1278 2845 καλὸν
1299 2819 1359 2854 μὲν,
1372 2819 1508 2855 εὐκαίρως
1521 2821 1802 2858 μεταλαμσανόμενον
1815 2831 1824 2838 ·
1840 2825 1901 2852 θεωι

1114 2864 1159 2900 ρία
1178 2865 1231 2900 γὰρ
1244 2863 1277 2901 ἦν
1297 2866 1327 2892 τὸ
1345 2867 1438 2901 φυτὸν,
1453 2867 1519 2903 ὠςὴ
1546 2868 1601 2902 ἐμὴ
1617 2868 1729 2903 θεωρία,
1743 2867 1779 2905 ἧς
1812 2871 1901 2905 μόνου
