1912 3078
191 149 246 180 203

819 147 1011 177 EUTHYMH
1032 146 1211 177 ZIGABENI

1774 150 1830 179 ξοιι

191 206 340 232 diSeessum
357 202 442 238 ipsius
457 203 490 230 ad
506 202 615 235 malum,
627 202 665 230 sic
681 202 803 237 ejusdem
827 203 944 230 reditum
958 202 990 230 ad

1047 202 1114 229 κατὰ
1137 202 1167 229 τὺ
1181 201 1238 229 ἴσον
1255 201 1361 237 ﬁliiﬁlii:
1372 209 1378 217 '
1395 201 1452 228 ἀλλ’
1475 201 1569 237 ὧσπερ
1582 202 1630 237 τὴν
1644 206 1830 240 παρατροπὴν

191 248 469 284 bonum'providebat.
481 247 578 276 Utrum
591 247 672 283 igitur
684 247 781 275 melius
791 247 852 280 fuit,
863 252 987 275 naturam

191 298 322 325 nostram,
338 301 418 328 quam
434 300 448 320 a
461 293 533 320 bono
548 292 746 320 declinaturam
761 294 919 328 prospiciat,
930 302 989 321 om-

190 340 257 367 nino
268 347 322 367 non
335 347 490 374 procreare,
498 348 532 367 an
543 345 712 374 procreatam
724 344 804 375 atque
812 345 987 376 aegrotantem

190 386 224 414 ad
236 386 377 421 pristinam
386 386 500 422 gratiam
512 393 640 413 revocare
652 394 701 421 per
709 387 914 421 penitentiam?
928 387 987 414 Jam

191 436 304 467 propter
340 432 481 459 molestias
517 438 545 460 et.
575 432 759 466 incommoda,
783 440 844 468 quae
874 433 985 460 caduca:

190 478 316 513 corporis
335 482 441 505 natura:
452 478 616 513 contingunt
637 478 806 511 necessario,
832 479 916 506 Deum
942 487 988 506 ar-

191 523 288 550 hitrari
319 523 452 550 malorum
476 523 559 550 etiam
595 523 764 555 ellcctorem,
789 527 836 550 aut
873 523 989 551 hominis

190 577 245 597 non
270 577 330 597 esse
359 574 508 596 creatorem
539 569 707 600 existimare,
735 576 770 596 nc
800 569 880 596 simul
905 569 986 596 etiam

191 623 296 647 eorum,
314 622 372 649 quae
387 622 436 642 nos
453 619 557 650 angunt
596 619 623 641 et
644 614 776 646 cruciant,
801 619 896 641 auctor
916 614 989 649 judi-

192 665 279 692 cetur,
295 660 377 687 nimis
390 661 499 695 angusti
532 668 564 687 ac
584 660 718 687 dementis
733 660 816 687 animi
830 664 882 692 est,
900 661 989 687 homi-

195 714 316 740 numque
343 706 443 733 malum
472 710 499 733 et
530 706 633 733 bonum
661 713 743 733 sensu
755 706 987 741 ,dijudirantium,

192 753 236 787 qui
253 753 387 785 nesciunt,
404 752 430 779 id
451 752 538 779 solum
555 760 617 780 esse
635 757 740 780 natura:
756 757 859 780 nostra:
872 753 986 785 bonum,

193 799 265 834 quod
283 806 379 826 sensus
405 806 460 826 non
489 798 618 834 percipit,
644 799 727 833 idque
756 806 852 826 rursus
870 794 986 831 'malum,

193 844 264 878 quod
282 852 296 870 a
315 851 380 871 vero
394 843 467 871 bono
485 843 604 871 alienum
619 850 670 872 est.
695 844 789 871 Rebus
813 850 903 871 amem
930 851 988 871 ηιο-

194 890 270 916 h-stis
283 889 448 925 jucundisvc
464 889 565 917 bonum
581 897 595 916 a
607 890 679 917 malo
694 890 861 924 distinguere
886 891 990 916 anima-

194 937 259 963 lium
290 940 332 963 est
357 936 471 963 rationis
496 936 666 971 expertium,
696 937 723 963 in
749 944 821 971 qum,
860 936 988 971 quoniam

194 988 314 1009 mentem
341 982 589 1018 cogitationemque
624 989 680 1010 non
703 982 818 1015 habent,
845 983 901 1009 veri
925 982 989 1009 boni

196 1028 319 1063 cognitio
341 1035 395 1055 non
432 1028 514 1055 cadit.

326 1174 391 1200 Item
407 1175 438 1200 de
455 1173 557 1208 apiﬁcio
574 1173 630 1204 Dei,
641 1173 725 1199 sancti
742 1172 862 1199 Maximi.

232 1252 307 1279 Mens
320 1251 437 1287 primum
464 1251 598 1278 inﬁnitain
627 1251 755 1278 omnibus
783 1251 811 1277 in
838 1251 918 1277 rebus
943 1250 990 1277 Dei

194 1297 415 1333 magnitudinem
441 1297 575 1332 cogitatis,
600 1301 628 1324 et
653 1297 764 1332 pelagus
791 1296 854 1323 illud
883 1297 910 1323 in
937 1303 991 1330 quo

197 1343 300 1370 nullum
316 1342 419 1377 reperit
446 1342 558 1374 vadum,
585 1342 745 1369 admiratur.
774 1341 876 1369 Deinde
898 1342 992 1368 obstu-

198 1389 296 1424 pescit,
325 1388 461 1423 quomodo
488 1395 580 1414 rerum
615 1388 738 1414 omnium
774 1387 919 1414 essentiam
958 1395 992 1414 ex

197 1435 284 1462 nihilo
307 1434 469 1470 procrearit.
498 1433 645 1460 Facessant
672 1433 737 1460 hinc
763 1432 860 1466 Gm-ci,
889 1432 934 1467 qui
959 1439 992 1459 ex

197 1479 283 1507 nihilo
300 1483 399 1514 negant
421 1478 568 1513 quidquam
590 1478 658 1505 ﬁeri.
674 1477 739 1511 Nos,
762 1477 991 1512 quemadmodum

1042 247 1186 280 ἐθεάσατο,
1201 247 1272 274 οὕτω
1286 247 1333 274 καὶ
1355 247 1405 279 τὴν
1420 247 1575 282 ἀνάκλησιν
1587 248 1670 275 αὑτοῦ
1687 249 1771 276 πάλιν
1779 250 1829 285 τὴν

1041 293 1108 328 πρὸς
1120 295 1151 320 τι
1165 293 1268 327 ἀγαθὸν
1288 294 1450 329 κατενόησε.
1468 294 1502 320 Τί
1518 291 1564 321 οὖν
1577 295 1691 329 ἄμεινον
1705 292 1751 330 ἦν,
1775 304 1825 322 κα-

1041 341 1118 367 οὸλου
1147 341 1185 375 μὴ
1214 341 1329 374 ἀγαγεῖν
1351 340 1401 375 τὴν
1423 339 1506 374 φύσιν
1532 340 1612 375 ἡμῶν
1643 341 1684 373 είς
1708 341 1830 375 γένεσιν,

1039 386 1135 422 ἐπειδὴ
1152 387 1281 421 προεώρα
1293 386 1340 413 τοῦ
1367 385 1451 413 καλοῦ
1465 386 1705 422 διαμαρτήσεσθαι
1720 388 1767 413 τὸν
1782 396 1830 421 γε-

1039 433 1226 468 νησόμενον,ἧ
1244 433 1385 467 ἀγαγόντα
1401 433 1448 460 καὶ
1465 434 1646 468 νενοσηκυϊαν
1663 434 1747 460 πάλιν
1759 435 1831 468 πρὸς

1040 479 1089 511 τὴν
1106 478 1135 510 ἐξ
1151 478 1239 513 ἀρχῆς
1256 478 1339 513 χάριν
1355 478 1400 505 διὰ
1413 478 1560 513 μετανοίας
1578 478 1804 506 ἀνακαλέσασθαι
1820 488 1828 512 ;

1040 524 1076 550 Τὸ
1086 524 1114 550 δὲ
1132 523 1176 550 διὰ
1194 524 1245 555 τὰς
1259 523 1423 558 σωματικὰς
1439 523 1603 559 ἀλγηδόνας,
1621 524 1651 550 αἳ
1665 524 1703 559 τῷ
1719 525 1829 560 ρευστῷ

1040 569 1088 603 τῆς
1105 568 1213 603 φύσεως
1231 569 1292 595 κατ’
1308 569 1433 604 ἀνάγκην
1458 569 1701 604 ὲπισυμῦαίνουσι,
1732 571 1830 597 κακῶν

1040 614 1158 649 ποιητὴν
1187 613 1232 640 τὸν
1254 613 1319 640 Θεὸν
1337 613 1524 650 ὀνομάζειν,ῆ
1546 614 1614 650 μηδὲ
1636 614 1704 646 ὅλως
1720 614 1832 649 ἀνθρὼ-

1041 668 1094 686 mu
1108 659 1223 695 κτίστην
1236 660 1318 686 αὑτὸν
1337 660 1453 692 οἴεσθαι,
1479 660 1517 692 ὡς
1538 660 1572 688 ἃν
1589 660 1627 696 μὴ
1650 660 1767 687 καὶτῶν
1784 663 1831 688 ὰ).-

1040 706 1178 741 γυνόντων
1194 707 1269 742 ἡμᾶς
1300 706 1387 738 αἴτιος
1405 707 1555 739 ὑπονοοίτο,
1578 706 1658 734 τοῦτο
1678 708 1727 742 τῆς
1744 709 1831 742 ἐσχά-

1039 760 1090 787 της
1112 752 1298 788 μικροψυχίας
1325 753 1384 780 ἐστὶ
1402 753 1457 780 τῶν
1478 755 1511 789 τῇ
1541 752 1667 788 αἰσθήσει
1689 754 1720 780 τὸ
1745 754 1833 780 καλὸν

1040 800 1088 826 καὶ
1100 799 1131 826 τὸ
1152 799 1236 826 κακὸν
1251 799 1457 835 διακρινόντων,
1468 800 1493 827 οἳ
1507 800 1558 827 οὐκ
1569 801 1671 834 ἴσασιν,
1687 801 1728 827 ὅτι
1739 802 1833 827 ὲκεῑιο

1039 846 1073 880 τῇ
1090 844 1171 879 φύσει
1187 845 1269 880 μόνον
1285 846 1359 872 ἐστὶν
1375 846 1488 880 ἀγαθὸν,
1503 843 1533 872 οὗ
1549 846 1677 882 αῐσθησις
1691 847 1742 874 οὐκ
1759 848 1830 881 ἐφά-

1041 900 1149 924 πτεται,
1172 892 1221 919 καὶ
1236 892 1314 926 μόνον
1330 893 1421 919 ἐκεῖνο
1448 892 1543 925 κακέιν,
1573 893 1589 928 ἠ
1620 892 1667 919 τοῦ
1699 893 1831 929 ἀληθινοῦ

1042 940 1127 967 καλοῦ
1137 939 1330 975 ἁλλοτρίωσις.
1349 940 1443 972 Πόνοις
1466 939 1494 966 δὲ
1508 939 1555 966 καὶ
1571 939 1678 974 ἡδοναῖς
1693 939 1724 966 τὸ
1748 940 1833 966 καλὸν

1041 987 1089 1014 γα).
1102 986 1132 1012 τὸ
1147 986 1183 1021 μὴ
1199 986 1282 1012 καλὸν
1294 985 1399 1021 κρίνειν
1417 986 1465 1021 τῆς
1489 986 1589 1020 ἀλόγου
1614 985 1720 1020 φύσεώς
1755 987 1832 1012 ἐστιν

1043 1033 1120 1065 ἴδιον,
1145 1032 1188 1065 ἐφ’
1210 1029 1248 1059 ὧν
1261 1033 1277 1066 ή
1303 1032 1350 1058 τοῦ
1366 1031 1475 1067 ἀληθῶς
1489 1032 1574 1059 καλοῦ
1594 1034 1770 1067 κατανόησις,
1785 1033 1832 1059 διὰ

1041 1078 1072 1103 τὺ
1094 1078 1130 1112 μὴ
1155 1078 1279 1112 μετέχειν
1303 1076 1373 1103 αὐτὰ
1388 1077 1434 1103 νοῦ
1451 1077 1499 1104 καὶ
1511 1077 1644 1111 διανοίας,
1669 1078 1763 1114 χώραν
1780 1080 1832 1106 οὐκ

1043 1122 1111 1156 ἔχει.

1041 1169 1108 1195 Ἔτι
1125 1167 1190 1202 περὶ
1209 1167 1264 1202 τῆς
1279 1168 1581 1236 θείαςξῆημιουργιας,
1598 1169 1651 1196 τοῦ
1663 1170 1750 1204 ἁγίου
1770 1172 1831 1196 Mu-

1388 1213 1461 1236 μου.

1388 1213 1461 1237 μου.

1079 1249 1191 1284 Πρῶτον
1205 1248 1254 1283 μὲν
1264 1248 1424 1284 θαυμάζειὸ
1439 1248 1502 1281 νοῦς
1520 1248 1571 1284 τὴν
1590 1249 1666 1276 θείαν
1682 1249 1833 1286 ἐννοούμε-

1045 1303 1088 1326 νος
1105 1295 1177 1321 κατὰ
1193 1296 1282 1322 πάντα
1305 1296 1436 1330 ἀπειρίαν
1454 1297 1501 1321 καὶ
1515 1295 1547 1321 τὸ
1574 1295 1727 1323 ἀνέκϐατον
1743 1298 1834 1323 έκεῖνο

1044 1341 1166 1374 πέλαγος
1178 1348 1185 1355 ·
1200 1341 1329 1376 δεύτερον
1344 1341 1373 1367 δὲ
1390 1338 1584 1377 ἐκπλήττεται,
1605 1342 1662 1374 πῶς
1682 1344 1714 1369 ἑκ
1729 1342 1777 1369 τοῦ
1794 1345 1834 1378 μὴ

1043 1387 1119 1418 δντος
1133 1387 1182 1422 τὴν
1191 1386 1246 1413 τῶν
1257 1386 1342 1413 δντων
1353 1387 1448 1414 οὐσίαν
1465 1388 1505 1419 είς
1520 1387 1550 1414 τὸ
1563 1386 1633 1415 εἶναι
1658 1389 1832 1424 παρήγαγεν.

1045 1432 1177 1467 ’Έλληνες
1191 1434 1241 1467 μὲν
1257 1432 1304 1459 οὖν
1321 1434 1491 1468 ἑῤῥὲτωσαν,
1509 1433 1595 1468 μηδὲν
1622 1433 1652 1467 ἐξ
1675 1435 1726 1461 οὐκ
1746 1435 1834 1462 ὄντων

1043 1478 1171 1512 γενέσθαι
1188 1479 1317 1512 λέγοντες
1329 1487 1337 1494 ·
1355 1480 1438 1514 ἡμεῖς
1452 1479 1480 1506 δέ
1495 1489 1597 1514 φαμεν,
1614 1480 1652 1507 ὃτι
1668 1481 1763 1516 ὥσπερ
1783 1482 1835 1517 τῆς

198 1525 405 1562 magniﬁcentiae
419 1525 519 1552 divina:
542 1524 633 1552 nullus
654 1528 696 1551 est
716 1524 859 1555 terminus,
887 1523 924 1551 ita
947 1531 990 1551 sa-

1047 1525 1243 1560 μεγαλωσύνης
1258 1526 1306 1552 τοῦ
1321 1526 1504 1560 πεποιηκότος
1518 1527 1569 1554 οὐκ
1590 1527 1650 1554 ἔστι
1665 1528 1767 1563 πέραξ,
1784 1530 1834 1555 οὕ-

199 1572 309 1608 pieutiao
338 1571 523 1607 potentiaeque
546 1569 651 1597 nullum
673 1577 735 1597 esse
759 1569 840 1596 ﬁnem
865 1569 994 1597 dicimus.

526 1671 666 1706 Ejusdem.

235 1723 332 1748 Eorum
353 1728 413 1755 qum
431 1719 501 1746 facta
516 1723 580 1745 sunt
600 1725 615 1744 a
639 1717 704 1749 Dco,
731 1717 829 1751 partim
849 1716 953 1743 ratione
968 1722 995 1745 ct

198 1773 291 1795 mente
320 1766 434 1801 praedita
472 1769 547 1798 sunt,
577 1764 603 1790 in
621 1770 707 1798 caque
733 1767 789 1790 tum
819 1762 915 1796 virtus,
948 1767 995 1789 aut

196 1813 306 1845 vitium,
324 1818 380 1840 tum
397 1811 522 1844 scicntia,
544 1813 590 1837 aut
613 1809 765 1844 ignorantia
791 1808 880 1842 cadit;
896 1809 993 1844 partim

200 1859 306 1885 diversa
330 1861 395 1885 sunt
421 1863 537 1891 corpora
553 1863 585 1882 ex
609 1853 765 1886 contrariis,
789 1861 887 1888 nempe
911 1858 993 1888 terra,

201 1913 292 1940 aqua,
322 1911 398 1936 aere,
431 1902 546 1938 igncque
573 1905 725 1936 compacta.
751 1900 786 1928 Et
812 1900 862 1928 alia
886 1901 993 1936 quidem

202 1955 266 1977 sunt
288 1948 411 1984 corporis
433 1947 608 1980 materichue
633 1953 744 1980 prorsus
768 1946 902 1980 expertia,
930 1947 994 1974 licet

199 1995 322 2030 quaedam
341 2001 374 2021 ex
400 1993 443 2020 his
466 1993 523 2020 sint
554 1999 616 2019 cum
640 1992 801 2027 corporibus
823 1993 965 2028 conjuncta
985 2002 992 2020 :

199 2042 251 2069 alia
266 2048 299 2069 ex
316 2041 430 2074 materia
445 2043 472 2067 et
488 2038 575 2066 i'orma
589 2043 696 2066 tantum
717 2044 856 2067 constant.

533 2084 672 2120 Ejusdem.

236 2133 294 2166 Qua
311 2133 344 2160 dc
360 2141 440 2160 causa
458 2132 531 2159 Deus
558 2139 648 2159 rerum
674 2131 880 2159 universitatem
908 2132 993 2160 fabri-

201 2186 279 2207 catus
294 2180 338 2212 sit,
352 2179 415 2206 licet
428 2179 602 2214 investigare.
616 2178 682 2205 Nam
696 2178 820 2205 bonitate
840 2179 996 2214 compulsus

1045 1579 1100 1602 τως
1118 1571 1180 1598 οὐδὲ
1199 1572 1248 1607 τῆς
1270 1572 1368 1606 σοφίας
1387 1573 1436 1599 καὶ
1455 1572 1598 1609 δυνάμεως
1614 1575 1699 1602 αὐτοῦ
1713 1576 1835 1612 κατάλη-

1046 1618 1098 1651 Et;

1347 1667 1403 1694 Τοῦ
1420 1667 1525 1694 αὑτοῦ.

1083 1711 1144 1738 Τῶν
1155 1712 1209 1738 ὑπὸ
1227 1711 1276 1739 τοῦ
1302 1712 1371 1739 Θεοῦ
1387 1715 1539 1748 γεγονότων
1554 1715 1587 1742 τὰ
1605 1715 1655 1749 μέν
1668 1716 1722 1742 εἱσι
1737 1715 1838 1750 λογικὰ

1046 1758 1093 1784 καὶ
1110 1758 1202 1793 νοερὰ,
1217 1758 1264 1784 καὶ
1279 1759 1334 1785 τῶν
1351 1759 1483 1786 ἐναντίων
1497 1760 1623 1794 δεκτικὰ,
1641 1759 1699 1788 οἷον
1730 1763 1838 1797 ἀρετῆς

1046 1804 1092 1830 καὶ
1114 1804 1223 1836 κακίας,
1237 1804 1364 1838 γνώσεως
1390 1807 1436 1832 καὶ
1450 1807 1589 1840 ἀγνωσίας
1599 1816 1607 1824 ο
1622 1809 1656 1834 τὰ
1671 1808 1699 1835 δὲ
1719 1809 1838 1843 σώματα

1045 1849 1163 1885 διάφορα
1179 1851 1210 1877 ὲκ
1224 1851 1277 1877 τῶν
1297 1851 1428 1879 ἐναντίων
1439 1853 1605 1887 συνεστῶτα,
1628 1854 1753 1880 τουτέστι
1770 1857 1837 1890 γῆς,

1046 1895 1139 1930 ἀέρος,
1157 1896 1265 1931 ὓδατος,
1282 1897 1380 1934 πυρός.
1406 1899 1463 1925 Καὶ
1479 1899 1513 1926 τὰ
1531 1899 1582 1935 μέν
1608 1899 1679 1927 εἰσιν
1699 1901 1838 1937 ἀσώματα

1046 1942 1136 1977 πάντη
1151 1943 1199 1970 καὶ
1218 1943 1299 1977 ᾶῦλα,
1314 1945 1338 1971 εί
1359 1944 1406 1971 καί
1425 1954 1488 1973 τινα
1520 1946 1625 1973 τούτων
1654 1947 1838 1979 συνέζευκται

1046 1988 1175 2023 σώματι·
1191 1989 1225 2016 τὰ
1236 1989 1265 2016 δὲ
1279 1990 1309 2024 ἐξ
1327 1990 1394 2026 ὕλης
1418 1992 1466 2019 καὶ
1491 1993 1577 2025 εἴδους
1604 1993 1684 2028 μόνον
1700 1994 1756 2029 ἔχει
1783 1997 1838 2032 τὴν

1047 2042 1130 2061 συστα
1137 2043 1190 2063 σιν.

1350 2082 1408 2111 Τοῦ
1428 2085 1532 2113 αὑτοῦ.

1082 2127 1122 2153 Δι’
1139 2128 1172 2163 ἣν
1190 2128 1241 2163 μὲν
1255 2128 1348 2156 αἰτίαν
1359 2131 1373 2156 ὀ
1386 2130 1452 2162 Θεὸς
1466 2132 1673 2168 ἐδημιούργησε
1688 2135 1837 2170 ζητητέον-

1047 2172 1082 2198 δι¹
1096 2172 1256 2209 ἀγαθότητα
1271 2175 1335 2211 γὰρ,
1360 2176 1404 2203 ἵνα
1430 2177 1541 2204 πλείονα
1556 2179 1599 2215 εἴη
1615 2180 1650 2206 τὰ
1670 2182 1838 2217 εὐεργετού-

200 2230 297 2253 cuncta
325 2224 491 2259 procreavit,
523 2231 577 2259 quo
601 2223 754 2259 benignitas
777 2224 837 2260 ejus
870 2225 897 2251 in
919 2225 990 2260 plura

1050 2227 1120 2254 μενα
1134 2220 1277 2254 ἀναλόγως
1296 2222 1380 2249 αὑτοῦ
1394 2225 1559 2259 μετέχονται
1574 2226 1631 2257 πῶς
1643 2227 1670 2253 δὲ
1687 2228 1837 2265 ἐδημιούρ-

200 2278 261 2298 sese
278 2269 455 2302 diﬁunderet,
473 2268 655 2304 omnibusque
678 2277 728 2304 pro
747 2277 797 2297 suo
819 2271 917 2306 cuique
939 2279 996 2298 mo-

201 2317 266 2343 dulo
282 2315 511 2342 communicaret.
527 2314 669 2347 Quomodo
688 2320 779 2342 autem
797 2315 866 2349 inec,
889 2321 936 2344 aut
949 2324 997 2344 cur

202 2371 254 2390 non
271 2367 351 2389 antea
366 2361 462 2389 fecerit
486 2361 625 2396 inquirere
637 2361 711 2389 nefas
726 2367 777 2389 est.
791 2361 896 2390 Etenim
908 2371 940 2391 ex
957 2372 1000 2391 re-

202 2411 253 2436 bus
267 2409 368 2436 divinis
384 2408 441 2436 alize
455 2407 650 2443 comprehendi
661 2407 696 2434 ab
707 2407 863 2435 hominibus
872 2414 997 2443 possunt,

202 2455 262 2483 aliae
272 2455 393 2482 minime.
405 2455 534 2482 Pelulans
548 2456 632 2488 enim,
641 2454 730 2489 inquit
741 2454 794 2486 ille,
803 2459 827 2481 et
839 2455 911 2482 nullo
925 2455 998 2490 freno

202 2501 317 2528 cohibita
334 2501 499 2536 investigatio
515 2501 634 2528 homines
650 2501 702 2535 fere
716 2501 863 2537 prwcipitez
877 2503 945 2536 agit.

541 2547 678 2581 Ejusdem.

238 2593 360 2627 Quatuor
395 2601 426 2621 ex
452 2593 551 2621 divinis
592 2593 814 2628 proprietatibus,
854 2602 902 2628 per
932 2602 1000 2629 quas

204 2639 294 2666 amnia
303 2639 466 2671 consistunt,
487 2644 663 2672 reguntur,et
676 2644 881 2672 conservantur,
892 2647 997 2667 summa

203 2686 371 2720 benignitate
384 2685 465 2717 Deus,
490 2691 552 2711 cum
567 2684 711 2712 essentiam
731 2686 834 2712 ratione
854 2690 999 2720 menteque

205 2731 343 2766 praeditam
367 2735 533 2765 procrearet,
558 2730 778 2762 communicavit,
803 2738 874 2761 esse,
892 2738 999 2765 semper

203 2785 274 2809 esse,
291 2776 451 2808 bonitatem,
475 2781 502 2802 et
518 2776 688 2810 sapientiam.
716 2774 818 2802 llorutn
837 2775 889 2801 duo
907 2776 1001 2802 tribuit

205 2823 340 2854 cssentim,
359 2822 487 2849 nimirum
505 2827 534 2849 ut
548 2828 631 2854 esset,
648 2826 675 2848 et
701 2829 809 2854 semper
831 2826 913 2848 CrSi‘l.
943 2821 998 2848 Duo

205 2868 309 2901 reliqua
351 2874 449 2902 nempe
483 2867 632 2894 bonitatem
663 2871 687 2893 et
728 2866 900 2900 sapientiam,
929 2872 998 2902 apta:

1048 2273 1128 2299 γησε,
1148 2266 1196 2292 καὶ
1212 2266 1257 2293 διὰ
1272 2267 1348 2303 τίμὴ
1371 2268 1515 2303 πρότερον,
1536 2269 1568 2296 οὐ
1580 2269 1732 2306 ζητητέον·
1752 2274 1837 2308 ἀνεξ-

1048 2311 1182 2347 ερεύνητα
1206 2313 1271 2348 γάρ.
1295 2315 1369 2341 Διότι
1384 2315 1438 2341 τῶν
1459 2315 1539 2345 θείων
1563 2317 1597 2344 τὰ
1611 2318 1662 2353 μὲν
1682 2319 1784 2354 ληπτὰ,
1803 2323 1841 2348 τὰ

1049 2358 1078 2383 δὲ
1112 2358 1223 2394 ἀληπτα
1248 2362 1306 2391 τοῖς
1344 2361 1509 2397 ἀνθρώποις.
1538 2364 1649 2398 Θεωρία
1680 2366 1754 2402 γὰρ,
1784 2377 1841 2404 φη-

1050 2405 1111 2437 σὶν,
1136 2406 1323 2441 ἀχαλίνωτος
1353 2408 1430 2444 τάχα
1453 2409 1490 2437 ἂν
1512 2410 1561 2438 καὶ
1592 2411 1669 2439 κατὰ
1693 2414 1840 2448 κρημνῶν

1049 2452 1148 2479 dior-:18.

1337 2544 1392 2570 Τοῦ
1403 2544 1508 2572 αὑτοῦ.

1085 2589 1211 2625 Τέσσαρα
1242 2590 1296 2617 τῶν
1317 2590 1397 2617 ϐείω]
1421 2591 1579 2626 ίδιωμάτων
1607 2593 1768 2625 συνεκτικὰ,
1791 2595 1836 2621 καὶ

1051 2637 1236 2671 φρουρητικὰ,
1256 2637 1302 2662 καὶ
1324 2635 1493 2663 διασωστικὰ
1506 2638 1561 2664 τῶν
1578 2638 1666 2665 ὄντων
1680 2639 1713 2665 δι’
1742 2640 1836 2675 ἄκραν

1051 2682 1209 2717 ἀγαθότητα
1229 2682 1412 2718 ἐκοινώνησεν
1429 2684 1443 2710 ο
1460 2683 1537 2718 Θεὸς,
1554 2685 1728 2720 παραγαγὼν
1749 2687 1790 2717 είς
1806 2687 1839 2713 τὸ

1051 2726 1184 2763 εἶναιτὴν
1200 2727 1313 2762 λογικὴν
1329 2729 1375 2755 καὶ
1393 2730 1490 2764 νοερὰν
1507 2729 1605 2756 οὐσίαν
1621 2739 1627 2746 ι
1644 2730 1674 2756 τὸ
1686 2729 1727 2762 ὃν,
1744 2732 1775 2757 τὸ
1794 2733 1840 2758 ἀεὶ

1050 2773 1090 2806 ὃν,
1111 2775 1159 2808 τὴν
1173 2774 1340 2809 ἁγαῦὸτητα,
1373 2776 1419 2802 καὶ
1435 2775 1485 2810 τὴν
1503 2777 1609 2810 coelo».
1635 2776 1744 2804 Τούτων
1757 2778 1786 2804 δὲ
1804 2779 1840 2805 τὰ

1050 2821 1097 2847 δύο
1115 2822 1164 2855 μὲν
1190 2822 1223 2856 τῇ
1253 2821 1331 2856 οὐσίᾳ
1358 2822 1491 2857 παρέσχε,
1511 2823 1541 2849 τὸ
1557 2823 1586 2849 ὃν
1605 2823 1697 2850 καὶτὸ
1718 2825 1762 2851 ἀεὶ
1783 2825 1812 2850 ὖι
1831 2833 1838 2840 ·

1051 2869 1084 2894 τὰ
1100 2867 1146 2894 aco
1158 2868 1186 2894 δὲ
1207 2869 1240 2903 τῇ
1258 2869 1383 2904 γνωμικῇ
1403 2869 1551 2903 ἀπένειμεν
1567 2870 1838 2906 ὲπιτηὶειότητι,τὴν
