1912 3078
64 146 114 176 205

537 139 725 172 PANOI‘LIA
746 136 975 168 DOGMATICA.
997 148 1031 152 --
1052 134 1124 164 ΤΙΤ.
1147 134 1194 164 VI.

1630 128 1684 159 £06

63 200 220 234 ἁγαθότητα
235 198 282 225 καὶ
299 198 348 233 τὴν
366 197 474 233 σοφίαν,
492 197 535 224 ἴνα
563 197 635 230 ἅπερ
667 195 742 222 ἐστὶν
763 193 845 225 αὐτὸς

916 191 981 219 nimi
1003 191 1116 227 largitus
1140 194 1182 217 est
1203 188 1366 217 habitudini.
1390 192 1420 214 ut
1439 195 1499 222 qua:
1518 194 1567 222 per
1589 194 1685 215 essen-

64 247 120 274 κατ’
134 247 242 277 οὺσὶαν,
259 244 374 279 γένηται
390 245 406 279 ἡ
427 243 516 275 κτίσις
533 243 603 270 κατὰ
622 243 780 277 μετουσίαν.
795 240 845 266 Διά

63 293 145 320 ταῦτα
179 292 228 318 καὶ
259 291 321 317 κατ’
344 291 437 317 εἰκόνα
463 289 542 322 Θεοῦ,
565 289 695 316 καὶκαθ¹
715 288 847 323 ὁμοίωσιν

63 338 236 373 ὀᾶνθρωπος
253 336 491 371 δημιουργηθῆναι
512 336 638 369 λέγεται·
667 335 727 361 κατ’
755 334 849 360 εἰκόνα

65 383 122 418 μὲν,
136 383 174 413 ὡς
184 382 263 413 δντος
279 381 327 412 ὢν,
350 382 398 408 καὶ
418 381 461 407 ἀεὶ
479 380 555 412 ὄντος
576 381 620 406 ἀεὶ
637 380 685 412 ὢν,
708 381 732 406 ει
749 379 795 406 καὶ
811 379 848 413 μὴ

65 429 192 464 ἀνάρχως
213 427 308 458 αὐτὸς,
327 426 386 453 ἀλλ’
411 426 613 461 ὰτελευτήτως·
633 425 695 452 καθ’
717 424 848 460 ὁμοίωσιν

64 477 101 508 δὲ,
120 475 158 506 ὼς
174 474 281 509 ἀγαθοῦ
294 473 411 509 ἀγαθὸς,
435 473 482 500 καὶ
498 473 582 507 σοφοῦ
595 473 688 506 σοφὸς,
715 472 762 499 τοῦ
779 470 849 498 κατὰ

66 521 144 556 etiam
166 522 180 548 ὁ
200 520 272 547 κατὰ
301 520 392 555 χάριν.
414 519 494 546 ’Λλλὰ
523 519 583 546 κατ’
603 519 696 545 εἰκόνα
721 518 770 553 μέν
796 518 850 544 εἰσι

65 567 167 597 πάντες
188 565 284 596 ἁπλῶς
299 565 453 600 ἄνθρωποι,
472 564 677 599 καθ’ὁμοίωσιν
687 564 715 591 δὲ
734 563 811 597 μόνοι
824 563 849 589 οι

66 611 164 645 ἁγαθοὶ
181 611 228 638 καὶ
243 611 321 644 σοφοὶ
325 629 332 636 .

371 734 428 761 Τοῦ
454 734 559 761 αὑτοῦ.

100 782 184 809 Πᾶσα
203 781 302 815 λογικὴ
317 782 365 807 καὶ
386 781 468 816 νοερὰ
485 781 564 807 οὐσία
572 781 700 816 διῄρηται
717 781 757 813 εἷς
766 782 851 818 τετὴν

68 827 220 863 ἀγγελικὴν
247 827 295 853 καὶ
310 827 360 862 τὴν
383 826 559 862 ἀνθρωπίνην
575 827 656 860 φύσιν
670 834 676 840 ·
707 827 754 854 καὶ
770 828 786 861 ή
803 827 852 861 μὲν

69 874 204 910 ὁγγελικὴ
227 875 354 909 διῄρηται
383 875 464 901 πάλιν
481 875 522 906 εὶς
540 874 586 900 δύο
607 875 756 905 καθολικὰς
783 874 854 908 γνώ-
869 863 892 893 Β

69 930 120 954 pa;
143 921 193 947 καὶ
206 921 324 954 ἀγέλας,
342 922 382 952 εὶς
413 920 493 954 ἁγίας
525 928 555 946 τε
580 920 714 955 Δυνάμεις
741 920 788 946 καὶ
813 921 853 951 εἰς

68 969 178 1001 ἐναγεῖς
207 967 356 1002 δαίμονας·
376 967 392 999 ἡ
412 966 440 993 δὲ
457 965 617 1001 ἀνθρωπίνη
637 967 719 993 πάλιν
751 967 791 998 εἰς
807 966 854 993 δύο

69 1013 220 1044 meanti;
234 1013 347 1048 γνώμας
362 1013 408 1039 καὶ
421 1013 533 1046 ἀγέλας,
558 1014 597 1044 εἰς
611 1012 733 1045 εὐσεϐεῖς
749 1014 796 1039 καὶ
813 1013 853 1044 εἰς

69 1060 191 1091 ἀσεϐεῖς.
625 1053 636 1060 ’

372 1105 428 1132 Τοῦ
449 1105 554 1132 αὐτοῦ.

103 1152 210 1187 Νοερὸν
222 1153 272 1188 μέν
284 1153 342 1179 ἐστι
363 1152 394 1179 τὸ
419 1152 510 1185 νοοῦν,
536 1152 630 1187 νοητὸν
646 1153 674 1179 δὲ
695 1152 851 1188 νοούμενον.

70 1198 163 1233 Τροέὴ
174 1198 202 1224 δέ
228 1207 288 1224 τινα
308 1198 354 1225 τοῦ
381 1199 503 1230 νοοῦντος
531 1199 631 1234 τρόπον
649 1200 681 1225 τὸ
700 1199 854 1235 νοούμενον.

70 1244 150 1271 Οὖτω
166 1245 216 1279 μὲν
235 1242 281 1271 οὗν
292 1244 404 1280 κυρίως·
427 1245 550 1280 λέγονται
567 1245 595 1272 δὲ
613 1245 662 1272 καὶ
678 1245 793 1279 ἐναλλὰξ
805 1255 856 1273 κα-

69 1291 274 1326 ταχρηστικῶς.

366 1381 422 1409 Τοῦ
437 1382 540 1410 αὑτοῦ.

106 1429 246 1464 Ζητητέον
260 1430 317 1460 τοῖς
337 1428 559 1463 σπουδαιοτέροις
577 1429 637 1456 τίνα
659 1430 776 1465 καθήκει
788 1431 857 1458 νοεῖν

70 1473 142 1502 εἷναι
153 1474 188 1501 τὰ
203 1475 282 1509 ἔργα,
297 1471 335 1501 ὧν
349 1475 450 1510 ἤρξατο
474 1475 524 1510 τῆς
540 1476 673 1508 γενέσεως
688 1476 701 1501 ὁ
718 1475 795 1509 Θεὸς,
810 1477 858 1503 καὶ

71 1521 135 1547 τίνα
161 1520 246 1547 πάλιν
260 1517 298 1546 ὦν
317 1520 369 1546 οὐκ
383 1520 497 1555 ἤρξατο.
514 1520 545 1547 Εἰ
561 1520 615 1556 γὰρ
635 1521 745 1548 πάντων
774 1521 857 1548 κατέ-

71 1576 161 1594 παυσε
172 1567 227 1594 τῶν
243 1567 332 1602 ἔργων
342 1563 380 1595 ὧν
392 1567 494 1603 ἤρξατο
512 1567 633 1602 ποιῆσαι,
647 1568 725 1603 δῆλον
738 1569 776 1599 ὡς
788 1569 860 1595 ὲκεί-

74 1622 129 1640 νων
146 1613 178 1640 οὑ
192 1613 377 1646 κατέπαυσεν,
404 1610 442 1640 ὧν
463 1614 513 1640 οὐκ
532 1613 634 1648 ἤρξατο
666 1610 788 1649 ποιῆσαι.
814 1614 861 1649 Μή

72 1668 140 1687 ποτε
173 1657 220 1686 οὖν
245 1658 314 1694 ἔργα
333 1659 383 1694 μὲν
417 1659 475 1685 θεῖα
510 1659 644 1695 χρονικῶς
665 1660 791 1695 ὴργμὲνα
812 1661 861 1688 τοῦ

73 1704 211 1732 εἷναίεὶσι
230 1706 319 1731 πάντα
339 1704 373 1731 τὰ
385 1704 432 1731 τοῦ
464 1703 534 1732 εἶναι
563 1706 722 1740 μετέχοντα,
749 1703 804 1734 οἷον
833 1708 861 1734 αἱ

72 1751 200 1785 διάφοροι
213 1750 267 1777 τῶν
285 1751 370 1778 ὄντων
385 1750 486 1778 οὐσίαι·
506 1752 536 1778 τὸ
553 1751 607 1787 γὰρ
636 1752 674 1788 μὴ
700 1752 731 1779 ὃν
756 1752 862 1788 ἔχουσιν

74 1798 167 1824 αὐτῶν
197 1797 245 1824 τοῦ
262 1795 332 1824 εἷναι
350 1798 546 1834 πρεσϐύτερον.
572 1797 627 1826 Ἦν
651 1800 705 1835 γὰρ
732 1808 798 1827 ποτε
819 1801 863 1827 ὅτε

72 1844 126 1869 οἰκ
140 1841 185 1877 ἦν.
205 1842 295 1877 Ἔργα
309 1842 337 1869 δὲ
352 1843 420 1869 Θεοῦ
434 1844 484 1870 οὐκ
497 1844 622 1879 ὴργμένα
639 1845 784 1879 χρονικῶς,
798 1845 863 1872 ὄντα

77 1889 210 1924 μεθεκτὰ,
228 1887 266 1914 ὦν
282 1889 354 1914 κατὰ
371 1889 450 1924 χάριν
467 1891 613 1924 μετέχουσι
630 1890 664 1917 τὰ
689 1890 754 1917 ὄντα
783 1891 859 1925 μετὲ-

76 1944 171 1970 χιιντα,
186 1933 242 1961 οἷον
261 1936 277 1970 ή
297 1936 435 1971 ἀγαθότης
457 1936 503 1963 καὶ
521 1937 575 1963 πᾶν
587 1937 614 1963 εῐ
630 1945 656 1964 τι
675 1937 713 1972 τῷ
727 1938 776 1972 τῆς
795 1939 865 1972 ἀγα-

76 1983 191 2016 οότητος
204 1981 398 2016 ἐμπεριέχεται
416 1982 487 2017 λόγῳ
502 1991 508 1998 ·
529 1983 577 2009 καὶ
592 1983 686 2014 ἅπλῶς
702 1985 776 2010 πᾶσα
795 1984 863 2019 ζωὴ,

77 2029 124 2054 καὶ
137 2027 285 2058 ἀθανασία,
303 2027 349 2055 καὶ
367 2027 500 2063 ἁπλότης,
517 2030 565 2055 καὶ
581 2029 709 2064 ἁτρεψία,
727 2030 774 2056 καὶ
786 2031 864 2057 ἀπει-

78 2073 134 2106 ρία,
150 2072 199 2099 καὶ
210 2072 261 2099 ὅσα
277 2073 340 2107 περὶ
364 2072 431 2099 Θεὸν
459 2074 596 2105 οὑσιωδῶς
615 2074 768 2110 θεωρεῖται,
788 2076 866 2102 ἅτινα

78 2116 124 2142 καὶ
140 2116 211 2151 ἔργα
228 2115 296 2142 θεοῦ
317 2117 380 2149 εισι,
397 2118 443 2144 καὶ
458 2117 507 2144 οὒκ
525 2118 651 2152 ἠργμένα
665 2119 810 2154 χρονικῶς.
827 2120 864 2146 Οὐ

78 2162 131 2197 γάρ
146 2171 213 2188 ποτε
227 2162 413 2197 πρεσϐύτερον
427 2162 527 2197 ἀρετῆς
543 2164 572 2190 τὸ
584 2165 633 2190 οὐκ
648 2162 693 2199 ἦν,
710 2165 771 2191 οὺδέ
793 2174 866 2197 τινος

901 238 965 265 tiam
994 238 1051 272 ipse
1079 243 1131 270 est,
1158 242 1253 263 eorum
1286 242 1330 261 res
1361 237 1509 268 procreata:
1538 233 1685 267 participes

901 284 1006 311 ﬁerent.
1023 283 1206 316 Quamobrem
1231 282 1311 308 homo
1333 280 1420 306 factus
1444 285 1503 305 esse
1527 279 1626 305 dicitur
1651 279 1684 304 ad

899 329 1043 364 imaginem
1075 333 1102 356 et
1118 327 1151 355 ad
1168 325 1371 354 similitudinem
1393 324 1451 352 Dei.
1476 323 1516 351 Ad
1539 323 1686 358 imaginem

900 376 1020 410 quidem,
1034 373 1161 410 quoniam
1179 381 1210 401 ex
1226 380 1269 405 eo,
1284 372 1329 407 qui
1347 376 1398 403 est,
1409 370 1514 398 exsistit
1533 379 1541 398 :
1561 374 1588 398 et
1605 377 1638 396 ex
1655 377 1688 397 eo

900 422 946 456 qui
974 428 1081 455 semper
1105 425 1157 452 est,
1185 426 1293 453 semper
1321 418 1437 445 exsistit.
1462 415 1591 449 Quamvis
1614 415 1688 443 enim

901 474 956 494 non
984 466 1044 493 sine
1071 463 1205 500 principio
1237 464 1283 496 sit,
1327 469 1467 497 nunquam
1507 466 1598 488 tamen
1628 467 1689 487 esse

902 513 1019 540 desinet.
1033 512 1073 539 Ad
1097 510 1304 539 similitudinem
1328 517 1402 542 vero,
1428 508 1557 543 quoniam
1579 515 1593 534 a
1617 507 1690 534 bono

902 559 999 590 bonus,
1014 562 1041 585 et
1053 565 1069 584 a
1085 558 1206 592 sapiente
1223 557 1341 592 sapiens,
1359 555 1423 583 licet
1441 555 1486 582 ille
1501 556 1536 582 sit
1555 552 1690 589 ejusmodi

903 610 953 638 per
979 606 1116 635 naturam,
1150 602 1207 636 ipse
1241 605 1332 628 autem
1361 608 1411 636 per
1435 600 1560 636 gratiam.
1592 599 1690 626 Verum

904 656 965 676 cum
979 656 1075 675 omnes
1092 647 1192 683 pariter
1205 647 1328 675 homines
1344 647 1378 674 ad
1393 646 1538 682 imaginem
1554 646 1620 678 sint,
1641 645 1691 672 soli

905 695 969 723 boni
984 695 1175 730 sapientesque
1199 699 1262 722 sunt
1276 694 1309 721 ad
1330 693 1548 722 similitudinem.

1239 740 1363 775 Ejusdem
1369 760 1376 767 .

942 787 1067 814 Essentia
1079 787 1178 819 omnis,
1198 794 1258 821 quas
1275 785 1379 813 ratione
1406 793 1438 813 ac
1461 790 1552 813 mente
1582 784 1692 818 prmdita

907 839 960 867 est,
979 834 1006 861 in
1019 834 1169 869 angelicam
1188 837 1314 860 naturam
1335 832 1466 860 dividitur
1492 837 1519 860 et
1532 833 1692 860 humanam.

906 879 1033 916 Angelica
1048 886 1156 906 rursum
1182 878 1210 905 in
1225 879 1293 905 duas
1308 877 1393 905 veluti
1414 877 1515 904 classes
1544 883 1694 912 gregesque

905 925 1068 958 secernitur,
1076 924 1103 951 in
1114 928 1222 951 sanctas
1233 923 1397 955 Potestates,
1409 926 1435 950 et
1447 922 1631 950 exsecrandos
1642 924 1697 949 dae-

905 979 1010 999 mones.
1019 971 1142 998 Humana
1151 971 1216 998 item
1227 975 1336 998 secatur
1345 969 1372 996 in
1382 971 1450 997 duas
1456 973 1557 1004 partes,
1570 969 1596 996 in
1608 969 1696 996 homi-

906 1025 956 1046 nes
972 1018 1031 1052 pios
1056 1022 1081 1044 et
1099 1017 1206 1052 impios.

1230 1105 1370 1142 Ejusdem.

941 1152 1098 1187 lntelligens
1111 1151 1211 1178 dicitur
1231 1152 1268 1184 id,
1285 1151 1357 1186 quod
1375 1155 1467 1179 mente
1481 1151 1574 1179 utitur.
1593 1150 1697 1178 Intelli-

907 1198 979 1233 gitur
992 1197 1111 1231 id,quod
1123 1201 1214 1223 mente
1236 1195 1494 1231 comprehenditur.
1517 1195 1697 1230 lnlelligentis

907 1244 984 1271 cibus
999 1242 1198 1278 quodammodo
1214 1246 1256 1269 est
1281 1241 1320 1273 id,
1343 1242 1415 1276 quod
1431 1241 1524 1269 animo
1551 1246 1697 1275 menteque

909 1289 1108 1324 percipitur.lta
1117 1287 1226 1323 quidem
1238 1287 1347 1322 proprie
1357 1295 1365 1321 ;
1374 1287 1486 1315 abusive
1505 1293 1595 1315 autem
1609 1295 1698 1314 enun-

910 1336 1011 1363 tiantur
1026 1335 1121 1362 ordine
1136 1339 1250 1362 mutato.

1233 1380 1370 1415 Ejusdem.

946 1431 968 1457 A
996 1428 1210 1457 studiosiorihus
1232 1432 1274 1455 est
1309 1427 1540 1463 investigandum.
1573 1435 1698 1462 quaenam

910 1476 967 1504 sint
987 1476 1039 1503 ill-.e
1053 1483 1106 1508 res,
1124 1482 1192 1510 quas
1206 1474 1295 1501 facere
1312 1474 1396 1508 etrapit
1416 1473 1498 1506 Deus,
1512 1477 1540 1501 et
1550 1481 1610 1508 quze
1635 1482 1696 1500 rur-

873 1537 895 1567 C
911 1532 971 1552 sum
988 1524 1040 1551 illze
1065 1531 1133 1558 quas
1157 1529 1296 1557 nunquam
1325 1522 1416 1556 coepit.
1432 1521 1499 1548 Nam
1530 1521 1551 1548 si
1565 1521 1699 1556 requievit

913 1571 948 1598 ab
969 1570 1107 1602 omnibus,
1123 1576 1192 1604 quas
1218 1567 1302 1602 coepit
1323 1567 1423 1600 facere,
1444 1567 1478 1594 ab
1498 1567 1550 1594 illis
1576 1568 1700 1602 profecto

913 1624 980 1652 quas
1011 1616 1100 1643 lacere
1125 1621 1264 1648 nunquam
1297 1614 1390 1648 coepit,
1416 1613 1520 1648 quievit
1548 1621 1698 1649 nunquam.

914 1662 1017 1695 Quibus
1032 1661 1112 1696 igitur
1128 1660 1296 1695 impertitum
1311 1664 1363 1692 est,
1380 1663 1409 1687 ut
1426 1659 1491 1692 sint,
1510 1667 1549 1687 ea;
1571 1661 1702 1695 temporis

915 1707 1016 1735 habent
1028 1705 1146 1740 initiu'm,
1159 1706 1255 1741 quales
1270 1711 1334 1733 sunt
1357 1706 1440 1733 variae
1469 1714 1559 1733 rerum
1587 1699 1701 1739 naturm,

916 1753 1016 1788 quibus
1051 1753 1140 1788 ipsum
1172 1751 1289 1779 nihilum
1318 1757 1361 1779 est
1378 1753 1528 1787 antiquius.
1545 1752 1609 1780 Fuit
1628 1755 1701 1781 enim

916 1798 1073 1832 aliquando,
1092 1805 1153 1824 cum
1168 1797 1231 1832 ipsa:
1243 1804 1297 1824 non
1321 1802 1423 1826 essent.
1453 1798 1596 1833 Temporis
1610 1804 1703 1827 autent

917 1843 1083 1878 principium
1119 1850 1173 1870 non
1217 1843 1329 1876 habent,
1361 1851 1423 1878 quae
1454 1844 1702 1876 communicantur,

916 1896 1031 1923 quarum
1048 1889 1107 1916 alia:
1122 1897 1165 1916 res
1180 1897 1223 1924 per
1244 1890 1356 1924 gratiam
1370 1889 1515 1924 participes
1528 1895 1603 1924 sunt,
1617 1890 1705 1924 qualis

917 1940 958 1962 est
974 1935 1090 1966 bonitas,
1103 1940 1130 1962 et
1148 1935 1280 1970 quidquid
1304 1935 1434 1964 bonitatis
1448 1937 1553 1964 ratione
1578 1943 1705 1971 compre-

919 1981 1058 2014 hendilur,
1076 1987 1102 2009 et
1117 1982 1207 2009 omnis
1223 1982 1288 2013 vita,
1304 1986 1332 2009 et
1356 1982 1556 2015 immortalitas,
1585 1988 1613 2010 et
1643 1982 1706 2010 sim-

919 2028 1036 2062 plicitas,
1062 2032 1089 2054 et
1114 2027 1331 2060 immutabilitas,
1351 2032 1378 2054 et
1411 2027 1544 2061 inﬁnitas,
1579 2034 1606 2056 et
1631 2036 1706 2063 quac-

918 2082 1027 2109 cunque
1041 2074 1067 2101 in
1086 2075 1130 2101 Dei
1146 2074 1264 2101 essentia
1282 2074 1500 2106 considerantur,
1515 2083 1576 2110 qua:
1598 2076 1706 2103 nullum

920 2119 1021 2147 habent
1030 2119 1136 2147 initium
1152 2120 1293 2154 temporis.
1311 2119 1455 2154 Nunquam
1464 2120 1537 2148 enim
1547 2125 1595 2148 aut
1606 2121 1708 2149 virtute

921 2169 968 2193 aut
985 2166 1038 2193 ulla
1064 2174 1157 2193 earum
1175 2173 1276 2197 rerum,
1304 2173 1365 2200 qua:
1387 2171 1606 2195 commemorata:
1633 2172 1706 2201 sunt,

78 2207 159 2234 ἄλλου
175 2208 230 2233 τῶν
244 2207 409 2242 εἰρημένων.
432 2208 489 2235 Οὐκ
501 2206 535 2244 ἧν
552 2209 603 2244 γάρ
620 2218 697 2243 ποτε,
711 2210 755 2237 ὅτε
768 2212 818 2238 οὐκ
830 2209 859 2247 ἦν

920 2211 1006 2246 ipsum
1022 2211 1136 2238 nihilum
1157 2211 1209 2238 fuit
1224 2211 1370 2246 antiquius.
1388 2210 1532 2246 Nunquam
1544 2213 1617 2240 enim
1645 2213 1707 2245 fuit,

77 2252 178 2283 ταῦτα,
194 2252 300 2288 ἄναρχά
315 2262 344 2279 τε
355 2253 419 2280 ὄντα
431 2255 575 2289 χρονικῶς,
589 2256 635 2282 καὶ
651 2256 732 2289 μόνον
745 2257 791 2284 τὸν
798 2258 864 2285 Θεὸν

81 2298 179 2332 ἔχοντα
189 2298 237 2324 τοῦ
251 2296 321 2325 εἶναι
340 2299 528 2334 μονιμώτατον
548 2301 640 2334 atate;
655 2303 817 2339 γεννήτορα.
827 2304 866 2331 Τὰ

83 2344 179 2377 μέντοι
199 2345 325 2379 ἡργμένα
354 2346 487 2380 χρονικῶς
511 2347 558 2373 καὶ
581 2348 644 2380 εἰσὶ,
674 2348 721 2375 καὶ
745 2349 868 2384 λέγονται

81 2389 147 2416 τοῦθ
163 2391 242 2425 ὅπερ*
263 2391 385 2423 καίεὶσὶ,
404 2392 452 2418 καὶ
470 2393 607 2428 ὶέγονται,

388 2486 442 2513 Τοῦ
459 2487 552 2514 αὐτοῦ

119 2531 199 2557 Πᾶσα
217 2532 234 2566 ή
250 2531 331 2566 νοερά
348 2533 427 2559 οὐσία
450 2533 498 2559 καὶ
514 2535 530 2569 ἡ
548 2534 694 2571 αἰσθητικὴ
715 2535 811 2563 ἔλαϐον
824 2536 870 2563 δυ-

85 2578 184 2612 νάμεις
208 2579 284 2613 παρὰ
299 2579 346 2605 τοῦ
365 2580 506 2612 κτίσαντος
531 2581 728 2617 ἀντιληπτικὰς
753 2583 807 2609 τῶν
831 2583 873 2609 ὸν-

85 2632 156 2696 τωεᾎ·
204 2625 254 2660 μὲν
271 2626 350 2661 νοερὰ
361 2626 410 2657 τὰς
423 2627 540 2662 νοήσεις,
559 2628 575 2663 ή
592 2628 620 2654 δὲ
649 2628 797 2664 αἰσθητικὴ
823 2630 872 2661 τὰς

87 2671 134 2696 αξσ
152 2671 239 2696 neat;

87 2671 239 2706 αἰσθήσεις.

391 2762 446 2789 Τοῦ
466 2763 570 2791 αὑτοῦ.

129 2809 158 2835 '0
178 2808 230 2842 μὲν
245 2808 452 2845 δημιουργήσας
472 2810 538 2842 Θεὸς
570 2811 716 2846 μετέχεται
739 2813 830 2847 μόνον,
857 2814 873 2848 ἡ

89 2856 115 2882 δὲ
133 2855 222 2887 κτὶσις
241 2857 314 2882 πᾶσα
342 2856 388 2882 καὶ
418 2857 536 2891 μετέχει,
557 2859 604 2885 καὶ
626 2859 797 2893 μεταδίδωσι.
820 2861 874 2887 Καὶ

918 2266 980 2286 eum
992 2259 1033 2285 hae
1059 2265 1113 2285 non
1129 2261 1221 2284 essent
1250 2265 1320 2291 qum,
1331 2260 1462 2292 quantum
1481 2257 1514 2285 ad
1528 2262 1634 2293 tempus
1647 2266 1710 2295 per-

921 2306 998 2336 tinet,
1024 2305 1083 2331 sine
1123 2303 1257 2338 principio
1270 2307 1343 2335 sunt.
1368 2303 1441 2330 etab
1459 2303 1534 2331 omni
1553 2305 1709 2332 mter-nitate

921 2352 1007 2380 solum
1021 2351 1106 2378 Deum
1119 2350 1222 2377 habent
1237 2354 1387 2381 auctorem,
1409 2353 1439 2376 ut
1451 2349 1517 2376 sint.
1529 2349 1596 2377 Nam
1607 2359 1667 2385 qua:
1680 2351 1708 2378 in

923 2402 1042 2432 tempore
1055 2401 1198 2432 emperunt
1207 2403 1277 2428 esse,
1286 2400 1396 2428 etsunt,
1405 2400 1432 2423 et
1441 2396 1570 2424 dicuntur
1584 2397 1610 2424 id
1620 2397 1708 2432 ipsum

922 2445 993 2479 quod
1010 2448 1083 2477 sunt,
1100 2447 1126 2470 et
1135 2443 1272 2470 dicuntur.

1236 2489 1374 2523 Ejusdem.

956 2537 1066 2564 Natura:
1080 2540 1134 2564 tam
1145 2535 1334 2571 iv-tclligentes,
1343 2543 1423 2570 quam
1434 2540 1584 2564 sentientes
1596 2543 1710 2571 accepe-

924 2586 988 2610 runt
998 2591 1013 2610 a
1022 2590 1111 2609 rerum
1126 2582 1247 2609 omnium
1261 2587 1433 2616 proereatore
1446 2582 1598 2616 facultates,
1609 2583 1710 2617 quibus

925 2637 968 2656 res
990 2627 1061 2663 ipsas
1088 2627 1360 2662 comprehenderent,
1392 2629 1574 2664 intelligentes
1589 2629 1710 2663 quidem.

925 2679 1044 2703 mentem
1064 2678 1091 2700 et
1121 2673 1324 2709 cogitationem,
1344 2675 1495 2703 sentientes
1519 2680 1608 2702 autem
1636 2675 1711 2710 ipsos

926 2727 1022 2749 sensus

1263 2766 1400 2800 Ejusdem.

957 2812 1117 2841 Procrcator
1133 2812 1203 2840 Deus
1216 2812 1328 2848 largitur
1347 2812 1542 2840 tantummodo.
1559 2813 1612 2840 Res
1620 2817 1712 2841 autem

927 2866 1021 2887 omnes
1029 2863 1175 2895 procreatae
1184 2863 1211 2887 et
1219 2859 1393 2894 accipiunt,et
1400 2859 1560 2895 largiuntur.
1570 2860 1713 2896 Accipiunt
