1912 3078
206 162 264 194 ’207

214 221 299 253 enim,
315 219 460 253 utsint,et
481 219 551 247 bene
567 219 631 247 sint.
656 218 820 254 Largiuntur
845 222 935 245 autem
947 217 1008 244 aliis

214 270 331 298 tantum,
351 270 379 292 ut
395 265 464 292 bene
476 265 539 292 sint.
558 265 647 299 Atque
662 271 694 291 ex
713 263 755 291 his
768 263 830 295 illa,
853 271 914 298 quae
941 267 1006 289 sunt

211 311 338 347 corporis
351 314 477 345 expertes
488 314 548 337 tum
570 309 698 341 dicendo,
721 313 777 336 tum
805 310 921 344 agendo,
950 313 1005 334 tum

214 357 363 393 spectando
379 356 530 392 largiuntur
549 356 619 388 aliis,
635 360 665 383 ιιι
680 356 749 383 bene
762 355 826 382 sint.
851 354 916 388 Qua:
942 361 1007 381 vero

177 424 179 426 -
215 410 353 438 corporea:
366 407 440 433 sunt.
453 402 517 429 dum
533 406 691 436 spectantur
703 400 844 428 duntaxat.
857 400 896 427 Ae
907 405 1007 426 saneta:

215 449 324 484 quidem
342 449 394 476 illa:
407 449 560 476 Potestates
584 447 739 482 splendoris
767 445 857 473 radios
885 445 956 472 inter
977 451 1007 471 se

215 495 337 522 vicissim
363 493 567 521 communicant
589 496 616 518 et
648 491 814 525 largiuntur.
845 488 1008 516 Hominibus

215 548 282 568 vero
296 545 350 567 tum
364 539 492 566 virtutem
510 546 588 565 suam
615 536 786 572 impartiunt,
802 535 867 563 dum
888 541 935 560 eos
954 533 1008 559 Deo

216 586 319 614 similes
333 585 470 612 reddunt:
485 589 541 611 tum
568 582 735 618 cognitionis
761 589 821 608 suae
836 579 941 607 faciunt
949 578 1009 605 illos

214 631 372 667 participes,
391 630 455 657 dum
484 637 533 657 eos
549 630 650 656 docent
662 628 766 663 aliquid
779 627 819 654 vel
836 626 870 654 de
892 625 949 652 Deo
963 631 1009 651 su-

214 677 337 710 blimius,
351 677 393 703 vel
404 677 437 704 de
450 676 532 704 rebus
540 683 655 711 corpore
671 674 825 703 carentibus
834 670 1008 707 profundius,

215 725 259 751 vel
280 724 313 751 de
338 723 477 758 corporeis
507 722 680 757 exquisitius,
712 720 754 748 vel
775 719 810 747 de
837 716 1007 753 providentia

213 771 318 802 verius,
336 769 377 797 vel
395 769 428 796 de
442 768 546 804 judicio
556 768 657 795 clarius

538 813 673 847 Ejusdem.

250 861 343 888 Rebus
349 860 509 896 procreatis,
522 864 551 886 ut
559 859 721 893 simpliciter
732 858 797 889 sint,
805 865 854 893 per
863 855 1009 884 essentiam

214 914 377 934 concessum
388 911 444 938 est;
459 910 488 932 ut
497 905 565 932 bene
578 905 632 931 sint
642 911 690 939 per
699 904 812 931 liberam
824 903 1006 934 voluntatem;

213 958 244 980 ut
255 961 364 987 semper
383 953 452 980 bene
460 952 525 984 sint,
549 958 598 986 per
613 950 738 986 gratiam.
763 949 915 982 Quiautem
924 948 958 974 ab
972 956 1005 976 eo

213 1000 353 1030 excidunt,
374 1003 403 1025 ut
416 1005 525 1032 semper
555 997 625 1024 bene
641 996 706 1028 sint,
724 996 752 1023 in
772 995 797 1023 id
811 995 964 1026 incurrunt,
977 999 1007 1022 ut

212 1052 321 1080 semper
346 1045 444 1072 misere
462 1044 528 1071 sint.

494 1098 643 1126 TITULUS
658 1098 716 1126 Vll.

215 1149 252 1175 De
266 1147 354 1174 divina
369 1148 491 1173 humana:
507 1146 593 1172 carnis
618 1145 808 1179 assumptione.
831 1144 1005 1179 Areopagita’,

319 1191 349 1209 ex
363 1182 428 1208 libro
442 1181 473 1208 de
485 1180 578 1208 divinis
598 1179 766 1212 Nominibus,
783 1187 843 1214 cap.
858 1179 885 1207 l.

231 1264 358 1291 --‘Summa
371 1263 415 1290 illa
425 1262 556 1289 Divinitas
570 1261 744 1297 singulariter
758 1265 830 1287 amat
855 1261 1003 1287 humanum

213 1318 308 1345 genus,
319 1310 420 1344 quippe
432 1316 493 1343 quae
509 1310 536 1335 in
553 1316 606 1335 una
620 1315 730 1335 suarum
748 1314 924 1342 personarum
942 1314 1005 1334 vere

212 1362 295 1391 atque
310 1356 415 1391 integre
430 1360 554 1381 naturam
579 1358 701 1381 nostram
729 1353 887 1387 assumpsit,
913 1353 946 1379 ad
976 1359 1006 1379 se

213 1410 353 1434 revocans,
361 1401 467 1435 sibique
478 1399 619 1435 applicans
629 1399 751 1426 inﬁmam
762 1398 904 1425 hominum
915 1397 1005 1424 humi-

214 1449 328 1480 litatem,
348 1455 381 1474 ex
397 1453 462 1481 qua,
475 1447 520 1480 qui
537 1445 652 1480 simplex
664 1449 716 1477 est,
727 1443 809 1471 Jesus
820 1443 1004 1478 inexplicabili

213 1495 321 1521 ratione
329 1493 496 1527 compositus
505 1496 548 1519 est
564 1500 571 1519 :
587 1496 615 1518 et
623 1491 670 1526 qui
682 1495 803 1517 aeternus
813 1495 864 1522 est,
875 1489 1006 1524 temporis

213 1540 402 1569 extensionem
418 1538 524 1574 accepit
542 1547 549 1565 :
564 1543 591 1565 et
610 1538 655 1572 qui
677 1536 881 1565 omnemtotins
899 1542 1004 1563 natura:

213 1587 337 1614 ordinem
345 1591 427 1619 supra
436 1584 545 1611 modum
556 1583 682 1610 essentia:
694 1587 817 1617 superat,
826 1582 896 1609 intra
906 1588 1009 1610 natura:

212 1636 315 1661 nostrae
325 1630 457 1657 terminos
466 1628 575 1664 genitus
585 1633 638 1662 est,
651 1629 688 1655 ita
703 1633 804 1661 tamen,
814 1632 844 1655 ut
855 1635 914 1662 quae
924 1627 1009 1662 ipsius

213 1682 279 1710 .unt
296 1676 421 1711 propria,
438 1674 646 1710 haudquaquam
675 1679 789 1707 mutata,
822 1679 869 1701 aut
897 1673 1008 1701 confusa

213 1727 367 1754 conservet.

268 1776 392 1811 Ejusdem
413 1785 443 1804 ea:
458 1784 518 1811 cap.
537 1776 565 1809 ‘2,
582 1778 612 1803 de
627 1776 765 1810 conjuncta
781 1775 955 1809 tltttliftt'luquc

467 1812 621 1840 Diuim‘tutis
644 1812 755 1837 ratione.

248 1863 404 1896 Quinetiam
416 1861 453 1897 ιιιι
461 1859 534 1894 quod
545 1859 572 1886 in
582 1858 658 1885 omni
674 1858 808 1892 theologia
819 1858 1008 1892 maximeper-

215 1911 340 1946 Spicuum
356 1910 407 1942 est)
425 1907 519 1934 divina
531 1904 596 1932 Jesu
612 1905 638 1931 in
650 1909 747 1931 natura
761 1910 852 1932 nostra
871 1904 1006 1935 formatio,

212 1964 264 1984 nec
271 1955 393 1983 oratione
408 1951 675 1988 tilla,expiicari,nec
687 1951 721 1978 ab
728 1951 781 1978 ulla
790 1956 892 1984 tuente,
907 1957 958 1977 nec
974 1949 1008 1977 ab

212 2004 272 2037 ipso
280 2001 388 2036 quidem
403 1998 655 2034 antiquissimorum
674 1997 834 2032 angelorum
851 1998 940 2032 primo
958 2005 1007 2031 po-

212 2054 266 2075 test
275 2046 468 2083 intelligi.Nam
484 2044 556 2080 quod
565 2043 712 2071 humanam
722 2043 869 2070 essentiam
879 2050 1006 2078 assump-

211 2095 288 2126 εει-ιι,
304 2102 337 2122 ex
354 2091 491 2127 mysteriis
514 2092 680 2125 accepimus.
706 2089 847 2122 Quomodo
867 2094 956 2115 autent
973 2096 1006 2115 ex

210 2139 338 2176 virgineis
353 2137 540 2173 sanguinibus,
559 2136 612 2163 alia
626 2136 684 2171 lege
701 2139 799 2169 praeter
811 2139 936 2162 naturam
951 2134 1008 2161 {or-

210 2192 300 2214 tnatus
312 2186 357 2218 sit,
369 2182 539 2219 etquomodo
548 2189 630 2216 super
645 2180 784 2208 humidam
799 2185 826 2207 et
850 2179 1005 2207 instabilem

211 2239 287 2267 aqua:
300 2236 425 2258 naturam
436 2227 518 2256 siccis
535 2227 650 2262 pedibus
664 2226 764 2254 molem
788 2233 948 2261 corpoream
978 2231 1006 2253 et

211 2278 330 2306 materiae
347 2275 453 2311 pondus
469 2273 635 2302 habentibus
652 2272 842 2305 ambulaverit,
860 2277 887 2299 et
896 2272 1007 2307 reliqua

211 2324 379 2358 omnia,quaa
390 2326 487 2349 natura
503 2319 692 2355 praestantiora
706 2319 732 2346 in
758 2318 817 2353 ipso
838 2318 903 2345 Jesu
915 2318 1007 2345 consi-

211 2371 351 2401 derantur,
366 2367 501 2398 ell'eeerit,
519 2366 688 2401 ignoramus.

300 2425 426 2460 Ejusdem
441 2431 473 2451 ea:
486 2423 645 2457 epistola.ad
661 2421 758 2449 Gaium
773 2423 915 2449 medicum.

247 2501 628 2539 Quomodohinquies,Iesus,
643 2501 689 2536 qui
707 2502 833 2529 omnibus
853 2502 1003 2534 antecellit,

212 2559 274 2578 eum
294 2551 420 2578 omnibus
435 2557 481 2585 per
497 2549 643 2576 essentiam
658 2548 822 2575 constitutus
837 2548 898 2575 est?
910 2548 1004 2582 Neque

212 2598 299 2630 enim,
313 2602 339 2624 nt
357 2601 399 2624 est
417 2595 557 2623 hominum
577 2599 680 2626 auctor,
696 2594 743 2621 sed
760 2601 789 2621 ut
805 2597 859 2621 tota
883 2594 939 2629 ipsa
953 2594 1004 2621 ho-

211 2645 294 2672 minis
306 2643 423 2671 essentia
432 2649 495 2669 vere
511 2641 590 2668 homo
600 2641 718 2673 exsistit,
732 2641 814 2668 homo
826 2641 939 2668 dicitur.
949 2640 1003 2668 Nos

211 2696 302 2718 autem
318 2697 373 2716 non
386 2689 504 2715 humana
519 2686 623 2714 ratione
632 2686 726 2713 Jesutn
738 2686 894 2713 deﬁnimus.
909 2686 1003 2721 Neque

212 2737 285 2765 enim
298 2740 339 2763 est
350 2735 432 2762 homo
444 2738 559 2764 tantum.
569 2740 658 2766 neque
681 2733 802 2760 essentia
817 2734 1001 2767 pra-stantior,

212 2787 347 2818 quatenus
362 2782 443 2808 homo
458 2781 545 2808 solum
558 2787 565 2812 ;
576 2779 624 2806 sed
640 2786 702 2805 vere
715 2783 756 2805 est
772 2779 863 2810 homo,
890 2779 934 2813 qui
948 2779 1002 2805 exi-

213 2829 266 2856 mie
279 2829 404 2856 homines
416 2827 530 2858 diligens
554 2832 636 2859 supra
664 2823 1001 2857 homines,etsecundant

213 2875 349 2909 homines,
364 2882 396 2902 ex
412 2873 553 2902 hominum
569 2870 700 2904 essentia,
712 2877 774 2898 cum
789 2871 910 2899 essentia
923 2879 1000 2907 supe-

833 158 1024 190 EUTHYMII
1043 158 1223 190 ZIGABENI

1793 160 1846 191 28

1022 219 1044 246 Α
1060 218 1169 253 μετέχει
1185 217 1236 253 μὲν
1248 217 1294 244 τοῦ
1312 215 1393 250 εἶναι,
1411 218 1458 245 καὶ
1475 217 1522 245 τοῦ
1537 218 1568 245 εὖ
1581 216 1662 251 εἶναι,
1679 219 1846 254 μεταδζδωσι

1056 263 1085 290 δὲ
1096 263 1144 290 τοῦ
1159 264 1189 290 εὗ
1209 262 1279 291 εἶναι
1300 264 1391 298 μόνον.
1409 264 1510 299 Ἀλλ’ή
1529 264 1580 299 μὲν
1600 264 1747 299 ἀσώματος
1766 264 1846 291 οὐσία

1056 310 1105 337 καὶ
1120 309 1250 344 λέγουσα,
1264 309 1312 337 καὶ
1327 310 1497 346 πράττουσα,
1528 310 1576 337 καὶ
1601 310 1780 346 θεωρουμένη
1799 311 1846 337 τοῦ

1057 355 1087 383 εὖ
1099 354 1170 383 εἶναι
1187 356 1367 391 μεταδίδωσιν
1379 365 1386 372 ·
1406 357 1422 392 ἡ
1441 356 1469 383 δὲ
1493 357 1639 392 σωματικὴ
1665 358 1847 393 θεωρουμένη

1059 402 1152 437 μόνον.
1169 403 1202 429 Αἱ
1221 402 1313 437 μέντοι
1328 402 1408 436 ἅγιαι
1427 403 1558 438 δυνάμεις
1573 402 1702 438 ἀλλήλαις
1720 404 1771 438 μὲν
1792 413 1848 439 φω-

1058 447 1157 482 τισμοῦ
1181 448 1366 482 μεταδιδόασι,
1383 449 1440 480 τοῖς
1463 448 1619 484 ἀνθρώποις
1636 448 1663 475 δὲ
1681 449 1732 484 τῆς
1747 458 1778 476 τε
1799 451 1849 476 αὺ-

1058 492 1114 519 τῶν
1124 493 1237 527 ἀρετῆς,
1265 495 1314 520 καὶ
1330 493 1464 525 θεοειδεῖς
1481 494 1581 525 αὐτοὺς
1597 495 1850 529 ὲργαζόμεναι,καὶ

1058 538 1108 573 τῆς
1123 539 1151 564 ὲν
1164 539 1260 570 αὑταῖς
1271 539 1399 573 γνώσεως
1414 540 1444 566 ὲν
1458 540 1496 575 τῷ
1511 539 1648 566 διδάσκειν
1664 540 1679 574 ἢ
1694 541 1760 574 περὶ
1779 540 1849 566 Θεοῦ

1058 592 1084 610 τι
1098 584 1275 620 ὑψηλότερον,
1292 585 1308 620 ἦ
1322 586 1386 620 περὶ
1397 585 1552 620 ἀσωμάτων
1569 585 1732 620 βαθύτερον,
1748 586 1765 622 ἢ
1785 587 1851 620 περὶ

1061 630 1196 665 σωμάτων
1213 631 1423 666 ἀκριϐέστερον,
1441 632 1456 667 ἢ
1471 633 1536 667 περὶ
1561 632 1690 668 προνοίας
1720 633 1853 668 τρανότε-

1062 676 1144 712 ρον,ἢ
1162 678 1226 712 περὶ
1239 678 1358 712 κρίσεως
1372 678 1552 714 σανέέστερον.

1352 813 1407 839 Τοῦ
1419 813 1524 840 αὑτοῦ.

1104 859 1133 885 '0
1149 860 1198 894 μὲν
1211 859 1257 886 τοῦ
1280 859 1373 889 ἁπλῶς
1388 856 1458 884 εἶναι
1473 858 1574 892 τρόπος
1591 859 1652 884 κατ’
1666 858 1763 886 οὐσίαν
1774 859 1849 885 δέδο-

1025 899 1045 926 Β
1059 914 1104 932 ται
1117 907 1150 941 τῇ
1168 905 1266 940 λογικῇ
1279 906 1367 932 κτίσει
1380 913 1385 919 ·
1406 905 1420 930 ὁ
1439 905 1466 930 δὲ
1477 904 1523 930 τοῦ
1533 902 1562 930 εὖ
1575 902 1646 930 εἶναι
1662 905 1734 930 κατὰ
1750 906 1851 941 προαί-

1063 961 1138 988 ρεσιν
1149 960 1155 968 '
1171 953 1184 978 ὁ
1202 952 1231 978 δὲ
1251 951 1298 977 τοῦ
1318 952 1360 977 ἀεὶ
1370 947 1399 977 εὖ
1414 949 1483 977 εἶναι
1497 951 1567 977 κατά
1583 950 1675 985 χάριν.
1700 951 1733 977 Οἱ
1759 951 1853 985 μέντοι

1060 999 1107 1025 τοῦ
1125 1000 1168 1025 ἀεὶ
1188 998 1218 1025 εὖ
1236 996 1306 1025 εἶναι
1322 997 1558 1032 ἀποτυγχάνοντες
1575 997 1605 1023 τὸ
1639 996 1682 1023 ἀεὶ
1711 996 1762 1031 φεῦ
1781 994 1852 1023 εἶναι

1059 1044 1256 1080 λαμϐάνουσιν.

1360 1101 1484 1129 ΤΙΤΛΟΣ
1501 1101 1538 1127 Z'.

1060 1152 1129 1185 Περὶ
1153 1151 1207 1184 τῆς
1230 1151 1312 1182 θείας
1335 1147 1601 1185 ἐνανθρωίιήσεῳς,
1619 1146 1680 1185 ⁸τοῦ
1695 1147 1854 1185 ’Ἀρεοπα-

1095 1182 1231 1247 {drop—lex
1250 1185 1303 1212 τοῦ
1317 1185 1410 1218 λόγου
1428 1183 1481 1209 τοῦ
1497 1182 1563 1216 περὶ
1579 1183 1666 1210 θείων
1685 1182 1853 1216 ὀνομάτων,

1096 1230 1172 1247 πείρα
1198 1241 1205 1247 .
1222 1223 1259 1247 α’.

1096 1229 1205 1256 κεφακ.
1222 1229 1259 1247 a'.

1095 1267 1290 1302 Φιλάνθρωπον
1317 1265 1499 1300 διαφερόντως
1530 1265 1546 1299 ἡ
1575 1263 1699 1298 θεαρχία,
1722 1263 1768 1290 ﬁt
1797 1263 1854 1293 τοῖς

1060 1314 1121 1341 καθ’
1146 1314 1221 1348 ἡμᾶς
1244 1312 1312 1348 πρὸς
1327 1311 1456 1347 ἀλήθειαν
1471 1311 1569 1343 ὁλικῶς
1583 1311 1613 1337 ὲν
1637 1311 1687 1345 μιᾷ
1701 1310 1755 1336 τῶν
1767 1309 1854 1344 αὐτῆς

1061 1359 1235 1386 ὑποστάσεων
1259 1357 1449 1392 ἐκοινώνησεν,
1476 1357 1685 1392 ἀνακαλουμένη
1708 1358 1776 1391 πρὸς
1791 1357 1854 1382 ἑαυ-

1059 1403 1118 1438 τὴν,
1144 1403 1191 1430 καὶ
1218 1401 1375 1429 ἀνατιθεῖσα
1398 1401 1447 1436 τὴν
1469 1401 1643 1435 ἀνθρωπίνην
1668 1401 1807 1435 ἐσχατιὰν,
1824 1400 1854 1433 ἐξ

1059 1449 1093 1485 ἦς
1115 1449 1275 1483 ἁφθέγκτως
1292 1448 1306 1474 ὁ
1319 1447 1424 1480 ἁπλοῦς
1445 1448 1550 1483 Ἰησοῦς
1573 1447 1714 1483 συνετέθη.
1733 1449 1780 1474 καὶ
1801 1456 1855 1473 πα-

1063 1496 1193 1530 ράστασιν
1211 1494 1305 1528 εἴληφε
1329 1494 1458 1529 χρονικὴν
1488 1495 1502 1520 ὁ
1524 1494 1618 1526 ἀΐδιος,
1646 1495 1692 1520 καὶ
1717 1493 1783 1520 εἴσω
1805 1493 1855 1527 τῆς

1062 1541 1124 1568 καθ’
1142 1541 1215 1576 ἡμᾶς
1237 1541 1357 1574 ἐγεγόνει
1382 1540 1490 1574 φύσεως
1511 1541 1525 1566 ὁ
1543 1540 1633 1574 πάσης
1648 1540 1697 1573 τῆς
1717 1540 1786 1566 κατὰ
1804 1538 1855 1573 φύ-

1064 1595 1106 1614 σιν
1134 1587 1224 1613 πᾶσαν
1258 1585 1362 1618 τάξεως
1390 1585 1561 1620 ὑπερουσιως
1595 1584 1754 1620 ἐκὸεὸηκὼς
1785 1585 1856 1619 μετὰ

1063 1632 1112 1666 τῆς
1134 1623 1307 1667 ἀμετάσόλου
1333 1631 1379 1658 καὶ
1402 1630 1557 1666 ὰσυγχύτου
1572 1630 1626 1657 τῶν
1646 1631 1758 1657 οἰκεέων
1781 1630 1856 1666 ἱδρύ-

1064 1687 1143 1709 σεως.

1023 1571 1043 1600 C

1065 1779 1121 1806 Τοῦ
1135 1778 1229 1806 αὐτοῦ
1245 1778 1278 1805 ἐκ
1294 1778 1346 1806 τοῦ
1359 1778 1390 1811 ,β’
1407 1779 1573 1813 κεφαλαίου
1589 1778 1642 1805 τοῦ
1654 1780 1719 1813 περὶ
1734 1779 1852 1814 ἡνωμέ-

1181 1822 1237 1847 νης
1256 1814 1305 1841 καὶ
1324 1814 1728 1849 διακεκριμένηςίθεολογίας.

1104 1859 1185 1886 Ἀλλὰ
1212 1861 1259 1885 καὶ
1281 1859 1311 1885 τὸ
1334 1860 1425 1893 πάσης
1441 1860 1579 1894 θεολογίας
1598 1861 1808 1894 ἐκφανέστατον,
1835 1863 1852 1896 ἡ

1063 1904 1123 1932 καθ’
1137 1906 1212 1940 ἡμᾶς
1232 1904 1319 1940 Ἰησοῦ
1337 1904 1512 1938 θεοπλαστία,
1530 1906 1576 1932 καὶ
1597 1906 1714 1941 ἄρρητός
1731 1907 1790 1932 ἐστι
1806 1906 1850 1933 λό-

1061 1959 1103 1986 γῳ
1127 1951 1219 1984 παντὶ,
1243 1952 1290 1978 καὶ
1315 1952 1452 1985 ἄγνωστος
1477 1951 1514 1987 νῷ
1539 1951 1629 1985 παντὶ,
1652 1953 1699 1979 καὶ
1725 1953 1799 1987 αὐτῷ
1813 1953 1853 1988 τῷ

1062 1996 1207 2032 πρωτίστῳ
1227 1997 1282 2024 τῶν
1298 1998 1493 2031 πρεσϐυτάτων
1515 1997 1650 2031 ἀγγέλων.
1678 1998 1732 2025 Καὶ
1754 1999 1785 2025 τὸ
1802 1999 1852 2034 μὲν

1061 2043 1196 2077 ἀνδρικῶς
1216 2042 1299 2069 αὐτὸν
1331 2043 1496 2078 οὐσιωοῆναι
1520 2044 1659 2078 μυστικῶς
1680 2046 1853 2080 παρειλήφα-

1063 2094 1112 2119 μεν
1126 2093 1133 2100 υ
1156 2085 1308 2120 ἀγνοοῦμεν
1333 2085 1361 2112 δὲ
1387 2086 1460 2117 ὅπως
1480 2087 1512 2113 ὲκ
1537 2087 1710 2123 παρθενικῶν
1727 2089 1852 2123 αἱμάτων

1062 2131 1147 2166 ἑτέρῳ
1180 2131 1254 2166 παρὰ
1283 2132 1332 2165 τὴν
1359 2132 1442 2165 φύσιν
1469 2132 1643 2160 διεπλάττετο
1671 2133 1775 2169 θεσμῷ,
1806 2135 1853 2161 καὶ

1060 2177 1134 2208 ὅπως
1161 2177 1288 2213 ἁϐρὸχοις
1309 2178 1371 2204 ποσὶ
1400 2179 1554 2213 σωματικὸν
1575 2179 1657 2213 ὖγκον
1681 2180 1773 2215 ἔχουσι
1806 2181 1854 2206 καὶ

1062 2221 1127 2256 ὕλης
1141 2222 1221 2257 βάρος
1236 2222 1382 2257 ἐπορεύετο
1390 2224 1439 2258 τὴν
1451 2224 1537 2259 ὑγρὰν
1552 2224 1598 2250 καὶ
1613 2224 1728 2251 ἄστατον
1742 2226 1852 2257 οὺσῖαν,

1061 2269 1108 2295 καὶ
1124 2268 1158 2294 τὰ
1172 2268 1241 2295 ἄλλα
1255 2270 1305 2295 ὅσα
1322 2269 1370 2303 τῆς
1391 2269 1547 2304 ὑπερφυοῦς
1562 2271 1635 2297 ἐστιν
1657 2271 1743 2306 Ἰησοῦ
1759 2280 1852 2306 (putum

1058 2312 1160 2347 λογίας.

1024 2248 1048 2277 D

1060 2423 1115 2450 Τοῦ
1126 2423 1219 2450 αὑτοῦ
1234 2424 1268 2451 ἐκ
1292 2424 1347 2459 τῆς
1365 2426 1439 2459 πρὸς
1456 2426 1552 2452 Γάϊον
1569 2427 1759 2461 θεραπευτὴν
1792 2427 1855 2455 ἑπι-

1392 2461 1517 2494 στολῆς.

1093 2505 1165 2538 Πῶς,
1183 2506 1246 2542 φῂς,
1264 2506 1366 2538 Ἰησοῦς
1380 2507 1394 2533 ὁ
1411 2507 1518 2534 πάντων
1534 2508 1660 2535 ἐπέκεινα
1681 2510 1766 2536 πᾶσιν
1779 2511 1854 2536 eam

1056 2552 1192 2582 οὺσιωδῶς
1210 2552 1443 2586 συντεταγμένος;
1461 2555 1498 2578 Οὐ
1522 2553 1576 2588 γὰρ
1590 2554 1628 2584 ὼς
1643 2555 1728 2586 αἴτιος
1744 2557 1852 2590 ἀνθρώ-

1057 2606 1115 2624 πων
1146 2597 1255 2631 λέγεται
1276 2597 1430 2631 ἅνθρωπος,
1453 2598 1512 2624 ἀλλ’
1528 2599 1566 2630 ὡς
1591 2600 1657 2626 αὐτὸ
1679 2601 1739 2626 κατ’
1757 2602 1853 2627 οὐσίαν

1056 2643 1120 2677 ὃλην
1152 2643 1258 2678 ἀληθῶς
1278 2643 1421 2678 ἄνθρωπος
1442 2643 1489 2670 ὧν.
1512 2644 1606 2677 Ἡμεῖς
1631 2645 1659 2671 δὲ
1678 2645 1723 2672 τὸν
1748 2646 1854 2681 Ἰησοῦν

1056 2688 1106 2714 οὐκ
1122 2688 1305 2723 ἀνθρωπικῶς
1330 2687 1510 2722 ἀφορίζομεν.
1536 2688 1603 2714 Οὐδὲ
1629 2689 1683 2723 γὰρ
1707 2689 1852 2723 ἄνθρωπος

1057 2734 1147 2769 μόνον,
1171 2734 1230 2760 οὐδὲ
1254 2731 1462 2771 ὺπερούσιος,ᾖ
1486 2734 1629 2770 ἅνθρωπος
1652 2736 1744 2770 μόνον,
1777 2736 1846 2762 ἀλλὰ

1056 2779 1200 2814 ἄνθρωπος
1247 2780 1359 2815 ἀληθῶς
1386 2780 1400 2805 ὸ
1431 2780 1617 2815 διαφερόντως
1646 2781 1852 2816 φιλάνθρωπος,

1057 2827 1127 2862 ὑπὲρ
1164 2828 1336 2863 ἀνθρώπους,
1365 2828 1413 2854 καὶ
1445 2829 1515 2855 κατὰ
1547 2829 1717 2863 ἀνθρώπους.
1745 2831 1778 2856 ὲκ
1804 2830 1854 2865 τῆς

1055 2873 1207 2908 ἀνθρώπων
1232 2875 1325 2906 οὐςίας
1348 2875 1361 2901 ὁ
1383 2873 1545 2909 ὑπερούσιος
1570 2874 1748 2909 οὑσιωμένος.
1774 2875 1854 2901 Ἐστι
