1912 3078
47 127 96 158 EG!)

522 128 709 159 PANOPLIA
731 127 958 159 DOGMATICA.
978 141 1012 146 --
1029 129 1103 160 TIT.
1119 130 1186 161 VH.

1625 130 1683 161 ΞΠ)

48 185 73 211 δὲ
93 185 170 211 οὐδὲν
193 181 277 220 ἦττον
305 182 531 219 ὑπερουσιότητος
554 185 732 220 ὑπερπλήρης
750 185 765 211 ὁ
792 185 836 212 ἀεὶ

898 185 945 211 'ior
953 190 1034 219 esset,
1042 186 1189 213 essentiam
1199 185 1345 221 assumpsit
1353 186 1509 218 humanam,
1521 191 1548 214 et
1558 187 1680 213 essentia

49 230 221 265 ὑπερούσιος.
245 230 354 264 ’Λμέλει
377 231 409 264 τῇ
426 230 526 263 ταύτης
553 230 708 265 περιουσίᾳ,
733 230 779 257 καὶ
796 231 836 261 εἰς

50 277 141 302 οἰκείαν
173 276 282 310 ἀληθῶς
312 275 397 302 ἐλθὼν
422 275 493 311 ὑπὲρ
516 275 611 302 οὐσίαν
637 275 767 310 οὐσιώθη,
789 277 837 303 καὶ

51 322 116 356 ὑπὲρ
138 321 286 356 ἄνθρωπον
311 321 422 356 ἐνήργει
451 321 486 348 τὰ
509 321 666 357 ἀνθρώπου.
687 322 742 349 Καὶ
763 322 838 356 δηλοῖ

50 368 184 402 παρθένος
195 368 344 403 ὑπερφυῶς
361 367 475 397 κύουσα,
493 367 540 393 καὶ
560 367 632 402 ὕδωρ
650 367 767 394 ἄστατον
782 368 837 394 ὑλι-

50 414 101 439 κῶν
120 414 168 440 καὶ
185 413 297 449 γεηρῶν
316 413 407 439 ποδῶν
429 412 524 448 ἀνέχον
539 413 634 448 βάρος,
646 413 693 440 καὶ
710 413 747 448 μὴ
759 413 837 439 ὑπεῖ-

49 468 102 490 κον,
125 459 185 485 ἀλλ’
205 459 342 494 ὑπερφυεῖ
355 459 468 492 δυνάμει
486 458 554 494 πρὸς
572 459 602 485 τὺ
617 458 760 493 ἁδιάχυτον
776 467 838 485 συν-

50 506 202 540 ιστάμενον.
219 505 253 531 Τί
276 505 309 532 ἄν
324 514 364 536 τις
379 506 413 532 τὰ
428 505 515 531 πολλὰ
527 504 673 540 πάμπολλα
689 505 753 531 ὄντα
767 505 837 531 διέλ-

49 551 97 583 θοι,
113 551 148 578 δι’
164 548 203 578 ὧν
217 553 231 578 ὁ
247 551 325 583 θείως
341 551 412 586 ὀρῶν
426 551 496 585 ὑπὲρ
517 551 579 577 νοῦν
592 550 725 585 γνώσεται
741 551 786 578 καὶ
802 551 837 577 τὰ

48 600 92 626 ἐπὶ
115 601 150 634 τῇ
189 598 378 634 φιλανθρωπίᾳ
400 599 447 624 τοῦ
478 597 567 633 Ίησοῦ
595 598 835 633 καταφασκόμενα,

47 645 160 680 δύναμιν
186 645 355 680 ὑπεροχικῆς
373 644 538 679 ἀποφάσεως
565 644 681 678 ἑχοντα;
700 644 754 670 Καὶ
770 643 836 678 γὰρ,

49 691 89 717 ἵνα
105 691 267 722 συνελόντες
288 690 421 725 εἴπωμεν,
437 689 497 716 οὐδὲ
513 690 656 724 ἄνθρωπος
675 687 720 724 ἦν,
736 690 785 725 οὐχ
799 690 837 721 ὡς

49 737 83 772 μὴ
109 737 265 772 ἄνθρωπος,
296 736 353 763 ἀλλ’
376 736 413 767 ὡς
439 735 470 768 ἐξ
496 735 662 770 ἀνθρώπων,
685 735 840 771 ἀνθρώπων

47 783 194 814 ἐπέκεινα,
225 783 272 809 καὶ
299 782 369 817 ὑπὲρ
393 781 534 816 ἄνθρωπον
564 780 672 815 ἀληθῶς
695 780 837 815 ἄνθρωπος

47 828 175 861 γετοκώς.
202 828 258 855 Καὶ
282 828 311 854 τὺ
331 828 426 854 λοιπὸν
448 827 478 853 οὐ
495 827 565 853 κατὰ
580 826 723 862 ἄνθρωπον
742 826 776 853 τὰ
790 827 837 853 ἀν-

47 874 191 909 θρώπινα,
227 873 295 901 ἀλλὰ
325 873 508 909 ἀνδρωθέντος
539 872 620 904 Θεοῦ,
650 872 750 907 καινήν
779 880 840 899 τινα

46 920 93 953 τὴν
105 919 272 954 θεανδρικὴν
294 919 433 954 ἐνέργειαν
449 919 514 953 ἡμῖν
528 917 768 951 πεπολιτευμένος.

889 233 979 257 tamen
992 238 1100 258 onmem
1117 231 1265 258 essentiam
1281 236 1439 266 superante.
1460 235 1490 258 ut
1509 231 1554 266 qui
1571 237 1680 265 semper

888 276 1006 303 essentia
1024 276 1240 310 sitexellentior,
1253 285 1334 311 quam
1354 277 1542 312 plenissimus.
1559 277 1616 304 Hae
1634 276 1678 303 ni-

890 321 986 348 mirum
995 322 1149 350 exuberans
1158 323 1331 355 excellentia,
1342 331 1403 350 cum
1414 323 1446 350 ad
1457 327 1575 350 nostram
1585 329 1680 350 essen-

889 367 952 393 tiam
964 376 1026 395 vere
1039 369 1226 401 descenderet,
1239 376 1298 396 eam
1311 369 1416 396 ratione
1429 369 1516 404 ipsam
1532 368 1680 396 essentiam

889 418 1036 447 superante
1045 414 1206 450 assumpsit,
1216 419 1241 442 el
1253 423 1297 442 res
1306 415 1439 442 humanas
1449 422 1531 449 supra
1541 414 1679 441 hominem

888 461 980 496 gessit.
994 460 1093 488 Indicia
1104 467 1178 495 sunt,
1186 462 1268 498 Virgo
1277 469 1360 496 supra
1367 464 1491 487 naturam
1504 459 1675 495 concipiens,

887 512 915 534 et
925 515 993 541 aqua
1007 507 1141 535 instabilis
1157 509 1254 543 pedum
1267 507 1420 535 exmatcria
1447 505 1629 533 constantium
1653 509 1681 532 et

889 556 1059 580 terrenorum
1083 553 1190 588 pondus
1215 555 1355 582 sustinens
1369 559 1395 581 et
1420 552 1488 580 nihil
1504 552 1616 584 cedens,
1632 551 1679 578 sed

889 597 1009 631 potentia
1024 602 1148 625 naturain
1164 607 1241 634 aqua:
1254 600 1380 627 vincente
1396 599 1428 626 ad
1440 599 1552 626 solidam
1565 606 1594 625 se
1611 597 1681 623 redi-

888 651 955 678 gcns
977 644 1145 672 firmitatem.
1160 646 1227 679 Quis
1236 654 1265 673 ea
1280 654 1336 681 pra:
1347 646 1521 673 multitudine
1534 651 1682 679 persequa-

889 694 942 722 tur,
955 697 986 717 ex
996 691 1156 727 quibus,qui
1166 692 1256 719 divine
1265 693 1365 724 cernit,
1373 700 1453 726 supra
1473 689 1680 725 intelligentiam

889 735 1031 771 intelliget,
1042 737 1087 764 illa
1102 738 1193 771 etiam,
1209 746 1268 773 qnze
1284 739 1318 765 de
1335 737 1506 765 humanitate
1527 736 1591 763 Jesu
1610 734 1681 762 allir-

889 787 1007 814 mantur,
1031 783 1266 811 excellentissima:
1291 783 1443 819 negationis
1465 782 1518 810 vim
1538 781 1681 808 obtinere?

891 827 979 862 Atque
1008 833 1038 855 ut
1053 837 1147 856 eorum
1177 838 1311 858 summam
1342 829 1434 865 paucis
1455 828 1681 863 complectamur.

892 881 980 908 neque
990 874 1072 902 homo
1086 880 1154 908 erat,
1168 883 1222 904 non
1249 876 1320 911 quod
1333 883 1387 903 non
1417 879 1490 903 esset
1519 875 1610 906 homo,
1632 873 1680 900 scd

893 920 965 954 quod
982 929 1014 948 ex
1029 922 1197 955 hominibus,
1209 923 1390 956 praestantius,
1407 930 1487 957 quam
1502 921 1638 952 lmmines,
1654 923 1682 946 et

47 972 126 1000 rupra
142 966 283 993 hominem
293 973 355 993 vere
375 965 457 992 homo
481 964 568 991 tactus
593 967 645 996 est,
667 967 694 990 ct
719 963 849 999 deinceps
878 973 967 1001 neque
981 967 1100 995 divinam
1123 974 1152 996 ut
1172 969 1252 1002 Deus,
1267 977 1357 1004 neque
1376 969 1524 996 humanam
1545 972 1574 995 ut
1588 967 1681 998 homo,

47 1012 92 1038 sed
105 1014 113 1047 (
126 1012 182 1038 Deo
194 1012 307 1039 homine
319 1011 411 1046 facto)
429 1018 526 1038 novam
551 1009 695 1045 quamdam
711 1016 744 1037 ex
763 1009 855 1038 divina
876 1011 1051 1049 humanaque
1068 1015 1174 1043 ratione
1197 1015 1357 1050 permistam
1386 1014 1520 1042 actionem
1537 1012 1681 1040 nobiscum

47 1066 159 1085 versans
170 1058 306 1085 exhibuit.

84 1106 138 1132 Τοῦ
152 1105 248 1132 αὐτοῦ
261 1106 295 1132 ἐκ
309 1104 368 1132 τῶν
382 1103 562 1140 θεολογικῶν
579 1104 807 1138 στοιχειώσεων.

85 1153 165 1179 Ἐπεὶ
178 1153 207 1178 δὲ
224 1152 270 1179 καὶ
285 1153 335 1183 ἕως
352 1152 459 1187 φύσεως
479 1152 532 1178 ὑπὸ
555 1151 759 1186 φιλανθρωπίας
776 1151 838 1186 ὲλή-

48 1199 120 1229 λυθε,
148 1199 198 1225 καὶ
223 1199 332 1234 ἀληθῶς
355 1199 485 1233 οὐσιώθη,
511 1198 559 1225 καὶ
577 1198 646 1233 ἀνὴρ
666 1199 682 1224 ὁ
705 1197 837 1233 ὑπέρθεος

48 1244 236 1279 ἐχρημάτισεν
267 1243 341 1279 (ἵλεω
361 1244 389 1270 δὲ
403 1244 447 1278 εῐη
463 1244 532 1278 πρὸς
552 1243 630 1278 ἡμῶν
644 1243 678 1270 τὰ
691 1243 761 1278 ὑπὲρ
774 1242 836 1270 νοῦν

49 1291 91 1316 καὶ
105 1291 186 1324 λόγον
202 1290 380 1326 ὑμνούμενα),
390 1291 441 1318 κάν
451 1289 555 1321 τούτοις
568 1289 625 1325 ἔχει
640 1289 670 1316 τὸ
697 1289 836 1324 ὑπερφυὲς

49 1336 94 1362 καὶ
112 1336 290 1371 ὑπεροὺσιον,
318 1336 348 1362 οὐ
367 1336 456 1371 μόνον,
510 1335 699 1366 ἁναλλοιώτως
713 1335 779 1369 ἡμῖν
790 1334 838 1360 καὶ

49 1382 214 1416 ἀτυγχύτως
242 1382 427 1417 κεκοινώνηκε
461 1381 545 1417 μηδὲν
573 1381 713 1412 πεπονθὼς
743 1381 782 1412 εἰς
809 1380 840 1407 sb

50 1428 228 1463 ὑπερπλῆρες
243 1427 325 1454 αὐτοῦ
354 1427 422 1463 πρὸς
442 1427 493 1461 τῆς
512 1426 668 1461 ἀφθέγκτου
689 1425 840 1458 κενώσεως,

49 1474 105 1499 ἀλλ’
119 1475 161 1500 ὅτι
182 1475 229 1500 καὶ
250 1474 282 1500 τὸ
302 1473 412 1500 πάντων
429 1473 532 1500 καινῶν
554 1473 714 1500 καινότατον
735 1474 764 1499 ὲν
783 1473 840 1504 τοῖς

1043 1107 1170 1142 Ejusdem
1182 1115 1214 1135 ea:
1230 1106 1381 1145 theologicis
1392 1107 1533 1136 elementis.

927 1151 980 1180 Sed
1001 1153 1130 1188 quoniam
1149 1161 1198 1181 suo
1213 1161 1276 1189 erga
1298 1162 1348 1182 nos
1376 1161 1469 1181 amore
1497 1153 1626 1180 incitatus
1648 1153 1683 1180 ad

891 1204 1012 1226 nostram
1028 1208 1114 1234 usque
1130 1204 1255 1228 naturam
1268 1201 1352 1232 venit,
1364 1205 1392 1228 et
1401 1200 1447 1235 qui
1470 1207 1593 1228 summus
1612 1199 1685 1226 Deus

891 1249 942 1278 est,
957 1253 1021 1273 vere
1039 1245 1127 1274 factus
1140 1251 1168 1274 et
1183 1252 1297 1274 vocatus
1317 1250 1358 1274 est
1370 1246 1452 1274 homo
1471 1245 1603 1281 (propitia
1615 1246 1683 1276 sint.

889 1298 950 1325 quae
979 1295 1097 1319 montem
1120 1292 1290 1320 etrationem
1321 1292 1477 1328 superantia
1493 1291 1600 1318 anobis
1610 1290 1682 1318 cele-

891 1337 1033 1371 brantur),
1050 1337 1077 1364 in
1091 1337 1133 1365 his
1142 1346 1251 1373 quoque
1265 1339 1306 1366 vis
1317 1338 1377 1373 ejus
1394 1342 1490 1365 natura
1508 1337 1683 1370 essentiaque

893 1382 1034 1410 sublimior
1045 1383 1160 1411 exsistit.
1172 1383 1231 1411 Non
1241 1384 1327 1411 solum
1337 1384 1400 1419 quia
1409 1383 1475 1410 nihil
1485 1387 1595 1418 prepter
1604 1382 1681 1409 inex-

893 1428 1046 1463 plicabilem
1074 1429 1286 1457 exinanitionem
1303 1430 1331 1457 in
1349 1430 1515 1457 exuberante
1531 1436 1579 1456 sua
1593 1427 1682 1463 pleni-

895 1474 987 1502 tudine
998 1482 1156 1510 perpessus,
1167 1483 1197 1503 se
1206 1476 1285 1503 nobis
1298 1476 1358 1503 sine
1369 1475 1560 1503 immutatione
1576 1478 1604 1501 et
1616 1481 1683 1501 con-

50 1520 176 1551 φυςικοῖς
206 1518 286 1554 ἡμῶν
311 1518 454 1554 ὑπερφυὴς
480 1516 530 1553 ἦν,
559 1519 588 1544 ἐν
617 1519 674 1549 τοῖς
703 1518 765 1544 κατ’
795 1518 839 1544 οὺ-

898 1519 999 1547 ῗυεὶοιιθ
1023 1521 1244 1552 communicavit,
1260 1529 1356 1548 verum
1379 1521 1459 1549 etiam
1474 1519 1564 1556 (quod
1590 1527 1682 1547 rerum

50 1565 110 1590 oin
144 1565 322 1599 ὑπερούσιος,
348 1564 440 1592 πάντα
467 1564 546 1599 ἡμῶν
561 1563 631 1599 ὑπὲρ
655 1564 730 1598 ἡμᾶς
756 1563 840 1598 ὕπερ-

51 1619 131 1645 εχων.

893 1565 1015 1592 omnium
1025 1565 1224 1594 admirabilium
1235 1566 1399 1594 estmaxime
1412 1565 1585 1600 admirabile)
1601 1564 1628 1591 in
1639 1565 1683 1596 iis,

894 1619 954 1646 qure
967 1611 1101 1639 naturalia
1113 1616 1187 1644 sunt,
1197 1619 1278 1647 supra
1292 1611 1485 1644 naturamfuit,
1494 1611 1523 1638 in
1531 1610 1642 1644 iis,quae
1649 1609 1686 1636 ad

50 1660 199 1687 essentiam
231 1663 378 1695 pertinent,
391 1667 473 1695 super
498 1661 656 1692 essentiam,
680 1658 770 1687 omnia
794 1665 854 1694 quae
877 1665 969 1688 nostra
983 1665 1056 1692 sunt.
1069 1668 1101 1687 ex
1116 1660 1205 1693 nobis,
1219 1665 1247 1688 et
1262 1668 1344 1696 supra
1358 1668 1408 1688 nos
1420 1659 1563 1688 excellenti
1578 1657 1685 1686 ratione

50 1709 207 1743 possidens.

53 1766 108 1792 Τυῦ
125 1765 223 1792 αὑτοῦ
233 1765 267 1792 ἐκ
282 1765 335 1792 τοῦ
356 1765 450 1799 λόγου
464 1764 517 1792 τοῦ
529 1764 595 1798 περὶ
612 1764 665 1799 τῆς
681 1765 843 1798 ἐκκλησια-

311 1800 419 1834 στικῆς
431 1800 593 1833 ἱεραρχίας.

94 1847 128 1872 Ἦ
142 1846 171 1872 δὲ
192 1846 241 1880 τῆς
253 1845 402 1880 θεαρχικῆς
416 1844 584 1879 ἁγαθότητος
601 1845 767 1879 ἀπειροτατη
782 1844 843 1879 φιλ-

52 1891 197 1927 ανθρωπία
226 1891 255 1917 ἐν
274 1889 369 1925 ἀληθεί
394 1890 501 1924 μεθέξει
526 1890 580 1916 τῶν
599 1889 660 1916 καθ’
677 1890 750 1924 ἡμᾶς
766 1898 845 1924 γενο-

55 1939 125 1972 μένη
140 1937 336 1972 ἀναμαρτήτῳ,
351 1936 398 1962 καὶ
417 1936 484 1970 πρὸς
506 1936 538 1962 τὸ
550 1935 677 1962 ταπεινὸν
694 1935 772 1970 ἡμῶν
787 1936 845 1962 ἑνο-

55 1983 202 2018 ιτοιηθεῖσα
218 1982 288 2016 μετὰ
301 1982 350 2016 τῆς
360 1982 414 2008 τῶν
424 1981 533 2008 οἰκείων
547 1981 702 2016 άτυγχύτου
717 1981 847 2009 mmm-

54 2029 138 2063 ϐήτου
162 2029 304 2059 παντελῶς
325 2028 419 2061 ἕξεως,
445 2028 494 2062 τὴν
510 2028 578 2063 πρὸς
600 2027 683 2062 αὐτὴν
702 2028 767 2062 ἡμῖν
782 2036 845 2054 κοι-

54 2077 165 2107 νωνίαν,
182 2075 220 2106 ὡς
238 2075 380 2110 ὁμογενέσι
402 2074 494 2100 λοιπὸν
520 2073 686 2108 ἐδωρήσατο,
715 2073 763 2100 καὶ
791 2072 845 2099 τῶν

55 2122 164 2147 οἰκείων
177 2120 296 2152 ἀνέδειξε
316 2120 447 2155 μετόχους
461 2120 563 2146 καλῶν.

62 2177 114 2204 Ἐκ
127 2176 182 2203 τοῦ
202 2177 296 2211 λόγου
317 2176 370 2203 τοῦ
381 2177 447 2210 περὶ
463 2175 516 2209 τῆς
527 2175 668 2210 οὐρανίου
682 2175 841 2209 Ιεραρχίας.
859 2180 883 2209 ι)

97 2222 253 2249 Ἀνανεύσω
276 2222 305 2248 δὲ
331 2222 378 2249 καὶ
395 2222 466 2256 πρὸς
486 2221 535 2252 τὰς
561 2221 716 2256 ὑπερτάτας
730 2220 784 2247 τῶν
799 2219 844 2246 λο-

57 2270 125 2303 γίων
142 2269 303 2302 θεοφανειας
315 2276 322 2284 ·
339 2268 395 2304 ὁρῶ
414 2269 469 2303 γὰρ
481 2268 523 2295 ὅτι
546 2267 594 2294 καὶ
607 2268 687 2298 αὐτὸς
706 2266 808 2301 Ἰησοῦς
826 2267 843 2301 ἡ

58 2316 112 2341 τῶν
138 2314 347 2349 ὑπερουρανίων
368 2313 467 2340 οὐσιῶν
492 2313 654 2348 ὑπερούσιος
669 2312 752 2344 αἰτία,
778 2311 845 2346 πρὸς

58 2363 89 2389 τὸ
108 2363 171 2389 καθ’
192 2363 266 2397 ἡμᾶς
288 2361 464 2396 ἀμεταϐόλως
485 2359 632 2395 ἐληλυθὼς,
648 2360 702 2398 ὀὐκ
716 2358 844 2393 ἀποπηδᾷ

57 2408 109 2442 τῆς
139 2407 187 2434 ὑπ’
216 2407 300 2434 αὐτοῦ
322 2407 469 2442 ταχθείσης
493 2407 540 2433 καὶ
562 2405 717 2439 αἱρεθείσης
741 2405 846 2439 ἀνθρω-

59 2453 215 2489 ποπρεπῶς
246 2453 388 2486 εὐταξίας,
416 2452 475 2479 ἀλλ’
503 2451 637 2482 εὐπειθῶς
666 2450 846 2477 ὑποτάττεται

58 2502 118 2532 ταῖς
142 2501 190 2526 τοῦ
215 2499 322 2536 [ἰατρὸς
346 2499 393 2526 καὶ
416 2498 483 2526 Θεοῦ
507 2498 541 2526 δι’
556 2497 691 2533 ,ἀγγέλων
712 2494 847 2522 διατυπώ-

62 2555 148 2573 σεσιν.

63 2603 127 2629 Ἔτι
147 2602 212 2636 περὶ
229 2601 284 2635 τῆς
303 2600 675 2637 θείας·γ(ξεν-αν·ορωπήςτεωςζ
694 2597 748 2637 τοῦ
759 2596 849 2637 uerti:

94 2641 154 2664 ,ιου
174 2633 339 2670 ΓρηγορΙου
349 2633 404 2663 τοῦ
417 2636 565 2670 Θεολόγου
577 2635 616 2670 ἐκέ
625 2633 677 2670 τοῦ
691 2633 784 2670 λόγου
791 2633 849 2670 Ξοῦ

96 2674 143 2704 εἰς
159 2667 204 2712 ξεί
215 2667 353 2706 ﬁdem
364 2671 417 2698 τοῦ
432 2667 541 2705 Κυρίου
560 2669 644 2704 ἡμῶν
669 2667 770 2702 Ἰησοῦ
787 2667 849 2700 Χρι-

98 2715 188 2734 στου.

105 2753 184 2779 Ἐπεὶ
205 2752 234 2778 δὲ
251 2752 343 2786 φθόνῳ
358 2752 494 2784 διαϐόλου,
511 2751 559 2777 καὶ
584 2750 712 2785 γυναικὸς
733 2748 850 2784 ἐπηρείᾳ

65 2799 97 2833 ῆν
118 2807 149 2824 τε
175 2797 275 2825 ἔπαθεν
301 2797 338 2830 ὡς
357 2798 533 2832 ἁπαλωτέρα,
552 2797 597 2823 καὶ
618 2797 650 2831 ἣν
674 2796 850 2831 προσήγαγεν

68 2853 103 2877 ως
127 2844 300 2880 πιθανωτέρα
317 2844 379 2881 (φεῦ
399 2845 447 2880 τῆς
463 2844 531 2880 ὲμῆς
551 2843 690 2875 ἀσθενείας
705 2843 711 2868 !
732 2841 785 2877 ἐμὴ
797 2840 850 2876 γὰρ

964 1764 1090 1799 Ejusdem
1104 1771 1136 1790 ea:
1146 1763 1210 1790 libro
1221 1764 1252 1790 de
1266 1762 1440 1790 ecclesiastica
1452 1763 1612 1790 hieran-Ilia.

933 1843 1042 1871 Inﬁnita
1064 1842 1162 1870 divinae
1179 1842 1308 1870 bonitatis
1338 1848 1400 1876 erga
1423 1848 1509 1877 genus
1533 1841 1685 1868 humanum

898 1889 1086 1918 benevolentia
1098 1896 1160 1916 vere
1172 1896 1231 1923 quae
1253 1894 1345 1916 nostra
1362 1893 1435 1920 sunt,
1456 1895 1597 1915 assumens
1623 1888 1685 1915 sine

898 1938 1020 1969 peccato,
1033 1941 1116 1968 seque
1126 1933 1272 1960 humilitati
1286 1937 1386 1960 nostra:
1398 1933 1577 1968 coniungens,
1589 1937 1614 1959 et
1624 1940 1686 1967 quae

894 1978 1004 2014 propria
1021 1977 1105 2013 ipsius
1126 1981 1200 2011 sunt,
1217 1977 1276 2005 sine
1304 1978 1357 2005 ulla
1384 1985 1496 2012 prorsus
1524 1978 1685 2004 confusione

895 2024 1139 2058 imminutioneque
1154 2023 1284 2056 retinens,
1300 2023 1379 2051 nobis
1395 2023 1450 2058 jam
1468 2026 1498 2049 ut
1513 2023 1634 2058 cognatis
1657 2030 1686 2049 se

894 2069 1116 2102 communicavit,
1137 2073 1165 2096 et
1189 2075 1239 2096 nos
1263 2068 1395 2095 bonorum
1410 2075 1521 2095 suorum
1540 2067 1686 2103 participes

898 2115 973 2143 fecit.

1017 2172 1140 2206 Ejusdem
1152 2179 1183 2198 ea:
1192 2171 1256 2198 libro
1264 2172 1296 2198 de
1302 2171 1397 2198 autem
1404 2171 1562 2198 hierarcliia.

932 2216 1045 2248 Verum,
1057 2221 1086 2243 ut
1097 2223 1217 2244 summas
1231 2216 1296 2243 item
1312 2223 1344 2243 ac
1361 2215 1470 2243 divinas
1491 2223 1575 2243 saera;
1591 2215 1686 2251 Serip-

897 2268 965 2290 turaa
986 2262 1232 2289 demonstrationes
1242 2261 1467 2296 contemplemur,
1492 2261 1572 2289 video
1595 2262 1683 2296 ipsutn

897 2309 980 2336 etiam
995 2307 1098 2340 Jesum,
1112 2307 1157 2341 qui
1172 2306 1328 2335 sublimium
1341 2307 1520 2334 cssentiarum
1531 2311 1572 2334 est
1584 2312 1679 2335 auctor

897 2354 1015 2382 essentia
1026 2352 1182 2385 sublimior,
1193 2359 1254 2379 eum
1263 2352 1297 2380 ad
1313 2359 1363 2379 nos
1374 2353 1434 2379 sine
1444 2353 1497 2379 ulla
1509 2353 1550 2380 sui
1563 2360 1687 2380 commu-

898 2401 999 2428 tatione
1010 2399 1139 2432 venisset,
1151 2407 1166 2426 a
1177 2399 1235 2434 lege
1249 2403 1331 2433 atque
1353 2398 1449 2426 ordine
1459 2398 1561 2426 homini
1572 2406 1690 2434 congru-

898 2451 972 2479 cute,
985 2453 1066 2481 quem
1079 2445 1136 2480 ipse
1151 2447 1283 2472 statuerat
1293 2448 1322 2471 et
1339 2443 1466 2479 elegerat,
1480 2451 1532 2470 non
1549 2444 1688 2475 recedere,

899 2492 946 2520 sed
956 2492 1043 2519 Patris
1065 2496 1093 2518 et
1104 2490 1151 2518 Dei
1159 2489 1303 2522 mandatis,
1318 2497 1377 2525 quae
1385 2497 1432 2524 per
1443 2490 1553 2525 angelos
1566 2490 1689 2517 dederat,

900 2538 1046 2565 summisse
1060 2538 1258 2571 obtemperare.

900 2595 965 2622 Item
973 2595 1004 2622 de
1012 2595 1099 2621 divina
1106 2594 1228 2621 humana:
1236 2593 1323 2620 carnis
1333 2593 1516 2626 assumptione.
1526 2592 1615 2626 magni
1624 2591 1692 2619 Grc-

935 2631 1000 2664 garii
1011 2629 1170 2664 Tlteologiex
1181 2629 1299 2655 oratione
1315 2627 1418 2654 t'ndizm
1437 2628 1561 2655 Natalem
1581 2627 1690 2654 Domini

937 2663 1017 2692 nostri
1034 2664 1098 2691 Jesu
1109 2663 1215 2691 Christi.

944 2744 996 2772 Sea
1014 2747 1190 2780 posteaquam
1215 2742 1317 2771 invidia
1341 2742 1441 2770 diaboli
1472 2746 1499 2769 et
1520 2739 1693 2767 fraudulenta

909 2791 981 2818 illius
994 2791 1032 2822 vi,
1041 2798 1122 2825 quam
1137 2789 1233 2817 mulier
1245 2794 1274 2817 ut
1290 2793 1316 2816 et
1326 2788 1487 2816 imbecillior
1503 2793 1627 2821 perpessa
1640 2789 1692 2816 est,

903 2842 930 2866 et
954 2838 986 2865 ad
1006 2835 1318 2872 persnaden-luntaptior
1330 2833 1446 2862 obtrusit
1461 2832 1520 2859 viro
1532 2831 1567 2866 (ο
1579 2830 1693 2858 inﬁrmi-
