1912 3078
219 153 270 186 211

843 138 1035 172 EUTIlYMII
1055 138 1236 171 ZIGABENI

1800 135 1863 168 212

221 215 303 239 tatem
313 215 399 236 meam
409 208 416 233 i
427 212 486 233 mea
495 203 567 232 enim
578 205 620 230 est
627 199 707 237 primi
721 197 842 236 parentis
854 192 1008 229 inﬁrmitas)

1092 197 1136 224 τοῦ
1152 195 1346 232 προπάτορος),
1368 196 1418 230 τῆς
1435 194 1485 230 μὲν
1510 193 1620 228 ἐντολῆς
1640 192 1790 220 ἐπελάθετο
1804 191 1864 225 τῆς

220 255 352 288 mandati,
364 253 438 289 quod
456 254 598 286 acceperat
614 248 672 284 ipse
687 247 788 275 oblitus
799 249 851 277 est,
875 248 902 272 et
916 248 1008 270 amaro

220 301 292 337 pomi
302 303 410 336 gustatu
428 301 585 332 superatus,
603 293 686 321 simul
703 296 731 320 ct
744 299 758 318 a
770 291 844 326 ligno
868 289 940 322 vitre,
957 292 1010 315 eta

221 334 359 381 jaradiso,
380 348 409 371 et
425 351 439 369 a
457 341 512 369 Deo
539 345 667 375 tanquam
694 337 771 365 exsul
799 334 965 367 extruditur,
984 339 1010 360 et

221 390 343 427 pellieeis
351 388 474 416 induitur
484 385 662 417 vestimentis,
671 383 804 411 crassiore
813 381 942 409 nimirum
953 387 1012 407 car-

224 426 269 470 ne,
284 443 346 470 qua:
360 438 476 462 mortem
490 433 604 464 subiret,
620 435 646 458 et
660 429 768 466 spiritui
785 430 958 463 repugnaret.
976 426 1014 452 Ac

224 482 344 518 primum
361 481 470 516 quidem
486 478 610 514 agnoscit
626 475 824 512 turpitudinem
834 476 1014 506 suam,atque

225 530 286 556 ideo
304 536 334 555 se
349 526 397 555 Dei
425 529 602 560 conspectum
619 523 724 558 fugiens
742 519 896 549 abscondit.
911 518 959 546 llic
976 522 1015 544 ta-

226 582 287 602 men
300 574 422 601 lucratur
431 575 557 603 mortem,
567 576 705 604 perquam
720 570 862 602 peccatum
874 562 1014 592 abscindi-

226 628 280 655 tur,
294 629 327 648 ne
338 619 448 647 miseria
461 618 496 645 sit
512 615 686 647 immortalis,
703 618 730 641 et
744 620 805 640 cum
816 610 954 647 supplicio
968 610 1016 637 be—

225 668 354 695 neﬁcium
375 665 551 700 conjunctum
574 665 712 690 cernatur.
730 659 786 687 Hac
806 658 879 686 enim
910 657 1016 684 ratione

228 716 308 746 Deus,
322 717 353 740 ut
366 712 433 739 mihi
450 710 560 745 quidem
592 706 755 743 persuadeo,
773 705 861 741 punit.
882 703 1016 731 Cmtcrum

227 768 290 789 cum
298 759 379 787 variis
388 756 577 796 occasionibus
595 759 676 789 atque
683 751 860 787 temporibus
868 750 1017 777 humanum

228 815 314 843 genus
330 806 477 833 multorum
490 807 674 838 peccatorum,
694 799 808 835 quaeilla
822 796 932 824 malitia:
942 794 1018 822 radix

230 839 389 886 protulerat,
415 847 508 875 multis
537 846 634 877 modis,
667 849 766 878 nempe
784 842 918 872 oratione,
949 839 1018 871 lege,

230 896 381 933 prophetis,
408 892 559 926 beneﬁciis,
590 891 681 922 minis,
708 889 805 925 plagis,
835 885 1019 917 cluvionibus,

230 944 375 975 incendiis,
397 942 485 974 bellis,
511 939 643 970 victoriis,
672 936 806 967 cladibus,
833 932 963 969 prodigiis
988 939 1018 958 ex

230 991 310 1024 cuzlo,
318 998 351 1017 ex
359 997 431 1022 aere,
442 997 474 1016 ex
485 992 564 1018 terra,
580 993 611 1012 ex
623 984 701 1017 mari,
713 981 858 1017 insperatis
867 979 1020 1009 hominum,

230 1037 380 1069 civitatum,
399 1035 519 1071 gentium
538 1031 737 1062 eversionibus,
753 1028 853 1064 quibus
870 1024 1023 1053 rationibus

234 1084 302 1111 nihil
316 1083 389 1110 aliud
405 1082 547 1117 agebatur,
564 1078 618 1106 nisi
636 1082 665 1104 ut
696 1076 797 1103 malitia
823 1076 1021 1103 contereretur,

232 1131 333 1158 frustra
342 1129 420 1164 prius
435 1131 508 1155 esset
532 1124 701 1153 admonitum
732 1126 759 1149 et
775 1120 984 1155 reprehensum,
997 1121 1024 1143 et

233 1175 383 1212 majoribus
391 1174 519 1210 peccatis,
529 1177 556 1199 ut
568 1170 669 1198 mutuis
677 1165 833 1196 homicidiis
845 1186 852 1198 ,
870 1164 1023 1195 adulteriis,

233 1220 479 1257 perjuriis,insanis
494 1217 635 1246 hominum
650 1214 789 1242 amoribus
815 1217 841 1240 et
858 1211 949 1246 (quod
964 1217 1024 1237 om-

234 1270 308 1297 nium
324 1268 458 1296 malorum
488 1263 678 1301 gravissimum
710 1261 788 1294 erat)
816 1257 1023 1285 simulacrorum

232 1317 318 1348 cultu,
335 1322 390 1350 quo
410 1312 536 1341 homines
563 1309 689 1344 neglecto
710 1308 888 1334 Procreatore
918 1303 951 1330 ad
980 1309 1026 1329 res

233 1349 388 1397 procreatas
399 1358 527 1387 colendas
557 1362 584 1384 et
596 1353 751 1383 adorandus
767 1361 795 1379 se
818 1349 1024 1380 convertebant,

232 1409 460 1444 ubstringeretur,
490 1404 672 1440 gravioraque
696 1401 752 1436 jam
771 1397 906 1434 ejusmodi
939 1394 1026 1423 morbi

233 1443 353 1483 remedia
363 1453 615 1483 medicamentaque
640 1446 824 1481 requirerent,
839 1443 940 1478 majora
968 1449 1028 1477 gra-

233 1501 363 1535 vioraque
378 1503 441 1526 sunt
455 1496 584 1524 adhibita.
612 1494 702 1528 ipsum
734 1490 807 1518 euitn
835 1489 881 1516 Dei
892 1488 1026 1517 Verbum,

1061 243 1194 278 δοθείσης,
1220 242 1266 269 καὶ
1286 241 1388 277 ἡττήθη
1412 241 1462 276 τῆς
1491 241 1593 274 πικρᾶς
1622 239 1744 273 γεύσεως
1760 245 1768 253 ·
1785 237 1862 272 ὁμοῦ

1062 289 1089 316 δὲ
1114 289 1161 316 τοῦ
1180 289 1230 324 τῆς
1253 289 1332 324 ζωῆς,
1347 287 1438 320 ξύλου,
1464 286 1511 313 καὶ
1536 285 1583 312 τοῦ
1610 283 1787 319 παραδείσου,
1809 282 1864 308 καὶ

1063 336 1109 364 τοῦ
1125 335 1193 363 8εοῦ
1206 335 1250 362 διὰ
1273 334 1322 370 τὴν
1333 334 1433 361 κακίαν
1450 333 1588 368 ὲξόριστος
1600 331 1715 366 γίνεται,
1731 329 1780 356 καὶ
1793 329 1864 359 τοὺς

1064 383 1245 420 δερματίνους
1269 381 1451 417 ἀμφιέννυται
1470 379 1597 415 χιτῶνας,
1614 379 1680 409 ἴσως
1700 376 1750 412 τὴν
1768 384 1868 410 παχυο

1064 430 1146 464 τέραν
1163 430 1264 464 σάρκα,
1278 428 1326 455 καὶ
1339 426 1453 461 θνητὴν,
1468 426 1515 452 καὶ
1531 424 1689 451 ἀντίτυπον.
1705 422 1761 449 Καὶ
1778 421 1867 447 τοῦτο

1065 476 1174 512 πρῶτον
1189 473 1321 508 γινώσκει
1340 473 1389 508 τὴν
1407 472 1474 499 ῶίαν
1492 470 1634 506 αἰσχύνην,
1657 469 1704 495 καὶ
1720 468 1776 495 ἀπὸ
1790 467 1866 493 Θεοῦ

1066 522 1230 558 κρύπτεται.
1249 519 1392 555 Κερδαίνει
1412 518 1503 553 μέντοι
1516 515 1657 545 κάνταῦθα
1672 515 1718 541 τὸν
1733 514 1867 544 θάνατον,

1068 572 1115 600 καὶ
1130 572 1160 599 τὸ
1174 571 1340 606 διακοπῆναι
1361 570 1412 603 τὴν
1434 567 1585 603 ἁμαρτίαν,
1608 566 1653 593 ἵνα
1673 563 1710 600 μὴ
1725 563 1869 590 ἀθάνατον

1067 617 1083 656 ᾖ
1101 618 1131 646 τδ
1154 618 1239 645 κακόν
1253 625 1260 632 ·
1280 617 1326 644 καὶ
1347 617 1453 650 γίνεται
1474 611 1665 649 φιλανθρωπία
1686 611 1703 646 ή
1726 608 1868 644 τιμωρία.

1069 666 1147 694 Οὕτω
1166 665 1220 700 γὰρ
1235 663 1364 698 πείθομαι
1380 660 1505 693 κολάζειν
1517 659 1594 686 Θεόν.
1614 657 1725 687 Πολλοῖς
1742 656 1772 682 δὲ
1798 663 1870 680 παι-

1069 713 1174 744 δευθεὶς
1197 711 1331 746 πρότερον
1355 708 1417 736 ἀντὶ
1437 706 1543 734 πολλῶν
1564 705 1618 732 τῶν
1642 701 1870 738 ἁμαρτημάτων,

1070 759 1107 787 ὧν
1131 760 1148 794 ἡ
1173 759 1222 793 τῆς
1245 757 1346 787 κακίας
1373 756 1434 790 ρεζα
1453 752 1605 786 ἐϐλάστησε
1629 749 1698 776 κατὰ
1717 747 1873 782 διαφόρους

1071 792 1161 836 αίτὶας
1183 804 1230 830 καὶ
1246 802 1370 838 χρόνους,
1392 800 1474 834 λόγῳ,
1495 797 1582 832 νόμῳ,
1604 795 1769 831 προφήταις,
1788 792 1874 827 εὐερ-

1072 851 1189 885 γεσίαις,
1217 849 1354 879 ἀπειλαῖς,
1383 845 1513 880 πληγαῖς,
1541 843 1646 872 ὓῖασιν,
1676 839 1872 875 ὲμπρησμοῖς,

1073 897 1212 931 πολέμοις,
1236 894 1334 925 νίκαις,
1353 893 1459 928 ἥτταις,
1477 889 1602 925 σημείοις
1622 887 1651 920 ἐξ
1665 885 1796 922 οὐρανοῦ,
1820 892 1873 917 ση-

1074 930 1161 978 μείοις
1190 941 1220 974 ἐξ
1249 940 1344 975 ἀέρος,
1371 939 1402 964 ἐκ
1429 937 1492 972 γῆς,
1517 936 1549 961 ἐκ
1574 934 1721 968 θαλάττης,
1749 930 1872 965 ἀνδρῶν,

1074 989 1189 1020 πόλεων,
1212 986 1297 1013 ἐθνῶν
1314 984 1485 1015 ἀνελπίστοις
1503 980 1676 1018 μεταϐολαῖς,
1695 978 1739 1011 ὑφ’
1756 974 1795 1002 ὢν
1821 976 1873 1000 ὲκ·

1073 1034 1200 1070 τριϐῆναι
1225 1032 1273 1068 τὴν
1299 1030 1398 1057 κακίαν
1424 1029 1455 1055 τὸ
1481 1026 1699 1060 σπουδαζόμενον
1725 1021 1771 1058 ἦν,
1793 1020 1872 1051 τέλος

1076 1069 1255 1116 ἰσχυροτέρου
1278 1078 1365 1104 δεῖται
1388 1075 1537 1111 φαρμάκου
1560 1074 1606 1100 ἐπὶ
1627 1069 1791 1104 δεινοτέροις
1814 1069 1872 1097 τοῖς

1075 1125 1304 1162 ἀρρωστήμασιν,
1313 1120 1532 1156 ἁλληλοψονῖαις,
1545 1116 1691 1154 μοιχείαις,
1700 1113 1871 1148 ὲπιορκίαις,

1076 1171 1284 1207 ἀνδρομανίαις,
1299 1169 1329 1196 τὸ
1349 1168 1457 1195 πάντων
1483 1166 1598 1200 ἔσχατον
1615 1162 1670 1190 τῶν
1692 1159 1799 1192 κακῶν,
1825 1158 1874 1183 καὶ

1076 1219 1194 1254 πρῶτον,
1227 1213 1477 1248 εἰδωλολατρείαις,
1507 1211 1554 1238 καὶ
1580 1211 1613 1245 τῇ
1643 1207 1789 1243 μεταθέσει
1821 1204 1874 1237 τῆς

1077 1264 1290 1299 προσκυνήσεως
1301 1261 1355 1288 ἀπὸ
1367 1259 1413 1287 τοῦ
1425 1257 1606 1292 πεποιηκότος
1620 1255 1666 1282 ἐπὶ
1676 1254 1710 1280 τὰ
1719 1252 1874 1286 κτίσματα.

1077 1297 1173 1339 Ταῦτα
1189 1297 1283 1344 errati-le,
1301 1308 1424 1343 μείζονος
1445 1306 1530 1332 ἐδεῖτο
1546 1302 1592 1330 τοῦ
1607 1301 1791 1337 βοηθήματος,
1811 1297 1875 1332 μεί-

1078 1359 1154 1391 ζονος
1182 1356 1230 1383 καὶ
1257 1343 1398 1389 τυγχάνει.
1423 1351 1459 1378 Th
1480 1351 1507 1377 δὲ
1533 1348 1567 1385 ἧν
1592 1348 1674 1379 αὐτὸς
1702 1347 1716 1373 δ
1734 1345 1783 1371 τοῦ
1804 1343 1875 1369 Θεοῦ

1078 1388 1163 1439 λόγος
1177 1404 1191 1430 ὁ
1212 1400 1388 1437 προαιὼνιος,
1404 1399 1418 1425 ὁ
1437 1398 1552 1432 ἀόρατος
1577 1395 1624 1422 καὶ
1643 1391 1845 1427 ἀπερίληπτος,
1861 1388 1876 1414 ὁ

1079 1435 1240 1484 ἀσωματος,
1255 1446 1303 1474 καὶ
1323 1445 1357 1472 τὰ
1375 1445 1449 1478 ἑξῆς,
1471 1444 1487 1478 ἡ
1510 1440 1723 1474 ἀπαράλλακτος
1745 1435 1844 1467 εἰκὼν,
1861 1435 1875 1460 ὁ

1080 1496 1128 1523 τοῦ
1141 1481 1253 1529 -Πατρδς
1278 1493 1341 1527 ἔρος
1362 1491 1409 1517 καὶ
1432 1489 1518 1523 Λόγος
1542 1488 1589 1513 ἐπὶ
1614 1486 1664 1520 τὴν
1685 1484 1753 1510 ἰδίαν
1777 1481 1876 1508 εἰκόνα

234 1547 307 1582 quod
318 1528 364 1573 est
372 1549 436 1572 ante
451 1542 560 1574 saecula,
571 1539 644 1575 quod
655 1535 850 1573 comprehendi
866 1542 919 1562 non
930 1538 1023 1570 potest,

1092 1541 1176 1577 εωρεῖ,
1197 1528 1246 1566 καὶ
1268 1538 1360 1572 σάρκα
1377 1536 1456 1571 φορεῖ
1479 1534 1523 1560 διὰ
1540 1533 1589 1568 τὴν
1609 1532 1710 1567 σάρκα,
1728 1529 1776 1555 καὶ
1799 1528 1875 1562 ψυχῇ

235 1592 306 1628 quod
318 1598 419 1626 corpus
433 1598 488 1617 non
504 1587 586 1615 habet
598 1588 605 1621 (
616 1591 643 1613 et
654 1583 894 1619 quaesoquuntur),
907 1581 964 1616 ipsa
978 1579 1027 1607 Dei

235 1643 325 1675 imago
345 1635 586 1666 incommutabilis,
618 1633 706 1661 Patris
738 1630 860 1658 deﬁnitio
887 1634 915 1656 et
941 1627 1025 1659 ratio,

237 1685 394 1722 imaginem,
413 1690 495 1719 quam
511 1681 613 1708 hotnini
627 1680 813 1714 impresserat,
827 1677 885 1711 ipse
901 1675 1028 1710 suscipit,

237 1738 264 1761 ct
280 1735 392 1768 propter
402 1736 524 1762 carnem,
542 1734 651 1755 carnem
678 1727 757 1760 gerit,
775 1729 803 1751 et
815 1724 906 1750 animo
925 1722 1029 1749 ratione

236 1779 351 1816 praedito
361 1785 409 1814 pro
421 1777 506 1804 salute
515 1774 598 1802 animi
626 1773 678 1800 mei
687 1770 889 1802 commiscetur,
906 1773 936 1796 ut
948 1768 1030 1796 simili

238 1826 354 1854 similem
367 1827 472 1860 purget,
486 1823 512 1849 in
525 1821 652 1849 omnibus
666 1818 796 1852 denique,
811 1823 923 1851 peccato
937 1819 1030 1842 tamen

237 1870 401 1906 excepto,ﬁt
413 1870 503 1896 homo.
518 1867 555 1894 Ex
569 1865 688 1901 Virgine,
701 1863 780 1898 cujus
789 1862 909 1889 animum
926 1865 953 1888 et
969 1869 1031 1888 car-

239 1916 426 1950 nem,Spiritus
434 1919 496 1941 ante
503 1915 673 1948 purgaverat,
682 1910 814 1940 nascitur.
823 1909 940 1937 Decebat
948 1908 1030 1941 enim,

241 1969 306 1992 utet
317 1963 462 1990 liberorqu
479 1960 615 1994 susceptio
641 1959 832 1991 houoraretur,
845 1961 873 1985 et
887 1957 924 1984 illi
941 1961 1032 1984 tamen

241 2012 271 2039 in
284 2013 386 2038 honore
398 2007 540 2044 virginitas
554 2006 737 2034 anteferretur
750 2008 848 2039 ;atque
861 2003 899 2030 ita
912 2003 1032 2030 humana

240 2060 329 2086 forma
340 2055 518 2090 assumptaad
531 2062 580 2082 nos
593 2052 764 2088 progreditur
779 2058 862 2078 unum
875 2057 907 2078 ex
926 2050 1034 2078 duobus

240 2103 396 2135 contrariis,
410 2108 493 2129 carne
505 2105 532 2127 et
544 2099 652 2134 spiritu,
671 2101 811 2128 constans,
839 2103 956 2131 quorum
989 2095 1034 2124 hic

241 2150 409 2177 divinitatem
427 2146 575 2179 tribuebat,
591 2145 635 2171 illa
657 2144 800 2171 divinitate
815 2143 983 2170 adiciebatur
998 2144 1034 2178 (o

242 2203 339 2223 novam
354 2193 518 2222 mistioueml
538 2199 554 2219 ο
568 2190 787 2226 conjunctionem
805 2187 991 2217 admirabilem
1005 2189 1034 2224 ί)

241 2242 299 2275 ltle,
311 2241 356 2276 qui
364 2238 652 2273 esteﬁ‘ector,elIicitur
663 2249 670 2274 ;
681 2238 727 2274 qui
740 2243 846 2267 creator
854 2242 905 2270 est,
915 2241 1034 2270 creatur;

241 2288 288 2323 qui
302 2287 496 2323 comprehendi
511 2294 566 2314 non
582 2289 680 2322 potest,
699 2286 807 2314 vinculo
818 2285 932 2313 humani
952 2282 1036 2312 animi

241 2335 413 2363 divinitatem
423 2338 451 2361 et
461 2333 552 2362 carnis
568 2332 776 2361 crassitudinem
802 2332 948 2367 copulante
960 2338 1036 2359 eom-

241 2381 432 2419 prelienditur.
460 2380 510 2414 Qui
540 2381 608 2408 ditat
630 2379 714 2411 alios,
740 2386 843 2414 pauper
873 2378 914 2406 ﬁt.
938 2377 1036 2405 Carnis

242 2429 313 2457 enim
322 2436 388 2456 mea:
399 2430 585 2463 paupertatem
599 2425 781 2461 amplectitur,
791 2430 819 2452 ut
827 2432 878 2461 ego
887 2423 1036 2453 divinitatis

244 2476 304 2510 ejus
314 2475 421 2503 divitias
444 2480 582 2505 assequar.
612 2472 663 2505 Qui
676 2472 771 2506 plenus
797 2476 849 2505 est,
868 2471 1035 2503 exinanitur,

243 2528 391 2557 parumper
406 2521 478 2548 enim
489 2519 602 2555 gloriam
619 2525 695 2546 suam
707 2518 774 2545 sinit
788 2517 937 2550 exhauriri,
949 2512 1035 2553 utego

245 2566 422 2602 plenitudinis
433 2566 493 2600 ejus
507 2565 643 2600 particeps
651 2564 896 2597 eﬂieiar.Quaznam
909 2568 974 2591 sunt
994 2565 1036 2591 me

242 2613 375 2642 bonitatis
392 2611 495 2640 divitia:
508 2612 520 2638 ?
533 2610 676 2644 Quodnam
702 2610 774 2637 circa
802 2618 845 2637 me
874 2609 1032 2644 mysterium

1184 1586 1227 1613 διὰ
1242 1585 1291 1621 τὴν
1315 1583 1386 1618 ἐμὴν
1407 1581 1497 1617 ψυχὴν
1518 1579 1657 1613 μίγνυται,
1678 1577 1717 1612 τῷ
1742 1574 1834 1609 ὁμοίῳ
1847 1574 1878 1599 τ’)

1080 1634 1174 1669 ὅμοιον
1195 1629 1400 1664 ἀνακαθαίρων,
1420 1627 1466 1654 καὶ
1489 1627 1578 1652 πάντα
1599 1625 1715 1657 γίνεται,
1737 1620 1812 1655 πλὴν
1827 1620 1878 1653 τῆς

1080 1665 1228 1715 ἁμαρτίας,
1241 1676 1395 1712 ἄνθρωπος,
1412 1672 1525 1708 κυηθεὶς
1543 1670 1592 1706 μὲν
1607 1671 1638 1696 ἑκ
1653 1668 1702 1702 τῆς
1720 1665 1876 1700 Παρθένου,

1082 1712 1127 1754 καὶ
1141 1712 1233 1761 duath
1247 1724 1295 1751 καὶ
1311 1723 1400 1757 σάρκα
1413 1718 1654 1756 προκαθαρθείσης
1669 1715 1708 1750 τῷ
1720 1712 1876 1747 Ιινεύματι.

1083 1758 1159 1799 Ἔδει
1177 1758 1232 1805 γὰρ
1259 1769 1308 1795 καὶ
1330 1768 1459 1803 γέννησιν
1477 1763 1636 1800 τιμηθῆναι,
1659 1761 1707 1788 καὶ
1723 1758 1877 1794 παρθενίαν

1083 1817 1299 1854 προτιμηθῆναι.
1317 1813 1462 1850 Προελθὼν
1476 1812 1504 1838 δὲ
1522 1810 1588 1842 Θεὸς
1604 1809 1673 1844 μετὰ
1690 1807 1739 1841 τῆς
1751 1805 1876 1841 προσλή-

1082 1866 1166 1901 ψεως,
1184 1864 1213 1890 ἓν
1234 1864 1265 1890 ὲκ
1285 1862 1332 1889 δύο
1353 1859 1408 1887 τῶν
1424 1859 1566 1888 ἐναντίων,
1592 1854 1694 1890 σαρκὸς
1724 1852 1772 1879 καὶ
1793 1850 1878 1878 πνεύ-

1086 1898 1181 1948 ματος,
1196 1907 1233 1937 ὧν
1249 1909 1279 1935 τὸ
1294 1908 1343 1943 μὲν
1366 1906 1477 1936 ὲθέωσε,
1491 1903 1522 1930 τὸ
1538 1903 1566 1929 δὲ
1582 1901 1684 1933 ὲθεώθη
1702 1899 1735 1934 (ὦ
1753 1898 1807 1932 τῆς
1819 1905 1879 1923 και-

1083 1944 1132 1994 νῆς
1147 1956 1258 1993 μίξεως,
1273 1954 1354 1988 ὣτῆς
1368 1951 1521 1987 παραδόξου
1538 1948 1662 1984 κράσεως
1673 1947 1705 1980 Ξ),
1724 1945 1737 1970 ό
1753 1944 1793 1970 ὼν
1810 1944 1880 1977 γίνε-

1083 2013 1140 2036 ται,
1152 2003 1198 2030 καὶ
1214 2003 1228 2028 ὸ
1240 2002 1366 2031 ἄκτιστος
1385 1997 1517 2030 κτίζεται,
1536 1994 1583 2022 καὶ
1596 1994 1610 2020 ὁ
1624 1993 1767 2028 ἀχώρητος
1777 1990 1879 2025 χωρεῖ-

1085 2059 1130 2077 ται
1152 2049 1197 2076 διὰ
1221 2048 1305 2083 μέσης
1324 2045 1413 2081 ψυχῆς
1437 2044 1534 2078 νοερᾶς
1552 2038 1749 2076 μεσιτευούσης
1769 2037 1880 2070 θεότητι

1086 2099 1135 2124 καὶ
1159 2082 1261 2131 σαρκὸς
1281 2092 1429 2127 παχύτητι,
1452 2090 1501 2117 καὶ
1521 2090 1534 2116 ὁ
1550 2086 1701 2117 πλουτίζων
1722 2082 1880 2118 πτωχεύει·

1088 2129 1223 2177 πτωχεύει
1243 2140 1298 2174 γὰρ
1317 2139 1367 2173 τὴν
1388 2137 1459 2172 ἐμὴν
1481 2136 1582 2170 σάρκα,
1606 2133 1639 2159 ἵν’
1658 2131 1714 2166 ἐγὼ
1731 2129 1880 2164 πλουτήσει)

1088 2190 1137 2225 τὴν
1152 2186 1235 2215 αὑτοῦ
1254 2186 1383 2220 θεότητα.
1404 2184 1488 2211 Καὶὸ
1507 2182 1616 2218 πλήρης
1626 2179 1770 2206 κενοῢται’
1788 2176 1880 2204 κενοῦ-

1089 2223 1135 2263 ται
1153 2236 1206 2270 γὰρ
1222 2234 1272 2269 τῆς
1292 2231 1389 2259 ἑαυτοῦ
1404 2230 1483 2266 δόξης
1508 2229 1554 2256 ἐπὶ
1579 2226 1688 2263 μικρὸν,
1707 2225 1742 2251 ἵν’
1759 2224 1819 2257 ἐγὼ
1833 2223 1880 2256 τῆς

1088 2281 1194 2309 ἐκείνου
1217 2278 1364 2315 μεταλάϐω
1386 2276 1564 2311 πληρώσεως.
1592 2273 1649 2308 ΤίςΙ
1662 2274 1676 2300 δ
1699 2271 1819 2302 πλοῦτος
1835 2270 1881 2304 τῆς

1088 2328 1276 2364 ἀγαθότητοςς
1292 2326 1325 2352 Τί
1344 2325 1375 2352 τὸ
1390 2324 1456 2360 περὶ
1471 2323 1521 2358 ἐμὲ
1532 2322 1611 2348 τοῦτο
1622 2320 1791 2356 μυστήριον;
1810 2319 1880 2345 Μετ-

1088 2375 1185 2403 έλαϐον
1199 2374 1250 2407 τῆς
1267 2372 1381 2404 εἰκόνος,
1396 2371 1444 2398 καὶ
1466 2370 1516 2397 οὐκ
1535 2367 1667 2403 ὲφύλαξα.
1694 2364 1881 2400 Μεταλαμϐά-

1090 2432 1132 2450 νει
1144 2422 1194 2456 τῆς
1215 2420 1289 2455 ὲμῆς
1308 2418 1421 2454 σαρκὸς,
1436 2417 1480 2444 ἵνα
1493 2416 1541 2442 καὶ
1556 2415 1605 2449 τὴν
1619 2413 1713 2440 εἰκόνα
1734 2411 1822 2446 σώσῃ,
1837 2409 1881 2436 καὶ

1090 2469 1140 2505 τὴν
1163 2467 1254 2503 σάρκα
1280 2465 1442 2500 ἀθανατίση.
1471 2462 1607 2497 Δευτέραν
1632 2459 1757 2486 κοινωνεῖ
1786 2465 1881 2484 χωπω·

1092 2502 1151 2544 νίαν
1166 2513 1235 2542 πολὺ
1254 2513 1305 2547 τῆς
1327 2512 1465 2548 προτέρας
1485 2505 1716 2544 παραδοξοτέραν,
1744 2503 1801 2537 ὅσῳ
1822 2502 1880 2528 τότε

1092 2562 1143 2598 μὲν
1162 2560 1209 2588 τοῦ
1223 2559 1381 2595 κρείττονος
1400 2555 1548 2591 μετέδωκε,
1565 2553 1612 2580 νῦν
1628 2552 1656 2578 δὲ
1678 2548 1879 2586 μεταλαμὸανει

1087 2608 1134 2636 τοῦ
1151 2607 1282 2643 χείρονος.

244 2665 355 2696 apparet
373 2656 701 2695 ?Egoimaginem,cujus
712 2657 846 2691 partim-ps
859 2657 945 2683 lactus
971 2664 1057 2688 eram.
1079 2664 1133 2683 non
1143 2652 1428 2683 servavi.llleearuem
1455 2656 1542 2676 meam
1568 2645 1725 2690 suscipiunt
1744 2640 1878 2675 etimagi~

244 2682 355 2696 "I’l'“""
375 2682 380 2686 -
395 2682 615 2695 -υν---Ἷν--η---γ
628 2682 700 2692 νον
712 2682 769 2691 τηνν
788 2682 795 2683 ί
816 2682 826 2690 τ
838 2682 843 2684 τ
861 2682 876 2683 η
890 2682 896 2683 κ
937 2682 942 2683 γ
975 2682 982 2683 κ
1079 2682 1110 2683 ire
1130 2682 1152 2683 η

244 2715 306 2734 nem
330 2710 432 2738 servet,
449 2710 477 2733 et
490 2713 600 2733 carnem
618 2703 917 2732 reddatimmortalem.
942 2703 1063 2730 Alteram
1092 2703 1143 2730 init
1172 2700 1329 2729 societatem
1346 2697 1436 2732 priore
1462 2696 1591 2723 societate
1610 2682 1645 2720 eo
1669 2691 1781 2726 quidem
1802 2690 1877 2722 longe

243 2752 485 2785 admirabiliorem,
501 2751 573 2786 quod
590 2751 618 2778 in
635 2751 738 2786 priore,
755 2749 929 2785 praestantius
943 2750 1013 2784 quod
1034 2754 1103 2782 erat,
1116 2745 1329 2775 communicavit
1343 2753 1350 2777 ;
1369 2744 1395 2770 in
1409 2743 1570 2779 posteriore,
1587 2740 1659 2776 quod
1673 2738 1796 2767 deterius
1810 2741 1876 2764 erat’

243 2799 358 2836 accepit.

429 2846 555 2882 Ejusdem
577 2847 604 2873 in
618 2845 716 2873 Sancta
728 2845 852 2872 Lumina.

277 2893 345 2922 Nam
356 2893 420 2930 quia
431 2893 539 2922 malitia:
550 2892 688 2926 inventor,
701 2890 746 2926 qui
761 2897 790 2919 se
798 2890 930 2919 invictum
941 2890 1036 2918 existi—

1096 2842 1154 2869 Τοῦ
1170 2841 1264 2868 αὑτοῦ
1284 2839 1319 2866 ἐκ
1334 2838 1387 2866 τοῦ
1404 2838 1497 2873 ,λόγου
1511 2835 1565 2863 τοῦ
1581 2836 1624 2868 εἰς
1650 2834 1685 2861 τὰ
1700 2834 1770 2868 ἅγια
1787 2832 1877 2860 «Inita.

1135 2887 1244 2922 Ἐπειδὴ
1267 2887 1322 2922 γὰρ
1338 2885 1406 2920 (haec
1430 2884 1564 2920 ἀήττητος
1592 2880 1661 2910 εἶναι
1681 2882 1732 2917 τῆς
1753 2879 1877 2911 κακίαςὸ
