1912 3078
81 120 136 152 213

83 176 228 211 σοφιστὴς,
249 177 377 215 θεότητος
397 181 485 210 ἐλπίδι
505 184 636 219 δελεάσας
656 189 740 224 ἡμᾶς,
771 192 871 226 σαρκδς

83 222 263 271 προῦλήρατι
278 224 445 258 δελεάζεται·
461 229 493 256 ἵν’
508 230 545 263 ὡς
557 232 596 267 τῷ
614 222 698 271 ’ᾼδᾶμ
710 222 872 271 προσϐαλὼν

82 267 206 319 τῷιθεῷ
233 273 388 311 περιπέσῃ,
411 275 458 302 καὶ
482 276 570 310 οὕτως
597 281 611 306 ὁ
631 267 698 313 ’νέος
719 267 803 319 ’Ᾰδὲμ
826 287 872 312 τὸν

83 315 203 367 παλαιὸν
217 318 359 356 ἀνασώσῃ,
374 321 420 348 καὶ
440 322 505 358 λυθῇ
524 325 554 352 τὺ
568 328 727 364 κατάκριμα
741 315 790 366 τῆς
806 340 873 367 σαρ-

82 360 141 393 κὸς,
159 363 245 398 σαρκὶ
261 364 309 392 τοῦ
321 365 436 395 Θανάτου
453 369 666 405 θανατωθέντος.

313 459 364 486 Ἕκ
381 460 434 487 τοῦ
446 462 539 489 αὐτοῦ
548 463 651 498 λόγου.

124 501 154 527 '0
170 502 236 534 Υἱὸς
250 504 298 531 τοῦ
315 505 382 532 Θιοῦ
399 506 503 541 γίνεται
516 509 564 536 καὶ
581 511 639 543 υίὸς
651 513 805 548 ἀνθρώπου,
823 515 872 551 οὐχ

80 546 95 596 ξ
163 549 335 596 μετασξιλὼν.
353 551 569 591 ἄτρεπτοςγὰρ,
583 557 641 584 ἀλλ’
654 558 668 585 ὃ
683 544 732 586 aint
744 558 778 596 ἦν
788 544 872 596 προσῖ

81 589 176 642 {4.55"-
186 612 194 624 ι
220 593 413 642 φιλάνθρωπος
429 599 484 634 γάρ
494 606 502 614 ·
519 589 562 627 ira
576 603 689 639 χωοηοῆ
702 605 716 630 ό
729 589 871 642 alapam;

80 635 124 687 ets
140 637 230 674 μέσης
251 641 356 687 σαρκὸς
376 643 511 679 ὁμιλήσας
527 635 606 682 ἡμῖν,
631 635 722 681 ὦς’-ὲκ
743 635 871 687 ita-pasta;

80 681 222 735 τασμξτος
232 691 240 699 ·
249 685 343 723 ἐπειδὴ
355 689 479 725 καθαρὰν
488 681 570 720 αὐτοῦ
583 695 633 730 τὴν
648 695 762 732 θεότητα.
776 681 872 735 (ρέρειν

80 728 111 754 οὗ
129 730 182 765 τῆς
194 731 224 758 ὲν
239 733 346 766 γενέσει
362 736 409 763 καὶ
425 737 514 774 φθορᾷ
529 728 646 774 φύσεως.

82 827 137 856 Τοῦ
149 830 245 858 αὐτοῦ
255 831 291 859 ἐκ
305 833 360 879 τῆς
367 836 443 879 πρὸς
452 838 619 879 Κληδόῃον
629 841 748 876 πρώτης
758 845 870 879 λογοει-

341 869 415 903 δοῦς
431 869 606 908 ἐπιστολῆς.

114 911 159 962 Τςὲ
186 912 242 962 γὰρ
270 914 412 950 ἀμφότερα
430 918 460 944 ἒν
480 920 513 954 τῇ
540 923 701 956 συγκράσει,
729 925 796 952 Θεοῦ
819 927 870 962 μὲν

80 955 356 1002 ἐνῖνθρωπήσαντος,
373 963 517 998 ἀνθρώπου
531 966 560 992 δὲ
573 955 730 1002 θεωθέντος.

111 1000 170 1050 Τοῦ
182 1005 277 1032 αὑτοῦ
287 1006 323 1034 ἐκ
339 1008 392 1035 τοῦ
403 1008 546 1045 δευτέρου
560 1014 654 1048 λόγου
667 1000 736 1050 περὶ
755 1018 832 1047 Υἱοῦ.

116 1048 152 1099 Et
162 1050 218 1085 γὰρ
231 1052 277 1099 καὶ
292 1053 323 1080 τὸ
339 1057 546 1093 συναμφότερον
559 1058 598 1094 ἓν,
611 1060 667 1087 ἀλλ’
685 1048 716 1089 οὗ
731 1064 763 1099 τῇ
777 1064 867 1099 φύσει,

80 1095 113 1128 τῇ
129 1094 159 1121 δὲ
173 1097 288 1132 συνόδῳ.

127 1139 185 1168 Τοῦ
201 1143 296 1171 αὐτοῦ
314 1144 347 1171 ἐκ
366 1146 419 1174 τοῦ
430 1147 474 1180 εἰς
489 1148 525 1175 τὰ
535 1148 604 1184 ἅγια
616 1151 700 1179 Φῶτα
712 1153 816 1188 λόγου.

115 1187 171 1214 Καὶ
189 1189 269 1216 τοῦτο
283 1192 317 1226 τῇ
335 1192 433 1220 θεώσει
446 1194 522 1226 Θεός.

81 1231 137 1259 Τοῦ
155 1233 251 1263 αὐτοῦ
270 1235 303 1263 ἐκ
318 1237 371 1264 τοῦ
383 1239 426 1272 είς
438 1239 471 1266 τὸ
490 1240 598 1276 Πάσχα
610 1243 751 1278 δευτέρου
761 1247 865 1282 λόγου.

114 1281 170 1307 Καὶ
184 1280 229 1308 διὰ
245 1283 296 1317 τὴν
317 1284 472 1320 πρόσληψιν
491 1287 541 1322 τὴν
563 1288 720 1323 χρισθεῖσαν
747 1280 865 1328 θεότητι,

79 1327 125 1352 καὶ
144 1329 296 1365 γενομένην
311 1329 381 1365 ὅπερ
399 1331 430 1358 τὸ
447 1333 555 1367 χρῖσαν,
575 1336 634 1367 καὶ,
654 1335 749 1371 θαῤῥῶ
765 1327 866 1373 λέγειν,

78 1373 204 1407 ὁμόθεον.

80 1429 138 1457 Τοῦ
163 1432 259 1459 αὑτοῦ
283 1433 318 1460 ἐκ
342 1435 395 1462 τοῦ
418 1439 639 1470 προτρεπτικοῦ
677 1442 721 1467 sle
750 1441 783 1467 τὸ
808 1442 867 1474 ,ϐά-

399 1478 523 1506 πτισμα.

113 1512 195 1540 Ὅ).ον
217 1514 370 1550 ἄνθρωπον,
395 1518 441 1544 καὶ
467 1518 527 1545 ὅλον
552 1519 617 1546 Θεδν
643 1521 713 1557 ὑπὲρ
735 1522 795 1549 ὃ).ου
817 1524 864 1551 τοῦ

79 1559 256 1591 πεπονθότος,
285 1560 318 1586 ἵν’
345 1561 399 1596 ὅλῳ
427 1570 469 1589 σοι
484 1563 534 1599 τὴν
559 1565 698 1600 σωτηρίαν
719 1567 864 1602 χαρίσηται

77 1603 138 1632 ὅλον
156 1606 188 1632 τὸ
205 1606 365 1642 κατάκριμα
378 1607 462 1640 λύσας
477 1609 527 1644 τῆς
543 1611 691 1647 ἁμαρτίας.

302 1652 352 1680 Ἐκ
369 1655 422 1681 τοῦ
437 1656 530 1683 αὑτοῦ
548 1657 652 1691 λόγου.

112 1697 247 1725 Τοσοῦτον
263 1698 407 1734 ἅνθρωπος
420 1700 466 1727 διὰ
484 1701 526 1734 σὲ,
541 1702 602 1729 ὅσον
613 1704 644 1730 σὺ
661 1704 734 1740 γίνῃ,
747 1704 780 1731 δι’
794 1706 864 1731 ἐκεῖ-

76 1754 121 1772 νον
133 1745 211 1775 Θεός.

303 1793 353 1820 Ἐκ
367 1794 420 1821 τοῦ
432 1794 524 1822 αὐτοῦ
539 1796 642 1830 λόγου.

114 1840 209 1872 Ἥξειν
222 1848 251 1866 τε
266 1839 346 1867 πάλιν
359 1841 486 1876 κρίνοντα
503 1842 607 1874 ζῶντας
621 1845 668 1871 καὶ
679 1846 801 1881 νεκροὺς,
813 1847 864 1874 οὐκ

77 1887 117 1913 ἐτι
133 1888 183 1922 μὲν
203 1887 304 1922 σάρκα,
321 1887 371 1914 οὐκ
388 1888 532 1922 ἀσώματον
555 1888 592 1922 δὲ,
607 1887 646 1921 οἷς
661 1891 741 1922 αὐτὸς
754 1890 807 1919 οἶδε
818 1893 864 1920 λό-

76 1942 134 1968 γοις
160 1933 359 1969 θεοειδεστέρου
394 1934 541 1968 σώματος·
564 1935 607 1962 ἵνα
639 1936 686 1962 καὶ
711 1937 780 1972 ὀφθῇ
812 1938 863 1966 ὑπὸ

77 1981 130 2006 τῶν
148 1981 381 2015 ὲκκεντησάντων,
407 1981 455 2007 καὶ
476 1981 554 2017 μείνῃ
575 1982 641 2014 Θεὸς
669 1983 720 2015 ἕξω
740 1985 864 2020 παχύτη-

78 2035 132 2057 τος.

80 2074 142 2100 Ἔτι
165 2075 232 2108 περ)
258 2074 311 2108 τῆς
332 2075 415 2109 θείας
435 2076 698 2110 ἐναγθρωπήσεως,
715 2076 767 2104 τοῦ
783 2077 863 2105 Νύσ-

213 2118 274 2143 σης
287 2110 320 2137 ἐκ
334 2111 386 2138 τοῦ
407 2111 607 2146 κατηχητικοῦ
619 2112 725 2146 λόγον.

111 2155 160 2182 Διὰ
171 2155 243 2187 τίνος
268 2155 321 2182 ἔδει
340 2155 387 2183 τὸν
411 2156 554 2191 ἄνθρωπον
573 2157 642 2191 πρὸς
653 2157 704 2192 τὴν
723 2158 752 2191 ἐξ
775 2158 863 2194 ἀρχῆς

559 131 747 163 PANOPLIA
770 135 1001 170 DOGMATICA.
1026 153 1060 159 —
1076 142 1151 174 TlT.
1173 145 1240 176 VII.

1664 152 1718 185 214

888 196 909 223 Α
925 196 1024 230 mabat,
1050 206 1100 226 nos
1112 207 1159 235 spe
1173 201 1323 231 divinitatis
1334 203 1458 233 alliciens
1482 206 1638 242 deceperat,
1657 209 1716 245 ipse

926 243 1014 271 carnis
1025 244 1132 279 objectu
1150 250 1277 282 tanquam
1295 257 1356 277 esca
1368 251 1505 286 proposita
1531 243 1675 289 decipitur,
1689 261 1716 283 et

925 288 989 316 dum
1002 297 1031 317 se
1042 295 1120 324 putat
1132 292 1216 320 Adam
1226 293 1365 328 invadere,
1376 297 1402 323 in
1414 297 1498 325 Deum
1509 288 1611 328 incidit.
1625 302 1716 337 Atque

926 333 962 361 ila
975 342 1061 363 novus
1077 337 1161 365 Adam
1177 344 1294 367 veterem
1305 347 1406 376 servat,
1421 347 1448 371 et
1472 345 1563 373 carnis
1584 347 1715 375 condetu-

925 379 1063 408 nationem
1080 389 1163 411 carne
1190 384 1323 420 dissolvit,
1338 391 1366 414 et
1389 393 1506 417 mortem
1523 391 1608 426 ipsam
1629 398 1716 420 morte

923 423 1017 453 allicit.

1024 498 1031 506 ,
1167 474 1209 503 Ex
1227 477 1317 504 eadem
1335 479 1467 508 oratione.

959 516 1042 564 Filius
1059 518 1104 547 Dei
1115 519 1144 548 iit
1160 521 1242 549 etiam
1255 522 1373 551 hominis
1381 525 1463 557 illius,
1477 534 1529 554 nec
1537 527 1570 554 ab
1581 536 1624 560 eo,
1641 530 1715 564 quod

923 568 990 596 erat,
1004 563 1173 600 immutatur,
1189 568 1237 595 sed
1254 569 1441 604 accipit,quod
1452 580 1506 599 non
1519 579 1587 606 erat,
1603 580 1633 602 ut
1643 563 1716 610 (qua:

922 609 1044 638 illiusest
1058 612 1085 638 in
1102 612 1226 641 homines
1252 615 1453 653 benevolentia)
1477 627 1558 647 carne
1586 609 1713 656 tanquam

923 654 983 682 velo
998 655 1140 691 interjccto
1150 659 1291 687 nobiscum
1310 669 1434 696 versans,
1455 665 1500 699 qui
1517 654 1713 701 comprehendi

922 706 977 727 non
993 705 1112 736 poterat,
1122 705 1381 739 comprehendatur.
1395 709 1497 737 Purum
1521 712 1593 738 enim
1611 713 1713 740 divini-

923 746 984 773 tatis
1002 747 1061 782 ejus
1078 748 1250 784 "splendoretn
1267 758 1377 786 natura,
1409 763 1469 790 quae
1489 757 1608 792 gignitur
1631 763 1713 794 atque

922 794 1114 828 corrumpitur,
1127 803 1182 824 non
1198 802 1304 831 poterat
1317 801 1464 829 sustinere.

996 851 1130 887 Ejusdem,
1145 863 1177 882 ea:
1191 857 1300 890 epistola
1322 859 1409 892 prima
1424 861 1459 887 ad
1477 860 1638 889 Clcdom'um.

957 931 1076 967 Utraqtte
1086 933 1124 961 sic
1133 935 1345 972 conjungnntur,
1360 943 1387 965 ut
1400 947 1483 966 unum
1493 940 1557 974 sint,
1570 949 1631 969 curn
1640 941 1717 970 Deus-

922 977 1004 1006 homo
1020 978 1076 1014 liat,
1089 985 1116 1007 et
1127 981 1208 1009 homo
1225 982 1308 1010 Deus.

1070 1026 1195 1060 Ejusdem
1210 1036 1242 1055 ea:
1252 1029 1371 1056 oratione
1385 1030 1402 1056 2
1415 1031 1447 1058 de
1469 1031 1546 1059 Filio.

957 1070 1106 1107 Utrumque
1120 1072 1227 1107 quidem
1243 1079 1286 1101 est
1301 1082 1394 1109 unum,
1412 1084 1466 1104 non
1484 1082 1579 1106 natura
1609 1083 1712 1111 tamen,

920 1115 966 1143 sed
989 1117 1194 1152 conjunctione.

1016 1161 1141 1195 Ejusdem
1153 1171 1184 1191 ea:
1194 1164 1314 1192 oratione
1326 1165 1354 1192 in
1374 1165 1474 1193 Sancta
1488 1166 1609 1195 Lumina.

955 1206 987 1234 Et
998 1206 1050 1235 hoc
1070 1208 1244 1237 deiﬁcatione
1260 1211 1344 1238 Deus.

1077 1253 1205 1287 Ejusdem
1214 1263 1246 1282 ex
1257 1256 1375 1283 oratione
1391 1257 1419 1284 in
1435 1257 1551 1286 Pascha.

953 1300 986 1327 Et
1002 1304 1113 1334 propter
1128 1301 1267 1328 hominem
1282 1308 1465 1338 assumptum,
1494 1305 1541 1339 qui
1566 1305 1712 1334 divinitate

919 1345 1047 1374 inunctus
1059 1351 1112 1380 est,
1126 1351 1154 1374 et
1166 1347 1254 1375 factus
1269 1348 1308 1379 id,
1323 1356 1338 1375 a
1361 1357 1415 1383 quo
1443 1350 1572 1379 inunctus
1599 1357 1668 1384 erat,
1682 1358 1710 1380 (ιι

918 1391 998 1418 simul
1018 1391 1099 1424 Deus,
1116 1392 1154 1419 sic
1165 1392 1239 1420 enim
1257 1393 1344 1421 audeo
1361 1394 1463 1422 dicere.

936 1436 1071 1471 Ejusdem,
1082 1446 1113 1465 ea:
1126 1438 1256 1473 oratione,
1267 1448 1318 1475 qua
1333 1441 1369 1467 ad
1376 1441 1504 1475 baptisma
1527 1442 1688 1469 cohortatur.

953 1514 1051 1543 Totum
1063 1516 1212 1548 hominem,
1231 1522 1259 1545 et
1275 1522 1360 1545 totum
1377 1519 1476 1551 Deum.
1504 1527 1555 1554 pro
1581 1524 1638 1547 toto
1660 1520 1707 1547 illo

918 1562 963 1596 qui
976 1569 1073 1597 passus
1082 1567 1150 1596 erat,
1167 1569 1196 1591 ut
1211 1564 1259 1591 toti
1277 1564 1325 1592 tibi
1350 1557 1466 1593 salutem
1481 1565 1652 1602 elargiretur,
1665 1572 1705 1593 to-

918 1613 970 1635 tam
986 1609 1087 1643 peccati
1100 1609 1210 1637 solvens
1221 1610 1488 1638 condemnationem.

1163 1653 1206 1681 Ex
1220 1657 1310 1682 eadem
1328 1656 1458 1683 oratione.

952 1698 1069 1726 Tantum
1089 1699 1170 1727 homo
1195 1705 1307 1735 propter
1329 1706 1364 1734 te,
1384 1707 1516 1737 quantum
1540 1707 1568 1731 tu
1596 1708 1706 1738 propter

916 1744 990 1771 illum
1011 1744 1091 1772 Deus.

1167 1791 1208 1818 Ex
1222 1793 1311 1819 eadem
1329 1793 1460 1822 aratione.

950 1835 1047 1863 Veniet
1061 1836 1158 1864 iterum
1174 1837 1348 1872 iudicaturus
1359 1839 1436 1866 vivos
1447 1844 1475 1866 et
1494 1841 1627 1873 mortuos,
1648 1848 1711 1868 nou-

911 1881 966 1917 jam
983 1881 1099 1916 amplius
1111 1890 1185 1915 caro,
1197 1890 1248 1910 nec
1257 1883 1315 1911 sine
1328 1891 1452 1919 corpore,
1466 1885 1600 1912 diviniore
1615 1891 1704 1913 tamen

914 1935 1041 1962 corpore,
1060 1929 1212 1957 rationibus
1227 1929 1290 1963 illis,
1309 1938 1377 1966 quas
1388 1931 1445 1966 ipse
1462 1932 1547 1964 novit,
1565 1936 1594 1959 ut
1621 1937 1648 1959 et
1671 1933 1707 1959 ab

916 1974 968 2001 illis
979 1979 1119 2007 cernatur,
1132 1975 1248 2010 quieutn
1272 1977 1348 2005 cruci
1373 1977 1526 2009 aliixerunt,
1538 1983 1566 2005 et
1596 1984 1706 2006 maneat

915 2020 974 2048 sine
988 2021 1167 2050 crassitudine
1181 2022 1261 2050 Deus.

916 2077 955 2106 De
968 2079 1056 2119 divina
1070 2080 1132 2106 item
1150 2080 1275 2119 humana:
1294 2082 1382 2108 carnis
1401 2083 1589 2116 assumptione.
1607 2083 1705 2119 Grego-

966 2113 1101 2148 rt'iNyssso
1116 2116 1247 2149 ponti/ius
1273 2124 1306 2142 ex
1338 2119 1458 2144 oratione
1485 2113 1651 2145 calce/teucri.

948 2159 1000 2187 Per
1015 2168 1095 2195 quem
1111 2162 1253 2196 oportebat
1282 2162 1309 2189 in
1326 2163 1471 2197 pristinum
1494 2164 1586 2198 gratia:
1603 2169 1701 2192 statmu

78 2202 157 2235 χᾶριν
172 2200 376 2236 ἀνακληθῆναις
390 2201 449 2228 Τίνι
464 2201 613 2237 διέφερενὴ
628 2202 676 2228 τοῦ
689 2203 863 2235 πεπτωκότος

926 2206 1054 2234 nominem
1069 2207 1211 2234 revocari?
1229 2207 1272 2235 cui
1304 2209 1477 2243 potissimum
1510 2211 1701 2242 conveniebat,

76 2246 238 2282 dvépﬂwatg,
254 2247 271 2282 ή
286 2247 334 2274 τοῦ
351 2247 524 2280 ἀπολωλότος
543 2247 703 2283 ἀνάκλησις,
722 2249 739 2284 ἡ
753 2249 800 2275 τοῦ
816 2258 865 2276 πε-

76 2293 251 2327 πλανημένον
280 2293 470 2328 χειραγωγίας
493 2293 546 2320 τίνι
572 2293 645 2329 ἄλλῳ
670 2294 685 2329 ἢ
705 2294 744 2329 τῷ
771 2295 865 2331 Κυρίῳ

77 2339 187 2370 πάντως
209 2340 258 2375 τῆς
285 2339 407 2373 φύσεωςς
430 2338 468 2374 τῷ
494 2340 548 2374 γὰρ
569 2340 600 2372 ἐξ
621 2341 706 2375 ἀρχῆς
728 2341 775 2375 τὴν
791 2341 864 2373 ζωὴν

75 2386 205 2413 δεδωκότι
229 2385 302 2421 μόνῳ
327 2385 439 2412 δυνατὸν
460 2385 495 2421 ἦν
523 2387 571 2412 καὶ
595 2386 698 2421 πρέπον
722 2387 791 2421 ἅμα.
816 2388 864 2414 καὶ

76 2432 248 2466 ἀπολομένην
268 2431 499 2464 ἀνακαλέσασθαι,
523 2431 537 2458 ὃ
553 2432 628 2466 παρὰ
648 2431 695 2458 τοῦ
713 2432 863 2467 μυστηρίου

76 2478 124 2511 τῆς
139 2477 269 2512 ἀληθείας
288 2476 437 2512 ἀκούομεν,
454 2477 521 2504 Θεὸν
543 2478 723 2513 πεποιηκέναι
740 2478 802 2504 κατ’
816 2478 864 2513 ἁρ‹

76 2524 126 2559 χὰς
148 2524 195 2550 τὸν
219 2523 380 2559 ἄνθρωπον,
405 2523 453 2549 καὶ
481 2523 631 2560 σεσωκέναι
655 2524 865 2550 διαπεπτωκότα

78 2570 271 2605 μανθάνοντες.
297 2570 376 2597 Ἀλλὰ
403 2571 485 2606 μέχρι
505 2569 554 2605 μὶν
573 2569 675 2597 τούτων
702 2569 864 2604 σιυνθήσεται

75 2618 158 2652 τυχὸν
191 2617 233 2652 τῷ
259 2617 330 2652 λόγῳ
359 2618 373 2644 ὁ
404 2617 472 2652 πρὸς
502 2617 532 2644 τὸ
561 2616 706 2644 ἀκόλουθον
737 2616 863 2651 βλέπων,

76 2664 123 2690 διὰ.
145 2663 176 2690 τὸ
202 2664 239 2699 μὴ
263 2663 351 2691 δοκεῖν
378 2663 432 2696 ἔξω
453 2672 480 2690 τι
502 2663 551 2698 τῆς
570 2662 738 2698 θεοπρεποῦς
760 2662 864 2694 ἐννοίας

77 2709 131 2736 τῶν
156 2710 313 2744 είρημὲνων
334 2707 424 2736 εἶναι’
449 2709 517 2746 πρὸς
538 2709 566 2736 δὲ
591 2709 620 2736 τὸ
644 2708 744 2744 ἐφεξῆς
763 2708 813 2744 οὐχ
833 2708 863 2734 ὸ-

79 2756 162 2791 μοίως
188 2756 255 2789 ἕξει,
279 2756 312 2783 δι’
332 2754 370 2784 ὧν
387 2757 506 2792 μάλιστα
531 2756 562 2783 τὸ
584 2756 735 2791 μυστήριον
760 2755 864 2790 τῆς-ιοὶ-

77 2803 209 2838 κονομίας
245 2803 428 2839 κρατύνεται”
454 2803 582 2838 γέννησιν
616 2801 790 2838 ἀνθρωπίνην
819 2800 862 2827 λέ-

78 2857 135 2882 γω,
163 2848 211 2876 καὶ
242 2849 292 2884 τὴν
317 2850 348 2877 ὲκ
389 2850 485 2885 νηπίου
515 2850 582 2884 πρὸς
611 2849 749 2876 τελείωσιν
781 2848 864 2884 αὔξη-

917 2251 1024 2286 lapsum
1037 2252 1172 2279 excitare?
1191 2254 1326 2287 perditum
1337 2254 1502 2282 restituere?
1519 2261 1658 2283 errantem
1670 2256 1700 2284 in

916 2297 985 2324 viam
1017 2297 1168 2325 reducere?
1193 2299 1303 2326 cuinam
1331 2301 1388 2333 alii,
1416 2301 1469 2328 nisi
1492 2302 1573 2336 plane
1598 2307 1702 2330 natura:

916 2342 1001 2377 ipsius
1038 2343 1175 2371 Domino?
1204 2344 1254 2371 Cui
1277 2346 1349 2372 enim
1376 2345 1454 2372 initio
1482 2347 1565 2374 vitam
1586 2347 1701 2382 largitus

916 2393 985 2419 erat.
996 2388 1020 2416 ei
1036 2388 1086 2416 soli
1099 2393 1126 2416 et
1139 2389 1236 2417 licebat
1244 2394 1271 2417 et
1281 2391 1473 2423 conveniebat,
1486 2392 1609 2419 eamdem
1620 2393 1702 2421 amis-

916 2441 973 2461 sam
989 2441 1164 2469 recuperare.
1189 2434 1332 2462 Hominem
1351 2435 1378 2462 in
1396 2435 1532 2471 principio
1558 2436 1658 2464 factum
1685 2444 1701 2464 a

916 2481 970 2508 Deo
985 2488 1017 2508 ex
1035 2481 1163 2516 mysterio
1189 2480 1313 2508 veritatis
1342 2481 1536 2516 intelligimus;
1563 2483 1702 2516 eumdem,

916 2534 978 2554 cum
987 2526 1041 2561 jam
1056 2526 1213 2561 proﬂigatus
1223 2533 1254 2554 ac
1276 2526 1399 2561 perditus
1412 2533 1493 2560 esset,
1510 2536 1526 2555 a
1550 2528 1604 2556 Deo
1636 2537 1703 2556 con-

916 2577 1053 2600 servatum
1068 2572 1194 2600 dicimus.
1211 2574 1300 2608 Atque
1323 2573 1379 2601 haec
1395 2574 1518 2609 quidem,
1546 2576 1592 2610 qui
1624 2575 1702 2603 vide-

915 2617 969 2644 rint
982 2625 1043 2645 esse
1059 2622 1253 2651 consentanea,
1280 2619 1314 2646 ab
1353 2627 1439 2655 eaque
1468 2621 1589 2653 notione,
1619 2629 1701 2656 quam

914 2662 1048 2690 habemus
1062 2663 1094 2690 de
1107 2663 1171 2695 Deo,
1182 2663 1294 2692 minime
1310 2664 1494 2698 abhorrentia,
1523 2667 1593 2694 forte
1605 2674 1702 2694 concc-

915 2708 990 2740 dent,
1016 2715 1047 2735 ea
1059 2715 1136 2741 vero,
1152 2716 1213 2743 qua:
1227 2714 1392 2744 sequuntur,
1407 2712 1508 2746 quibus
1542 2712 1699 2747 dispositio-

914 2753 958 2781 nis
974 2755 1132 2789 mysterium
1146 2755 1263 2783 maxime
1277 2756 1416 2790 innititur,
1445 2765 1504 2785 non
1526 2758 1562 2785 ita
1598 2757 1675 2785 facile
1691 2767 1699 2785 :

915 2807 1016 2836 nempe
1032 2802 1170 2829 hominem
1189 2809 1249 2830 esse
1265 2802 1375 2835 factum,
1391 2811 1423 2831 ex
1438 2812 1523 2838 puero
1553 2804 1586 2831 ad
1607 2805 1697 2839 perfe-

915 2854 987 2876 ctam
1004 2853 1110 2876 aetatem
1124 2849 1252 2882 crevisse,
1270 2849 1369 2883 edisse,
1385 2849 1496 2884 bibisse,
1512 2850 1699 2884 laborc,som-
