1912 3078
205 127 259 159 215

822 129 1013 160 ΕΙΠΗΥΜΠ
1037 130 1220 161 ZIGABENI

1784 131 1836 164 216

203 190 249 212 no,
263 181 394 209 molestiis
407 180 534 209 allectum
545 171 617 214 esse,
633 183 811 217 lacrymassc,
823 183 984 215 calumnias,

1041 195 1092 218 σιν,
1112 186 1214 221 βρῶσίν
1237 195 1264 212 τε
1301 186 1347 212 καὶ
1366 186 1452 219 πόσιν,
1481 184 1528 212 καὶ
1545 185 1637 218 κόπον,
1665 186 1712 213 καὶ
1737 186 1832 219 ὕπνον,

200 228 343 261 judicium,
360 234 469 254 crucem
498 234 530 254 ac
546 231 661 254 ntortem
675 228 759 255 fuisse
775 236 945 264 perpessum,
960 229 988 254 in

202 274 381 308 sepulcroque
408 274 537 309 positum.
569 275 631 303 llzcc
657 276 743 308 enim,
773 284 833 311 quas
859 276 987 311 mysterio

201 321 482 355 comprehenduntur,
498 322 604 349 animos
618 330 723 354 eorum,
748 323 794 357 qui
823 327 887 349 sunt
914 322 989 348 inﬁr-

202 367 302 395 miores
321 369 347 394 in
367 367 428 401 fide,
455 369 599 396 debilitant
626 368 845 404 infringuntque,
877 376 911 395 ne
933 368 986 400 illa,

202 419 262 445 qure
274 412 402 447 deinceps
422 418 586 447 sequuntur,
614 419 724 448 propter
753 421 795 446 ea,
824 421 884 448 quce
915 413 988 440 dicta

201 462 275 489 sunt,
294 459 452 492 suscipiant.
468 458 534 486 Nam
553 459 608 486 Deo
623 460 732 495 dignam
749 467 781 487 ex
799 459 894 487 inferis
914 459 988 486 exci-

203 505 332 530 tationem
356 505 420 532 ideo
431 513 485 533 non
502 506 666 539 concedunt,
681 514 716 533 ne
733 510 847 533 mortem
864 505 920 532 Deo
947 506 988 532 in-

201 549 255 584 digi
267 557 310 576 am
325 550 480 579 admittant.
498 552 554 587 Ego
571 560 635 579 vero
647 553 714 580 illud
724 553 792 579 mihi
805 551 989 586 priust‘acien-
1005 549 1009 553 ’

201 595 264 620 dum
277 600 351 630 puto,
370 601 398 622 ut
412 597 548 631 paulisper
560 605 574 624 a
602 605 691 625 crassa
704 598 793 625 carnis
823 597 988 624 hebetudine

201 641 340 674 recedam,
365 646 392 668 et
412 643 556 669 honestum
572 643 661 678 ipsum
679 651 728 678 per
748 651 777 670 se
802 643 987 675 considerem,

201 688 397 722 ostendamque
409 696 462 714 non
478 696 537 715 esse
552 689 696 723 ejusmodi,
714 694 743 716 ttt
757 689 799 716 his
813 689 895 720 notis.
927 689 988 723 qui-

201 734 251 760 bus
267 740 360 760 earum
373 738 487 768 utraque
502 734 681 761 describatur.
713 734 855 761 Neminem
882 742 986 765 eorum,

200 779 245 814 qui
257 779 315 806 sani
340 783 413 812 sunt,
445 785 606 815 negaturum
640 781 777 812 existimo,
808 789 891 808 unum
922 781 988 808 illud

199 824 311 852 omnino
322 832 382 852 esse
405 824 534 858 dedecus,
558 834 672 858 eamque
684 835 763 853 unam
780 827 986 861 turpitudinem,

199 878 260 904 qua:
278 870 335 897 vitii
360 870 482 898 l'tcditate
496 871 636 904 definitur,
658 879 672 897 a
689 879 741 906 qua
765 872 897 906 quidquid
923 873 987 899 atie-

200 923 264 942 uum
281 916 325 947 sit,
343 915 369 942 id
395 917 428 943 ab
449 917 524 943 omni
550 921 683 944 remotum
706 925 766 945 esse
796 918 929 946 dedecore
955 926 987 945 ac

201 961 369 995 turpitudine
387 969 394 986 :
411 962 497 989 Deum
509 970 572 989 vero
588 968 686 990 cuneta
703 964 810 996 dicere.
828 972 887 999 qua:
903 965 929 991 in
941 973 984 992 rc-

199 1007 279 1039 cione
298 1011 448 1034 cernuntur
460 1008 622 1036 honestatis.
640 1009 705 1041 Quae
722 1017 783 1037 cum
799 1011 834 1037 ita
848 1011 912 1041 sint,
940 1016 987 1038 aut

201 1054 295 1080 \itium
309 1061 369 1081 esse
401 1053 603 1087 demonstrent,
628 1056 714 1088 nasci,
749 1057 858 1087 nutriri.
884 1057 985 1092 augeri,

199 1100 232 1126 ad
250 1105 354 1127 natura:
378 1100 575 1135 perfectionem
597 1102 735 1137 progredi,
758 1103 836 1134 mori,
870 1103 987 1130 revivis-

198 1153 261 1172 cere
277 1155 283 1172 :
300 1150 346 1173 aut
361 1145 384 1173 si
411 1154 471 1181 qua:
486 1147 556 1175 dicta
587 1152 662 1182 sunt,
685 1156 700 1175 a
716 1149 782 1175 vitio
799 1153 900 1175 remota
927 1156 987 1176 esse

199 1191 363 1224 concedunt,
385 1192 540 1220 necessario
556 1201 611 1220 non
636 1201 696 1221 esse
720 1194 807 1228 turpia
840 1194 985 1221 fateantur.

199 1237 267 1264 (ium
280 1238 362 1271 igitur
375 1238 542 1266 declaratum
573 1240 618 1271 sit,
652 1240 765 1267 honesta
779 1247 849 1272 esse,
880 1248 939 1276 quae
953 1241 987 1268 ab

200 1283 274 1309 omni
287 1283 412 1311 foeditate
428 1283 488 1312 vitii
500 1285 658 1318 abhorrent,
687 1293 776 1312 nonne
805 1290 834 1313 ut
863 1290 988 1314 amentes

200 1330 344 1357 miserandi
360 1335 433 1364 sunt,
450 1332 495 1366 qui
513 1332 626 1360 honesta
640 1332 695 1359 Deo
710 1337 835 1360 asserunt
857 1341 910 1360 non
927 1341 988 1361 cort-

197 1373 500 1408 venire'iAtbumana,
516 1376 649 1411 inquient,
678 1383 772 1404 natura
805 1378 909 1413 exiguis
934 1383 988 1406 ter-

196 1420 278 1448 minis
296 1421 540 1455 cireumscribitur,
572 1422 644 1450 Deus
666 1429 756 1451 autem
778 1429 820 1451 est
851 1424 985 1452 inﬁnitus.

198 1466 324 1499 Quonam
351 1468 433 1504 igitur
447 1474 526 1504 pacto
539 1471 612 1505 quod
640 1471 774 1499 inﬁnitum
808 1477 858 1505 est,
889 1473 988 1500 indivi-

1041 232 1088 258 καὶ
1107 231 1212 267 λύπην,
1229 233 1275 259 καὶ
1289 232 1423 268 δάκρυον,
1447 231 1627 266 συκοφαντίαν
1645 240 1673 258 τε
1692 232 1739 258 καὶ
1754 231 1834 258 δικι-

1041 278 1163 313 στήριον,
1183 278 1299 312 σταυρὸν
1316 277 1364 304 καὶ
1383 277 1509 310 θάνατον,
1526 278 1573 304 καὶ
1593 277 1641 312 τὴν
1659 278 1688 304 ὲν
1706 277 1834 312 μνημείῳ

1040 323 1125 351 θέσιν.
1142 324 1234 351 Ταῦτα
1254 324 1307 360 γὰρ
1323 323 1653 359 συμπαραλαμὸανόμενα
1668 324 1708 358 τῷ
1725 331 1833 358 μυστη-

1041 370 1101 404 ρίῳ,
1113 370 1246 404 ἀμϐλύνει
1262 379 1321 402 πως
1335 370 1388 396 τῶν
1405 370 1655 405 μικροψυχωτέρων
1665 370 1715 404 τὴν
1727 369 1833 401 πίστιν,

1039 414 1076 446 ὡς
1095 415 1160 450 μηδὲ
1173 415 1208 441 τὰ
1223 414 1322 450 ἐφεξῆς
1337 415 1390 441 τῶν
1406 415 1560 449 λεγομένων
1585 414 1628 441 διὰ
1654 413 1688 440 τὰ
1705 422 1836 448 προειρη-

1042 461 1109 495 μένα
1140 460 1409 496 συμπαραδέχεσϐαι.
1441 460 1478 487 Τὸ
1507 460 1563 495 γὰρ
1597 460 1750 495 Θεοπρεπές
1782 460 1834 494 τῆς

1039 508 1072 534 ἐκ
1096 508 1200 542 νεκρῶν
1221 507 1398 538 ἀναστάσεως
1427 507 1470 534 διὰ
1495 507 1525 533 τδ
1551 507 1614 542 περὶ
1641 506 1684 532 τὶν
1715 505 1834 532 θάνατον

1040 554 1163 588 ἀπρεπὲς
1188 554 1218 580 οὑ
1245 553 1412 588 προσίενται.
1444 553 1514 586 Ἐγὼ
1538 553 1566 580 δὲ
1589 552 1726 587 πρότερον
1751 549 1834 584 οἶμαι

1039 600 1095 626 δεῖν
1117 599 1215 634 μικρὸν
1233 600 1281 633 τῆς
1303 599 1436 634 σαρκικῆς
1455 599 1611 632 παχύτητος
1632 597 1677 623 τὸν
1697 597 1834 631 λογισμὸν

1039 646 1259 681 ἀποστήσαντας,
1274 645 1338 671 αὐτὸ
1352 645 1381 672 τὺ
1396 645 1479 671 καλὸν
1494 645 1536 679 ἐφ’
1554 644 1663 676 ἑαυτοῦ,
1680 644 1728 670 καὶ
1743 643 1777 669 τὸ
1794 643 1833 677 μή

1039 692 1158 719 τοιοῦτον
1179 691 1345 726 κατανοῆσαι
1370 691 1457 721 ποίοις
1480 691 1671 725 γνωρίσμασιν
1698 689 1835 723 ἑκάτερον

1040 737 1141 763 τούτων
1157 736 1407 771 καταλαμϐάνεται.
1424 735 1526 762 Οὐδένα
1539 735 1593 769 γάρ
1609 735 1735 770 ἀντερεῖν
1752 731 1833 768 οἶμαι

1040 783 1094 809 τῶν
1108 783 1304 817 λελογισμένων
1316 783 1357 809 ὅτι
1372 783 1400 808 ἓν
1415 782 1486 809 κατὰ
1503 781 1584 816 φύσιν
1599 780 1678 815 μόνον
1692 780 1747 806 τῶν
1763 779 1836 806 παν-

1040 837 1093 856 των
1109 829 1221 864 αίσχρόν
1236 829 1306 861 ἔστι,
1325 829 1354 855 τὸ
1371 829 1441 856 κατὰ
1457 828 1559 855 κακίαν
1576 826 1672 858 πάθος.
1688 826 1725 852 Τὸ
1739 826 1768 852 δὲ
1782 834 1835 851 κα-

1039 875 1102 907 κίας
1122 874 1199 906 ἐκτὸς
1217 875 1316 905 παντὸς
1332 874 1443 909 αἴσχους
1455 874 1530 900 ἐστὶν
1547 873 1700 907 ἀλλότριον.
1723 871 1833 905 Πρέπει

1037 922 1065 948 δὲ
1085 921 1144 957 Θεῷ
1157 921 1210 948 πᾶν
1225 921 1239 947 ὅ
1253 930 1277 947 τι
1291 930 1343 955 περ
1356 922 1388 947 ἂν
1414 922 1444 947 ὲν
1466 922 1499 956 τῇ
1514 920 1561 947 τοῦ
1585 919 1669 946 καλοῦ
1685 919 1834 954 Θεωρεῖται

1038 968 1165 1004 χ‹ῖ›ρᾳ.’Ἱι
1177 968 1266 994 τοίνυν
1282 968 1450 1000 δειξάτωσαν
1466 967 1563 994 κακίαν
1580 964 1712 999 εἶναιτὴν
1730 967 1834 999 γέννη-

1039 1024 1092 1045 σιν,
1104 1014 1153 1049 τὴν
1164 1013 1328 1049 ἀνατροψὴν,
1338 1013 1387 1048 τὴν
1399 1012 1523 1047 αῠξησιν,
1539 1012 1591 1045 τὴν
1606 1010 1674 1046 πρὸς
1686 1009 1716 1036 τὸ
1727 1009 1833 1036 τέλειον

1038 1061 1086 1095 τῆς
1101 1059 1208 1094 φύσεως
1227 1059 1356 1095 πρόοδον,
1373 1058 1422 1094 τὴν
1441 1057 1487 1084 τοῦ
1506 1058 1623 1085 θανάτου
1641 1057 1758 1090 πεῖραν,
1779 1054 1833 1090 τὴν

1039 1108 1071 1133 ἐκ
1091 1106 1138 1132 τοῦ
1161 1105 1277 1132 θανάτου
1291 1104 1430 1136 ἐπάνοδον,
1446 1104 1473 1138 ἢ,
1490 1105 1514 1130 εἰ
1529 1103 1581 1134 ἔξω
1596 1101 1695 1132 κακίας
1712 1100 1782 1127 εἶναι
1795 1100 1832 1127 τὰ

1039 1153 1173 1188 εἰρημένα
1189 1151 1366 1184 συντίθενται,
1385 1150 1460 1177 οὐδὲν
1476 1150 1588 1185 αἰσχρὸν
1600 1146 1712 1174 εἶναιτὸ
1727 1147 1832 1177 κακίας

1039 1200 1177 1234 ἀλλότριον
1193 1198 1222 1230 ἐξ
1238 1198 1361 1232 ἀνάγκης
1377 1196 1587 1230 ὁμολογήσουσι.
1606 1193 1699 1221 Καλοῦ
1714 1192 1743 1219 δὲ
1761 1191 1834 1218 πὰν-

1039 1255 1093 1278 τως
1108 1245 1337 1280 ἀναδεικνυμένου
1353 1243 1400 1270 τοῦ
1416 1243 1506 1277 πάσης
1520 1242 1701 1276 αἰσχρότητος
1717 1239 1764 1266 καὶ
1779 1247 1834 1265 κα-

1040 1293 1102 1324 κίας
1112 1291 1337 1327 ἀπηλλαγμένου,
1352 1290 1411 1321 πῶς
1424 1289 1475 1315 οὐκ
1490 1288 1601 1314 ὲλεεινοὶ
1611 1288 1660 1322 τῆς
1673 1285 1789 1319 ἀλογίας
1804 1283 1832 1310 οἱ

1039 1340 1070 1366 τὸ
1097 1338 1184 1364 κακὸν
1213 1337 1250 1372 μὴ
1279 1335 1393 1371 πρέπειν
1422 1335 1469 1361 ἐπὶ
1495 1335 1563 1360 Θεοῦ
1590 1331 1831 1367 δογματίζοντεςς

1046 1385 1128 1412 Ἀλλὰ
1160 1383 1268 1419 μικρὸν,
1296 1383 1379 1417 φησὶ,
1406 1383 1454 1408 καὶ
1481 1380 1701 1414 εὐπερίγραπτον
1728 1378 1744 1411 ἡ
1779 1377 1831 1402 ἁν-

1041 1431 1162 1467 θρωπίνη
1183 1429 1275 1464 φύσις,
1293 1429 1406 1463 ἄπειρον
1422 1427 1449 1454 δὲ
1516 1426 1622 1460 Θεότης.
1647 1425 1703 1451 Καὶ
1723 1422 1782 1453 πῶς
1796 1422 1831 1448 ἂν

1042 1476 1210 1513 περιελήφθη
1223 1475 1262 1511 τῷ
1279 1475 1373 1509 ἀτόμῳ
1396 1474 1426 1500 τὸ
1439 1473 1573 1508 ἀπειρον;
1600 1471 1654 1497 Καὶ
1681 1469 1722 1500 τίς
1748 1468 1831 1494 τοῦτό

197 1513 252 1540 duo
266 1514 428 1548 corpusculo
444 1516 642 1544 concludatur?
660 1517 759 1552 Ecquis
787 1518 862 1551 dicit,
891 1518 982 1545 inlini-

1039 1531 1132 1558 φησιν,
1163 1522 1255 1556 ὅτιτῇ
1283 1521 1441 1557 περιγραφῇ
1467 1519 1517 1553 τῆς
1548 1516 1665 1552 σαρκὸς,
1695 1514 1827 1548 καθάπερ

199 1563 253 1585 tam
265 1559 417 1587 divinitatis
449 1562 503 1589 vim
536 1570 618 1590 carne
641 1568 768 1598 tanquam
799 1572 864 1591 vase
894 1565 985 1599 aliquo

197 1605 432 1641 circumscriptam
447 1607 542 1641 fuisse,
579 1617 640 1636 cmn
657 1617 691 1637 ne
705 1610 731 1636 in
749 1615 845 1637 natura
872 1611 982 1645 quidem

197 1656 290 1679 nostra
309 1660 387 1680 mens
404 1653 462 1688 ipsa
473 1655 563 1682 carnis
577 1655 700 1683 terminis
716 1657 961 1685 circumscribatur
973 1658 984 1684 ?

197 1699 264 1726 Nam
292 1700 416 1735 corporis
433 1701 518 1728 moles
551 1702 668 1737 propriis
694 1703 818 1737 partibus
846 1705 984 1737 deﬁnitur,

198 1745 306 1773 animus
315 1750 405 1772 autent
419 1746 518 1773 mentis
534 1746 761 1782 cogitationisque
777 1748 898 1776 motibus
909 1757 984 1776 eom-

197 1798 290 1818 means
308 1799 356 1826 per
373 1799 469 1819 omnes
484 1800 528 1820 res
557 1798 714 1827 procreatas
740 1794 871 1828 atl_C(Bl05
899 1804 985 1830 usque

197 1837 367 1869 conscendit,
382 1838 415 1865 ad
432 1837 539 1865 intimas
555 1839 637 1866 maris
648 1844 739 1874 partes
750 1845 886 1875 penetrat,
905 1842 984 1877 longe

198 1885 305 1918 lateque
321 1891 370 1918 per
383 1887 468 1911 totum
484 1884 579 1912 orbem
599 1890 739 1920 evagatur,
752 1890 779 1913 et
797 1887 830 1914 ad
855 1895 898 1919 ea,
925 1897 985 1921 quze

197 1929 247 1956 sub
263 1933 331 1956 terra
342 1934 406 1957 sunt
416 1930 519 1957 accedit
532 1931 641 1958 solertia
655 1938 714 1963 sua,
731 1932 880 1966 quinetiam
890 1941 983 1961 eorum

198 1983 259 2008 quae
274 1984 356 2010 supra
371 1977 454 2005 cmlos
465 1981 608 2013 geruntur,
636 1978 842 2014 intelligentiam
866 1980 986 2015 plerum-

197 2030 250 2057 que
270 2024 456 2057 consequitur,
487 2031 537 2051 nec
554 2024 673 2059 pondere
689 2026 982 2060 corporisimpeditur.

197 2070 273 2102 Quod
287 2070 308 2097 si
321 2070 430 2097 animus
445 2070 688 2103 lmminis,natura:
699 2072 863 2099 necessitate
877 2073 984 2107 corpori

196 2116 370 2149 tonjunctus.
386 2115 486 2149 ubique
498 2120 549 2147 est,
564 2115 629 2149 quid
647 2116 718 2150 cogit
736 2124 785 2143 nos
800 2117 902 2149 dicere,
919 2124 985 2150 ,ear-

198 2163 240 2189 nis
254 2167 352 2189 natura
368 2162 539 2189 divinitatem
558 2162 719 2196 pratpediri?
741 2171 792 2190 cur
812 2171 867 2190 non
894 2165 985 2198 potius

197 2207 438 2242 corumexcmplo.
460 2214 520 2241 quas
545 2206 624 2234 nobis
654 2215 784 2235 concessa
804 2213 880 2239 sunt,
909 2210 981 2244 quod

196 2253 316 2279 divinam
330 2251 426 2278 deceat
444 2250 662 2284 dispositionem,
686 2253 848 2287 conjicimus
865 2257 893 2280 et
909 2253 983 2288 ιτοεί-

198 2297 305 2324 tamus?
322 2296 398 2323 Sicut
415 2296 486 2323 enim
504 2295 530 2323 in
541 2296 652 2325 lucerna
666 2299 805 2325 materiam
822 2299 983 2334 circumple-

198 2351 262 2370 xum
281 2342 372 2377 ignem
403 2342 561 2376 aspicimus,
587 2350 705 2378 eumque
729 2351 743 2370 a
772 2345 897 2377 materia,
922 2353 983 2379 qua:

199 2388 287 2423 ipsum
306 2387 425 2422 attingit,
440 2387 545 2415 ratione
563 2388 767 2424 distinguimus,
797 2398 858 2424 quae
891 2396 981 2418 tamen

197 2441 227 2461 re
242 2435 300 2468 ipsa
317 2433 446 2468 distingui
463 2442 515 2461 non
530 2439 654 2470 possunt,
673 2440 703 2462 ut
715 2435 820 2462 ﬂamma
847 2443 895 2470 per
919 2444 948 2464 se
967 2444 982 2464 a

204 2479 314 2506 materia
332 2480 456 2514 seiuncta
484 2480 655 2514 ostendatur,
672 2481 720 2509 sed
750 2486 867 2517 utraque
897 2490 982 2509 unum

197 2530 238 2553 est
250 2526 258 2560 (
271 2526 361 2553 nullus
377 2531 467 2554 autem
482 2527 508 2554 id
528 2527 595 2554 Inibi
618 2532 708 2555 sumat
730 2528 756 2555 in
770 2529 823 2555 hoc
844 2529 981 2564 exemplo,

197 2572 268 2606 quod
285 2571 355 2607 ignis
368 2578 568 2608 corrumpatur,
587 2574 636 2601 sed
660 2573 687 2601 id
710 2574 797 2601 solum
833 2575 981 2610 accipiens,

196 2617 268 2653 quod
279 2617 450 2646 similitudini
466 2619 605 2652 convenit,
622 2627 682 2654 quae
696 2620 729 2647 ab
747 2627 778 2647 ea
803 2625 869 2648 sunt
892 2621 982 2648 aliena

197 2663 420 2700 repudiet),quid
442 2665 579 2699 prohibet,
604 2667 671 2700 quin
683 2666 778 2693 eodem
807 2667 899 2699 modo,
927 2675 982 2702 quo

196 2710 335 2738 cernimus
343 2710 478 2738 ﬂammam
495 2712 628 2747 attingere
655 2713 805 2748 subjectam
822 2713 976 2746 materiam,

195 2755 283 2782 necin
296 2763 328 2783 ea
350 2760 440 2783 tamen
455 2756 566 2789 includi,
584 2757 639 2784 Deo
656 2757 765 2793 dignam
781 2757 981 2791 cogitationem

196 2802 606 2838 suscip'amus,crcdamusque
635 2807 761 2830 naturam
793 2803 913 2830 divinam
944 2803 980 2830 ita

196 2848 323 2884 conjungi
350 2853 431 2885 atque
447 2857 531 2877 unum
562 2850 619 2878 ﬁeri
639 2858 700 2878 eum
729 2850 849 2878 humana
870 2854 979 2884 natura,

1037 1568 1142 1602 ἀγγείῳ
1167 1566 1230 1599 τινὶ,
1254 1567 1270 1601 ὴ
1295 1566 1407 1600 ἀπειρία
1419 1565 1468 1599 τῆς
1488 1563 1612 1598 θεότητος
1640 1560 1830 1596 περιελὴφοη;

1038 1612 1105 1639 Οὐδὲ
1117 1611 1170 1646 γὰρ
1187 1611 1233 1638 ἐπὶ
1244 1611 1292 1642 τὶς
1305 1609 1445 1645 ἡμετέρας
1456 1609 1530 1644 ζωῆς
1544 1608 1619 1639 ἐντὸς
1632 1605 1831 1633 κατακλείεται

1037 1660 1090 1686 τῶν
1111 1659 1158 1693 τῆς
1185 1657 1284 1692 σαρκὸς
1310 1657 1381 1691 ὅρων
1403 1657 1419 1692 ἡ
1442 1656 1524 1691 νοερὰ
1548 1654 1640 1689 φύσις,
1662 1652 1720 1679 ἀλλ’
1742 1652 1756 1678 ὁ
1778 1651 1832 1686 μὲν

1037 1706 1119 1739 ὄγκος
1133 1704 1180 1731 τοῦ
1198 1703 1324 1738 σώματος
1338 1703 1393 1733 τοῖς
1410 1701 1521 1733 οίκείοις
1541 1701 1636 1736 μέρεσι
1655 1700 1832 1735 περιγραφε-

1037 1760 1093 1783 ται,
1107 1751 1124 1786 ἡ
1138 1751 1165 1776 δὲ
1177 1749 1249 1785 ψυχὴ
1263 1750 1318 1780 τοῖς
1330 1748 1380 1783 τῆς
1392 1748 1512 1779 διανοίας
1527 1747 1660 1781 κινήμασι
1675 1745 1749 1780 πάσῃ
1765 1743 1830 1770 κατ’

1038 1797 1163 1831 ἐξουσίαν
1175 1795 1345 1831 ὲφαπλοῦται
1360 1796 1392 1830 τῇ
1411 1795 1508 1826 κτίσει,
1525 1793 1573 1820 καὶ
1589 1792 1685 1828 μέχρις
1702 1792 1729 1817 οἰ
1737 1790 1829 1826 ρανῶν

1036 1841 1159 1874 ἀνιοῦσα,
1183 1842 1229 1867 καὶ
1252 1841 1308 1867 τῶν
1331 1839 1459 1866 ἀϐύσσων
1483 1837 1692 1867 ὲπιῧατεύουσα,
1717 1836 1764 1862 καὶ
1788 1834 1830 1869 τῷ

1038 1889 1133 1915 πλάτει
1151 1888 1199 1923 τῆς
1212 1886 1373 1922 οἰκουμένης
1389 1886 1571 1921 ἐπερχομένη,
1585 1884 1633 1912 καὶ
1650 1883 1717 1918 πρὲις
1728 1882 1764 1908 τὰ
1774 1889 1829 1909 κα-

1037 1934 1169 1969 ταχθόνια
1196 1933 1240 1959 διὰ
1270 1934 1319 1968 τῆς
1352 1931 1620 1967 πολυπραγμοσύνης
1652 1928 1828 1955 είσδύνουσα·

1037 1978 1169 2009 πολλάκις
1193 1978 1222 2004 δὲ
1247 1978 1293 2004 καὶ
1319 1977 1372 2003 τῶν
1394 1975 1602 2011 ὑπερουρανίων
1619 1973 1768 2008 Θαυμάτων
1797 1973 1829 1998 ὲν

1036 2024 1162 2060 περινοίᾳ
1178 2023 1294 2058 γίνεται,
1313 2023 1388 2049 οὐδὲν
1408 2022 1578 2057 βαρυνομένη
1593 2020 1632 2055 τῷ
1646 2018 1763 2053 ὲφολκίῳ
1777 2017 1827 2044 τοῧ

1037 2071 1173 2105 σώματος.
1188 2070 1218 2096 Εἰ
1233 2070 1260 2096 δὲ
1270 2069 1416 2104 ἀνθρώπου
1427 2068 1500 2103 ψυχὴ
1513 2067 1582 2094 κατά
1596 2067 1645 2099 τὴν
1656 2067 1702 2101 τῆς
1718 2064 1829 2099 φύσεως

1038 2116 1162 2151 ἀνάγκην
1183 2114 1396 2150 συγκεκραμένη
1414 2113 1453 2149 τῷ
1472 2113 1580 2148 σώματι
1606 2110 1745 2146 πανταχοῦ
1767 2110 1829 2137 κατ’

1038 2162 1163 2194 ἐξουσίαν
1181 2161 1305 2196 γίνεται,
1325 2160 1367 2192 τίς
1386 2160 1494 2194 ἀνάγκη
1513 2161 1545 2194 τῇ
1566 2158 1646 2194 φύσει
1659 2158 1709 2193 τῆς
1725 2158 1830 2192 σαρκὶς

1037 2208 1086 2243 τὴν
1102 2207 1215 2243 θεότητα
1230 2207 1318 2242 λέγειν
1330 2205 1585 2241 ὲμπεριείργεσθαι,
1599 2204 1647 2231 καὶ
1665 2204 1702 2239 μὴ
1717 2203 1761 2230 διὰ
1773 2203 1830 2230 τῶν

1037 2253 1169 2290 χωρητῶν
1191 2254 1256 2289 ἡμῖν
1273 2252 1479 2288 ὑποδειγμάτων
1504 2252 1657 2287 στοχασμόν
1674 2259 1735 2277 τινα
1760 2251 1830 2285 πρέ-

1038 2309 1124 2328 ποντα
1146 2300 1210 2335 περ)⁴
1229 2299 1278 2333 τῆς
1294 2299 1370 2330 θείας
1393 2299 1550 2334 οἰκονομίας
1571 2297 1684 2330 λαϐεῖν;
1708 2297 1753 2329 Ὠς
1772 2296 1830 2332 γὰρ

1037 2346 1068 2374 τὸ
1091 2345 1147 2381 πῦρ
1163 2346 1211 2372 ἐπὶ,
1226 2345 1276 2380 τῆς
1291 2345 1433 2380 λαμπάδος
1448 2346 1544 2380 ὁρᾶται
1565 2345 1614 2380 τῆς
1641 2344 1830 2379 ὑποκειμένης

1037 2393 1286 2430 περιδεδραγμένον
1300 2392 1377 2428 ὕλης,
1391 2393 1438 2420 καὶ
1451 2392 1530 2426 λόγος
1544 2391 1592 2426 μὲν
1605 2391 1739 2426 διακρίνει
1753 2391 1784 2417 τό
1797 2399 1830 2418 τε

1037 2440 1085 2466 ἐπὶ
1099 2441 1148 2475 τῆς
1163 2439 1230 2474 ὕλης
1246 2438 1311 2474 πῦρ,
1328 2440 1376 2466 καὶ
1389 2439 1439 2474 τὴν
1448 2438 1478 2465 τὺ
1492 2437 1547 2473 πῦρ
1563 2438 1734 2471 ἐξάπτουσαν
1748 2437 1828 2472 ὕλην,

1038 2486 1112 2522 ἔργῳ
1135 2484 1162 2511 δὲ
1182 2485 1232 2511 οὐκ
1249 2484 1324 2512 ἐστιν
1341 2485 1390 2511 ἀπ’
1414 2483 1538 2518 ἀλλήλων
1557 2483 1644 2510 ταῦτα
1661 2482 1828 2517 διατεμόντα

1037 2532 1080 2565 ἐφ’
1094 2530 1195 2565 ἑαυτῆς
1206 2529 1292 2563 δείξαι
1307 2530 1355 2565 τὴν
1369 2529 1455 2564 φλόγα
1472 2529 1669 2564 διεζευγμένην
1683 2529 1732 2564 τῆς
1748 2528 1827 2562 ὕλης,

1036 2575 1096 2603 ἀλλ’
1114 2574 1144 2601 ἓν
1160 2574 1196 2601 τὰ
1210 2573 1403 2609 συναμφότερα
1419 2573 1525 2607 γίνεται
1539 2573 1605 2609 (καί
1623 2581 1668 2607 μοι
1687 2573 1783 2608 μηδεὶς
1797 2572 1828 2599 τὸ

1038 2620 1187 2655 φθαρτικὸν
1208 2618 1256 2646 τοῦ
1274 2619 1359 2654 πυρὸς
1382 2618 1680 2653 συμπαραλαμὸανέτω
1695 2617 1735 2653 τῷ
1760 2618 1827 2645 ὑπο-

1037 2667 1174 2700 δείγματι,
1186 2665 1244 2692 ἀλλ’
1254 2666 1316 2692 ὅσον
1331 2664 1468 2699 εὐπρεπές
1480 2665 1539 2691 ἐστι
1553 2665 1634 2700 μόνον
1649 2666 1678 2691 ὲν
1689 2665 1723 2699 τῇ
1739 2664 1826 2691 εἰκόνι

1036 2710 1194 2745 δεξάμενος,
1209 2710 1240 2737 τὸ
1257 2710 1430 2745 ἀπεμφαῖνον
1446 2708 1631 2735 ἀποποιείσοω
1646 2709 1664 2743 ³)
1680 2709 1726 2735 τὸν
1743 2709 1826 2735 αὑτὸν

1036 2757 1152 2793 τρόπον,
1169 2757 1206 2787 ὡς
1219 2756 1330 2792 ὁρῶμεν
1344 2755 1392 2783 καὶ
1407 2755 1567 2790 ἐξημμένην
1580 2754 1627 2781 τοῦ
1642 2755 1826 2789 ὑποκειμένου

1037 2804 1086 2839 τὴν
1101 2803 1198 2838 φλόγα,
1216 2803 1262 2830 καὶ⁵
1277 2803 1327 2829 οὐκ
1341 2802 1587 2837 ὲναποκλειομένην
1601 2803 1634 2837 τῇ
1651 2801 1710 2838 ὕλῃ,
1727 2801 1755 2827 τί
1771 2810 1827 2828 κω-

1036 2850 1104 2884 λύει,
1116 2851 1165 2887 τῆς
1177 2850 1251 2882 Θείας
1264 2850 1370 2884 φύσεως
1380 2849 1476 2878 ἕνωσίν
1488 2857 1548 2877 τινα
1560 2849 1607 2876 καὶ
1619 2850 1826 2885 προσεγγισμὸν
