1912 3078
87 109 137 148 aii

565 120 754 153 PANOl’LlA
778 124 1010 158 DUGM-ATICA.
1030 139 1064 146 --
1080 127 1155 158 TIT.
1172 129 1238 159 VII.

1664 131 1717 163 218

86 173 312 207 κατανοήσαντας
331 172 398 207 πρὸς
415 173 446 200 τὸ
463 173 633 208 ἀνθρώπινον
645 197 651 206 ,
667 177 717 211 τὴν
735 176 873 212 οεοπρεπῆ

934 183 957 206 ιι
970 180 998 206 in
1012 180 1067 215 ipsa
1087 182 1283 216 conjunctione
1299 187 1380 218 atque
1397 183 1512 216 unitate,
1532 185 1657 219 quamvis
1690 187 1716 212 iu

85 219 207 245 διάνοιαν
224 220 272 246 καὶ
287 220 315 245 ὲν
330 219 370 254 τῷ
386 220 585 255 προσεγγισμῷ
603 221 789 249 διασώσασθαι
801 243 808 254 ,
825 224 876 250 πᾶ-

86 273 134 299 σης
156 264 331 299 περιγραφῆς
353 265 431 295 ἐκτὸς
452 262 522 292 εἶναι
545 266 575 292 τὸ
590 267 666 293 Θεῖον
688 269 874 302 πιστεύοντας,

85 309 134 335 κᾶν
150 310 178 335 ὲν
194 309 333 344 ἀνθρώπῳ
347 307 382 345 ᾗς
405 310 435 335 Εί
447 310 476 336 δὲ
500 311 591 344 ζητεῖς
606 311 661 343 πῶς
679 315 876 349 κατακιρνᾶται

85 355 180 387 θεότης
195 356 264 390 πρὸς
281 356 312 382 τὺ
326 357 506 392 ἀνθρώπινον,
522 357 580 392 ὥρα
597 367 638 384 σοι
656 360 707 393 πρὸ
722 360 816 387 τούτου
831 361 877 396 ζη-

84 402 156 433 τεῖν,
173 401 217 432 τίς
235 402 304 437 πρὶς
317 403 367 437 τὴν
381 403 470 438 σάρκα
487 404 536 437 τῆς
554 404 642 439 ψυχῆς
657 406 673 440 ἡ
692 408 824 441 συμφυῖα.
847 409 876 435 Εί

84 448 110 474 δὲ
126 449 177 483 τῆς
193 449 244 482 σῆς
261 449 397 483 ἀγνοεῖται
416 450 504 485 ψυχῆς
520 451 534 477 ὁ
551 451 659 487 τρόπος,
678 453 739 479 καθ’
755 454 784 480 ὃν
801 455 876 481 ἑνοῦ-

84 503 128 520 ται
148 494 190 529 τῷ
206 495 332 529 σώματι,
353 496 419 532 μηδὲ
436 497 525 523 ἐκεῖνο
540 498 648 529 πάντως
663 499 717 525 οἴου
734 500 788 526 δεῖν
802 501 877 532 ἐντὸς

78 541 212 585 γγενέσθαι
227 542 274 576 τῆς
292 543 342 576 σῆς
354 543 542 578 καταλήψεως.
564 545 634 571 Ἀλλ’
655 545 748 581 ὥσπερ
763 547 878 574 ἐνταῦθα

77 588 131 618 iui.
145 586 245 622 ἕτερον
260 585 329 614 εἷναί
346 597 372 614 τι
386 590 462 623 παρὰ
479 589 509 615 τὸ
530 590 609 625 σῶμα
629 591 678 627 τὴν
692 591 781 627 ψυχὴν
797 602 878 620 πεπι-

76 627 252 668 ξστεύκαμεν,
266 634 298 659 ὲκ
310 633 357 660 τοῦ
374 635 542 668 μονωθεῖσαν
557 637 606 670 τῆς
618 637 706 672 ψυχῆς
721 637 769 673 τὴν
786 639 877 674 σάρκα

76 679 186 712 ξνεκράν
209 687 240 705 τε
263 680 310 705 καὶ
335 680 516 716 ἀνενέργητον
537 682 670 716 γίνεσθαι,
696 685 742 710 καὶ
766 685 813 711 τὸν
827 687 878 721 τῆς

84 724 211 756 ὲνώσεως
240 725 290 751 οὐκ
313 726 532 760 ὲπιγινώσκομεν
557 728 675 763 τρόπον·
702 729 773 756 οὕτω
798 733 879 758 κάκεῖ

84 771 228 804 διαφέρειν
243 772 294 806 μὶν
310 772 355 798 ἐπὶ
371 772 400 798 τὸ
426 773 717 810 μεγαλοπρεπέστερον
738 776 787 812 τὴν
803 777 878 804 θείαν

85 816 170 850 φύσιν
191 817 261 851 πρὸς
277 818 324 853 τὴν
341 818 440 854 θνητὴν
457 821 505 846 καὶ
521 820 652 856 ἐπίκηρον
669 823 857 858 ὁμολογοῦμεν
868 844 876 856 ,

79 863 130 900 ,τὸν
144 864 175 890 δὲ
188 864 238 898 τῆς
258 865 436 900 ἀνακράσεως
452 867 552 901 τρόπον
575 868 624 894 τοῦ
642 869 721 895 Θείου
743 870 811 905 πρὸς
832 871 877 898 τὸν

74 910 233 949 ,ἄνθρωπον
250 912 365 938 συνιδεῖν
385 913 414 938 οὐ
442 912 595 948 χωροῦμεν.
621 914 701 941 Ἀλλὰ
716 916 746 942 τὺ
764 916 813 949 μὲν
833 925 879 950 γε-

86 955 220 990 γενῆσθαι
237 956 302 982 Θεὸν
319 957 348 983 ἐν
365 957 510 992 ἀνθρώπου
530 959 609 992 φύσει
623 960 667 986 διὰ
683 960 736 987 τῶν
753 961 876 995 ἱστορου-

75 1000 181 1036 ’μένων
200 1001 349 1038 θαυμάτων
366 1005 416 1031 οὐκ
433 1006 647 1040 ἀμφιῦἀλλομεν,
669 1007 698 1032 τὸ
713 1007 735 1034 δ’
751 1008 823 1039 ὅπως
840 1009 878 1039 ὡς

89 1049 184 1082 μεῖζον
197 1047 214 1082 ἦ
231 1049 302 1076 κατὰ
315 1050 453 1085 λογισμῶν
469 1052 561 1085 ἔφοδον
575 1053 714 1088 διερευνᾷν
729 1054 879 1089 παραιτού-

89 1094 174 1128 μεθα.
190 1095 258 1122 Οὐδὲ
271 1095 325 1131 γὰρ
338 1097 428 1124 πᾶσαν
439 1097 489 1132 τὴν
505 1099 664 1133 σωματικήν
679 1107 708 1124 τε
723 1099 769 1125 καὶ
780 1099 878 1134 νοητὴν

88 1139 182 1166 κτίσιν
197 1139 274 1173 παρὰ
288 1140 337 1175 τῆς
353 1141 498 1175 ἀσωμάτου
516 1150 546 1167 τε
567 1143 613 1168 καὶ
628 1142 755 1168 ἀκτίττου
770 1142 878 1176 φύσεως

89 1185 245 1220 ὑποστῆναι
261 1186 448 1219 πιστεύοντες,
467 1187 497 1213 τὸ
513 1187 594 1213 πόθεν
612 1188 628 1221 ἢ
647 1187 676 1214 τὸ
691 1188 750 1219 πῶς
764 1189 796 1223 τῇ
814 1189 878 1223 περὶ

87 1231 192 1257 τούτων
210 1231 300 1258 πίστει
316 1232 537 1267 συνεξοτάζομεν.
559 1233 638 1259 Ἀλλά
654 1233 685 1260 τὸ
713 1234 878 1268 γεγενῆσθαι

89 1277 328 1311 παραδεχόμενοι,
347 1278 629 1314 ἀπολυπραγμόνητον
646 1280 693 1306 τὸν
712 1280 812 1315 τρόπον
829 1281 879 1314 τῆς

87 1320 135 1347 τοῦ
164 1322 266 1353 παντὸς
289 1322 442 1353 συστάσεως
464 1323 675 1358 καταλείπομεν,
699 1324 735 1354 ὡς
760 1324 879 1359 ἄρρητον

89 1367 266 1394 παντάπασιν
282 1367 346 1394 ὄντα
362 1369 409 1394 καὶ
427 1369 640 1404 ἀνερμήνευτον.
657 1369 709 1396 Τοῦ
724 1370 752 1396 δὲ
769 1371 834 1396 θεὸν
850 1371 878 1397 ἐν

89 1414 174 1449 σαρκὶ
190 1414 383 1450 φανερωθῆναι
401 1415 465 1449 ἡμῖν
483 1416 496 1442 ο
511 1415 559 1447 τὰς
574 1415 724 1448 ἀποδείξεις
743 1414 879 1448 ἐπιζητῶν

90 1461 160 1495 πρὸς
174 1461 224 1491 τὰς
240 1461 378 1496 ἐνεργείας
391 1461 522 1496 βλεπέτω.
538 1462 593 1488 Καὶ
605 1463 659 1496 γὰρ
673 1462 718 1488 τοῦ
730 1461 796 1493 ὅλως
810 1460 878 1488 εἶναι

89 1506 158 1531 Θεὸν
179 1507 230 1532 οὐκ
246 1507 279 1533 ἀν
294 1515 337 1538 τις
350 1507 449 1542 ,ἑτέραν
464 1507 602 1538 ἀπόδειξιν
627 1507 682 1541 ἔχοι
700 1507 768 1542 πλὴν
783 1508 832 1541 τῆς
846 1508 879 1534 δι’

89 1553 184 1579 αὐτῶν
200 1553 254 1580 τῶν
272 1553 418 1588 ἐνεργειῶν
435 1553 599 1588 μαρτυρίας.
615 1553 720 1588 ’Ὠσπερ
735 1554 824 1580 τοίνυν
842 1555 882 1585 είς

89 1600 120 1625 τὸ
137 1600 194 1627 πᾶν
210 1599 376 1634 ἀφορῶντες,
390 1600 438 1627 καὶ
456 1600 505 1631 τὰς
519 1600 590 1627 κατὰ
605 1599 649 1626 τὸν
668 1600 769 1634 κόσμον
782 1601 883 1626 οίκονο-

93 1646 159 1680 μίας
176 1646 405 1678 ἐπισκοποῦντες,
421 1647 468 1672 καὶ
485 1646 534 1678 τὰς
551 1646 713 1681 εὐεργεσίας
727 1646 775 1676 τὰς
791 1646 883 1672 θεόθεν

90 1692 164 1718 κατὰ
179 1692 230 1726 τὴν
244 1691 315 1727 ζωὴν
327 1692 405 1727 ήμῶν
416 1692 615 1726 ὲνεργουμένας
630 1691 809 1727 ὑπερκεῖσθαί
822 1701 883 1719 τινα

90 1737 155 1763 δῦνσ
160 1746 208 1771 μιν
222 1738 365 1772 ποιητικὴν
379 1738 432 1764 τῶν
445 1738 606 1772 γινομένων,
621 1738 668 1764 καὶ
683 1738 883 1773 συντηρητικὴν

91 1784 148 1809 τῶν
168 1784 255 1810 ὄντων
271 1784 528 1818 καταλαμϐάνομεν⁶
550 1784 621 1810 οὕτω
644 1785 691 1811 καὶ
709 1785 756 1811 ἐπὶ
775 1784 821 1811 τοῦ
840 1784 884 1811 διὰ

93 1829 194 1863 σαρκὸς
206 1830 272 1864 ἡμῖν
286 1830 488 1864 ερανερωθέντος
501 1829 567 1855 Θεοῦ
582 1829 675 1865 ίκανὴν
686 1830 823 1863 ἀπόῑειξιν
835 1830 884 1865 τῆς

91 1875 257 1908 tmpus-la;
272 1874 320 1908 τῆς
336 1875 461 1910 θεότητος
472 1875 506 1901 τὰ
518 1875 588 1902 κατὰ
602 1875 652 1906 τὰς
666 1875 804 1910 ἐνεργείας
819 1875 884 1902 θαύ-

95 1928 170 1954 ματα
189 1921 365 1956 πεποιήμεθα
382 1922 473 1948 πάντα
495 1921 551 1952 τοῖς
573 1921 754 1957 ίστορηθεῖσιν
780 1922 882 1957 ἔργοις,

93 1965 128 1991 δι’
146 1963 183 1992 ὧν
199 1967 214 2000 ἡ
229 1966 289 1992 θεία
307 1966 538 2002 χαρακτηρίζεται
554 1967 633 2001 φύσις
654 1968 882 2003 κατανοήσαντες.

95 2012 164 2037 Θεοῦ
180 2011 210 2037 τὸ
227 2011 370 2042 ζωοποειῖν
385 2013 447 2043 τοὺς
459 2012 619 2047 ἀνθρώπους
633 2020 640 2028 ·
658 2012 724 2039 Θεοῦ
740 2015 769 2039 τὸ
786 2021 884 2048 συντη-

97 2060 155 2093 ρεῖν
175 2058 219 2084 διὰ
232 2059 360 2093 προνοίας
378 2058 411 2084 τὰ
427 2058 493 2084 ὅντα
507 2067 514 2074 ·
530 2058 597 2085 Θεοῦ
611 2059 641 2085 τὸ
657 2058 758 2094 βρῶσιν
774 2059 820 2086 καὶ
835 2059 885 2085 πό-

97 2114 140 2132 σιν
158 2106 215 2136 τοῖς
233 2105 277 2132 διὰ.
299 2105 399 2139 σαρκὸς
417 2105 466 2139 τὴν
484 2105 556 2140 ζωὴν
577 2106 883 2141 εἱληχὸσιχαρίζεσθαιο

96 2152 164 2178 Θεοῦ
185 2151 215 2177 τὸ
230 2152 386 2187 εὐεργετεῖν
401 2151 447 2178 τὸν
459 2151 597 2187 δεόμενον
611 2153 678 2178 Θεοῦ
697 2152 726 2178 τι
742 2161 886 2188 παρατρα-

97 2199 197 2224 πεῖσαν
214 2197 243 2230 ἐξ
256 2198 397 2229 ἀσθενείας
411 2199 460 2232 τὴν
476 2199 557 2233 φύσιν
572 2199 652 2225 πάλιν
663 2199 697 2225 δι’
709 2199 802 2233 ὑγείας
817 2200 885 2235 πρὸς

96 2243 199 2278 ἑαυτὴν
216 2243 378 2277 ἐπανάγειν
392 2243 459 2270 Θεοῦ
475 2245 504 2269 τὸ
522 2244 612 2278 πάσης
628 2245 783 2270 ἐπιστατεῖν
795 2245 889 2279 ὁμοιο-

95 2290 206 2325 τρόπως
232 2291 283 2325 τῆς
312 2290 439 2323 κτίσεως,
463 2291 525 2325 γῆς,
555 2290 703 2324 θαλάσσης,
726 2290 816 2325 ἀέρος,
840 2291 889 2317 καὶ

94 2337 152 2364 τῶν
174 2337 245 2372 ὑπὲρ
267 2337 312 2364 τὸν
338 2337 408 2371 ἀέρα
430 2337 521 2363 τόπων
540 2343 547 2351 ·
576 2337 644 2363 Θεοῦ
664 2336 695 2362 τὸ
718 2336 784 2371 πρὸς
800 2336 890 2363 πάντα

95 2384 198 2419 διαρκῆ
220 2384 270 2418 τὴν
290 2384 404 2418 δύναμιν
432 2383 514 2418 ἔχειν,
537 2383 583 2410 καὶ
601 2385 654 2418 πρό
675 2392 708 2417 γε
727 2383 836 2410 πάντων
859 2382 889 2408 τὸ

97 2429 216 2456 θανάτου
243 2428 290 2455 καὶ
311 2428 415 2464 φθορᾶς
439 2426 509 2454 είναι
533 2428 685 2463 κρείττονα.
711 2428 742 2454 Et
767 2427 816 2462 μὲν
844 2426 890 2453 οὖν

97 2484 171 2507 τινος
187 2476 289 2501 τούτων
311 2475 358 2501 καὶ
374 2475 429 2501 τῶν
447 2473 576 2501 τοιούτων
603 2473 715 2508 ἐλλιπὴς
739 2471 773 2508 ἦν
787 2474 803 2507 ἠ
824 2472 890 2507 περὶ

97 2521 181 2549 αὑτὸν
196 2521 311 2555 ἱστορίι,
326 2520 438 2552 είκότως
447 2520 477 2546 τὸ
487 2520 634 2555 μυστήριον
647 2519 727 2555 ἡμῶν
736 2519 762 2545 οἱ
774 2518 826 2550 ἔξω
838 2519 889 2553 τῆς

99 2568 219 2599 πίστεως
241 2567 467 2602 παρεγράφοντο·
492 2567 517 2592 εἰ
540 2566 569 2592 δὲ
587 2566 620 2592 δι’
635 2563 672 2593 ὢν
690 2566 791 2592 νοεῖται
811 2564 888 2596 Θεὸς,

101 2614 191 2639 πάντα
211 2613 240 2637 ὲν
256 2612 310 2643 τοῖς
330 2612 394 2646 περὶ
410 2610 492 2638 αὐτοῦ
511 2611 663 2646 διηγήμασι
680 2610 842 2645 καθορᾶται,
861 2609 888 2636 τί

100 2659 131 2684 τὸ
145 2657 294 2693 ἐμποδίζον
305 2659 338 2693 τῇ
351 2658 442 2684 πίστει
452 2657 568 2691 ;³Ἀλλά,
580 2657 655 2692 φησὶ,
666 2656 831 2692 γέννησίςςτε
844 2656 890 2682 καὶ

102 2703 216 2734 θάνατος
226 2703 290 2729 ίδιον
303 2704 353 2738 τῆς
366 2703 501 2738 σαρκικῆς
513 2702 570 2728 ἐστι
585 2703 700 2736 φύσεως.
710 2702 782 2736 Φημὶ
797 2702 888 2735 κάγώ·

102 2749 172 2776 ἀλλὰ
184 2750 216 2776 τὸ
230 2750 297 2784 πρὶς
312 2750 361 2784 τῆς
375 2750 507 2783 γενέσεως
522 2751 568 2776 καὶ
587 2749 618 2775 τὸ
635 2749 705 2783 μετὰ
717 2749 763 2775 τὸν
776 2749 891 2775 θάνατον

102 2797 151 2830 τὴν
164 2797 215 2831 τῆς
233 2796 341 2830 φύσεως
357 2795 435 2830 ἡμῶν
455 2795 583 2829 ἐκφεύγει
599 2795 754 2828 κοινότητα.
773 2794 819 2825 Ei;
835 2794 889 2829 γὰρ

104 2842 220 2877 ﬁxing:
233 2842 281 2877 τῆς
296 2841 469 2877 ἀνθρωπίνης
484 2841 553 2877 ζωῆς
569 2841 602 2868 τὰ
613 2841 718 2876 πέρατα
732 2840 886 2875 βλέποντες,

930 226 1041 254 homine
1057 227 1126 255 Deus
1136 228 1180 260 sit,
1195 228 1267 255 nulla
1277 233 1367 255 tamen
1380 229 1635 265 circumscriptione
1652 240 1718 258 con-

929 271 1078 298 cludatur?
1097 272 1175 304 Quod
1192 272 1214 299 si
1227 274 1338 307 qua:ris,
1351 274 1488 308 quomodo
1505 274 1576 302 Deus
1588 284 1648 302 cum
1668 277 1718 303 ho-

929 318 1002 345 mine
1014 319 1174 345 commistus
1204 319 1249 350 sit,
1278 319 1354 353 prius
1375 320 1518 346 considera
1548 321 1719 355 conjunctio-

929 371 990 390 ncm
1009 364 1093 391 animi
1109 373 1170 391 cum
1184 372 1266 392 carne
1283 366 1394 400 tua,qui
1420 366 1531 400 quidem
1558 368 1677 399 animus,
1697 368 1719 394 si
1755 383 1758 386 ~

929 409 1079 445 intelligere
1094 418 1146 437 uon
1160 416 1247 446 potes,
1266 419 1318 446 qua
1334 412 1438 439 ratione
1455 420 1517 439 cum
1532 420 1647 447 corpore
1673 422 1721 440 co-

929 455 1049 490 puletur.
1064 457 1150 483 tnulto
1165 457 1256 484 [uilius
1274 458 1400 485 existima
1428 463 1453 485 te
1485 466 1567 493 posse
1597 460 1719 493 assequi,

929 509 983 536 quo
998 507 1078 536 pacto
1096 503 1166 530 Deus
1182 511 1243 529 cum
1261 503 1370 530 homine
1382 505 1576 539 conjungatur.
1608 504 1735 538 Verum,-

929 548 1158 581 quemadmodum
1174 549 1200 574 in
1212 553 1237 575 te
1255 549 1343 576 credis
1361 549 1433 575 aliud
1445 549 1572 583 quiddam
1585 557 1646 576 esse
1660 549 1721 576 ani-

930 601 1015 624 mum,
1028 601 1108 628 quam
1121 602 1222 629 corpus
1237 595 1282 628 sit,
1295 595 1426 629 quoniam
1444 603 1543 630 corpus
1559 593 1598 622 ab
1625 596 1720 622 animo

930 642 1081 673 desertum,
1101 641 1218 668 cadaver
1230 642 1332 674 evadit,
1347 647 1428 677 atque
1453 643 1527 670 iners
1556 642 1604 674 iit,
1633 647 1660 670 et
1686 643 1720 670 ad

931 686 1065 719 agendum
1079 686 1184 717 inutile,
1195 687 1471 721 licetcoujunctionis
1485 688 1620 714 rationem
1639 688 1718 722 igno-

930 740 988 764 res;
1002 732 1041 759 sic
1052 733 1172 760 etiamin
1184 732 1228 759 Dei
1242 740 1304 759 cum
1314 733 1422 760 homine
1435 733 1629 768 conjunctione
1656 741 1721 760 con-

931 778 1038 805 fitemur
1052 778 1172 805 divinam
1188 783 1315 805 naturam
1329 779 1438 806 caduca:
1454 779 1619 813 mortalique
1632 778 1721 805 modis

929 824 1056 851 omnibus
1090 824 1220 860 dignitate
1250 828 1390 858 praestare,
1410 832 1462 858 qua
1497 824 1604 851 ratione
1628 829 1721 850 autem

930 870 1132 905 elliciaturipsa
1151 870 1312 905 conjunctio
1328 878 1381 897 non
1396 878 1543 904 possumus
1558 870 1719 904 intelligere.

929 915 1007 948 Quod
1026 915 1096 941 Deus
1112 915 1138 941 in
1155 914 1272 942 hominis
1289 919 1386 942 natura
1404 916 1512 949 genitus
1524 915 1570 947 sit,
1582 923 1615 941 ex
1635 915 1717 941 rebus

930 961 1110 993 admirandis,
1127 969 1187 996 quae
1202 961 1267 988 visa:
1283 961 1443 996 scriptaeque
1459 964 1533 993 sunt,
1561 968 1614 987 non
1632 961 1721 987 ambi-

929 1008 1027 1043 gimus,
1043 1007 1174 1035 rationem
1204 1013 1294 1034 autem
1314 1015 1345 1035 ac
1374 1007 1495 1040 modum,
1519 1011 1548 1033 ut
1578 1007 1721 1041 majorem,

929 1061 1012 1088 quam
1026 1062 1041 1081 a
1057 1053 1135 1082 nobis
1153 1054 1257 1089 percipi
1273 1054 1369 1089 possit,
1396 1054 1547 1081 omittimus
1580 1053 1721 1088 indagare.

929 1100 1022 1135 Neque
1032 1102 1116 1133 enim,
1125 1108 1188 1128 cum
1199 1109 1243 1128 res
1252 1108 1346 1128 omnes
1359 1108 1514 1135 corporeus,
1525 1104 1618 1134 etqua:
1630 1103 1722 1126 mente

930 1146 1015 1172 solum
1045 1146 1236 1180 percipiuntur
1251 1153 1266 1172 a
1289 1151 1385 1172 natura
1415 1145 1584 1179 incorporea,
1608 1149 1635 1171 et
1661 1151 1722 1178 qua:

930 1195 1020 1219 creata
1036 1199 1090 1218 non
1116 1196 1168 1223 est,
1196 1195 1354 1226 procreatas
1383 1198 1444 1217 esse
1469 1189 1616 1221 credimus,
1649 1188 1723 1215 unde

929 1241 976 1263 aut
990 1236 1126 1271 qumnodo
1142 1236 1219 1263 facta:
1242 1236 1308 1266 sint.
1337 1235 1550 1269 investigamus;
1580 1235 1626 1260 sed
1657 1241 1720 1260 cum

930 1282 1062 1309 mundqu
1079 1281 1163 1308 fuisse
1191 1281 1332 1308 conditum
1352 1280 1549 1314 acceperimus,
1576 1278 1721 1310 rationem,

930 1335 981 1362 qua
994 1327 1119 1354 conditus
1133 1327 1216 1354 fuerit
1232 1327 1339 1353 curiose
1355 1334 1408 1352 non
1419 1325 1601 1359 exquirimus,
1617 1324 1720 1358 quippe

930 1374 975 1408 qui
993 1374 1071 1408 plane
1088 1373 1217 1404 sciamus,
1235 1380 1300 1404 eam,
1315 1371 1389 1398 nullo
1405 1371 1487 1397 modo
1520 1377 1600 1405 posse
1618 1369 1722 1404 percipi

930 1424 977 1446 aut
991 1419 1130 1452 explicari.
1147 1418 1224 1451 Quod
1240 1423 1330 1445 autem
1352 1417 1422 1443 Deus
1435 1417 1460 1442 in
1475 1423 1558 1442 carne
1575 1415 1654 1442 nobis
1669 1423 1718 1449 ap-

931 1465 1063 1501 paruerit,
1078 1465 1100 1492 si
1120 1465 1182 1499 quis
1194 1463 1445 1491 demonstrationes
1476 1461 1601 1495 inquirit,
1626 1461 1649 1488 is
1663 1461 1724 1494 ejus

895 1525 918 1556 ς
933 1519 1016 1546 opera
1028 1511 1187 1546 conspiciat.
1200 1511 1268 1537 Nam
1283 1514 1308 1536 et
1323 1509 1393 1543 quod
1409 1508 1480 1534 Deus
1494 1508 1553 1542 ipse
1580 1509 1639 1556 sit,‘
1649 1507 1724 1534 nullo

934 1559 988 1586 alio
1002 1557 1052 1584 nisi
1072 1564 1185 1592 operum
1213 1556 1299 1590 ipsius
1327 1554 1486 1581 testimonio
1518 1552 1723 1587 comprobatur.

935 1605 970 1631 Ut
990 1603 1074 1638 igitur
1093 1610 1183 1629 rerum
1201 1600 1411 1628 universitatem
1438 1598 1590 1630 intuentes,
1617 1605 1726 1624 earqu-

933 1656 987 1684 que
1015 1647 1230 1675 moderationem
1256 1650 1283 1672 et
1315 1644 1451 1676 ordinem,
1487 1644 1604 1677 vitaque
1627 1646 1726 1669 nostra:

934 1693 1077 1721 commoda
1091 1692 1221 1719 divinitus
1240 1691 1301 1718 data
1317 1691 1537 1719 considerantes,
1550 1688 1605 1715 vim
1629 1695 1726 1722 quam-

934 1741 996 1768 dam
1010 1739 1103 1766 mundi
1114 1738 1280 1766 ellectrtcem
1310 1736 1598 1768 conservatricemque
1610 1741 1726 1768 cognos-

935 1786 1034 1817 cimus,
1050 1785 1090 1811 sic
1103 1785 1129 1810 iu
1145 1783 1200 1810 Deo
1216 1783 1296 1810 nobis
1313 1789 1362 1817 per
1389 1789 1498 1808 carnem
1521 1781 1654 1815 patefacto
1676 1780 1727 1806 ad-

936 1831 1062 1859 miranda
1080 1830 1152 1857 illius
1167 1837 1249 1865 opera
1263 1829 1361 1856 similia
1376 1828 1420 1859 iis,
1434 1835 1495 1862 quae
1521 1827 1622 1860 scripta
1649 1830 1726 1857 Slllll,

934 1879 1046 1913 quibus,
1078 1881 1205 1911 tanquam
1228 1876 1300 1902 notis
1326 1879 1424 1901 natura
1446 1873 1538 1900 divina
1562 1872 1726 1903 declaratur,

937 1925 1059 1959 locuples
1082 1923 1161 1950 nobis
1185 1921 1338 1949 divinitatis
1367 1920 1426 1954 ejus
1444 1918 1633 1946 testimonium
1659 1918 1733 1945 affe-

936 1975 1012 1998 runt.
1026 1969 1073 1997 Dei
1097 1975 1216 2002 namque
1239 1974 1299 1994 esse
1327 1966 1529 2001 cognoscimus,
1566 1965 1726 1992 hominibus

935 2017 1018 2044 vitam
1050 2016 1170 2043 tribucre
1187 2023 1194 2047 ;
1212 2013 1271 2045 Dei,
1291 2020 1334 2045 ea,
1364 2019 1424 2046 quae
1454 2015 1528 2043 sunt,
1557 2010 1729 2045 providentia

937 2062 1007 2090 tueri
1029 2070 1060 2088 ac
1076 2067 1240 2088 conservare
1254 2067 1261 2090 :
1277 2059 1336 2092 Dei,
1353 2059 1446 2085 cibum
1458 2061 1485 2084 et
1501 2062 1594 2092 potum
1609 2057 1642 2083 iis
1653 2063 1731 2090 ,ηοω

937 2110 965 2136 in
980 2115 1062 2135 carne
1077 2108 1158 2135 vitam
1179 2106 1291 2141 degunt,
1311 2105 1439 2140 elargiri;
1453 2104 1513 2134 Dei,
1541 2103 1575 2130 de
1599 2102 1730 2138 pauperi-

936 2155 986 2182 bus
1001 2159 1028 2181 et
1041 2153 1224 2189 indigentibus
1238 2152 1307 2178 bene
1325 2151 1424 2178 mereri
1439 2158 1446 2183 ;
1460 2150 1519 2182 Dei,
1530 2153 1654 2176 naturam
1669 2155 1737 2182 quae-

902 2190 923 2217 Ῑ)
937 2199 1096 2227 intirmitate
1110 2206 1159 2225 sua
1177 2199 1210 2225 de
1238 2203 1312 2224 recta
1339 2197 1383 2224 via
1420 2195 1577 2227 deﬂexerat,
1597 2195 1736 2222 reducere

940 2246 973 2273 ad
990 2245 1145 2274 sanitatem,
1159 2248 1186 2271 ct
1199 2245 1225 2270 in
1242 2243 1387 2278 pristinum
1397 2247 1497 2269 statum
1510 2249 1656 2274 revocare;
1670 2242 1733 2274 Dei,

944 2291 1051 2319 cunctis
1065 2297 1142 2325 :rque
1157 2290 1238 2317 rebus
1251 2288 1399 2323 procreatis
1409 2288 1553 2323 imperare,
1570 2293 1657 2319 terrae,
1673 2295 1735 2313 ma-

940 2337 971 2369 ri,
988 2336 1052 2369 aeri,
1065 2340 1090 2363 cl
1107 2336 1148 2368 iis,
1165 2343 1224 2370 quae
1236 2342 1318 2369 supra
1328 2342 1418 2361 aerem
1430 2334 1479 2361 sita
1491 2340 1571 2366 sunt;
1590 2333 1647 2364 Dei,
1665 2341 1731 2367 per-

940 2387 1049 2418 petuam
1065 2382 1090 2409 in
1103 2382 1194 2409 omnia
1209 2385 1369 2416 potestatem
1392 2380 1503 2413 habere,
1536 2380 1729 2414 imprimisque

941 2437 1001 2456 esse
1014 2433 1102 2456 morte
1130 2433 1158 2455 et
1176 2428 1352 2462 corruptione
1377 2427 1557 2461 superiorem.
1588 2426 1688 2453 llorqu
1705 2427 1732 2453 si

947 2474 1012 2509 quid
1027 2474 1053 2501 in
1070 2474 1196 2506 historia,
1212 2481 1264 2507 qua
1278 2472 1333 2499 vita
1346 2472 1430 2507 ipsius
1448 2472 1622 2505 describitur,
1654 2473 1729 2500 desi-

941 2519 1091 2553 deraretur,
1105 2519 1153 2550 illi,
1168 2518 1214 2553 qui
1229 2526 1244 2545 a
1260 2517 1391 2553 religione
1419 2522 1482 2545 sunt
1504 2519 1596 2550 alieni,
1632 2519 1732 2546 merito

942 2565 1099 2600 mysterium
1111 2568 1235 2591 nostrum
1251 2563 1439 2598 repudiarent,
1456 2563 1504 2590 Sin
1535 2563 1638 2595 omnia,
1666 2563 1729 2597 qui-

942 2609 1072 2638 busDeus
1084 2610 1267 2644 cognoscitur,
1297 2609 1324 2636 in
1358 2617 1390 2636 ea
1414 2609 1633 2644 conspiciuntur,
1665 2609 1730 2643 quid

941 2656 1081 2692 prohibet,
1095 2663 1150 2690 quo
1163 2656 1255 2682 minus
1290 2655 1372 2683 [idem
1406 2655 1621 2690 religionemque
1644 2653 1730 2681 susci-

941 2701 1288 2738 pias?Atenim,inquies,
1305 2700 1379 2728 nasci
1404 2705 1484 2734 atque
1514 2700 1590 2727 obire
1615 2699 1724 2733 propria

942 2752 1005 2776 sunt
1020 2747 1134 2783 hujusce
1147 2747 1248 2775 carnis.
1260 2747 1399 2779 Concedo;
1410 2754 1503 2773 verum
1513 2754 1554 2778 ea,
1568 2753 1627 2780 quae
1638 2749 1729 2772 ortum

942 2796 1002 2829 ejus
1026 2799 1233 2829 prateesserunt,
1261 2802 1376 2830 quaeque
1403 2798 1518 2821 mortem
1542 2797 1606 2820 sunt
1632 2792 1729 2819 subsc-

943 2846 1015 2875 euta,
1031 2849 1203 2869 cotilmunem
1215 2847 1320 2868 natum
1336 2845 1434 2868 nostra:
1445 2839 1629 2867 conditionem
1649 2845 1730 2873 supe-
