1912 3078
171 146 224 178 219

786 144 980 174 EU'l‘llYMlI
1001 142 1183 174 ZlGABENl

1748 139 1802 170 210

170 210 243 234 rant.
260 203 325 232 Nam
339 204 361 231 si
392 209 538 239 utrumque
565 203 713 231 terminum
744 203 869 230 humanae
895 202 975 232 vitaz,

1031 212 1091 238 ςμεν
1114 203 1160 230 καὶ
1177 203 1238 230 ὅθεν
1258 203 1416 238 ἀρχόμεθα,
1436 202 1482 230 καὶ
1499 202 1538 233 εἰς
1556 200 1582 226 τί
1598 197 1801 232 καταλήξομεν-

170 252 338 283 consideres,
354 251 469 282 videbis,
487 250 559 277 unde
577 249 751 284 incipiamus,
766 254 793 277 et
808 257 862 283 quo
874 249 960 276 dedu-

171 298 312 326 camur.A
327 297 505 331 corruptione
535 296 608 323 enim
633 295 796 331 principium
824 295 960 326 ducimus,

173 349 200 373 et
214 346 242 372 in
255 344 457 379 corruptionem
474 342 639 370 desinimus.
655 342 721 376 Ejus
735 347 827 368 autent
840 349 891 368 nec
914 349 961 368 or-

175 397 244 422 tum,
260 398 310 421 nec
327 394 442 416 mortem
457 388 564 422 excepit
592 387 744 422 corruptio.
765 386 821 414 lloc
835 385 884 413 tibi
912 385 961 413 ad-

174 435 329 463 mirandum
353 435 471 468 videtur,
489 439 516 461 ct
541 433 718 461 incredibile?
747 433 871 460 Gaudeo.
897 431 963 464 Qua:

176 481 250 509 enim
270 489 362 516 supra,
373 488 453 515 quant
469 479 542 507 credi
556 479 672 514 possint,
686 478 858 506 admirabilia
873 484 962 512 putas,

176 535 209 554 ea
219 535 300 562 supra
313 532 438 554 naturam
448 534 508 554 esse
517 526 667 553 conﬁteris.
677 525 848 560 Quapropter
856 525 907 552 huc
915 524 963 551 tibi

176 573 326 600 divinitatis
339 573 399 608 ejus
410 572 593 600 certissimum
606 571 642 598 sit
656 575 857 606 argumentum,
875 569 962 604 quod,

177 629 238 656 qum
253 621 287 648 de
316 621 362 647 illo
388 619 581 655 pradicantur,
605 626 660 645 non
680 621 830 652 sequuntur
853 616 965 656 omnino

179 667 303 694 ordinent
316 666 478 693 naturalem.
500 665 608 692 Etenim
623 664 644 692 si
659 672 701 696 ea,
721 671 780 699 quae
796 663 830 690 de
857 651 965 690 Christo

177 713 316 740 memoria:
352 713 462 748 prodita
486 716 561 743 sunt,
590 715 695 737 natura:
728 709 854 736 terminis
875 708 967 736 omnia

179 759 396 792 continerentur,
413 758 458 785 ubi
475 758 548 785 illius
561 761 632 785 esset
648 756 794 784 divinitas?
806 755 874 783 Cum
904 762 969 782 vero

180 805 341 836 multorum,
359 804 460 839 quibus
479 803 559 831 [idem
588 810 645 830 non
671 803 765 835 habes,
790 802 859 829 ratio
887 805 969 828 natu-

181 861 237 879 ram
252 857 373 887 superet,
391 852 449 879 [nec
461 851 517 886 ipsa
528 849 684 878 testimonio
700 853 775 880 sunt,
789 848 877 879 illum,
887 855 968 882 quem

180 895 359 930 pra-dicamus
378 895 461 922 Deum
483 895 565 922 etiam
580 902 651 922 esse.
676 893 805 921 Homines
833 892 906 920 enim
923 899 971 927 ge-

181 946 314 969 nerantur
329 949 360 968 ex
375 946 520 976 parentum
538 940 747 974 conjunctione,
764 944 791 967 et
811 943 872 974 post
895 946 970 965 mor-

183 993 236 1014 tem
258 988 343 1022 ipsam
360 991 582 1022 corrumpuntur.
593 986 659 1019 Qua:
673 986 696 1012 si
710 985 743 1013 de
767 985 826 1020 ipso
846 984 971 1012 diceren—

183 1038 237 1066 lur,
254 1033 337 1060 Deum
356 1040 418 1060 esse
433 1040 486 1059 non
502 1039 597 1067 posses
608 1030 776 1062 existimare,
797 1037 878 1064 quem
897 1036 972 1056 eam—

182 1080 255 1111 dem,
271 1087 351 1114 quant
369 1086 432 1110 nos,
461 1078 563 1105 habere
586 1082 690 1104 naturae
717 1076 900 1104 conditionem
931 1075 973 1101 in—

183 1127 326 1160 telliget-es.
343 1126 376 1152 At
391 1133 453 1152 cum
472 1124 546 1151 illum
563 1128 657 1151 natum
673 1123 784 1158 quidem
798 1129 858 1149 esse
881 1121 972 1155 audis,

184 1171 232 1199 sed
256 1170 388 1197 nascendi
408 1170 514 1196 ratione
539 1176 714 1196 communem
743 1174 848 1194 natura:
874 1171 974 1194 nostra:

183 1217 306 1244 ordinem
323 1224 478 1251 superasse,
496 1215 677 1250 eumdemque
701 1219 838 1242 mortuum
852 1214 974 1249 quidem,

183 1264 231 1291 sed
248 1263 451 1297 corruptionem
464 1271 519 1290 non
537 1262 669 1297 attigisse,
694 1268 866 1296 consequens
893 1260 975 1292 foret.

186 1315 214 1336 ut
228 1309 251 1337 si
266 1310 427 1337 alterutrum
441 1309 490 1336 tibi
509 1308 675 1336 credendum
690 1315 744 1335 non
771 1312 854 1339 esset,
887 1306 976 1333 homi-

184 1363 247 1382 nem
271 1356 361 1390 potius
384 1363 447 1383 eum
464 1362 524 1382 esse
538 1362 592 1382 non
613 1353 750 1387 crederes,
776 1361 860 1380 unum
880 1360 913 1379 ex
931 1352 974 1385 iis,

183 1403 230 1437 qui
248 1402 274 1429 in
291 1406 388 1429 natura
403 1401 621 1436 conspiciuntur,
632 1405 659 1427 et
669 1407 750 1434 quem
763 1407 818 1426 non
833 1406 894 1426 esse
920 1399 972 1425 ho-

185 1449 286 1475 minem
306 1448 444 1480 credercs,
458 1455 520 1474 eum
534 1446 690 1474 necessario
708 1446 792 1472 Deum
825 1444 975 1472 arbitrare-

184 1494 232 1520 ris.
250 1492 299 1526 Qui
317 1493 388 1520 enim
405 1500 468 1520 eum
494 1499 584 1519 ortum
609 1499 670 1519 esse
693 1491 830 1518 memorim
855 1489 976 1521 tradidit,

987 874 1008 903 Β

1019 250 1066 278 Ἐκ
1090 250 1193 281 πάθους
1212 250 1267 285 γὰρ
1287 249 1334 276 τοῦ
1357 246 1428 276 εἶναι
1445 248 1598 284 ἀρξάμενος
1617 246 1631 272 ὁ
1649 244 1804 278 ἄνθρωπος.

1014 296 1098 324 πάθει
1122 296 1361 331 συναπαρτίζεται.
1393 296 1466 322 Ἐκεῖ
1491 294 1521 320 δὲ
1545 292 1607 319 οὔτε
1632 292 1649 326 ὴ
1675 291 1806 324 γέννηςις

1013 343 1066 370 ἀπὸ
1086 343 1188 373 πάθους
1207 342 1317 378 ήρξατο,
1337 341 1398 368 οὔτε
1417 342 1462 367 τὸν
1481 339 1597 367 θάνατον
1617 336 1706 371 φθορὰ
1723 335 1806 362 διεδέ-

1014 389 1086 422 ξατο.
1102 389 1237 420 Ἀπιστεῐς
1251 388 1289 423 τῷ
1305 388 1442 422 οαύματι;
1456 387 1551 420 Χαίρω
1567 393 1613 411 σου
1628 384 1660 418 τῇ
1676 381 1806 415 ἀπιστία.

1020 434 1176 470 Ὀμολογείς
1195 435 1250 469 γὰρ
1268 434 1388 466 πάντως,
1403 433 1437 459 δι’
1451 430 1488 460 ὧν
1504 431 1574 465 ὑπὲρ
1591 430 1679 456 πίστιν
1703 428 1757 462 ἡγῇ
1777 426 1809 452 τὸ

1014 481 1160 516 λεγόμενον
1171 501 1178 514 ,
1197 481 1267 514 ὑπὲρ
1285 479 1333 515 τὴν
1352 479 1432 514 φύσιν
1446 477 1516 505 εἶναι
1530 476 1565 503 τὰ
1580 475 1719 509 Θαύματα.
1736 472 1810 500 Αὐτὸ

1015 526 1062 554 οὖν
1075 527 1153 554 τοῦτο
1165 527 1215 560 τῆς
1227 527 1352 562 θεότητος
1363 526 1434 552 ἔστω
1445 533 1486 551 σοι
1497 523 1544 550 τοῦ
1556 522 1685 558 φανέντος
1699 519 1810 548 ἀπόδει-

1017 574 1069 607 ξις,
1090 574 1120 600 τι)
1145 573 1183 609 μὴ
1196 574 1228 600 δι’
1251 573 1312 600 ὅλου
1337 572 1381 598 διὰ
1405 571 1460 598 τῶν
1483 570 1555 597 κατὰ
1579 569 1659 603 φύσιν
1685 566 1811 601 προϊέναι

1015 621 1046 647 τὺ
1063 621 1205 656 κήρυγμα.
1222 620 1252 646 Et
1269 619 1323 654 γὰρ
1342 619 1415 650 ἐντὸς
1430 616 1464 653 ἦν
1482 617 1538 644 τῶν
1551 616 1600 650 τῆς
1616 614 1723 648 φύσεως
1737 613 1812 647 ὅρων

1017 666 1105 692 πάντα
1117 665 1150 691 τὰ
1166 665 1230 700 περὶ
1245 663 1364 699 Χριστοῦ
1384 663 1549 697 διηγήματα,
1564 660 1615 686 ποῦ
1631 659 1661 685 τὸ
1676 658 1766 690 θεῖον;
1781 656 1813 700 lit

1018 711 1046 738 δὲ
1066 699 1226 746 ὑπερϐαίνει
1247 709 1296 746 τὴν
1313 709 1393 745 φύσιν
1410 709 1439 735 ὲν
1459 707 1567 738 πολλοῖς
1582 706 1596 732 ὁ
1612 705 1708 738 λόγος,
1723 704 1752 730 ὲν
1769 699 1813 733 οἷς

1019 758 1154 789 ἀπιστεῖς,
1171 758 1200 783 ὲν
1216 756 1320 788 τούτοις
1339 756 1412 782 ἐστὶν
1427 756 1443 791 ἡ
1462 753 1597 785 ἀπόδειξις
1612 751 1659 778 τοῦ
1675 751 1722 777 καὶ
1741 749 1811 774 Θεὸν

1019 803 1089 830 εἶναι
1104 803 1148 831 τὸν
1163 803 1379 838 κηρυσσόμενον.
1394 800 1554 835 Ἀνθρωπος
1571 798 1620 833 μὲν
1633 797 1687 831 γὰρ
1702 797 1734 821 ὲκ
1749 803 1814 821 συν-

1021 849 1143 885 δυασμοῦ
1166 849 1299 881 τίκτεται,
1324 848 1371 874 καὶ
1394 847 1463 882 μετὰ
1488 846 1602 873 θάνατον
1627 844 1656 870 ὲν
1678 841 1836 875 διαφθορᾷ-

1023 896 1135 929 γίνεται.
1151 896 1182 922 Et
1197 895 1283 922 ταῦτα
1295 895 1418 929 περιεῖχε
1435 893 1465 919 τὺ
1476 893 1616 926 κήρυγμα.
1632 890 1682 916 οὐκ
1698 888 1732 915 ἂν
1746 888 1815 914 Θεδν

1022 941 1090 968 εἶναι
1111 942 1219 973 πάντως
1238 940 1331 976 ᾠήθης
1351 940 1397 967 τὸν
1419 941 1447 966 ἐν
1469 940 1523 970 τοῖς
1545 938 1671 972 ἱδιὼμασι
1693 935 1743 969 τῆς
1764 933 1817 967 φύ-

1024 997 1091 1019 σεως
1105 987 1180 1023 ἡμῶν
1191 986 1422 1022 μαρτυρούμενον.
1434 985 1512 1012 Ἐπεὶ
1522 984 1550 1010 δὲ
1562 983 1615 1017 γὰρ
1628 980 1814 1016 γεγεννῆσθαι.

1026 1036 1075 1070 μὲν
1091 1034 1200 1066 ἀκούεις
1215 1034 1306 1066 αὑτὸν,
1318 1032 1498 1066 ὲκὸεϐηκὲναι
1509 1031 1538 1057 δὲ
1551 1031 1600 1065 τῆς
1611 1029 1719 1063 φύσεως
1733 1026 1816 1061 ἡμῶν

1023 1081 1072 1116 τὴν
1091 1080 1233 1115 κοινότητα
1253 1079 1292 1114 τῷ
1313 1087 1342 1105 τε
1359 1079 1410 1113 τῆς
1429 1079 1563 1111 γενέσεως
1581 1076 1686 1110 τρόπῳ,
1708 1074 1756 1100 καὶ
1776 1072 1816 1107 τῷ

1024 1127 1191 1161 ἀνεπιδέκτῳ
1211 1127 1259 1162 τῆς
1278 1127 1318 1157 είς
1338 1125 1441 1160 φθορὰν
1469 1122 1649 1154 ἀλλοιώσεως,
1670 1120 1760 1152 καλῶς
1783 1119 1817 1146 ἃν

1024 1175 1081 1210 ἔχοι
1104 1173 1177 1201 κατὰ
1201 1173 1233 1200 τὸ
1255 1171 1401 1199 ἀκόλουθον
1422 1170 1469 1197 ἐπὶ
1489 1170 1520 1196 τδ
1541 1169 1634 1204 ἓτερον
1657 1168 1689 1202 τῇ
1715 1165 1818 1200 ἀτοπία

1025 1219 1191 1257 χρήσασθαι,
1205 1220 1245 1251 εἰς
1259 1218 1289 1245 τὸ
1305 1219 1342 1254 μὴ
1356 1217 1499 1253 ἄνθρωπον
1515 1215 1596 1242 αὑτὸν
1607 1215 1655 1240 ἕνα
1670 1214 1724 1240 τῶν
1740 1213 1770 1239 ὲν
1782 1213 1816 1247 τῇ

1026 1267 1108 1301 φύσει
1136 1265 1320 1301 δεικνυμένων
1350 1263 1465 1291 οίεσοαι,
1503 1261 1622 1296 Ἀνάγκη
1654 1261 1708 1295 γὰρ
1741 1259 1818 1285 πᾶσα

1026 1313 1071 1340 τδν
1090 1312 1127 1348 μὴ
1146 1311 1308 1339 πιστεύοντα
1324 1309 1371 1337 τδν
1382 1308 1501 1337 τοιοῦτον
1518 1307 1661 1341 ἄνθρωπον
1678 1303 1760 1336 εῖναι,
1777 1305 1819 1334 εἰς

1026 1361 1075 1396 τὴν
1090 1360 1154 1394 περὶ
1168 1358 1213 1386 τοῦ
1229 1359 1294 1385 Θεὸν
1308 1357 1390 1384 αὐτὸν
1408 1353 1477 1382 εἶναι
1493 1354 1584 1381 πίστιν
1604 1351 1767 1386 ὲναχθῆναι.-
1787 1350 1818 1376 Ὀ

1027 1395 1082 1443 γὰρ
1092 1405 1272 1442 γεγεννῆσθαι
1290 1403 1370 1431 αὐτὸν
1390 1402 1534 1437 ιστορήσας
1553 1399 1600 1426 καὶ
1616 1399 1646 1425 τδ
1659 1399 1692 1424 ἐκ
1709 1395 1820 1431 Παρθέ-

1029 1462 1076 1481 νου
1101 1451 1282 1487 γεγεννῆσθαι
1303 1449 1512 1484 συνδιηγήσατο.
1531 1447 1562 1474 Et
1582 1445 1628 1472 οὖν
1650 1444 1746 1471 πιστῦν
1760 1443 1822 1469 ἐστι

1028 1499 1071 1525 διὰ
1085 1498 1140 1525 τῶν
1149 1496 1302 1532 εἰρημένων
1314 1495 1343 1522 τδ
1355 1493 1533 1529 γεγεννῆσθαι
1547 1491 1638 1522 αὑτὸν,
1651 1490 1695 1517 διὰ
1704 1489 1759 1516 τῶν
1772 1489 1822 1515 αὑ-

184 1539 256 1566 idem
282 1547 314 1565 ex
331 1538 440 1572 Virgine
463 1542 556 1564 natum
571 1542 685 1564 testatus
715 1541 767 1563 est.
797 1536 975 1568 Quamobrem

1032 1545 1085 1572 τῶν
1099 1544 1200 1572 τούτων
1213 1543 1319 1573 παντως
1330 1541 1392 1568 οὐδὲ
1403 1541 1432 1566 τὺ
1443 1539 1529 1570 οὕτως
1543 1537 1625 1565 αὑτὸν
1638 1545 1667 1571 γι
1675 1535 1821 1570 γεννῆσθαι

185 1585 207 1611 si
224 1584 367 1618 scriptoris
388 1583 468 1610 verba
484 1588 511 1610 te
525 1583 674 1615 adducunt,
703 1587 733 1609 ut
746 1587 839 1609 natum
867 1581 975 1613 credas.

185 1631 281 1658 eadem
301 1629 443 1663 scriptoris
463 1629 544 1655 verba
561 1628 609 1655 tibi
626 1627 702 1654 illum
730 1627 767 1654 ita
799 1631 893 1653 natum
917 1634 978 1654 esse

187 1676 383 1711 persuadeant.
409 1674 460 1707 Qui
489 1675 563 1701 enim
594 1678 685 1701 ortum
715 1673 803 1708 ipsius
829 1673 977 1705 enarravit,

187 1722 259 1749 idem
273 1729 338 1749 eum
352 1729 384 1748 ex
411 1720 521 1756 Virgine
546 1720 670 1755 adjunxit
692 1719 842 1747 exstitisse.
871 1719 904 1746 Et
931 1718 979 1754 qui

188 1769 222 1795 de
238 1772 326 1794 morte
339 1767 511 1794 mentionem
536 1766 611 1798 fecit,
639 1765 871 1792 resurrectionem
896 1764 979 1791 etiam

189 1819 250 1849 post
276 1818 392 1841 mortem
424 1817 467 1841 est
493 1817 617 1840 testatus.
641 1811 718 1844 Quod
742 1811 764 1838 si
793 1819 825 1838 ex
847 1810 894 1842 iis.
920 1817 981 1845 qua:

190 1861 280 1893 audis.
292 1864 320 1887 et
336 1865 487 1891 tuortuum,
502 1863 529 1886 et
544 1858 667 1893 genitum
694 1864 756 1884 esse
779 1856 918 1889 concedis,
947 1864 980 1883 ex

188 1907 291 1934 eisdem
305 1905 382 1933 dabis
397 1905 521 1937 omnino,
540 1908 569 1931 et
582 1907 684 1935 ortum,
708 1906 737 1928 et
763 1897 891 1929 'mortem
919 1903 980 1936 ejus

191 1962 208 1982 a
235 1952 413 1987 corruptione
442 1950 536 1985 procul
551 1949 680 1976 abfuisse.
708 1949 774 1981 Qua:
803 1949 826 1975 si
853 1953 980 1976 naturam

191 2003 333 2035 superant,
353 1998 377 2025 is
401 1997 472 2024 intra
506 2001 633 2023 naturam
661 2003 716 2021 non
744 1994 913 2026 continetur,
933 1995 981 2029 qui

192 2050 302 2082 propter
322 2045 380 2072 haec
393 2048 490 2070 natura
502 2041 627 2077 superior
647 2040 731 2067 fuisse
741 2040 956 2067 demonstratur.

451 2089 490 2116 Ea:
499 2089 590 2116 eadem
607 2088 737 2114 oratione.

227 2140 357 2173 Quamam
370 2137 463 2173 igitur,
479 2135 596 2170 inquies,
614 2141 696 2161 causa
715 2132 775 2164 fuit,
794 2139 844 2160 cur
857 2131 890 2159 ad
907 2131 984 2159 istam

193 2185 375 2213 humilitatem
393 2189 455 2210 sese
473 2181 631 2209 demitteret
659 2180 740 2212 Deus,
772 2187 802 2205 ex
838 2185 893 2212 qua
921 2177 986 2205 ﬁdes

1030 1590 1173 1618 ἀπίθανον.
1203 1589 1233 1614 '0
1257 1587 1310 1622 γὰρ
1336 1585 1384 1621 τὴν
1408 1586 1533 1620 γέννησιν
1556 1581 1641 1609 εἰπὼν
1665 1581 1713 1608 καὶ
1735 1580 1766 1606 τὺ
1789 1580 1822 1606 ὲκ

1031 1635 1180 1671 παρθενίας
1201 1632 1356 1669 προσέθηκε
1368 1640 1376 1648 ν
1393 1631 1440 1658 καὶ
1457 1631 1471 1656 ὁ
1487 1629 1533 1656 τοῦ
1550 1627 1666 1655 θανάτου
1687 1626 1820 1671 μνησθεὶς

1029 1670 1079 1707 καί
1091 1680 1139 1715 τὴν
1157 1678 1304 1706 ἀνάστασιν
1318 1677 1356 1712 τῷ
1369 1675 1476 1710 θανάτῳ
1491 1672 1765 1708 προσεμαρτύρησεν.
1784 1670 1816 1695 El

1030 1723 1076 1753 οὖν
1096 1726 1141 1759 ἀφ’
1162 1721 1198 1752 ὧν
1218 1723 1329 1754 ἀκούεις
1348 1722 1394 1748 καὶ
1414 1720 1539 1747 τεθνάναι
1574 1719 1620 1745 καὶ
1641 1716 1822 1751 γεγεννῆσθαι

1030 1772 1119 1802 δίδως,
1134 1772 1165 1797 ὲκ
1181 1770 1234 1797 τῶν
1246 1769 1336 1796 αὐτῶν
1350 1768 1446 1798 δώσεις
1463 1767 1572 1796 πάντως
1589 1767 1636 1790 καὶ
1652 1763 1682 1789 τὸ
1699 1763 1751 1794 ἔξω
1769 1761 1823 1788 πά-

1033 1817 1096 1848 θους
1116 1815 1185 1842 εἶναι
1202 1815 1250 1841 καὶ
1266 1813 1316 1848 τὴν
1331 1812 1457 1848 γέννησιν
1473 1810 1556 1838 αὑτοῦ
1572 1809 1618 1835 καὶ
1633 1808 1678 1834 τὸν
1693 1807 1822 1833 θάνατον.

1039 1861 1120 1888 Ἀλλὰ
1142 1861 1196 1896 μὴν
1217 1859 1304 1886 ταῦτα
1326 1857 1410 1893 μείζω
1431 1857 1480 1892 τῆς
1501 1856 1626 1890 φύσεως·
1649 1851 1746 1880 οὐκοῦν
1761 1851 1824 1878 οὐδὲ

1033 1907 1137 1938 ἐκεῖνος
1158 1906 1268 1937 πάντως
1292 1905 1367 1935 ἐντὸς
1385 1903 1474 1937 πάντη
1495 1902 1544 1936 τῆς
1567 1899 1674 1934 φύσεως
1689 1899 1703 1924 ὸ
1716 1898 1745 1924 ἐν
1765 1897 1825 1928 τοῖς

1033 1954 1104 1990 ὑπὲρ
1120 1953 1169 1988 τὴν
1188 1951 1269 1986 φύσιν
1282 1949 1464 1985 γεγεννῆσθαι
1477 1946 1715 1981 ἀποδεικνύμενος.

1253 2086 1304 2112 Ἐκ
1321 2084 1375 2110 τοῦ
1394 2082 1488 2110 αὐτοῦ
1506 2082 1609 2116 λόγου.

1071 2132 1117 2164 Τίς
1138 2129 1184 2158 οὖν
1203 2131 1218 2164 ὴ
1237 2131 1326 2161 αἰτία,
1338 2130 1416 2163 φησὶ,
1428 2128 1475 2155 τοῦ
1494 2128 1561 2162 πρὸς
1577 2127 1627 2162 τὴν
1641 2124 1827 2159 ταπεινότητα

1036 2178 1138 2213 ταύτην
1155 2176 1308 2211 καταϐῆναι
1323 2176 1353 2202 τὸ
1370 2175 1458 2208 Θεῖον,
1474 2174 1511 2205 ὡς
1527 2172 1676 2208 ἀμφίϐολον
1691 2168 1761 2197 εἶναι
1776 2170 1828 2205 τὴν

193 2232 275 2259 dubia
290 2230 461 2261 redderetur,
478 2235 541 2255 cum
554 2228 612 2262 ipse
627 2227 742 2257 ratione,
766 2232 827 2260 quae
843 2231 893 2252 nec
918 2231 975 2259 per-

1035 2227 1136 2257 πίστιν,
1160 2225 1184 2251 εἰ
1209 2223 1273 2254 Θεὸς
1287 2222 1317 2249 τὸ
1331 2222 1488 2257 ἀχώρητον,
1505 2220 1551 2246 καὶ
1564 2218 1761 2252 ἀκατανόητον,
1779 2218 1828 2243 καὶ

193 2278 258 2313 cipi,
271 2284 323 2304 nec
341 2273 550 2310 comprehendi,
561 2279 612 2300 nec
627 2272 756 2307 explicari
770 2275 870 2306 potest,
884 2270 986 2306 quippe

194 2331 255 2359 qua:
269 2329 379 2350 omnem
413 2320 604 2356 cogitationem
637 2325 799 2352 omnemque
826 2316 988 2352 magnitudi-

195 2377 258 2397 nem
274 2371 395 2402 superat,
414 2367 539 2393 humanae
550 2369 652 2392 natura:
663 2364 789 2391 sordibus
815 2363 986 2391 immiscere-

197 2421 251 2447 tur,
273 2415 309 2442 ob
322 2421 404 2448 quam
423 2412 556 2446 abiectam
585 2416 667 2445 atque
683 2411 811 2438 humilem
842 2410 986 2438 demissio-

196 2469 259 2489 nem
279 2460 383 2494 reliqua
398 2458 480 2485 etiam
495 2458 581 2492 ipsius
613 2458 682 2485 facta
712 2458 840 2485 sublimia
869 2457 987 2492 neglige-

198 2506 310 2534 rentur‘!
322 2505 363 2532 Ad
384 2504 436 2531 hoc
452 2504 535 2532 etiam
560 2504 624 2539 quid
655 2505 819 2539 respondch
846 2507 985 2539 oporteat,

197 2560 252 2579 non
282 2552 449 2586 ignoramus.
474 2550 526 2579 'l'u.
552 2550 597 2584 qui
619 2558 728 2579 causam
749 2550 858 2585 quaeris,
891 2557 987 2584 quam-

197 2599 291 2625 obrem
308 2597 381 2623 Deus
413 2595 499 2623 factus
516 2595 551 2623 sit
583 2596 672 2629 botno,
695 2597 717 2624 si
739 2597 830 2624 divina
857 2595 988 2623 beneﬁcia

197 2642 346 2671 abstuleris
360 2650 392 2669 ex
406 2642 523 2669 humana
541 2642 603 2675 vita,
630 2643 700 2670 unde
730 2643 814 2670 Deum
843 2649 987 2677 agnoscas,

197 2697 252 2716 non
269 2687 393 2716 habebis.
411 2686 633 2715 Benemercntem
648 2688 720 2715 enim
739 2689 772 2715 de
788 2689 867 2715 nobis
884 2696 915 2714 ex
929 2695 987 2713 mu-

197 2733 312 2759 neribus
328 2731 387 2765 ejus
399 2731 582 2766 agnoscimus.
598 2732 642 2759 Illa
656 2733 740 2765 enim,
755 2740 815 2766 qua:
828 2731 898 2759 facta
914 2735 989 2763 sunt,

197 2778 410 2814 conspicientes,
436 2778 590 2806 muniﬁcam
614 2779 750 2807 ell'eetoris
766 2783 890 2805 naturam
909 2777 990 2804 intel-

198 2827 317 2862 ligimus.
335 2826 427 2860 Itaque
443 2827 466 2854 si
480 2826 634 2862 benignitas
662 2830 690 2854 et
717 2825 873 2853 humanitas
891 2825 990 2852 divina:

199 2879 304 2902 natura:
319 2873 449 2902 indicium
466 2879 518 2909 est,
535 2875 668 2903 rationem
681 2874 775 2906 babes,
791 2880 872 2907 quam
898 2871 991 2906 requi-

1040 2271 1223 2306 ἀνεκλάλητον
1236 2269 1364 2304 πρᾶγμα,
1377 2268 1408 2294 τὸ
1419 2268 1488 2302 ὑπὲρ
1502 2267 1592 2293 πᾶσαν
1605 2265 1695 2297 δόξαν,
1710 2264 1759 2290 καὶ
1773 2264 1829 2290 πᾶ-

1040 2325 1089 2344 σαν
1105 2315 1301 2351 μεγαλειότητα
1312 2313 1351 2348 τῷ
1362 2312 1453 2347 λύθρῳ
1466 2312 1517 2346 τῆς
1529 2310 1702 2345 ἀνθρωπίνης
1717 2308 1829 2343 φύσεως

1038 2361 1252 2396 καταμίγνυται,
1264 2358 1302 2390 ὡς
1313 2358 1360 2385 καὶ
1371 2357 1420 2388 τὰς
1435 2356 1539 2391 ὑψηλὰς
1550 2354 1688 2390 ἐνεργείας
1700 2353 1784 2380 αὑτοῦ
1795 2354 1828 2387 τῇ

1038 2407 1106 2443 πρὸς
1119 2406 1149 2432 τὸ
1156 2404 1282 2432 ταπεινὸν
1294 2404 1418 2439 ἐπιμιξίᾳ
1428 2400 1679 2432 συνευτελίζεσθαι;
1693 2399 1751 2425 Οὐκ
1762 2399 1830 2425 ἁπο-

1040 2453 1140 2490 ροῦμεν
1155 2451 1282 2486 καὶπρὸς
1297 2451 1376 2477 τοῦτο
1391 2447 1559 2484 θεοπρεποῦς
1575 2446 1759 2481 ἀποκρίσεως.
1776 2446 1828 2480 Ζη-

1037 2501 1094 2532 τεῖς
1105 2499 1154 2534 τὴν
1166 2498 1255 2526 αἰτίαν
1266 2497 1311 2523 τοῦ
1322 2495 1448 2531 γενέσθαι
1459 2494 1525 2521 Θεὸν
1535 2495 1564 2520 ὲν
1574 2492 1728 2528 ἀνθρώποις
1741 2500 1748 2524 ;
1767 2491 1830 2518 Ἐὰν

1039 2546 1142 2581 ἀφέλῃς
1155 2545 1201 2572 τοῦ
1215 2544 1272 2580 βίου
1284 2543 1333 2574 τὰς
1347 2542 1438 2569 θεόθεν
1451 2541 1600 2575 γενομένας
1612 2538 1783 2573 εὐεργεσίας,
1799 2538 1832 2564 ἐκ

1040 2593 1124 2620 ποίων
1135 2591 1276 2626 ἑπιγνώσῃ
1289 2589 1320 2616 τὸ
1331 2589 1408 2615 Θείον
1422 2597 1428 2621 ;
1446 2587 1502 2613 Οὐκ
1515 2586 1548 2613 ἂν
1563 2586 1650 2612 εἰπεῖν
1667 2584 1751 2619 ἔχοις.
1771 2583 1829 2617 Ἀφ’

1039 2635 1077 2666 ὧν
1101 2638 1156 2673 γὰρ
1168 2634 1197 2664 εὖ
1223 2637 1378 2671 πάσχομεν,
1406 2634 1460 2661 ἀπδ
1482 2633 1583 2660 τούτων
1611 2631 1656 2658 τὸν
1682 2630 1831 2664 εὐεργέτην

1041 2684 1268 2719 ἒπιγινώσκομεν.
1290 2681 1362 2714 Πρὸς
1381 2681 1434 2716 γὰρ
1450 2680 1483 2707 τὰ
1508 2679 1639 2714 γινόμενα
1664 2673 1831 2712 βλέποντες,

1041 2730 1085 2755 διὰ
1107 2727 1210 2754 τούτων
1235 2727 1284 2762 τὴν
1309 2727 1356 2753 τοῦ
1379 2725 1588 2760 εὐεργετοῦντος
1614 2721 1834 2757 ἀναλογιζόμεθι

1043 2775 1134 2809 φύσιν.
1161 2774 1192 2801 Et
1215 2771 1261 2800 οὖν
1288 2772 1353 2800 ἴδιον
1378 2772 1524 2806 γνώρισμα
1549 2770 1599 2804 τῆς
1624 2769 1699 2800 θείας
1724 2767 1835 2802 φύσεως

1043 2823 1059 2857 ἡ
1086 2819 1284 2856 φιλανθρωπία,
1312 2819 1383 2854 ἔχεις
1398 2818 1426 2844 ὃν
1448 2817 1619 2852 ὲπεζήτησας
1643 2815 1722 2848 λόγον
1736 2823 1743 2831 ·
1760 2814 1834 2848 ἔχεις

1044 2870 1091 2904 τὴν
1117 2867 1206 2895 αἰτίαν
1226 2867 1274 2902 τῆς
1291 2867 1319 2893 ὲν
1342 2864 1495 2900 ἀνθρώποις
1515 2863 1562 2889 τοῦ
1579 2862 1646 2889 Θεοῦ
1669 2860 1834 2896 παρουσίας.
