1912 3078
121 152 170 184 221

603 157 791 188 P.\NOPL|A
812 157 1045 189 DOGMATICA.
1061 171 1094 178 -
1109 160 1183 191 'I‘l'I‘.
1204 162 1272 193 VH.

1698 167 1753 198 222

125 210 227 236 Ἐδεῐτο
247 212 302 245 γάρ
322 210 368 237 τοῦ
390 211 613 247 ξατρεύσοντοςὴ
632 213 712 247 φύσις
737 213 816 248 ήμῶν
832 213 889 239 ἀσοι

948 213 1002 242 .ris
1024 225 1031 242 :
1049 225 1159 244 causanti
1178 218 1272 249 habes.
1299 225 1347 245 cur
1372 219 1404 246 ad
1427 219 1554 248 homines
1580 222 1755 252 descenderit

119 255 226 289 ιήσισσι
242 263 249 270 ·
281 256 365 282 ἐδεῖτο
379 256 426 282 τοῦ
448 256 625 292 ἀνορθοῦντος
648 259 661 284 ὁ
676 258 705 284 ἐν
721 259 760 293 τῷ
785 257 910 293 πτώματι

117 301 279 335 ἄνθρωπος’
306 301 390 328 ἐδεῖτο
413 302 459 328 τοῦ
482 302 678 335 ζωοποιοῦντος
698 305 712 330 ὀ
737 305 910 340 ἀφαμαρτὼν

119 347 166 381 τῆς
180 347 254 381 ζωῆς
268 355 275 362 ·
293 347 377 374 ἐδεῖτο
391 348 437 375 τοῦ
452 349 520 385 πρὸς
534 349 563 375 τὸ
577 349 679 384 ἀγαθὸν
696 351 878 385 ἑπανάγοντος
893 352 908 378 ὁ

117 392 272 427 ἀπορρυεὶς
294 395 342 427 τῆς
359 394 406 421 τοῦ
430 395 532 429 ἀγαθοῦ
553 396 700 431 μετουσίας
713 405 719 413 -
740 397 838 433 ἔχρῃζε
859 398 909 432 τῆς

120 438 167 463 τοῦ
196 441 288 472 φωτὸς
310 440 461 476 παρουσίας
482 442 496 468 ό
517 442 715 477 καθειργμένος
735 444 774 479 τῷ
798 444 906 479 σκότῳ·

117 485 246 519 ἐπεζήτει
264 486 309 511 τὸν
328 486 467 522 λυτρωτὴν
488 488 502 514 ὁ
520 489 702 523 αίχμάλωτος,
719 490 765 516 τὸν
783 486 907 525 συναγω-

117 530 208 564 νιστὴν
223 531 237 556 ὁ
249 531 403 567 δεσμώτης,
420 533 465 559 τὸν
480 533 665 569 ὲλευθερωτὴν
679 536 694 561 ὁ
708 535 747 571 τῷ
764 536 839 571 ζυγῷ
858 537 908 571 τῆς

113 576 235 608 δουλείας
256 580 448 614 κατεχόμενος.
464 578 540 615 Ἀρι
559 581 646 616 μικρὰ
672 581 758 609 ταῦτα
778 583 825 609 καὶ
840 583 907 609 ἀνά-

113 622 166 655 ξια,
175 623 221 650 τὸν
229 624 295 651 Θεὸν
307 625 466 661 δυσωπῆσαι
475 627 543 661 πρὸς
554 627 697 663 ἐπίσκιψιν
706 629 754 664 τῆς
766 629 906 665 ἀνθρωπῖ-

111 679 159 705 νης
176 673 287 705 φύσεως
302 673 473 708 καταϐῆναι;
496 674 566 702 Ἀλλ’
581 675 654 710 ἐξῆν,
668 677 744 711 φησὶ,
761 677 808 704 καὶ
827 678 905 712 εὐερ-

111 717 260 752 γεῑηθῆναι
269 720 314 745 τὸν
323 719 476 755 ἄνθρωπον,
486 722 532 747 καὶ
545 722 591 748 τὸν
600 722 666 748 Θεὸν
675 724 704 749 ἐν
714 724 833 760 ἀπαθείᾳ
849 725 905 751 δια-

111 765 218 798 μεῖναι.
237 765 266 792 '0
277 767 333 801 γὰρ
347 766 387 802 τῷ
403 767 555 803 βουλήματι
571 769 601 795 τὸ
617 770 670 796 πᾶν
687 771 902 806 συστησάμενος,

109 810 156 836 καὶ
173 811 203 836 τὸ
222 811 259 845 μὴ
277 812 306 838 ὃν
321 812 478 848 ὑποστήσας
493 815 521 840 ὲν
537 814 605 850 μόνῃ
621 817 654 851 τῇ
670 816 742 851 ὁρμῇ
760 817 806 843 τοῦ
823 817 902 852 Galil»

967 262 1048 290 Deus.
1066 262 1167 298 Egebat
1183 264 1289 292 ntedico
1299 270 1394 292 natura
1411 270 1516 298 nostra,
1532 268 1578 302 qui
1596 269 1706 298 morbos
1728 276 1756 299 ct

964 308 1142 342 aegritudines
1157 313 1265 336 curaret
1277 317 1350 337 suas.
1366 310 1416 343 Qui
1427 311 1520 346 lapsus
1534 313 1642 347 jacebat
1660 315 1754 348 homo,

967 354 1028 388 ejus
1044 362 1138 389 opera,
1152 363 1167 382 a
1178 363 1232 390 quo
1244 355 1421 388 excitaretur,
1432 356 1579 392 indigebat.
1595 359 1647 393 Qui
1662 369 1676 388 a
1699 362 1755 390 vita

964 400 1137 433 discesserat,
1148 402 1245 436 egebat
1258 401 1330 429 illius
1344 403 1457 435 auxilio,
1468 403 1514 437 qui
1530 411 1560 432 se
1575 405 1602 432 in
1614 410 1696 433 Vitam
1712 415 1756 434 rc-

962 451 1084 475 vocaret.
1095 447 1196 483 Egebat
1210 448 1284 476 illius
1296 456 1357 484 ope,
1375 457 1389 476 a
1402 457 1456 484 quo
1467 450 1642 478 reduceretur
1659 451 1685 478 in
1695 453 1753 487 pri-

962 493 1064 520 stiuutu
1074 494 1206 521 bonorutu
1219 499 1318 522 statum
1328 495 1398 530 quia
1410 496 1582 530 perl‘ruendis
1592 497 1673 525 bonis
1681 500 1754 527 exci-

962 539 1049 566 derat.
1060 540 1161 574 Egebat
1172 540 1240 567 lucis
1251 542 1417 575 prmstantia,
1434 542 1480 576 qui
1494 542 1520 570 in
1538 543 1660 571 tenebris
1674 551 1753 571 coer-

961 586 1084 614 cebatur.
1112 587 1282 622 licquirebat
1305 593 1471 616 servatorem
1494 590 1627 624 captivus,
1645 590 1753 617 vinctus

960 638 1087 666 tutorem,
1112 634 1285 661 liberatorem
1314 634 1368 666 ille,
1391 635 1436 669 qui
1461 635 1512 662 sub
1537 636 1751 671 servitutisjugo

959 679 1142 707 detinebatur.
1164 680 1288 707 [‘arvane
1320 685 1399 708 erant
1415 681 1473 708 haec
1488 686 1515 708 et
1543 681 1663 717 indigna,
1690 690 1751 716 qua:

960 725 1033 753 Deus
1051 726 1108 760 ipse
1124 726 1287 761 susciperet,
1303 731 1385 762 atque
1400 732 1553 762 praestaret,
1564 729 1597 756 ad
1608 735 1749 757 naturam-

957 780 1011 806 que
1036 773 1182 799 humauam
1207 772 1368 800 visitandam
1394 774 1584 807 descenderet,
1605 783 1665 810 quae
1694 779 1747 802 tam

957 818 1147 846 miserabiliter
1160 823 1242 853 atque
1262 818 1405 847 infeliciter
1417 820 1513 848 aﬂecta
1528 822 1604 848 erat?
1634 823 1668 848 At
1679 821 1746 848 lice-

109 863 206 889 ματος,
220 855 246 882 τί
257 856 317 891 οὐχὶ
329 857 376 884 καὶ
387 859 434 884 τὸν
447 858 591 894 ἄνθρωπον
599 861 633 887 δι’
649 861 814 894 αὑθεντικῆς
828 871 885 889 τινο

109 902 151 913 .._\
166 902 262 913 ius“
280 902 318 913 ut
348 903 369 913 ιι
398 912 402 913 ,
437 905 447 910 -
485 907 490 913 .
567 906 573 913 ,
623 907 634 913 -
678 908 684 913 .
784 910 789 913 .
882 911 887 913 .

956 865 1012 898 bat,
1029 865 1148 900 inquies,
1168 865 1234 898 Deo,
1250 870 1279 892 ut
1295 866 1364 892 nihil
1381 866 1438 900 ipse
1456 871 1607 900 pateretur,
1638 868 1672 895 de
1700 868 1748 894 ho-

106 902 153 927 καὶ
166 902 263 936 θεῖκῆς
277 902 403 936 ἐξουσίας
418 905 467 938 τῆς
483 906 608 938 ἐναντίας
620 907 765 941 δυνάμεως
777 910 902 937 ἀποσπά-

107 956 157 979 σας
182 949 251 982 πρὸς
278 949 327 984 τὴν
344 949 373 982 ἐξ
387 950 475 986 ἀρχῆς
497 951 558 985 ἄγει
576 953 754 986 κατάστασιν,
778 955 801 982 εί
822 956 901 984 τοῦτο

106 995 183 1029 φίλον
200 996 296 1032 αὑτῷ;
319 997 402 1024 Ἀλλὰ
417 998 525 1034 μακρὰς
553 1000 730 1036 περιέρχεται
746 1002 898 1037 περιόδους,

106 1044 235 1079 σώματος
266 1045 454 1081 ὑπερχόμενος
480 1048 570 1082 φύσιν,
601 1049 647 1075 καὶ
675 1050 719 1077 διὰ
745 1052 900 1086 γεννήσεως

104 1090 214 1125 παριὼν
228 1092 268 1123 εἰς
282 1091 328 1118 τὸν
353 1091 420 1127 βίον,
444 1094 492 1120 καὶ
508 1095 597 1121 πᾶσαν
615 1095 771 1128 ἀκολούθως
789 1097 898 1132 ἡλικίαν

104 1135 235 1169 διεξιὼν,
262 1135 323 1164 εἶτα
347 1138 462 1166 θανάτου
493 1141 650 1175 γενόμενος,
681 1143 728 1168 καὶ
754 1142 826 1170 οὕτω
854 1144 898 1170 διὰ

103 1183 154 1217 τῆς
183 1183 232 1210 τοῦ
264 1184 330 1211 ἰδίου
365 1187 492 1220 σώματος
521 1188 694 1221 ἀναστάσεως
721 1190 766 1217 τὸν
796 1191 896 1218 σκοπὸν

101 1228 203 1261 ἀνύων,
219 1230 258 1261 ὡς
275 1231 325 1257 οὐκ
338 1231 398 1263 ὲξδιν
415 1232 490 1268 αὺτῷ
502 1233 610 1268 μένοντι
621 1236 668 1262 ἐπὶ
687 1236 734 1262 τοῦ
749 1235 834 1271 ὕψους
848 1239 898 1272 τῆς

103 1275 200 1310 θείκῆς
217 1275 296 1311 δόξης
311 1276 355 1303 διὰ
368 1278 580 1313 προστάγματος
605 1280 690 1307 σῶσαι
717 1281 763 1307 τὸν
791 1282 896 1317 ἄνθρω-

101 1328 163 1352 πον,
178 1320 228 1352 τὰς
245 1321 274 1348 δὲ
287 1321 416 1353 τοιαύτας
431 1324 572 1358 περιόδους
583 1325 690 1359 χαίρειν
704 1326 804 1358 sint;
821 1328 895 1354 Οὐκ-

100 1364 147 1390 οῦν
165 1364 274 1400 ἀνάγκη
291 1367 339 1392 καὶ
352 1367 412 1398 ταῖς
428 1367 568 1400 τοιαύταις
590 1370 644 1396 τῶν
667 1371 831 1398 ἀντιθέσεων
842 1373 892 1399 ἀν-

100 1410 303 1446 τικαταστῆναι
319 1412 385 1447 παρ’
400 1413 479 1447 ἡμῶν
496 1414 545 1448 τὴν
558 1414 700 1449 ἀλήθειαν,
715 1416 753 1448 ὡς
781 1417 816 1444 ἂν
846 1418 890 1445 διὰ

102 1455 221 1489 μηδενὸς
237 1457 254 1491 ἡ
269 1456 360 1489 πίστις
376 1458 507 1485 κωλύοιτο
516 1459 571 1486 τῶν
586 1461 766 1493 ἐξεταστικῶς
781 1463 892 1498 ζητούν-

102 1510 153 1528 των
167 1502 214 1528 τοῦ
233 1504 384 1538 μυστηρίου
403 1505 449 1531 τὸν
458 1505 549 1539 λόγον.
569 1506 679 1540 Πρῶτον
693 1508 743 1542 μὲν
756 1508 802 1544 οῷν
815 1509 841 1535 τί
852 1511 884 1545 τῇ

955 911 1028 939 mine
1045 911 1116 939 bene
1129 912 1236 939 mereri.
1251 912 1303 945 Qui
1314 912 1387 939 enim
1414 914 1546 940 mundum
1577 913 1745 947 universum,

954 965 1016 985 cum
1032 958 1123 985 nullus
1137 963 1220 991 esset,
1239 959 1354 986 consilio
1383 963 1410 986 et
1429 959 1488 986 solo
1504 960 1653 988 voluntatis
1670 966 1745 988 motu

954 1012 987 1031 ex
1008 1005 1094 1032 nihilo
1109 1005 1300 1037 constituerat,
1316 1012 1366 1032 cur
1381 1013 1437 1032 non
1452 1005 1535 1038 idem,
1567 1007 1588 1033 si
1625 1011 1678 1034 tam
1707 1007 1746 1034 illi

953 1050 978 1078 id
991 1055 1049 1077 erat
1060 1051 1147 1084 cordi,
1165 1050 1302 1079 hominem
1314 1052 1413 1079 divina:
1427 1053 1569 1087 potestatis
1584 1053 1746 1081 auctoritate

953 1104 985 1123 ex
1000 1097 1150 1124 adversarii
1166 1097 1307 1125 dominatu
1322 1098 1468 1125 liberatum
1484 1098 1511 1125 in
1529 1099 1673 1133 pristinum
1689 1103 1746 1126 sta-

952 1147 1010 1170 tum
1026 1143 1165 1170 restituit?
1180 1143 1234 1171 Cur
1250 1149 1304 1172 tam
1317 1144 1412 1179 longas
1443 1149 1602 1179 persecutus
1617 1150 1659 1172 est
1675 1145 1743 1178 vias,

953 1189 1018 1216 dum
1035 1189 1158 1223 corporis
1173 1194 1299 1216 naturam
1320 1191 1460 1218 assumit?
1485 1191 1549 1218 dum
1575 1199 1693 1218 nascens
1716 1191 1744 1218 in

952 1235 1037 1262 vitam
1054 1235 1226 1270 ingreditur?
1255 1236 1319 1262 dum
1349 1243 1459 1263 omnem
1493 1236 1590 1264 ordine
1619 1236 1744 1272 transigit

948 1286 1055 1308 :etatem
1074 1289 1162 1314 suam,
1178 1286 1348 1316 mortemque
1366 1282 1475 1309 tandem
1490 1282 1625 1317 degustat,
1640 1287 1666 1309 et
1679 1290 1742 1316 pro-

949 1327 1009 1362 prio
1021 1334 1138 1362 corpore
1160 1327 1193 1354 ad
1205 1327 1301 1362 ‘vitam
1329 1332 1456 1354 revocato
1485 1327 1659 1362 propositum
1688 1327 1741 1354 sibi

945 1374 1027 1401 linem
1043 1374 1208 1409 assequitur,
1242 1374 1319 1408 quasi
1332 1374 1360 1400 in
1377 1373 1483 1401 excelsa
1499 1372 1649 1400 divinitatis
1681 1373 1741 1408 glo-

946 1420 985 1446 ria
1002 1426 1117 1447 manens
1141 1420 1242 1446 omisso
1271 1424 1324 1446 tam
1348 1419 1427 1454 longo
1455 1418 1571 1446 circuitu
1601 1418 1739 1446 hominem

945 1466 1026 1501 jussu
1039 1473 1148 1493 servare
1161 1473 1215 1492 non
1230 1466 1343 1500 posset?
1359 1464 1476 1492 Necesse
1494 1468 1546 1497 est,
1577 1465 1658 1492 etiam
1679 1465 1740 1491 istis

950 1512 1120 1548 argumentis
1151 1511 1330 1546 respondere,
1360 1512 1558 1546 veritatemque
1593 1510 1739 1537 defendere

105 1548 189 1583 ἱρετῇ
207 1549 319 1575 κατὰτὸ
334 1550 457 1577 ἐναντίον
474 1551 708 1588 ἀντικαθέστηκεν
736 1555 889 1589 ἐπισκεψώ-

948 1565 975 1587 et
986 1559 1104 1594 aperire,
1117 1566 1151 1585 tte
1166 1566 1218 1593 qtta
1232 1559 1272 1586 vis
1285 1559 1347 1585 fidei
1363 1558 1540 1593 religiorxique
1558 1557 1691 1584 inferatur
1704 1557 1738 1584 ab

107 1593 182 1622 ιεθα.
202 1594 246 1626 Ὠς
261 1595 332 1629 φωτὶ
348 1596 454 1629 σκότος,
468 1597 515 1624 καὶ
526 1597 640 1628 θάνατος
651 1600 683 1634 τῇ
695 1601 763 1635 ζωῇ,
776 1601 847 1628 οὕτω
859 1603 891 1638 τῇ

105 1641 183 1674 ιρετῇ
203 1641 220 1675 ἡ
238 1641 334 1674 κακία,
353 1642 488 1676 δηλονότι,
514 1645 562 1670 καὶ
580 1645 657 1671 οὐδὲν
689 1647 762 1681 παρὰ
788 1647 891 1682 ταύτην

98 1687 204 1722 ἐτερον.
221 1687 355 1723 Καθάπερ
369 1689 423 1724 γὰρ
439 1689 544 1717 πολλῶν
559 1690 645 1718 ὄντων
657 1691 747 1720 τῶνὲν
757 1694 788 1728 τῇ
802 1695 891 1721 κτίσει

99 1732 307 1768 θεωρουμένων,
327 1735 403 1762 οὐδὲν
423 1736 488 1762 ἄλλο
506 1737 574 1771 πρὸς
589 1737 619 1763 τὸ
638 1738 696 1772 φῶς
711 1739 726 1774 ἢ
753 1740 802 1774 τὴν
816 1741 890 1775 ζωὴν

101 1779 146 1813 τὴν
159 1779 297 1813 ᾲντίθεσιν
307 1780 374 1815 ἔχει,
390 1781 420 1808 οὐ
432 1781 516 1814 λίθος,
529 1783 559 1808 οὐ
577 1783 664 1815 ξύλον,
680 1785 727 1819 οὐχ
740 1785 813 1820 ὕδωρ
837 1786 887 1812 οὐκ

102 1823 253 1858 Ξνθρωπος,
268 1825 318 1851 οὐκ
333 1825 397 1852 ἄλλο
407 1834 434 1852 τι
444 1826 499 1854 τῶν
513 1826 597 1854 ὄντων
623 1829 712 1861 οὐδὲν,
724 1830 794 1865 πλὴν
815 1831 887 1863 ἰδίως

98 1871 132 1896 τὰ
149 1870 221 1897 κατὰ
237 1870 267 1897 τὸ
281 1871 405 1898 ἐναντίον
418 1873 562 1907 νοούμενα,
576 1871 634 1900 οἷον
650 1875 745 1907 σκότος
771 1877 817 1903 καὶ
842 1878 888 1905 θά-

97 1923 177 1945 νατος
187 1923 195 1930 ·
208 1915 281 1942 οὕτω
294 1916 340 1942 καὶ
348 1916 393 1943 ἐπὶ
405 1917 456 1952 τῆς
464 1918 565 1953 ἀρετῆς
577 1920 626 1945 οὐκ
634 1920 666 1947 ἄν
674 1929 716 1952 τις
729 1922 817 1949 κτίσιν
825 1923 888 1951 τινὰ

97 1963 168 1989 κατὰ
183 1964 214 1988 τὸ
226 1963 348 1990 ἐναντίον
362 1964 432 1999 αὐτῇ
446 1966 567 1992 νοεῖσθαι
582 1966 658 2001 λέγοι
680 1968 750 2003 πλὴν
770 1970 801 1995 τὸ
815 1970 886 1997 κατὰ

96 2008 194 2035 κακίαν
209 2009 308 2044 νόημα.
319 2009 435 2043 Οὐκοῦν,
453 2011 477 2037 εἰ
493 2011 543 2046 μὲν
557 2013 586 2038 ἐν
606 2013 690 2049 κακίᾳ
703 2015 885 2050 γεγεννῆσθαι

95 2054 218 2097 τὸΧΘεϊον
243 2055 257 2080 ὁ
273 2055 408 2090 ἡμέτερος
429 2055 583 2091 ἐπρέσϐευε
599 2057 689 2091 λόγος,
702 2060 797 2094 καιρὸν
814 2059 886 2095 εἶχεν

95 2099 110 2125 ὁ
138 2099 289 2134 ἀντιλέγων
313 2101 496 2136 κατατρέχειν
523 2103 603 2137 ἡμῶν
624 2103 674 2138 τῆς
692 2104 820 2139 πίστεως,
846 2107 884 2138 ὡς

94 2146 258 2181 ἀνάρμοστά
281 2155 311 2172 τε
332 2148 379 2173 καὶ
404 2149 614 2183 ἀπεμφαίνοντα
650 2152 714 2186 περὶ
740 2153 789 2187 τῆς
809 2152 883 2186 θείας

94 2192 205 2226 φύσεως
222 2193 453 2228 δογματιζόντων·
465 2195 495 2221 οὐ
507 2198 562 2232 γὰρ
573 2197 604 2232 δὴ
625 2197 736 2232 θεμιτὸν
750 2197 784 2234 ἦν
797 2200 880 2227 αὑτο-

93 2239 202 2273 σοφίαν,
217 2241 264 2266 καὶ
278 2240 448 2277 ἁγαθότητα,
475 2243 523 2269 καὶ
551 2243 719 2279 ἀφθαρσίαν,
740 2248 786 2272 καὶ
804 2247 831 2273 εἴ
854 2256 880 2274 τι

93 2285 197 2320 ὑψηλόν
217 2286 274 2312 ἐστι
290 2287 417 2322 νόημὰτε
431 2288 478 2314 καὶ
494 2288 591 2323 ὄνομα,
606 2290 676 2324 πρὸς
701 2290 732 2316 τὸ
757 2291 880 2318 ἐναντίον

93 2331 342 2365 μεταπεπτωκέναι
357 2332 456 2366 λέγειν.
470 2333 502 2359 Εί
518 2333 565 2360 οὖν
580 2335 647 2366 Θεὸς
664 2335 713 2370 μὲν
736 2337 752 2371 ἡ
778 2337 881 2372 ἀληθὴς

91 2376 190 2411 ἁρετὴ,
205 2376 285 2410 φύσις
298 2377 326 2404 δέ
345 2387 388 2409 τις
416 2379 468 2405 οὐκ
494 2379 700 2414 ἁντιδιαιρείται
728 2383 761 2417 τῇ
784 2384 880 2418 ἀρετῇ,

90 2421 161 2448 ἀλλὰ
175 2422 271 2454 κακία,
287 2422 353 2454 Θεὸς
368 2423 395 2450 δὲ
406 2424 457 2450 οὐκ
471 2424 501 2451 ὲν
514 2426 609 2460 κακίᾳ,
625 2427 684 2453 ἀλλ’
694 2428 724 2453 ἐν
734 2428 879 2463 ἀνθρώπου

91 2468 200 2500 γίνεται
220 2469 313 2503 φύσει,
345 2470 427 2505 μόνον
446 2471 476 2498 δὲ
496 2473 620 2508 ἀπρεπὲς
647 2475 694 2501 καὶ
721 2476 834 2511 αίσχρὸν
850 2477 880 2503 τὸ

91 2515 163 2541 κατὰ
179 2515 279 2542 κακίαν
304 2516 400 2550 πάθος,
415 2517 444 2544 ὲν
456 2515 477 2551 ᾦ
491 2518 553 2545 οὕτε
569 2519 681 2554 γέγονεν
693 2523 707 2547 ό
725 2521 801 2554 Θεὸς,
817 2522 879 2549 οὔτε

90 2561 220 2594 γενέσθαι
235 2562 316 2596 φύσιν
328 2562 397 2597 ἔχει,
414 2564 441 2591 τί
457 2565 671 2600 ἐπαισχύνονται
692 2569 726 2603 τῇ
749 2568 879 2605 ὁμολογίᾳ

89 2606 138 2632 τοῦ
150 2607 220 2633 Θεὸν
238 2607 413 2643 ἀνθρωπίνης
439 2609 560 2644 ἅψασθαι
591 2613 711 2646 φύσεως,
730 2614 790 2641 οὐδὲ
814 2616 879 2649 μιᾶς

91 2652 285 2688 ἐναντιότητος
303 2654 340 2685 ὡς
351 2656 420 2690 πρὸς
436 2657 482 2682 τὸν
493 2658 543 2691 τῆς
570 2657 674 2693 ἀρετῆς
706 2659 787 2693 λόγον
799 2662 829 2688 ἐν
845 2663 877 2697 τῇ

92 2700 252 2733 κατασκευῇ
281 2699 330 2726 τοῦ
355 2701 503 2736 ἀνθρώπου
530 2702 732 2740 θεωρουμένης
751 2705 819 2732 Οὔτε
846 2707 877 2734 τὸ

91 2742 277 2778 διανοητικὸν,
292 2743 354 2770 οὔτε
379 2745 410 2772 τὸ
424 2747 582 2782 ἐπιστήμης
601 2749 736 2782 δεκτικὸν,
753 2750 816 2778 οὔτε
829 2751 877 2778 ἄλη

91 2787 122 2813 λο
141 2797 167 2815 τι
177 2789 333 2823 τοιοῦτον,ὃ
349 2791 399 2824 τῆς
415 2792 591 2829 ἀνθρωπίνης
612 2794 679 2821 ἴδιον
694 2795 787 2827 οὐσίας
808 2797 877 2831 ἐστὶ,

89 2833 128 2868 τῷ
144 2834 218 2871 λόγῳ
234 2835 285 2870 τῆς
295 2837 394 2873 ἀρετῆς
410 2839 583 2873 ὴναντίωται.
608 2841 677 2867 Ἀλλ’
690 2841 770 2877 αὑτὴ,
783 2844 876 2878 φησὶν,

90 2881 107 2915 ἡ
119 2882 209 2916 τροπὴ
225 2882 270 2908 τοῦ
287 2883 424 2919 ἡμετέρου
437 2884 561 2919 σώματος
575 2886 659 2919 τεάοος
676 2887 762 2921 ἐστὶν,
775 2889 789 2915 ό
805 2888 833 2915 δὲ
844 2891 872 2916 ἐν

946 1608 990 1640 iis,
1007 1607 1052 1642 qui
1070 1607 1190 1642 mysterii
1214 1607 1345 1633 rationem
1373 1605 1479 1632 curiose
1505 1604 1656 1639 inquirunt.
1680 1605 1738 1631 Pri-

948 1661 1021 1679 tntttu
1039 1653 1132 1687 igitur,
1149 1652 1213 1686 quid
1231 1651 1323 1678 virtuti
1351 1659 1366 1678 e
1389 1650 1528 1677 contrario
1562 1651 1736 1684 respondeat,

950 1699 1171 1726 consideremus.
1187 1699 1223 1726 Ut
1237 1699 1292 1725 luci
1307 1698 1436 1729 tenebrae,
1451 1702 1480 1724 ut
1495 1705 1568 1724 tuors
1596 1697 1669 1730 vitm,
1696 1697 1736 1724 sic

945 1743 1040 1770 virtuti
1057 1743 1151 1771 vitiutn
1174 1743 1342 1771 contrarium
1367 1746 1422 1774 est,
1451 1749 1483 1769 ae
1508 1741 1578 1768 nihil
1605 1746 1735 1776 praeterea

945 1789 1028 1816 aliud.
1050 1789 1285 1822 Quemadmodum
1309 1789 1394 1819 enim,
1411 1795 1472 1815 cum
1495 1788 1585 1815 multa:
1612 1788 1668 1815 sint
1692 1796 1735 1814 res

942 1835 970 1863 in
989 1841 1096 1867 natura,
1110 1836 1184 1862 nulla
1199 1840 1287 1861 tatncn
1303 1834 1367 1866 luci,
1380 1834 1497 1869 vitaeque
1510 1842 1525 1861 e
1535 1834 1674 1861 contrario
1686 1841 1735 1868 op-

942 1883 1066 1916 ponitur,
1081 1889 1135 1908 non
1154 1882 1232 1916 lapis,
1265 1888 1320 1907 non
1344 1880 1458 1915 lignum,
1490 1887 1544 1907 non
1569 1887 1649 1914 aqua,
1676 1888 1738 1906 non,

943 1927 1036 1958 homo,
1054 1927 1130 1954 nulla
1140 1927 1259 1961 denique
1281 1926 1344 1959 alia,
1357 1930 1458 1961 praeter
1475 1925 1545 1958 illas,
1570 1933 1637 1960 quas
1669 1933 1733 1953 vere

942 1973 1132 2008 cognoscimus
1147 1973 1213 2008 ipsis
1228 1980 1289 2000 esse
1309 1972 1473 2004 contrarias,
1499 1973 1619 2000 tenebrae
1651 1972 1732 1999 nitui-

940 2028 1000 2047 rum
1028 2024 1055 2046 et
1079 2027 1152 2046 mors
1167 2028 1174 2052 ;
1192 2019 1232 2046 sic
1244 2019 1326 2046 etiam
1343 2018 1369 2045 in
1382 2018 1481 2045 virtute
1497 2017 1535 2049 ﬁt.
1553 2019 1595 2046 cui
1626 2018 1693 2045 nihil
1716 2026 1732 2046 e

939 2065 1077 2092 contrario
1089 2065 1150 2099 quis
1169 2064 1341 2099 opposuerit,
1358 2069 1455 2098 ιιι-αξιοι·
1472 2063 1579 2092 vitium.
1596 2063 1686 2097 Quare
1706 2064 1730 2091 si

938 2112 967 2139 in
982 2112 1028 2139 Dei
1040 2116 1102 2138 ortu
1118 2111 1212 2138 vitium
1232 2110 1341 2145 aliquod
1359 2111 1449 2137 inesse
1461 2110 1576 2137 dicendo
1592 2111 1730 2138 concessi-

944 2166 1017 2191 mus,
1028 2163 1135 2193 tempus
1147 2161 1216 2190 erat,
1232 2163 1261 2184 ut
1274 2156 1503 2191 quicontradicit,
1516 2156 1595 2184 [idem
1608 2161 1730 2184 nostrain

937 2206 1090 2236 invaderet,
1103 2205 1176 2239 quod
1205 2204 1333 2236 absurda,
1355 2208 1513 2239 naturzeque
1530 2203 1636 2234 divinae,
1649 2204 1730 2230 mini-

936 2251 1178 2280 mcconvenieutia
1194 2250 1411 2277 tradidissemus.
1425 2249 1519 2284 Neque
1535 2250 1609 2276 enim
1623 2249 1664 2277 fas
1677 2250 1730 2277 fuit

933 2300 1021 2334 ipsam
1039 2296 1211 2331 sapientiam,
1227 2296 1425 2328 etbouitatetn,
1442 2300 1469 2323 et
1482 2295 1735 2330 immortalitatem,

932 2350 959 2373 et
978 2345 1000 2372 si
1016 2344 1080 2379 quid
1098 2342 1172 2370 aliud
1185 2344 1345 2378 praeclarum
1357 2343 1471 2378 cogitari
1505 2343 1613 2377 dicique
1626 2347 1731 2377 potest,

931 2398 1053 2419 asserere
1070 2390 1096 2417 in
1112 2389 1247 2417 contraria
1273 2390 1417 2417 decidisse.
1432 2389 1508 2422 Qrod
1523 2389 1545 2416 si
1564 2397 1626 2416 vera
1642 2389 1729 2417 virtus

932 2442 975 2464 est
992 2436 1074 2468 Deus,
1091 2440 1190 2463 natura
1208 2440 1300 2462 autem
1318 2435 1411 2462 virtuti
1428 2443 1484 2462 non
1501 2441 1544 2462 est
1576 2436 1727 2468 contraria,

933 2482 980 2509 sed
992 2483 1099 2515 vitiutn,
1120 2482 1191 2509 Deus
1210 2490 1274 2509 vero
1290 2489 1345 2508 non
1365 2482 1391 2508 in
1415 2481 1491 2513 vitio,
1509 2482 1558 2508 sed
1575 2482 1602 2508 in
1636 2482 1726 2508 homi~

932 2528 975 2554 nis
992 2532 1089 2554 natura
1121 2532 1201 2554 natus
1231 2531 1283 2559 est,
1311 2534 1363 2554 nec
1391 2527 1539 2561 quidquam
1566 2527 1726 2554 indecorum

931 2581 964 2602 ac
998 2579 1087 2608 turpe,
1113 2578 1214 2608 praeter
1233 2573 1292 2601 vitii
1317 2573 1503 2606 aﬂ‘ectionem,
1535 2575 1625 2608 inqua
1654 2574 1726 2602 Deus

931 2626 982 2646 nec
994 2618 1055 2650 fuit,
1073 2625 1195 2650 necesse
1215 2618 1303 2653 potuit
1319 2627 1326 2645 :
1344 2619 1410 2653 qttid
1432 2623 1563 2646 verentur
1588 2619 1724 2651 confiteri,

931 2663 1015 2689 Deum
1032 2667 1156 2690 naturam
1171 2663 1316 2689 humanam
1332 2663 1462 2695 induisse,
1473 2671 1534 2690 cum
1550 2664 1577 2691 in
1605 2664 1724 2691 hominis

930 2709 1134 2735 constructione
1163 2708 1229 2735 nihil
1259 2709 1353 2735 virtuti
1378 2709 1547 2736 contrarium
1566 2717 1627 2737 esse
1659 2718 1720 2736 cer.

930 2754 1029 2788 natur]?
1070 2754 1165 2788 Neque
1199 2754 1272 2782 enim
1301 2755 1374 2789 quod
1402 2756 1516 2787 ratione,
1545 2755 1720 2789 cogitatione.

929 2804 1022 2826 mente
1049 2799 1178 2834 praeditus
1211 2804 1264 2832 est,
1295 2806 1341 2827 aut
1381 2800 1412 2827 ad
1442 2800 1582 2827 scientiam
1632 2801 1719 2835 perci-

931 2844 1056 2879 piendam
1073 2845 1197 2878 idoneus,
1214 2854 1263 2873 uec
1282 2847 1432 2881 quidquam
1445 2847 1516 2873 aliud
1529 2853 1635 2878 eorum,
1656 2855 1717 2881 qua:

929 2895 1032 2919 natura:
1075 2892 1202 2919 humanm
1241 2892 1352 2928 propria
1389 2897 1463 2927 sunt,
1504 2892 1655 2921 abhorrent
1700 2901 1714 2921 a
