1912 3078
735 163 927 193 ΕΗΓΗΥΜΗ
949 163 1128 193 leJADENI

124 167 178 198 2-3

1698 161 1752 192 224

125 223 282 252 deﬁnitione
296 221 414 249 virtutis.
431 222 464 248 At
478 220 548 255 ipsa,
561 219 678 254 inquies.
691 220 776 246 nostri
791 219 912 253 corporis

979 220 1048 254 οὑτῳ
1077 218 1198 253 γεγονὼς
1218 219 1247 246 ἐν
1275 219 1355 246 πάθει
1381 217 1497 252 γίνεται.
1529 215 1648 248 Ἀπαθὲς
1665 214 1695 242 δδ
1719 217 1752 242 τδ

125 268 280 296 immutatio
301 267 363 302 quid
382 267 453 294 aliud
473 270 524 298 cst,
537 273 616 300 quam
631 265 738 291 aﬂectio
757 273 787 291 ac
808 270 915 299 pertur—

124 315 208 346 batio,
219 322 234 340 a
247 322 310 348 qua,
325 314 370 347 qui
388 314 414 339 in
433 319 547 347 corpore
563 317 613 344 est,
629 311 723 338 abesse
736 319 790 337 non
808 310 916 344 potest?

125 361 196 387 Deus
205 365 295 386 autent
312 359 400 385 omnis
417 358 629 393 perturbationis
643 361 684 383 est
696 364 802 390 expers.
815 356 917 388 Quam-

126 406 220 433 obrem
233 405 286 431 Deo
297 405 384 432 aliena
400 409 442 431 est
456 404 514 431 haec
530 403 634 438 opinio,
651 403 673 430 si
693 402 800 436 quidetn
819 402 914 435 Deum,

126 451 172 486 qui
190 455 287 477 natura
303 458 350 476 sua
378 454 455 477 vacat
475 450 548 477 omni
576 449 789 484 perturbatione,
803 448 835 475 ad
856 456 916 475 eam

127 495 320 530 degustandam
344 496 451 522 vertisse
477 495 639 530 praadicatis.
662 494 702 521 Ad
727 494 785 521 inec
811 501 917 528 quoque

127 539 291 567 confutanda
305 541 427 567 eamdem
441 541 573 567 rationem
593 539 793 569 adhibebimus.
816 539 917 566 dicem-

127 593 213 619 usque
236 586 417 619 atl'ectionem,
439 594 487 613 seu
512 586 743 620 perturbationem
775 585 918 620 dupliciter

128 631 226 666 accipi,
245 632 353 666 proprie
368 636 396 658 ct
413 631 570 666 improprie.
583 632 649 664 Qua:
662 631 733 658 enim
749 631 917 658 voluntatem

127 677 246 712 attingit,
262 685 375 711 eamque
394 686 408 704 a
425 677 523 704 virtute
536 677 646 704 deducit
663 677 696 704 ad
724 677 832 708 vitium,
855 684 919 703 vere

129 722 228 749 dicitur
249 723 425 757 perturbatio.
442 723 507 756 Quae
521 727 611 750 autem
631 723 727 750 ordine
745 723 860 756 quodam
869 730 919 749 suo

130 776 177 803 per
192 774 315 796 naturam
331 774 464 796 commeat
492 774 572 804 atque
585 769 765 804 progreditur,
785 776 817 796 ea
835 769 919 804 magis

130 815 239 851 proprie
262 816 344 846 actio,
367 823 447 849 quam
471 815 640 849 perturbatio
667 819 757 849 posset
777 815 918 849 appellari,

131 860 218 895 qualis
231 865 273 887 est
288 865 374 893 ortus,
390 864 576 894 augmentum,
600 860 771 894 subiectique
796 867 844 894 per
869 867 918 887 ac-

141 886 159 895 .r
356 886 373 893 ν.
426 886 440 894 υ
570 886 575 891 .
650 886 658 894 .
686 886 690 887 ν
727 886 734 894 .
763 886 766 887 ν
796 886 806 894 ς

131 906 281 934 cessionem
300 906 535 940 secessionemque
562 906 616 934 cibi
641 906 820 940 conservatio,
833 911 860 933 et
885 906 919 933 ad
936 886 961 917 Β

131 960 232 987 corpus
271 953 314 979 vel
340 953 560 980 constituendum
598 953 679 980 coitio
710 958 737 980 et.
772 961 922 981 concursus

132 998 341 1030 rlementorum,
358 998 400 1025 vel
415 999 614 1026 dissolvendum
636 999 794 1026 eorumdem
808 999 922 1026 distrac-

133 1044 180 1075 tio,
197 1047 225 1070 ct
241 1043 274 1070 ad
290 1043 428 1077 proprium
444 1043 577 1078 cujusque
593 1043 680 1070 locum
707 1044 810 1071 reditus
843 1048 924 1078 atque

133 1089 263 1115 seceSsio.
281 1089 374 1116 Utrum
390 1089 471 1124 igitur
497 1089 593 1115 harum
619 1090 779 1124 mysterium
801 1094 923 1116 nostrum

134 1135 232 1161 asserit
247 1135 329 1161 Deum
343 1135 483 1169 attigisse?
499 1142 606 1167 eamne,
623 1142 682 1170 quae
697 1135 806 1169 proprie
820 1139 924 1169 pertur-

134 1179 207 1206 batio
223 1185 341 1213 vocatur,
361 1186 388 1206 et
412 1180 506 1207 vitium
526 1185 579 1213 est,
603 1188 638 1207 an
665 1180 748 1212 illam,
773 1187 833 1214 qua
856 1179 924 1207 nihil

137 1226 210 1252 aliud
225 1230 277 1258 est,
293 1234 374 1260 quam
393 1225 474 1256 actio,
489 1230 516 1252 et
528 1230 618 1252 motus
642 1225 752 1260 quidam
778 1225 925 1252 naturalis?

136 1271 165 1298 Si
181 1271 253 1298 enim
267 1270 293 1297 in
308 1271 427 1297 motibus
442 1270 495 1297 illis
505 1270 596 1305 pravis
607 1278 638 1298 ac
653 1270 826 1305 repudiandis
838 1269 924 1296 Deum

135 1324 195 1344 esse
220 1321 312 1342 natum
338 1316 576 1349 contenderemus,
604 1315 756 1343 doctrinam
777 1316 925 1344 absurdam

135 1362 253 1396 clIugere
273 1366 423 1395 oporteret,
451 1367 480 1388 ut
507 1369 566 1396 quae
594 1361 662 1389 nihil
678 1363 736 1389 sani
754 1362 871 1389 traderet
889 1362 924 1389 de

137 1412 234 1433 natura
248 1407 350 1434 divina.
363 1407 431 1434 Cum
449 1411 540 1434 autem
552 1407 683 1439 dicamus,
699 1407 783 1434 Deum
798 1411 927 1434 naturam

139 1454 297 1484 humanam,
314 1453 394 1487 eujus
410 1453 482 1480 idem
498 1453 555 1488 ipse
568 1457 664 1481 auctor
680 1453 847 1488 eﬂ‘ectorque
866 1452 927 1485 fuit,

136 1498 328 1532 assumpsisse,
351 1498 416 1532 quid
430 1498 587 1532 absurdum,
609 1502 656 1525 aut
670 1498 742 1532 quod
762 1497 816 1525 Deo
839 1497 929 1525 minus

967 265 1054 293 Osiov.
1073 266 1178 292 Οὐκοῦν
1192 265 1320 300 ἀλλοτρία
1337 264 1402 299 περὶ
1414 263 1484 290 Θεοῦ
1503 263 1518 298 ἠ
1545 263 1692 297 ὑπόληψις,
1715 263 1754 289 εῐ-

969 321 1022 347 περ
1038 312 1084 338 τὸν
1099 311 1192 346 ἀπαθῆ
1212 312 1282 337 κατὰ.
1295 311 1344 346 τὴν
1359 311 1440 344 φύσιν
1452 309 1521 345 πρὸς
1534 309 1680 335 κοινωνίαν
1703 316 1755 334 πα.-

969 359 1032 390 θους
1047 359 1134 385 ἐλθεῖν
1145 358 1175 384 τὸ
1192 359 1323 392 κήρυγμα
1337 357 1498 391 διορίζεται.
1519 355 1600 382 Ἀλλὰ
1619 355 1666 381 καὶ
1683 355 1754 389 πρὸς

967 406 1053 432 ταῦτα
1064 404 1146 432 πάλιν
1160 404 1199 438 τῷ
1209 403 1285 438 αὐτῷ
1297 403 1368 437 λόγῳ
1383 401 1551 438 χρησόμεθα,
1566 401 1607 427 ὅτι
1623 399 1710 431 πάθος
1722 399 1756 425 τὸ

969 453 1018 488 μὲν
1035 451 1148 486 κυρίως,
1159 451 1190 477 τὸ
1203 450 1232 476 δὲ
1245 450 1277 476 ὲκ
1293 449 1490 483 καταχρὴσεως
1506 447 1628 480 λέγεται.
1645 446 1682 472 Τὸ
1703 445 1755 480 μὲν

969 499 1016 526 οὖν
1037 498 1225 533 προαιρέσεως
1242 496 1407 530 ἁπτόμενον,
1425 495 1471 521 καὶ
1489 494 1557 529 πρὸς
1573 493 1677 519 κακίαν
1699 491 1756 518 άπὸ

969 544 1018 578 τῆς
1033 542 1136 578 ἀρετῆς
1154 541 1353 577 μεταστρέφον,
1369 540 1476 574 ἀληθῶς
1489 539 1574 570 πάθος
1585 539 1653 569 ἐστὶ,
1678 537 1708 564 τὸ
1731 536 1756 563 δ’

969 590 1031 617 ὅσον
1051 591 1079 615 ὲν
1093 589 1126 623 τῇ
1143 587 1223 621 φύσει
1235 587 1307 613 κατὰ
1322 586 1368 612 τὸν
1382 586 1447 612 [διον
1466 584 1561 619 εἱρμὸν
1580 582 1756 618 πορευομένῃ

969 635 1123 668 διεξοδικῶς
1139 635 1296 670 θεωρεῖται,
1315 632 1393 659 τοῦτο
1416 630 1582 666 κυριώτερον
1609 630 1691 664 ἔργον
1720 629 1756 655 ἂν

970 684 1071 719 μᾶλλον
1090 683 1106 717 ἢ
1123 682 1208 712 πάθος
1224 678 1468 715 προσαγορεύοιτο’
1484 674 1540 704 οἷον
1552 678 1569 711 ἡ
1585 676 1724 710 γέννησις,
1737 675 1756 709 ἡ

970 729 1124 764 αὑξησις,ἡ
1153 726 1199 755 διὰ
1219 726 1269 761 τῆς
1294 725 1443 760 ἐπιρρύτου
1469 731 1499 749 τε
1523 724 1571 749 καὶ
1597 720 1757 756 ἀπορρύτου

970 775 1073 811 τροφῆς
1086 774 1133 801 τοῦ
1150 772 1334 806 ὑποκειμένου
1351 769 1480 805 διαμονὴ,
1497 771 1514 805 ἡ
1537 769 1592 796 τῶν
1615 767 1758 802 στοιχείων

971 821 1036 856 περὶ
1050 821 1080 847 τὸ
1094 820 1174 854 σῶμα
1190 818 1338 854 συνδρομὴ,
1363 818 1380 852 ή
1403 816 1450 843 τοῦ
1472 815 1646 845 συντεθέντος
1675 813 1759 840 πάλιν

971 866 1092 897 διάλυσις
1102 874 1132 892 τε
1147 865 1195 892 καὶ
1206 864 1274 899 πρὸς
1285 863 1320 890 τὰ
1332 862 1451 896 συγγενῆ
1466 860 1667 896 μεταχώρησις.
1680 858 1758 889 Τίνος

972 914 1019 942 οὖν
1034 913 1106 947 λέγει
1122 912 1152 938 τὸ
1173 911 1321 946 μυστήριον
1340 909 1417 944 ἡμῶν
1440 905 1526 943 ἧφθαι
1541 907 1571 933 τὸ
1600 905 1688 936 Θεῖον,
1712 905 1759 931 τοῦ

973 959 1078 995 κυρίως
1099 957 1252 992 λεγομένου
1269 954 1385 986 πάθους,
1416 954 1484 988 ὅπερ
1511 952 1612 983 κακίας
1637 951 1722 982 ἐστὶν,
1742 951 1760 984 ἢ

971 1007 1019 1033 τοῦ
1032 1004 1105 1032 κατὰ
1120 1004 1202 1039 φύσιν
1216 1003 1384 1037 κινήματος;
1397 1000 1428 1026 Εἰ
1444 999 1495 1034 μὲν
1507 998 1562 1033 γὰρ
1576 999 1606 1024 ὲν
1616 998 1672 1028 τοῖς
1687 997 1761 1023 ἁπα-

973 1051 1164 1088 γορευομένοις
1182 1049 1360 1085 γεγεννῆσθαι
1373 1047 1404 1075 τὸ
1421 1046 1498 1073 Θεϊον
1511 1047 1525 1073 ὁ
1535 1045 1615 1078 λόγος
1624 1043 1764 1079 διιεχυρί-

974 1087 1048 1132 ζετο.
1067 1097 1179 1133 φεύγειν
1197 1095 1251 1122 ἔδει
1265 1095 1316 1129 τὴν
1339 1093 1456 1120 ἀτοπίαν
1483 1091 1531 1118 τοῦ
1549 1090 1694 1124 δόγματος,
1724 1087 1764 1118 ὡς

974 1144 1050 1171 οὐδὲν
1070 1143 1146 1177 ὑγιὲς
1165 1141 1229 1175 περὶ
1243 1141 1292 1175 τῆς
1305 1139 1380 1170 θείας
1395 1137 1500 1172 φύσεως
1518 1136 1663 1168 διεξιόντος
1674 1140 1685 1150 ·
1698 1133 1764 1159 εἰδὲ

974 1193 1024 1226 τῆς
1039 1191 1147 1226 φύσεως
1162 1189 1241 1224 ἡμῶν
1256 1187 1338 1214 αὐτὸν
1356 1185 1479 1221 ὲφῆφθαι
1495 1183 1584 1217 λέγει,
1606 1179 1640 1218 ἦς
1671 1181 1718 1226 καὶ
1731 1180 1762 1226 ,ἡ

976 1225 1072 1273 πρώτη
1088 1234 1196 1269 γένεσίς
1209 1242 1238 1260 τε
1260 1233 1309 1260 καὶ
1330 1232 1481 1261 ὑπόστασις
1508 1227 1572 1263 παρ’
1604 1225 1686 1273 αὑτοῦ
1713 1225 1765 1259 τὴν

976 1271 1063 1318 ἀρχὴν
1071 1281 1145 1316 ἔσχε,
1157 1279 1209 1306 ποῦ
1222 1279 1271 1313 τῆς
1283 1277 1343 1312 Θεῷ
1358 1275 1516 1310 πρεπούσης
1529 1273 1634 1303 ἑννοίας
1646 1271 1762 1305 διαμαρ-

976 1317 1052 1356 τάνει
1070 1328 1100 1354 τὸ
1113 1328 1258 1362 κήρυγμα,
1275 1324 1412 1359 μηδεμιᾶς
1438 1319 1594 1356 παθητικῆς
1619 1317 1767 1348 διαθέσεως

977 1377 1006 1402 ὲν
1021 1375 1082 1406 ταῖς
1095 1373 1160 1408 περὶ
1177 1372 1247 1398 Θεοῦ
1266 1370 1419 1405 ὐπολήψεσι
1433 1369 1467 1402 τῇ
1482 1367 1572 1393 πίστει
1597 1363 1742 1397 συνιούσης
1756 1371 1765 1395 ;
1795 1382 1802 1399 ε

978 1421 1045 1448 Οὐδὲ
1067 1420 1121 1454 γὰρ
1136 1420 1182 1446 τδν
1200 1417 1291 1453 ίατρὺν
1320 1416 1350 1443 ὲν
1374 1415 1457 1442 πάθει
1477 1413 1602 1447 γίνεσθαι
1631 1411 1766 1445 λέγομεν,
1798 1416 1801 1418 ⁷

980 1469 1045 1495 ὅταν
1057 1466 1197 1502 θεραπεύῃ
1212 1464 1257 1491 τὸν
1270 1464 1298 1490 ὲν
1324 1461 1405 1489 πάθει
1420 1460 1573 1494 γινόμενον.
1603 1457 1684 1483 Ἀλλὰ
1714 1457 1769 1482 κᾶν

980 1513 1153 1550 προσάψηται
1168 1511 1215 1538 τοῦ
1229 1509 1359 1545 ἁῤῥωστή
1365 1515 1460 1543 ματος,
1474 1506 1527 1538 ἔξω
1541 1504 1644 1536 πάθους
1657 1505 1670 1530 ὁ
1685 1503 1770 1538 θερα-

138 1544 291 1575 conveniat,
308 1543 505 1578 praedicamus?
518 1543 590 1570 Nihil
610 1543 682 1570 enim
700 1543 733 1570 de
747 1543 794 1570 illo
815 1543 926 1570 creden-

980 1543 1084 1595 πευτὴς
1100 1543 1254 1593 ’διαμένειί
1267 1543 1340 1590 Ἐίὴ
1370 1553 1480 1588 γένεσις
1495 1551 1566 1587 αὑτὴ
1588 1550 1649 1577 καθ’
1667 1549 1769 1583 ἑαυτὴν

138 1590 204 1616 dum
224 1589 366 1620 tradimus,
383 1589 455 1623 quod
477 1589 720 1623 perturbationem,
747 1593 795 1615 aut
818 1588 924 1622 vitium,

139 1639 186 1662 aut
203 1635 399 1670 turpitudinem
423 1635 566 1669 signiticet.
583 1633 675 1669 Neque
700 1634 772 1661 enim
794 1634 929 1661 medicum

141 1680 236 1706 ntorho
267 1680 335 1708 ειωοί
369 1680 495 1710 dicimus,
521 1679 631 1714 quando
657 1679 753 1707 morbo
775 1679 930 1707 laborantes

141 1730 229 1753 curat.
242 1726 309 1753 Nam
324 1726 388 1754 licet
403 1734 451 1753 eos
465 1725 564 1753 invisat
587 1729 614 1752 et
627 1726 751 1761 attingat,
767 1725 825 1760 ipse
840 1730 931 1753 tamen

141 1771 216 1799 nullo
243 1771 331 1799 morbi
360 1771 534 1798 incommodo
565 1771 691 1799 aﬂicitur.
717 1771 796 1804 Quod
815 1771 838 1799 si
855 1771 931 1799 nasci

141 1822 254 1845 nonest
280 1818 392 1849 malum,
420 1825 455 1845 ne
482 1817 574 1844 vivere
605 1816 714 1851 quidem
741 1817 842 1844 malum
871 1825 932 1844 esse

141 1864 252 1891 dixeris.
268 1864 302 1890 At
313 1864 459 1898 voluptatis
469 1863 588 1896 aﬂ‘ectio,
611 1863 729 1898 inquies,
754 1871 814 1898 qua:
840 1868 932 1890 ortum

141 1910 288 1942 antecedit,
307 1910 510 1944 viventiumque
522 1909 557 1936 ad
576 1910 677 1936 malum
694 1909 845 1944 vitiumque
863 1917 927 1944 pro-

140 1955 248 1991 pensio,
263 1960 366 1982 natura:
381 1960 479 1983 nostrae
494 1960 558 1982 sunt
573 1955 672 1983 morbi.
692 1955 761 1988 Quid
775 1955 852 1989 tum]
869 1963 932 1982 cum

141 2002 176 2028 ab
193 2005 309 2035 utroque
321 2001 437 2027 liberum
456 2000 543 2035 ipsum
555 2000 640 2028 fuisse
659 2000 816 2036 mysterium
828 2000 933 2028 tradat?

141 2048 220 2079 QJud
233 2047 255 2073 si
274 2052 299 2073 et
314 2045 372 2073 sine
396 2046 535 2081 voluptate
560 2048 668 2082 genitus
698 2051 750 2078 est,
767 2051 795 2074 et
819 2046 901 2073 vitam
918 2054 934 2073 a

144 2093 211 2119 vitio
226 2092 436 2119 remotissimam
451 2091 515 2126 egit,
531 2092 636 2126 ecquod
652 2091 786 2126 reliquum
811 2096 852 2118 cst
875 2098 934 2118 ma-

143 2139 212 2170 lum,
237 2138 315 2172 cujus
343 2137 429 2164 Deum
453 2137 613 2172 participem
638 2137 747 2172 pietatis
773 2137 931 2171 mysterium

145 2186 218 2211 dicat
231 2183 387 2210 exstitisse?
399 2183 447 2210 Sin
463 2183 560 2218 aliquis
576 2183 658 2210 animi
671 2189 686 2209 a
697 2189 811 2216 corpore
826 2181 936 2216 sejunc-

143 2230 246 2256 tionem
263 2229 363 2256 malum
380 2229 506 2263 appellat,
524 2229 546 2256 is
572 2236 680 2262 aequum
710 2232 778 2260 erat,
806 2234 833 2254 ut
859 2227 935 2262 prius
952 2228 973 2256 ι)

145 2274 364 2309 coniunctionem
384 2275 523 2308 utriusque
540 2273 641 2300 malum
655 2273 814 2308 appellaret.
829 2271 897 2299 Nam
910 2271 934 2298 si

148 2320 335 2354 copulatorum
355 2319 502 2354 disjunctio
517 2318 585 2345 mala
611 2323 663 2350 est,
690 2323 717 2346 et
739 2318 938 2353 disjuuctorum

145 2364 282 2399 copulatio
303 2369 344 2391 est
369 2364 449 2390 mala.
479 2361 628 2396 Utrobique
654 2363 726 2389 enim
755 2367 798 2389 est
826 2361 936 2396 quidam

144 2414 245 2442 motus,
260 2414 290 2437 ut
303 2408 530 2444 quemadmodum
548 2412 762 2442 eonsequentcm
783 2414 876 2439 vocas,
898 2406 938 2433 sic

144 2456 226 2483 etiam
243 2455 437 2490 prtccedcntem
453 2461 549 2481 vocare
561 2453 672 2480 debeas.
682 2452 814 2485 Quocirca
825 2453 848 2479 si
862 2452 937 2487 prior

145 2509 247 2538 motus,
271 2511 352 2538 quem
376 2507 467 2530 ortutn
491 2501 627 2533 nominas,
653 2508 709 2527 non
725 2504 766 2527 est
782 2500 880 2532 malus,
901 2506 937 2526 ne

146 2551 281 2585 posterior
291 2549 411 2584 quidem,
425 2555 506 2583 quem
520 2552 635 2575 mortem
648 2547 726 2578 dicis,
744 2555 796 2581 qua
816 2545 938 2580 corporis

145 2596 286 2630 animique
315 2594 472 2630 coniunctio
509 2593 682 2625 distrahitur,
712 2592 798 2619 malus
835 2591 939 2626 poterit

147 2640 289 2675 appellari.
319 2639 371 2666 Nos
397 2643 489 2666 autem
524 2638 608 2665 Deum
638 2638 754 2665 dicimus
772 2638 797 2664 in
825 2642 940 2671 utroque

148 2686 232 2714 fuisse
256 2690 343 2718 motu,
371 2689 428 2712 tum
446 2685 474 2711 in
501 2684 556 2716 illo,
578 2691 632 2718 quo
646 2684 753 2711 animus
781 2689 808 2710 et
839 2689 940 2716 corpus

149 2735 328 2764 concurrunt,
345 2735 402 2757 tum
417 2730 443 2758 in
453 2737 497 2764 eo,
508 2737 556 2765 per
571 2737 650 2764 quem
668 2729 776 2757 animus
793 2736 808 2755 a
821 2735 936 2762 corpore

150 2782 303 2812 separatur.

397 2834 440 2862 ΕΞ
452 2836 542 2862 eadem
558 2835 690 2861 oratione.

187 2881 255 2909 Cum
267 2886 357 2910 autent
372 2889 442 2910 unus
454 2881 626 2910 sitomnibus
637 2880 794 2909 hominibus
807 2878 841 2908 ad
855 2878 937 2907 vitam

981 1606 1066 1637 πάθος
1073 1605 1123 1632 οὐκ
1137 1604 1222 1635 ἔστιν,
1237 1601 1293 1628 οὐδ’
1303 1601 1337 1628 ἂν
1355 1599 1405 1634 τὴν
1420 1598 1494 1634 ζωήν
1508 1606 1550 1630 τις
1565 1597 1650 1628 πάθος
1665 1604 1773 1631 προσα-

982 1652 1149 1686 γορεύσειεν.
1185 1646 1266 1674 Ἀλλὰ
1280 1646 1312 1672 τὺ
1326 1645 1387 1672 καθ’
1396 1644 1505 1680 ἡδονὴν,
1521 1642 1598 1677 φησὶ,
1617 1642 1702 1671 πάθος
1716 1641 1769 1686 τῆς

982 1685 1157 1729 ἀνθρωπίνης
1167 1691 1328 1726 καθηγεῖται
1342 1689 1484 1724 γενέσεως,
1496 1688 1543 1714 καὶ
1559 1688 1576 1722 ὴ
1587 1687 1653 1720 πρὸς
1669 1685 1772 1714 κακίαν

982 1741 1039 1767 τῶν
1051 1739 1163 1771 ζώντων
1185 1737 1258 1773 ὁρμὴ
1287 1736 1365 1763 τοῦτο
1388 1736 1439 1770 τῆς
1469 1734 1579 1769 φύσεως
1601 1733 1681 1768 ἡμῶν
1693 1733 1772 1758 ἐστιν

982 1785 1162 1821 ἀρρώστημα.
1187 1783 1269 1810 ’Δλλὰ
1285 1782 1339 1818 μὴν
1354 1780 1518 1816 ἀμφοτέρων
1532 1779 1614 1807 αὑτὸν
1629 1778 1772 1813 καθαρεύ-

982 1840 1022 1858 ειν
1037 1832 1104 1866 φησὶ
1118 1831 1149 1856 τὸ
1164 1830 1324 1865 μυστήριον.
1343 1828 1372 1854 El
1385 1827 1432 1854 οὖν
1447 1827 1544 1862 ἡδονῆς
1562 1826 1611 1860 μὲν
1629 1826 1646 1860 ἡ
1664 1826 1773 1858 γένεσις

982 1876 1065 1904 αὐτοῦ
1083 1875 1274 1911 ἠλλοτρίωται,
1284 1874 1383 1905 κακίας
1398 1873 1425 1899 δὲ
1441 1872 1535 1908 ήζωὴ,
1550 1873 1627 1898 ποῖον
1635 1870 1775 1896 ὑπολέλει-

983 1933 1049 1950 πται
1061 1923 1156 1954 πάθος,
1175 1919 1205 1949 οὗ
1216 1921 1263 1948 τὸν
1277 1921 1344 1947 Θεὸν
1360 1919 1590 1954 κεκοινωνηκέναι
1603 1918 1669 1952 φησὶ
1680 1917 1708 1943 τὸ
1721 1916 1775 1950 τῆς

983 1970 1125 2000 εὐσεϐείας
1142 1969 1292 2004 μυστήριον
1307 1975 1314 1999 ;
1330 1967 1361 1992 Et
1380 1966 1409 1992 δέ
1429 1974 1471 1996 τις
1483 1965 1532 2000 τὴν
1562 1964 1611 1990 τοῦ
1645 1962 1774 1998 σώματος
1801 1987 1807 1991 _

985 2016 1033 2042 καὶ
1046 2015 1095 2050 τῆς
1112 2014 1202 2049 ψυχῆς
1216 2013 1354 2044 διάζευξιν
1365 2012 1450 2043 πάθος
1466 2009 1682 2046 προσαγορεύοι,
1701 2008 1773 2034 πολὺ
1783 2010 1804 2024 "

985 2062 1120 2096 πρότερον
1134 2061 1240 2086 δίκαιον
1261 2059 1294 2086 ἂν
1312 2059 1354 2093 εἴη
1372 2059 1422 2093 τὴν
1438 2057 1591 2092 συνδρομὴν
1607 2056 1775 2090 ἀμφοτέρων

985 2107 1057 2135 οὕτω
1071 2106 1270 2140 κατονομάσαι.
1284 2105 1316 2131 El.
1330 2105 1385 2139 γὰρ
1402 2102 1562 2139 ὀχωρισμδς
1582 2101 1637 2128 τῶν
1652 2109 1776 2135 συνηνω-

988 2154 1077 2188 μένων
1094 2153 1178 2184 πάθος
1194 2152 1264 2184 ἐστὶ,
1279 2151 1327 2178 καὶ
1356 2151 1373 2186 ἡ
1387 2150 1522 2184 συνάφεια
1536 2148 1591 2174 τῶν
1615 2147 1772 2174 διεστώτων

987 2200 1074 2231 πάθος
1089 2199 1123 2226 ἂν
1137 2198 1190 2232 εἴη.
1208 2197 1322 2232 Κίνησις
1350 2197 1405 2230 γάρ
1428 2196 1469 2225 τίς
1483 2195 1557 2220 ἐστιν
1569 2193 1598 2219 ἐν
1613 2201 1643 2218 τε
1657 2194 1693 2240 τῇ
1707 2199 1782 2240 συγ-γ

987 2246 1079 2282 κρίσει
1095 2245 1148 2272 τῶν
1157 2244 1313 2271 διεστώτων
1330 2243 1377 2269 καὶ
1388 2243 1417 2267 ὲν
1429 2242 1464 2276 τῇ
1480 2240 1617 2275 διακρίσει
1633 2239 1688 2265 τῶν
1708 2246 1783 2273 πυμ-¹

992 2292 1200 2326 πεπλεγμένων,
1210 2291 1257 2316 uel.
1269 2290 1428 2324 ἡνωμὲνων.
1439 2287 1529 2321 ”υπερ
1546 2286 1636 2312 τοίνυν
1682 2284 1776 2310 τελευ-

990 2340 1053 2366 ταία
1070 2338 1176 2373 κίνησις
1188 2336 1363 2371 ὀνομάζεται,
1378 2333 1458 2359 τοῦτο
1471 2332 1609 2367 προσήκει
1626 2329 1773 2356 καλεῖσθαι

991 2386 1037 2412 καὶ
1053 2385 1104 2420 τὴν
1133 2383 1318 2418 προάγουσαν.
1349 2380 1380 2406 El.
1400 2379 1428 2405 δὲ
1443 2379 1460 2413 ὴ
1479 2378 1575 2413 πρώτη
1602 2376 1719 2410 κίνησις,
1744 2376 1778 2410 ἣν

990 2432 1096 2467 γένεσιν
1125 2428 1309 2464 ὀνομάζομεν,
1340 2426 1426 2457 πάθος
1452 2425 1503 2452 οὐκ
1531 2424 1616 2455 ἐστιν,
1639 2423 1694 2449 οὐδ’
1710 2422 1777 2457 δινὴ

990 2477 1105 2512 δευτέρα
1127 2475 1245 2510 κίνησις,
1274 2475 1306 2509 ἣν
1336 2473 1451 2500 θάνατον
1479 2469 1659 2505 ὀνομάζομεν,
1692 2468 1779 2500 πάθος

991 2524 1025 2551 ἂν
1043 2522 1154 2549 κατὰτὸ
1171 2520 1318 2548 ἀκόλουθον
1337 2519 1454 2553 λέγοιτο,
1469 2517 1531 2543 καθ’
1554 2518 1588 2552 ἦν
1603 2517 1620 2551 ἡ
1637 2514 1779 2549 συνδρομὴ

989 2570 1037 2597 τοῦ
1063 2570 1190 2602 σώματος
1219 2568 1267 2594 καὶ
1292 2566 1344 2600 τῆς
1372 2565 1462 2600 ψυχῆς
1475 2563 1652 2598 διακρίνεται.
1673 2562 1725 2588 Τὸν
1749 2561 1779 2586 δὲ

991 2616 1058 2643 Θεὸν
1072 2623 1163 2649 φαμεν
1178 2615 1206 2640 ὲν
1219 2613 1336 2647 ἑκατέρᾳ
1349 2610 1531 2646 γεγεννῆσθαι
1551 2610 1585 2644 τῇ
1599 2609 1648 2644 τῆς
1669 2607 1779 2650 causam;

991 2662 1108 2697 κινήσει,
1124 2660 1159 2687 δι’
1174 2658 1207 2695 ἧς
1227 2660 1244 2694 ἦ
1261 2667 1291 2684 τε
1308 2657 1381 2692 ψυχὴ
1402 2656 1469 2692 πρὸς
1482 2656 1514 2682 τὸ
1527 2654 1607 2690 σῶμα
1625 2653 1780 2688 συντρέχει,

991 2706 1022 2732 τό
1036 2713 1065 2731 τε
1083 2706 1163 2739 σῶμα
1180 2705 1228 2739 τῆς
1241 2703 1336 2738 ψυχῆς
1353 2702 1532 2737 διακρίνεται.

1210 2827 1260 2853 Ἐκ
1275 2825 1327 2852 τοῦ
1349 2824 1444 2852 αὑτοῦ
1459 2825 1569 2858 λόγου.

1028 2875 1102 2908 Μιᾶς
1115 2874 1142 2901 δὲ
1160 2874 1244 2900 πᾶσιν
1256 2871 1410 2909 ἀνθρώποις
1424 2872 1473 2907 τῆς
1489 2871 1527 2902 εις
1545 2869 1595 2905 τήν
1609 2867 1682 2904 ζωὴν
1694 2867 1781 2903 οὔσης
