1912 3078
109 127 165 160 225

590 132 779 163 PANOPLIA
799 131 1030 162 DOGMATICA.
1046 143 1079 148 —
1099 132 1173 162 TlT.
1195 132 1262 163 VII.

1689 135 1742 167 ΞΞθ

108 185 241 220 παρόδου,
257 184 339 211 πόθεν
355 184 408 212 ἔδει
436 185 482 212 τὸν
495 186 615 214 εἰσιόντα
629 187 698 223 πρὸς
724 188 797 221 ἡμᾶς
813 188 897 214 εἰσοι-

952 187 1047 219 aditus,
1060 188 1131 215 mule
1155 188 1299 222 oportebat
1321 189 1496 218 accedentem
1521 191 1553 218 τίει
1576 199 1625 219 nos
1651 192 1735 220 Deum

109 230 242 264 κισθῆναι
259 230 298 264 τῷ
313 230 363 266 βίῳ
379 239 387 264 ;
410 230 456 263 Ἐξ
471 232 598 266 οὐρανοῦ.
615 233 698 267 φήσει
711 233 794 268 τυχὸν
809 234 822 259 ό
840 233 898 259 δια-

108 277 202 303 πτύων
214 276 252 308 ὡς
264 276 376 311 αἰσχρόν
390 285 419 303 τε
434 278 482 304 καὶ
497 277 590 310 ἄδοξον
602 278 632 304 τὸ
644 275 715 309 εἶδος
726 278 776 312 τῆς
790 277 898 313 ἀνθρω-

107 322 191 358 πίνης
207 322 354 357 γενέσεως.
376 322 446 350 Ἀλλ’
465 323 515 350 οὒκ
526 322 560 359 ἦν
575 324 603 351 ἐν
620 324 727 360 οὐρανῷ
740 324 772 351 τὸ
785 324 899 360 ανθρώ-

107 379 184 396 πινον
201 389 209 402 ,
241 370 302 397 οὐδέ
327 379 371 402 τις
397 371 426 398 ἐν
449 372 481 406 τῇ
513 371 691 406 ὑπερκοσμίῳ
716 372 773 407 ζωῇ
799 371 897 403 κακίας

91 407 184 446 ’νόσος
203 416 403 450 ἐπεχωρίαζεν.
422 416 507 443 Ἔνθα
536 416 626 443 τοίνυν
643 417 673 443 τὺ
686 417 769 444 κακὴν
790 417 840 443 οὐκ
853 416 897 452 ἦν,

106 462 166 488 οὖδέ
182 462 195 487 ό
210 462 385 497 ἀνθρώπινος
399 462 575 489 ἐπολιτεύετο
601 463 667 498 βίος,
684 463 743 494 πῶς
772 463 898 497 ἐπιζητεῖ

107 517 148 539 τις
162 508 272 534 ἐκεῖθεν
286 508 325 542 τῷ
339 508 399 542 Θεῷ
426 509 631 544 περιπλακῆναι
663 509 708 536 τὸν
738 509 894 544 ἄνθρωπον,

107 555 210 588 μᾶλλον
220 555 248 582 δὲ
263 556 323 591 οὐχὶ
336 556 490 591 ἄνθρωπον,
507 556 564 582 ἀλλ’
578 556 721 589 ἀνθρώπου
737 565 763 582 τι
778 556 892 582 εἴδωλον

106 603 153 628 καὶ
171 602 300 638 ὁμοίωμα
314 610 321 635 ;
338 601 385 634 Τίς
398 602 426 628 δ’
440 602 474 629 ἂν
491 602 598 636 ἐγένετο
625 603 675 637 τῆς
697 602 804 637 φύσεως
819 602 898 637 ἡμῶν

106 648 263 683 διόρθωσις,
280 649 305 674 εί
318 648 366 675 τοῦ
395 649 520 683 ἐπιγείου
536 649 606 681 ζώου
624 649 812 683 νενοσηκότος,
841 649 899 675 ἐτε-

108 694 155 729 ρόν
168 703 196 720 τι
210 694 266 720 τῶν
282 694 415 729 οἱρανίων
430 695 479 730 τὴν
500 694 574 722 Θείαν
599 695 743 729 ἐπιμιξίαν
766 695 897 728 ἐδέξατο;

108 739 166 765 Οὐκ
182 739 308 774 ἔστιγὰρ
334 739 538 775 θεραπευθῆναι
564 740 610 767 τὸν
629 740 779 775 κάμνοντα,
797 740 833 775 μὴ
850 739 898 766 τοῦ

107 785 257 817 πονοῦντος
277 786 376 821 μέρους
405 786 563 818 ἰδιαζόντως
587 786 736 821 δεξαμένου
753 787 802 821 τὴν
815 786 897 814 ἴασιν.

108 831 139 858 Εί
153 832 201 858 οὖν
219 831 249 858 τὺ
279 832 330 867 μὲν
347 834 452 866 κάμνον
469 833 514 858 ἐπὶ
529 832 582 867 γῆς
607 831 653 868 ἦν,
666 833 683 868 ὴ
698 832 726 858 δὲ
742 832 802 859 Θεία
817 832 894 859 δύνα-

953 233 981 260 in
997 233 1079 259 vitam
1097 233 1222 268 ingredi?
1251 233 1271 260 E
1286 235 1366 266 cmlo,
1381 235 1485 270 inquiet
1501 236 1544 264 ille
1557 237 1680 271 fortasse,
1696 240 1742 274 qui

952 279 1148 312 protreationis
1179 280 1304 308 humanae
1328 280 1433 309 ratione
1463 287 1492 308 ut.
1521 282 1662 316 ingloriam
1689 290 1746 312 tura

953 332 1069 360 pemque
1083 325 1207 360 despicit.
1222 326 1256 352 At
1272 326 1299 353 in
1330 326 1399 354 coelo
1424 335 1478 354 non
1507 333 1566 355 erat
1595 329 1743 358 humanum

953 379 1048 406 genus,
1067 379 1119 399 nec
1134 372 1205 399 ullus
1217 372 1348 399 vitiorum
1362 373 1472 400 morbus
1499 373 1532 400 ad
1547 381 1669 401 summas
1686 376 1745 403 illas

953 416 1012 443 C(eli
1025 416 1104 444 sedes
1120 418 1277 452 aspirabat;
1296 418 1340 446 ubi
1356 423 1447 446 autem
1470 419 1569 446 malum
1597 428 1649 447 non
1676 426 1744 452 erat,

954 462 991 489 ibi
1008 471 1059 490 nec
1075 463 1217 490 hominum
1234 464 1288 491 vita
1307 465 1476 492 versabatur.
1501 465 1644 497 Quomodo
1662 466 1744 500 igitur

953 509 1050 536 eeoelo
1063 510 1197 544 quispiam
1217 514 1319 544 quaerat
1332 510 1385 537 Deo
1412 511 1561 544 hominem,
1587 512 1628 539 vel
1653 513 1744 546 potius

954 554 1068 589 elligiem
1086 555 1242 589 quamdam,
1256 563 1287 583 ac
1300 556 1476 583 simulacrqu
1491 557 1608 584 hominis
1635 558 1746 592 aliingi?

954 600 1052 635 Ecqua:
1067 605 1170 628 natura:
1196 607 1295 628 nostra:
1319 602 1409 629 cautio
1436 603 1532 630 fuisset
1564 603 1695 635 adhibita,
1721 604 1744 630 si

953 654 1014 673 cum
1033 651 1162 674 terrestre
1179 647 1280 674 animal
1295 648 1438 676 laboraret.
1456 649 1608 676 caelestium
1631 650 1741 684 aliquod

953 692 1072 719 divinam
1110 694 1302 721 admissionem
1337 696 1522 729 suscepisset?
1553 696 1645 730 l\eque
1670 696 1742 722 enim

953 743 1070 772 a‘grotus
1085 740 1175 767 curari
1193 745 1292 775 potest,
1308 740 1360 768 nisi
1371 742 1438 776 parti
1454 741 1587 768 laboranti
1602 743 1742 776 proprium

954 783 1130 811 admoveatur
1160 785 1398 812 medicamentum.
1417 785 1508 820 Itaque
1539 794 1600 813 cum
1619 786 1645 812 in
1674 792 1743 813 terra

953 835 1034 862 esset,
1051 831 1097 865 qui
1110 831 1266 865 aegrotabat,
1285 832 1306 858 si
1337 831 1429 858 divitia
1454 832 1574 867 potentia
1604 833 1744 866 dignitatis

109 887 156 912 μις
171 877 220 904 τοῦ
252 878 405 913 κάμνοντος
438 878 475 913 μὴ
508 878 644 914 ἐφήψατο,
675 878 744 913 πρὸς
768 878 799 905 τὸ
815 879 898 913 ἑαυτῇ

953 884 1007 902 sua:
1027 876 1115 903 habita
1132 876 1239 903 ratione
1254 881 1430 912 aegrotantem
1457 885 1511 904 non
1535 878 1745 911 attigisset.inu-

109 923 252 957 βλέπουσα
266 923 381 958 πρέπον,
397 922 535 958 ἄχρηστος
551 921 584 958 ἦν
600 923 639 958 τῷ
653 923 791 958 ἀνθρώπῳ
803 923 820 957 ἡ
836 923 900 958 περὶ

108 969 143 994 τὰ
163 968 251 1002 μηδὲν
276 969 342 1003 ἡμῖν
360 968 591 995 ἐπικοινωνοῦντα
606 969 656 1004 τῆς
671 969 747 1000 Θείας
756 969 900 1004 δυνάμεως

108 1014 233 1048 ἀσχολία.
250 1014 286 1040 Τὸ
297 1014 407 1049 μὲνγὰρ
422 1015 546 1049 ἀπρεπὲς
560 1015 606 1041 ἐπὶ
622 1015 672 1049 τῆς
688 1015 814 1050 θεότητος
829 1015 899 1047 ἴσον,

108 1061 189 1094 εἰπερ
229 1060 298 1091 ὅλως
345 1060 456 1095 θεμιτόν
486 1061 560 1087 ἐστιν
589 1061 654 1088 ἄλλο
684 1070 710 1087 τι
740 1061 816 1096 παρὰ
851 1061 900 1096 τὴν

107 1107 210 1133 κακίαν
225 1106 348 1141 ἀπρεπὲς
364 1107 464 1132 ἐννοεῖν
480 1114 488 1122 ο
514 1107 583 1142 πλὴν
599 1107 638 1142 τῷ
666 1107 844 1142 μικροψύχως
871 1107 900 1133 ἐν

107 1151 199 1186 τούτῳ
215 1151 336 1187 κρίνοντι
363 1151 412 1187 τὴν
445 1151 521 1178 θείαν
538 1151 749 1187 μεγαλειότητα,
764 1153 792 1177 ἐν
806 1151 844 1186 τῷ
859 1151 901 1177 δέ-

109 1197 209 1227 ξασθαι
224 1197 280 1224 τῶν
295 1197 344 1232 τῆς
359 1197 467 1231 φύσεως
495 1197 575 1231 ἡμῶν
595 1197 748 1230 ἰδιωμάτων
776 1196 825 1231 τὴν
841 1205 900 1222 κοι-

111 1243 224 1276 νωνίαν,
256 1244 333 1270 οὐδὲν
361 1244 462 1279 μᾶλλον
497 1244 702 1278 παραμυθεῖται
737 1244 768 1269 τὺ
808 1242 900 1274 ἄδοξον

108 1289 229 1325 οὐρανίῳ
240 1290 346 1324 σώματι
356 1290 371 1326 ἢ
384 1290 498 1325 ἐπιγείῳ
514 1289 771 1325 συσχηματισθῆναι
779 1290 808 1316 τὸ
819 1290 899 1318 θεῖον.

108 1337 164 1363 Τοῦ
193 1338 247 1372 γὰρ
272 1337 395 1372 ὑψίστου,
424 1338 471 1364 καὶ
502 1337 652 1372 ἀπροσίτου
683 1336 754 1363 κατὰ
776 1336 807 1362 τὸ
832 1335 899 1370 ὕψος

108 1383 161 1418 τῆς
173 1383 281 1417 φύσεως
297 1384 313 1414 ἠ
331 1384 419 1415 κτίσις
439 1385 514 1410 πᾶσα
529 1384 599 1410 κατὰ
614 1383 643 1409 τὸ
659 1383 715 1409 ἴσον
724 1383 770 1409 ἐπὶ
783 1383 812 1409 1‘:
826 1384 902 1409 κάτω

109 1430 260 1463 ἀφέστηκε,
286 1430 332 1456 καὶ
359 1429 500 1465 duo-ripa);
515 1429 590 1465 αὑτῷ
618 1429 648 1455 τὸ
666 1430 719 1455 πᾶν
734 1428 901 1462 ὑποϐέϐηκε.

110 1476 147 1502 Τὸ
163 1476 218 1511 γὰρ
234 1476 348 1502 καθόλου
375 1476 523 1512 ἀπρόσιτον
537 1475 567 1502 οὔ
584 1484 637 1502 τινι
655 1475 705 1509 μέν
725 1475 782 1501 ἐστι
807 1483 902 1509 προσι-

111 1521 170 1554 τὸν,
182 1520 222 1556 τῷ
236 1521 263 1547 δὲ
278 1521 512 1556 ἀπροσπέλαστον,
525 1520 582 1547 ἀλλ’
597 1520 696 1555 ἐπίσης
711 1519 818 1546 πάντων
846 1519 901 1545 τῶν

952 921 997 948 tilc
1017 921 1113 949 fuisset
1130 922 1231 948 homini
1257 922 1355 950 divina:
1378 924 1507 958 potentia:
1532 923 1663 957 studium,
1694 925 1745 951 illis

951 967 1116 1000 adhibitum,
1137 976 1197 1003 qum
1223 969 1291 995 nihil
1324 968 1357 995 ad
1382 977 1432 996 nos
1453 970 1630 1004 pertinerent.
1657 970 1744 1004 dique

951 1014 1024 1040 enim
1054 1014 1197 1042 divinitate
1223 1015 1318 1042 fuisset
1344 1015 1495 1050 indignum,
1524 1016 1547 1043 si
1562 1016 1601 1043 fas
1632 1022 1673 1043 est
1701 1017 1745 1043 illa

950 1060 1088 1095 quippiam
1104 1061 1244 1095 indignum
1258 1067 1355 1094 printer
1367 1062 1460 1089 vitium
1475 1062 1576 1095 dicere,
1595 1063 1743 1089 reuu-d'um

952 1106 1041 1132 minus
1056 1111 1149 1140 aptttm
1164 1112 1190 1134 et
1216 1108 1369 1142 appositum
1386 1108 1549 1143 excogitare.
1577 1109 1660 1141 Quid,
1674 1109 1746 1143 quod

951 1159 1024 1183 cum,
1039 1151 1084 1185 qui
1105 1157 1209 1178 natura:
1234 1157 1334 1180 nostrae
1360 1153 1546 1180 conditionem
1571 1154 1744 1181 humiliorem

953 1202 1040 1230 putat,
1069 1205 1149 1231 quam
1177 1202 1206 1224 ut
1238 1197 1358 1225 divinam
1393 1199 1607 1233 magnitudinem
1638 1200 1744 1231 deceat,

952 1242 1037 1270 nihilo
1049 1243 1133 1278 magis
1144 1243 1310 1276 consolatur,
1324 1244 1396 1278 quod
1410 1244 1521 1271 caeleste
1533 1252 1643 1279 corpus,
1660 1253 1741 1280 quam

951 1289 1023 1324 quod
1041 1293 1179 1316 terrenum
1206 1291 1276 1317 Deus
1292 1290 1430 1318 induerit?
1454 1291 1493 1318 Ah
1518 1292 1564 1318 illo
1591 1292 1663 1318 enim
1694 1291 1744 1326 qui

952 1340 1058 1362 natura:
1072 1343 1127 1362 suae
1145 1336 1312 1363 sublimitate
1328 1341 1381 1364 tam
1399 1338 1526 1364 excelsus
1549 1342 1599 1370 est,
1624 1343 1652 1365 ut
1677 1339 1746 1366 nihil

952 1381 985 1408 ad
999 1389 1060 1408 eum
1078 1382 1198 1416 aspirare
1226 1387 1317 1417 queat,
1346 1390 1443 1410 omnes
1474 1392 1517 1411 res
1541 1391 1688 1420 procreata?
1713 1395 1746 1414 ex

952 1434 1030 1461 aequo
1043 1428 1155 1461 distant,
1172 1435 1266 1455 omnes
1278 1428 1302 1455 ei
1323 1429 1426 1463 pariter
1439 1429 1547 1457 cedunt.
1567 1430 1591 1457 ls
1609 1432 1694 1461 enim.
1711 1434 1744 1458 ad

953 1480 1033 1507 quem
1050 1481 1161 1508 prorsus
1177 1481 1231 1500 non
1247 1478 1334 1508 potest
1350 1474 1452 1508 accedi,
1471 1482 1526 1502 non
1539 1480 1580 1502 est
1596 1477 1742 1510 ejusmodi,

953 1520 1026 1547 utad
1040 1527 1101 1547 eum
1125 1520 1183 1547 aliae
1200 1528 1243 1547 res
1259 1520 1362 1548 aditum
1390 1521 1518 1555 habeant,
1540 1522 1598 1549 alia;
1621 1531 1674 1549 non
1697 1524 1747 1550 hii-

107 1567 193 1593 ὗντων
213 1567 446 1602 ὑπερανέστηκεν.
461 1566 551 1592 Ὅπου
571 1566 690 1600 τοίνυνὴ
724 1566 811 1598 νόσος,
840 1565 898 1591 ἐκεῖ

952 1564 1043 1596 beant,
1053 1565 1101 1592 Sed
1111 1564 1238 1592 erunibus
1245 1566 1384 1599 aequaliter
1394 1570 1503 1600 prmstal
1511 1571 1591 1601 atque
1600 1568 1746 1596 antecellit.

107 1613 237 1646 φοιτῆσαι
249 1612 298 1647 τὴν
313 1611 430 1646 ίωμένην
447 1611 566 1646 δύναμιν
581 1610 786 1646 ὁμολογοῦντες,
802 1610 829 1636 τί
845 1609 898 1643 ἔξω

109 1659 161 1693 τῆς
180 1657 351 1691 θεοπρεποῦς
368 1657 530 1692 ὑπολήψεως
556 1656 800 1691 πεπιστεύκαμεν;
818 1656 900 1682 Ἀλλὰ

108 1704 274 1739 κωμῳδοῦσι
299 1703 346 1739 τὴν
361 1703 441 1738 φύσιν
455 1703 544 1738 ἡμῶν,
562 1703 664 1729 καὶτὸν
681 1703 730 1737 τῆς
745 1702 898 1737 γεννήσεως

106 1751 208 1786 τρόπον
238 1748 437 1784 διαθρυλλοῦσι,
466 1749 513 1775 καὶ
529 1748 632 1775 οἴονται
654 1748 698 1775 διὰ
724 1749 827 1775 τούτων
837 1749 898 1775 ἐπι-

108 1796 242 1830 γέλαστον
255 1796 344 1822 ποιεῖν
371 1796 401 1821 τὸ
423 1796 586 1830 μυστήριον,
602 1794 639 1825 ὡς
662 1795 784 1830 ἀπρεπὲς
798 1794 828 1822 ὃν
839 1794 898 1830 Θεῷ

107 1843 153 1869 διὰ
167 1841 299 1876 τοιαύτης
312 1841 416 1867 είσόδου
432 1841 482 1875 τῆς
495 1840 543 1866 τοῦ
567 1839 737 1875 ἀνθρωπίνου
761 1839 820 1874 βίου
842 1847 899 1865 κοι-

108 1889 209 1920 νωνίας
233 1887 401 1922 ἐφάψασθαι.
440 1886 509 1913 Ἀλλ’
533 1886 583 1921 ἤδη
596 1887 661 1920 περὶ
672 1885 768 1912 τούτου
797 1885 845 1912 καὶ
870 1885 899 1912 ἐν

108 1938 166 1967 τοῖς
182 1936 336 1970 ἔμπροσθεν
351 1934 459 1970 εἴρηται
471 1933 571 1967 λόγοις,
585 1933 626 1959 ὅτι
642 1932 721 1967 μόνον
735 1931 848 1966 αἰσχρὸν
864 1932 897 1966 τῇ

112 1981 207 2009 ἑαυτοῦ
219 1981 299 2015 φύσει
313 1980 343 2006 τὸ
360 1980 444 2007 κακόν
461 1980 531 2011 ἐστι,
548 1979 595 2005 καὶ
621 1978 647 2004 εί
658 1987 684 2004 τι
703 1977 770 2012 πρὶς
783 1977 832 2012 τὴν
849 1985 899 2003 κα-

113 2029 173 2055 κίαν
187 2027 297 2058 οἰκείως
306 2026 422 2061 ἓχει.,Ἠ
438 2025 466 2051 δὲ
482 2026 531 2060 τῆς
543 2025 649 2060 φύσεως
658 2023 814 2054 ἀκολουθία,
832 2022 896 2057 θείῳ

111 2073 262 2108 βουλήματι
277 2072 326 2098 καὶ
350 2071 422 2106 νόμῳ
437 2070 620 2105 διαταχθεῖσα,
645 2070 740 2104 πόρρω
757 2070 806 2103 τῆς
819 2068 891 2094 κατά

111 2121 215 2146 κακίαν
231 2119 291 2145 ἐστὶ
319 2118 457 2152 διαϐολῆς.
482 2117 517 2143 Ἢ
535 2115 608 2143 οὕτω
635 2116 660 2150 γ’
675 2115 708 2142 ἂν
720 2115 766 2141 ἐπὶ
788 2115 833 2141 τὸν
849 2115 898 2149 δη-

110 2166 240 2200 μιουργὸν
251 2165 268 2199 ἡ
279 2164 428 2199 κατηγορία
443 2163 493 2198 τῆς
506 2162 613 2196 φύσεως
630 2161 746 2194 ἐπανίοι,
762 2160 788 2186 εἴ
802 2169 828 2187 τι
843 2160 898 2187 τῶν

111 2213 175 2246 περὶ
189 2212 276 2246 αὐτὴν
289 2211 327 2242 ὡς
349 2210 463 2245 αἰσχρόν
478 2218 507 2236 τε
524 2209 571 2235 καὶ
584 2208 707 2242 ἀπρεπὲς
718 2207 897 2234 διαϐάλλοιτο.

110 2260 143 2286 Εἰ
159 2255 207 2284 οὖν
232 2257 330 2288 κακίας
351 2256 381 2282 τὸ
401 2256 480 2282 θεῖον
509 2254 685 2289 κεχώρισται,
716 2253 796 2288 φύσις
812 2253 839 2280 δὲ
854 2261 902 2279 κα-

109 2306 157 2333 κία
172 2306 224 2332 οὐκ
239 2304 307 2336 ἐστι,
336 2302 366 2329 τδ
392 2302 421 2329 δὲ
440 2302 591 2338 μυστήριον
619 2302 648 2327 ἐν
674 2299 811 2336 ἀνθρώπῳ
825 2299 902 2334 γενέ-

109 2352 173 2380 σθαι
187 2352 234 2377 τὸν
249 2351 313 2377 Θεὺν
325 2350 375 2376 οὐκ
390 2350 419 2375 ἐν
431 2349 515 2384 κακίᾳ
526 2348 612 2382 λέγει,
625 2348 641 2383 ἡ
653 2348 681 2373 δὲ
696 2347 742 2373 τοῦ
753 2347 899 2382 ἀνθρώπου

108 2399 155 2425 ἐπὶ
181 2398 227 2424 τὸν
249 2397 305 2432 βίον
324 2395 427 2427 εἴσοδος
462 2394 511 2430 μία
534 2395 603 2427 ἐστὶ,
629 2391 708 2429 δι’ἦς
746 2394 900 2428 παράγεται

108 2443 221 2479 init-ip!
251 2443 322 2477 ζωὴν
353 2442 383 2468 τὸ
412 2440 593 2475 γεννώμενον
622 2440 684 2465 τίνα
709 2437 899 2473 νομοθετοῦσιν

109 2490 206 2524 ἕτερον
220 2489 320 2522 τρόπον
334 2487 374 2522 τῷ
394 2486 453 2521 Θεῷ
479 2486 527 2521 τῆς
542 2487 582 2516 εἰς
597 2485 642 2511 τὸν
662 2484 718 2519 βίον
734 2483 851 2519 παρόδου
875 2482 899 2508 oi.

110 2535 316 2569 ὲπισκειρθῆναι
329 2535 378 2568 μὲν
393 2533 458 2568 περὶ
479 2532 527 2568 τῆς
553 2531 629 2562 θείας
643 2530 788 2564 δυνάμεως
818 2528 900 2555 ἀσθε-

109 2584 235 2617 νήσασαν
257 2581 286 2607 ἐν
311 2579 397 2615 κακίᾳ
427 2579 476 2613 τὴν
500 2578 582 2612 φύσιν
609 2576 721 2611 εὔλογον
750 2575 898 2610 κρίνοντες,

108 2628 179 2663 πρὸς
192 2627 221 2653 δὲ
241 2627 287 2652 τὸν
299 2626 350 2661 τῆς
366 2624 542 2658 ἐπισκέψεως
559 2622 659 2657 τρόπον
676 2619 898 2655 δυσαρεστούμε-

109 2683 151 2701 νοι
169 2683 177 2706 ;
204 2674 255 2700 οὐκ
286 2673 386 2704 είδότες
404 2672 445 2698 ὃτι
474 2671 549 2697 πᾶσα
565 2668 634 2704 πρὸς
665 2667 764 2702 ἑαυτὴν
781 2667 797 2702 ἡ
816 2674 899 2692 κατα-

109 2722 197 2756 σκευὴ
209 2719 257 2747 τοῦ
269 2718 395 2754 σώματος
409 2717 550 2753 ὁμοτίμως
563 2716 629 2750 ἔχει,
646 2714 694 2741 καὶ
702 2713 777 2739 οὐδὲν
791 2713 820 2738 ὲν
834 2711 900 2738 ταύ-

107 2777 146 2804 τῃ
159 2769 216 2794 τῶν
234 2767 307 2802 πρὸς
324 2765 373 2800 τὴν
389 2766 521 2791 σύστασιν
535 2763 584 2797 τῆς
597 2761 670 2796 ζωῆς
697 2759 898 2786 συντελούντων

106 2816 145 2847 ὡς
158 2814 257 2850 ἄτιμόν
273 2822 299 2840 τι
317 2814 333 2847 ἢ
358 2810 476 2846 πονηρὸν
491 2808 674 2836 διαϐάλλεται.
688 2807 761 2841 Πρὸς
775 2805 822 2832 ἕνα
844 2806 898 2840 γὰρ

109 2862 214 2888 σκοπὸν
230 2862 244 2887 ἡ
257 2859 312 2886 τῶν
325 2857 479 2894 ἑργανικῶν
492 2855 580 2892 μελῶν
594 2851 724 2888 διασκευὴ
740 2852 816 2879 πᾶσα
831 2859 895 2878 συν-

952 1611 1146 1644 Quamobrcm,
1159 1619 1220 1637 cum
1233 1611 1295 1638 illuc
1308 1611 1434 1638 medendi
1445 1612 1600 1639 facultatem
1611 1614 1745 1640 accedere

950 1655 1096 1687 fateamur,
1128 1656 1174 1683 ubi
1206 1656 1317 1683 morbus
1346 1661 1398 1689 est,
1429 1657 1494 1691 quid
1525 1657 1580 1684 Deo
1608 1658 1747 1685 credimus

950 1701 1112 1736 indignant?
1133 1702 1166 1728 At
1182 1707 1309 1728 naturam
1335 1707 1457 1730 nostram
1480 1703 1660 1737 insectantur,
1686 1712 1748 1730 nas-

950 1748 1083 1782 cendiquc
1099 1748 1207 1776 modum
1221 1749 1370 1783 exagitant,
1399 1757 1485 1783 eaque
1512 1757 1541 1776 re
1554 1757 1584 1777 Sc
1600 1750 1625 1776 id
1640 1757 1749 1776 assecu-

952 1797 1027 1820 turos
1052 1793 1223 1827 existimant,
1248 1799 1277 1821 ut
1301 1795 1461 1830 mysterium
1489 1795 1646 1827 irrideatur,
1672 1796 1747 1830 quod

952 1840 1007 1867 Deo
1020 1840 1055 1867 sit
1068 1840 1220 1875 indignum,
1236 1840 1370 1875 ejusmodi
1385 1840 1508 1875 ingressu
1524 1840 1557 1867 ad
1571 1848 1745 1868 communrm

950 1886 1093 1913 hominum
1110 1886 1191 1913 vitam
1204 1886 1362 1913 accessisse.
1381 1886 1421 1912 Ad
1443 1885 1501 1913 haec
1526 1890 1608 1912 antea
1635 1894 1743 1920 quoque

950 1930 1155 1965 respondimus,
1170 1931 1236 1957 nihil
1252 1938 1313 1958 esse
1334 1935 1412 1965 turpe
1431 1931 1529 1958 divin;e
1553 1936 1666 1964 naturae,
1692 1931 1745 1958 nisi

950 1977 1044 2004 vitium
1077 1983 1176 2011 etqure
1198 1984 1259 2004 cum
1278 1977 1344 2004 vitio
1371 1977 1516 2011 conjuncta
1541 1982 1616 2008 sunt,
1643 1982 1747 2004 natura:

949 2027 1040 2050 autem
1052 2023 1176 2050 ordinem
1190 2022 1284 2050 divino
1298 2023 1413 2050 consilio
1436 2027 1463 2049 et
1486 2024 1544 2057 lege
1568 2023 1746 2049 couslitutum

950 2069 983 2096 ab
999 2069 1073 2096 omni
1090 2069 1155 2096 vitio
1169 2073 1303 2096 remotum
1326 2077 1398 2096 esse.
1414 2069 1481 2095 Nam
1498 2069 1520 2095 si
1536 2069 1601 2103 quid
1619 2068 1644 2095 in
1661 2076 1692 2096 ca
1719 2073 1748 2096 ut

951 2118 1033 2148 turpe
1048 2120 1129 2149 atque
1140 2114 1300 2141 indecorum
1317 2115 1481 2149 reprehendi
1496 2118 1598 2149 posset,
1613 2114 1639 2141 id
1658 2115 1746 2149 ipsum

951 2161 978 2188 in
993 2161 1053 2195 ejus
1069 2160 1204 2188 recideret
1219 2164 1360 2186 auctorem
1385 2159 1480 2186 Deum.
1510 2158 1587 2191 Quod
1606 2159 1626 2186 si
1642 2167 1656 2185 a
1682 2159 1749 2186 vitio

954 2207 1024 2234 Deus
1035 2207 1173 2241 sejunctus
1197 2210 1250 2238 est,
1267 2210 1293 2232 et
1310 2205 1376 2233 vitio
1392 2210 1488 2232 natura
1507 2210 1591 2238 caret,
1608 2210 1635 2232 et
1649 2211 1752 2240 myste-

954 2252 1064 2279 riumin
1078 2251 1187 2278 homine
1201 2251 1298 2282 Deum,
1322 2258 1377 2277 non
1394 2250 1420 2277 in
1441 2250 1509 2277 vitio
1537 2255 1630 2277 natum
1653 2251 1747 2284 tradit,

953 2304 980 2326 et
995 2298 1112 2326 hominis
1129 2305 1199 2324 unus
1214 2301 1255 2324 est
1270 2297 1297 2323 in
1313 2297 1396 2324 vitam
1420 2297 1569 2332 ingressus,
1592 2304 1640 2332 per
1665 2303 1747 2331 quem

951 2345 1023 2380 quod
1040 2344 1162 2380 genitum
1177 2348 1227 2376 est,
1243 2343 1333 2370 editur
1359 2343 1386 2369 in
1410 2343 1518 2370 vitalem
1550 2343 1620 2370 hanc
1647 2343 1747 2375 lucem,

951 2399 1064 2425 ecquam
1086 2387 1169 2417 aliam
1194 2389 1239 2416 isti
1266 2390 1292 2415 in
1320 2389 1402 2416 vitam
1433 2389 1587 2416 introeundi
1613 2389 1748 2416 rationem

952 2437 1008 2464 Deo
1024 2435 1228 2472 praescribunt?
1242 2435 1321 2468 Nam,
1350 2435 1422 2470 quod
1454 2435 1536 2462 Deum
1560 2435 1679 2470 potentia
1698 2442 1747 2460 sua

951 2483 1071 2510 invisere
1100 2482 1227 2509 debuisse
1258 2487 1383 2509 naturam
1411 2482 1438 2509 in
1474 2481 1542 2508 vitio
1571 2485 1747 2516 wgrotantem

949 2529 1083 2565 judicant,
1100 2532 1172 2556 recte
1187 2529 1310 2556 sentiunt
1327 2528 1419 2562 :quod
1432 2532 1525 2555 autem
1553 2526 1661 2553 visendi
1688 2533 1748 2551 m0-

951 2576 1016 2603 dum
1029 2575 1194 2610 improbant,
1208 2575 1352 2610 ,ignorant,
1379 2582 1490 2601 omnem
1517 2573 1641 2608 corporis
1666 2571 1750 2598 fabri-

951 2628 1010 2648 cam
1028 2621 1123 2648 eodem
1147 2628 1207 2647 esse
1233 2620 1344 2647 honoris
1371 2627 1403 2646 ac
1429 2620 1509 2653 pretii
1539 2620 1608 2650 loco,
1624 2624 1650 2645 et
1679 2617 1748 2643 nihil

952 2674 1057 2699 eorum,
1075 2674 1135 2701 qua:
1151 2668 1232 2693 vitam
1245 2671 1370 2693 δεδυευῑο
1389 2671 1463 2698 sunt,
1482 2670 1510 2693 ut
1525 2665 1681 2699 despectum
1701 2666 1748 2689 ³111.

950 2717 1028 2748 turpe
1044 2713 1228 2748 reprehendi;
1248 2713 1338 2740 omnia
1359 2713 1433 2740 enim
1459 2712 1640 2739 humanorum
1662 2715 1747 2735 mem-

950 2759 1060 2786 brorum
1080 2759 1260 2784 instrumenta
1277 2757 1392 2784 tendunt
1406 2757 1439 2784 ad
1452 2763 1536 2783 unum
1553 2754 1628 2782 illum
1651 2753 1744 2785 finem,

949 2810 980 2833 ut
1000 2805 1080 2832 homo
1095 2808 1275 2831 conservetur
1297 2803 1326 2830 in
1350 2803 1415 2830 vita.
1441 2801 1508 2828 Pars
1540 2800 1621 2835 igitur
1648 2805 1745 2826 eorum

950 2856 1112 2888 prasentem
1132 2850 1214 2878 vitam
1241 2854 1342 2882 tuetur,
1367 2857 1426 2884 quae
1449 2848 1482 2876 ad
1507 2847 1597 2874 varios
1619 2852 1684 2874 usus
1706 2844 1746 2873 ita
