1912 3078
164 140 217 172 227

776 134 967 164 EUTIIYMII
995 131 1177 163 ZlGABENl

1737 130 1794 162 223

165 195 310 224 distributa
320 199 394 228 sunt,
407 200 437 222 ut
449 195 530 222 homo
542 201 589 229 per
601 192 645 219 illa
659 191 792 219 sentiendi
803 191 953 226 agmdiqne

1015 191 1143 223 τέτακται,
1160 191 1173 216 ὀ
1187 190 1215 216 δὲ
1233 189 1333 220 σκοπός
1350 189 1408 215 ἐστι
1423 188 1452 215 τὸ
1466 187 1604 222 διαμένειν
1631 187 1660 212 ἐν
1680 187 1712 222 τῇ
1729 187 1789 222 ζωῇ

163 242 324 270 muneribus
351 241 488 276 fungatur.
515 241 582 267 Pars
606 243 647 266 est
684 239 717 265 ad
755 238 952 272 procreandum

165 289 455 322 accommodata,quze
470 287 599 322 prospicit
614 286 642 312 in
656 285 785 316 futurum,
798 289 954 318 natumque

165 335 368 363 successionem
390 334 587 362 subministrat.
608 332 697 365 Quare
723 332 745 358 si
765 330 954 358 consideratur

166 379 281 410 utilitas,
296 386 413 412 quonam
435 377 555 409 illorum,
571 385 631 411 quae
649 377 676 403 in
698 377 801 403 honore
817 381 881 403 sunt
898 376 956 402 hanc

167 423 308 455 inleriora,
321 423 362 449 vel
381 423 471 458 potius
483 422 504 449 si
517 427 590 449 recte
602 421 673 456 loqui
687 421 823 454 volumus,
834 428 954 455 quonam

168 468 278 495 illorum
291 475 345 494 non
361 468 500 502 superiora
519 466 696 501 judicentur?
709 466 803 501 Neque
819 466 892 493 enim
910 473 958 500 per

167 513 273 544 oculos,
288 520 376 546 neque
393 520 441 547 per
459 512 588 546 linguam,
605 519 693 546 neque
723 519 771 546 per
798 511 871 538 aliud
894 518 959 538 sen-

167 559 251 586 tiendi
264 560 472 587 instrumentum
483 565 566 592 genus
576 562 699 584 nostrum
710 561 839 592 perpetuo
848 564 960 583 conser-

169 611 260 634 vatur.
279 606 339 633 [late
362 605 446 638 enim,
474 610 504 632 ut
532 605 635 632 dictum
656 609 710 636 est,
735 604 876 638 prazsentis
900 603 960 630 vita:

170 652 320 679 commodis
337 651 495 678 consulunt.
512 651 558 678 llla
574 659 637 678 vero
652 650 764 677 humani
789 651 897 685 generis
913 650 962 676 int-

172 698 364 725 mortalitatem
378 701 552 728 conservant,
564 697 713 731 mortisque
725 697 778 723 vim
793 696 902 724 assidue
913 704 962 725 nos

169 749 369 778 oppugnantem
387 742 588 777 quodammodo
621 742 782 777 infringent,
809 741 960 774 debil'tant.

171 795 252 824 atque
267 789 371 816 irritati:
394 789 507 816 faciunt.
528 788 641 823 Semper
662 789 735 816 enim
761 788 833 822 quod
858 788 959 820 delicit,

171 843 242 862 noro
259 840 337 870 partu
365 835 498 861 instaurat
522 840 628 861 natura.
655 834 720 866 Quae
740 842 804 861 cum
831 834 868 861 ita
895 835 959 866 sint,

171 880 236 915 quid
259 880 370 907 absurdi
393 880 549 915 mysterium
575 885 698 906 nostrum
725 879 910 913 amplectitur,
935 880 956 905 si
975 870 996 897 Β

172 925 271 959 quibus
283 924 475 952 instrumentis
486 932 546 951 cum
563 928 650 951 morte
667 929 761 950 natura
778 924 910 955 deocrtat,
927 923 960 950 iis

172 979 204 997 cx
220 978 286 1006 pura
302 969 411 1005 Virgine
423 970 492 997 Deus
506 971 631 996 lmmana:
648 969 708 996 vitzc
721 970 885 1004 conjunctus
900 970 960 997 est?

1004 236 1036 262 τὸ
1060 235 1242 270 ἀνθρώπινον.
1276 234 1316 261 Τὰ
1334 235 1383 269 μὲν
1398 234 1446 261 οὖν
1466 234 1549 261 λοιπὰ
1577 233 1632 260 τῶν
1666 233 1793 267 ὀργάνων

1007 282 1057 315 τὴν
1076 282 1220 316 παροὶσαν
1246 281 1351 316 συνέχει
1371 280 1425 307 τῶν
1448 281 1599 314 ἀνθρώπων
1628 279 1711 314 ζωὴν,
1722 279 1795 305 ἀλλᾶ

1006 328 1073 363 προς
1081 328 1165 362 ἄλλην
1177 327 1316 362 ἐνέργειαν
1330 327 1531 362 μεμερισμένα,
1540 326 1573 352 δι’
1586 323 1624 352 ὧν
1638 327 1654 360 ἡ
1667 326 1797 359 αἰσθητι-

1006 375 1041 409 κή
1053 382 1081 400 τε
1096 375 1143 400 καὶ
1157 374 1321 408 ὲνεργητικὴ
1334 373 1450 408 δύναμις
1482 373 1666 406 οἰκονομεῖται
1679 380 1686 386 ·
1701 372 1737 399 τά
1764 372 1796 398 δὲ

1007 419 1155 455 γεννητικὰ
1182 419 1229 446 τοῦ
1251 419 1393 454 μέλλοντος
1408 418 1464 453 ἔχει
1477 418 1526 453 τὴν
1538 419 1668 453 πρόνοιαν
1683 417 1777 443 δι’ὲαυ
1790 431 1796 436 -

1007 467 1062 493 τῶν
1076 468 1109 502 τῇ
1139 466 1220 500 φύσει
1244 466 1293 501 τὴν
1317 465 1443 500 διαδοχὴν
1469 464 1673 497 ἀντεισάγοντα.
1693 463 1723 490 El.
1741 463 1792 489 οὖν

1011 514 1080 548 πρὸς
1100 513 1130 539 τὸ
1146 513 1278 548 χρειῶδες
1296 512 1415 547 βλέποις,
1431 511 1503 542 τίνος
1520 510 1555 537 ἂν
1566 511 1610 544 εἴη
1626 510 1679 536 τῶν
1692 508 1798 543 τιμίων

1010 557 1078 585 εἶναι
1093 558 1279 593 νομιζομένων
1291 558 1382 584 ἐκεῖνα
1400 556 1515 592 δεύτερα
1531 564 1538 589 ;
1557 556 1629 586 τίνος
1650 555 1678 581 δὲ
1693 555 1744 582 οὐκ
1762 556 1798 580 δν

1011 605 1198 640 προτιμότερα
1226 604 1298 631 κατά
1323 604 1354 630 τὺ
1379 602 1491 637 εὔλογον
1516 602 1656 636 κρίνοιτος
1675 601 1713 628 Οὐ
1739 600 1798 635 γὰρ

1010 650 1152 686 ὀφθαλμῷ,
1172 650 1219 675 καὶ
1244 650 1325 684 ἀκοῇ,
1343 649 1392 675 καὶ
1408 647 1528 682 γλώσσῃ,
1546 646 1562 681 ἢ
1579 646 1652 680 ἄλλῳ
1677 645 1731 672 τινὶ
1741 645 1799 672 τῶν

1013 696 1200 732 αἰσθητηρίων
1222 695 1291 730 πρὸς
1302 694 1333 722 τδ
1348 694 1470 730 διηνεκὲς
1489 694 1520 720 τὸ
1535 694 1613 727 γένος
1625 692 1704 728 ἡμῶν
1723 691 1798 723 διεξ-

1012 740 1120 775 άγεται.
1136 738 1230 766 Ταῦτα
1242 738 1307 773 γὰρ,
1333 738 1425 770 καθὼς
1439 738 1559 773 είρηται,
1575 738 1627 772 τῆς
1656 735 1800 772 παρούσης

1013 786 1088 813 ἐστὶν
1113 785 1303 817 ἀπολαύσεως.
1341 785 1413 811 ’Δ).λ’
1428 785 1458 811 ὲν
1483 785 1597 815 ἐκείνοις
1623 784 1639 817 ἠ
1664 783 1800 810 ἀθανασία

1016 834 1191 868 συντηρεῖται
1217 834 1250 868 τῇ
1264 831 1466 867 ἀνθρωπότητι,
1493 830 1530 862 ὡς
1559 831 1602 857 ἀεὶ
1620 829 1682 857 καθ’
1711 829 1794 864 ήμῶν

1013 879 1176 914 ἐνεργοῦντα
1203 879 1249 905 τὸν
1279 879 1393 906 θάνατον
1432 878 1573 913 ἄπρακτον
1603 874 1673 903 εἶναι
1697 876 1800 911 τρόπον

1013 926 1076 951 τινὰ
1088 925 1135 952 καὶ
1155 926 1298 959 ἀνήνυτον,
1314 924 1430 952 πάντοτε
1445 923 1514 958 πρὸς
1530 923 1561 949 τὸ
1581 922 1672 949 λεῖπον
1686 921 1731 948 διά
1743 921 1801 948 τῶν

1014 971 1216 1006 ἐπιγινομένων
1245 971 1344 1004 ἑαυτὴν
1377 967 1594 1003 ἀντεισαγοὺσης
1610 968 1659 1002 τῆς
1678 966 1799 1002 φύσεως.

173 1017 205 1043 Τί
230 1016 277 1043 οὖν
303 1017 426 1052 ἀπρεπὲς
443 1016 565 1051 περιέχει
580 1016 660 1050 ἡμῶν
680 1016 710 1042 τὸ
728 1016 887 1050 μυστήριον,
906 1015 983 1043 εἱδιὰ
999 1016 1102 1043 τούτων
1127 1018 1159 1043 ὲκ
1180 1016 1319 1051 Παρθένου
1343 1016 1467 1050 καθαρᾶς
1485 1013 1638 1049 κατεμίχθη
1652 1014 1666 1041 ὁ
1679 1013 1745 1045 Θεὸς
1759 1014 1801 1049 τῷ

174 1062 337 1098 ἀνθρωπίνῳ
354 1062 414 1097 βίῳ,
447 1062 480 1088 δι’
495 1058 532 1089 ὧν
551 1063 567 1096 ἠ
594 1061 675 1096 φύσις
691 1061 758 1096 πρὸς
778 1061 824 1088 τὸν
841 1061 955 1088 θάνατον
973 1063 1088 1097 μάχεται
1102 1071 1107 1077 ·

420 1107 463 1134 ΕΞ
480 1108 569 1134 eadem
587 1108 715 1135 oratione.

209 1154 264 1182 Cur
285 1159 375 1182 autent
390 1161 451 1181 cum
474 1153 551 1181 initio
567 1158 707 1188 peccatum
724 1154 837 1189 vigeret,
860 1161 913 1181 non
931 1153 959 1180 in

174 1202 234 1235 ipso
249 1201 339 1228 statim
355 1203 416 1227 ortu
435 1207 482 1235 per
497 1200 622 1227 humanm
639 1200 729 1227 carnis
742 1200 958 1235 assumptioncm

172 1247 403 1282 oppressuml‘uit,
416 1252 496 1281 atque
512 1246 649 1281 provisum
678 1254 713 1274 ne
730 1247 810 1274 latius
838 1251 960 1282 serperet

175 1300 203 1321 et
220 1291 547 1329 propagaretur?Facilis
573 1293 715 1327 responsio
745 1297 797 1320 est.
823 1291 959 1325 Quoniam

175 1340 208 1371 is,
226 1339 272 1371 qui
287 1344 390 1366 natura:
406 1338 575 1371 consulebat,
591 1338 725 1373 sapientia
739 1342 766 1365 et
789 1338 960 1373 providentia

175 1384 279 1412 distulit
293 1383 454 1411 beneﬁcium
477 1391 538 1418 erga
551 1391 602 1411 nos
622 1391 713 1411 suum.
730 1384 798 1410 Nam
814 1389 841 1411 et
862 1384 887 1410 in
901 1392 962 1411 cor-

176 1430 250 1465 poris
262 1429 363 1456 morbis
376 1437 438 1456 cum
464 1429 562 1463 aliquis
580 1429 677 1456 humor
692 1434 836 1463 corruptus
856 1434 960 1457 meatus

176 1474 329 1510 occupavit,
346 1474 458 1500 medica:
470 1473 607 1500 facultatis
627 1472 706 1507 periti
722 1480 775 1499 non
790 1472 865 1506 prius
882 1472 960 1498 adhi-

1230 1109 1280 1135 Ὲκ
1297 1107 1350 1135 τοῦ
1372 1108 1465 1135 αὐτοῦ
1479 1108 1586 1143 λόγου.

1047 1155 1080 1182 Τί
1096 1155 1141 1181 δαὶ
1155 1154 1214 1186 οὐκ,
1237 1154 1266 1181 ὲν
1278 1155 1375 1189 ἀρχαῖς
1391 1153 1474 1188 οὔσης
1488 1154 1538 1188 τῆς
1552 1153 1663 1186 κακίας,
1687 1152 1736 1188 τὴν
1751 1152 1800 1178 ἐπὶ

1010 1202 1040 1227 τὸ
1067 1200 1147 1227 πλέον
1177 1200 1263 1236 αὐτῆς
1277 1200 1391 1235 πρόοδον
1421 1200 1465 1227 διὰ
1487 1199 1538 1235 τῆς
1566 1199 1802 1234 ἐνανθρωπήσεως

1009 1247 1178 1280 ὲπετέμετο;
1198 1246 1268 1281 Πρὸς
1287 1245 1366 1272 τοῦτο
1390 1245 1521 1281 σύντομος
1545 1246 1559 1272 ὁ
1584 1244 1725 1280 παρ’ὴμῖν
1739 1243 1800 1270 ἔστι

1010 1293 1089 1327 λόγος
1105 1301 1113 1309 '
1130 1293 1191 1320 Ὀτι
1221 1292 1301 1327 σοφία
1325 1292 1431 1326 ⁴γέγονε,
1452 1292 1500 1319 καὶ
1527 1291 1574 1318 τοῦ
1595 1289 1800 1321 λυσιτελοῦντος

1009 1341 1042 1374 τῇ
1059 1339 1139 1373 φύσει
1153 1338 1308 1374 προμήθεια
1326 1339 1342 1373 ἡ
1369 1337 1438 1372 προς
1465 1337 1514 1373 τὴν
1529 1336 1692 1372 εὐεργεσίαν
1717 1335 1799 1371 ἡμῶν

1010 1385 1140 1419 ἀναϐολή.
1154 1385 1209 1410 Καὶ
1225 1384 1279 1418 γὰρ
1300 1383 1412 1410 ἐπὶτῶν
1429 1383 1594 1418 σωματικῶν
1625 1380 1797 1417 νοσημάτων,

1009 1431 1072 1457 ὅταν
1086 1440 1127 1462 τις
1160 1429 1308 1465 διεφθορὼς
1335 1429 1421 1466 χυμὸς
1449 1429 1561 1465 ὑφέρπῃ
1591 1429 1658 1460 τοὺς
1684 1428 1798 1463 πόρους,

1014 1476 1078 1511 πρὶν
1097 1475 1170 1502 ᾶπαν
1185 1475 1233 1502 ἐπὶ
1246 1475 1295 1510 τὴν
1309 1475 1470 1510 ἐπιφάνειαν
1499 1474 1665 1509 ἑλκυσθῆναι
1676 1474 1707 1501 τὸ
1720 1474 1800 1509 παρὰ

177 1519 241 1546 bent
255 1518 431 1553 astringentia
445 1518 655 1549 medicamenta,
669 1524 750 1551 quam
765 1516 802 1548 id,
819 1516 897 1550 .quod
913 1524 959 1543 na-

1015 1521 1094 1555 φύσιν
1121 1520 1337 1555 ὲγκείμενον,οὺ
1364 1519 1644 1555 καταφαρμακεύεται
1672 1520 1729 1550 τοῖς
1744 1528 1799 1546 πυ-

180 1569 246 1591 turae
261 1563 427 1590 contrariqu
438 1563 510 1590 intus
528 1562 657 1589 diﬂ‘usum
677 1567 729 1594 est,
744 1569 773 1589 se
789 1566 876 1589 totum
893 1562 960 1589 cll'u-

177 1609 260 1642 (ierit,
276 1617 309 1636 co
339 1613 430 1636 autem
447 1609 481 1636 ad
497 1608 672 1643 superﬁciem
688 1611 810 1635 extracto
829 1608 960 1636 remediis

179 1660 293 1682 utuntur
322 1655 389 1682 suis.
417 1655 552 1688 Quoniam
587 1654 670 1690 igitur
702 1653 814 1681 malitia:
850 1655 962 1682 morbus

179 1701 261 1729 scm-l
299 1706 425 1728 naturam
453 1701 600 1728 humanam
633 1700 779 1732 invaserat,
797 1701 964 1735 exspectavit

179 1748 254 1774 orbis
271 1747 402 1777 medicus.
424 1751 453 1774 ut
468 1747 559 1773 omnia
573 1754 671 1781 genera
689 1746 880 1780 improbitatis,
905 1755 965 1782 qua:

180 1793 207 1820 in
222 1794 279 1828 ipsa
295 1799 391 1820 natura
406 1793 560 1826 latitabant,
581 1797 769 1827 erumperent.
782 1793 885 1821 Idcirco
909 1802 964 1821 non

180 1838 271 1864 statim
302 1843 365 1872 post
394 1837 494 1864 cazdem
511 1841 538 1864 et
561 1836 742 1863 lratricidium
766 1837 919 1864 adntissum
949 1845 964 1865 a

181 1884 248 1910 Cain
274 1884 416 1911 hominum
433 1883 526 1918 generi
553 1883 716 1910 medicinam
742 1883 817 1910 fecit.
840 1883 966 1911 Nondum

180 1930 253 1956 enim
273 1937 379 1960 eorum,
398 1929 443 1963 qui
458 1933 580 1963 tempore
598 1928 654 1955 Noe
671 1928 787 1962 corrupti
802 1933 875 1961 sunt,
892 1936 966 1956 mor-

183 1976 232 2002 lius
247 1978 421 2009 apparuerat.
433 1974 557 2001 Nondum
573 1975 663 2009 gravis
675 1974 848 2002 Sodomiticae
865 1974 966 2009 iniqui-

182 2021 245 2048 tatis
264 2020 395 2054 aegritudo
427 2020 561 2054 patefacta
590 2025 657 2047 erat.
675 2019 800 2047 Nondum
826 2019 967 2056 Aigyptio-

181 2074 242 2094 rum
258 2075 348 2101 pugna
365 2074 428 2093 cum
451 2066 516 2098 Deo,
535 2066 656 2093 nondum
681 2066 810 2101 superbia
843 2066 967 2102 Assyrio-

183 2120 254 2144 rum,
272 2112 392 2139 nondum
409 2119 423 2137 a
445 2111 547 2138 Judacis
568 2111 691 2139 admissa:
704 2116 859 2139 sanctorum
879 2112 968 2139 homi-

182 2167 247 2186 num
276 2160 373 2191 caedes,
409 2159 529 2186 nondum
567 2159 619 2186 alia
647 2159 738 2186 omnia
761 2160 862 2187 scelera
888 2164 968 2195 atque

1013 1565 1106 1592 κνοῦσι
1120 1566 1150 1592 τὸ
1163 1565 1243 1601 σῶμα
1261 1566 1335 1601 παρὰ
1360 1566 1414 1592 τῶν
1441 1566 1574 1600 τεχνικῶς
1602 1564 1800 1600 μεθοδευόντων

1012 1613 1046 1639 τὰ
1063 1612 1148 1647 πάθη,
1163 1611 1221 1638 ἀλλ’
1238 1612 1404 1646 ἀναμένουσι
1429 1611 1460 1638 τὸ
1480 1611 1644 1646 ὲνδομυχοῦν
1658 1611 1730 1637 ἅπαν
1747 1610 1801 1643 ἔξω

1014 1655 1152 1689 γενέσθαι,
1172 1655 1219 1682 καὶ
1236 1655 1308 1682 οὕτω
1323 1654 1419 1690 γυμνῷ
1434 1656 1474 1689 τῷ
1503 1655 1584 1682 πάθει
1615 1656 1663 1690 τὴν
1678 1656 1800 1690 ίατρείαν

1015 1702 1207 1736 προσάγουσιν.
1218 1701 1325 1736 Ἐπειδὴ
1340 1702 1428 1727 τοίνυν
1441 1701 1515 1733 ἀπαξ
1525 1700 1659 1735 ἐνέσκηψε
1670 1702 1704 1735 τῇ
1718 1701 1801 1734 cpiast

1015 1749 1064 1783 τῆς
1083 1748 1295 1783 ὰνθρωπότητος
1322 1748 1339 1782 ή
1355 1747 1404 1781 τῆς
1423 1747 1524 1778 κακίας
1555 1747 1643 1778 νόσος,
1658 1746 1802 1781 ἀνέμεινεν

1015 1795 1029 1820 ό
1043 1793 1089 1820 τοῦ
1109 1794 1209 1825 παντὸς
1233 1792 1405 1828 θεραπευτής
1435 1792 1520 1827 μηδὲν
1543 1792 1739 1826 ὑπολειφθῆναι
1751 1791 1802 1826 τῆς

1017 1838 1150 1874 πονηρίας
1166 1836 1235 1870 εἶδος
1253 1838 1482 1874 ἐγκεκρυμμένον
1497 1838 1529 1873 τῇ
1546 1838 1637 1872 φύσει.
1657 1838 1707 1864 Διὰ
1721 1837 1803 1864 τοῦτο

1017 1885 1068 1911 οὐκ
1084 1885 1164 1916 εὐθὺς
1181 1885 1251 1920 μετὰ
1265 1885 1311 1910 τὸν
1344 1884 1442 1918 φθόνον
1460 1884 1506 1911 καὶ⁸
1519 1884 1569 1919 τὴν
1593 1883 1803 1918 ἀδελφοκτονίαν

1018 1931 1066 1957 τοῦ
1083 1931 1152 1957 Κόιῖν
1181 1931 1316 1965 προσάγει
1327 1930 1366 1965 τῷ
1394 1930 1531 1965 ἀνθρώπῳ
1563 1930 1613 1965 τὴν
1640 1930 1801 1964 θεραπείαν.

1020 1976 1102 2003 Οΰπω
1127 1976 1181 2010 γὰρ
1194 1975 1248 2002 τῶν
1273 1976 1318 2002 ἐπὶ
1343 1975 1405 2002 Νῶε
1421 1975 1652 2010 καταφθαρέντων
1676 1976 1693 2010 η
1719 1976 1803 2003 κακία

1018 2022 1179 2057 ἐξέλαμψεν,
1208 2021 1267 2048 οὐδὲ
1302 2022 1352 2057 τῆς
1381 2021 1555 2056 σοδομιτικῆς
1582 2022 1758 2056 παρανομίας
1785 2024 1802 2057 ἡ

1019 2067 1124 2103 χαλεπὴ
1141 2068 1217 2099 νόσος
1232 2067 1425 2101 ἀπεκαλύφθη,
1441 2067 1503 2094 οὐδὲ
1536 2068 1553 2102 ἠ
1569 2067 1624 2094 τῶν
1645 2068 1804 2101 Αἰγυπτίων

1020 2114 1163 2148 θεομαχία,
1179 2114 1240 2140 οὐδὲ
1258 2114 1275 2148 ἡ
1289 2113 1344 2140 τῶν
1365 2113 1518 2148 Ἀσσυρίων
1542 2114 1726 2149 ὑπερηφανία,
1744 2115 1804 2141 οὐδὲ

1019 2160 1035 2194 ὴ
1054 2158 1107 2185 τῶν
1127 2158 1262 2186 Ἰουδαίων
1279 2159 1351 2186 κατὰ
1365 2159 1419 2185 τῶν
1433 2159 1518 2193 ἁγίων
1538 2159 1585 2186 τοῦ
1610 2159 1677 2186 Θεοῦ
1694 2168 1804 2195 μιαιςο·

182 2205 292 2239 ﬂagitia.
307 2212 366 2238 qua:
381 2204 422 2231 vel
437 2205 586 2232 litterarum
601 2206 783 2232 monumentis
797 2206 963 2241 consignata,

1021 2206 1075 2236 νία,
1087 2205 1149 2232 οὐδὲ
1165 2206 1198 2231 τὸ.
1214 2205 1282 2232 ἄλλα
1297 2206 1395 2238 πάντα,
1410 2206 1460 2232 ὅσα
1471 2214 1501 2232 τε
1534 2206 1742 2241 μνημονεύεται,
1757 2208 1805 2233 καὶ

185 2251 226 2277 vel
246 2250 355 2277 silentio
371 2250 508 2285 praeterita
522 2254 595 2282 sunt,
614 2252 783 2283 exstiterant,
801 2258 863 2278 cum
885 2252 968 2280 variis

183 2295 273 2323 modis
310 2296 414 2330 peccati
450 2297 525 2323 radix
554 2297 582 2323 in
612 2297 752 2323 hominum
783 2298 968 2326 voluntatibus

183 2347 317 2377 serperet.
351 2342 531 2377 Posteaquam
550 2343 632 2378 igitur
656 2343 757 2370 malitia
783 2345 907 2378 pervenit
935 2344 969 2372 ad

183 2396 335 2421 sumntum,
353 2389 532 2424 hominesque
541 2390 644 2416 nullum
659 2390 769 2417 sceleris
780 2398 865 2426 genus
881 2391 970 2418 inten-

188 2440 273 2461 tatum
302 2435 490 2470 reliquerunt,
516 2440 582 2463 tunc
602 2436 720 2471 optimus
744 2437 865 2464 medicus
882 2444 970 2464 rente-

187 2480 276 2514 dium,
303 2489 357 2516 quo
379 2486 461 2508 totam
486 2481 671 2517 a-gritudinem
698 2486 816 2515 curaret,
837 2482 968 2509 adhibuit.

187 2526 250 2553 llaec
277 2527 327 2554 fuit
354 2535 447 2558 causa,
471 2528 648 2562 quamobrem
677 2536 731 2555 non
752 2529 895 2562 cxorienli,
923 2529 969 2556 sed

187 2573 309 2607 perfecto
336 2574 391 2609 jam
411 2573 505 2600 morbo
532 2574 633 2601 mederi
659 2575 753 2601 volu’t.
775 2575 851 2607 Quod
867 2575 889 2602 si
910 2575 971 2609 quis

187 2618 337 2645 rationibus
351 2619 452 2646 nostris
463 2626 517 2645 non
541 2619 698 2654 acquiescit,
723 2620 785 2654 quia
807 2624 867 2654 post
886 2620 972 2647 medi-

187 2667 344 2689 camentum
371 2662 523 2690 adhibitum
560 2663 650 2691 adhuc
671 2663 809 2698 peccando
835 2668 970 2698 grassatur

188 2708 328 2735 hominum
341 2708 405 2740 vita,
416 2708 440 2735 is
457 2709 580 2743 exemplo
588 2709 660 2736 claro
677 2710 859 2736 communitus
873 2709 971 2736 verita-

189 2757 243 2780 tem
268 2758 408 2789 agnoseat.
425 2754 656 2786 Quemadmodum
672 2754 745 2781 enim
759 2754 784 2781 in
799 2754 971 2788 serpentibus

187 2799 322 2832 videmus,
338 2799 361 2825 si
383 2800 511 2827 lethalem
536 2800 640 2834 plagam
656 2800 683 2826 in
700 2800 787 2834 capite
807 2800 970 2834 acceperint,

187 2851 242 2872 non
270 2846 400 2874 continuo
417 2846 497 2874 simul
523 2853 584 2873 cum
600 2846 658 2880 ipso
674 2847 760 2879 rapite
781 2846 895 2881 reliquas
911 2854 972 2874 cor-

1019 2252 1068 2278 ὅσα
1081 2251 1132 2283 ἔξω
1148 2252 1196 2286 τῆς
1212 2251 1332 2285 ἱστορίας
1345 2252 1374 2277 ὲν
1389 2253 1448 2283 ταῖς
1465 2251 1582 2286 καθεξῆς
1597 2253 1704 2286 γενεαῖς
1722 2261 1805 2279 καῖε-

1019 2297 1140 2333 πράχθη,
1159 2298 1337 2333 πολυτρόπως
1355 2298 1405 2332 τῆς
1427 2297 1473 2324 τοῦ
1489 2298 1574 2326 κακοῦ
1596 2299 1674 2333 ῥίζης
1698 2300 1727 2325 ὲν
1744 2302 1805 2331 ταῖς

1019 2345 1074 2371 τῶν
1100 2343 1251 2379 ἀνθρώπων
1268 2344 1446 2379 προαιρέσεσι
1475 2344 1688 2380 βλαστανούσης.
1726 2346 1804 2372 Ἐπὶ

1019 2389 1067 2416 οὖν
1089 2390 1157 2424 πρὸς
1172 2389 1203 2416 τὸ
1226 2389 1378 2425 ἀκρότατον
1406 2390 1504 2426 μέτρον
1530 2390 1648 2424 ἔφθασεν
1668 2391 1684 2426 ἡ
1706 2392 1802 2424 κακία,

1021 2436 1068 2462 καὶ
1094 2435 1171 2461 οὐδὲν
1195 2434 1236 2461 ἔτι
1261 2435 1394 2470 πονηρίας
1422 2433 1492 2467 εῐδος
1517 2436 1547 2462 ὲν
1567 2437 1623 2467 τοῖς
1647 2436 1804 2472 ἀνθρώποις

1021 2480 1174 2515 ἀτόλμητον
1189 2476 1235 2515 ἦν,
1249 2479 1287 2511 ὠς
1301 2480 1334 2507 ἂν
1346 2480 1390 2507 διὰ
1404 2481 1495 2516 πάσης
1510 2481 1558 2516 τῆς
1569 2481 1724 2517 ἀρρωστίας
1737 2491 1807 2518 προ-

1021 2526 1172 2562 χωρήσειεν
1185 2527 1201 2562 ή
1222 2526 1365 2562 θεραπεία,
1375 2527 1470 2553 τούτου
1482 2528 1563 2563 χάριν
1575 2528 1625 2554 οὐκ
1639 2529 1806 2564 ἀρχομένην,

1021 2573 1090 2600 ἀλλὰ
1105 2572 1322 2608 τετελειωμένην
1344 2573 1490 2610 θεραπεύει
1513 2575 1562 2609 τὴν
1582 2575 1668 2602 νόσον.
1685 2575 1755 2601 Είδέ
1764 2584 1807 2607 τις

1021 2620 1142 2653 ἐλέγχειν
1156 2618 1241 2645 οἴεται
1254 2619 1299 2646 τὺν
1315 2620 1452 2655 ἡμέτερον
1470 2620 1559 2655 λόγον,
1573 2621 1615 2648 ὅτι
1629 2622 1676 2648 aut
1690 2621 1761 2656 μετά
1777 2622 1808 2648 τὸ

1022 2664 1215 2700 προσαχθῆναι
1239 2664 1288 2700 τὴν
1313 2665 1463 2701 θεραπείαν
1487 2666 1527 2693 ἔτι
1546 2667 1746 2702 πλημμελεῖται
1763 2668 1809 2694 διὰ

1022 2709 1077 2736 τῶν
1099 2709 1309 2744 ἁμαρτημάτων
1323 2712 1336 2737 ὁ
1353 2711 1525 2745 ἀνθρώπινος
1539 2712 1606 2748 βίος,
1624 2712 1808 2748 ὑποδείγματί

1023 2764 1076 2782 τινι
1092 2756 1146 2782 τῶν
1160 2756 1315 2791 γνωρίμων
1330 2757 1491 2792 ἐδηγηθήτω
1516 2758 1583 2792 πρὸς
1599 2757 1648 2791 τὴν
1664 2757 1807 2792 ἀλήθειαν,

1024 2800 1130 2836 Ὠσπερ
1143 2802 1196 2836 γὰρ
1207 2803 1252 2827 ἐπὶ
1269 2802 1315 2828 τοῦ
1332 2803 1429 2837 ὄφεως,
1444 2804 1468 2829 εἰ
1480 2803 1550 2830 κατά
1560 2804 1608 2838 τῆς
1624 2803 1743 2837 κεφαλῆς
1760 2803 1811 2838 τὴν

1024 2845 1134 2882 καιρίαν
1163 2847 1249 2882 λάϐοι,
1266 2849 1316 2876 οὐκ
1328 2849 1409 2882 εὐθὺς
1427 2849 1622 2885 συννεκροῦται
1640 2850 1672 2884 τῇ
1700 2849 1810 2884 κεφαλῇ
