1912 3078
179 159 230 192 ΞΜ

794 145 987 178 EUTHYMII
1012 143 1194 174 ZIGABEXI

1762 133 1817 164 27.2

180 222 209 245 ct
224 218 338 244 mortem
358 219 419 240 esse
436 216 608 246 perpessum,
640 204 767 234 eumdem
792 209 882 231 tamen
911 209 971 229 om-
986 207 1005 232 Α

1061 200 1102 233 ξαν
1121 207 1151 225 τε
1167 198 1213 225 καὶ
1227 196 1408 233 λαμπρότητα
1418 193 1550 230 διηνεκῶς
1579 192 1671 228 μένειν
1700 191 1817 218 ἀνελάτ-

182 264 248 291 nino
259 260 403 289 divinitate
427 257 509 284 nullis
523 253 688 282 cruciatibus
713 256 760 279 aut
783 248 973 277 affectionibus

1026 254 1123 272 τωτον.

183 309 329 338 obnoxium
344 304 536 342 permansisse,
552 305 622 329 utet
637 301 710 328 satus
735 302 808 325 esset
826 300 919 324 nostra
942 295 969 321 in
993 297 1081 321 marte
1110 292 1243 328 unigeniti
1262 291 1323 319 Filii
1353 290 1402 318 Dei
1435 289 1474 324 (o
1497 287 1622 316 mirabile
1645 291 1818 322 mysterium,

184 363 213 386 et
229 364 339 385 omnem
356 353 462 382 dicendi
478 350 532 378 vim
553 347 704 385 superans!
721 347 731 381 )
752 350 779 374 et
804 345 902 373 divina:
929 342 1056 370 essentia:
1076 341 1135 376 ejus
1159 341 1231 377 apud
1249 340 1355 367 Patrem
1382 337 1466 374 gloria
1491 340 1519 364 et
1542 334 1671 370 splendor
1685 336 1821 369 perpetuo

186 405 247 434 sine
263 403 317 432 ulla
337 400 530 429 imminutione
542 399 727 432 permaneret.

532 443 671 479 Ejusdem.

224 497 353 531 Magnum
398 495 545 525 assumpta:
573 497 588 515 a
620 488 676 514 Deo
708 485 800 514 carnis
822 483 980 520 mysterium

191 551 301 578 semper
315 540 473 577 mysterium
496 540 597 566 manet,
616 542 670 561 non
691 533 780 560 solmn
812 531 887 566 quia,
916 531 981 557 dum

190 587 312 618 facultati
327 593 433 615 eorum,
452 583 497 619 qui
509 585 664 613 servantur,
681 579 861 614 proportione
873 577 983 603 videtur

192 635 372 671 respondere,
388 632 475 666 majus
487 636 568 664 quam
583 635 638 662 pra:
655 633 684 653 se
704 625 766 654 fert,
783 630 913 651 arcanum
930 622 980 649 ha-

191 684 239 712 bet
250 680 421 709 reconditum
433 686 441 710 ;
455 684 552 703 verum
568 674 650 701 etiam
666 673 729 708 quia
745 671 772 698 id
789 671 888 706 ipsum,
911 668 984 703 quod

196 732 325 764 apparet,
340 725 426 759 magis
443 723 581 750 occultum
596 725 624 747 et
641 724 776 746 secretum
789 721 830 744 est
853 723 932 750 quam
961 719 990 741 ut

195 777 250 803 ulla
264 775 380 804 ratione,
392 769 528 806 quomodo
540 768 587 800 sit,
598 766 700 801 percipi
715 764 812 792 valeat.
828 762 900 788 Deus
916 761 989 787 enim

197 821 315 850 essentia
345 817 498 849 sublimior,
524 814 632 841 ratione
665 810 812 839 essentiam
844 811 991 843 superante

198 868 314 903 sumpsit
343 864 498 894 essentiam,
515 867 542 888 et
555 868 604 896 pro
617 857 774 886 hominibus
800 855 915 890 (tantum
930 852 990 886 ejus

199 915 227 942 in
241 915 365 942 hommes
376 918 451 938 amor
466 908 516 935 fuit.
526 907 545 942 l)
556 913 588 934 ex
602 905 746 933 hominum
762 901 881 929 essentia
901 899 990 926 factus

201 961 294 991 homo,
309 957 430 987 modum,
447 961 499 988 quo
531 951 620 979 iactus
651 953 703 980 est,
730 953 858 974 arcanum
877 944 990 976 retinet,

202 1006 302 1041 quippe
316 1003 361 1038 qui
378 1008 460 1035 supra
478 1005 594 1029 morem,
611 1000 639 1024 et
651 995 717 1027 vim,
731 998 760 1021 et
785 990 991 1026 intelligentiam

204 1054 349 1079 humanam
368 1047 458 1074 iactus
471 1050 512 1073 est
523 1046 615 1071 homo.

538 1089 677 1125 Ejusdem.

241 1142 344 1178 Ecquis
366 1145 472 1168 tantum
498 1136 607 1164 excellit
630 1133 740 1162 dicendi
783 1131 921 1162 facultate,
966 1133 996 1155 ut

206 1191 315 1221 audeat,
332 1192 378 1215 aut
393 1186 478 1221 possit
493 1183 640 1218 explicare,
657 1178 794 1216 quomodo
809 1175 996 1210 comprehen-

161 1244 164 1247 ·
206 1244 253 1264 sus
263 1236 298 1263 sit
317 1232 407 1261 Deus?
430 1229 565 1266 quomodo
581 1235 645 1255 caro
664 1226 723 1254 sine
741 1224 845 1252 semine
870 1225 997 1257 generata

208 1282 265 1310 sit?
290 1278 427 1315 quomodo
455 1276 515 1303 sine
549 1272 724 1307 corruptione
757 1268 880 1297 mulieris
905 1271 999 1302 partus

209 1325 346 1356 exstiterit
357 1325 368 1351 ’ί
379 1322 515 1358 quomodo
525 1320 600 1354 virgo
612 1318 686 1346 nullo
695 1315 881 1344 intercedente
889 1313 999 1341 homine

207 1377 295 1401 mater
305 1369 443 1398 evaserit?
460 1367 597 1403 quomodo
610 1369 696 1392 mater
715 1367 792 1398 partu
810 1360 996 1397 virginitatem

210 1426 263 1445 non
273 1417 396 1444 solvente
411 1414 486 1448 virgo
498 1409 700 1447 permanserit?
714 1413 740 1435 et
753 1414 783 1434 ut
791 1412 913 1434 extremo
927 1405 999 1436 loco,

209 1464 282 1500 quod
296 1463 412 1497 primum
435 1464 486 1491 est,
499 1459 598 1488 dicam,
617 1455 752 1490 quomodo
766 1454 837 1481 Deus
864 1451 952 1479 factus
967 1450 1003 1476 sit

211 1499 315 1539 homo?
331 1511 358 1535 el.
380 1506 454 1541 quod
469 1505 559 1539 majus
583 1502 744 1538 mysterium
768 1499 904 1531 continet,
933 1504 1002 1532 quo-

1333 429 1387 457 Τοῦ
1414 427 1519 455 αὐτοῦ.

1067 480 1103 506 Τὸ
1117 479 1189 514 μέγα
1202 478 1250 513 τῆς
1269 476 1342 507 θείας
1355 473 1590 510 ὲνανθρωπήσεως
1604 471 1757 506 μυστήριον
1775 470 1824 497 ἀεὶ

1035 527 1111 561 μένει
1137 525 1298 560 μυστήριον,
1316 522 1347 548 οὐ
1368 520 1448 556 μόνον
1467 520 1509 545 ὅτι
1526 517 1693 552 συμμέτρως
1713 516 1747 550 τῇ
1774 514 1824 541 δυ-

1036 573 1117 607 νάμει
1133 571 1189 597 τῶν
1206 569 1251 596 ὑπ’
1270 567 1352 595 αὐτοῦ
1369 566 1533 600 σωζομένων
1551 563 1750 598 ἐκφαινόμενον
1765 561 1824 596 ἔχει

1038 619 1130 654 μεῖζον
1155 616 1203 643 τοῦ
1226 614 1406 650 ἐκφανθέντος
1430 613 1460 638 τὸ
1477 611 1681 645 κεκρυμμένον,
1698 609 1755 634 ἀλλ’
1778 608 1821 634 ὅτι

1037 665 1087 691 καὶ
1111 663 1178 690 αὐτὸ
1196 662 1226 688 τὸ
1250 660 1333 696 φανὲν
1360 659 1400 685 ἔτι
1418 658 1494 692 μένει
1517 656 1636 690 πάμπαν
1662 654 1826 688 ἀπόκρυφον

1037 710 1124 737 οὐδενὶ
1140 709 1212 743 λόγῳ
1228 707 1319 738 καθώς
1333 707 1391 732 ἐστι
1406 703 1619 738 γινωσκόμενον.
1640 700 1670 726 ’0
1686 699 1741 734 γὰρ
1757 698 1826 730 Θεὸς

1039 755 1201 791 ὑπερούσιος
1218 753 1266 784 ὣν,
1283 750 1456 786 ὑπερουσίως
1469 747 1601 782 οὐσιώθη·
1621 746 1669 772 καὶ
1685 744 1757 779 ὑπὲρ
1777 745 1827 770 ἀν-

1040 802 1158 838 θρώπων
1174 801 1211 831 ὡς
1225 798 1417 833 φιλάνθρωπος
1432 796 1465 822 ὲκ
1480 795 1530 830 τῆς
1544 793 1599 820 τῶν
1612 792 1765 827 ἀνθρώπων
1783 790 1830 816 οὒ-

1042 836 1103 878 uia;
1129 845 1271 880 ἄνθρωπος
1297 840 1428 877 γεγονὼς,
1459 840 1505 866 τὸν
1533 837 1580 866 τοῦ
1608 837 1665 869 πῶς
1684 836 1832 871 ἄνθρωπος

1041 895 1136 928 γέγονε
1162 892 1263 927 τρόπον
1290 890 1367 925 μένει
1393 887 1564 922 κεκτημένος
1592 885 1774 918 ἀνέκφαντον,
1792 881 1832 913 ὡς

1043 940 1113 975 ὑπὲρ
1129 938 1274 973 ἄνθρωπον
1291 935 1435 971 ἄνθρωπος
1451 933 1606 968 γενόμενος.

1347 1071 1402 1100 Τοῦ
1427 1070 1531 1099 αὑτοῦ.

1083 1123 1131 1154 Τίς
1145 1122 1274 1150 τοσοῦτον
1287 1121 1400 1155 δυνάμει
1424 1119 1505 1154 λόγου
1524 1118 1633 1154 θαρρῶν
1650 1115 1770 1150 ἐξειπεῖν
1789 1112 1836 1138 δυ-

1048 1172 1170 1206 νήσεται,
1185 1168 1243 1200 πῶς
1260 1167 1355 1201 γέγονε
1378 1165 1445 1192 Θεοῦ
1471 1163 1626 1198 σύλληψιςς
1644 1163 1703 1194 πῶς
1723 1163 1838 1196 γένεσις

1050 1216 1151 1252 σαρκὸς
1165 1214 1230 1241 ἄνευ
1254 1213 1380 1248 σπορᾶς;
1405 1211 1462 1242 πῶς
1478 1210 1608 1244 γέννησις
1632 1209 1692 1243 δίχα
1714 1209 1837 1244 φοορᾶςς

1050 1263 1108 1294 πῶς
1122 1264 1139 1296 ἡ
1160 1260 1299 1296 Παρθένος
1316 1259 1407 1293 μήτηρ
1422 1257 1451 1284 οὐ
1471 1255 1708 1292 μεσολαϐήσαντος
1724 1254 1838 1289 ἀνδρόςς

1050 1309 1107 1339 πῶς
1132 1308 1148 1343 ἡ
1175 1306 1268 1341 μήτηρ
1286 1303 1435 1339 Παρθένυς,
1447 1302 1486 1337 τῷ
1501 1301 1573 1336 τόκῳ
1590 1301 1628 1336 μὴ
1643 1300 1773 1335 λυθείσης
1788 1301 1841 1335 τῆς

1051 1353 1219 1390 παρθενίαςς
1244 1351 1292 1377 καὶ
1316 1350 1360 1377 ἵνα
1386 1350 1416 1376 τὸ
1441 1348 1549 1383 πρῶτον
1571 1347 1727 1374 τελευταῖον
1756 1346 1840 1377 εἴπω,

1054 1401 1111 1432 πῶς
1127 1401 1142 1426 ό
1154 1399 1221 1430 Θεὸς
1236 1397 1383 1432 ἄνθρωπος
1398 1396 1522 1430 γίνεται;
1540 1394 1587 1420 καὶ
1601 1393 1632 1420 τὸ
1650 1392 1842 1428 μυστηριωδὲ-

1053 1454 1160 1481 στερον,
1177 1444 1236 1475 πῶς
1262 1441 1399 1473 οὐσιωδῶς
1421 1441 1451 1467 ὲν
1475 1441 1559 1475 σαρκὶ
1582 1438 1644 1466 καθ’
1659 1439 1811 1465 ὑπόστασιν
1830 1439 1844 1464 ὁ

1053 1493 1114 1520 κατ’
1127 1491 1221 1519 οὐσίαν
1235 1487 1424 1519 ὑποστατικῶς
1436 1486 1498 1518 ὅλος
1511 1486 1555 1512 ἀεὶ
1570 1485 1660 1520 μένων
1676 1485 1706 1510 ἐν
1729 1484 1770 1520 τῷ
1788 1484 1846 1510 Πι-

214 1529 313 1539 ..υ...ν.
332 1529 358 1535 ν.
381 1529 454 1541 ,ιη-
470 1529 556 1539 ___,,,,,
897 1529 901 1531 γ
942 1529 949 1532 _

214 1556 296 1584 modo
320 1561 369 1588 per
395 1551 542 1580 essentiam
560 1547 710 1577 secundum
722 1552 867 1581 personam
882 1544 908 1571 in
922 1549 1004 1570 carne

1061 1539 1117 1575 cpt;
1133 1538 1194 1569 Πῶς
1209 1536 1255 1563 καλ
1269 1535 1327 1566 ὅλος
1345 1535 1404 1561 ἐστὶ
1420 1534 1486 1564 idet;
1502 1532 1573 1559 κατὰ
1602 1531 1694 1566 φύσιν,
1711 1531 1760 1557 καὶ
1783 1529 1847 1561 ὅλος

1083 1586 1088 1588 .
1185 1583 1196 1588 ..
1218 1583 1228 1588 Α
1412 1581 1417 1588 1
1467 1578 1473 1587 1
1582 1579 1621 1588 I7,
1641 1577 1686 1588 ειη
1700 1577 1775 1588 ΠᾼΞΑ..
1796 1576 1832 1588 __.’.

211 1603 360 1633 exsistens,
371 1607 420 1634 per
436 1597 581 1626 essentiam
598 1593 748 1622 secundum
765 1597 909 1627 personam
931 1593 1004 1616 totus

215 1655 326 1682 seraper
341 1646 366 1673 in
382 1645 462 1672 Patre
481 1641 583 1669 fuerit?
599 1639 740 1673 Quomodo
751 1642 779 1665 et
793 1641 867 1664 totus
882 1636 917 1663 sit
925 1639 1006 1662 natu-

217 1702 247 1721 ra
260 1694 343 1725 Dens,
355 1696 383 1718 et
393 1694 466 1717 totus
481 1692 578 1715 natura
592 1687 629 1712 ita
649 1685 735 1712 factus
751 1683 787 1711 sit
803 1683 895 1714 homo,
909 1685 939 1708 ut
953 1687 1005 1707 nec

217 1740 338 1766 divinam
354 1743 404 1764 nec
421 1736 568 1762 humanam
585 1734 712 1758 naturam
728 1729 868 1764 abjiceret,
882 1726 931 1754 sed
948 1732 1007 1752 am-

219 1787 268 1813 bas
287 1785 346 1812 sine
361 1780 522 1810 confusione
543 1778 702 1812 conjunctas
727 1771 918 1801 conservaret?
944 1770 1006 1797 Haec

1057 1586 1168 1620 γέγονεν
1181 1583 1325 1618 ἄνθρωπος
1352 1581 1424 1607 κατὰ
1441 1578 1532 1614 φύσιν,
1555 1579 1624 1613 μήτε
1638 1577 1686 1612 τὴν
1700 1577 1776 1603 θείαν
1795 1576 1848 1611 φύ-

1058 1640 1112 1663 σιν,
1139 1631 1209 1666 μήτε
1237 1628 1285 1663 τὴν
1301 1627 1476 1662 ἀνθρωπίνην
1490 1624 1658 1660 ἡρνημένος,
1686 1623 1743 1650 ἀλλ’
1758 1623 1848 1657 ἀσυγ-

1059 1675 1150 1712 χὺτως
1164 1673 1309 1709 ἡνωμένας
1325 1671 1412 1702 αὑτὰς
1426 1670 1517 1705 τηρῶν
1531 1678 1538 1703 ;
1555 1669 1646 1696 Ταῦτα
1663 1669 1754 1699 πίστις
1777 1668 1850 1702 μόνη

1060 1721 1147 1757 χωρεῖ
1185 1719 1240 1745 τῶν
1270 1717 1342 1752 ὑπὲρ
1374 1716 1436 1744 νοῦν
1481 1715 1527 1742 καὶ
1574 1714 1652 1749 λόγον
1684 1713 1850 1748 ὑπάρχουσα

1060 1765 1233 1802 πραγμάτων
1250 1763 1400 1794 ὑπόστασις
1412 1781 1419 1794 ,
1448 1762 1496 1788 καὶ
1526 1760 1720 1791 ἀναπόδεικτος
1734 1759 1850 1793 γνῶσις.

220 1834 287 1861 ﬁdes
297 1831 354 1860 sola
369 1825 587 1863 comprehcndit,
601 1831 662 1858 quae
677 1826 797 1850 mentem
820 1824 847 1847 et
866 1817 1060 1854 cogitationem
1076 1811 1234 1849 superantia
1251 1810 1342 1838 verbis
1356 1813 1497 1843 nequeunt
1511 1806 1704 1836 demonstrari.

546 1869 685 1904 Eiusdem.

257 1923 343 1952 Adam
358 1929 372 1948 a
384 1919 477 1948 divino
491 1915 619 1944 mandato
639 1911 780 1944 recedens,
797 1910 823 1937 in
838 1915 920 1937 causa
947 1906 1010 1940 fuit,

224 1974 255 1997 ut
265 1967 385 1996 hominis
410 1961 575 2000 principium
586 1959 621 1986 sit
631 1965 692 1986 eum
705 1956 854 1990 voluptate,
875 1953 936 1980 linis
949 1959 1012 1979 cum

224 2016 329 2044 dolore.
345 1998 488 2040 Nam-eum
505 2007 643 2041 voluptate
673 2002 808 2038 gignitur,
826 2007 888 2027 cum
918 1998 1013 2026 dolore

227 2061 355 2089 moritur.
370 2057 494 2085 Christus
510 2058 613 2083 autem,
628 2051 714 2077 iactus
729 2047 871 2078 obediens,
882 2045 964 2072 alium
980 2051 1013 2070 ex

227 2107 330 2143 Spiritu
341 2109 432 2132 ortum
444 2099 600 2128 hominibus
617 2097 729 2130 largitus
747 2097 798 2125 est,
810 2092 887 2127 cujus
907 2090 1013 2118 initium

229 2136 350 2180 andolore
362 2149 474 2184 quidem
490 2143 646 2173 excolendae
677 2139 785 2168 virtutis
817 2142 844 2165 et
878 2136 1014 2164 laboribus

229 2198 361 2228 nascitur,
375 2194 436 2222 ﬁnis
448 2196 540 2219 autem
558 2189 723 2223 voluptatem
751 2190 778 2212 et
788 2184 907 2219 quietem
920 2188 1016 2209 conse-

1364 1855 1420 1882 Τοῦ
1442 1854 1546 1882 αὑτοῦ.

1105 1904 1134 1931 '0
1151 1904 1202 1939 μὲν
1221 1902 1318 1937 Ἀδὰμ,
1333 1900 1513 1937 παρακούσας
1530 1900 1581 1933 τῆς
1597 1899 1673 1930 θείας
1689 1898 1853 1934 ὲντολῆς,ὲξ

1063 1951 1161 1987 ἡδονῆς
1186 1950 1317 1986 ἄρχεσθαι
1342 1949 1392 1983 τὴν
1418 1947 1526 1981 γένεσιν
1540 1946 1595 1972 τῶν
1617 1945 1781 1980 ἀνθρώπων,
1801 1947 1853 1973 καὶ

1064 1997 1231 2032 καταλήγειν
1247 1997 1286 2027 εἰς
1301 1995 1397 2029 ὀδύνην
1413 1993 1538 2028 ἐποίησε.
1553 1993 1592 2018 Δι’
1610 1992 1705 2026 ἡδονῆς
1730 1991 1780 2026 μὲν
1796 1992 1854 2027 γὰρ

1066 2045 1083 2078 ἡ
1109 2042 1209 2077 σπορὰ,
1233 2041 1267 2068 δι’
1284 2040 1379 2075 ὀδύνης
1393 2039 1422 2065 δὲ
1437 2040 1450 2065 ὁ
1464 2038 1589 2069 θάνατος.
1611 2038 1641 2064 ’0
1659 2037 1686 2064 δὲ
1722 2037 1854 2072 Χριστὺς,

1068 2089 1189 2125 ὑπήκοος
1217 2088 1379 2122 γενόμενος,
1408 2085 1492 2120 ἄλλην
1525 2084 1634 2118 γένεσιν
1662 2084 1855 2118 πνευματικὴν

1069 2135 1216 2170 ἐχαρίσατο
1230 2134 1286 2164 τοῖς
1300 2131 1465 2166 ἀνθρώποις,
1481 2130 1512 2162 ἐξ
1540 2130 1637 2164 ὀδύνης
1654 2130 1705 2164 μὲν
1731 2130 1779 2156 καὶ
1803 2126 1857 2156 πόὲ

1070 2189 1123 2207 νων
1139 2181 1192 2207 τῶν
1211 2179 1260 2214 τῆς
1283 2179 1385 2214 ἀρετῆς
1400 2177 1568 2212 ἀρχομένην,
1583 2177 1622 2207 είς
1638 2175 1735 2211 ἡδονὴν
1759 2175 1789 2202 δὲ
1808 2178 1857 2202 καὶ

230 2245 336 2280 quitur.
350 2238 533 2274 Quamobrem
548 2240 575 2262 et
587 2222 656 2268 ipse,
674 2239 735 2259 cuin
752 2230 832 2257 vellet
847 2229 929 2256 homo
947 2226 1003 2254 ﬁeri

1069 2227 1225 2254 ἀνάπαυσιν
1246 2225 1465 2260 καταλήγουσαν.
1483 2223 1529 2249 Διὸ
1554 2222 1602 2249 καὶ
1616 2222 1700 2254 αὑτὸς
1716 2222 1857 2258 ὲνανθρω-

1093 2272 1105 2276 -
1176 2272 1187 2280 n
1224 2271 1233 2280 κ
1261 2271 1298 2280 n,\
1338 2270 1383 2280 _x,.
1401 2269 1443 2280 LL
1462 2269 1566 2280 __-_:_
1589 2269 1617 2280 -.ἱ
1635 2267 1793 2280 ----.ι....--
1812 2270 1844 2280 -.ε

230 2275 357 2325 quamvis
377 2284 481 2312 semine
500 2279 618 2308 noluerit
632 2275 768 2314 generari,
796 2279 911 2301 mortem
928 2276 1019 2298 tamen

232 2317 357 2371 perferre
372 2329 468 2361 Voluit,
497 2335 551 2354 non
570 2331 599 2352 ut
614 2321 769 2357 voluptatis,
786 2327 846 2354 qua:
862 2318 933 2346 nulla
961 2317 1020 2344 fue-

233 2365 287 2413 rat,
300 2382 372 2407 esset
385 2383 476 2412 poena,
493 2374 539 2401 sed
557 2376 587 2399 ut
598 2379 650 2398 nos
668 2370 809 2396 damnatos
828 2365 978 2393 absolveret
995 2367 1022 2390 et

236 2429 383 2458 morte_sua
393 2425 506 2448 mortem
519 2423 641 2446 nostram
654 2413 838 2445 interimeret,
853 2416 880 2437 et
893 2409 1023 2438 concilia-

237 2476 280 2500 ret
291 2469 369 2497 nobis
379 2465 621 2495 immortalitatem.

566 2509 699 2544 Ejusdem.

274 2562 392 2597 Equum
409 2559 470 2591 fuit,
485 2563 513 2584 ut
527 2556 610 2587 Deus,
627 2553 673 2589 qui
702 2557 798 2580 natura
822 2554 850 2577 et
871 2550 970 2580 bonus,
998 2551 1024 2574 ct

239 2595 359 2643 sapiens,
378 2611 406 2634 et
423 2605 525 2640 justus,
539 2607 566 2629 et
581 2605 679 2636 potens
698 2603 750 2628 est,
767 2604 855 2631 neque
873 2596 912 2622 uti
937 2595 1025 2621 bonus

241 2654 358 2683 hominis
370 2661 385 2679 a
401 2659 430 2679 se
442 2648 576 2686 procreati
595 2645 748 2681 despiceret
763 2641 946 2670 inﬁrmitatem
965 2661 973 2673 ,
999 2643 1026 2667 et

244 2707 283 2728 ull
296 2700 409 2735 sapiens
426 2697 486 2732 ejus
504 2694 630 2722 curanda:
645 2691 780 2718 rationem
792 2689 929 2724 cognitam
944 2687 1028 2713 habe-

242 2753 294 2780 ret,
308 2753 334 2774 et
352 2747 388 2773 uti
401 2746 490 2780 justus
517 2750 572 2772 cos,
590 2740 636 2775 qni
660 2739 782 2765 volentes
809 2734 933 2762 servituti
968 2741 1027 2760 sese

243 2796 429 2829 subjecerant,
439 2790 512 2817 nulla
532 2786 660 2816 violentia
676 2786 704 2812 in
725 2785 877 2810 libertatem
907 2780 1028 2807 vindica-

244 2846 332 2871 ret,et
350 2839 386 2865 nti
401 2842 496 2872 potens
505 2836 538 2862 ad
555 2835 606 2861 hoc
615 2830 807 2867 perﬁciendum
817 2828 887 2855 vires
904 2831 929 2854 et
947 2825 1028 2853 iacul-

245 2893 327 2914 tatem
343 2886 488 2913 obtineret.

1071 2272 1156 2306 πῆσαι
1175 2271 1318 2306 βουληθεὶς
1333 2270 1383 2304 τὴν
1399 2269 1444 2296 διὰ
1460 2269 1566 2302 σπορᾶς
1587 2269 1618 2294 οὑ
1634 2267 1794 2303 προσήκατο
1812 2270 1860 2300 γε·

1071 2325 1155 2349 νεσιν,
1171 2317 1218 2343 τὸν
1233 2315 1266 2342 δι’
1284 2315 1380 2349 ὀδύνης
1392 2315 1420 2340 δὲ
1438 2314 1552 2340 θάνατον
1568 2313 1729 2347 ὑπέμεινεν,
1748 2313 1798 2346 οὺχ
1820 2312 1859 2343 ὠς

1073 2363 1209 2397 ἐπιτίμιον
1226 2362 1334 2397 ἡδονῆς,
1351 2360 1409 2388 ἀλλ’
1435 2359 1506 2394 ὑπὲρ
1522 2358 1600 2393 ἡμῶν
1617 2357 1671 2384 τῶν
1690 2357 1859 2388 καταδίκων,

1073 2411 1120 2436 καὶ
1148 2409 1180 2435 ἲν*
1201 2411 1214 2435 ὁ
1243 2408 1358 2438 θάνατος
1389 2405 1471 2433 αὑτοῦ
1501 2405 1618 2434 θάνατος
1643 2403 1691 2430 τοῦ
1721 2403 1862 2438 ἡμετέρου

1074 2453 1190 2480 θανάτου
1207 2453 1320 2488 γένηται
1334 2452 1381 2479 καὶ
1397 2451 1526 2485 πρόξενος
1540 2449 1698 2480 ἀθανασίας.

1380 2498 1435 2524 Τοῦ
1455 2496 1559 2524 αὐτοῦ.

1114 2548 1189 2574 Ἔδει
1213 2546 1259 2573 τὸν
1283 2544 1349 2572 Θεὸν
1372 2543 1486 2578 ἀγαθὸν,
1510 2543 1556 2568 καὶ
1573 2541 1666 2576 σοφὸν,
1683 2540 1730 2567 καὶ
1745 2539 1863 2572 δίκαιον,

1077 2597 1124 2623 καὶ
1148 2594 1260 2622 δυνατὸν
1283 2592 1349 2619 ὂντα
1371 2590 1443 2618 κατὰ
1457 2589 1549 2625 φύσιν,
1572 2589 1610 2620 ὡς
1638 2587 1687 2622 μὲν
1705 2585 1810 2621 ἀγαθὸν
1827 2586 1865 2622 μὴ

1078 2643 1202 2678 παριδεῖν
1216 2641 1262 2667 τοῦ
1276 2639 1378 2666 οἰκείου
1399 2638 1559 2672 πλάσματος
1574 2636 1622 2670 τὴν
1644 2635 1788 2662 ἀσθένειαν
1799 2642 1805 2648 ·
1826 2633 1864 2663 ὡς

1078 2690 1107 2716 δὲ
1123 2689 1204 2723 σοφὸν
1219 2687 1365 2722 γινώσκειν
1380 2685 1425 2712 τὸν
1441 2685 1541 2719 τρόπον
1556 2684 1605 2718 τῆς
1621 2681 1740 2716 ἰατρείας
1767 2680 1844 2715 ἡμῶν
1856 2688 1862 2694 ·

1078 2737 1114 2768 ὡς
1132 2736 1235 2762 δίκαιον
1250 2734 1278 2761 δὲ
1294 2733 1332 2768 μὴ
1358 2731 1523 2767 τυραννικὴν
1540 2728 1704 2764 ποιήσασθαι
1724 2728 1775 2763 τὴν
1790 2728 1864 2753 ἐλευ-

1081 2784 1174 2819 θερίαν
1190 2782 1245 2808 τῶν
1260 2779 1468 2814 δεδουλωμένων
1493 2777 1625 2807 ἑκουσίως
1648 2776 1703 2806 τοῖς
1723 2775 1865 2808 δαίμοσιν

1081 2832 1118 2863 ὼς
1132 2829 1244 2856 δυνατὸν
1258 2827 1285 2854 δὲ
1307 2827 1344 2863 μὴ
1365 2825 1495 2860 ἀτονῆσαι
1511 2823 1578 2860 πρὸς
1593 2823 1641 2857 τὴν
1671 2821 1721 2855 τῆς
1748 2819 1866 2855 ἰατρείας

1082 2873 1265 2908 ἐκπλήρωσιν.
