1912 3078
203 124 258 162 235

812 128 1003 159 EUTHYMH
1022 130 1201 162 ZIGABENI

1770 133 1822 165 236

201 188 300 216 ancilla
315 186 429 214 Domini.
446 185 505 213 Fiat
517 185 579 212 mihi
595 185 738 213 secundum
751 186 855 213 uerbum
875 192 947 214 tuum
968 187 976 202 ¹

1040 187 1163 222 θήσεται
1190 188 1255 221 Υἱὸς
1277 186 1362 215 Θεοῦ.
1390 186 1421 213 Ἦ
1440 187 1468 213 δὲ
1490 187 1557 222 πρὸς
1582 187 1673 219 αὐτὸν,
1700 187 1778 215 Ἰδοὺ
1803 189 1821 222 ή

200 235 267 263 Post
281 239 422 261 assensum
435 231 518 266 igitur
530 234 631 259 saneta:
645 230 774 265 Virginis,
790 231 908 267 Spiritus
922 240 984 259 sau-

201 286 263 309 ctus
291 287 324 308 ex
349 285 476 306 sermone
501 276 610 304 Domini
638 284 716 310 quem
739 278 850 312 angelus
878 278 984 305 dixerat

200 325 337 355 descendit
359 324 384 351 in
403 331 473 356 eam,
489 322 628 358 ipsamque
639 323 773 357 purgavit,
789 328 816 350 et
830 323 882 349 vim
899 323 934 350 illi
950 323 983 350 ad

200 371 402 406 suscipiendam
424 369 508 397 Verbi
522 368 700 401 divinitatem,
715 373 742 395 et
757 369 790 395 ad
802 371 981 404 generandnm

200 417 322 452 praebuit.
347 416 378 444 Et
403 419 466 443 tunc
491 414 516 443 ei
533 414 561 442 in
582 421 631 442 sua
647 420 758 441 manens
777 414 913 449 hypostasi
938 415 982 442 Dei

200 461 325 489 altissimi
360 460 515 495 sapientia,
540 462 566 486 et
587 458 691 489 virtus.
730 457 813 485 Filius
838 458 896 492 Dei,
912 459 984 494 ejus-

199 508 261 534 dem
289 505 411 534 essentite
441 512 502 533 cum
535 503 617 531 Patre
646 509 771 538 tanquam
800 503 919 531 divinum
938 512 982 532 se-

199 559 262 579 men
279 549 468 583 obumbravit,
494 548 599 583 sibique
626 555 658 576 ex
682 548 763 575 castis
786 551 814 575 et
831 549 982 583 purissimis

198 597 258 632 ejus
278 595 452 631 sanguinibus
464 594 599 630 compegit
615 595 734 628 [carnem
761 594 907 621 animatam
925 594 982 621 ani-

199 650 263 675 ma,
292 641 414 674 ratione,
447 644 591 675 menteque
617 639 749 674 praedita,
773 639 906 674 primitias
934 646 982 666 no-

198 691 263 715 stra
279 693 385 720 massae,
399 693 453 713 non
476 685 588 716 semine.
616 685 662 713 sed
695 685 786 712 divino
799 684 915 712 artiﬁcio
933 691 981 718 per

199 733 330 767 Spiritum
346 736 468 760 sanctuut
487 740 496 759 :
510 731 594 766 ﬁgura
609 737 665 758 non
679 730 806 765 paulatim
826 737 876 765 per
890 737 981 757 acces-

198 779 288 807 siones
300 778 429 812 perfecta,
447 777 494 804 sed
511 784 564 804 uno
588 777 738 810 eodemque
762 780 898 803 momento
915 779 981 802 tem-

198 824 274 860 poris
290 823 424 851 absoluta.
442 821 532 857 Ipsum
548 826 637 849 autem
662 821 708 848 Dei
732 821 844 849 Verbum
861 820 899 848 ita
919 828 980 847 cutn

1037 234 1131 268 δούλη
1150 235 1269 269 Κυρίου·
1292 233 1410 268 γένοιτό
1432 242 1483 267 μοι
1509 232 1584 261 κατὰ
1606 233 1640 260 τὸ
1653 233 1736 268 ῥῆμά
1750 242 1820 261 σου.

1037 279 1116 306 Μετὰ
1135 279 1181 306 οὖν
1200 279 1249 314 τὴν
1275 279 1475 313 συγκατάθεσιν
1497 279 1547 314 τῆς
1573 279 1655 312 ἁγίας
1682 279 1821 314 Παρθένου

1035 325 1151 360 Πνεῦμα
1167 325 1247 360 ἅγιον
1260 325 1376 360 ἐπῆλθεν
1392 325 1435 352 ἐπ’
1449 325 1544 360 αὐτὴν,
1558 325 1626 351 κατὰ
1642 325 1687 352 τὸν
1700 325 1748 352 τοῦ
1765 326 1825 352 Κυυ

1038 372 1095 406 ρίου
1119 371 1208 405 λόγον,
1229 371 1259 397 ὃν
1280 369 1357 397 εἶπεν
1380 371 1393 397 6
1415 370 1543 404 ἄγγελος,
1569 370 1700 405 καθαῖρον
1724 370 1822 406 αὐτὴν,

1036 417 1083 444 καὶ
1098 416 1214 452 δύναμιν
1231 415 1359 449 δεκτικὴν
1372 416 1421 450 τῆς
1438 415 1484 442 τοῦ
1503 417 1590 449 Λόγου
1607 416 1733 450 θεότητος
1749 425 1824 452 παρ-

1036 462 1108 497 έχον,
1124 462 1182 497 ἅμα
1197 463 1225 489 δὲ
1242 463 1289 488 καὶ
1307 462 1480 496 γεννητικὴν.
1509 462 1562 488 Καὶ
1578 462 1639 488 τότε
1657 462 1822 488 ἐπεσκίασεν

1035 507 1119 543 αὐτὴν
1137 509 1153 542 ὴ
1172 507 1217 534 τοῦ
1231 506 1298 533 Θεοῦ
1314 507 1361 533 τοῦ
1381 506 1510 541 Ὑψίστου
1528 507 1709 537 ὲνυπόστατος
1740 507 1821 541 σοφία

1036 553 1083 579 καὶ
1103 552 1229 587 δύναμις,
1252 553 1266 579 6
1291 553 1356 584 Υἱὸς
1368 552 1416 579 τοῦ
1429 552 1508 585 Θεοῦ,
1528 554 1542 579 6
1555 552 1594 587 τῷ
1614 553 1700 588 Πατρὶ
1721 552 1820 587 όμοού-

1035 606 1103 630 σιος,
1132 598 1214 624 οἱονεὶ
1235 599 1305 629 θεῖος
1323 599 1434 633 σπόρος,
1450 598 1498 624 καὶ
1513 598 1664 633 συνέπηξεν
1679 598 1770 633 ἑαυτῷ
1790 599 1822 625 ὲκ

1028 644 1088 671 ’τῶν
1101 643 1192 677 ἁγνῶν
1209 644 1256 670 καὶ
1270 643 1473 679 καθαρωτάτων
1487 644 1573 679 αὐτῆς
1588 645 1712 679 αίμάτων
1729 644 1820 679 σάρκα

1037 689 1253 725 ὲνεψυχωμένην
1277 689 1350 724 ψυχῇ
1372 689 1467 724 λογικῇ
1482 697 1512 716 τε
1527 689 1573 715 καὶ
1587 689 1678 724 νοερᾷ,
1692 689 1822 724 ἀπαρχὴν

1034 735 1081 761 τοῦ
1104 735 1240 770 ἡμετέρου
1268 735 1439 770 φυράματος,
1465 735 1495 760 οὐ
1520 735 1727 769 σπερματικῶς,
1751 735 1822 762 ἀλλὰ

1034 780 1239 816 δημιουργικῶς
1262 780 1307 806 διὰ
1332 780 1379 806 τοῦ
1401 780 1481 814 ἁγίου
1507 781 1678 814 Πνεῦματος.
1703 781 1734 807 οὺ
1758 782 1821 812 ταῖς

1035 826 1107 853 κατὰ
1134 825 1231 861 μικρὸν
1259 825 1428 860 προσθήκαις
1449 826 1669 861 ἀπαρτιζομένου
1685 825 1731 862 τοῦ
1756 827 1822 860 σχή-

198 877 282 898 carne
295 868 470 904 coniunctum
486 872 528 895 est
552 867 702 902 bypostasi.
723 871 752 894 ut
763 865 845 893 simul
866 870 894 893 et
916 872 979 893 caro

1032 880 1127 907 ματος,
1140 871 1285 906 ἁλλ’ὑφ’ἓν
1301 871 1500 902 τελειωθέντος.
1515 872 1601 902 Αὐτὸς
1616 871 1645 898 δὲ
1657 873 1670 898 6
1684 872 1731 898 τοῦ
1746 871 1816 898 Θεοῦ

198 915 291 949 fuerit,
302 919 329 942 et
350 914 397 942 Dei
411 913 492 941 Verbi
510 920 585 940 caro.
611 912 697 939 Simul
708 917 734 939 et
750 919 814 939 caro
829 911 910 939 fuerit
924 911 982 937 ani-

201 965 272 989 mata
298 959 404 988 ratione
421 963 562 992 menteque
583 958 706 993 pra-dita,
719 962 744 984 et
760 956 806 984 Dei
822 956 902 984 Verbi
917 963 982 983 caro

202 1007 320 1034 animata
334 1005 441 1033 ratione
455 1009 596 1039 menteque
608 1003 730 1038 praedita.
749 1002 843 1037 itaque
860 1009 912 1029 non
936 1003 983 1028 ho-

200 1052 300 1080 minem
316 1051 400 1079 Deum
415 1057 476 1078 esse
492 1050 603 1080 factum,
628 1049 675 1076 sed
699 1049 784 1076 Deum
808 1047 908 1075 factum
923 1055 983 1076 esse

199 1097 333 1125 hominem
344 1097 469 1124 dicimus.
495 1095 562 1122 Nam
590 1095 636 1130 qui
656 1099 752 1122 natura
782 1094 919 1129 perlectus
941 1097 982 1120 est

199 1143 283 1176 Deus,
297 1142 367 1169 idem
383 1145 479 1168 natura
506 1140 592 1167 factus
608 1145 648 1167 est
666 1140 747 1167 homo
763 1138 910 1173 perfectus,
925 1145 979 1165 non

198 1193 294 1216 natura
311 1190 441 1219 mutatus,
457 1193 506 1213 nec
519 1185 700 1220 dispositionis
715 1186 831 1219 speciem
848 1184 982 1219 praebens,

200 1234 248 1262 sed
279 1238 416 1267 assumpta
444 1239 477 1258 ex
506 1237 599 1258 sancta
631 1229 744 1264 Virgine
769 1237 851 1257 carne
878 1230 982 1257 ratione

199 1281 340 1311 menteque
370 1277 500 1307 animata,
529 1282 590 1309 quae
615 1275 641 1301 iu
672 1275 729 1308 ipso
754 1273 879 1305 habebat,
895 1277 925 1300 ut
939 1280 983 1300 es-

197 1328 248 1356 set,
264 1327 290 1349 et
304 1329 364 1349 eum
382 1321 440 1356 ipso
453 1326 512 1348 erat
526 1327 573 1355 per
585 1319 750 1355 hypostasitn
766 1318 908 1354 cenjuucta
923 1318 982 1346 sine

198 1368 366 1400 confusione,
395 1367 454 1394 sine
493 1366 688 1398 immutatione,
721 1365 780 1392 sine
816 1364 981 1391 inversione.

196 1414 287 1449 Neque
301 1414 372 1441 enim
395 1411 545 1440 divinitatis
561 1418 616 1439 suae
639 1414 766 1437 naturam
785 1410 812 1436 in
825 1409 916 1437 carnis
932 1416 980 1436 na-

196 1465 285 1488 turam
298 1457 440 1491 convertit,
457 1464 546 1491 neque
560 1456 651 1483 carnis
668 1462 723 1482 sua:
744 1455 910 1481 naturamin
924 1461 980 1481 sure

196 1507 343 1536 divinitatis
369 1510 493 1532 naturam
516 1500 701 1529 commutavit.
718 1498 811 1534 Neque
830 1506 863 1526 ex
889 1498 980 1525 divina

197 1561 245 1581 sua
262 1557 366 1583 natura,
389 1554 416 1577 et
436 1556 469 1576 ex
488 1552 582 1574 natura
596 1552 676 1581 quam
701 1544 829 1580 suscepit,
850 1545 979 1576 humana,

199 1604 322 1627 naturam
344 1604 426 1624 unam
444 1593 621 1628 compositam
636 1591 764 1619 reddidit.

448 1649 584 1684 Ejusdem.
598 1648 665 1683 (ἔαρ.
680 1647 724 1675 68.

231 1699 279 1727 lite
297 1704 385 1730 voces,
400 1696 527 1724 divinitas
539 1699 566 1722 et
578 1694 743 1727 humanitas,
764 1693 907 1721 essentiam
925 1693 980 1720 sive

197 1751 323 1774 naturam
336 1743 498 1778 signiﬁcant.
513 1741 567 1769 illa:
582 1739 740 1774 vero,{Detts
754 1745 781 1767 et
795 1739 885 1772 homo,
901 1739 980 1766 modo

196 1791 338 1819 essentiam
353 1789 482 1822 indicant,
503 1792 532 1815 ut
545 1794 606 1814 cum
623 1786 737 1814 dicimus
753 1794 761 1813 :
779 1785 849 1813 Deus
864 1785 981 1813 essentia

197 1842 249 1870 eet,
265 1844 325 1871 quae
355 1833 547 1869 comprehendi
577 1839 630 1859 non
654 1835 764 1866 potest:
782 1835 810 1858 et
838 1830 908 1858 Deus
936 1835 978 1858 est

196 1890 264 1910 unus
277 1891 285 1916 ;
303 1881 382 1909 modo
398 1886 529 1915 personas
538 1877 688 1908 declarant,
702 1878 734 1905 de
749 1877 845 1912 quibus
859 1876 896 1903 ita
911 1876 979 1904 dici-

197 1933 251 1960 tur,
266 1931 297 1953 ut
319 1925 421 1960 species
448 1924 482 1951 de
498 1923 554 1951 suis
577 1922 731 1954 individuis,
754 1921 979 1957 quemadmodum

195 1974 221 1999 in
239 1980 270 1999 eo
286 1970 432 2005 Scriptura:
448 1969 506 1996 loco
518 1977 525 1995 :
537 1967 677 2002 Propterea
688 1967 764 1994 unxit
778 1971 802 1994 te
817 1965 897 1999 Deus,
911 1965 979 1992 Deus

197 2025 257 2046 tuus
273 2017 293 2045 '.
309 2015 378 2044 Ecce
392 2015 461 2042 enim
480 2013 524 2041 hic
534 2012 641 2040 Patrem
661 2017 688 2040 et
699 2011 794 2039 Filium
808 2011 977 2046 signiﬁcavit.

197 2063 228 2090 Et
244 2070 304 2090 cutn
323 2061 388 2096 legis
403 2061 430 2087 in
441 2059 493 2087 alio
506 2060 583 2086 loco:
602 2057 688 2085 Homo
705 2058 814 2092 quidam
828 2062 882 2084 erat
897 2057 924 2084 in
939 2065 980 2083 re-

195 2109 271 2143 gione
281 2106 403 2133 Ausitide
418 2105 438 2132 ³.
451 2104 501 2132 Job
514 2105 586 2132 enim
600 2104 672 2131 solus
689 2103 833 2130 indicatur.
848 2102 978 2135 Quoniam

197 2153 277 2188 igitur
292 2153 318 2179 in
339 2151 452 2178 Domino
471 2154 563 2177 nostro
584 2148 646 2176 Jesu
666 2148 774 2175 Christo
787 2148 854 2175 duas
869 2152 978 2175 naturas

1032 917 1117 950 Λόγος
1140 916 1309 950 ἐχρημάτισε
1333 917 1366 951 τῇ
1384 914 1466 951 σαρκὶ
1486 916 1645 949 ὑπόστασις,
1660 917 1730 943 ὥστε
1759 917 1817 952 ἅμα

1033 963 1111 997 σὰρξ,
1133 962 1192 996 ἅμα
1213 962 1280 989 Θεοῦ
1308 962 1395 996 Λόγου
1420 962 1498 997 σὰρξ,
1516 962 1647 997 ἔμψυχος,
1663 963 1761 997 λογική
1790 972 1819 989 τε

1032 1007 1079 1034 καὶ
1106 1007 1197 1042 νοερά.
1221 1007 1267 1035 Διὸ
1293 1007 1343 1034 οὐκ
1369 1006 1512 1042 ἄνθρωπον
1537 1008 1674 1034 θεωθέντα
1691 1008 1818 1043 λέγομεν,

1031 1052 1100 1079 ἀλλὰ
1122 1053 1189 1079 Θεὸν
1210 1053 1470 1088 ἑνανθρωπήσαντα.
1489 1053 1536 1080 Ὧν
1549 1054 1606 1089 γὰρ
1619 1054 1699 1088 φύσει
1715 1054 1819 1085 τέλειος

1033 1098 1109 1132 Θεὸς,
1135 1099 1232 1134 γέγονε
1259 1099 1308 1126 καὶ
1322 1099 1403 1134 φύσει
1418 1099 1523 1132 τέλειος
1536 1099 1678 1134 ἄνθρωπος
1694 1100 1709 1127 6
1725 1101 1816 1131 αὐτὸς.

1032 1145 1064 1171 οὐ
1083 1145 1200 1180 τραπεὶς
1223 1144 1272 1180 τὴν
1293 1144 1385 1179 φύσιν,
1401 1144 1461 1171 οὐδὲ
1484 1145 1624 1179 φαντάσας
1640 1144 1689 1180 τὴν
1715 1146 1819 1171 οἰκονο-

1036 1192 1111 1226 μίαν,
1130 1192 1198 1218 ὰλλὰ
1213 1193 1246 1227 τῇ
1261 1192 1293 1218 ὲκ
1307 1192 1357 1224 τῆς
1372 1192 1451 1224 ἁγίας
1466 1191 1607 1227 Παρθένου
1620 1191 1755 1227 ληφθείσῃ
1775 1192 1817 1218 λο-

1032 1237 1119 1271 γικῶς
1138 1245 1167 1264 τε
1190 1238 1236 1264 καὶ
1263 1237 1365 1272 νοερῶς
1380 1237 1578 1273 ὲνεψυχωμὲνῃ
1609 1238 1700 1272 σαρκὶ,
1718 1240 1766 1263 καὶ
1789 1239 1817 1263 ὲν

1032 1283 1106 1319 αὐτῷ
1135 1283 1167 1310 τὸ
1194 1281 1265 1310 εἶναι
1291 1283 1412 1318 λαχούσῃ
1440 1282 1553 1314 ἐνωθεὶς
1581 1280 1643 1309 καθ’
1667 1283 1816 1309 ὑπόστασιν

1032 1329 1206 1363 ἀσυγχύτως,
1231 1329 1278 1355 καὶ
1302 1329 1502 1362 ἁναλλοιώτως,
1528 1329 1576 1355 καὶ
1594 1329 1746 1363 ἀτρέπτως,
1777 1328 1816 1363 μὴ

1034 1373 1196 1409 μεταϐαλὼν
1217 1374 1266 1407 τὴν
1280 1373 1329 1408 τῆς
1347 1373 1475 1409 θεότητος
1492 1373 1576 1401 αὐτοῦ
1604 1374 1684 1407 φύσιν
1702 1374 1742 1404 είς
1766 1375 1816 1408 τὴν

1032 1419 1082 1454 τῆς
1108 1420 1208 1454 σαρκὸς
1225 1419 1330 1452 οὐσίαν,
1348 1419 1417 1454 μήτε
1433 1418 1486 1454 μὴν
1502 1419 1551 1454 τὴν
1579 1419 1672 1445 οὐσίαν
1685 1418 1736 1453 τῆς
1751 1426 1816 1454 σαρ-

1032 1465 1079 1496 κὸς
1101 1464 1183 1491 αὑτοῦ
1200 1465 1240 1496 είς
1255 1465 1306 1500 τὴν
1324 1465 1373 1499 τῆς
1388 1465 1516 1499 θεότητος
1540 1464 1622 1492 αὐτοῦ
1637 1465 1728 1499 φύσιν,
1754 1465 1815 1491 οὐδὲ

1033 1511 1065 1537 ὲκ
1093 1511 1142 1545 τῆς
1161 1510 1237 1542 θείας
1263 1510 1345 1538 αὑτοῦ
1363 1510 1480 1545 φύσεως,
1509 1512 1555 1538 καὶ
1581 1508 1614 1546 ἧς
1631 1511 1815 1545 προσελάϐετο

1031 1555 1204 1592 ἀνθρωπίνης
1229 1555 1336 1590 φύσεως
1351 1555 1417 1591 μίαν
1441 1555 1522 1590 φύσιν
1552 1555 1719 1587 ἀποτελέσας
1750 1555 1815 1582 σύν-

1031 1601 1118 1628 θετον.
1563 1591 1566 1594 4

1207 1646 1262 1674 Τοῦ
1281 1646 1384 1674 αὐτοῦ.
1402 1645 1573 1680 Κεφάλαιον
1588 1646 1637 1681 ξην.

1065 1693 1102 1720 Τὸ
1137 1693 1188 1728 μὲν
1213 1692 1264 1727 τῆς
1292 1692 1418 1727 θεότητος
1452 1691 1500 1719 κα)⁵
1523 1693 1572 1726 τῆς
1603 1692 1815 1727 ἁνθρωπότητος

1019 1739 1115 1774 ’ὄνομα
1127 1739 1180 1766 τῶν
1191 1738 1289 1765 οὐσιῶν
1301 1739 1386 1771 ἐστιν,
1399 1738 1458 1773 ἦτοι
1476 1738 1583 1772 φύσεων
1596 1739 1813 1774 παραστατικὸν·

1029 1785 1059 1810 τὸ
1081 1784 1109 1811 δὲ
1128 1783 1193 1816 Θεὺς
1208 1784 1256 1811 καὶ
1275 1783 1417 1819 ἄνθρωπος
1433 1787 1481 1811 καὶ
1500 1785 1547 1811 ἐπὶ
1566 1785 1615 1819 τῆς
1634 1784 1728 1815 οὐσίας
1751 1786 1815 1812 τάτ-

1029 1838 1104 1856 τεται
1115 1836 1123 1846 ·
1137 1829 1231 1864 ὥσπερ
1245 1830 1308 1856 ὅταν
1320 1830 1445 1865 λέγομεν,
1460 1830 1526 1861 Θεός
1537 1831 1610 1857 ζεστιν
1620 1830 1814 1865 ἀκατάληπτος

1029 1875 1119 1908 οὐσία,
1134 1875 1181 1902 καὶ
1200 1876 1241 1902 ὅτι
1263 1873 1304 1907 εἷς
1326 1876 1340 1901 6
1360 1875 1436 1907 Θεός.
1452 1876 1632 1911 ίΛαμὸᾰνεται
1650 1876 1678 1903 δὲ
1696 1877 1745 1903 καὶ
1766 1877 1814 1903 ἐπὶ

1028 1921 1083 1948 τῶν
1099 1921 1286 1953 ὑποστάσεων,
1302 1921 1340 1951 ὡς
1353 1920 1400 1947 τοῦ
1421 1923 1608 1957 μερικωτὲρου
1623 1922 1768 1957 δεχομένου
1781 1923 1814 1949 τὸ

1030 1967 1076 1993 τοῦ
1089 1967 1307 2002 καθολικωτὲρου
1322 1967 1407 2002 ὄνομα
1420 1976 1427 1982 ·
1443 1967 1480 1999 ὠς
1492 1968 1557 1994 όταν
1572 1968 1654 2003 φησιν
1669 1970 1685 2003 ἡ
1703 1969 1811 2004 Γραφὴ,

1030 2012 1080 2039 Διὰ
1091 2011 1180 2040 τοῦτο
1195 2011 1297 2046 ἐχρισέ
1311 2014 1373 2038 σεό
1389 2012 1470 2044 Θεὸς,
1487 2014 1503 2039 ὁ
1518 2013 1591 2046 Θεός
1604 2021 1673 2045 σου,
1690 2013 1743 2040 ἰδου
1756 2013 1812 2049 γὰρ

1029 2058 1073 2084 τὸν
1087 2057 1197 2092 Πατέρα
1207 2058 1254 2084 καὶ
1267 2057 1312 2083 τὸν
1325 2057 1389 2084 Υἱδν
1400 2059 1520 2092 ἔσήμανε
1531 2065 1539 2074 ⁸
1553 2059 1599 2085 καὶ
1609 2059 1647 2090 ὡς
1660 2059 1723 2086 ὅταν
1733 2060 1812 2096 λέγῃ.

1030 2103 1196 2138 Ἄνθρωπός
1219 2111 1264 2140 τις
1278 2101 1318 2138 ἦν
1332 2102 1367 2129 ἐν
1377 2102 1456 2136 χώρᾳ
1471 2102 1508 2138 τῇ
1520 2103 1672 2130 Αὺσίτιδι’
1693 2104 1740 2131 τὸν
1756 2105 1813 2140 γὰρ

1035 2149 1095 2175 ἰὼσ
1115 2149 1196 2184 μόνον
1212 2149 1357 2184 ἐδήλωσεν.
1378 2149 1440 2176 Ἐπὶ
1462 2149 1528 2183 γοῦν
1544 2150 1592 2176 τοῦ
1614 2150 1719 2186 Κυρίου
1731 2151 1812 2186 ἡμῶν

195 2199 375 2234 agnoscimus,
403 2200 429 2223 et
443 2202 524 2222 unam
541 2198 642 2221 tantum
666 2200 823 2229 personant,
855 2200 914 2228 qua:
941 2200 973 2219 ex

1032 2194 1119 2230 Ἰησοῦ
1136 2195 1267 2230 Χριστοῦ,
1286 2194 1380 2230 ἐπειδὴ
1401 2195 1447 2221 δύο
1467 2196 1517 2230 μὲν
1532 2196 1582 2227 τὰς
1604 2196 1702 2230 φύσεις
1729 2197 1812 2231 γινώ⁹

196 2250 311 2278 utt-thue
328 2246 435 2269 constat
449 2246 547 2268 natura
563 2249 569 2267 :
583 2240 695 2275 proinde
705 2247 765 2266 cum
784 2244 896 2266 naturas
913 2245 978 2265 con-

195 2289 374 2323 templamur,
404 2287 570 2314 divinitatem
605 2290 633 2312 et
660 2284 824 2311 humanitem
853 2283 976 2311 dicimus.

195 2334 308 2367 Quando
325 2338 414 2360 autem
429 2340 461 2359 ex
478 2337 574 2358 natura
588 2334 756 2358 constantem
781 2336 935 2363 personam,
953 2328 976 2355 si

195 2388 229 2408 ex
244 2384 359 2414 utraque
377 2383 473 2405 natura
489 2381 616 2405 constare
631 2376 829 2406 consideretur,
841 2382 901 2401 eam
919 2379 975 2401 tum

194 2426 342 2457 Christum,
365 2428 423 2451 tum
446 2422 544 2454 Deum.
567 2426 622 2449 tuttt
646 2422 780 2448 hominem
799 2428 832 2447 ex
849 2428 928 2454 aequo
950 2424 978 2448 et

195 2469 276 2496 Deum
293 2467 428 2495 hominem
454 2466 553 2494 factum
569 2465 749 2493 nominamus.
786 2465 832 2493 Sin
856 2471 890 2491 ex
913 2472 976 2498 una,

195 2503 251 2543 tum
265 2517 350 2543 Dcunt
368 2515 496 2542 duntaxat
514 2519 540 2541 et
566 2513 664 2540 Filium
682 2512 741 2548 Dei,
770 2518 824 2540 tum
841 2512 975 2540 hominem

194 2562 281 2588 solum
307 2560 483 2596 appellamus.
500 2559 533 2586 Et
546 2559 690 2593 aliquando
714 2559 822 2593 quidem
840 2566 873 2586 ex
888 2559 975 2587 subli-

195 2607 324 2634 mioribus
336 2606 497 2638 rationibus,
512 2605 657 2639 aliquando
673 2609 761 2632 autent
774 2612 807 2632 ex
820 2604 972 2632 humiliori-

194 2653 244 2679 bus
255 2652 452 2679 consideratur.
466 2650 541 2678 Unus
560 2650 630 2676 eniut
646 2654 697 2683 est,
710 2650 765 2677 sive
781 2650 842 2683 hoc,
858 2650 914 2677 sive
931 2650 976 2677 illo

193 2697 274 2725 modo
289 2696 416 2724 similiter
431 2696 554 2722 exsistat.
567 2694 625 2721 Jatn
644 2703 705 2722 eum
724 2696 893 2722 divinitatem
910 2696 975 2722 diei-

194 2749 264 2775 mus,
278 2748 338 2769 eam
353 2741 532 2768 humanitatis
553 2740 762 2774 proprietatibus
778 2748 830 2767 ttou
850 2742 974 2768 denomi-

230 2830 238 2845 ¹
251 2829 318 2858 Luc.
332 2836 350 2862 ι,
366 2827 400 2855 9.8
412 2835 470 2862 sqq.
508 2829 518 2843 '
532 2826 603 2855 Psal.
620 2834 692 2859 xttv.
708 2826 734 2854 8.
773 2827 783 2843 ³
795 2827 844 2854 Job
859 2835 877 2859 ι,
891 2828 915 2855 1.

1031 2249 1142 2275 σκομεν,
1160 2241 1223 2275 μίαν
1238 2240 1267 2267 δὲ
1280 2241 1328 2276 τὴν
1345 2241 1495 2268 ὑπόστασιν
1510 2241 1540 2274 ἐξ
1561 2243 1726 2278 ἀμφοτέρων
1747 2245 1812 2271 σύν-

1029 2285 1192 2317 0510v,6~:av
1216 2287 1265 2320 μὲν
1287 2286 1336 2317 τὰς
1356 2286 1452 2320 φύσεις
1465 2287 1676 2323 ἀναθεωρῶμεν,
1697 2289 1812 2325 θεότητα

1029 2332 1075 2357 καὶ
1091 2332 1286 2367 ἁνθρωπότητα
1303 2332 1438 2367 καλοῦμεν
1448 2341 1456 2349 ·
1472 2334 1536 2360 ὅταν
1550 2333 1578 2360 δὲ
1593 2334 1642 2369 τὴν
1655 2335 1686 2361 ἐκ
1704 2335 1811 2369 φύσεως

1030 2377 1202 2403 συντεθεῖσαν
1220 2377 1380 2411 ὑπόστασιν,
1400 2378 1465 2405 ποτὲ
1487 2379 1535 2413 μὲν
1551 2381 1583 2406 ὲκ
1597 2379 1644 2406 τοῦ
1671 2389 1811 2416 συναμφο-

1027 2421 1107 2457 τέρου
1123 2422 1239 2457 Χριστὸν
1261 2422 1441 2457 ὀνομάζομεν,
1455 2423 1501 2449 καὶ
1515 2423 1581 2449 Θεὸν
1600 2423 1647 2450 καὶ
1667 2423 1813 2459 ἄνθρωπον

1026 2467 1098 2494 κατὰ
1111 2467 1218 2500 ταύτὸν,
1238 2469 1281 2494 κακ
1302 2468 1370 2495 Θεὸν
1391 2469 1618 2504 σεσαρκωμένον·
1639 2470 1705 2496 ποτὲ
1731 2471 1762 2497 δὲ
1781 2471 1812 2503 ἐξ

1027 2514 1086 2544 ἑνὺς
1104 2514 1159 2540 τῶν
1184 2513 1277 2549 μερῶν
1301 2514 1368 2540 Θεὸν
1387 2514 1478 2548 μόνον,
1501 2516 1549 2542 καὶ
1565 2515 1629 2541 Υιὸν
1654 2515 1732 2549 Θεοῦ,
1765 2518 1812 2544 καὶ

1027 2559 1171 2595 ἄνθρωπον
1186 2559 1276 2594 μόνον,
1293 2560 1341 2586 καὶ
1358 2560 1414 2587 υιδν
1432 2560 1577 2596 ἀνθρώπου
1589 2568 1597 2575 '
1612 2561 1660 2587 καὶ
1676 2561 1742 2588 ποτὲ
1762 2562 1811 2596 μὲν

1028 2606 1060 2632 ὲκ
1075 2605 1129 2632 τῶν
1145 2605 1255 2640 ὑψηλῶν
1282 2607 1381 2640 μόνων,
1411 2607 1476 2632 ποτὲ
1495 2606 1523 2632 δὲ
1546 2607 1578 2633 ἐκ
1597 2607 1650 2633 τῶν
1673 2608 1811 2633 ταπεινῶν

1031 2652 1128 2685 μόνων.
1144 2649 1190 2681 Εἷς
1202 2651 1255 2686 γάρ
1266 2652 1339 2677 ἐστιν
1355 2652 1368 2677 6
1382 2652 1504 2685 κάκεῖνο,
1520 2652 1569 2678 καὶ
1584 2652 1662 2678 τοῦτο
1679 2652 1811 2688 ὑπάρχων

1028 2696 1138 2729 ὁμοίως.
1154 2696 1274 2730 Θεότητα
1293 2697 1343 2730 μὲν
1358 2695 1405 2723 οὖν
1422 2696 1558 2730 λέγοντες,
1573 2698 1604 2723 οὐ
1624 2699 1811 2732 κατονομάξο-

1030 2750 1079 2775 μεν
1096 2741 1182 2776 αὐτῆς
1195 2742 1230 2768 τὰ
1245 2742 1292 2777 τῆς
1308 2742 1516 2777 ἁνθρωπότητος
1536 2742 1668 2777 ἰδιώματα
1680 2752 1687 2759 ·
1709 2745 1740 2769 οὐ
1757 2746 1811 2778 γάρ
