1912 3078
120 143 171 175 Ξ37

595 145 638 174 ΡΛ
645 145 754 174 ΝΟΡΗ
761 146 782 174 Α
805 145 996 175 DUGMATIC
1002 145 1032 177 Α.

1079 158 1086 162 -
1103 146 1177 175 TlT.
1200 146 1266 176 VII.
1689 146 1741 177 29,8

119 208 209 234 φαμεν
229 199 348 234 οεότητα
377 199 500 234 παθητὴν
527 200 543 234 ἦ
568 201 698 235 κτιστήν·
723 200 785 227 οὔτε
806 201 834 227 δὲ
858 201 901 235 τῆς

961 208 1066 228 namus.
1082 201 1175 236 Neque
1188 201 1261 228 enim
1294 201 1408 228 dicimus
1428 200 1594 228 divinitatem
1610 202 1674 236 pati.
1694 207 1740 228 aut

119 245 231 280 σαρκὸς,
258 246 318 281 ἢτοι
336 246 385 280 τῆς
406 245 615 281 ἀνθρωπότητος
640 246 849 282 κατηγοροῦμεν
870 246 905 272 τὰ

116 292 165 326 τῆς
181 292 312 326 θεότητος
327 292 472 326 ἰδιώματα.
492 292 530 319 Οὑ
554 294 608 326 γαρ
623 301 712 327 φαμεν
732 293 832 328 σάρκα,
845 293 905 327 ἦτοι

117 337 320 372 ἁνθριιιπὸτητα
344 337 481 364 ἄκτιστον.
503 339 565 365 Ἐπὶ
591 339 620 364 δὲ
642 338 691 373 τῆς
717 339 905 371 ὑποστάσεως,

116 384 166 410 κᾶν
183 384 216 410 ἐκ
233 384 280 411 τοῦ
299 385 515 420 συναμφοτέρου,
543 385 595 411 κᾶν
614 384 644 417 ἐξ
663 385 720 416 ἑνὸς
737 385 791 411 τῶν
813 385 904 419 μερῶν

114 430 221 464 ταύτην
239 430 431 465 ὀνομάσωμεν,
458 431 623 466 ἀμφοτέρων
652 431 706 458 τῶν
734 431 842 466 φύσεων
870 430 905 457 τὰ

117 474 252 509 ἰδιώματα
282 475 352 510 αὐτῇ
382 475 551 510 ὲπιτίθεμεν.
580 477 634 502 Καὶ
654 476 708 512 γὰρ
734 477 747 502 ὁ
775 476 903 510 Χριστὸς,

115 519 183 553 ὅπερ
195 519 257 544 ἐστὶ
270 518 300 544 τὸ
317 519 534 554 συναμφότερον,
551 518 596 545 καὶ
608 519 673 550 Θεὸς
700 520 746 545 καὶ
760 518 903 554 ἄνθρωπος

113 563 238 596 λέγεται,
260 564 306 590 καὶ
333 564 442 595 κτιστὸς
468 565 515 591 καὶ
541 565 679 596 ἄκτιστος,
708 565 755 591 καὶ
782 564 903 599 παθητὸς

113 608 161 633 καὶ
187 608 310 644 ἀπαθής.
341 609 395 635 Καὶ
421 609 485 636 ὅταν
503 610 531 642 ἐξ
551 609 610 641 ἑνὸς
635 610 689 636 τῶν
718 609 809 644 μερῶν
838 610 903 641 Υἱὸς

111 654 181 681 Θεοῦ
199 655 248 681 καὶ
273 656 338 686 Θε)ς
351 656 529 691 ὀνομάζηται,
543 655 651 692 δέχεται
670 656 704 682 τὰ
723 657 773 691 τῆς
788 664 904 689 συνυφε-

114 700 253 735 στηκυίας
267 701 376 734 φύσεως
395 701 540 737 ἰδιώματα,
557 702 617 738 ἦτοι
634 702 684 738 τῆς
706 702 818 737 σαρκὸς,
835 701 901 733 Θεὸς

111 748 236 782 παθητὸς
250 747 461 783 ὀνομαζόμενος,
472 748 520 775 καὶ
533 748 636 784 Κύριος
649 749 698 783 τῆς
710 748 789 784 δόξης
805 749 904 775 ἐσταυ-

114 795 252 830 ρωμένος,
277 795 307 821 οὑ
327 796 396 822 καθὸ
418 794 495 828 Θεὸς,
524 795 592 822 ἀλλὰ
623 795 689 822 καθὸ
717 795 860 830 ἄνθρωπος
889 796 903 822 ὁ

112 841 206 871 αὑτός.
227 842 283 867 Καὶ
296 841 360 868 ὅταν
380 841 533 877 ἄνθρωπος,
552 842 599 868 καὶ
613 841 670 873 υίὸς
684 841 829 876 ἀνθρώπου
844 841 903 868 ὀνο-

114 885 249 921 μάζηται,
265 886 372 921 δέχεται
385 887 418 912 τὰ
433 875 486 921 ντῆς
501 886 574 917 θείας
597 886 690 918 οὐσίας
708 875 842 921 ἰδιώματα
855 886 903 913 καὶ
920 875 940 902 Β

113 932 275 967 αὐχήματα,
289 932 396 959 παιδίον
412 932 588 968 προαιώνιον,
604 936 650 958 καὶ
666 932 807 967 ἅνθρωπος
821 932 905 967 ἄναρ-

113 986 145 1012 χο
163 997 171 1010 ,
188 978 221 1004 οὑ
248 977 315 1004 καϐδ
338 977 455 1011 παιδίον,
480 978 528 1004 καὶ
552 977 705 1013 ἄνθρωπος,
737 977 805 1005 ἀλλὰ
836 977 904 1004 καθὸ

114 1023 181 1055 Θεὸς
204 1023 243 1050 ὢν
269 1024 430 1059 προαιώνιος
445 1024 556 1058 γέγονεν
580 1024 625 1051 ἐπ’
643 1024 768 1059 ἐσχάτων
784 1024 903 1051 παιδίον.

115 1070 171 1096 Καὶ
189 1067 269 1100 οὗτός
285 1071 358 1096 ἐστιν
371 1071 386 1096 ὁ
400 1070 500 1105 τρόπος
520 1071 568 1106 τῆς
583 1071 754 1102 ἀντιδόσεως,
769 1071 903 1104 ἑκατέρας

115 1114 227 1148 φύσεως
245 1114 434 1150 ἁντιδιδούσης
451 1116 484 1150 τῇ
505 1116 587 1151 ἑτέρᾳ.
600 1116 634 1142 τᾶ
651 1115 704 1142 ἴδια
731 1115 775 1142 διὰ
790 1114 839 1150 τὴν
854 1115 904 1149 τῆς

114 1159 293 1190 ὑποστάσεως
318 1159 472 1194 ταυτότητα
491 1160 538 1186 καὶ
566 1160 615 1195 τὴν
632 1161 671 1192 εις
687 1160 790 1196 ἄλληλα
813 1160 903 1186 αὐτῶν

114 1205 315 1241 περιχὼρησιν.
342 1207 421 1233 Κατὰ
447 1206 526 1232 τοῦτο
553 1206 691 1242 δυνάμεθα
722 1207 810 1233 εῑπ;ῖν
836 1206 903 1240 περὶ

115 1253 249 1287 Χριστοῦ,
264 1251 348 1283 Οὗτος
362 1253 376 1278 ὁ
388 1252 453 1283 Θεὸς
462 1252 540 1287 ἡμῶν
557 1252 607 1278 ἐπὶ
618 1251 670 1286 τῆς
681 1251 736 1286 τῆς
745 1252 839 1286 ὤφθη.
853 1252 902 1280 καὶ

115 1298 178 1331 τοῖς
203 1298 366 1333 ἀνθρώποις
392 1297 639 1333 συγανεστράφη.
657 1299 709 1324 Καὶ
725 1299 738 1324 ὁ
758 1299 902 1334 ἄνθρωπος

114 1344 193 1380 οὗτος
206 1347 334 1380 hsta-.6;
346 1349 414 1380 ἐστι,
428 1349 476 1374 καὶ
488 1347 606 1383 ἀπαθὴς,
619 1347 668 1374 καὶ
681 1349 901 1384 ἀπερίγραπτος.

332 1445 390 1474 Τοῦ
401 1448 505 1478 αὐτοῦ.
515 1447 629 1481 Regii.
649 1451 679 1475 o'.

116 1493 180 1521 ὀτι
195 1493 279 1533 {nica
295 1495 394 1533 viderit;
412 1495 504 1533 φύσις
517 1494 551 1520 ἐν
564 1493 618 1533 μιᾷ
634 1493 691 1533 τῷν
702 1494 812 1528 ἑαυτῆς
827 1497 902 1533 ὑ.το-

150 1528 292 1556 στάσεων
306 1528 414 1565 ἠνώθην
430 1530 515 1565 πάσῃ
539 1528 576 1561 τῇ
599 1530 769 1565 ἁζθρωαείνῃ
799 1531 901 1564 φύσει,

150 1565 201 1590 καὶ
221 1565 257 1591 οὐ
270 1565 359 1598 μέρος
378 1564 470 1598 μέρει.
492 1563 666 1597 Ἀναγιιαῖος
686 1563 782 1592 οὗν-⁷6
799 1563 901 1598 λόγος,

150 1599 200 1625 καὶ
215 1598 274 1625 τῶν
284 1600 434 1633 λεγόντων
443 1598 492 1625 ἐπὶ
505 1598 561 1631 τῆς
576 1600 662 1632 ἁγίας
675 1599 724 1626 καὶ
736 1601 902 1634 όμοουσίου

153 1634 277 1668 Τριόδος
295 1636 371 1668 τρεῖς
381 1634 506 1668 papam;
520 1634 637 1666 οὐσίας.

151 1724 193 1752 Τὰ
206 1723 284 1751 κοινά
299 1725 345 1751 καὶ
361 1723 492 1751 καθολικὰι
512 1724 726 1760 κατηγοροῦνται
743 1725 795 1752 τῶν
810 1726 902 1758 αὐτοῖς

117 1769 310 1806 ὑποκειμένων
327 1771 461 1805 μερικῶν.
484 1770 580 1797 Κοινὸν
600 1771 690 1797 τοίνυν
708 1771 724 1806 ή
744 1772 834 1804 οὐσία,
852 1781 900 1806 με-

118 1817 195 1852 ρικδν
204 1816 232 1843 δὲ
244 1816 260 1851 ἡ
277 1816 436 1847 ὑπόστασις.
447 1815 565 1852 Μερικδν
575 1816 614 1848 δὲ,
626 1817 675 1851 οὑχ
690 1817 730 1843 ὅτι
751 1818 833 1852 μέρος
850 1818 900 1852 μὲν

116 1863 165 1898 τῆς
185 1861 293 1897 φύσεως
309 1862 376 1897 ἔχει,
398 1861 480 1896 μέρος
496 1861 525 1888 δὲ
534 1861 584 1888 οὐκ
600 1861 674 1896 ἔχει’
696 1862 765 1888 ἀλλὰ
785 1862 898 1896 μεριχὸν

115 1908 154 1942 τῷ
170 1907 291 1943 ἀριθμῷ,
306 1906 343 1938 ὡς
356 1907 476 1941 ἄτομον·
487 1906 595 1942 ἀριθμῷ
616 1907 680 1942 γὰρ,
692 1907 739 1933 καὶ
762 1908 793 1933 οὑ
821 1908 901 1941 φύσει

115 1954 254 1989 διαφέρειν
262 1953 385 1987 λέγονται
400 1953 428 1979 αἱ
446 1953 619 1984 ὑποστάσεις.
633 1953 831 1988 Κατηγορεῖται
843 1953 872 1980 δὲ
884 1954 900 1988 ἡ

115 2001 194 2027 οὐσία
206 2000 257 2034 τῆς
269 1999 454 2031 ὑποστάσεως,
467 1998 533 2025 διότι
548 1999 576 2025 ἐν
587 1998 689 2033 ἑκάστῃ
702 1999 755 2025 τῶν
770 1999 899 2032 ὁμοειδῶν

116 2045 295 2072 ὑποστάσεων
311 2043 401 2070 τελεία
415 2043 431 2078 ἡ
446 2043 524 2070 οὐσία
534 2043 603 2071 ἐστὶ.
620 2043 666 2070 Διὸ
680 2044 710 2070 οἰδ
725 2043 900 2079 διαφέρουσιν

116 2092 240 2127 ἀλλήλων
262 2091 290 2118 αἱ
310 2089 475 2121 ὑποστάσεις
496 2090 556 2116 κατ’
568 2089 674 2121 οὐσίαν,
689 2089 757 2115 ἀλλὰ
774 2089 843 2116 κατὰ
865 2090 899 2116 τὰ

117 2137 322 2173 συμὸεόηχότα,
336 2136 416 2164 ἅτινά
437 2136 491 2162 εισι
508 2136 542 2162 τὰ
565 2135 806 2170 χαρακτηριστικά
825 2135 896 2161 ἰδιώ-

117 2191 210 2219 ματα·
237 2181 475 2217 χαρακτηριστικὰ
499 2181 527 2207 δὲ
562 2181 750 2212 ὑποστάσεως,
784 2180 841 2206 ἀλλ’
867 2179 898 2206 οὑ

117 2230 236 2264 ςιύσεως.
256 2228 309 2255 Καὶ
326 2229 380 2264 γὰρ
403 2228 454 2263 τὴν
480 2228 629 2254 ὑπόστασιν
649 2227 784 2262 ὁρίζονται
806 2227 900 2254 οὐσίαν

116 2276 188 2311 μετᾶ
217 2274 440 2310 συμϐεϐηκότων.
468 2273 550 2300 Ὥστε
575 2273 605 2299 τὸ
638 2273 726 2299 κοινὸν
754 2273 822 2307 μετὰ
852 2273 898 2299 τοῦ

116 2322 265 2354 ἰδιάζοντος
284 2320 341 2356 εχει
362 2321 380 2356 ἠ
403 2320 563 2351 ὑπόστασις,
584 2318 631 2346 καὶ
652 2319 681 2345 τὸ
711 2319 772 2345 καθ’
799 2318 899 2354 ἑαυτὴν

114 2367 248 2402 ὑπάρξαι.
270 2366 303 2392 Ἦ
329 2365 408 2392 οὺσια
427 2364 455 2391 δὲ
473 2363 534 2391 καθ’
553 2363 652 2397 ἑαυτὴν
673 2364 723 2398 οὑχ
743 2363 900 2397 ὑφίσταται,

113 2413 174 2441 ἀλλ’
189 2414 220 2440 ἐν
234 2413 294 2443 ταῖς
313 2412 479 2438 ὑποστάσεσι
496 2411 649 2445 θεωρεῖται.
669 2409 830 2445 Πασχούσης
847 2411 900 2436 τοις

114 2468 164 2486 νυν
178 2459 244 2494 μιᾶς
260 2458 314 2485 τῶν
329 2457 513 2489 ὑποστάσεων,
535 2456 610 2482 πᾶσα
627 2456 643 2491 ἡ
660 2455 750 2489 οὐσίας
761 2455 821 2482 καθ’
836 2455 868 2490 ἣν
883 2455 900 2490 ὴ

115 2505 266 2534 ὑπόστασις
283 2501 447 2529 πεπονθέναι
464 2501 585 2535 λέγεται,
605 2501 634 2527 ἐν
660 2501 711 2536 μιᾷ
731 2500 785 2528 τῶν
801 2500 902 2535 ἑαυτῆς

116 2549 304 2580 ὑποστάσεων,
322 2548 352 2574 οὐ
370 2547 462 2582 μέντοι
475 2555 507 2582 γε
523 2546 630 2581 ἀνάγκη
645 2546 736 2577 πάσας
751 2546 801 2577 τὰς
811 2546 902 2580 ὁμοει-

114 2597 171 2628 δεῖς
186 2595 352 2626 ὑποστάσεις
371 2594 545 2629 συμπάσχειν
567 2594 603 2630 τῇ
624 2592 768 2629 πασχούσῃ
783 2591 902 2619 ὑποστά-

116 2648 171 2667 σει.
186 2639 265 2667 Οὕτω
276 2640 366 2667 τοίνυν
381 2639 567 2674 ὁμολογοῦμεν
584 2638 633 2674 τὴν
646 2640 695 2674 τῆς
712 2637 839 2672 θεότητος
852 2637 901 2671 φύ-

118 2693 161 2712 σιν
175 2685 266 2710 πᾶσαν
282 2683 390 2710 τελείαν
404 2682 474 2710 εἶναι
488 2684 517 2710 ὲν
532 2683 636 2718 ἑκάστῃ
650 2682 703 2708 τῶν
717 2682 819 2716 ἑαυτῆς
832 2682 898 2708 ὑπο-

117 2731 250 2765 στάσεων,
265 2733 355 2758 πᾶσαν
367 2731 396 2757 ὲν
417 2731 514 2766 Πατρῖ,
535 2731 627 2757 πᾶσαν
643 2731 671 2756 ὲν
684 2730 751 2766 Υἱῴ,
769 2731 858 2756 πᾶσαν
873 2730 901 2757 ἐν

117 2777 188 2813 ἁγίῳ
201 2778 351 2813 Πνεύματι.
369 2777 415 2804 Διὸ
437 2778 483 2804 καὶ
505 2777 606 2809 τέλειος
625 2777 688 2808 Θεὸς
707 2777 721 2803 ὁ
737 2776 841 2811 Πατὴρ,
859 2776 902 2803 τέ-

153 2850 161 2865 ¹
181 2849 298 2876 ltaruch.
311 2856 350 2882 ιιι,
364 2847 410 2881 58,

958 250 1078 273 creatam
1095 254 1164 274 esse.
1193 246 1247 274 Nec
1271 254 1378 273 rursum
1394 246 1429 275 de
1444 254 1525 274 carne
1545 252 1591 274 aut
1618 248 1741 275 humani-

959 295 1014 319 tate
1031 291 1185 320 divinitatis
1213 293 1394 328 proprietates
1420 293 1742 327 enuntiamus.Quaudo-

956 337 1064 371 quidem
1088 345 1138 365 nec
1153 345 1275 373 carnem,
1306 346 1356 366 nec
1375 337 1573 366 humanitatem
1594 339 1760 367 increataui,

956 383 1131 418 appellamus.
1145 384 1179 410 At
1191 391 1324 419 personat,
1338 384 1396 412 sive
1411 391 1443 411 ex
1460 392 1524 418 una,
1538 385 1595 412 sive
1608 392 1640 413 ex
1658 392 1734 413 utra-

956 436 1009 464 que
1024 434 1100 464 parte
1125 431 1307 464 nominemus,
1328 431 1470 466 utriusque
1498 437 1602 460 natura:
1617 433 1740 467 proprie-

958 479 1028 502 tates
1043 474 1228 503 attribuimns.
1240 475 1346 503 Etenim
1363 475 1498 510 Christus.
1514 479 1739 512 quemadmodum

956 525 1100 554 utrumque
1111 524 1163 553 est.
1178 521 1216 548 sic
1229 521 1312 548 etiam
1327 521 1436 555 dicitur,
1452 527 1510 550 tum
1525 523 1596 551 Deus
1605 527 1633 551 et
1647 524 1739 556 homo.

957 569 1012 592 tum
1034 571 1140 593 creatus
1160 571 1188 594 et
1216 567 1362 601 increatus,
1385 572 1441 595 tum
1472 568 1527 603 pati
1556 574 1583 596 et
1600 576 1652 597 non
1673 570 1740 604 pati.

956 611 1025 644 Quin
1039 611 1120 639 etiam
1142 620 1202 639 cum
1216 620 1249 639 ex
1266 621 1318 640 una
1335 618 1438 642 tantum
1451 619 1539 650 parte.
1556 615 1598 642 vel
1611 614 1682 643 Dcus
1695 621 1742 643 aut

956 657 1038 684 Filius
1053 657 1098 684 Dei
1119 658 1284 690 nominatur,
1313 659 1468 694 conjunctre
1491 660 1541 687 sibi
1560 666 1664 687 natura:
1690 668 1738 688 seu

954 704 1047 730 carnis
1060 703 1173 738 suscipit
1189 704 1380 738 proprietates.
1398 705 1517 740 itemque
1536 707 1606 734 Deus
1630 714 1736 741 passus.

954 753 981 774 et
1013 747 1140 775 Dominus
1163 748 1255 782 gloriae
1279 748 1373 776 atﬁxus
1396 757 1481 782 cruct.
1515 758 1568 778 non
1606 755 1740 786 quatenus

956 792 1037 825 Deus,
1053 794 1099 819 sed
1115 798 1250 827 quatenus
1266 794 1359 828 homo,
1375 794 1476 822 dicitur
1493 803 1498 820 :
1522 795 1564 822 vel
1579 796 1672 828 homo.
1690 803 1737 825 aut

956 838 1025 866 [ilius
1053 839 1169 866 hominis
1183 844 1306 872 vocatur,
1321 841 1446 868 essentitc
1454 842 1551 870 divinae
1563 843 1741 877 proprietates

956 890 984 912 (ιι
1005 884 1151 919 dignitates
1176 884 1305 917 admittit,
1324 892 1490 921 vocaturque
1517 888 1646 921 puerulus
1674 893 1738 915 ante

957 931 1064 963 saecula,
1079 936 1106 958 et
1119 929 1200 957 homo
1222 931 1280 958 sine
1307 932 1451 965 principio,
1470 940 1522 959 non
1539 939 1676 968 quatenus
1697 941 1741 961 est

958 976 1086 1011 puerulus
1111 981 1156 1002 aut
1186 976 1277 1009 homo.
1299 977 1346 1004 sed
1363 982 1498 1012 quatenus
1515 978 1586 1005 Deus
1605 979 1741 1006 exsistens

957 1027 1019 1050 ante
1034 1022 1132 1050 saecula
1150 1022 1176 1049 in
1194 1023 1444 1053 novissimisnatus
1457 1028 1499 1051 est
1514 1024 1631 1052 saeculis.
1650 1025 1741 1060 Atque

957 1071 1014 1097 haec
1024 1070 1132 1105 quidem
1142 1074 1184 1097 est
1196 1069 1268 1097 ratio
1279 1074 1379 1097 mutuae
1405 1069 1569 1105 alternaeque
1588 1072 1740 1099 attributio-

957 1119 998 1145 nis
1011 1118 1152 1153 utriusque
1165 1122 1280 1152 naturae,
1295 1126 1356 1153 quae
1371 1126 1437 1146 suas
1457 1123 1570 1154 utraque
1583 1120 1738 1154 proprieta-

957 1168 998 1190 tes
1015 1163 1090 1190 alteri
1109 1162 1229 1191 vicissim
1248 1164 1361 1199 praebet,
1395 1169 1539 1199 propterea
1559 1165 1631 1199 quod
1659 1172 1739 1192 unam

956 1213 983 1236 et
1004 1209 1126 1236 eamdem
1154 1216 1298 1243 personam
1325 1210 1513 1242 constituunt,
1538 1217 1621 1244 seque
1645 1215 1740 1238 mutuo

956 1255 1200 1290 comprehendunt.
1218 1254 1255 1281 Ex
1272 1263 1325 1289 quo
1339 1255 1378 1288 ﬁl,
1394 1260 1422 1282 ιιι
1437 1256 1470 1282 de
1483 1255 1592 1282 Christo
1605 1258 1741 1291 poss'mus

956 1301 1046 1328 dicere
1059 1310 1068 1328 ι
1085 1300 1134 1328 llic
1151 1299 1220 1327 Deus
1234 1305 1324 1327 noster
1339 1301 1365 1326 in
1384 1305 1453 1326 terra
1479 1301 1546 1327 visus
1568 1305 1616 1334 est,
1631 1306 1655 1328 et
1682 1310 1739 1328 cum

955 1346 1102 1373 hominibus
1125 1344 1244 1372 versatus
1259 1345 1278 1372 ¹.
1305 1345 1359 1372 Et:
1387 1344 1436 1372 llic
1461 1345 1542 1373 homo
1563 1353 1613 1373 nec
1632 1351 1741 1373 creatus

955 1397 1006 1424 cst,
1025 1399 1073 1420 nec
1088 1392 1200 1427 patitur,
1216 1399 1265 1419 nec
1284 1390 1337 1418 ullo
1357 1391 1474 1418 termino
1496 1392 1739 1419 circumscribitur.

1204 1445 1340 1480 Ejusdem.
1355 1445 1420 1480 Cap.
1437 1445 1480 1473 70.

958 1493 1177 1520 Totamdiuinam
1206 1497 1332 1518 naturam
1347 1492 1374 1518 in
1405 1499 1457 1518 una
1486 1500 1596 1518 suarum
1616 1500 1742 1527 persona-

992 1537 1049 1554 rum
1071 1529 1117 1554 toti
1137 1528 1260 1554 humana:
1286 1531 1390 1553 natura:
1413 1527 1581 1561 conjunctam
1607 1535 1670 1559 esse,
1691 1535 1742 1554 non

992 1571 1080 1590 autem
1097 1567 1199 1598 partem
1225 1561 1306 1598 parti.
1329 1561 1530 1598 Quw‘quidemr
1545 1563 1631 1588 oratio
1656 1570 1742 1588 neces-

993 1599 1065 1625 saria
1087 1596 1124 1624 est
1145 1598 1227 1624 etiam
1249 1597 1373 1631 adversus
1395 1596 1465 1627 illos.
1486 1597 1530 1631 qui
1557 1597 1585 1623 in
1607 1604 1700 1624 sancta
1717 1602 1742 1623 et

993 1634 1110 1668 ejusdem
1130 1633 1246 1668 essentia:
1271 1630 1400 1658 Triuitate
1415 1636 1466 1658 tres
1487 1630 1606 1658 asserunt
1618 1639 1672 1658 esse
1685 1633 1739 1658 sin-

992 1667 1098 1702 gulares
1118 1667 1254 1694 “sentias.

995 1726 1060 1757 Quae
1075 1730 1229 1756 commune,
1252 1727 1280 1750 et
1308 1722 1476 1756 universum,
1495 1731 1527 1750 ac
1554 1724 1637 1752 veluti
1655 1729 1742 1752 totum

957 1772 1086 1808 quiddam
1105 1771 1286 1801 constituunt.
1301 1775 1333 1796 ea
1351 1769 1385 1797 de
1408 1769 1539 1804 subjectis
1551 1770 1602 1797 sibi
1617 1771 1741 1805 partibus

957 1818 1097 1845 dicuntur.
1112 1815 1205 1850 Itaque
1233 1822 1295 1841 cum
1317 1815 1436 1842 essentia
1466 1822 1610 1842 commune
1637 1820 1664 1843 et.
1680 1816 1742 1844 uni-

958 1870 1065 1890 versum
1078 1861 1208 1896 quiddam
1222 1861 1268 1893 sit,
1287 1868 1319 1888 ac
1334 1861 1419 1888 totius
1445 1860 1579 1888 rationem
1608 1861 1740 1894 obtineat.

957 1915 1075 1943 persona
1089 1910 1181 1934 autem
1195 1913 1257 1941 pars
1285 1906 1369 1941 (pars,
1390 1905 1511 1941 inquam,
1527 1913 1582 1933 non
1596 1907 1668 1941 quod
1691 1914 1741 1934 na-

959 1958 1026 1980 turae
1042 1957 1146 1988 partem
1162 1951 1273 1984 habeat,
1290 1955 1397 1986 partem
1423 1959 1478 1979 non
1494 1951 1602 1986 habeat,
1621 1952 1671 1980 sed
1687 1960 1741 1980 nu-

957 2006 1033 2026 mero
1048 2006 1122 2034 pars.
1139 2003 1169 2026 ιιι
1182 1997 1368 2031 individuum;
1385 2005 1501 2025 numero
1517 1998 1603 2031 enim.
1618 2006 1672 2026 non
1690 2005 1740 2025 na-

957 2050 1017 2072 tura
1030 2051 1155 2080 personaa
1188 2043 1328 2078 ditl'erunt)
1343 2043 1462 2070 essentia
1485 2043 1583 2070 dicitur
1598 2043 1630 2071 de
1645 2050 1741 2078 perso-

956 2099 1003 2122 na.
1019 2091 1146 2125 quoniam
1163 2091 1190 2118 in
1216 2096 1377 2124 unaquaque
1401 2089 1524 2123 ejusdem
1549 2089 1649 2124 speciei
1677 2098 1741 2124 per-

958 2143 1088 2163 sonarum
1103 2140 1146 2163 est
1159 2134 1278 2163 essentia
1290 2135 1419 2169 perfecta.
1447 2134 1629 2167 Quamobrem
1641 2142 1740 2168 perso-

958 2189 1000 2208 na:
1014 2181 1132 2209 essentia
1150 2188 1207 2208 non
1233 2179 1364 2207 diﬂerunt
1380 2179 1450 2207 inter
1476 2187 1521 2213 se.
1551 2180 1599 2207 sed
1615 2181 1741 2208 accidet!~

919 2221 940 2249 Ι)
956 2227 1039 2260 tibus.
1057 2226 1211 2254 accidentia
1228 2233 1295 2254 voco
1308 2226 1494 2258 characteres,
1516 2233 1549 2253 ac
1581 2230 1660 2254 notas
1681 2225 1741 2254 illas

956 2273 1090 2308 proprias,
1105 2279 1164 2307 quae
1177 2279 1333 2307 personam.
1355 2279 1410 2299 non
1428 2275 1518 2299 autem
1534 2272 1681 2299 essentiam
1690 2272 1740 2299 de-

959 2320 1077 2354 signant.
1093 2318 1139 2346 Sic
1150 2317 1221 2345 enim
1236 2325 1378 2352 personam
1394 2316 1540 2350 deﬁniunt,
1553 2322 1582 2344 ut
1595 2317 1630 2345 sit
1644 2325 1740 2345 essen-

956 2364 993 2391 tia
1015 2372 1077 2391 eum
1104 2363 1290 2391 accidentibus
1322 2363 1478 2398 conjuncta.
1504 2363 1594 2395 Quare
1623 2370 1740 2398 persona

956 2410 1038 2438 habet
1054 2409 1091 2441 id.
1109 2409 1181 2444 quod
1195 2413 1237 2436 est
1249 2416 1396 2437 commune
1415 2416 1476 2436 cum
1492 2409 1601 2444 propria
1617 2413 1680 2437 nota
1693 2417 1741 2437 co-

954 2455 1088 2491 pulatum.
1102 2455 1229 2483 Essentia
1246 2458 1338 2482 autem
1352 2462 1408 2482 non
1424 2462 1473 2489 per
1498 2462 1528 2482 se
1543 2454 1677 2485 subsistit.
1690 2455 1738 2482 sed

952 2501 980 2528 in
992 2501 1118 2536 personis
1131 2501 1329 2529 consideratur.
1345 2500 1440 2536 itaque
1468 2508 1530 2529 cum
1557 2508 1611 2528 una
1639 2501 1739 2536 patitur

953 2554 1145 2582 personarum,
1169 2547 1259 2574 omnis
1270 2547 1400 2579 essentia.
1421 2554 1470 2582 per
1479 2554 1561 2581 quam
1585 2551 1628 2574 est
1644 2554 1740 2582 perso-

953 2601 1000 2624 na,
1014 2593 1041 2620 in
1055 2600 1108 2620 una
1120 2599 1233 2620 suarum
1256 2599 1435 2627 personarum
1451 2592 1551 2619 dicitur
1580 2599 1671 2627 passa.
1684 2591 1740 2619 Nec

954 2644 1045 2666 tamen
1061 2638 1184 2673 sequitur
1197 2638 1362 2669 necessario.
1382 2643 1411 2666 ut
1432 2645 1528 2666 omnes
1540 2637 1663 2673 ejusdem
1679 2644 1741 2672 spe-

955 2686 1140 2720 cieipersona:
1152 2684 1231 2712 simul
1245 2691 1307 2712 cum
1330 2684 1385 2716 illa.
1415 2692 1475 2719 quae
1499 2691 1578 2719 passa
1592 2688 1644 2716 est,
1674 2683 1741 2717 ipsa:

955 2739 1062 2766 quoque
1073 2738 1159 2765 passa:
1175 2730 1312 2757 dicantur.
1340 2730 1385 2758 Sic
1411 2736 1475 2765 ergo
1505 2729 1678 2762 conﬁtemur,
1697 2732 1738 2754 to-

957 2782 1011 2805 tam
1030 2776 1184 2804 Divinitatis
1198 2780 1323 2803 naturam
1338 2776 1366 2803 in
1395 2775 1507 2811 singulis
1534 2773 1661 2809 personis
1682 2772 1740 2800 suis
