1912 3078
177 133 232 165 239

795 128 950 158 EU‘l‘IIYM
957 128 985 158 II
1007 128 1187 159 ZlGABENl

1747 126 1797 157 2m

145 178 147 181 l
179 195 238 216 e550
255 185 413 223 perfectam,
431 188 513 212 totam
534 185 561 210 in
577 183 667 215 Patre,
687 187 767 210 totam
786 183 813 209 in
827 183 906 215 Filio,
923 187 963 209 to-

1017 184 1085 215 λειος
1102 183 1168 214 Θεὸς
1182 184 1195 209 ὀ
1210 182 1283 215 Υἱὸς,
1304 181 1403 213 τέλειος
1417 181 1483 211 Θεὸς
1497 181 1528 207 τὸ
1545 179 1652 214 Πνεῦμα
1667 182 1695 207 τὸ
1708 182 1796 215 ἅγιον.

182 239 235 261 tam
249 233 277 259 in
289 231 393 267 Spiritu
414 234 518 258 sancto.
535 229 667 262 Quocirca
685 233 712 255 et
738 227 876 262 perfectus
893 228 963 255 Deus

180 282 223 305 est
250 277 340 309 Pater,
373 280 400 302 et
424 274 559 310 perfectus
583 273 653 300 Deus
681 277 721 300 est
746 272 840 305 Filius,
859 277 885 300 et
905 281 964 306 pcr-

181 325 268 350 fectus
299 321 371 348 Deus
398 325 439 347 est
469 319 585 354 Spiritus
615 323 736 346 sanctus.
770 318 814 346 Sic
843 319 904 346 item
936 318 964 345 in

181 367 350 395 humanitate
381 369 519 400 assumpta
555 364 589 392 ab
615 372 669 391 uno
697 369 797 391 sanetae
824 363 965 391 Trinitatis

180 415 237 441 Deo
271 412 360 439 Verbo
390 417 473 438 totam
501 414 528 438 et
553 410 702 446 perfectam
734 408 884 437 divinitatis
916 417 965 436 na-

181 465 280 492 turam,
311 459 338 485 in
365 465 417 484 una
443 464 553 483 suarum
583 463 772 490 personarum,
797 455 845 481 toti
871 455 967 481 huma-

179 515 221 534 nae
250 510 364 537 naturze,
399 513 452 531 non
485 508 574 531 autem
597 507 700 538 partem
716 502 783 537 parti
799 501 881 529 fuisse
901 510 967 529 con-

180 554 303 589 iunctam
321 551 444 578 dicimus.
462 550 542 582 Nam,
568 554 597 576 ut
614 549 723 576 divinus
751 548 839 582 inquit
852 549 968 582 Aposto-

181 600 234 631 lus,
257 597 289 624 In
310 598 367 632 ipso
390 595 522 623 inhabitat
551 595 634 621 omnis
656 594 789 628 plenitudo
820 593 966 620 divinitatis

184 644 354 679 rorporuliter
366 643 385 676 ί,
403 643 430 670 id
448 647 500 674 est,
517 642 543 668 in
557 648 639 668 carne
662 641 730 674 ejus.
747 639 779 666 Et
794 639 869 666 Pauli
888 640 969 666 disei~

184 689 265 724 pulus
278 689 304 715 in
319 687 401 714 rebus
416 686 516 714 divinis
540 685 708 720 explicandis
723 685 857 711 excellent
868 685 968 711 ssimus

182 734 338 769 Dionysius.
354 732 386 759 Se
399 737 492 763 totam,
508 731 605 766 inquit,
616 731 641 757 in
659 738 710 756 mm
722 731 830 756 suarum
842 737 966 764 persona-

181 789 240 806 rnm
254 778 467 806 communicavit.
501 776 557 804 Nec
585 780 674 803 tamen
708 783 836 810 cogentur
864 775 966 807 dicere,

182 833 277 853 omnes
292 832 339 851 seu
359 828 414 850 tres
428 826 528 849 sanctae
552 821 704 849 divinitatis
728 828 861 856 personas
878 821 967 848 omni-

182 872 232 898 bus
248 869 425 897 humanitatis
438 867 563 903 personis
586 866 736 894 secundum
762 874 894 902 personas
907 873 967 893 esse
984 863 1005 890 Β

182 918 352 951 coniunctas.
371 915 447 942 Nulla
461 915 534 941 enim
551 914 614 946 alia,
640 913 693 940 nisi
724 913 926 948 approbationis
940 917 968 940 et

183 963 331 991 voluntatis
346 962 452 988 ratione
469 961 557 992 Pater,
576 964 603 986 et
632 960 750 993 Spiritus
780 964 892 986 sancttts
923 967 967 986 as-

182 1015 296 1044 suniptae
314 1016 327 1035 a
345 1008 400 1034 Deo
416 1006 504 1034 Verbo
525 1005 687 1032 humanitati
720 1005 966 1032 communicarunt.

182 1056 277 1083 Totam
298 1062 362 1082 vero
379 1054 531 1081 divinitatis
550 1053 698 1079 essentiam
720 1052 769 1079 toti
785 1052 910 1080 humana:
925 1061 968 1080 na.

184 1107 252 1129 turae
268 1100 441 1135 coniunctam
460 1098 619 1129 asserimus,
642 1097 705 1131 quia
719 1096 784 1123 nihil
800 1104 893 1124 eorum
908 1105 968 1132 quae

184 1153 287 1175 naturae
303 1150 404 1173 nostra:
421 1144 493 1171 Deus
525 1143 642 1170 Verbum
661 1143 786 1175 inseruit,
807 1151 869 1171 cum
888 1144 967 1171 initio

182 1201 232 1221 nos
251 1195 417 1228 procrearet,
434 1189 547 1220 dimisit,
564 1189 612 1216 sed
639 1189 729 1216 omnia
743 1189 872 1224 suscepit,
890 1197 968 1216 nem-

181 1246 214 1273 pe
228 1245 336 1272 corpus,
355 1236 484 1266 animam,
511 1238 602 1261 mente
632 1233 791 1268 ralioneque
816 1233 965 1268 praeditam,

181 1290 208 1312 ct
223 1291 316 1311 eorum
333 1282 515 1317 proprietates
547 1279 660 1314 (animal
675 1280 758 1311 enim,
772 1279 845 1314 quod
863 1279 961 1306 harum

179 1331 269 1365 aliqua
285 1333 361 1364 parte
378 1331 462 1360 caret,
480 1334 534 1353 non
547 1330 590 1353 est
604 1325 708 1359 homo).
723 1324 822 1352 Totum
837 1325 909 1352 enim
921 1329 966 1352 to-

181 1384 225 1404 tus
239 1374 397 1410 assumpsit,
413 1377 440 1400 et
460 1377 534 1399 totus
552 1371 599 1399 toti
627 1371 790 1406 coniunctus
804 1375 856 1402 est,
876 1376 904 1397 ut
918 1370 966 1397 toti

181 1422 294 1449 salutem
315 1420 468 1454 largiretur.
499 1416 576 1450 Quod
598 1417 672 1444 enim
690 1424 745 1443 non
759 1420 830 1442 esset
843 1423 965 1450 assump-

181 1471 238 1493 tum
250 1465 320 1493 foret
344 1462 504 1491 incurabile.
525 1461 708 1494 Coniunctum
728 1460 809 1494 igitur
825 1465 866 1487 est
889 1460 965 1487 carni

183 1512 298 1540 Verbum
312 1511 369 1541 Dei,
389 1513 417 1536 et
431 1509 502 1536 Deus
515 1515 562 1542 per
578 1511 698 1533 mentem
719 1506 791 1533 inter
816 1506 864 1533 Dei
893 1506 965 1541 puri-

181 1563 277 1590 tatem,
306 1560 334 1582 et
363 1554 454 1582 carnis
492 1551 698 1579 crassitudinem
737 1551 961 1579 intercedentem.

181 1603 248 1630 Nam
265 1601 363 1628 anima:
378 1599 486 1634 quidem
500 1598 644 1631 carnisque
665 1596 793 1632 princeps
807 1601 849 1624 est
874 1605 961 1630 mens,

182 1652 276 1683 utpote
288 1645 433 1681 purissima
457 1643 543 1678 ipsius
559 1642 656 1669 animus
672 1649 745 1677 pars,
775 1642 846 1669 Deus
872 1646 963 1669 autem

183 1694 268 1729 ipsius
283 1690 393 1722 utentis,
408 1697 468 1724 quae
491 1696 552 1716 cum
568 1688 640 1715 cedit
654 1687 844 1722 praestantiori,
861 1687 963 1722 princi-

183 1747 274 1776 patum
293 1736 412 1765 ostendit
426 1742 517 1763 suum.
534 1735 580 1762 Sic
603 1738 694 1761 autem
709 1740 770 1760 cum
791 1734 963 1766 praestantio-

182 1787 204 1813 ri
223 1783 407 1819 coniungitur,
424 1786 505 1816 atque
518 1781 556 1808 illl
575 1780 744 1815 obsequitur,
757 1782 786 1805 ut
798 1779 878 1806 faciat
891 1786 964 1814 qua:-

182 1838 290 1866 cunque
312 1829 438 1856 voluntas
454 1826 546 1853 divina
570 1825 731 1860 praescribit.
751 1824 824 1852 Mens
839 1830 880 1852 est
894 1826 964 1853 divi-

183 1877 277 1905 nitatis
297 1875 348 1902 sibi
364 1881 413 1909 per
427 1879 574 1908 personam
589 1871 741 1905 coniunctae
759 1871 843 1902 locus,
874 1879 965 1906 quem-

183 1923 329 1951 admodum
351 1925 379 1948 et
411 1925 485 1946 caro.
512 1917 571 1944 Non
597 1921 687 1943 autem
712 1916 795 1943 simul
819 1917 963 1950 inhabitat,

185 1973 216 1995 ut
229 1965 366 2002 opinionis
382 1969 475 1991 errore
490 1962 662 1997 decipiuntur
677 1961 809 1995 haeretici,
825 1962 881 1997 qui,
893 1961 966 1995 QUO-

182 2013 273 2044 modo,
293 2010 431 2045 inquiunt,
447 2008 520 2043 quod
535 2015 619 2035 unum
650 2011 754 2035 tantum
784 2008 904 2035 modium
919 2016 964 2036 ca-

182 2060 233 2095 pit,
246 2057 325 2086 duos'
335 2055 439 2083 modios
452 2052 624 2081 continebit?
639 2053 738 2080 Errant
752 2053 884 2089 imperiti,
901 2054 964 2089 quia

183 2105 290 2132 ratione
309 2108 438 2137 corporea
457 2099 607 2135 diiudicant
625 2106 668 2132 ea,
680 2100 888 2134 quaamateria
903 2104 965 2127 sunt

185 2149 376 2178 remotissima.
388 2146 529 2179 Quomodo
538 2145 609 2172 enim
621 2144 746 2172 Christus
762 2146 866 2172 dicetur
876 2145 965 2180 perfe-

185 2200 247 2222 ctus
262 2194 344 2226 Deus,
354 2196 382 2219 et
392 2192 472 2218 homo
481 2190 628 2225 perfectus,
639 2194 667 2216 et
677 2189 796 2224 ejusdem
808 2197 869 2216 cum
885 2189 965 2217 Patre

187 2244 214 2266 et
227 2239 368 2266 nobiscum
383 2236 520 2268 essentiaa,
531 2235 552 2263 si
568 2233 672 2270 partem
686 2235 784 2262 divina?
793 2240 894 2262 natura:
906 2243 968 2263 cum

187 2289 263 2320 parte
275 2288 377 2310 natura:
389 2282 514 2308 humanm
526 2282 553 2307 in
564 2288 592 2308 se
604 2281 663 2315 ipso
671 2280 828 2315 coniungat?
835 2281 919 2308 Porro
929 2281 970 2308 di-

186 2331 274 2358 cimus
284 2332 410 2355 naturam
421 2331 543 2354 nostram
559 2333 573 2352 a
588 2326 705 2352 mortuis
724 2326 886 2357 surrexisse,
899 2331 925 2352 et
942 2326 968 2352 in

188 2375 287 2403 cmlum
298 2372 464 2404 ascendisse,
473 2376 500 2398 et
508 2371 611 2398 sedisse
620 2371 653 2398 ad
662 2370 801 2398 dexteram
811 2370 907 2404 Patris,
914 2378 968 2398 non

186 2421 258 2456 quod
271 2427 367 2448 omnes
384 2418 507 2446 omnium
520 2417 661 2444 hominum
687 2423 811 2451 personae
839 2424 967 2445 surrexe—

185 2465 251 2496 rint,
271 2467 297 2491 et
313 2463 347 2490 ad
366 2463 507 2490 dexteram
534 2460 622 2488 Patris
637 2461 822 2493 consederint,
835 2462 881 2489 sed
893 2463 965 2497 quod

186 2508 277 2536 omnis
290 2511 387 2534 natura
401 2510 496 2533 nostra
528 2505 586 2533 haec
602 2506 629 2533 in
661 2505 763 2533 Christi
789 2513 907 2541 persona
931 2509 967 2535 sit

185 2558 345 2582 consecuta.
364 2552 428 2586 Nos,
444 2551 534 2586 inquit
560 2551 668 2578 divinus
691 2551 846 2586 Apostolus,
860 2561 967 2580 camur-

184 2608 244 2635 gere
262 2603 286 2626 et
303 2598 437 2625 consedere
459 2598 518 2632 fecit
534 2597 561 2624 in
581 2596 683 2625 Christo
699 2598 720 2623 ’.
746 2597 879 2625 Praeterea
895 2599 964 2626 dici-

188 2653 248 2673 mus
259 2645 482 2680 eoniunctionem
500 2643 571 2670 hanc
585 2650 617 2670 ex
632 2644 821 2672 communibus
838 2645 964 2673 essentiis

183 2692 347 2720 confectam.
365 2690 432 2717 Nam
448 2690 536 2716 omnis
550 2690 666 2717 essentia
692 2695 723 2718 ut
743 2698 890 2719 commune
920 2696 963 2719 at-

183 2746 236 2774 que
252 2736 409 2765 universum
421 2736 548 2771 quiddam
575 2743 670 2764 omnes
687 2737 737 2765 sibi
752 2737 888 2773 subiectas
901 2746 964 2772 pet--

220 2829 229 2845 ¹
244 2828 302 2856 Col.
318 2836 348 2860 ιι,
366 2829 390 2855 9.
430 2829 440 2844 ²
455 2829 553 2864 Ephes.
574 2837 605 2862 ιι,
623 2830 650 2860 6,

1015 229 1092 256 Οὕτω
1108 229 1156 256 καὶ
1175 230 1203 256 ἐν
1219 230 1252 264 τῇ
1275 229 1480 263 ἐνανθρωπήσει
1501 227 1548 254 τοῦ
1567 228 1625 259 ἑνὸς
1647 228 1697 262 τῆς
1719 228 1799 261 ἁγίας

1015 276 1129 311 Τριάδος
1149 276 1216 303 Θεοῦ
1232 276 1318 310 Λόγου
1337 275 1427 310 φαμὲν
1447 276 1538 302 πᾶσαν
1555 275 1602 301 καὶ
1623 276 1730 302 τελεάν
1751 275 1800 309 τὴν

1016 322 1097 356 φύσιν
1111 324 1158 358 τῆς
1174 323 1299 357 θεότητος
1319 323 1347 348 ὲν
1369 323 1419 357 μιᾷ
1439 321 1493 348 τῶν
1510 321 1611 356 ἑαυτῆς
1625 322 1801 347 ὑποστάσεων

1017 369 1149 403 ὲνωθῆναι
1170 368 1245 405 πάσῃ
1258 370 1290 402 τῇ
1311 368 1469 403 ἀνθρωπίνῃ
1486 368 1576 402 φύσει,
1590 367 1638 393 καὶ
1661 368 1692 394 οὺ
1716 367 1800 401 μέρος

1018 415 1107 450 μέρει.
1124 415 1193 449 Φησὶ
1211 415 1276 448 γοῦν
1291 415 1305 440 ὁ
1319 414 1390 446 θεῖος
1410 413 1583 445 ’Λπόστολος,
1597 413 1637 439 ὅτι
1654 413 1707 440 Ἑν
1721 411 1802 444 αὐτῷ

1017 461 1152 487 κατοικεῖ
1165 460 1226 487 πᾶν
1252 460 1285 486 τὸ
1303 459 1446 493 πλήρωμα
1468 459 1523 492 τῆς
1544 460 1683 491 θεότητος
1700 466 1802 492 σωμα-

1017 505 1114 539 τικῶς,
1131 507 1270 532 τουτέστιν
1286 507 1314 532 ὲν
1331 507 1362 540 τῇ
1382 505 1465 539 σαρκὶ
1481 504 1573 531 αὑτοῦ.
1597 504 1653 531 Καὶ
1668 505 1683 530 ὁ
1705 504 1802 530 τούτου

1017 552 1159 586 φοιτητὴς,
1178 552 1225 578 καὶ
1242 551 1324 582 πολὺς
1346 550 1379 576 τὰ
1396 551 1455 576 θεῖα
1472 549 1620 582 Διονύσιος,
1639 550 1681 576 ὅτι
1703 548 1802 580 ὁλικῶς

1018 598 1083 632 ἡμῖν
1102 599 1130 623 ἐν
1153 598 1202 632 μιᾷ
1223 597 1278 623 τῶν
1295 597 1395 630 ἑαυτῆς
1413 596 1594 630 ἐκοινώνησεν
1614 593 1802 621 ὑποστάςεων.

1018 645 1055 672 Οὐ
1085 644 1136 680 μὴν
1162 645 1190 671 δὲ
1218 644 1309 678 λέγειν
1335 641 1605 676 ἀναγκασθησόμεθα
1634 642 1726 672 πάσας
1753 641 1804 671 τὰς

1019 691 1182 721 ὑποστάσεις
1196 689 1246 724 τῆς
1260 688 1340 722 ἁγίας
1356 688 1494 722 θεότητος,
1508 688 1568 722 ἦτοι
1580 687 1629 718 τὰς
1647 687 1732 721 τρεῖς,
1752 686 1802 712 πά-

1020 744 1080 767 σαις
1100 736 1158 766 ταῖς
1175 736 1224 770 τῆς
1244 733 1454 769 ἀνθρωπότητος
1471 732 1637 759 ὑποστάσεσι
1658 730 1720 757 καθ’
1738 731 1803 757 ὑπό-

1019 791 1111 808 στασιν
1133 780 1266 817 ἡνῶσθαι,
1287 781 1355 807 Κατ’
1368 780 1464 806 οὐδένα
1485 780 1539 813 γὰρ
1553 777 1738 812 κεκοινώνηκε
1761 777 1802 802 λό-

1019 836 1067 862 γον
1087 829 1101 854 ὁ
1116 828 1222 863 Πατὴρ,
1239 827 1287 854 καὶ
1302 827 1332 853 τὺ
1348 826 1461 859 Πνεῦμα
1478 825 1508 851 τὺ
1523 826 1600 858 ἅγιον
1615 826 1645 859 τῇ
1664 823 1803 858 σαρκώσει

1018 874 1064 901 τοῦ
1084 873 1151 901 Θεοῦ
1169 873 1268 908 Λόγου,
1286 873 1310 899 εἰ
1327 872 1364 907 μὴ
1388 871 1448 898 κατ’
1464 871 1588 897 εὐδοκίαν
1601 871 1647 897 καὶ
1664 869 1803 905 βούλησιν.

1019 920 1097 956 Ilion
1108 919 1135 945 δὲ
1147 920 1180 954 τῇ
1194 917 1352 954 ἀνθρωπίνῃ
1363 916 1442 951 φύσει
1457 915 1547 950 φαμὲν
1562 914 1696 948 ὲνωθῆναι
1713 914 1804 940 πᾶσαν

1017 965 1067 999 τὴν
1081 964 1131 998 τῆς
1151 963 1279 998 θεότητος
1299 962 1403 992 οὐσίαν,
1429 961 1468 986 ὅτι
1488 960 1566 986 οὐδὲν
1586 956 1622 985 ὧν
1640 958 1803 993 ἐνεφὺτευσε

1018 1012 1052 1046 τῇ
1072 1010 1195 1045 ἡμετέρᾳ
1217 1008 1298 1042 φύσει
1316 1009 1329 1034 ὁ
1345 1007 1411 1038 Θεδς
1435 1004 1674 1041 Λόγος,,ἀρχῆθεν
1697 1004 1803 1034 πλάσας

1017 1057 1092 1091 ἡμᾶς
1108 1055 1241 1086 ἐνέλιπεν,
1257 1053 1325 1080 ἀλλὰ
1348 1054 1435 1080 πάντα
1457 1051 1583 1082 ἀνέλαϐε,
1607 1050 1695 1083 σῶμα,
1711 1049 1804 1084 ψυχὴν

1018 1102 1114 1137 νοερὰν
1130 1102 1175 1128 καὶ
1203 1100 1328 1134 λογικὴν,
1349 1099 1396 1125 κκὶ
1419 1099 1452 1124 τὰ
1467 1097 1570 1124 τούτων
1590 1097 1734 1131 ἰδιώματι.
1765 1095 1803 1121 Τὸ

1017 1148 1072 1183 γὰρ
1099 1147 1157 1178 ἑνὸς
1181 1147 1283 1173 τούτων
1309 1143 1442 1180 ἀμοιροῦν
1460 1144 1539 1175 ζῶον,
1571 1142 1620 1168 οὐκ
1646 1142 1802 1177 ἄνθρωῖος.

1019 1195 1100 1222 ’Όλον
1125 1194 1179 1228 γὰρ
1199 1193 1259 1224 ὅλος
1279 1191 1393 1218 ἀνέλαϐέ
1413 1199 1457 1225 με.
1477 1191 1523 1216 καί
1548 1189 1608 1219 ὅλος
1625 1188 1678 1222 ὅλῳ
1697 1187 1802 1221 ἡνώθη,

1018 1241 1051 1268 ἵν’
1064 1241 1117 1276 ὅλῳ
1131 1241 1178 1275 τὴν
1194 1239 1330 1273 σωτηρίαν
1345 1236 1502 1272 χαρίσηται.
1530 1236 1566 1262 Τὸ
1584 1236 1638 1269 γὰρ
1661 1235 1799 1268 sepem,-

1018 1295 1084 1314 πτον
1108 1283 1439 1320 ἀθεράπευτον.ἻΙνωται
1459 1282 1548 1309 τοίνυν
1565 1282 1647 1316 σαρκὶ
1656 1280 1699 1306 διὰ
1717 1281 1801 1314 μέσου

1017 1334 1063 1360 νοῦ
1079 1333 1093 1359 ό
1112 1332 1199 1366 Λόγος
1213 1331 1260 1357 τοῦ
1277 1329 1345 1357 Θεοῦ
1362 1330 1409 1356 καὶ
1431 1329 1506 1361 Θεὸς,
1530 1327 1717 1363 μεσιτεύοντος
1730 1325 1801 1352 Θεοῦ

1017 1378 1195 1414 καθαρότητι,
1209 1378 1256 1403 καὶ
1268 1376 1369 1411 σαρκὸς
1383 1375 1528 1410 παχύτητι.
1550 1373 1728 1407 Ἡγεμονικδν
1747 1372 1801 1407 γὰρ

1016 1424 1107 1460 ψυχῆς
1122 1424 1169 1451 καὶ
1184 1424 1286 1458 σαρκὸς
1300 1424 1313 1449 ὁ
1327 1422 1401 1453 νοῦς,
1419 1421 1469 1456 τῆς
1483 1421 1572 1455 ψυχῆς
1587 1420 1617 1446 τὺ
1634 1418 1801 1452 καθαρώτα-

1015 1479 1073 1498 τον,
1092 1469 1172 1496 Ἀλλὰ
1187 1470 1234 1496 καὶ
1245 1469 1291 1496 νοῦ
1305 1469 1318 1494 ὁ
1335 1467 1411 1499 Θεός.
1430 1466 1485 1493 Καὶ
1500 1467 1544 1492 ὅτε
1563 1465 1612 1500 μὲν
1628 1466 1803 1499 παραχωρ;ῖ-

1016 1524 1061 1542 ται
1078 1515 1129 1542 ὑπὸ
1143 1513 1190 1541 τοῦ
1208 1514 1374 1549 κρείττονος,
1390 1513 1439 1547 τὴν
1455 1511 1559 1537 οίκείαν
1578 1512 1592 1537 ὀ
1615 1510 1676 1541 νοῦς
1696 1511 1802 1544 ἠγεμο-

1017 1562 1077 1590 νίαν
1109 1561 1286 1592 ἐνδείκνυται,
1321 1560 1463 1586 ὲκνικᾶται
1491 1557 1529 1589 δὲ,
1566 1557 1611 1583 καὶ
1639 1557 1736 1582 ἕπεται
1763 1555 1803 1590 τῷ

1017 1606 1163 1641 κρείττονι,
1179 1606 1225 1632 καὶ
1242 1604 1328 1631 ταῦτα
1342 1604 1450 1638 ἐνεργεῖ
1465 1602 1483 1629 ἃ
1500 1602 1623 1637 βούλεται
1641 1603 1656 1636 ἡ
1679 1601 1740 1628 θεία
1758 1600 1804 1627 θέ-

1016 1652 1105 1686 λησις.
1126 1649 1233 1684 Χωρίον
1252 1650 1266 1675 ὁ
1296 1649 1358 1680 νοῦς
1376 1650 1472 1683 γέγονε
1493 1648 1542 1683 τῆς
1563 1647 1625 1673 καθ’
1651 1647 1803 1673 ὑπόστασιν

1017 1696 1092 1732 αὐτῷ
1117 1695 1259 1731 ἡνωμένης
1278 1694 1405 1729 θεότητος
1419 1702 1425 1710 ·
1445 1693 1538 1729 ὥσπερ
1571 1693 1602 1728 δὴ
1628 1693 1674 1719 καὶ
1696 1694 1712 1728 ὴ
1734 1692 1804 1726 σὰρξ

1017 1744 1048 1771 οὐ
1067 1743 1199 1774 σύνοικος,
1216 1741 1252 1773 ὡς
1275 1742 1292 1776 ὴ
1309 1741 1363 1767 τῶν
1384 1741 1531 1776 αίρετικῶν
1548 1739 1646 1774 ἐναγὴς
1666 1739 1803 1766 πλανᾶται

1018 1789 1118 1823 οἴησις.
1140 1789 1176 1814 Οὐ
1207 1787 1261 1821 γὰρ
1289 1786 1321 1813 ἂν
1351 1786 1507 1821 μεόιμναῖον
1533 1785 1660 1818 λέγουσα,
1688 1784 1803 1818 χωρήσῃ

1017 1835 1186 1869 διμέδιμνον,
1206 1833 1371 1868 σωματικῶς
1390 1832 1424 1858 τὰ
1445 1831 1515 1858 ᾶῡλα
1535 1830 1674 1865 κρίνουσα.
1690 1829 1752 1860 Πῶς
1773 1829 1804 1856 δὲ

1017 1880 1083 1911 Θεὸς
1106 1881 1219 1910 τέλειος,
1239 1879 1286 1905 καὶ
1302 1877 1445 1912 ἅνθρωπος
1462 1876 1575 1908 τέλειος,
1596 1877 1644 1903 καὶ
1658 1874 1804 1909 ὁμοούσιος

1017 1927 1055 1961 τῷ
1073 1925 1160 1961 [ἰατρὶ
1173 1925 1220 1951 καὶ
1234 1925 1301 1959 ἡμῖν
1322 1925 1336 1950 ὁ
1352 1922 1468 1957 Χριστὸς
1487 1922 1662 1957 λεχθήσεται,
1678 1921 1703 1947 εί
1720 1920 1803 1956 μέρος

1016 1973 1066 2008 τῆς
1078 1972 1154 2002 θείας
1169 1971 1276 2005 φύσεως
1298 1970 1376 2005 μέρει
1398 1969 1448 2003 τῆς
1473 1968 1648 2003 ἀνθρωπίνης
1673 1969 1702 1994 ὲν
1725 1966 1800 2001 αὑτῷ

1017 2018 1120 2054 ¹ηνωτιιι
1145 2017 1270 2051 φύσεως;
1287 2016 1410 2050 Λέγομεν
1425 2014 1454 2040 δὲ
1480 2016 1530 2048 τὴν
1544 2014 1626 2048 φύσιν
1646 2013 1724 2048 ἡμῶν
1737 2013 1804 2047 ἐγη-

1017 2063 1114 2098 mea
1128 2064 1159 2089 ὲκ
1174 2062 1229 2089 τῶν
1243 2061 1360 2097 νεκρῶν,
1374 2061 1420 2088 καὶ
1437 2060 1632 2095 ἀνεληλυθέναι
1649 2060 1698 2086 καὶ
1716 2067 1802 2086 κεκα-

1018 2109 1123 2138 θικὲναι
1135 2110 1167 2135 ὲκ
1181 2107 1276 2140 δεξιῶν
1288 2107 1333 2134 τοῦ
1354 2107 1470 2142 Πατρὸς,
1483 2106 1512 2132 οὺ
1528 2106 1596 2132 καθὸ
1610 2106 1694 2132 πᾶσαι
1705 2106 1733 2132 αἱ
1747 2105 1802 2131 τῶν

1017 2157 1168 2192 ἀνθρώπων
1187 2154 1349 2185 ὑποστάσεις
1364 2154 1527 2187 ἀνέστησαν,
1543 2153 1591 2179 καὶ
1618 2153 1750 2179 ἐκάθισαν
1769 2153 1802 2178 ἐκ

979 2199 1004 2229 D
1017 2202 1112 2235 δεξιῶν
1125 2202 1171 2228 τοῦ
1188 2201 1302 2236 Πατρος,
1327 2199 1394 2226 ἀλλὰ
1410 2199 1476 2226 καθὸ
1489 2199 1563 2226 πᾶσα
1579 2199 1596 2234 ἡ
1622 2199 1703 2233 φύσις
1720 2198 1801 2233 ἡμῶν

1019 2250 1048 2275 ἐν
1064 2250 1097 2283 τῇ
1123 2248 1170 2274 τοῦ
1190 2246 1310 2281 Χριστοῦ
1327 2246 1484 2272 ὑποστάσει.
1516 2245 1585 2280 Φησὶ
1611 2245 1676 2279 γοῦν
1694 2245 1709 2271 ὀ
1729 2246 1802 2276 θεῖος

1018 2292 1190 2324 Ἀπόστολος,
1198 2291 1360 2325 Evr-ﬁrmos
1367 2289 1415 2316 καὶ
1422 2289 1624 2316 συνεκάθισεν
1631 2287 1708 2322 ἡμᾶς
1716 2288 1752 2314 ἐν
1761 2287 1802 2320 τῷ

1018 2338 1143 2374 Χριστῷ.
1164 2337 1218 2364 Καὶ
1233 2336 1312 2362 τοῦτο
1327 2335 1356 2362 δέ
1372 2343 1471 2370 φαμεν,
1487 2335 1528 2361 ὅτι
1542 2335 1574 2360 ἐκ
1587 2333 1686 2360 κοινῶν
1699 2334 1801 2360 οὐσιῶν

1019 2385 1036 2420 ἡ
1049 2385 1146 2415 ἓνωσις
1157 2383 1265 2416 γέγονε.
1281 2382 1359 2408 Πᾶσα
1373 2380 1427 2415 γὰρ
1445 2380 1523 2406 οὐσία
1538 2380 1615 2414 κοινή
1630 2380 1687 2405 ἐστι
1704 2379 1802 2405 πασῶν

1018 2431 1071 2456 τῶν
1085 2428 1131 2456 ὑπ’
1146 2429 1231 2462 αὐτῆς
1244 2426 1450 2463 περιεχομένων
1467 2426 1654 2455 ὑποστάσεων,
1679 2425 1727 2450 καὶ
1751 2425 1802 2450 οὐκ

1017 2475 1090 2502 ἐστιν
1116 2474 1208 2508 εὑρεῖν
1233 2473 1351 2508 μερικὴν
1375 2471 1423 2497 καὶ
1447 2470 1602 2502 ἰδιάζουσαν
1622 2469 1713 2504 φύσιν,
1740 2470 1802 2505 ἦτοι

1016 2521 1123 2547 οὐσίαν.
1155 2519 1231 2546 Ἐπεὶ
1257 2519 1364 2552 ἀνάγκη
1390 2517 1440 2548 τὰς
1462 2517 1547 2547 αὐτὰς
1569 2516 1731 2546 ὑποστάσεις
1753 2515 1802 2541 καὶ

1017 2565 1174 2601 ὁμοουσίους
1199 2566 1246 2590 καὶ
1261 2562 1446 2598 ὲτεροουσίους
1459 2562 1551 2595 λέγειν
1562 2569 1569 2577 ·
1595 2562 1642 2588 καὶ
1658 2561 1707 2595 τὴν
1718 2561 1801 2594 ἁγίαν

1017 2612 1120 2647 Τριάδα
1140 2611 1186 2637 καὶ
1208 2610 1364 2645 ὁμοούσιον,
1383 2609 1431 2635 καὶ
1456 2607 1627 2643 ἐτεροοὺσιον
1651 2606 1724 2633 κατὰ
1752 2607 1802 2640 τὴν

1018 2657 1132 2692 θεότητα
1158 2657 1256 2690 λέγειν,
1286 2654 1318 2681 Ἦ
1340 2655 1409 2689 αὑτὴ
1435 2655 1526 2680 τοίνυν
1550 2653 1631 2688 φύσις
1648 2653 1677 2679 ὲν
1696 2652 1801 2688 ἑκάστῃ

1017 2704 1072 2730 τῶν
1093 2702 1269 2729 ὑποστάσεων
1284 2701 1438 2736 θεωρεῖται,
1465 2700 1519 2726 Καὶ
1539 2700 1583 2726 ὅτε
1607 2699 1731 2733 εἴπωμεν
1752 2697 1800 2732 τὴν

1019 2750 1100 2784 φύσιν
1110 2749 1156 2775 τοῦ
1168 2748 1255 2782 Λόγου
1270 2747 1473 2782 σεσαρκῶσθαι,
1491 2746 1559 2773 κατὰ
1568 2747 1631 2777 τοὺς
1648 2745 1801 2780 μακαρίους
