1912 3078
91 137 139 168 241

569 143 755 172 PANOPLIA
778 143 1005 175 DOGMATICA.
1030 160 1062 163 —-
1083 148 1146 176 'l'l'l‘
1181 149 1245 179 ΥΠ.

1670 147 1727 176 Qiﬂ'

91 191 250 219 'Mia'vaszov
269 195 317 220 καὶ
327 194 468 229 Κύριλλον,
478 196 526 231 τὴν
536 196 747 231 θεότητάφαμεν
757 196 877 230 ἡνῶσθαι

941 207 1012 226 senas
1023 202 1222 236 complectitur.
1243 202 1298 228 Nec
1317 202 1381 228 licet
1407 206 1530 228 naturam
1552 202 1608 229 sire
1626 210 1720 227 esseu-

85 239 173 272 σαρκί.
184 239 229 266 Διὸ
239 240 269 266 οὺ
278 240 415 275 δυνάμεθα
426 242 521 272 είπεῖν,
531 239 562 268 Ἢ
572 242 650 277 etin,-
662 242 707 268 τοῦ
720 242 805 275 Λόγου
817 241 883 272 ἔπει,

86 283 145 310 θεν·
163 285 194 311 οὺ
216 286 271 321 γὰρ
288 286 416 320 ἔπλϐενὴ
440 287 535 322 θεότης
553 290 581 314 ἐν
596 288 679 322 αὐτῷ.
693 289 825 322 Λέγοντες
849 289 877 314 δὲ

85 329 131 364 τὴν
149 329 325 366 ἀνθρωπίνην
339 332 419 366 φύσιν
432 334 597 359 πεπονθέναι
614 334 642 359 ὲν
654 334 692 368 τῷ
710 334 831 368 Χριστῷ,
846 335 875 360 οὐ

87 375 171 407 πάσας
196 377 244 408 τὰς
261 377 315 403 τῶν
333 378 486 413 ἀνορὼπων
503 379 667 410 ὑποστάσεις
685 380 857 415 ὲμφαίνομεν
868 401 874 412 ,

87 422 152 448 ἀλλὰ
172 424 207 457 τῇ
227 422 389 459 ἀνθρωπίνῃ
410 424 490 458 φύσει
510 425 695 460 ὁμολογοῦμεν
713 426 878 452 πεπονθέναι

86 467 129 494 τὸν
143 469 272 503 Χριστόν.
289 470 371 496 Ὥστε
387 471 467 506 φύσιν
483 471 529 497 τοῦ
546 472 633 506 Λόγου
650 471 778 505 λέγοντες
796 472 877 498 αὑτὸν

87 516 130 541 τὸν
149 515 239 550 Λόγον
257 519 439 553 σημαίνομεν.
466 519 495 545 '0
513 519 541 545 δὲ
559 520 646 553 Λόγος
666 520 711 546 καὶ
731 520 761 546 τὸ
786 520 875 546 κοινὸν

88 561 134 595 τῆς
164 562 259 593 οὐσίας
289 563 438 599 κέκτηται,
467 565 515 591 καὶ
546 565 575 591 τὸ
607 564 705 598 ἰδιάζον
731 566 778 600 τῆς
811 566 875 592 ὑπο-

89 614 224 639 στασεως.

939 245 1003 272 tiam
1026 247 1106 274 ullam
1122 248 1297 283 singularem,
1321 247 1507 282 privatamque
1534 247 1661 281 reperire.
1678 247 1723 273 Sic

937 292 1009 319 cuitu
1027 297 1100 320 esset
1115 293 1310 325 necessarium,
1339 300 1475 327 personas
1501 293 1573 327 ipsas
1599 293 1724 318 essentia:

934 338 1095 372 etejusdem
1122 346 1193 371 esse,
1228 343 1255 366 et
1270 339 1394 366 diversm.
1414 339 1446 365 Et
1468 342 1589 365 sanctam
1606 338 1725 364 Trinita-

935 387 987 409 lciu
1004 384 1127 416 ejusdem
1144 392 1215 416 esse,
1234 385 1405 419 dlverszeqne
1430 384 1556 411 essentize
1592 388 1725 418 quantum

935 430 1055 463 pertinet
1070 431 1103 456 ad
1136 429 1317 456 divinitatem.
1336 430 1436 457 Eadem
1455 430 1537 464 igitur
1568 433 1664 455 natura
1699 429 1725 454 in

937 474 1052 508 singulis
1064 475 1188 509 personis
1202 476 1403 503 consideratur.
1421 475 1452 502 Et
1470 475 1580 510 quando
1597 475 1726 505 dicimus,

934 519 1015 546 Verbi
1039 524 1165 547 naturam
1195 528 1304 548 carnem
1332 522 1527 555 assumpsisse,
1555 519 1725 548 divinitatem

933 572 964 591 ex
981 565 1122 591 beatorum
1138 565 1291 597 Athanasii,
1324 566 1472 601 (Iyrillique
1500 565 1637 593 sententia
1651 564 1726 591 carni

931 618 992 636 esse
1005 610 1180 644 eonjunctam
1195 611 1369 638 amrmamus.
1383 611 1568 644 Quamobrem
1587 618 1641 638 non
1662 618 1726 644 pos-

87 661 182 682 sumus
215 655 308 683 diccre
323 655 405 683 Verbi
437 662 562 685 naturam
577 666 638 685 esse
662 665 781 692 passam,
815 667 904 693 neque
936 658 1009 684 enim
1030 658 1157 685 divinitas
1180 659 1206 685 in
1235 659 1294 693 ipso
1320 666 1399 694 passa
1410 664 1462 685 est.
1486 659 1613 686 Dicenles
1637 663 1728 685 autem

88 706 216 728 naturam
237 702 383 729 humanam
406 702 489 730 fuisse
517 712 624 739 passam
653 705 680 732 in
709 705 828 736 Christo,
852 713 904 732 non
937 713 1033 733 omnes
1059 707 1202 734 hominum
1234 715 1366 741 personas
1396 707 1592 743 significamus,
1623 705 1671 732 sed
1702 704 1730 730 in

88 751 185 773 natura
203 747 323 774 humana
350 747 489 775 Christum
517 757 577 776 esse
595 758 704 784 passum
725 751 898 777 conlitemur.
914 750 1004 783 Quare
1019 761 1079 780 cum
1098 753 1178 780 Verbi
1196 758 1323 780 naturam
1348 753 1476 784 dicimus,
1505 752 1591 786 ipsum
1608 750 1729 778 Verbum

90 792 258 820 indic-aluus.
290 792 409 820 Verbum
445 799 536 821 autent
552 800 580 822 et
610 797 736 823 essentia:
756 795 980 824 communitatem
1008 799 1124 832 obtinet,
1142 804 1169 826 et
1197 805 1319 833 persona:
1337 799 1544 835 proprietatem.

275 850 333 877 Τοῦ
353 851 447 878 αὑτοῦ
458 852 629 885 Κεφάλαιον
645 856 693 879 oa’.

89 885 157 918 Περὶ
178 884 236 918 τῆς
254 885 325 920 μιᾶς
345 886 397 912 τοῦ
419 884 612 929 ﬂagiti/toruo
631 889 782 915 συνθετου
807 889 880 914 ὑπο-

411 929 559 954 στασεως.

124 965 279 1000 Τοιγαροῦν
294 966 484 1001 ὁμολογοῦμεν
502 967 584 994 αὐτον
601 968 650 995 ἕνα
666 969 731 996 Υίὸν
747 969 816 996 Θεοῦ
832 971 881 997 καὶ

93 1012 160 1044 μετὰ
174 1011 225 1045 τὴν
239 1012 458 1048 ὲνανθρώπησιν,
475 1013 522 1040 καὶ
537 1014 602 1042 Υίὸν
615 1014 762 1050 ἀνθρώπου
777 1016 823 1043 τὸν
835 1017 883 1043 αὒ-

90 1057 153 1083 τὸν’
180 1058 230 1083 ἕνα
250 1058 377 1093 Χριστὸν,
400 1059 447 1086 ἕνα
469 1060 583 1096 Κύριον,
600 1061 645 1088 τὸν
671 1063 803 1098 μονογενῆ
819 1063 883 1089 Υίὺν

91 1104 137 1128 καὶ
151 1103 240 1137 Λόγον
256 1104 304 1130 τοῦ
320 1104 399 1138 Θεοῦ,
422 1105 525 1140 Ἰησοῦν
544 1107 589 1134 τδν
603 1107 708 1143 Κύριον
724 1109 819 1144 ἡμῶν,
837 1109 884 1137 δύο

92 1149 175 1175 αὐτοῦ
193 1149 244 1180 τὰς
262 1150 403 1182 γεννήσεις
420 1151 557 1185 σέϐοντες,
574 1152 638 1187 μίαν
653 1154 704 1188 μὲν
716 1155 766 1190 τὴν
781 1155 813 1181 ὲκ
827 1155 885 1182 Πας

91 1196 156 1229 τρὸς
177 1195 344 1230 προαιώνιον
361 1197 431 1231 ὑπὲρ
446 1197 536 1224 αἰτίαν
553 1199 599 1225 καὶ
616 1199 694 1233 λόγον
723 1200 770 1226 καὶ
790 1201 885 1237 χρόνον

94 1242 141 1266 xa‘t
157 1241 242 1275 φύσιν
254 1249 261 1256 ⁸
278 1242 327 1268 καὶ
344 1243 408 1275 μίαν
421 1242 470 1277 τὴν
485 1243 530 1270 ἐπ’
544 1244 669 1279 ἐσχάτων
684 1245 716 1271 δι’
729 1246 803 1280 ἡμᾶς
813 1267 820 1279 ,
839 1246 885 1273 καὶ

92 1286 155 1312 καθ’
174 1287 262 1321 ἡμᾶς,
281 1287 328 1312 καὶ
350 1288 420 1323 ὑπὲρ
441 1289 527 1323 ἡμᾶς.
543 1289 581 1317 Δι’
602 1291 688 1326 ἡμᾶς,
712 1291 752 1318 ὅτι
773 1291 818 1318 διὰ
837 1291 886 1327 τὴν

94 1331 236 1367 ἡμετέραν
251 1334 389 1367 σωτηρίαν
400 1342 408 1350 ο
424 1335 485 1361 καθ’
500 1336 583 1370 ἡμᾶς,
596 1336 636 1363 ὃτι
653 1337 766 1371 γέγονεν
782 1337 886 1373 ἂνθρω-

95 1385 145 1407 πος
164 1377 197 1402 ἐκ
214 1378 361 1409 γυναικὸς,
382 1379 429 1404 καὶ
443 1379 532 1414 χρόνῳ
548 1381 691 1415 κυήσεωςο
709 1382 779 1416 ὑπὲρ
792 1383 884 1417 ἡμᾶς,

94 1419 135 1445 ὅτι
147 1420 200 1445 οὐκ
211 1421 243 1445 ἐκ
256 1421 370 1454 σπορᾶς,
385 1421 442 1448 ἀλλ’
458 1422 487 1454 ἐξ
502 1424 579 1457 ἁγίου
595 1425 753 1459 Πνεῦματος
781 1429 828 1453 καὶ
841 1428 889 1462 τῆς

95 1465 179 1498 ἁγίας
195 1466 335 1500 Παρθένου
351 1467 420 1503 ὑπὲρ
434 1468 516 1502 νόμον
531 1469 670 1504 κυήσεως
685 1472 714 1497 οὺ
726 1472 792 1498 Θεὶν
807 1472 888 1500 αὑτὸν

1180 855 1315 888 Ejusdem.
1332 855 1396 890 Cap.
1421 855 1451 881 7i
1460 875 1466 881 .

1003 889 1041 916 De
1069 898 1121 916 una
1156 889 1202 916 Dei
1237 890 1310 917 Verbi
1343 889 1487 924 compositu
1518 898 1641 924 persona.

970 965 1102 993 Eumdem
1134 965 1216 1002 igitur
1241 967 1323 993 ctiam
1353 972 1415 1001 post
1441 966 1588 993 humanam
1614 973 1727 993 carnem

935 1017 1102 1047 assumptam
1129 1020 1212 1039 unutn
1229 1012 1327 1040 Filium
1352 1013 1411 1045 Dei,
1428 1017 1457 1040 et
1470 1012 1568 1039 Filium
1590 1011 1725 1042 hominis.

935 1066 1020 1084 unum
1055 1058 1205 1090 Christum.
1241 1067 1324 1085 unum
1358 1058 1514 1090 Dominum,
1553 1057 1725 1092 unigenitum

935 1103 1050 1136 Filium,
1067 1110 1094 1132 et
1113 1105 1229 1133 Verbum
1250 1105 1307 1137 Dei,
1324 1104 1416 1132 Jcsum
1439 1105 1584 1132 Dominum
1600 1108 1726 1131 nostrum

935 1150 1107 1181 conﬁtentur,
1130 1150 1198 1177 duos
1224 1150 1311 1183 ipsius
1339 1155 1416 1177 ortus
1441 1154 1615 1182 venerantes,
1643 1157 1727 1176 unum

935 1194 1046 1229 quidem
1064 1201 1096 1221 ex
1112 1194 1192 1222 Patre
1207 1199 1270 1221 ante
1281 1195 1379 1221 saecula
1403 1193 1475 1220 omni
1491 1201 1571 1221 causa
1585 1197 1611 1219 et
1625 1192 1730 1219 ratione

938 1245 993 1267 tum
1013 1240 1153 1275 temporis,
1180 1245 1235 1267 tum
1262 1245 1365 1266 uaturm
1396 1239 1579 1274 superiorem,
1611 1239 1726 1265 alterum

939 1290 1030 1313 autem
1057 1285 1084 1312 in
1101 1285 1258 1313 novissimis
1282 1286 1451 1320 temporibus
1477 1289 1589 1320 propter
1615 1292 1676 1313 nos.
1703 1289 1730 1311 et

939 1340 971 1357 ex
990 1331 1078 1364 nobis,
1098 1336 1125 1358 et
1141 1339 1222 1366 supra
1240 1339 1300 1358 nos.
1323 1331 1439 1366 Propter
1456 1339 1515 1363 nos,
1533 1331 1595 1365 quia
1619 1335 1730 1364 propter

939 1377 1053 1403 salutem
1069 1383 1188 1404 nostram
1202 1386 1209 1408 ;
1228 1385 1261 1404 ex
1276 1377 1365 1408 nobis,
1383 1378 1448 1411 quia
1463 1384 1496 1404 ex
1511 1377 1625 1404 muliere
1649 1381 1729 1403 natus

940 1426 982 1448 est
1010 1423 1093 1450 homo
1119 1422 1241 1458 legitimo
1265 1427 1362 1457 partus
1388 1427 1529 1458 tempore;
1557 1430 1640 1457 supra
1668 1429 1728 1454 nos,

940 1469 1003 1501 quia
1031 1467 1090 1495 sine
1117 1468 1233 1500 semine,
1257 1475 1291 1495 ex
1319 1468 1422 1503 Spiritu
1451 1473 1556 1500 saneto,
1583 1473 1611 1495 et
1635 1472 1730 1495 saneta

98 1510 179 1544 μόνον
195 1511 380 1545 κηρύττοντες
397 1514 500 1548 γυμνὸν
514 1514 563 1550 τῆς
581 1516 642 1542 καθ’
656 1518 730 1551 ἡμᾶς
742 1518 886 1554 ἀνθρωπό-

941 1513 1062 1548 Virgine,
1086 1521 1167 1549 supra
1195 1512 1317 1549 pariendi
1339 1514 1438 1549 legem.
1460 1514 1516 1542 Nec
1536 1514 1620 1541 Deum
1641 1514 1730 1541 solum

96 1564 187 1590 τητος,
203 1557 264 1582 οὐδὲ
281 1557 333 1592 μὴν
344 1558 489 1593 ἄνθρωπον
503 1560 582 1594 μόνον
593 1561 734 1595 ψιλοῦντες
749 1564 828 1590 αὐτὸν
839 1566 888 1600 τῆς

97 1602 238 1637 Θεότητος,
260 1603 310 1629 οὐκ
334 1604 413 1631 ἄλλον
447 1607 493 1632 καὶ
513 1606 602 1638 ἄλλον,
624 1607 682 1634 ἀλλ’
704 1609 752 1636 ἕνα
772 1611 819 1636 καὶ
843 1611 888 1637 τὸν

97 1649 180 1675 αὐτὸν
195 1649 265 1683 ὁμοῦ
278 1649 345 1676 Θεόν
356 1659 386 1677 τε
402 1652 449 1677 καὶ
460 1651 621 1687 ἄνθρωπον·
636 1653 702 1680 Θεὸν
714 1656 826 1690 τέλειον,
842 1658 888 1684 καὶ

97 1692 242 1729 ἇνθρωπὲον
260 1694 362 1722 τέλειον
377 1705 384 1712 ·
405 1696 466 1723 ὅλον
482 1697 549 1724 Θεὸν
559 1718 566 1730 ,
581 1699 628 1725 καὶ
647 1699 707 1726 ὅλον
722 1701 866 1737 ἄνθρωπον
881 1711 886 1717 ·

97 1739 140 1766 διὰ
161 1739 210 1766 τοῦ
228 1740 325 1773 εἰπεῖν,
342 1741 445 1768 τέλειον
460 1743 526 1769 Θεὸν
549 1746 596 1770 καὶ
611 1745 715 1772 τέλειον
733 1747 888 1782 ἄνθρωπον,

97 1785 127 1811 τὸ
146 1786 252 1821 πλῆρες
287 1787 333 1812 καὶ
360 1787 501 1820 ἀνελλιπὲς
523 1789 665 1823 δηλοῦντες
690 1792 743 1817 τῶν
765 1793 888 1827 φύσεων·

96 1831 142 1858 διὰ
158 1832 188 1858 δὲ
202 1832 251 1858 τοῦ
268 1833 366 1865 εἰπεῖν,
382 1834 442 1860 ὅλον
454 1834 520 1860 Θεὸν
545 1836 590 1862 καὶ
606 1836 666 1862 ὅλον
683 1837 839 1872 ἄνθρωπον,
860 1839 890 1865 τὺ

100 1877 249 1912 μοναδικδν
268 1878 421 1911 δεικνύντες
437 1880 486 1914 τῆς
504 1881 692 1913 ὑποστάσεως.
712 1884 766 1910 Kal.
783 1884 846 1919 μίαν
862 1884 891 1911 δὲ

98 1925 182 1958 φύσιν
202 1924 250 1951 τοῦ
264 1925 331 1951 Θεοῦ
346 1925 434 1959 Λόγου
454 1929 668 1963 σεσαρκωμένην
684 1929 871 1965 ὁμολογοῦμεν
882 1951 890 1964 ,

98 1972 145 1998 διὰ
176 1971 224 1997 τοῦ
257 1975 472 2010 σεσαρκωμένην
501 1974 551 2010 τὴν
581 1975 631 2010 τῆς
664 1976 765 2011 σαρκὸς
798 1977 891 2008 οὐσίας

98 2019 293 2053 σημαίνοντες,
313 2020 382 2046 κατὰ
395 2020 440 2047 τὸν
462 2021 598 2057 μακάριον
615 2022 759 2056 Κύριλλον.
779 2023 833 2049 Καὶ
848 2032 891 2049 σε-

99 2066 244 2100 napum-rat
256 2066 348 2092 τοίνυν
360 2067 374 2092 ὅ
389 2067 488 2100 Λόγος,
505 2069 553 2094 καὶ
566 2069 615 2102 τῆς
625 2068 730 2100 οἰκείας
745 2068 892 2103 ἀῡλὸτητος

97 2112 150 2138 οὐκ
165 2112 308 2147 ἑξέστηκε.
324 2112 376 2139 Καὶ
400 2112 460 2144 ὅλος
489 2114 679 2148 σεσάρκωται,
709 2115 756 2141 καὶ
783 2115 843 2146 ὅλος
858 2113 892 2150 ἦν

97 2157 322 2192 ἀπερίγραπτος.
337 2158 521 2193 Σμικρύνεται
547 2160 710 2194 σωματικῶς
724 2160 770 2187 καὶ
786 2161 893 2188 συστέλ-
907 2174 932 2204 D

98 2202 188 2229 λεται.
208 2203 263 2229 Καὶ
276 2202 375 2235 θεῖκῶς
389 2205 462 2230 ἐστιν
479 2204 700 2240 ἁπερίγραπτος,
725 2207 755 2232 οὐ
784 2214 894 2241 συμπα-

99 2249 316 2284 ρεκτεινομένης
339 2250 388 2284 τῆς
412 2250 514 2285 capto;
532 2251 615 2277 αὑτοῦ
638 2252 670 2286 τῇ
694 2252 893 2288 ἁπεριγράπτιρ

99 2295 223 2330 θεότητι.
244 2295 325 2327 Ὄλος
348 2297 396 2330 μὲν
412 2294 458 2323 οὖν
473 2297 531 2322 ἐστι
549 2297 617 2328 Θεὸς
631 2298 731 2329 τέλειος
744 2319 750 2327 .
768 2298 816 2332 οὐχ
832 2299 893 2326 ὅλον

98 2342 132 2368 δὲ
156 2342 224 2372 Θεός
237 2350 245 2358 ”
263 2343 293 2369 οὐ
309 2342 364 2377 γὰρ
385 2342 464 2377 μόνον
479 2342 557 2375 Θεὸς,
576 2342 644 2369 ἀλλὰ
669 2343 715 2369 καὶ
739 2343 892 2379 ἄνθρωπος.

99 2388 160 2414 Καὶ
179 2388 240 2419 ὅλος
255 2388 399 2422 ἄνθρωπος
416 2388 536 2420 τέλειος,
554 2388 604 2423 οὐχ
621 2388 680 2414 ὅλον
697 2388 723 2415 δὲ
738 2388 892 2423 ἄνθρωπος.

99 2434 144 2460 Οὐ
159 2434 241 2469 μόνον
252 2434 305 2468 γὰρ
321 2434 475 2470 ἄνθρωπος,
490 2434 557 2461 ἀλλὰ
570 2435 618 2461 καὶ
631 2435 705 2466 Θεός.
723 2435 758 2461 Τὸ
775 2435 824 2469 μὲν
837 2436 891 2470 γὰρ

98 2479 167 2508 ὅλον
183 2479 290 2513 φύσεώς
304 2481 363 2506 ἐστι
380 2480 595 2514 παραστατικὸν,
611 2480 642 2506 τὺ
656 2480 682 2506 δὲ
697 2480 756 2511 ὅλος
771 2480 893 2507 ὑποστά-

100 2533 176 2556 σεως
190 2533 198 2540 ⁸
214 2524 310 2559 ὥσπερ
323 2525 353 2551 τὸ
366 2525 415 2560 μὲν
431 2525 496 2552 ἄλλο
509 2525 627 2559 φύσεως,
642 2525 671 2551 τὸ
687 2526 714 2552 δὲ
730 2526 809 2555 ἄλλος
825 2526 890 2552 ὑπο-

102 2571 238 2601 στάσεως.
262 2571 307 2597 Ἐν
321 2572 388 2596 πᾶσι
405 2571 454 2605 μὲν
466 2569 499 2603 ἦν
510 2591 516 2602 ,
532 2572 577 2596 καὶ
596 2571 664 2605 ὑπὲρ
680 2571 713 2597 τὰ
731 2572 829 2602 πάντα,
846 2571 893 2598 καὶ

101 2620 132 2645 ὲν
154 2619 189 2654 τῇ
203 2619 305 2652 γαστρὶ
323 2618 372 2653 τῆς
387 2618 561 2652 Θεομήτορος
573 2636 581 2648 ,
595 2616 653 2643 ἀλλ’
669 2617 698 2642 ὲν
712 2616 797 2652 ταύτῃ
819 2617 894 2651 ἐνερ-

102 2663 168 2697 γείᾳ
184 2662 362 2696 σαρκώσεως.
381 2662 478 2688 ’ἰστέον
491 2662 519 2687 δὲ
533 2661 581 2692 ὡς.
594 2661 618 2687 εί
632 2661 680 2688 καὶ
692 2663 855 2696 περιχωρεῖν
865 2660 907 2687 ἐν’

104 2707 239 2745 ἀλλήλοις
251 2709 300 2740 τὰς
312 2708 360 2735 τοῦ
373 2708 474 2743 Κυρίου
489 2708 585 2742 φύσεις
599 2707 698 2742 φαμὲν,
715 2708 773 2734 ἀλλ’
783 2708 893 2740 οἴδαμεν

104 2753 145 2784 ὡς
172 2754 204 2780 ἐκ
224 2753 275 2788 τῆς
297 2753 372 2784 θείας
396 2754 502 2788 φύσεως
525 2754 542 2788 ἡ
568 2753 754 2790 περιχώρησις
779 2754 892 2788 γίνεται.

106 2800 182 2834 Αῦτη
198 2800 249 2836 μὲν
271 2800 325 2835 γὰρ
337 2800 382 2827 διὰ
397 2801 505 2827 πάντων
519 2799 624 2834 διήκει,
643 2800 734 2831 κοιῢὼς
750 2799 892 2834 βούλεται,

109 2846 156 2870 καὶ
168 2845 327 2878 περιχωρεῖ,
343 2845 376 2871 δι’
390 2844 474 2878 αὐτῆς
486 2843 514 2871 δὲ
527 2844 612 2871 οὐδέν.
629 2843 683 2870 Καὶ
697 2843 766 2876 αὕτη
777 2844 827 2875 μὲν
842 2844 896 2871 τῶν

941 1560 1029 1593 ipsum
1051 1560 1231 1594 praedicamus
1243 1568 1256 1586 a
1270 1565 1361 1587 nostra
1376 1561 1530 1594 seiunctum
1547 1560 1729 1590 humanitate,

940 1612 990 1631 nec
1011 1605 1099 1632 solum
1128 1605 1266 1632 hominem
1295 1610 1429 1633 remotum
1452 1613 1467 1632 a
1492 1605 1653 1636 divinitate,
1678 1611 1730 1630 nec

941 1651 1022 1678 alium
1042 1656 1123 1685 atque
1145 1651 1240 1682 alium,
1256 1651 1303 1678 sed
1327 1659 1410 1678 unum
1439 1656 1468 1678 et
1484 1651 1623 1682 eumdem,
1649 1650 1731 1677 simul

941 1697 1025 1724 Deum
1041 1703 1122 1732 atque
1136 1697 1284 1730 hominem,
1300 1697 1385 1724 Deum
1409 1697 1560 1732 perfectum
1589 1701 1616 1724 et
1639 1697 1730 1732 perfe-

941 1748 1015 1770 ctum
1037 1743 1186 1775 hominem,
1203 1747 1288 1770 totum
1315 1743 1397 1770 Deum
1415 1749 1440 1770 et
1464 1747 1550 1770 totqu
1578 1744 1727 1775 hominem,

942 1789 1069 1816 eumdem
1095 1793 1181 1816 totum
1209 1789 1294 1816 Deum
1321 1789 1403 1815 etiam
1430 1796 1492 1815 cum
1517 1796 1600 1815 carne
1625 1796 1683 1821 sua,
1703 1794 1732 1816 et

945 1838 1032 1861 totum
1051 1833 1192 1861 hominem
1207 1834 1290 1861 etiam
1315 1841 1376 1860 eum
1403 1841 1509 1860 summa
1532 1834 1683 1867 divinitate,
1702 1839 1732 1861 ut

943 1880 1076 1913 dicentes,
1093 1879 1243 1913 perfectum
1266 1879 1351 1907 Deum
1369 1885 1396 1907 et
1410 1881 1559 1915 perlectum
1579 1881 1730 1914 hominem,

942 1926 1093 1954 absolutam
1113 1930 1140 1953 et
1151 1925 1225 1952 nulla
1239 1934 1268 1953 re
1278 1925 1451 1953 deiicientem
1465 1931 1624 1954 naturarum
1642 1927 1729 1962 pleni-

944 1972 1065 2000 tudinem
1079 1971 1267 2003 ostendamus,
1285 1971 1408 1998 dicentes
1422 1976 1522 2004 autem,
1538 1976 1624 1999 totum
1644 1973 1732 2000 Deum

942 2021 969 2044 et
984 2021 1067 2044 totum
1082 2016 1232 2048 hominem,
1244 2015 1352 2042 unicam
1366 2020 1392 2042 et
1404 2017 1570 2051 singularem
1585 2025 1730 2051 personam

944 2063 1127 2100 declarenius.
1141 2062 1229 2089 Unam
1246 2061 1309 2088 item
1322 2061 1368 2088 Dei
1385 2060 1466 2089 Verbi
1481 2068 1603 2089 naturam
1620 2070 1730 2090 carnem

943 2108 1125 2142 assumpsisse
1151 2107 1325 2140 conﬁtemur,
1351 2107 1376 2134 id
1393 2112 1445 2140 est,
1462 2108 1551 2134 carnis
1563 2109 1730 2141 essentiam,

944 2159 974 2181 ut
984 2154 1080 2181 beatus
1092 2154 1207 2189 Cyrillus
1220 2153 1354 2188 intelligit.
1375 2153 1490 2181 Carnem
1515 2153 1597 2188 igitur
1611 2154 1729 2182 Verbum

944 2199 1100 2233 assumpsit,
1114 2200 1164 2226 nec
1179 2204 1270 2226 tamen
1287 2206 1302 2225 a
1314 2203 1410 2225 natura
1425 2207 1472 2225 sua
1485 2202 1597 2226 recessit
1612 2202 1732 2228 materiae

945 2249 1068 2280 experte.
1083 2245 1115 2272 Et
1130 2252 1192 2271 cum
1208 2248 1292 2271 totam
1309 2251 1419 2277 carnem
1437 2245 1625 2278 assumpserit,
1644 2250 1730 2272 totum

945 2297 1036 2319 tamen
1063 2292 1139 2319 nullo
1171 2291 1288 2319 termino
1324 2291 1569 2319 circumscribilur.
1608 2292 1730 2328 Corpore

945 2337 1076 2364 minuitur
1110 2341 1193 2372 atque
1229 2336 1417 2368 contrahitur,
1448 2339 1477 2363 et
1503 2336 1645 2364 divinitate
1675 2346 1729 2365 non

943 2383 1179 2412 circumscribitur
1195 2391 1202 2410 :
1221 2389 1282 2409 cum
1303 2382 1362 2417 ejus
1384 2390 1448 2410 caro
1471 2391 1552 2417 super
1576 2383 1729 2418 divinitate,

944 2437 1004 2465 ψ]ίῆ
1026 2429 1211 2456 circumscribi
1241 2436 1293 2455 non
1326 2432 1428 2463 potest,
1458 2437 1512 2456 non
1552 2431 1728 2459 extendatur.

945 2475 1031 2502 Totus
1054 2482 1119 2510 ergo
1135 2474 1274 2509 perfectus
1290 2479 1331 2501 est
1350 2474 1431 2507 Deus,
1447 2482 1500 2501 non
1526 2480 1611 2502 totum
1639 2483 1729 2503 autem

945 2521 1036 2553 Deus;
1053 2528 1141 2555 neque
1167 2520 1239 2547 enim
1264 2520 1350 2547 solum
1377 2520 1457 2553 Deus,
1473 2521 1520 2548 sed
1537 2523 1618 2548 etiam
1638 2522 1730 2550 homo.

945 2569 980 2595 Et
992 2572 1064 2594 totus
1081 2567 1163 2594 homo
1180 2566 1326 2601 perfectus,
1344 2575 1397 2594 non
1413 2572 1503 2594 autem
1522 2572 1608 2594 totum
1628 2568 1729 2599 homo;

945 2622 1034 2649 neque
1054 2615 1127 2640 enim
1153 2613 1240 2640 solum
1264 2612 1357 2645 homo,
1381 2620 1475 2641 verum
1494 2613 1577 2640 etiam
1591 2613 1678 2640 Deus.
1698 2613 1730 2640 Ut

945 2664 1031 2687 totum
1064 2658 1174 2694 quidem
1200 2662 1325 2685 naturam
1351 2658 1509 2689 constituat,
1534 2663 1607 2685 totus
1636 2661 1727 2684 autern

946 2713 1107 2740 personam,
1125 2704 1245 2739 itemque
1266 2708 1371 2731 natura:
1395 2704 1429 2730 sit
1445 2703 1527 2733 aliud.
1547 2703 1615 2730 alius
1636 2708 1728 2729 autem

945 2759 1078 2786 personm.
1102 2751 1131 2777 lit
1146 2750 1274 2777 omnibus
1292 2754 1362 2781 erat,
1379 2753 1406 2776 et
1426 2757 1508 2783 super
1532 2748 1622 2774 omnia
1645 2748 1727 2776 etiam

947 2797 973 2823 in
1006 2801 1083 2823 utero
1115 2796 1213 2823 divinae
1244 2794 1402 2825 Genitricis,
1435 2794 1460 2821 in
1495 2794 1547 2820 hoc
1578 2798 1667 2820 tamen
1697 2802 1728 2822 ea

952 2843 1123 2875 potissimum
1143 2841 1260 2874 actione,
1278 2848 1330 2874 qua
1360 2846 1468 2867 carnem
1496 2839 1634 2866 induebat.
1660 2839 1727 2867 illud
