1912 3078
188 135 242 169 243

809 136 999 166 EUTHYMII
1022 137 1201 166 ZiULDENl

1757 132 1812 164 ΞΗ,

188 192 330 221 sciendum
354 195 408 222 est.
434 191 561 226 quamvis
584 190 706 218 dicamus
734 191 839 218 Domini
858 196 976 220 naturas

1031 194 1136 220 οἰκείων
1154 191 1321 228 αὒχημάτων
1341 191 1373 226 τῇ
1391 190 1472 225 σαρκῖ
1494 189 1670 224 μεταδίδωσι,
1690 188 1766 220 μένει
1783 187 1813 213 δὲ

194 239 268 265 inter
278 246 307 264 se
319 241 413 264 mutuo
425 243 590 267 commeare,
603 236 629 262 id
644 240 733 263 tamen
747 244 760 263 a
769 240 865 263 natura
881 237 974 264 divina

187 283 336 318 proﬁcisci.
355 283 416 318 Ipsa
431 283 514 316 enim,
530 287 559 308 ut
575 281 642 313 vult,
659 290 707 316 per
720 283 809 309 omnin
827 288 974 316 commeat,

187 327 297 359 transit,
316 334 347 353 ac
367 329 504 361 penetrat,
528 334 577 361 per
592 326 678 361 ipsam
703 334 768 353 vero
790 328 868 354 nihil.
888 329 974 363 Atque

185 373 244 407 ipsa
259 372 371 407 quidem
386 372 534 407 dignitates
549 379 614 399 suas
633 373 710 398 carni
725 372 764 400 sic
781 373 925 408 elargitur,
943 379 973 401 ut

1024 240 1093 273 αὑτὴ
1109 238 1228 274 ἀπαθὴς,
1245 238 1292 264 καὶ
1308 238 1362 263 τῶν
1375 237 1424 271 τῆς
1444 235 1545 271 σαρκὸς
1557 234 1652 261 παθῶν
1666 233 1811 267 ἀμέτοχος.

1025 283 1056 310 Εἰ
1072 283 1126 318 γὰρ
1141 284 1154 309 ό
1164 283 1252 317 ἥλιος,
1267 283 1333 318 ἡμῖν
1347 281 1402 307 τῶν
1415 281 1523 307 οἰκείων
1538 279 1683 314 ἐνεργειῶν
1700 278 1813 313 μεταδι-

1023 329 1096 360 δοὺς,
1117 329 1192 364 μένει
1211 329 1265 356 τῶν
1280 329 1422 364 ἡμετέρων
1441 327 1591 362 ἀμέτοχπ,
1612 326 1688 360 πόσῳ
1709 324 1812 360 μᾶλλον

1023 377 1094 402 ὁτοῦ
1111 375 1186 410 ἡλίου
1202 375 1386 410 δημιουργόςς

187 419 256 447 nihil
280 418 410 454 patiatur,
445 422 472 445 et
494 418 585 446 carnis
627 418 801 446 all'eclionum
825 427 923 454 expers
955 426 1074 449 maneat.
1104 422 1169 449 Nam
1197 422 1218 449 si
1258 423 1337 449 nobis
1365 422 1404 449 sol
1429 422 1552 449 actiones
1585 419 1707 454 impertit
1737 425 1813 447 suas,

186 472 213 495 et
236 475 250 494 a
265 466 367 494 nostris
391 466 461 494 nihil
486 466 594 501 accipit,
611 471 714 501 quanto
740 467 825 503 magis
852 467 877 494 id
905 468 969 495 solis
988 475 1084 497 auctor
1100 470 1156 505 ipse
1172 469 1330 505 praestabit?

432 524 567 557 Eiusdem.
582 524 639 555 Cap
674 525 717 552 75.

190 559 229 586 De
256 565 351 586 natura
379 560 406 586 in
427 561 510 592 specie
535 565 558 585 et
578 561 711 586 individuo
737 561 913 587 considerata.
945 565 969 587 et

222 595 370 629 differentia
389 594 574 628 copulationis.
599 599 622 621 et
637 597 724 621 carnis
736 596 932 629 assumptionis.

221 685 325 712 Natura
343 685 385 711 vel
401 685 565 719 cogitatione
590 685 658 716 sola,
685 690 712 712 et
729 685 801 712 nuda
816 686 974 713 considera-

188 734 242 764 tur,
265 737 316 765 per
341 737 370 756 se
391 730 463 756 enim
482 737 536 756 non
564 729 699 762 subsistit,
725 730 766 757 vel
792 731 975 759 communiter

188 778 216 803 in
241 775 368 803 omnibus
394 775 516 810 ejusdem
536 775 637 810 speciei
667 777 803 810 personis.
822 784 868 805 eas
896 777 972 812 ipsas

188 821 371 857 coniungens.
387 821 420 848 Et
436 821 536 848 dicitur
553 821 579 848 in
601 823 702 856 specie,
718 826 766 849 aut
785 823 972 850 communiter

1215 528 1269 554 Τοῦ
1282 528 1386 554 αὑτοῦ.
1404 526 1575 561 Κεφάλαιον
1589 526 1634 552 σε’.

1025 564 1092 598 Περέ
1111 563 1162 598 τῆς
1178 564 1212 589 ἐν
1221 563 1302 593 εἵὸει,
1322 563 1370 598 καί
1382 563 1417 589 ἐν
1429 560 1527 596 duo“?
1540 560 1744 598 ρεωρουμένῃς
1754 560 1812 593 φύ-

1061 595 1157 642 ἱγεξωςέ(
1172 599 1221 625 καὶ
1245 597 1400 633 διαφορᾶς,
1425 597 1475 624 καί
1494 596 1642 628 ὲνὼσεως,
1667 595 1715 621 καὶ
1741 603 1816 628 σαρ-

1061 642 1191 666 κωσεως.

1069 679 1100 706 Ἦ
1115 679 1196 714 φύσις
1212 678 1229 713 ἢ
1250 678 1314 713 ψιλῇ
1328 678 1429 714 θεωρίᾳ
1443 678 1625 708 κατανοεῖται,
1638 676 1698 701 καθ’
1713 674 1815 708 ἑαυτὴν

1027 726 1082 762 γὰρ
1096 726 1145 760 οὐχ
1163 725 1327 760 ὑφέστηκεν,
1344 725 1360 759 ἢ
1377 723 1474 755 κοινῶς
1489 723 1518 749 ὲν
1533 722 1633 752 πάσαις
1649 722 1707 751 ταῖς
1720 721 1812 754 ὁμοει-

1027 772 1101 799 δέσιν
1111 772 1276 798 ὑποστάσεσι
1290 770 1393 801 ταύτας
1406 769 1579 796 συνάπτουσα
1604 767 1650 794 καὶ
1665 766 1774 798 λέγεται
1784 766 1814 790 ὲν

1025 818 1064 853 τῷ
1082 817 1148 844 εῖδει
1171 817 1345 852 θεωρουμένη
1367 815 1466 850 φύσις·
1491 814 1507 849 ἢ
1531 813 1626 843 ὑλικῶς
1651 814 1666 846 ἡ
1692 811 1760 845 αὐτὴ
1785 811 1814 836 ὲν

189 855 361 896 considerata
388 873 498 898 natura,
523 868 630 900 eadem,
650 876 709 902 qua:
735 869 883 903 assumptis
899 869 971 896 acci-

1031 863 1175 900 τροσλήψει
1193 861 1406 896 συμϐεϐηκότων
1424 861 1452 886 ἐν
1469 860 1517 894 μιᾷ
1532 858 1688 887 ὑποστάσει,
1705 857 1752 903 παὶ
1767 855 1813 903 iis:

189 913 318 942 dentibus
331 913 358 940 in
377 921 430 940 una
447 921 574 948 persona.
595 914 628 941 Et
654 914 754 941 dicitur
782 915 809 941 in
831 915 972 942 individuo

189 959 364 987 considerata
387 963 496 991 natura,
512 967 573 994 quae
600 964 689 986 tamen
716 960 811 987 eadem
835 965 879 987 est
893 968 924 988 ac
941 968 973 987 ea

189 1012 249 1040 qua:
269 1005 297 1031 in
327 1004 419 1039 specie
437 1004 641 1033 consideratur.
656 1005 728 1033 Deus
751 1005 833 1042 igitur
854 1006 973 1033 Verbum

190 1058 298 1078 carnem
316 1057 459 1078 assumens
478 1058 569 1086 neque
588 1052 659 1078 nuda
678 1057 705 1080 et
722 1053 778 1079 sola
809 1053 974 1088 cogitatione

190 1096 418 1130 comprehensam
446 1100 571 1123 naturam
599 1098 704 1132 accepit
722 1099 827 1132 (neque
850 1099 923 1125 enim
947 1099 973 1125 id

190 1145 264 1168 esset
288 1148 399 1168 carnem
418 1149 572 1174 assumere,
597 1143 644 1170 sed
670 1142 795 1178 det-ipcre
832 1149 859 1171 et
885 1145 975 1172 carnis

191 1186 403 1220 assumptionem
429 1186 605 1222 contingere).
621 1194 710 1220 neque
738 1193 865 1219 naturam
889 1189 974 1221 illam,

193 1239 254 1266 quae
270 1231 298 1258 in
314 1231 406 1266 specie
423 1231 629 1265 consideratur;
647 1240 735 1268 neque
749 1234 822 1261 enim
842 1242 976 1269 personas

192 1283 288 1303 omnes
315 1275 433 1310 accepit,
458 1276 506 1303 sed
529 1281 655 1304 naturam
683 1277 710 1304 in
735 1277 887 1307 individuo.
915 1286 976 1313 quze

191 1321 284 1349 eadem
298 1325 341 1348 est
366 1329 427 1349 cum
444 1321 500 1354 illa,
516 1329 576 1357 qua:
599 1328 641 1350 est
659 1322 687 1350 in
715 1324 806 1358 specie
828 1324 976 1359 (primitias

191 1366 262 1394 enim
275 1367 382 1401 accepit
395 1371 497 1394 nostra:
512 1368 634 1402 massae),
649 1375 703 1395 non
716 1376 766 1404 per
781 1376 810 1396 se
826 1370 977 1397 subsisten-

191 1417 257 1444 tem,
273 1417 302 1439 et
317 1420 377 1447 quae
391 1413 467 1448 prius
482 1417 555 1440 esset
569 1413 750 1448 individuum,
766 1419 796 1442 ut
810 1415 850 1442 sic
864 1415 900 1443 ab
915 1415 976 1450 ipso

190 1462 388 1490 assumeretur,
419 1458 467 1485 sed
499 1466 560 1492 quae
588 1459 615 1485 in
644 1466 692 1486 sua
721 1459 808 1494 ipsius
832 1461 977 1488 exsisteret

191 1510 318 1538 persona.
338 1502 405 1529 Nam
427 1503 484 1538 ipsa
503 1503 550 1530 Dei
569 1503 651 1531 Verbi
665 1504 819 1540 hypOstasis
835 1505 893 1533 sive
911 1513 975 1540 per-

190 1555 269 1579 sona,
284 1547 375 1574 carnis
392 1547 545 1582 hypostasis
560 1548 617 1576 sive
630 1555 745 1583 persona
756 1549 873 1578 exstitit.
886 1550 974 1583 Atque

191 1594 229 1619 ita
242 1592 359 1619 Verbum
372 1599 436 1620 caro
450 1592 549 1620 factum
561 1598 615 1626 est,
629 1593 689 1622 sine
701 1594 864 1623 incitatione
874 1599 977 1628 tamen,

192 1643 220 1665 et.
249 1645 314 1665 caro
340 1638 460 1665 Verbum
495 1639 554 1666 sine
587 1640 812 1668 commutatione.
843 1641 878 1668 Et
908 1641 980 1668 Deus

193 1686 287 1717 homo,
314 1689 341 1712 et
368 1685 451 1712 homo
475 1685 558 1718 Deus,
587 1686 622 1713 ob
654 1686 726 1713 hanc
753 1695 802 1721 per
832 1695 976 1722 personam

191 1731 424 1766 coniunctionem.
452 1730 625 1767 Quapropter
653 1733 725 1760 idem
741 1738 782 1760 est
808 1734 910 1765 dicere,
929 1742 977 1761 na-

193 1781 283 1804 turam
319 1777 413 1809 Verbi,
439 1782 466 1804 et
491 1782 616 1805 naturam
646 1779 673 1806 in
707 1779 856 1806 individuo.
884 1779 977 1812 Neque

192 1822 266 1850 enim
291 1822 318 1850 id
343 1822 528 1855 individuum,
553 1831 601 1850 seu
637 1831 781 1858 personam
815 1825 924 1860 proprie
950 1829 979 1852 et

193 1868 368 1903 singulariter
384 1869 516 1901 declarat,
533 1876 625 1904 neque
648 1877 829 1904 personarum
852 1878 978 1898 commu-

192 1915 320 1957 nitatem,
351 1914 398 1941 sed
420 1922 596 1942 communem
619 1920 758 1948 naturam,
784 1924 844 1951 qute
870 1917 897 1943 in
924 1924 978 1944 una

193 1966 375 1993 personarum
407 1959 599 1987 consideratur
640 1956 863 1995 et'expenditur.
898 1961 978 1989 Aliud

193 2004 277 2039 igitur
307 2008 348 2032 est
385 2006 554 2040 eonjunctio,
573 2007 646 2034 aliud
685 2007 775 2034 carnis
816 2007 976 2042 assumptio.

192 2049 358 2084 Coujuuctio
393 2051 466 2077 enim
506 2051 591 2078 solam
632 2051 734 2079 indicat
764 2052 976 2087 copulationem,

195 2101 257 2122 cum
272 2102 326 2128 quo
341 2099 433 2122 autem
451 2095 498 2123 ﬁat
512 2096 571 2131 ipsa
589 2097 747 2131 conjunctio
770 2105 826 2125 non
846 2098 976 2128 declarat.

1025 919 1102 944 γεται
1120 910 1150 936 ὲν
1167 909 1260 943 ἀτόμῳ
1277 907 1452 943 θεωρουμένη
1471 905 1561 939 φύσις,
1578 905 1595 939 ἡ
1612 903 1680 937 αὑτὴ
1696 902 1763 928 οὖσα
1779 902 1813 935 τῇ

1025 958 1053 984 ὲν
1066 957 1104 991 τῷ
1119 956 1184 983 εῖδει
1200 955 1387 990 θεωρουμένῃ.
1414 953 1444 978 '0
1458 950 1505 978 οὖν
1520 951 1586 981 Θεὸς
1601 949 1684 980 Λόγος
1703 956 1813 982 σαρκω-

1025 1003 1081 1034 θεὶς
1098 1001 1159 1029 οὕτε
1175 1001 1225 1036 τὴν
1241 1001 1269 1027 ὲν
1288 1000 1352 1035 ψιλῇ
1373 999 1474 1034 θεωρίᾳ
1493 996 1714 1030 κατανοουμὲνην
1732 993 1813 1027 φύσιν

1025 1048 1173 1076 ἀνέλαϐεν·
1191 1048 1221 1074 οὺ
1238 1046 1292 1082 γὰρ
1310 1046 1450 1080 σάρκωσις
1465 1043 1562 1078 τοῦτοι,
1581 1041 1639 1068 ἀλλ’
1655 1040 1748 1073 ἀπάτη
1765 1039 1813 1065 καὶ

1027 1096 1141 1130 πλάσμα.
1154 1093 1329 1129 σαρκώσεως·
1345 1093 1407 1120 οὔτε
1421 1093 1468 1126 τὴν
1483 1093 1510 1117 ὲν
1523 1089 1562 1125 τῷ
1578 1089 1643 1115 εῖδει
1657 1085 1814 1121 θεωρουμέ-

1028 1151 1075 1176 νην
1086 1150 1092 1157 ·
1110 1141 1141 1169 οὗ
1160 1141 1215 1176 γὰρ
1233 1140 1281 1170 τὰς
1300 1139 1464 1169 ὑποστάσεις
1480 1138 1570 1166 πάσας
1585 1134 1724 1165 ἀνέλαϐεν,
1742 1132 1812 1159 ἁ).λᾶ

1026 1191 1074 1224 τὴν
1094 1190 1122 1216 ὲν
1145 1189 1249 1223 ἀτόμῳ,
1273 1188 1321 1222 τὴν
1344 1187 1429 1221 αὑτὴν
1454 1185 1535 1211 οὖσαν
1559 1185 1592 1218 τῇ
1619 1183 1647 1208 ὲν
1673 1181 1711 1216 τῷ
1735 1180 1811 1206 εὕδει.

1033 1235 1172 1270 ’Δπαρχὴν
1196 1235 1251 1268 γὰρ
1268 1233 1381 1260 ἀνέλαϐε
1404 1231 1450 1258 τοῦ
1475 1231 1611 1266 ἡμετέρου
1631 1227 1791 1262 φυράματος
1804 1245 1813 1256 ,

1026 1281 1056 1307 οὐ
1072 1280 1132 1306 καθ’
1144 1279 1243 1313 ἑαυτὴν
1257 1279 1411 1305 ὑποστᾶσαν
1426 1276 1473 1303 καὶ
1489 1277 1588 1309 ἄτομον
1602 1272 1813 1308 χρηματίσασαν

1027 1327 1171 1362 πρότερον,
1186 1326 1233 1351 καὶ
1249 1325 1335 1355 οὕτως
1350 1324 1395 1350 ὑπ’
1410 1322 1494 1350 αὑτοῦ
1510 1319 1740 1356 προσληφθεῖσαν,
1753 1317 1814 1344 ἀλλ’

1027 1374 1056 1399 ὲν
1080 1375 1111 1407 τῇ
1138 1370 1220 1398 αὑτοῦ
1250 1371 1397 1397 ὑποστάσει
1424 1367 1593 1404 ὑπάρξασαν.
1618 1364 1692 1399 Αὕτη
1719 1363 1774 1397 γὰρ
1795 1362 1813 1397 ἠ

1027 1419 1178 1449 ὑπόστασις
1191 1417 1239 1443 τοῦ
1253 1415 1321 1443 Θεοῦ
1332 1416 1418 1449 Λόγου
1434 1414 1543 1448 ἐγένετο
1554 1413 1586 1447 τῇ
1597 1410 1678 1446 σαριὰ⁵
1692 1409 1814 1436 ὑπόστα-

1028 1472 1080 1495 σις,
1096 1463 1142 1489 καὶ
1154 1462 1223 1488 κατὰ
1235 1461 1313 1487 τοῦτο
1327 1461 1341 1486 b
1356 1461 1442 1493 Λόγος
1457 1457 1524 1492 σὰρξ
1537 1456 1654 1490 ἐγένετο,
1668 1453 1814 1489 ἀτρέπτως

1028 1508 1140 1543 δηλαδὴ,
1158 1507 1205 1533 καὶ
1219 1507 1236 1541 ἡ
1253 1506 1322 1540 σὰρξ
1335 1505 1420 1538 Λόγος
1435 1502 1643 1538 ἀμεταδλήτως,
1661 1500 1707 1525 καὶ
1720 1499 1733 1524 ὁ
1746 1497 1814 1528 Θεὸς

1029 1554 1182 1588 ἄνθρωπος.
1198 1552 1263 1583 Θεὸς
1282 1551 1335 1585 γὰρ
1353 1552 1366 1576 ό
1380 1550 1477 1583 Λόγος,
1494 1548 1542 1575 καὶ
1560 1549 1573 1573 ό
1591 1545 1733 1579 ἄνθρωπος
1749 1543 1816 1573 Θεὸς

1028 1600 1072 1626 διὰ
1084 1599 1132 1633 τὴν
1148 1598 1210 1625 καθ’
1222 1597 1370 1624 ὑπόστασιν
1386 1596 1493 1622 ἕνωσιν.
1508 1593 1612 1620 Tati)th
1629 1589 1675 1617 οὖν
1689 1590 1764 1615 ἐστιν
1776 1588 1816 1633 εἰ·

1029 1647 1089 1672 πεῖν
1105 1632 1184 1679 ῴύσιν
1201 1643 1248 1670 τοῦ
1266 1643 1352 1676 Λόγου
1368 1642 1414 1668 καὶ
1425 1641 1472 1676 τὴν
1489 1641 1517 1666 ἐν
1530 1639 1622 1674 ἀτόμῳ
1636 1635 1730 1670 φύσιν.
1746 1632 1816 1679 Οΰτε

1030 1691 1083 1724 γὰρ
1105 1677 1134 1715 τὸ
1153 1689 1265 1722 ἄτομον,
1291 1687 1374 1721 ἤγουν
1395 1685 1445 1720 τὴν
1466 1683 1613 1710 ὑπόστασιν
1637 1679 1740 1714 κυρίως

1032 1722 1119 1770 μόνως
1136 1734 1220 1769 δηλοῖ,
1240 1732 1301 1759 οὔτε
1321 1732 1351 1758 τδ
1367 1731 1456 1758 κοινὸν
1475 1730 1528 1756 τῶν
1543 1727 1730 1756 ὑποστάσεων,
1748 1722 1818 1750 ἀλλὰ

1027 1769 1077 1816 τὴν
1102 1779 1194 1817 κοινὴν
1212 1778 1292 1812 φύσιν
1312 1778 1341 1804 ἐν
1361 1776 1410 1812 μιᾷ
1427 1775 1480 1801 τῶν
1495 1772 1671 1800 ὑποστάσεων
1697 1769 1818 1803 θεωρου-

1030 1815 1112 1863 μένην
1128 1815 1175 1853 καί
1193 1823 1402 1860 ἐξεταζομένην.
1424 1821 1506 1848 Ἀλλο
1525 1821 1575 1856 μὲν
1592 1816 1638 1846 οὖν
1655 1818 1730 1844 ἐστιν
1746 1815 1816 1863 ἕνω-

1029 1861 1147 1905 σιςρκαὶ
1173 1871 1237 1898 ἄλλο
1253 1870 1402 1905 σάρκωσις,
1423 1868 1456 1895 Ἦ
1476 1867 1525 1902 μὲν
1542 1866 1595 1901 γὰρ
1612 1865 1708 1894 ἕνωσιῖ
1730 1861 1817 1896 μόνην

1028 1919 1103 1954 δηλοῖ
1114 1918 1163 1953 τὴν
1181 1915 1337 1951 συνάφειαν,
1352 1915 1420 1950 πρὸς
1436 1913 1462 1940 τί
1477 1913 1505 1939 δὲ
1519 1912 1630 1946 γέγονεν
1641 1911 1657 1943 ἡ
1670 1908 1815 1954 συναφεεαῖ

1032 1950 1081 1990 οὑκ
1095 1950 1147 1990 En.
1168 1962 1201 1989 Ἠ
1211 1961 1239 1988 δὲ
1256 1950 1403 1996 σάρχωσις,
1422 1957 1517 1985 ταύτὸν
1532 1957 1560 1983 δέ
1578 1957 1650 1982 ἔστιν
1666 1953 1713 1979 sit:
1728 1953 1753 1978 ἰν
1769 1950 1817 1977 καὶ

1032 2008 1247 2043 ἐνανθρώπησις,
1264 2007 1312 2041 τὴν
1327 1996 1394 2040 πρὸς
1409 2005 1498 2039 σάρκα
1514 2003 1574 2038 ἦτοι
1590 2001 1659 2036 πρὸς
1673 1999 1817 2033 ἄνθρωπον

1034 2054 1182 2088 συνάφειαν
1193 2053 1277 2088 δηλοῖ,
1289 2051 1415 2086 καθάπερ
1425 2050 1472 2077 καὶ
1481 2050 1498 2084 ὴ
1509 2049 1632 2083 πύρωσις
1647 2045 1692 2072 τοῦ
1706 2043 1818 2078 σιδήρου

1032 2100 1081 2135 τὴν
1097 2101 1164 2135 πρὸς
1181 2099 1212 2125 τὸ
1231 2098 1288 2134 πῦρ
1304 2098 1412 2124 ἕνωσιν.

193 2143 229 2171 At
261 2141 353 2169 carnis
369 2141 433 2177 (seu
465 2142 536 2177 quod
553 2143 623 2170 idem
640 2145 696 2177 est)
714 2143 892 2172 humanitatis
924 2146 1076 2181 assumptio
1106 2153 1167 2173 cum
1185 2152 1276 2177 carne,
1294 2145 1351 2171 sive
1378 2149 1440 2170 cum
1465 2139 1575 2168 homine
1595 2137 1818 2173 coniunctionem

195 2187 375 2220 demonstrat,
386 2188 616 2222 quemadmodum
628 2194 654 2216 et
665 2189 761 2224 ignitio
774 2191 816 2225 (ut
830 2191 865 2217 ita
879 2190 979 2227 dicam)
999 2191 1063 2219 ferri
1081 2199 1142 2218 eum
1158 2191 1219 2226 igne
1233 2190 1455 2225 coniunctionem
1473 2185 1603 2215 ostendit.

440 2245 578 2280 Ejusdem.
598 2246 664 2281 Cap.
684 2247 728 2275 84.

195 2281 235 2311 De
244 2280 409 2308 naturalibus
424 2286 447 2308 et
463 2281 529 2308 nulli
540 2280 646 2308 crimini
659 2283 776 2310 obnoxiis
789 2282 977 2318 affectionibus.

231 2338 364 2366 Prrrterca
389 2338 562 2371 conﬁtemur,
591 2347 653 2366 eum
676 2347 772 2367 omnes
798 2340 940 2368 naturales
955 2345 982 2368 et

197 2385 278 2419 eulpa
313 2390 440 2413 carentes
469 2385 629 2413 aﬁeetiones
656 2385 778 2413 hominis
815 2386 981 2419 suscepisse.

199 2431 298 2458 Totum
326 2431 400 2458 enim
437 2431 598 2463 hominem,
626 2436 652 2458 et
681 2438 741 2465 quae
770 2435 835 2458 sunt
860 2431 981 2459 hominis

195 2476 343 2511 assumpsit
378 2475 480 2508 omnia,
509 2479 605 2510 praeter
637 2480 792 2510 peccatum.
821 2477 879 2504 Hoc
904 2477 979 2504 enim

197 2527 287 2556 neque
311 2519 434 2547 naturale
459 2524 513 2552 est,
540 2527 629 2554 neque
652 2519 733 2547 nobis
751 2519 862 2547 insitum
883 2529 898 2547 a
914 2529 978 2556 pro-

201 2567 352 2599 creatione,
369 2566 416 2594 sed
431 2558 530 2593 diaboli
556 2570 616 2593 satu
630 2566 657 2592 in
672 2566 758 2594 libero
772 2571 866 2594 nostro
881 2575 981 2602 propo‘

197 2612 250 2640 sito
263 2611 342 2640 nobis
368 2612 522 2639 volentibus
547 2619 602 2639 non
631 2616 721 2639 autem
749 2612 842 2640 invitis
868 2613 980 2646 coaluit,

197 2664 226 2685 et
260 2664 438 2695 propagatum
476 2663 528 2691 est,
561 2657 738 2693 dominioque
777 2659 906 2693 potitum.
946 2661 980 2686 At

198 2703 336 2734 naturales
365 2708 393 2731 et
408 2703 476 2731 vitio
503 2704 638 2738 culpaque
665 2709 793 2731 vacantes
821 2705 982 2734 atlectiones

197 2754 263 2778 sunt
282 2749 346 2782 illm,
363 2757 423 2784 qua:
439 2748 466 2776 in
490 2753 627 2784 potestate
648 2754 742 2777 nostra
757 2758 811 2777 non
830 2756 905 2783 sunt,
922 2759 982 2785 qum

199 2795 329 2826 nimirum
346 2802 379 2823 ex
403 2794 512 2823 admissi
536 2796 640 2831 peccati
673 2795 846 2824 damnatione
865 2802 892 2824 et
913 2806 983 2825 noxa

196 2841 226 2873 in
255 2841 337 2873 vitam
367 2841 512 2872 humanam
542 2842 692 2877 it'rut‘t'unt,
722 2847 751 2870 ut
779 2842 876 2876 fames,
904 2844 983 2878 sitis,

1219 2247 1274 2273 Τοῦ
1286 2246 1389 2273 αὑτοῦ.
1406 2244 1577 2280 Κεφάλαιον·
1587 2242 1639 2269 τπδ’.
1700 2275 1729 2280 __

1085 2281 1153 2317 Hspl
1167 2282 1226 2309 τῶν
1237 2280 1375 2316 φυσικῶν
1387 2280 1436 2307 καὶ
1447 2277 1636 2310 ἀδιαῢλήτων
1649 2277 1764 2303 παθῶν.

1070 2337 1273 2374 Ὀμολογοῦμεν
1294 2337 1321 2363 δὲ
1335 2337 1374 2363 ὅτι
1391 2336 1480 2362 πάντα
1508 2333 1542 2360 τὰ
1558 2332 1661 2367 φυσικὰ
1676 2331 1722 2357 καὶ
1737 2329 1819 2356 tibiti—

1032 2384 1118 2418 ϐλητα
1133 2383 1207 2418 πάθη
1221 2383 1267 2409 τοῦ
1284 2381 1428 2417 ἀνθρώπου
1445 2379 1585 2406 ἀνέλαϐεν.
1602 2377 1682 2405 Ὀλον
1698 2376 1754 2410 γὰρ
1768 2375 1816 2401 τὸν

1032 2430 1185 2466 ἄνθρωπον,
1209 2429 1256 2456 καὶ
1280 2428 1371 2455 πάντα
1396 2427 1431 2453 τὰ
1454 2425 1501 2452 τοῦ
1524 2423 1669 2459 ἀνθρώπου
1690 2420 1818 2453 ἀνέλαϐε,

1032 2476 1103 2510 πλὴν
1130 2475 1180 2510 τῆς
1203 2474 1350 2509 ἁμαρτίας.
1372 2472 1444 2506 Λῦτη
1469 2471 1524 2506 γὰρ
1551 2470 1581 2497 οὺ
1607 2468 1709 2503 φυσική
1733 2468 1817 2497 ἔστιν,

1032 2522 1092 2549 οὐδὲ
1107 2522 1158 2548 ὑπὸ
1187 2520 1234 2548 τοῦ
1250 2518 1417 2555 δημιουργοῦ
1433 2518 1498 2553 ἡμῖν
1513 2516 1697 2551 ὲνσπσρεῖσα,
1713 2511 1771 2539 ἀλλ’
1787 2513 1818 2537 ἐκ

1032 2569 1081 2603 τῆς
1094 2567 1140 2594 τοῦ
1154 2567 1276 2594 διαῦόλου
1287 2565 1450 2600 ἔπισπορᾶς,
1475 2565 1503 2590 ὲν
1514 2565 1546 2598 τῇ
1559 2562 1680 2598 ἡμετέρᾳ
1692 2558 1819 2591 αὐτεξου-

1035 2615 1085 2650 σίῳ
1101 2613 1260 2648 προαιρέσει
1276 2612 1406 2643 ἑκουσίως
1425 2609 1618 2644 συνισταμένη,
1635 2607 1665 2633 οὐ
1682 2606 1726 2641 βίᾳ
1738 2604 1818 2639 ἡμῶν

1035 2659 1184 2695 κρατοῦσα.
1199 2658 1303 2685 Φυσικὰ
1314 2657 1342 2684 δὲ
1362 2657 1411 2684 καὶ
1429 2656 1579 2690 ἀδιάϐλητα
1608 2653 1681 2688 πάθη
1706 2651 1760 2678 εἰς).
1784 2650 1818 2677 τὰ

1031 2706 1081 2732 οὐκ
1094 2705 1135 2739 ἐφ’
1151 2705 1227 2739 ἡμῖν,
1245 2705 1294 2730 ὅσα
1305 2704 1336 2729 ὲκ
1351 2703 1399 2737 τῆς
1413 2702 1458 2728 ἐπὶ
1472 2703 1504 2735 τῇ
1522 2699 1674 2734 παραϐάσει
1686 2695 1818 2730 κατακρί-

1033 2759 1100 2782 σεως
1121 2751 1161 2781 εἰς
1181 2749 1226 2776 τὸν
1242 2747 1411 2784 ἀνθρώπινον
1435 2746 1542 2781 εἰσῆλθε
1565 2745 1631 2780 βίον,
1654 2742 1715 2769 οἷον
1726 2743 1816 2770 πεῖνα.

1032 2797 1107 2831 δίψα,
1133 2796 1226 2828 κόπος,
1253 2797 1342 2827 πόνος,
1365 2794 1395 2820 τὸ
1414 2793 1540 2828 δάκρυον,
1568 2792 1584 2826 ἡ
1611 2789 1708 2824 φθορὰ,
1732 2786 1817 2831 τοῦ

1034 2830 1150 2870 θανάτου
1172 2841 1348 2878 παραίτησις,
1370 2841 1387 2876 ὴ
1406 2839 1501 2872 δειλία,
1522 2839 1538 2874 ή
1558 2835 1671 2872 ἀγωνία,
1692 2834 1721 2866 ἐξ
1741 2830 1775 2871 ἧς
1790 2832 1815 2859 οι
