1912 3078
86 144 138 175 245

574 146 761 176 I’ANOPLIA
782 146 1011 176 DOtiMATlCA.
1033 158 1067 162 -
1085 145 1158 174 ἹΊΤ.
1180 145 1244 174 ΥΙΙ.

1659 141 1711 172 248

87 201 212 235 ἱδρῶτες,
235 201 260 227 οι
285 200 398 235 0ρὸμὸοι
424 201 470 227 τοῦ
494 201 621 237 αἵματος,
643 203 659 238 ἡ
682 203 725 229 διὰ
745 202 775 229 τὺ
798 202 878 229 ἀσθε-

942 201 1070 233 assitudo,
1085 201 1172 232 dolor,
1195 201 1331 236 lacrymze,
1359 199 1496 231 interitus,
1514 199 1608 225 mortis
1628 206 1713 225 causa

85 246 129 276 νὲς
157 246 207 281 τῆς
228 245 335 280 φύσεως
363 246 416 272 ὑπὸ
446 247 500 273 τῶν
527 247 653 281 ἀγγέλων
681 247 804 283 βοήθεια,
829 248 876 275 καὶ

85 291 119 317 τὰ
139 290 267 324 τοιαῦτα,
289 291 368 317 ἅτινα
397 293 464 319 πᾶσι
490 293 546 323 τοῖς
573 292 728 329 ἀνθρώποις
753 293 876 328 φυσικῶς

86 337 284 371 ἐνυπάρχουσι.
319 338 409 364 Πάντα
433 338 524 365 τοίνυν
553 338 694 372 ἀνέλαϐεν,
720 339 763 367 ἵνα
791 339 879 366 πάντα

86 383 203 418 ἁγιάσῃ.
233 383 342 416 Ἀμέλει
367 383 400 410 τὰ
421 385 524 417 φυσικᾶ
544 385 622 420 ἡμῶν
641 385 713 420 πάθη
739 386 785 412 καὶ
807 385 878 412 κατὰ

87 426 167 460 φύσιν
184 427 231 453 καὶ
246 427 317 462 ὑπὲρ
333 427 414 462 φύσιν
428 425 500 463 ἦσαν
509 429 538 454 ὲν
552 428 591 463 τῷ
605 429 728 464 Χριστῷ.
742 428 795 455 Καὶ
807 428 879 455 κατὰ

86 471 167 505 φύσιν
198 472 247 505 μὲν
271 473 387 499 ἐκινεῖτο
419 473 448 500 ὲν
476 473 560 509 αὐτῷ,
588 474 632 500 ὅτε
655 474 811 509 παρῖχώρει
843 475 877 509 τῇ

87 517 170 552 σαρκὶ
188 518 304 552 πάσχειν
321 519 354 545 τὰ
371 518 442 546 ἴδια·
459 519 528 553 ὑπὲρ
545 519 625 554 φύσιν
640 519 730 552 δὲ,ὃτι
746 520 776 546 οὺ
790 527 875 554 προη-

87 563 160 596 γιῖτο
179 563 210 589 ἐν
225 563 266 598 τῷ
288 563 383 599 Κυρίῳ
395 565 444 599 τῆς
461 565 597 598 θελήσεως
618 566 652 592 τὰ
670 567 772 601 (punici
784 576 789 582 ·
801 567 876 593 οὐδὲν

87 609 141 643 γὰρ
155 608 369 644 ἡναγκασμένην
382 609 426 635 ἐπ’
443 610 526 637 αὑτοῦ
543 609 695 645 θεωρεῖται,
708 611 774 638 ἀλλὰ
789 611 876 638 πάντα

89 654 215 681 ἑκούσια.
231 654 322 681 Θέ).ων
335 655 388 690 γὰρ
398 656 539 690 ἐπείνησε.
557 656 643 683 Θέλων
657 657 777 692 ἐδίψησε,
792 656 876 684 θέλων

89 700 233 732 ἐδειλίασε,
250 701 336 728 Θέλων
352 702 481 729 ἀπέθανε.

929 247 1023 278 timor,
1038 254 1133 282 angor,
1149 254 1183 274 ex
1211 254 1266 281 quo
1290 245 1418 277 sudores,
1446 244 1588 276 sanguinis
1617 249 1711 279 guttae,

929 292 1087 327 angelorum
1117 297 1230 327 propter
1255 297 1363 319 natura:
1380 291 1592 319 imbecillitatem
1621 291 1712 318 subsi-

927 337 1001 365 dium
1022 341 1049 364 et
1074 337 1237 370 consolatio,
1267 337 1326 365 haec
1343 342 1371 364 et
1396 337 1450 364 alia
1475 336 1502 363 id
1527 343 1624 372 genus,
1653 343 1714 370 quae

927 383 1056 411 omnibus
1080 383 1252 416 naturaliter,
1285 383 1378 410 omnia
1403 383 1532 417 suscepit.
1561 386 1591 409 ut
1622 380 1714 408 omnia

929 435 1042 463 prorsus
1065 433 1160 456 saneta
1186 428 1324 456 redderet.
1347 428 1492 455 Naturales
1514 431 1604 454 autem
1619 432 1720 453 omnes.

931 474 1102 507 aﬂ'ectiones,
1117 479 1146 502 et
1169 482 1203 502 ex
1218 479 1330 506 natura,
1347 478 1375 502 et
1391 481 1473 509 supra
1495 476 1622 500 naturam
1637 475 1717 498 erant

932 519 959 547 in
974 519 1094 548 Christo.
1122 521 1161 548 Ex
1188 525 1288 549 natura
1312 520 1386 548 enim
1414 520 1441 547 in
1467 527 1501 547 eo
1526 519 1715 550 movebantur,

931 575 994 595 cum
1022 567 1198 602 permittebat
1233 566 1320 600 carni,
1353 571 1383 594 ut
1408 574 1468 601 qua:
1502 565 1611 600 propria
1643 563 1716 591 illius

931 617 1014 645 sunt,
1045 616 1185 647 pateretur
1216 617 1298 648 atque
1322 612 1447 640 sentiret.
1473 610 1561 646 Supra
1592 614 1716 637 naturam

932 665 1009 691 vero,
1040 658 1169 693 quoniam
1198 658 1337 686 naturales
1371 658 1400 684 in
1429 657 1545 685 Domino
1572 660 1662 683 motus
1690 658 1718 681 ct

933 703 1093 731 aﬂ‘ectiones
1116 704 1178 739 ejus
1203 703 1335 731 voluntati
1360 711 1416 730 non
1444 701 1626 738 imperabant.
1643 699 1717 728 Nihil

90 744 164 771 cnim
190 745 220 771 in
248 752 282 772 eo
316 751 454 779 coactum,
487 747 614 780 invitum,
643 753 671 774 et
698 748 881 775 necessarium
912 748 1115 782 consideratur,
1141 749 1188 777 sed
1214 749 1306 777 omnia
1335 747 1500 776 voluntaria.
1528 746 1629 774 Veiens
1644 745 1718 774 enim

89 791 199 822 esuriit,
228 790 323 818 volens
343 792 439 825 sitirit,
463 792 559 820 volens
574 793 674 826 timuit,
690 793 783 821 volens
804 798 928 822 mortuus
944 799 996 821 est.

273 862 332 890 Τοῦ
342 863 446 898 αὑτοῦἼ
462 863 633 898 Κεφάλαιον
645 863 697 897 bC‘.

1191 865 1325 900 Ejusdem.
1344 864 1409 897 Cap.
1425 863 1470 891 97.

92 896 142 923 Διὰ
156 897 187 924 τί
199 898 215 924 ό
226 898 292 930 nec
311 898 363 934 τοῦ
380 896 705 934 Θεοῦῄὲνῄνθρώπηὲνε,
721 898 770 926 καὶ
789 900 845 934 οὺχ
864 900 881 926 ὀ

942 899 987 928 Cur
1003 900 1087 927 Filius
1104 900 1152 927 Dei
1165 896 1270 926 carnem
1293 896 1436 934 humajtam
1454 896 1638 930 auumpseril,
1667 904 1720 923 non

287 932 398 967 Πατὴρ,
415 932 486 960 οὐδὲ
499 933 532 959 τὸ
548 933 677 968 Πνεῦμα.

127 998 224 1033 Πατὴρ
241 998 255 1023 ὀ
274 998 385 1034 Πατὴρ,
404 1001 450 1025 καὶ
466 999 515 1035 οὐχ
530 999 605 1031 Υἱός.
634 999 698 1031 Υἱὸς
712 1002 726 1026 ὁ
742 1001 804 1026 Υἱὸς
815 1021 822 1033 ,
838 1001 885 1027 καὶ

93 1044 122 1071 οὗ
138 1044 248 1078 Πατήρ.
266 1044 379 1079 Πνεῦμα
393 1045 470 1079 ἅγιον
491 1045 520 1071 τὸ
532 1045 657 1080 Πνεῦμα,
671 1046 719 1073 καὶ
732 1046 763 1072 οὐ
779 1046 882 1082 Πατὴρ,

93 1089 155 1116 οὐδὲ
182 1089 258 1120 Υἱός.
288 1089 322 1116 Ἢ
353 1090 407 1125 γὰρ
429 1090 531 1126 ἰδιότης
553 1091 693 1126 ἀκίνητος.
717 1092 752 1118 Ἣ
773 1092 831 1123 πῶς
851 1092 884 1119 ἂν

94 1134 195 1169 ἰδιότης
221 1134 323 1168 μείναι,
344 1135 489 1170 κινουμένη
516 1136 563 1162 καὶ
589 1137 819 1171 pet-aninmo“;
834 1137 885 1165 Διὰ

93 1180 174 1207 τοῦτο
190 1182 204 1206 ὁ
223 1180 287 1212 Υἱὸς
303 1181 350 1207 τοῦ
365 1181 433 1207 Θεοῦ
463 1182 525 1214 Υἱὸς
544 1182 689 1217 ἀνθρώπου
707 1184 824 1217 γίνεται,
841 1184 884 1211 ἵνα

95 1225 175 1261 μείνῃ
197 1227 214 1261 ἡ
236 1226 334 1261 ἰδιότης
359 1222 497 1262 ἀκίνητος.
519 1228 582 1261 Υἱὸς
602 1228 656 1264 γὰρ
674 1228 712 1255 ὣν
730 1230 777 1255 τοῦ
796 1228 881 1262 Θεηῦί,

94 1272 160 1304 Υἱὸς
186 1272 332 1308 ἀνθρώπου
356 1273 463 1307 γέγονε,
493 1274 646 1309 σαρκωθεὶς
669 1276 701 1301 ix
725 1276 774 1309 τῆς
804 1275 884 1309 ἁγίας

96 1317 250 1353 Παρθένου,
269 1319 316 1345 καὶ
332 1319 382 1346 οὐκ
397 1319 497 1352 ἐκστὰς
514 1321 564 1356 τῆς
579 1320 670 1355 υίικῆς
688 1321 828 1355 ἰδιότητος.

97 1431 159 1458 Ἔτι
183 1431 251 1466 περι
274 1432 330 1466 τῆς
355 1432 437 1462 θείαι-
463 1433 730 1469 ὲνξανθρωπήσεως.
762 1434 884 1469 Ἐτέρων

420 1468 565 1513 Πατέρων.

130 1523 163 1550 Ei
181 1523 212 1550 τὸ
229 1523 285 1560 πῦρ
304 1523 383 1558 μέ.ον
397 1524 468 1551 κατὰ
486 1524 578 1560 χώραν
594 1525 700 1552 ἑνοῦται
720 1527 766 1552 καὶ
785 1526 823 1562 τῷ
842 1535 882 1554 σι-

1058 940 1147 962 autem
1177 935 1267 966 Pater,
1290 939 1336 960 aut
1361 933 1465 968 Spritus
1481 936 1599 959 sanctus.

970 1000 1050 1028 Pater
1061 1005 1103 1028 est
1115 1000 1204 1032 Pater,
1217 1007 1272 1027 non
1294 999 1390 1027 Filius.
1411 998 1545 1026 Filiusest
1560 995 1656 1029 Filius,
1664 1003 1722 1025 non

937 1045 1030 1073 Pater.
1046 1045 1163 1080 Spiritus
1175 1050 1288 1073 sanctus
1300 1048 1342 1072 est
1367 1044 1485 1079 Spiritus
1513 1047 1639 1075 sanctus,
1664 1048 1721 1069 non

935 1091 1018 1119 Pater
1028 1095 1076 1119 aut
1091 1091 1186 1119 Filius.
1203 1091 1362 1127 Proprietas
1389 1091 1464 1118 enim
1492 1089 1639 1117 immobilis
1667 1092 1721 1117 est.

934 1138 1000 1171 Quae
1017 1138 1040 1165 si
1066 1142 1208 1165 maveatur
1226 1142 1254 1165 et
1271 1136 1408 1170 concidat,
1424 1137 1562 1171 quomodo
1599 1135 1722 1171 propriek

935 1189 976 1212 tas
990 1184 1179 1220 permanebit?
1193 1183 1297 1211 Idcirco
1317 1183 1402 1211 Filius
1425 1182 1472 1210 Dei
1486 1182 1516 1209 tlt
1533 1181 1652 1209 hominis
1678 1179 1722 1208 Fi-

935 1230 998 1263 lius,
1031 1234 1062 1257 ut
1081 1230 1238 1265 proprietas
1267 1229 1344 1257 tlrma
1372 1234 1400 1256 et
1427 1227 1574 1255 immobilis
1602 1231 1721 1254 maneat.

934 1275 1002 1303 Nam
1015 1283 1076 1303 cum
1092 1276 1129 1304 sit
1143 1275 1228 1303 Filius
1241 1275 1300 1308 Dei,
1318 1275 1405 1302 factus
1416 1279 1458 1302 est
1488 1273 1573 1301 Filius
1591 1273 1721 1304 hominis,

935 1321 971 1348 ita
989 1328 1097 1348 carnem
1113 1328 1255 1350 assumens
1270 1328 1303 1349 ex
1326 1320 1449 1355 Virgine,
1472 1324 1502 1346 ut
1514 1326 1569 1346 non
1583 1317 1723 1346 recederet

934 1372 950 1392 a
964 1365 1024 1392 Filii
1037 1366 1217 1401 proprietate.

935 1433 1004 1461 Item
1017 1435 1049 1462 de
1062 1434 1152 1462 divina
1178 1435 1301 1462 humana:
1315 1436 1403 1462 carnis
1431 1433 1619 1469 assumptione.
1650 1433 1710 1459 .Mo

1251 1479 1311 1497 rum
1328 1470 1449 1498 Patrum.

972 1525 1000 1553 Si
1015 1525 1084 1562 ignis
1100 1527 1126 1554 in
1141 1534 1191 1555 suo
1208 1527 1267 1555 loco
1283 1534 1396 1554 manens
1410 1534 1471 1554 cum
1501 1525 1574 1553 ferro
1605 1524 1724 1560 conjun-

96 1570 181 1605 δήρῳ.
196 1569 286 1605 πολλῴ
301 1570 402 1605 μᾶλλον
418 1571 464 1597 καὶ
477 1571 492 1597 ὁ
503 1571 705 1606 παντοδύναμος
723 1571 811 1606 μένων
826 1572 883 1599 ἀκί-

942 1572 1021 1607 gitur,
1035 1573 1137 1601 mundo
1151 1574 1239 1610 magis
1252 1574 1306 1605 illc,
1322 1573 1368 1609 qui
1384 1578 1425 1601 est
1439 1571 1724 1608 omnipotens,immo-

97 1623 177 1651 νητος
202 1615 294 1650 ἡνὼοη
322 1615 361 1650 τῷ
393 1617 600 1651 προσλήμματι,
635 1617 682 1644 καὶ
710 1617 770 1649 ὅλος
797 1615 831 1652 ἦν
859 1619 888 1645 ὲν

97 1661 136 1696 τῷ
153 1662 251 1696 "arpi,
268 1662 315 1689 καὶ
332 1662 391 1694 ὅλος
407 1660 442 1697 ἦν
459 1663 488 1689 ὲν
503 1663 541 1698 τῷ
558 1663 766 1698 προσλήμματι.
790 1665 890 1700 ’Υπερ-

101 1707 173 1742 φυὴς
192 1707 238 1734 οὖν
256 1708 270 1733 ό
285 1705 407 1739 τοιοῦτος
425 1707 521 1743 λόγος,
539 1709 605 1736 διότι
622 1710 636 1736 ὁ
655 1710 719 1742 Υίὸς
739 1710 784 1737 καὶ
805 1711 890 1745 Λόγος

101 1753 260 1789 ὑπερφυής.

136 1853 224 1888 Εἴπερ
235 1853 249 1879 ὖ
264 1853 324 1886 νοῦς
335 1853 406 1890 ψυχῇ
420 1855 609 1891 συνδεδεμένος
620 1856 761 1892 ὲνοικούοῃ
774 1858 889 1892 σώματι,

101 1900 238 1934 μηδέποτε
246 1900 349 1936 ταύτην
359 1901 556 1936 ἀπολιμπάνων
564 1901 629 1929 ἔνθα.
639 1902 763 1937 βούλεται
772 1903 890 1939 πρόεισι,

100 1945 150 1973 καὶ
163 1945 379 1981 ἀνεκφοιτήτως,
397 1947 430 1974 ἶν’
447 1947 533 1978 οὕτως
548 1948 627 1981 εἴπω,
645 1949 724 1983 φοιτᾷ
741 1948 890 1983 πανταχοῦ,

102 1991 253 2027 περίεργον
269 1992 392 2027 ἀπορεῖν,
414 1992 473 2024 πῶς
490 1993 504 2019 ὁ
521 1993 585 2025 Υἱὸς
604 1993 653 2019 καὶ
666 1993 732 2024 Θεὸς
750 1993 787 2029 μὴ
803 1993 891 2021 λιπὼν

99 2037 146 2064 τδν
163 2037 275 2073 Πατέρα
290 2037 336 2064 καὶ
352 2038 414 2070 τοὺς
426 2038 556 2074 οὐρανοὺς
568 2039 701 2074 κατῆλθεν
717 2040 756 2071 είς
767 2039 829 2074 γῆν,
845 2040 898 2067 και

100 2082 247 2119 ἀκώρητος
263 2083 312 2116 ὢν,
340 2083 466 2120 ἐχωρήοη
482 2084 554 2120 ψυχῇ
572 2085 620 2111 καὶ
641 2084 758 2119 σώματι.
789 2085 820 2112 Ei
838 2086 892 2120 γὰρ

100 2129 129 2156 τὺ
150 2129 257 2164 κτίσμα
279 2129 409 2162 τοιοῦτον,
423 2129 544 2164 ὁκτίσης
555 2130 645 2162 ὁποῖος
666 2130 681 2156 ὸ
703 2131 742 2166 τῷ
763 2131 894 2166 κτίσματι

100 2174 182 2202 τοῦτο
195 2174 260 2206 δοὺς
275 2175 305 2201 τὸ
319 2174 477 2210 θαυμαστόν
491 2184 521 2202 τε
540 2176 588 2203 καὶ
601 2176 802 2212 ἀνερμήνευτον
814 2185 822 2209 ς

938 1619 1000 1646 bilis
1015 1627 1129 1647 manens
1143 1625 1291 1655 assumpta:
1305 1620 1379 1647 carni
1395 1619 1558 1653 coniunctus
1571 1621 1665 1651 θεῖν-ιιι
1677 1616 1725 1651 qui

940 1670 1012 1693 totus
1026 1671 1085 1693 erat
1097 1667 1121 1692 in
1139 1667 1229 1697 Patre,
1248 1671 1321 1694 totus
1340 1666 1367 1693 in
1392 1666 1436 1693 illa
1459 1670 1532 1693 esset
1559 1664 1725 1699 assumptio-

939 1720 985 1740 ne.
1001 1712 1066 1746 Qua:
1081 1713 1190 1748 quidem
1203 1713 1274 1740 ratio
1287 1713 1310 1740 si
1329 1718 1433 1740 natura:
1461 1712 1514 1739 vim
1538 1715 1659 1746 superat,
1687 1709 1725 1737 nil

940 1759 1039 1786 mirum
1053 1763 1104 1792 est,
1122 1759 1231 1794 quando
1248 1758 1333 1787 Filius
1359 1764 1386 1787 et
1409 1758 1527 1787 Verbum
1544 1757 1603 1793 ipsa
1617 1761 1661 1785 est
1675 1763 1725 1784 m-

941 1809 1002 1832 tura
1015 1806 1200 1840 praestantius.

977 1862 1005 1890 Si
1022 1870 1099 1890 mens
1111 1863 1209 1891 animae
1225 1871 1325 1899 c0rpus
1346 1863 1475 1891 incolenti
1497 1863 1644 1897 conjuncta
1659 1867 1728 1896 quo-

940 1910 1008 1938 libet
1023 1910 1196 1946 progreditur
1213 1911 1301 1945 ipsam
1315 1909 1434 1937 animam
1451 1916 1506 1936 non
1522 1908 1727 1942 derelinquens,

941 1961 968 1984 et
994 1956 1210 1991 impenetrabilis
1231 1957 1271 1990 (ut
1285 1955 1322 1983 ita
1349 1955 1449 1989 dicam)
1468 1963 1516 1991 per
1542 1954 1633 1982 omnia
1653 1960 1730 1981 com-

943 2007 1015 2031 meat
1029 2007 1057 2030 et
1069 2006 1203 2037 penetrat,
1211 2009 1444 2037 supervacaneum
1460 2006 1503 2029 est
1513 2001 1649 2034 dubitare,
1659 2007 1729 2034 quo—

945 2049 1026 2077 modo
1037 2048 1133 2082 Filius,
1149 2053 1177 2076 et
1188 2048 1260 2075 Deus
1276 2055 1328 2075 nec
1355 2047 1462 2074 Patrem
1492 2046 1659 2082 relinquens,
1677 2055 1729 2075 nec

945 2095 1044 2123 coelum
1060 2095 1190 2122 deserens
1203 2094 1230 2121 in
1256 2099 1356 2122 terram
1393 2093 1577 2126 descenderit,
1611 2097 1639 2122 et
1665 2100 1729 2121 cum

945 2146 1065 2176 nequeat
1086 2141 1293 2175 comprehendi,
1319 2140 1355 2167 sit
1382 2141 1416 2167 ab
1442 2139 1533 2167 anima
1561 2144 1588 2167 et
1614 2147 1730 2174 corpore

946 2188 1171 2223 comprehensus.
1194 2187 1262 2214 Nam
1277 2187 1300 2214 si
1322 2194 1365 2214 res
1381 2192 1521 2220 procreata
1544 2187 1614 2214 hanc
1626 2186 1730 2214 obtinet

102 2238 282 2272 potestatem,
307 2235 397 2270 qualis
419 2234 474 2263 erit
499 2239 657 2270 procreator
687 2235 756 2271 ipse,
783 2236 949 2266 aomirabilis
974 2237 1067 2272 hujus,
1096 2243 1156 2271 qua:
1180 2235 1269 2262 verbis
1303 2235 1431 2268 explicari
1461 2242 1517 2261 non
1535 2238 1635 2269 potest,
1658 2233 1730 2261 ciar-

102 2281 176 2324 gitor
184 2280 197 2307 ἲ

143 2343 174 2370 Ὅ
200 2343 286 2377 Λόγος
312 2341 360 2370 καὶ
379 2342 446 2374 Θεὸς
468 2342 529 2374 ὅλος
551 2343 733 2378 σεσάρκωται,
765 2343 811 2370 καὶ
833 2343 883 2369 ὅλοι

981 2341 1081 2369 Totum
1093 2340 1222 2372 Verbum,
1239 2339 1284 2374 qui
1302 2338 1374 2366 Deus
1383 2343 1435 2369 est.
1450 2346 1559 2366 carnem
1573 2339 1730 2374 assumpsit,

104 2390 182 2417 ἐστὶν
197 2389 416 2425 ἀπερίγραπτος.
433 2387 482 2415 Διὰ
492 2388 572 2415 τοῦτο
584 2388 631 2414 καὶ
644 2389 672 2415 ὲν
684 2388 724 2424 τῷ
740 2388 832 2423 κόλπῳ
846 2387 892 2414 τοῦ

103 2436 174 2464 Θεοῦ
191 2435 239 2462 καὶ
257 2435 364 2470 Πατρδς
378 2433 424 2470 ἦν,
441 2435 486 2462 καὶ
503 2435 532 2462 ὲν
551 2436 583 2470 τῇ
603 2435 744 2470 νηδύϊ¹τῆς
758 2434 895 2470 Θεομήτο-

107 2492 154 2518 ρος
166 2491 174 2500 ’
193 2483 282 2509 ὲκεῖνο
302 2481 352 2517 μὲν
369 2481 405 2514 ὡς
421 2481 644 2517 ἀπερίγραπτος,
661 2481 740 2508 τοῦτο
754 2480 782 2508 δὲ
799 2480 836 2512 ὼς
852 2489 896 2506 σε-

107 2528 300 2565 σαρκωμένος.

143 2586 336 2622 Σαρκοῦμενος
350 2586 364 2613 ὁ
381 2586 466 2620 Λόγος
485 2585 533 2612 καὶ
547 2585 613 2618 Θεὸς
631 2585 678 2612 καὶ
697 2585 726 2611 ἐν
742 2584 798 2616 τοῖς
816 2584 897 2610 πᾶσιν

108 2631 153 2669 ἦν,
165 2634 203 2665 ὡς
218 2632 307 2659 πάντα
323 2632 433 2666 πληρῶν
448 2632 496 2658 καὶ
511 2631 580 2667 ὑπὲρ
592 2631 627 2658 τὰ
639 2631 738 2662 πάντα,
754 2630 791 2661 ὡς
806 2629 899 2664 ἀπερί-

109 2688 232 2714 γραπτος
248 2678 296 2705 καὶ
309 2679 392 2705 πᾶσιν
409 2677 561 2713 ἀχώρητος,
577 2677 625 2704 καὶ
642 2677 671 2703 ὲν
688 2678 721 2712 τῇ
738 2675 837 2710 γαστρὶ
852 2675 900 2710 τῆς

111 2725 283 2760 Θεομήτορος
304 2721 339 2759 ἦν
358 2723 484 2759 ἐνεργείᾳ.
504 2721 670 2758 σαρκώσεως
689 2721 736 2748 καὶ
755 2720 902 2755 ἀπεριγρά-

114 2780 200 2804 πτως,
217 2771 264 2798 καὶ
280 2772 309 2797 ἔν
323 2771 362 2806 τῷ
378 2771 571 2806 προσλήμματι
583 2767 615 2804 ἦν
634 2768 729 2795 ἑνώσει
745 2767 843 2802 σαρκὸς
855 2766 901 2793 καὶ

112 2817 212 2852 ὁμοίως
232 2817 458 2852 ἁπεριγράπτως.
485 2814 693 2851 Ἐνηνορὼπησε
713 2813 740 2840 δὲ
759 2813 792 2839 δι’
807 2813 897 2847 mm,

116 2866 159 2892 ml.
176 2865 239 2891 καθ’
257 2866 340 2900 ἡμᾶς,
360 2865 406 2891 καὶ
422 2865 492 2898 ὑπὲρ
511 2864 595 2900 ἡμᾶς,
615 2862 655 2889 ὅτι
674 2861 716 2888 διὰ
735 2860 782 2896 τὴν
798 2859 898 2895 ἡμετέ-

947 2392 973 2415 et
1010 2392 1097 2415 totum
1130 2386 1224 2421 nequit
1250 2384 1457 2420 comprehendi.
1497 2385 1677 2417 Quamobrem
1705 2390 1731 2413 et

948 2438 1034 2460 totum
1053 2432 1132 2460 simul
1151 2432 1178 2458 in
1196 2436 1274 2459 utero
1289 2430 1388 2457 divinze
1399 2429 1502 2462 Matris,
1520 2429 1584 2462 illic,
1615 2435 1643 2457 ut
1658 2429 1732 2457 nullo

949 2480 1064 2507 termino
1093 2479 1339 2513 comprehensum,
1368 2477 1411 2504 hic
1439 2482 1527 2505 autem
1546 2482 1576 2505 ut
1607 2477 1732 2505 indutum

948 2526 1066 2553 humana
1097 2532 1190 2553 carne.

983 2583 1098 2610 Carnem
1113 2589 1254 2608 assumens
1277 2579 1398 2608 Verbum
1412 2584 1439 2608 et
1451 2580 1533 2613 Deus,
1561 2584 1590 2607 et
1602 2580 1628 2607 in
1644 2579 1734 2606 omni-

949 2629 1000 2657 bus
1016 2634 1083 2661 erat,
1099 2633 1127 2655 ut
1141 2627 1231 2656 omnia
1248 2627 1404 2663 complens,
1421 2632 1449 2654 et
1460 2634 1541 2661 super
1557 2626 1658 2656 omnia,
1670 2625 1734 2660 quia

950 2676 1025 2703 nullo
1051 2675 1170 2702 termino
1197 2678 1244 2701 aut
1274 2674 1332 2701 loco
1353 2672 1536 2700 circumscribi
1562 2675 1661 2707 potest,
1687 2673 1735 2696 aut

951 2721 1166 2756 comprehendi,
1183 2720 1247 2748 etin
1271 2724 1348 2748 utero
1371 2719 1470 2746 divina:
1485 2717 1587 2748 Matris.
1605 2715 1734 2751 quoniam

954 2767 1169 2801 assumptionrm
1195 2766 1287 2794 carnis
1304 2766 1339 2793 ita
1367 2765 1522 2800 peragebat,
1555 2767 1651 2791 utnon
1680 2761 1736 2789 cir-

953 2811 1185 2840 eumsvribcrt-tur
1201 2817 1314 2843 tamen;
1348 2814 1375 2836 et
1401 2810 1429 2836 in
1460 2809 1518 2844 ipsa
1549 2807 1736 2841 assumptione

954 2862 1066 2893 propter
1091 2856 1182 2885 carnis
1210 2855 1441 2892 coniunctionem,
1476 2861 1557 2889 quam
1583 2852 1657 2881 nullo
1672 2852 1738 2880 item
