1912 3078
173 135 227 167 247

790 138 983 170 EUTHYMII
1003 139 1181 169 ZlGABENI
1200 166 1205 170 .

1738 133 1796 163 2l8

173 189 254 216 modo
270 188 493 224 circumscriptus
521 189 663 217 etliciebat.
695 190 794 218 Factus
806 194 897 218 autem
918 194 960 218 est

1017 200 1061 225 ραν
1087 193 1232 227 σωτηρίαν,
1259 191 1306 218 καὶ
1332 192 1372 218 ὅτι
1399 191 1430 217 ὲκ
1453 189 1588 224 γυναικδς,
1615 188 1661 214 καὶ
1690 188 1730 214 ὅτι
1761 189 1796 213 ὲκ

173 235 254 261 homo
264 238 375 268 propter
397 242 457 266 nos,
472 239 499 262 et
512 243 543 262 ex
564 237 652 268 nobis,
673 241 700 264 et
714 244 795 271 supra
811 245 871 269 nos,
891 246 958 272 quo-

173 279 245 306 niam
262 283 349 314 etpro
362 279 449 307 salute
473 285 576 313 nostra,
610 287 637 309 et
657 290 689 310 ex
719 283 842 316 muliere.
871 290 895 310 et
923 293 956 310 ex

173 325 287 360 virgine.

208 372 267 400 .lam
286 378 352 400 ante
365 373 459 400 mundi
488 374 713 400 constitutionem
731 379 760 401 ut
780 374 850 402 Deus
864 376 956 402 Imma-

175 426 238 445 nam
257 426 367 446 carnem
391 423 553 450 assumeret,
585 420 747 454 praefinitum
780 426 848 448 erat.
881 421 957 448 Nun-

175 471 256 498 quam
283 469 374 491 autcm
406 470 469 492 ante
494 466 691 493 sanctissimam
724 466 832 494 Mariam
860 467 958 494 divinae

175 511 265 538 carnis
276 511 463 546 assumptione
475 511 585 546 dignum
605 517 744 547 repertum
774 517 816 540 est
845 513 960 540 domici-

175 554 252 581 lium.
272 554 324 582 Uhi
346 559 434 582 autem
456 561 592 590 repertum
620 561 671 586 est.
687 557 831 583 humanam
850 564 957 584 carnetn

176 600 323 634 assumpsit
336 601 416 628 Deus.
430 600 481 633 Qui
497 600 558 628 ideo
571 601 598 628 in
615 601 747 636 desponsa
769 602 878 638 Virgine
892 610 958 630 con-

175 644 229 678 cipi
262 644 356 676 voluit,
390 649 419 672 ut
438 649 466 672 et
495 646 700 674 matrimonium
743 648 821 682 cujus
851 649 957 676 initium

175 689 310 724 sponsalia
325 694 397 723 sunt,
428 693 641 725 commendaret,
675 693 743 721 etei
777 694 958 729 virginitatem

175 739 363 770 anteponeret.

211 779 372 808 Humanitas
383 789 442 816 qua:
454 789 502 816 per
514 782 766 817 conjunct'onemin
784 791 837 811 una
850 784 959 812 eadem-

175 834 229 861 que
242 834 358 861 per'ona
384 832 519 861 assumpta
535 833 586 860 est,
600 836 633 855 ex
649 828 707 862 ipsa
727 829 918 864 conjunctione
933 835 960 858 et

175 873 369 904 communione
380 873 474 901 etTecta
489 874 578 902 divina
590 879 643 906 est,
661 875 805 910 statimque
818 877 853 904 ab
863 876 961 903 huma-

175 927 217 947 nae
227 923 330 946 naturae
349 918 473 947 terminis
489 927 544 947 non
575 921 716 953 recedens,
741 921 904 950 excellentes
936 926 963 949 et

175 966 333 1001 magniﬁcas
362 966 508 993 divinitatis
535 967 612 994 dotes
641 968 756 1002 accepit,
778 972 808 996 ut
829 972 856 996 et
880 968 961 996 vitam

175 1010 319 1045 tribueret,
343 1015 370 1038 et
383 1016 455 1039 esset
466 1011 647 1046 omnipotens,
662 1017 689 1040 et
706 1014 797 1041 omnia
826 1018 960 1043 cerneret.

176 1057 280 1085 Dicitur
295 1062 383 1084 autem
397 1065 486 1091 serva,
515 1063 544 1085 et
571 1059 673 1093 ignara,
700 1065 725 1086 et
745 1059 805 1087 aliis
828 1060 961 1095 ejusmodi

176 1103 337 1131 nominibus
352 1103 518 1138 appellatur,
534 1104 627 1139 siquis
643 1104 685 1140 (ut
698 1105 785 1139 inquit
816 1105 962 1141 Gregorius

177 1147 343 1183 Theologus)
355 1148 412 1176 sola
437 1149 508 1176 nuda
520 1148 682 1184 cogitatione
697 1155 802 1185 separet
826 1151 863 1183 id,
891 1152 961 1186 quod

176 1193 297 1224 videtur.
313 1193 347 1221 ab
369 1201 412 1228 eo,
442 1195 515 1229 quod
539 1195 705 1231 intelligitur.
739 1196 767 1223 In
796 1198 847 1225 hac
872 1203 961 1225 autem

176 1239 302 1267 Christus
310 1240 442 1268 obnoxius
453 1240 684 1270 fuitnaturalibus
704 1247 732 1270 et
744 1243 822 1277 culpa
846 1244 963 1271 carenti-

177 1284 229 1311 bus
238 1283 438 1318 aﬂ'ectionibus,
453 1288 484 1312 ut
499 1291 549 1312 nec
563 1293 578 1312 a
594 1287 703 1321 propria
718 1291 815 1314 natura
841 1287 963 1315 discede-

178 1333 230 1362 ret,
242 1332 269 1356 et
282 1336 312 1357 se
327 1336 390 1358 vere
403 1337 514 1357 carnem
529 1330 674 1358 humanam
685 1331 867 1367 assumpsisse
882 1340 960 1360 .con-

177 1373 308 1406 ﬁrmaret.
325 1378 353 1401 et
362 1374 503 1402 doloribus
515 1374 572 1402 suis
586 1381 694 1404 nostros
705 1381 823 1410 curaret,
840 1382 867 1405 et
882 1383 962 1407 natu-

177 1419 280 1449 ralibus
295 1419 486 1448 aﬂectionibus
501 1428 558 1453 eas,
570 1429 630 1456 quae
642 1427 706 1450 sunt
722 1428 821 1457 praeter
834 1429 961 1452 naturam

180 1465 312 1498 aboleret,
328 1470 356 1493 et
365 1466 483 1501 denique
499 1472 530 1494 ut
546 1474 593 1496 eas
607 1468 722 1497 vincens
746 1469 804 1505 ipse
834 1476 961 1506 tanquam

178 1511 260 1542 homo
273 1511 351 1538 nobis
369 1510 449 1538 simili
465 1515 561 1539 natura
575 1521 668 1541 secum
685 1515 837 1549 conjunctis
860 1520 887 1543 et
913 1524 960 1543 co-
973 1529 996 1560 ο

179 1557 263 1592 gnitis
278 1557 418 1584 victoriam
438 1557 524 1592 ipsam
540 1557 693 1594 largiretur.
713 1559 855 1588 Peecatum
886 1562 958 1589 enim

180 1610 236 1631 non
249 1607 291 1630 est
301 1602 407 1630 aﬂ‘ectio
416 1603 558 1636 naturalis,
568 1609 770 1640 etquaccnnque
778 1606 809 1633 ad
822 1612 960 1641 peccatum

179 1648 327 1682 pertinent.

216 1692 251 1720 Ut
265 1693 335 1727 ignis
351 1694 452 1722 ferrum
469 1695 583 1730 ignitum
597 1700 624 1723 et
649 1697 754 1725 illustre
767 1698 882 1726 reddens
912 1699 960 1726 l'ri-

180 1737 301 1773 girlitatis
315 1743 343 1766 et
357 1740 508 1774 nigredinis
521 1742 579 1777 ejus
592 1743 726 1777 particeps
741 1743 798 1778 ipse
813 1751 866 1771 non
878 1745 961 1772 elllci-

180 1784 283 1816 tur,ita
300 1784 428 1813 divinitas
449 1787 574 1814 virtutem
591 1795 666 1815 suam
698 1789 858 1818 humanitati
889 1798 963 1818 com-

182 1829 324 1859 municans
337 1830 396 1865 ejus
412 1838 464 1858 non
480 1832 585 1869 accepit
599 1832 821 1862 imbecillitatem.

215 1914 323 1942 Puritas
338 1915 447 1949 quidem
464 1924 524 1943 cum
552 1918 676 1946 sordibus
706 1920 806 1948 nostris
829 1926 962 1955 versatur,

180 1959 226 1986 sed
252 1960 316 1994 ipsa;
336 1964 426 1987 tamen
439 1962 534 1989 sordes
564 1963 707 1997 puritatem
741 1973 794 1992 non
828 1966 961 1994 inﬁciunt.

181 2004 240 2030 Lua:
273 2004 345 2031 enim
358 2004 469 2040 (inquit)
486 2006 512 2032 in
527 2008 637 2034 tenebris
648 2009 724 2041 lucet.
740 2015 764 2037 et
782 2011 894 2037 tenebrae
905 2018 963 2038 eam

180 2055 233 2074 non
260 2048 507 2081 comprehenderunt
522 2050 542 2077 '.
566 2050 633 2078 Nam
659 2060 720 2079 cum
755 2054 872 2081 tenebrae
896 2062 965 2089 pra:-

180 2093 410 2128 sentia,radiorum
419 2095 650 2130 expellantur,'sol
660 2101 749 2125 tamen
759 2105 774 2125 a
784 2099 965 2135 tenebris_non

180 2140 355 2168 obscuratur.

1010 237 1160 270 Παρθένου.

1044 371 1132 397 Πάλαι
1166 370 1215 404 μὲν
1246 369 1299 404 πρὸ
1328 367 1479 402 καταϐολῆς
1507 366 1609 401 κόσμου
1640 365 1798 399 προώριστο

1008 418 1024 451 ὴ
1043 416 1088 443 τοῦ
1108 416 1175 442 Θεοῦ
1193 415 1408 450 ὲνανθρὼπησις,
1425 412 1502 440 οὔπω
1514 412 1543 438 δὲ
1562 411 1642 446 μέχρι
1658 411 1708 444 τῆς
1723 418 1799 436 παν-

1009 462 1088 495 αγίας
1110 461 1218 494 Μαρίας
1232 460 1306 493 ἄξιον
1329 458 1428 494 εὑρέθη
1440 458 1489 492 τῆς
1503 456 1735 491 ὲνανθρωπήσεως
1750 457 1799 489 ἐρ-

1012 508 1172 542 γαστήριον.
1186 507 1251 533 Ὅτε
1265 503 1312 533 οὖν
1324 505 1434 540 εὑρέθη.
1450 504 1508 530 τότε
1522 503 1570 530 καὶ
1583 501 1796 536 ὲνηνθρώπησε.

1010 552 1167 589 Συνελήφθῃ
1190 553 1217 579 δὲ
1239 552 1267 578 ἐν
1284 552 1316 586 τῇ
1342 549 1569 585 μεμνηστευμένῃ
1590 547 1737 582 Παρθένῳ·
1766 546 1798 572 ἐν

1011 598 1238 632 μεμνηστευμένη
1267 597 1327 632 μὲν,
1343 597 1387 623 ἵνα
1407 596 1515 641 τιμηθῇγ
1571 594 1679 641 γαμοςῄ⁸
1703 592 1796 641 ἷάμου

1009 644 1064 679 γὰρ
1082 644 1153 678 ἀρχὴ
1180 644 1197 678 ἡ
1219 643 1369 678 μνηστεία·
1396 643 1425 668 ὲν
1449 640 1575 675 παρθένῳ
1594 639 1634 672 δὲ,
1657 639 1700 666 ἴνα
1714 639 1798 673 ’προσ

1009 688 1112 724 τιμηθῇ
1129 689 1145 724 ἡ
1160 687 1303 723 παρθενία.

1046 781 1083 808 To
1096 781 1264 816 πρόσλημμα
1276 781 1320 808 διὰ
1330 780 1379 816 τὴν
1391 779 1453 808 καθ’
1467 779 1617 806 ὑπόστασιν
1627 778 1735 809 ἕνωσιν,
1746 776 1797 803 καὶ

1010 826 1059 861 τὴν
1079 826 1230 861 ταυτότητι
1247 826 1297 860 τῆς
1320 825 1512 858 ὑποστάσεως,
1526 824 1556 858 ὲξ
1574 824 1658 859 αὐτῆς
1671 822 1798 853 ἐνὼσεως

1012 873 1059 898 καὶ
1082 871 1224 903 κοινωνίας
1244 871 1355 904 θεωθὲν,
1377 871 1508 907 μετέσχεν
1530 869 1628 898 αὐτίκα
1643 869 1697 896 τῶν
1715 868 1797 895 θείων

1012 918 1256 953 πλεονεκτημάτων
1271 918 1319 945 καὶ
1334 916 1587 953 μεγαλοπρεπειῶν.
1602 915 1658 943 Καὶ
1674 915 1729 942 τῶν
1745 915 1796 950 μὲν

1011 964 1082 999 ὅρων
1097 963 1146 999 τῆς
1161 963 1335 999 ἀνθρωπίνης
1349 963 1457 999 φύσεως
1468 963 1517 989 οὒκ
1531 962 1639 996 ἐξέστη.
1654 961 1750 995 γέγονε
1766 960 1796 986 δὲ

1012 1010 1143 1043 ζωοποιὺν
1157 1011 1204 1037 καὶ
1219 1010 1435 1046 παντοδύναμον,
1451 1010 1497 1036 καὶ
1514 1009 1602 1036 πάντα
1614 1008 1693 1039 εἶδός.
1710 1007 1795 1040 Λέγε-

1012 1064 1056 1083 ται
1071 1056 1100 1083 δὲ
1119 1056 1223 1089 δοῦλον,
1241 1056 1288 1083 καὶ
1305 1055 1430 1089 ἀγνοοῦν,
1450 1055 1496 1082 καὶ
1510 1056 1544 1081 τὰ
1562 1053 1684 1086 τοιαῦτα,
1701 1052 1733 1079 ἄν
1752 1060 1796 1082 τις

1012 1103 1042 1129 τὸ
1062 1102 1223 1137 φαινόμενον
1235 1103 1348 1137 χωρήσῃ
1362 1100 1410 1128 τοῦ
1423 1100 1580 1135 νοουμένου,
1596 1099 1668 1126 καθά
1681 1105 1762 1133 φησιν
1783 1098 1797 1123 ὁ

1012 1147 1141 1182 Θεολόγος
1162 1147 1321 1183 Γρηγόριος,
1333 1146 1439 1182 ἐπινοίᾳ
1466 1145 1586 1181 δηλονότι
1605 1144 1682 1180 ψιλῇ.
1709 1143 1796 1170 ’Υπέ-

1013 1203 1088 1221 κειτο
1107 1193 1135 1220 δὲ
1150 1194 1205 1224 τοῖς
1223 1193 1346 1227 φυσικοῖς
1371 1193 1418 1219 καὶ
1433 1191 1604 1226 ἁδιαϐλήτοις
1615 1190 1740 1221 πάθεσιν,
1757 1189 1797 1220 ὡς

1013 1240 1051 1275 μὴ
1067 1241 1166 1266 ὲκστὰν
1183 1239 1232 1273 τῆς
1246 1238 1350 1270 οἰκείας
1369 1237 1486 1272 φύσεως,
1503 1237 1550 1263 καὶ
1564 1237 1607 1262 ἵνα
1626 1236 1642 1271 ἡ
1659 1234 1798 1270 ὲνανθρώ-

1013 1293 1096 1320 πησις
1111 1285 1245 1320 πιστωθῇ,
1262 1283 1310 1310 καὶ
1323 1283 1366 1310 ἵνα
1379 1284 1433 1314 τοῖς
1446 1282 1542 1309 ἑαυτοῦ
1555 1281 1668 1308 πάθεσιν
1684 1280 1795 1315 ἰάσηται

1013 1332 1186 1368 τὰν-ἡμέτερα
1201 1330 1286 1367 πάθη,
1304 1331 1420 1362 καὶτοῖς
1437 1327 1607 1364 φυσικοῐξτὰ
1618 1326 1698 1364 παρὰ
1713 1326 1796 1361 φύσιν

1012 1378 1170 1414 ὲξαφανίσῃ,
1188 1378 1233 1405 καὶ
1245 1377 1392 1412 συλλήϐδην
1407 1377 1504 1409 εἰπεῖν,
1520 1376 1563 1402 ἵνα
1575 1373 1689 1409 νικήσας
1702 1372 1796 1405 αὐτὸς,

1013 1425 1050 1455 ὼς
1065 1423 1218 1458 ἄνθρωπος,
1233 1423 1280 1450 καὶ
1296 1423 1362 1457 ἡμῖν
1375 1422 1430 1451 τοῖς
1444 1420 1575 1456 ὀμοφυὲσι
1589 1419 1636 1446 καὶ
1649 1417 1797 1452 συγγενέσι

1012 1469 1062 1503 τὴν
1080 1469 1141 1495 κατ’
1153 1468 1243 1495 αὐτῶν
1258 1467 1403 1503 χαρίσηται
1417 1466 1505 1501 νίκην.
1523 1465 1556 1492 Ἣ
1569 1465 1661 1500 μέντοι
1674 1463 1799 1498 ἁμαρτία

1011 1514 1041 1540 οὺ
1060 1514 1184 1548 φυσικὸν,
1202 1512 1269 1540 ἀλλὰ
1285 1512 1360 1547 παρὰ
1379 1511 1460 1546 φύσιν
1484 1510 1581 1544 πάθος.
1609 1509 1656 1536 καὶ
1681 1509 1732 1535 ὅσα
1748 1508 1798 1542 τῆς

1011 1560 1158 1596 ἁμαρτίας.

1050 1693 1157 1728 Ὥσπερ
1174 1692 1204 1718 τὺ
1222 1691 1278 1727 πῦρ
1295 1690 1432 1726 πυρακτοῖ
1449 1690 1498 1725 μὲν
1518 1688 1566 1716 καὶ
1582 1686 1736 1722 λαμπρύνει
1751 1685 1797 1712 τὸν

1014 1736 1134 1771 σίδηρον,
1151 1736 1181 1762 οὺ
1197 1735 1398 1770 μεταλαμϐάνει
1412 1734 1440 1761 δὲ
1454 1734 1504 1768 τῆς
1519 1731 1601 1759 αὑτοῦ
1627 1731 1799 1766 ψυχρότητος

1014 1782 1030 1816 ἦ
1046 1781 1174 1816 μελανίας
1184 1789 1191 1797 ο
1208 1781 1279 1808 οὕτω
1293 1780 1340 1807 καὶ
1353 1781 1370 1814 ἡ
1383 1779 1479 1814 Θεότης
1492 1778 1625 1813 μετέδωκε
1642 1777 1691 1811 μὲν
1707 1777 1739 1810 τῇ
1752 1776 1799 1801 ἁν-

1014 1827 1168 1862 ϐρωπότητι
1179 1827 1228 1862 τῆς
1243 1825 1346 1857 οἰκείας
1359 1825 1509 1860 δυνάμεως,
1522 1823 1553 1850 οὒ
1565 1822 1696 1858 μετέλαϐε
1710 1821 1737 1847 δὲ
1748 1820 1798 1854 τῆς

1015 1873 1159 1904 ἀσθενείας
1175 1871 1269 1905 αὐτῆς.

1055 1918 1087 1944 Ἣ
1105 1917 1153 1952 μὲν
1168 1917 1322 1952 καθαρότης
1337 1916 1426 1951 ὁμιλεῖ
1439 1914 1478 1950 τῷ
1492 1914 1619 1949 ἡμετέρῳ
1635 1913 1724 1949 ῥύπῳ,
1738 1913 1751 1938 ό
1768 1912 1798 1938 δὲ

1016 1963 1100 1999 ῥύπος
1123 1964 1172 1998 οὐχ
1198 1963 1313 1990 ἅπτεται
1341 1962 1392 1997 τῆς
1427 1960 1622 1995 καθαρότητος.
1663 1959 1698 1986 Τὸ
1730 1957 1794 1992 φῶς

1015 2010 1081 2043 γὰρ,
1103 2009 1194 2044 φησὶν,
1220 2008 1255 2035 ἐν
1276 2008 1314 2042 τῇ
1338 2007 1446 2041 σκοτίᾳ
1469 2006 1578 2041 φαίνει,
1597 2005 1643 2031 καὶ
1657 2005 1676 2038 ἡ
1691 2003 1799 2031 σκοτία

1015 2055 1088 2083 αὐτὸ
1106 2057 1142 2082 οὺ
1163 2055 1336 2082 κατέλαϐεν.
1363 2053 1535 2088 Ἀφανίζεται
1548 2051 1602 2086 γὰρ
1613 2052 1645 2085 τῇ
1661 2049 1799 2085 παρουσίᾳ

1014 2102 1065 2134 τῆς
1084 2102 1192 2132 ἀκτῖνος
1217 2101 1230 2127 ὁ
1254 2100 1345 2135 ζόφος,
1369 2099 1399 2126 οὐ
1423 2099 1461 2134 τῷ
1486 2097 1560 2133 ζόφῳ
1586 2096 1758 2132 ἀμαυροῦται
1785 2095 1800 2120 ὁ

1016 2149 1103 2184 ἥλιος.

213 2185 304 2214 Unum
317 2186 418 2214 dicitur
432 2187 459 2214 in
473 2186 507 2214 iis
520 2188 641 2222 quidem,
666 2196 726 2224 quae
755 2195 818 2217 sunt
843 2191 960 2226 ejusdem

1051 2194 1087 2220 Τὸ
1101 2193 1129 2219 ἓν
1145 2194 1188 2219 ἐπὶ
1207 2192 1256 2228 μὲν
1270 2192 1323 2219 τῶν
1337 2192 1485 2226 όμοουσίων
1499 2190 1617 2224 λέγεται,
1626 2188 1690 2215 ἔνθα
1703 2187 1798 2235 ταυτότ

179 2231 316 2263 essentia,
332 2238 394 2258 cum
412 2231 507 2259 eadem
521 2237 563 2260 est
576 2238 682 2266 natura,
709 2238 737 2261 et
762 2235 878 2263 diversa:
897 2244 962 2272 per-

179 2283 263 2303 sona.
280 2275 318 2302 Ex
334 2283 388 2310 quo
409 2276 485 2310 illud,
501 2276 536 2304 Et
555 2277 606 2304 tria
633 2286 712 2305 unum
744 2285 805 2307 sunt
832 2281 852 2307 ¹.
876 2281 904 2308 ln
928 2281 962 2310 iis

179 2325 284 2354 autem,
300 2329 360 2356 quae
372 2322 487 2350 diversae
500 2328 563 2350 sunt
577 2325 710 2352 essentiae.
738 2333 822 2353 unum
851 2327 960 2356 dicitur.

179 2375 242 2396 cum
257 2368 351 2395 eadem
363 2376 478 2402 persona
489 2373 539 2402 est,
554 2374 581 2397 et
592 2371 706 2398 divorsa:
721 2376 835 2403 naturas,
849 2381 882 2400 cx
909 2382 963 2409 quo

1016 2249 1065 2275 της
1079 2241 1128 2275 μὲν
1143 2239 1261 2273 φύσεως,
1274 2238 1401 2274 ἑτερότης
1415 2237 1443 2264 δὲ
1458 2237 1642 2267 ὑποστάσεων,
1656 2235 1694 2265 ὼς
1707 2233 1737 2260 τὺ
1755 2232 1801 2260 καὶ

1015 2286 1051 2313 τὰ
1063 2285 1128 2319 τρία
1138 2285 1172 2312 ἓν
1183 2293 1190 2301 ·
1215 2284 1260 2311 ἐπὶ
1275 2284 1303 2311 δὲ
1316 2284 1370 2311 τῶν
1391 2282 1577 2318 ὲτεροουσίων,
1592 2280 1655 2307 ἔνθα
1666 2279 1800 2313 ταυτότης

1020 2331 1070 2366 μὲν
1086 2332 1273 2363 ὑποστάσεων,
1291 2330 1419 2365 ἑτερότης
1434 2329 1462 2356 δὲ
1479 2327 1650 2363 φύσεων,Ιὼς
1666 2326 1696 2352 τδ
1709 2326 1757 2352 καὶ
1770 2325 1800 2352 τὺ

1020 2377 1223 2413 συναμφότερον
1238 2377 1278 2408 ἓν,
1301 2376 1359 2403 ἀλλ’
1376 2375 1405 2402 οὑ
1418 2377 1451 2411 τῇ
1465 2374 1555 2409 φύσει,
1566 2374 1599 2408 τῇ
1615 2373 1642 2400 δὲ
1658 2371 1768 2404 συνόδῳ.

179 2413 256 2445 illud,
269 2417 297 2442 et
307 2419 452 2450 utrumque
468 2421 563 2443 unum.
582 2415 670 2443 Unum
688 2422 779 2444 autem
796 2425 850 2447 non
874 2423 983 2453 natura,
1004 2422 1051 2449 sed
1075 2423 1268 2458 conjunctione
1289 2422 1403 2450 duarum
1427 2425 1586 2448 naturarum
1614 2419 1641 2446 in
1668 2425 1722 2445 una
1740 2424 1802 2452 por-

178 2467 258 2493 sona.

213 2509 446 2542 Quemadmodum
461 2518 545 2537 unum
557 2515 641 2539 estex
656 2520 749 2539 eorum
765 2520 878 2541 numem
903 2522 962 2550 quae

177 2554 318 2588 multiplici
330 2554 434 2581 ratione
445 2554 589 2588 dicuntur;
606 2555 704 2583 dicitur
718 2557 790 2587 enim
811 2565 895 2585 unutn
922 2559 962 2586 vel

178 2607 304 2632 numero,
323 2604 351 2627 ut
361 2600 478 2635 exetnpli
489 2601 584 2636 gratia,
605 2601 719 2635 Petrus;
747 2603 789 2630 vel
807 2604 908 2638 specie,
933 2609 963 2632 ut

178 2647 279 2679 homo;
296 2648 338 2674 vel
353 2653 460 2682 genere,
479 2653 508 2674 ut
523 2647 623 2674 animal
636 2655 642 2679 ;
658 2647 697 2675 sic
708 2648 788 2676 etiam
801 2639 870 2676 duo:
898 2649 964 2677 Nam

178 2696 206 2718 et
219 2699 333 2719 numero
345 2692 474 2719 dicuntur
483 2693 547 2724 duo,
565 2698 591 2720 ut
608 2693 704 2721 Petrus
737 2699 763 2722 et
796 2694 908 2729 Paulus;
938 2700 966 2724 et

178 2738 281 2777 5pccie,
298 2742 329 2766 ut
341 2738 421 2766 homo
436 2742 464 2766 et
476 2745 581 2773 equus;
598 2743 625 2766 et
636 2747 744 2775 genere,
762 2745 789 2768 ut
803 2741 919 2770 essentia
933 2746 961 2770 et

216 2828 310 2862 lloau.
326 2838 345 2863 ι,
362 2829 388 2857 5.
427 2831 437 2845 ³
453 2828 550 2871 lloan.
569 2839 595 2866 ν,
609 2833 636 2864 7.

1050 2515 1154 2550 Ὥσπερ
1168 2514 1197 2542 τὸ
1211 2514 1240 2541 ἓν
1251 2515 1305 2541 τῶν
1318 2512 1460 2548 πολλαχῶς
1473 2511 1629 2547 λεγομένων
1643 2510 1712 2539 ἐστὶ.
1726 2509 1801 2544 λέγε-

1012 2569 1058 2588 ται
1070 2560 1123 2596 γὰρ
1137 2560 1165 2587 ἓν
1179 2561 1217 2595 τῷ
1231 2560 1398 2595 ἀριθμῷ,ὠ;
1411 2560 1425 2586 ό
1441 2559 1545 2592 Πέτρος
1556 2558 1648 2592 τυχὸν,
1661 2556 1709 2583 καὶ
1722 2555 1751 2581 ἓν
1763 2555 1800 2589 τῷ

1013 2606 1088 2639 εῖδει,
1101 2607 1138 2638 ὡς
1152 2607 1166 2632 ό
1181 2606 1335 2641 ἄνθρωπος.
1352 2605 1399 2632 καὶ
1414 2605 1442 2631 ἓν
1456 2603 1495 2639 τῷ
1510 2604 1596 2638 γένει⁹
1610 2603 1648 2634 ὡς
1662 2601 1692 2628 τὸ
1707 2602 1778 2633 ζῶον
1791 2609 1798 2616 ·

1014 2651 1085 2679 οὕτω
1107 2651 1154 2678 καὶ
1177 2653 1212 2678 τὰ
1235 2650 1291 2678 δύο.
1319 2651 1435 2685 Λέγεται
1460 2650 1514 2685 γὰρ
1538 2650 1584 2676 δύο
1606 2649 1644 2684 τῷ
1672 2647 1798 2683 ἀριθμῷ,

1014 2699 1051 2730 ὡς
1068 2698 1169 2733 Πέτρος
1184 2697 1230 2724 καὶ
1245 2696 1361 2730 Παῦλος,
1377 2696 1424 2723 καὶ
1437 2696 1484 2722 δύο
1498 2695 1537 2730 τῷ
1552 2694 1628 2727 εῖδει,
1644 2694 1682 2725 ὡς
1694 2692 1799 2728 ἀνθρω-

1015 2753 1064 2776 πος
1088 2745 1135 2771 καὶ
1158 2744 1250 2778 ἵππος,
1271 2743 1318 2770 καί
1343 2742 1389 2770 δύο
1413 2741 1452 2778 τῷ
1477 2741 1562 2777 γένει,
1586 2739 1624 2771 ὡς
1648 2739 1725 2766 οὐσία
1754 2738 1799 2766 καὶ
