1912 3078
100 130 154 161 24]

586 133 770 163 PANOPLIA
794 135 1023 166 DUGMA'l‘lCA.
1040 149 1075 154 —
1093 138 1167 169 TlT.
1186 141 1252 171 VII.

1669 142 1721 172 250

100 186 212 222 χρῶμα.
221 187 308 213 Ὅταν
322 187 367 214 οῦν
379 187 494 223 λέγομεν
503 189 536 215 τὰ
547 189 593 215 δύο
606 190 653 215 ἐπὶ
662 189 708 215 τοῦ
720 190 847 224 Χριστοῦ,
855 198 874 215 οε

939 192 1022 219 color.
1040 193 1153 226 Quando
1164 195 1246 229 igitur
1261 197 1315 224 duo
1331 197 1357 224 in
1370 197 1478 225 Christo
1507 198 1632 228 dicimus.
1663 207 1717 225 non

100 233 147 260 δύο
167 233 207 268 τῷ
227 234 339 269 ἀριθμῷ
361 234 454 261 τοῦτον
479 235 605 270 λέγομεν,
627 237 686 262 ἀλλ’
705 236 753 263 ἕνα
775 237 824 270 μὲν
848 235 885 269 τῷ

100 277 213 313 ἀριθμῷ
227 278 273 305 διὰ
303 279 353 313 τὴν
369 279 469 312 μονάδα
484 279 533 314 τῆε
549 280 790 310 ὐποστάσεω;,δύο
805 280 834 306 δὲ
846 279 885 314 τῷ

97 323 174 355 ιῐδιι,
190 324 316 350 τουτέστι
328 324 361 359 τῇ
376 323 467 358 φύσει,
481 324 526 351 διὰ
539 325 590 359 τὴν
603 323 685 350 δυάδα
699 324 753 350 τῶν
766 323 883 358 φύσεων.

96 368 166 403 Φησὶ
180 369 238 402 γὰρ
255 370 302 395 καὶ
317 369 467 404 Γρηγόριιις
479 371 493 396 ὁ
505 370 634 403 Θεολόγος
647 370 689 396 ὅτι
701 370 731 396 τδ
746 369 884 404 συναμφό-

96 421 177 446 τερον
205 414 235 439 ἓν
250 414 281 440 οὗ
295 415 329 449 τῇ
344 414 437 447 φύσει,
449 415 483 448 τῇ
497 413 525 440 δὲ
540 414 650 448 συνόδῳ.
658 414 713 440 Καὶ
728 414 882 448 Ἀριστοτὲσ

97 458 144 492 λης
156 458 185 484 δὲ
197 458 248 492 τὴν
261 457 327 493 ὓλην
339 457 426 487 καὶτὸ
440 456 510 489 εἶδος
521 457 550 484 ἓν
564 457 613 492 μὲν
623 458 695 492 λέγει
710 457 748 492 τῷ
761 457 881 493 ἀριθμῷ,

96 502 141 528 δύο
155 502 184 528 δὲ
199 502 239 536 τῷ
255 503 330 529 εἴδει.
347 502 455 533 Ταύτας
468 502 518 533 τὰς
532 501 578 528 δύο
592 503 705 537 χρήσεις
718 502 883 538 προϐλητέον

96 548 167 574 κατὰ
188 547 245 574 τῶν
260 547 393 581 λεγόντων
414 547 456 573 ὅτι
476 547 534 578 ἑνὸς
557 547 606 582 μὲν
628 547 714 578 εἴδους
733 547 817 573 πολλὰ
834 547 882 573 εὑ-

97 593 230 627 ρίσκομεν
244 593 344 627 ἄτομα,
357 592 404 619 δύο
415 592 443 619 δὲ
457 592 514 627 ετδη
529 593 576 618 ἐπὶ
588 591 647 624 ἐνὸς
660 593 762 627 ἀτόμου
775 593 823 619 καὶ
837 593 881 619 εὑ-

98 639 154 673 ρεῖν
166 638 309 669 ἀδύνατον,
327 639 375 665 καὶ
389 639 478 672 λέγειν
493 638 600 672 ἄλογον.
783 670 785 672 _

131 685 169 710 Τὸ
179 684 279 710 ταύτὸν
295 684 401 717 λέγεται
414 684 463 718 μὲν
474 685 508 719 τῇ
519 685 607 718 οὐσίᾳ,
621 684 658 715 ὡς
671 684 771 718 Πέτρος
784 684 880 718 Παύλῳ

95 732 126 765 τῇ
149 730 231 764 οὐσίᾳ
249 729 364 761 ταυτὸν,
384 730 463 756 τοῦτο
483 730 511 756 δι
527 730 574 756 και
589 729 671 764 φύσει
687 730 785 756 ταυτὸν
805 729 880 763 λέγο-

96 784 165 810 μεν·
192 775 303 808 λέγεται
316 775 345 802 δὲ
368 777 415 802 καὶ
433 775 473 810 τῷ
494 776 578 810 γένει,
601 776 638 807 ὡς
664 775 725 810 βοῦς
744 776 820 810 ἵππῳ
840 775 879 810 τῷ

95 823 167 855 γένει
182 822 293 854 ταυτὸν,
311 821 389 855 γένος
399 822 453 857 γὰρ
468 822 568 857 ἀμφοῖν
583 822 611 848 τὺ
624 821 719 855 ἄλογον
733 821 816 852 ζῶον·
834 821 878 847 λέ-

93 876 169 902 γεται
188 868 217 894 δὲ
231 868 278 894 καὶ
291 867 330 902 τῷ
349 867 424 898 εἴδει,
437 855 575 899 digium;
598 867 723 903 Τιμοθέῳ
745 867 785 902 τῷ
811 867 876 894 εῖδει
895 855 916 883 Β

93 914 202 945 ταυτὸν,
231 913 284 939 ὑπὸ
317 913 371 948 γὰρ
399 913 445 939 τὸν
475 912 617 948 ἄνθρωπον
644 913 743 948 ἄμφω·
768 913 876 947 λέγεται

92 960 120 987 δὲ
137 961 184 987 καὶ
200 959 240 995 τῷ
253 959 362 994 ἀριθμῷ
372 979 380 990 ,
396 959 433 990 ὡς
449 959 480 986 τὸ
496 959 672 993 πολυώνυμον
687 959 797 994 ὰριϐμῷ
810 968 877 985 ταυ-

90 1006 135 1032 τὸν
145 1027 153 1039 ,
170 1005 249 1039 ξίφος
269 1006 332 1040 γὰρ,
348 1005 395 1031 καὶ
407 1005 457 1037 ἆορ
467 1024 475 1036 ,
489 1006 535 1032 καὶ
550 1005 639 1039 σπάθη
654 1005 683 1032 ἓν
699 1005 737 1039 τῷ
750 1005 874 1039 ἀριθμῷ,

92 1052 120 1078 ἓν
140 1051 197 1086 γὰρ
225 1050 342 1077 ἐνταῦθα
354 1051 384 1077 τὸ
402 1051 580 1085 ὑποκείμενον
592 1059 598 1066 ·
616 1051 724 1084 λέγεται
739 1051 766 1077 δὲ
784 1052 830 1078 καὶ
843 1053 876 1086 τῇ

93 1096 236 1130 ἀναλογίᾳ,
253 1096 290 1126 ὡς
310 1096 323 1122 ὁ
339 1095 400 1127 νοῦς
415 1096 454 1130 τῷ
469 1095 600 1130 ὀφθαλμῷ
614 1097 648 1132 τῇ
664 1097 794 1132 ἀναλογίᾳ
810 1105 876 1123 ταυ-

92 1143 148 1172 τὸν,
162 1142 177 1168 ὃ
189 1141 244 1176 γὰρ
259 1141 394 1176 ὀφθαλμὸς
408 1142 436 1167 ὲν
448 1139 564 1175 σώματι,
578 1141 657 1168 τοῦτο
673 1141 734 1173 νοῦς
746 1142 854 1177 ἐνψυχῇ
867 1150 874 1157 ·

90 1188 200 1221 λέγεται
214 1188 243 1214 δὲ
257 1188 305 1214 καὶ
315 1187 347 1222 τῇ
358 1187 503 1214 ὑποστάσει
515 1187 624 1220 ταυτὸν,
638 1187 675 1219 ὡς
686 1188 734 1214 ἐπὶ
746 1188 875 1223 Χριστοῦ,

90 1234 116 1259 αἱ
131 1233 258 1268 διάφοροι
273 1232 327 1268 γὰρ
345 1232 439 1267 φύσεις
455 1231 537 1259 αὑτοῦ
553 1234 585 1268 τῇ
602 1233 751 1260 ὑποστάσει
765 1234 876 1266 ταυτὸν,

91 1281 176 1315 {ﬂow
191 1279 233 1306 ἓν.

131 1325 195 1352 Ἐπὶ
208 1324 326 1359 Χριστοῦ
339 1324 387 1356 τὰς
402 1324 449 1351 δύο
460 1324 556 1359 φύσεις
569 1325 674 1360 ἐπινοίᾳ
690 1325 740 1359 μὲν
754 1324 800 1351 τοῦ
815 1325 877 1352 διω-

91 1372 221 1406 ρισμένου
239 1370 324 1406 ποσοῦ
339 1370 454 1404 λέγομεν
465 1390 473 1402 ,
492 1370 530 1402 ὡς
549 1371 655 1406 ἐπινοίᾳ
673 1370 740 1406 μόνῃ
756 1370 876 1405 διαιρου-

91 1417 186 1451 μέναί,
211 1416 356 1453 πράγματι
367 1416 396 1443 δὲ
421 1416 468 1443 τοῦ
494 1417 632 1451 συνεχοῦς,
655 1417 692 1448 ὼς
707 1416 875 1451 ἁδιαιρέτους

92 1463 249 1498 πράγματι.

937 246 1051 266 numero
1076 240 1251 276 intelligimus
1266 242 1329 273 duo,
1346 243 1473 276 quoniam
1497 248 1538 270 est
1555 243 1632 271 unica
1654 252 1718 278 pcr-

936 290 1013 313 sona.
1025 284 1072 311 sed
1087 287 1176 319 specie
1190 286 1253 318 duo.
1273 286 1323 313 hoc
1338 292 1390 319 est,
1407 292 1515 319 natura,
1529 295 1589 322 quae
1615 289 1714 323 duplex

935 328 962 355 in
974 329 1021 356 illo
1039 335 1091 358 est.
1107 331 1176 359 Dicit
1188 331 1260 359 enim
1276 332 1422 367 Gregorius
1430 333 1593 369 Theologus.
1612 339 1717 362 utrum-

934 382 987 409 que
1002 383 1063 404 esse
1078 385 1160 404 unum
1174 385 1228 404 non
1242 383 1351 410 natura,
1379 379 1425 406 sed
1458 380 1661 415 conjunctione,
1690 386 1717 407 ct

934 421 1094 449 Aristoteles
1108 422 1247 450 materiam
1261 428 1289 450 et
1309 423 1426 450 formam
1444 431 1527 451 unum
1558 431 1618 451 esse
1650 425 1716 452 dicit

934 475 1060 498 numero,
1075 468 1165 502 specie
1178 473 1268 495 autem
1290 469 1355 496 duo.
1373 469 1513 504 Duplicem
1533 470 1605 497 hunc
1635 478 1715 496 usum

932 517 1039 546 oportet
1049 521 1201 548 proponere
1215 515 1345 542 adversus
1358 523 1414 547 eos,
1430 515 1476 550 qui
1502 515 1584 542 unius
1606 515 1714 550 quidem

932 559 1033 593 speciei
1047 560 1123 586 multi
1146 561 1259 594 reperiri
1288 561 1442 588 concedunt
1465 561 1622 594 individua,
1647 562 1716 588 duas

932 608 1021 632 autem
1031 605 1172 639 speciesin
1182 613 1235 632 uno
1245 606 1384 634 individuo
1394 614 1443 634 nec
1453 607 1565 641 reperiri
1590 614 1639 634 nec
1662 607 1714 634 dici

932 657 1011 684 posse
1024 651 1202 678 contendunt.

967 696 1037 723 Idem
1054 696 1153 724 dicitur
1168 697 1209 724 vel
1224 698 1353 729 essentia,
1385 705 1443 730 seu,
1473 697 1544 732 quod
1568 698 1639 725 idem
1661 703 1714 730 est,

930 746 1038 772 natura,
1056 746 1085 767 ut
1100 740 1196 768 Petrus
1205 746 1231 768 et
1247 741 1346 768 Paulus
1362 742 1431 769 idem
1444 747 1540 769 natura
1563 746 1645 770 sunt:
1671 743 1714 769 vel

930 794 1047 821 genere;
1063 788 1203 821 utriusque
1217 787 1288 814 enim
1308 795 1396 821 genus
1408 791 1449 815 est
1477 787 1578 814 animal
1602 788 1715 815 rationis

929 839 1046 866 expers;
1062 833 1103 860 vel
1124 833 1226 866 specie.
1256 836 1286 859 ιιι
1308 832 1385 860 Titus
1408 837 1434 860 et
1462 833 1621 860 Timotheus
1642 833 1714 861 idem

929 882 993 905 sunt
1004 878 1110 913 specie:
1121 887 1183 906 nam
1197 879 1246 906 sub
1260 879 1368 907 homine
1377 884 1440 906 sunt
1451 879 1546 912 ambo;
1561 879 1604 906 vel
1617 886 1714 906 numev

928 931 970 956 ro,
982 928 1011 950 ut
1020 923 1091 958 quod
1103 923 1187 951 multa
1200 924 1280 951 habet
1288 924 1395 951 nomina
1406 924 1526 959 :gladius
1538 926 1622 957 enim,
1630 925 1714 954 ensis.

928 976 1022 996 mucro
1039 969 1107 996 idem
1123 977 1248 1002 numero,
1279 970 1320 997 his
1337 970 1409 997 enim
1440 977 1523 997 unum
1552 970 1712 1004 subjicitur;

928 1015 969 1042 vel
982 1015 1114 1050 analogia,
1129 1023 1177 1042 seu
1189 1015 1390 1048 convenientia,
1404 1020 1451 1043 aut
1475 1016 1660 1051 proportione,
1684 1021 1714 1044 ut

928 1069 1004 1088 mens
1027 1066 1054 1088 et
1070 1061 1165 1089 oculus
1188 1061 1258 1089 idem
1273 1067 1337 1089 sunt
1351 1063 1537 1096 proportione.
1552 1061 1628 1095 Quod
1639 1062 1712 1089 enim

927 1111 969 1133 est
984 1106 1080 1134 oculus
1096 1107 1122 1133 in
1148 1114 1273 1141 corpore,
1295 1107 1363 1134 idem
1378 1111 1420 1133 est
1446 1114 1523 1133 mens
1550 1106 1576 1132 iu
1605 1106 1713 1138 animo;

927 1151 969 1178 vcl
982 1158 1108 1186 persona,
1127 1156 1156 1179 ut
1168 1152 1194 1179 in
1210 1152 1328 1186 Christo;
1344 1152 1403 1187 ejus
1419 1152 1492 1179 enim
1505 1152 1619 1180 diversa:
1633 1157 1712 1179 natu-

927 1203 963 1222 rte
970 1203 1085 1230 persona
1095 1197 1167 1224 idem
1177 1202 1250 1229 sunt,
1266 1198 1322 1225 sive
1334 1205 1428 1224 unum.

963 1333 1034 1361 Duas
1049 1334 1076 1360 in
1089 1333 1199 1361 Christo
1214 1339 1326 1362 naturas
1340 1334 1504 1369 cogitatione
1519 1333 1628 1368 quidem
1641 1334 1710 1361 dici-

926 1387 988 1406 mus
1000 1387 1061 1406 esse
1075 1379 1199 1406 discretae
1215 1379 1384 1414 quantitatis,
1401 1384 1429 1406 ut
1445 1387 1504 1414 quae
1527 1380 1584 1406 sola
1610 1380 1710 1414 cogita-

927 1424 999 1451 tione
1014 1425 1178 1458 dividantur,
1192 1432 1221 1452 re
1232 1429 1323 1452 autem
1336 1425 1451 1452 dicimus
1463 1432 1510 1452 eas
1535 1431 1594 1450 esse
1623 1432 1710 1458 quan-

926 1470 1011 1497 titatis
1029 1471 1165 1498 continua:
1177 1491 1184 1503 ,
1205 1475 1234 1497 ιιι
1251 1477 1311 1504 qua:
1330 1478 1359 1497 re
1379 1470 1437 1503 ipsa
1457 1477 1511 1496 non
1543 1469 1709 1496 dividantur.

124 1508 243 1540 Ἐνωσίς
269 1508 327 1534 ἐστι
353 1507 504 1534 διεστώτων
528 1508 699 1543 πραγμάτων
727 1507 874 1543 κοινωνικὴ

963 1514 1029 1548 Qum
1044 1515 1151 1542 diversa
1166 1520 1239 1546 sunt,
1254 1514 1346 1542 multis
1362 1515 1449 1542 modis
1465 1521 1599 1541 concursu
1615 1518 1709 1541 mutuo

92 1554 238 1588 συνδρομή.
259 1552 366 1580 Γίνεται
388 1552 416 1579 δὲ
434 1553 504 1579 κατὰ
525 1553 669 1589 διαφόρους
687 1553 814 1588 τρόπους.
839 1553 873 1580 Ἣ

89 1602 142 1635 γὰρ
157 1600 342 1634 κατὶκρᾶσιν
352 1618 360 1630 ,
371 1599 408 1630 ὡς
423 1599 469 1625 ἐπὶ
484 1599 575 1634 ὑγρῶν
586 1619 592 1630 ,
609 1599 680 1625 οίνου
694 1598 741 1625 καὶ
757 1598 851 1630 ὕδατος
863 1606 872 1615 ⁸

90 1647 105 1682 ῆ
118 1647 192 1673 κατὰ
209 1645 336 1680 σωρείαν,
352 1645 387 1676 ὡς
403 1645 448 1671 ἐπὶ
459 1644 559 1680 ξηρῶν,
579 1645 652 1671 σίτου
667 1645 712 1671 καὶ
726 1645 823 1680 κριθῆς
834 1652 842 1660 ·
855 1645 871 1680 ἦ

89 1692 158 1718 κατὰ
179 1691 294 1726 φύρσιν,
319 1690 357 1720 ὡς
381 1691 427 1716 ἐπὶ
452 1689 535 1725 ξηροῦ
559 1692 605 1717 καὶ
631 1689 735 1725 ὑγροῦ,
755 1690 805 1725 γῆς
826 1690 872 1717 καὶ

90 1738 186 1769 ὓδατος
199 1745 206 1752 ο
219 1737 235 1772 ῆ
249 1736 318 1763 κατὰ
328 1735 466 1770 ἀνάμιξιν,
482 1736 519 1768 ὡς
533 1737 579 1762 ὲπὶ
589 1736 725 1771 διαφόρων
736 1736 871 1771 ἀλεύρων·

89 1785 104 1819 ἦ
118 1785 190 1810 κατὰ
210 1783 350 1817 σύγχυσιν,
367 1782 404 1814 ὡς
426 1783 471 1809 ἐπὶ
484 1783 602 1818 τηκτῶν,
619 1782 718 1818 χρυσοῦ
731 1784 777 1811 καὶ
789 1782 873 1817 ἀργύ-

91 1838 154 1866 pm,
176 1829 263 1864 κηροῦ
279 1829 325 1856 καὶ
343 1829 460 1862 πίσσης*
478 1829 494 1864 ἦ
513 1829 584 1855 κατὰ
600 1829 751 1864 ἁρμονίαν,
769 1829 807 1860 ὡς
825 1829 873 1856 ἐπὶ

89 1875 172 1902 λίθων
184 1884 191 1890 ·
213 1875 230 1909 ἦ
248 1875 317 1901 κατὰ
335 1874 485 1910 παράθεσιν
495 1895 502 1906 ,
515 1874 553 1906 ὡς
567 1875 614 1901 ἐπὶ
629 1874 734 1907 σανίδος
745 1883 752 1891 ·
769 1875 785 1910 ῆ
802 1875 872 1902 κατὰ

90 1919 264 1954 συναλοιφὴν,
279 1920 317 1952 ὡς
333 1921 379 1946 ἐπὶ
398 1921 538 1955 λαμπάδος
557 1921 588 1947 ὲκ
604 1922 690 1955 πυρὸς
704 1921 871 1956 προερχομέ-

86 1976 142 2001 νης.
158 1968 206 1992 καὶ
219 1964 295 1997 αὖθις
309 1966 454 2002 ἑνουμένης
467 1975 473 1981 ”
485 1966 502 2001 ἢ
512 1966 572 1992 κατ’
588 1966 734 1999 οὐσίαν,ὡς
748 1967 794 1993 ἐπὶ
811 1965 873 1992 ἀτό-

87 2022 156 2047 μων,
175 2014 278 2047 Πέτρου
293 2014 340 2039 καὶ
354 2013 501 2048 Παύλου,ἢ
518 2012 597 2039 τινῶν
612 2012 712 2045 ἵππων,
729 2013 745 2048 ἢ
761 2013 840 2047 βοῶν,
853 2012 870 2048 ἢ

84 2060 187 2093 ἑτέρων
210 2058 306 2090 ζώων·
330 2059 346 2093 ἢ
372 2058 442 2085 κατὰ
469 2058 570 2092 σχέσιν,
593 2058 630 2089 ὡς
654 2058 698 2084 ἐπὶ
719 2058 805 2092 φίλων
825 2059 873 2085 καὶ

85 2104 213 2139 γνωμῶν,
236 2105 274 2136 εἰς
289 2104 318 2130 ἓν
335 2104 440 2139 θέλημα
456 2105 661 2139 συνερχομένων
674 2111 682 2119 '
695 2103 711 2139 ἢ
727 2105 798 2131 κατὰ
811 2103 872 2131 σύν-

86 2151 171 2181 θεσιν,
189 2150 226 2182 ὼς
241 2150 287 2176 ἐπὶ
303 2150 391 2185 ψυχῆς
409 2150 457 2177 καὶ
473 2150 607 2185 σώματος.
629 2151 661 2176 'H
678 2150 706 2177 δὲ
726 2150 786 2176 καθ’
806 2150 871 2176 ὑπό-

86 2205 181 2223 στπσ.ν
209 2197 255 2222 ἐπὶ
277 2196 361 2230 μόνης
381 2196 487 2228 λέγεται
507 2197 555 2232 τῆς
574 2197 603 2222 ὲν
613 2196 723 2232 Χριστῷ
747 2197 872 2231 θεότητος
889 2191 910 2220 D

84 2244 132 2269 καὶ
145 2241 366 2277 ἀνθρωπότητος.
388 2242 564 2277 Ἐδογμάτισε
577 2242 605 2268 δὲ
620 2243 722 2278 ταύτην
735 2243 843 2278 πρῶτος
857 2244 871 2269 ὁ

82 2290 110 2316 ἐν
127 2289 219 2322 ἁγίοις
236 2287 379 2323 Κύριλλος.
396 2287 545 2323 Νεστοριου
560 2288 615 2323 γὰρ
633 2289 703 2315 κατὰ
721 2289 813 2324 σχέσιν
829 2297 872 2323 γε·

81 2334 177 2362 νέσοειι
197 2333 246 2368 τὴν
268 2333 366 2360 ἕνωσιν
381 2333 435 2359 τῶν
456 2333 484 2360 ὲν
506 2333 617 2369 Χριστῷ
636 2333 683 2360 δύο
705 2334 812 2369 φύσεων
832 2334 871 2360 δι-

79 2381 249 2412 δάσκοντος,
281 2379 363 2410 circo:
398 2379 659 2414 ἀντικαθιστάμενος
691 2381 725 2416 τῇ
757 2381 871 2415 τοιαύτῃ

82 2425 248 2462 βλασφημίᾳ
263 2424 312 2461 τὴν
328 2425 389 2452 καθ’
405 2425 554 2452 ὑπόστασιν
570 2426 702 2461 εἰσήγαγε
714 2446 721 2459 ,
737 2425 871 2461 δηλοῦσαν

79 2475 121 2501 ὅτι
141 2473 214 2499 κατὰ
233 2472 297 2507 μίαν
316 2472 483 2503 ὑπόστασιν.
501 2471 584 2507 ἧγςυν
601 2472 639 2503 είς
658 2471 687 2497 ἓν
705 2472 868 2506 πρόσωπον,

79 2519 237 2553 ήνὼοησαν.
261 2518 308 2543 Ἓν
328 2517 473 2549 πρόσωπον
489 2517 567 2552 ἔσχον
582 2518 609 2543 αί
625 2516 672 2543 δύο
689 2515 786 2551 φύσεις
797 2536 804 2545 .
822 2517 870 2543 καὶ

79 2566 110 2592 οὗ
131 2565 180 2590 δύο
200 2563 270 2589 κατὰ
293 2563 339 2589 τὸν
359 2563 440 2597 λῆρον
459 2563 615 2597 Νεστόριον.
636 2563 752 2594 Λέγεται
773 2562 802 2588 δὲ
823 2562 870 2588 καὶ

78 2610 212 2645 nonduin;
230 2610 246 2644 ἡ
264 2609 377 2643 τοιαύτη
398 2608 506 2641 ἓνωσις,
530 2609 615 2644 ἤγουν
635 2608 750 2644 ἀληθὴς,
770 2609 817 2635 καὶ
837 2609 867 2635 οὑ

79 2658 151 2684 κατά
171 2655 335 2690 φαντασίαν.

117 2747 172 2773 Καὶ
185 2746 273 2777 ἄλλως
287 2745 315 2771 δὲ
333 2744 392 2771 καθ’
412 2743 561 2772 ὑπόστασιν
578 2743 676 2775 ’ἐνωσις
692 2745 767 2771 ἐστιν
781 2745 797 2779 ἡ
814 2745 868 2771 τῶν

80 2792 260 2826 ἑτεροουσίων
274 2792 312 2822 εἰς
329 2790 393 2824 μίαν
406 2789 555 2816 ὑπόστασιν
573 2789 691 2822 σύνοδος,
709 2790 868 2826 σωζομένης

81 2838 188 2873 ἑκάστῳ
205 2838 250 2864 καὶ
268 2837 337 2872 μετὰ
353 2837 401 2873 τὴν
417 2836 515 2863 ἕνωσιν
527 2837 576 2871 τῆς
589 2837 706 2872 φυσικῆς
725 2837 865 2873 ἰδιότητος.

925 1567 1039 1596 possunt
1050 1561 1085 1588 ita
1101 1561 1241 1596 conjungi,
1258 1565 1287 1588 ut
1302 1568 1386 1587 unum
1402 1560 1465 1587 sint.
1475 1560 1521 1586 Vel
1531 1560 1710 1591 mistione,ut

924 1607 950 1634 in
967 1607 1012 1639 iis;
1020 1615 1079 1641 qum
1089 1607 1189 1642 liquida
1201 1610 1274 1637 sunt,
1287 1605 1376 1640 qualia
1401 1609 1465 1632 sunt
1487 1605 1576 1632 vinum
1589 1609 1616 1632 et
1628 1612 1709 1638 aqua.

924 1651 971 1680 Vel
986 1659 1093 1682 acervo.
1112 1652 1180 1678 utin
1198 1651 1240 1683 iis,
1262 1658 1321 1685 quae
1355 1656 1418 1677 sunt
1445 1650 1532 1683 arida,
1559 1650 1638 1684 quale
1669 1654 1710 1677 est

923 1698 1040 1726 triticum
1054 1701 1081 1725 et
1099 1697 1239 1724 hordeum.
1261 1696 1306 1723 Vel
1330 1695 1511 1725 imbibitione.
1528 1695 1596 1723 litin
1614 1695 1711 1722 humi-

923 1744 958 1771 do
970 1749 997 1770 et
1010 1744 1093 1775 sicco,
1105 1743 1191 1778 qualis
1205 1747 1246 1770 est
1264 1747 1334 1769 terra
1348 1747 1374 1769 et
1386 1749 1467 1777 aqua.
1483 1742 1528 1769 Vel
1553 1742 1710 1769 remistione
1741 1746 1746 1751 '

923 1794 953 1817 ut
970 1789 996 1816 in
1013 1790 1126 1817 diversis
1151 1789 1254 1816 farinis.
1288 1789 1336 1816 Vel
1362 1787 1533 1820 confusione,
1558 1792 1587 1814 ut
1614 1787 1642 1814 in
1665 1787 1709 1819 iis,

923 1843 981 1870 quae
992 1835 1143 1870 liqueﬁunt,
1161 1834 1248 1869 qualia
1260 1838 1322 1862 sunt
1334 1841 1429 1861 aurqu
1459 1837 1487 1860 et
1502 1837 1653 1869 argentum,
1681 1836 1710 1858 et

923 1889 984 1909 cera
996 1886 1023 1909 et
1038 1881 1093 1915 pix.
1119 1881 1166 1908 Vel
1184 1879 1371 1916 congruentia.
1389 1883 1418 1906 ut
1431 1879 1457 1905 in
1481 1878 1629 1913 lapidibus.
1659 1876 1708 1903 Vel

922 1928 1102 1962 oppositione,
1114 1930 1143 1953 ut
1163 1925 1189 1953 in
1205 1924 1312 1951 tabulis.
1338 1923 1387 1951 Vel
1408 1923 1610 1958 conjunctione,
1633 1926 1662 1949 ut
1681 1921 1708 1948 in

922 1973 1057 2008 lampade,
1071 1980 1130 2007 quae
1145 1979 1178 1999 ex
1195 1972 1257 2006 igne
1273 1970 1463 2006 proﬁciscitur,
1483 1973 1510 1996 et
1522 1977 1629 1996 rursum
1641 1975 1708 1996 con-

921 2018 1052 2054 jungitur.
1069 2018 1118 2045 Vel
1133 2017 1260 2048 essentia,
1273 2021 1303 2043 ut
1319 2016 1345 2043 in
1361 2015 1519 2046 individuis,
1535 2015 1630 2049 quales
1645 2018 1709 2041 sunt

923 2064 1021 2091 Petrus
1035 2067 1062 2090 et
1074 2062 1182 2093 Paulus,
1198 2065 1245 2088 aut
1268 2060 1350 2095 aliqui
1375 2060 1418 2087 vel
1446 2059 1520 2094 equi,
1546 2059 1588 2085 vel
1614 2058 1707 2088 boves,

923 2113 970 2135 aut
985 2108 1037 2135 alia
1054 2107 1190 2134 animalia.
1204 2106 1253 2133 Vel
1269 2105 1374 2137 habitu,
1396 2105 1465 2132 utin
1480 2103 1576 2131 amicis
1591 2107 1618 2130 ct
1643 2109 1708 2129 sen-

923 2153 1016 2180 tentiis
1044 2153 1071 2179 in
1096 2159 1177 2178 unam
1202 2151 1367 2178 voluntatem
1396 2148 1633 2177 convenientibus.
1659 2146 1709 2173 Vel

924 2198 1130 2234 compositione,
1146 2198 1215 2224 utin
1230 2197 1330 2229 anima,
1344 2200 1371 2223 et
1381 2202 1505 2230 corpore.
1515 2194 1562 2222 Vel
1578 2200 1707 2228 persona.

922 2245 960 2276 id,
977 2244 1049 2278 quod
1061 2244 1095 2271 de
1116 2243 1172 2270 sola
1187 2241 1328 2270 divinitate
1341 2246 1368 2268 et
1384 2240 1552 2268 humanitate
1562 2239 1589 2266 in
1600 2239 1710 2266 Christo

922 2290 1032 2317 dicitur.
1063 2289 1120 2316 Hoc
1147 2294 1236 2316 autem
1263 2286 1467 2322 coniunctionis
1495 2293 1582 2321 genus
1606 2285 1710 2320 primus

921 2337 1032 2365 tradidit
1044 2340 1154 2364 sanctus
1168 2335 1291 2370 Cyrillus,
1307 2341 1368 2360 cum
1388 2337 1552 2368 repugnaret
1572 2331 1707 2363 Nestorio,

920 2384 967 2418 qui
995 2383 1110 2411 duarum
1134 2383 1161 2409 iu
1185 2382 1294 2410 Christo
1317 2387 1477 2409 naturarum
1507 2378 1706 2414 copulationem

921 2431 1015 2458 habitu
1034 2430 1092 2457 ﬁeri
1115 2429 1241 2461 docebat.
1264 2427 1443 2456 Exsecrunda':
1460 2426 1532 2453 enim
1553 2426 1625 2453 illius
1640 2424 1708 2451 resi-

921 2483 997 2505 stens
1010 2477 1143 2512 opinioni,
1157 2475 1387 2511 conjunctionem,
1403 2481 1463 2509 quae
1476 2473 1505 2500 lit
1518 2480 1565 2508 per
1578 2472 1708 2506 byposta-

921 2522 971 2549 sim
987 2522 1046 2548 sive
1065 2529 1222 2556 personam,
1238 2520 1355 2551 induxit.
1385 2527 1437 2554 qua
1466 2518 1525 2546 dum
1553 2522 1657 2545 natura:
1681 2516 1709 2543 in

921 2575 974 2594 una
997 2575 1123 2602 persona,
1135 2574 1190 2593 non
1207 2570 1296 2593 autem
1312 2565 1339 2592 in
1352 2565 1466 2596 duabus,
1496 2568 1525 2590 ut
1550 2562 1629 2597 nugis
1652 2561 1709 2588 suis

919 2613 1058 2640 asserebat
1075 2612 1226 2643 Nestorius,
1242 2612 1414 2646 copulantur.
1428 2602 1532 2637 Diditur
1548 2613 1637 2635 autem
1651 2607 1709 2634 hate

919 2662 947 2685 et
968 2665 1016 2692 per
1026 2659 1172 2685 essentiam
1181 2657 1348 2693 coniunctio,
1365 2656 1437 2692 quod
1451 2663 1513 2683 vera
1535 2654 1580 2688 sit,
1591 2662 1645 2681 non
1658 2660 1708 2680 au-

920 2708 973 2730 tem
990 2703 1045 2731 sola
1055 2703 1184 2739 opinione
1199 2703 1327 2739 ﬁngatur.
1570 2716 1592 2736 κ

954 2750 1040 2777 Aliter
1051 2750 1134 2777 etiam
1150 2757 1192 2781 ea,
1209 2756 1268 2784 qua?
1286 2749 1399 2776 diversae
1417 2751 1481 2774 sunt
1507 2745 1633 2773 essentia»
1656 2750 1705 2778 per

919 2803 1001 2823 unam
1016 2803 1158 2830 personam
1166 2795 1205 2823 sic
1214 2795 1426 2830 coniunguntur,
1439 2796 1470 2819 ut
1481 2799 1565 2819 unum
1580 2791 1636 2817 sint
1645 2796 1709 2824 sua,

920 2841 1018 2877 cuique
1033 2841 1073 2867 vel
1089 2845 1150 2876 past
1163 2840 1388 2875 coniunctionem
1402 2842 1509 2866 servata
1526 2835 1704 2873 proprietate.
