1912 3078
164 120 214 151 231

787 115 978 148 EUTHYMII
999 115 1191 146 ZIGABEN’L

1735 115 1790 146 25?.

165 177 230 209 Quae
243 175 353 209 quidem
372 175 530 209 conjunctio
551 174 668 209 quadrat
695 174 776 201 etiam
805 173 902 200 animae
931 176 957 198 et

1019 169 1094 197 Γοῦτο
1104 169 1131 196 δὲ
1148 170 1294 204 ἁρμόσειεν
1312 168 1344 196 ἂν
1366 169 1413 198 καὶ
1429 168 1477 197 ἐπὶ
1497 167 1586 203 ψυχῆς
1601 169 1648 195 καὶ
1664 168 1792 202 σώματος

166 224 276 260 corpori
294 225 321 251 in
332 232 413 251 unam
423 224 588 252 coeuntibns
597 230 754 258 personam,
767 227 798 249 ut
807 222 952 249 Damasce-

167 280 218 298 nus
228 270 348 298 edocuit.

201 317 329 350 Ejusdem
341 316 441 343 dicitur
456 323 517 342 esse
534 323 656 349 persona:
680 314 719 345 id,
748 314 819 348 quod
852 313 878 340 in
902 320 955 339 una

167 362 318 396 eademque
350 369 466 396 persona
490 368 551 388 cum
589 360 643 387 alio
668 367 682 386 a
712 367 766 394 quo
790 359 899 386 diﬂ‘erre
913 366 956 385 es-

167 407 257 434 sentia
269 407 453 441 conjungitur,
471 411 500 433 ut
512 406 540 433 in
559 405 650 432 anima
660 413 768 439 quoque
785 404 815 431 ﬁt
843 409 870 431 et
895 411 958 430 cor-

167 460 244 488 pore.

204 497 337 524 Omnibus
349 497 428 523 rebus
444 497 578 524 immistus
591 503 633 524 est
648 496 719 524 Deus
733 504 781 530 per
794 495 957 531 potentiam,

169 548 296 570 naturam
314 543 447 576 cujusque
467 547 605 577 regentem
621 547 647 569 ct
665 546 885 574 conservantem,
915 541 959 568 Fi-

169 588 222 615 lius
243 591 373 614 autemet
383 587 454 614 Deus
471 595 534 614 cum
553 587 724 614 humanitate
745 591 882 622 assumpta
909 588 960 614 Ini-

170 637 228 659 ειυς
241 637 282 659 est
300 639 348 665 per
367 639 521 666 personam.

206 677 263 710 Qua
277 678 381 704 ratione
393 676 464 703 Patri
483 676 646 712 conjunctus
655 681 696 704 est
711 675 848 707 Christus,
864 675 959 702 eadem

172 726 198 750 et
209 722 288 750 nobis
301 723 465 757 coniunctus
479 727 531 753 est,
543 730 592 756 per
607 727 733 749 naturam
759 722 899 749 nimirum.
929 722 962 748 Et

171 776 224 801 qua
237 769 340 795 ratione
357 768 473 796 diﬂ'erta
497 769 589 798 Patre.
615 767 709 795 eadem
733 775 749 794 a
776 768 856 795 nobis
877 768 960 795 etiam

173 815 276 846 diﬂ'ert,
293 822 393 847 nempe
408 822 456 848 per
473 821 628 849 personam,
640 813 689 841 sibi
699 818 788 840 autem
805 821 854 848 per
869 821 962 848 perso-

1005 216 1045 247 είς
1070 215 1136 249 μίαν
1153 215 1308 241 ἑνωθέντων
1324 215 1484 246 ὑπόστασιν,
1511 214 1549 246 ὡς
1573 215 1588 240 ὁ
1610 215 1794 250 Δαμασκηνὸς

1005 260 1134 293 ἐδίδαξεν.

1048 306 1272 340 Ὀμοῦπόστατόν
1298 306 1403 333 ἔστιτὸ
1427 305 1468 337 είς
1484 305 1550 340 μίαν
1573 305 1620 332 καὶ
1642 305 1692 340 τὴν
1708 305 1795 341 αὐτὴν

1006 351 1158 378 ὑπόστασιν
1169 351 1242 386 ἄλλῳ
1258 351 1475 386 συντεθειμένον,
1491 351 1619 386 διαφέρον
1633 351 1661 378 δὲ
1677 351 1746 385 πρὸς
1762 351 1796 377 τὸ

1009 396 1075 423 αὐτὸ
1091 397 1163 424 κατὰ
1178 396 1226 431 τὴν
1245 397 1351 429 οὐσίαν,
1374 397 1411 429 ὡς
1423 397 1470 423 ἐπὶ
1482 396 1572 431 ψυχῆς
1591 396 1639 422 καὶ
1655 395 1794 429 σώματος.

1045 485 1116 511 [lch
1134 484 1183 519 μὲν
1207 485 1374 520 ἐγκέκραται
1393 485 1407 511 ὁ
1424 484 1490 516 Θεὸς
1512 484 1584 511 κατὰ
1605 484 1654 518 τὴν
1670 492 1798 510 συνεκτισ

1009 529 1060 564 κὴν
1072 531 1188 564 δύναμιν
1202 530 1253 564 τῆς
1281 531 1309 556 ἐν
1335 530 1443 564 ἑκάστῳ
1458 529 1575 564 φύσεως,
1596 529 1610 556 ὁ
1623 529 1652 556 δι
1669 529 1731 558 Υἱὸς
1747 530 1797 556 καὶ

1010 575 1076 607 Θεὸς
1098 576 1137 610 τῷ
1153 575 1350 610 προσλήμματι
1363 575 1426 602 καθ’
1441 575 1589 602 ὑπόστασιν
1602 576 1797 610 ἐγκαταμέμι-

1011 631 1086 648 κταμ

1045 664 1080 703 Ὦ
1097 655 1168 703 λόγῳ
1180 669 1194 694 ὁ
1205 669 1322 703 Χριστος
1340 669 1443 703 ἥνωται
1469 668 1507 702 τῷ
1531 668 1629 702 “arpi,
1643 668 1731 703 τούτῳ
1747 669 1797 695 καὶ

1010 713 1077 746 ἡμῖν
1088 721 1096 728 ·
1111 713 1181 739 κατὰ
1195 713 1245 748 τὴν
1261 713 1342 747 φύσιν
1359 713 1412 748 γάρ
1426 713 1472 739 καὶ
1485 712 1507 748 Ep
1522 713 1594 748 λόγῳ
1607 713 1733 748 διῄρηται
1748 713 1796 739 τοῦ

1012 759 1130 790 Πατρδς,
1140 758 1228 793 τούτῳ
1242 759 1289 786 καὶ
1304 759 1383 793 ἡμῶν
1393 767 1400 774 ⁶
1419 759 1489 786 κατὰ
1498 759 1548 794 τὴν
1568 759 1717 785 ὑπόστασιν
1728 759 1796 793 γάρ·

1013 804 1102 839 ἑαυτῷ
1125 804 1153 830 δὲ
1180 805 1252 831 κατὰ
1272 805 1320 838 μὲν
1340 805 1388 840 τὴν
1412 805 1561 832 ὑπόστασιν
1586 806 1706 840 ἥνωται,
1725 804 1798 831 κατὰ

173 836 276 846 .....-..,
293 836 393 847 ......,.-
409 836 452 848 τ-.
474 836 628 849 ,ψη-..ηπ
640 836 788 841 -.-η-.-.η
805 836 848 848 re.
869 836 944 848 μην

173 869 233 888 nam
249 859 276 886 in
287 867 370 887 unum
382 860 534 894 copulatur.
552 867 600 894 per
619 865 744 886 naturam
770 867 836 886 vero
865 859 962 886 dividi-

1019 849 1040 874 Ξὲ
1052 836 1101 883 τὴν
1117 851 1199 883 φύσιν
1213 836 1349 885 διῄρηται.
1366 836 1423 877 Καὶ
1440 850 1498 877 ἔστι
1513 850 1553 885 τῷ
1569 836 1617 885 μέν
1633 850 1721 886 [lupi
1747 852 1798 878 καὶ

174 912 227 934 tur.
244 906 277 933 Et
290 913 352 932 cum
371 906 451 932 Patre
470 905 578 940 quidem
597 909 624 932 et
647 905 790 932 nobiscum
819 910 861 932 est
889 905 962 940 ejus-

173 953 234 980 dem
254 955 366 984 naturze,
384 959 438 978 non
453 956 544 978 autem
558 951 680 985 ejusdem
708 958 841 985 personae,
868 958 961 977 secum

174 1000 264 1024 autem
279 996 338 1030 ipse
349 995 470 1030 ejusdem
485 1003 619 1030 personze,
648 1003 703 1022 nou
730 999 821 1022 autem
839 995 961 1029 ejusdem

174 1046 288 1068 naturae.
300 1041 330 1068 In
342 1049 375 1069 eo
389 1049 507 1076 namque
521 1046 626 1068 natura:
636 1045 700 1068 sunt
712 1040 783 1073 duae,
795 1045 822 1068 et
830 1049 882 1068 una
894 1040 964 1067 dun-

175 1093 248 1115 taxat
256 1095 383 1122 persona.

210 1134 324 1167 Quando
340 1134 376 1166 id,
388 1135 461 1168 quod
468 1133 649 1167 compositum
665 1137 715 1163 cst,
725 1140 818 1159 carum
834 1131 961 1166 partium,

175 1188 209 1208 ex
222 1179 320 1215 quibus
334 1185 451 1210 constat.
472 1179 633 1206 nominibus
644 1179 779 1213 appellare
793 1185 847 1204 non
866 1184 962 1210 possu-

177 1233 247 1258 mus,
263 1225 428 1260 tuncipsam
454 1229 579 1252 naturam
606 1232 687 1251 unam
724 1224 847 1251 absolute
871 1224 962 1250 dicere

175 1272 378 1303 consuevimus,
396 1276 424 1298 ut
447 1279 555 1305 corpus,
577 1272 648 1305 quod
664 1279 695 1297 ex
719 1275 836 1304 quatuor
857 1273 963 1297 constat

175 1317 328 1349 elementis,
342 1321 425 1350 terra,
442 1325 522 1351 aqua,
534 1324 607 1349 aere,
621 1321 648 1344 et
667 1316 739 1351 igne,
756 1324 817 1343 cum
849 1316 959 1351 proprie

175 1370 227 1390 nec
239 1366 352 1396 terram,
368 1370 420 1390 nec
431 1370 539 1397 aquam,
555 1370 606 1390 nec
626 1370 728 1395 aerem,
745 1369 795 1389 nec
808 1362 895 1396 ignem
916 1370 964 1388 noo

175 1407 282 1434 minare
298 1408 444 1442 possimus.
465 1408 538 1442 quod
554 1407 613 1435 hare
635 1408 768 1442 simplicia
803 1407 869 1438 sint,
896 1406 964 1434 illud

175 1453 369 1487 compositum,
387 1461 468 1480 unam
481 1454 569 1488 ipsam
580 1457 706 1480 naturam
720 1453 846 1487 corporis
868 1453 963 1488 appel-

1013 896 1080 928 ὴμῑν
1111 896 1247 930 ὸμοφυὴε,
1274 897 1305 922 οὐ
1334 897 1388 931 μὴν
1411 897 1631 931 ὸμοῡπόστατος·
1657 896 1750 931 ἐαυτῷ
1769 897 1798 923 δὲ

1013 942 1231 975 ὁμοίπόστατος,
1245 942 1274 968 οὐ
1289 942 1342 977 μὴν
1357 942 1490 976 ὁμοφυής.
1508 942 1581 969 Διότι
1592 942 1621 969 αἱ
1637 942 1687 977 μὲν
1701 941 1798 976 φύσεις

1014 987 1042 1014 ὲν
1056 987 1129 1022 αὑτῷ
1146 987 1203 1020 δύο,
1221 988 1269 1023 μία
1282 988 1310 1015 δὲ
1322 989 1339 1023 ἡ
1355 988 1514 1020 ὑπόστασις.

1049 1132 1086 1158 Τὸ
1097 1131 1124 1158 δὲ
1137 1131 1264 1158 σύνθετον
1275 1132 1372 1166 μηκέτι
1381 1131 1517 1166 δυνάμεθα
1528 1131 1629 1165 κυρίως
1638 1131 1731 1158 κα)εἴν
1741 1139 1798 1162 τοις

1013 1179 1127 1214 ὀνόμασι
1147 1179 1202 1205 τῶν
1227 1180 1330 1214 μερῶν,
1356 1180 1386 1212 ὲε
1414 1176 1451 1206 ὧν
1471 1180 1610 1214 συνετέθη.
1640 1178 1706 1205 Τότε
1733 1179 1799 1214 μίαν

1015 1225 1089 1259 αὖτῷ
1103 1225 1184 1257 φύσιν
1203 1224 1344 1256 ἁπολύτως
1365 1225 1456 1258 λέγειν
1476 1225 1621 1260 εἰώθαμεν·
1645 1222 1701 1251 οἷον
1719 1225 1751 1251 τὺ
1765 1225 1796 1251 ἐκ

1014 1271 1157 1306 τεσσάρων
1174 1271 1314 1306 στοιχείων
1334 1271 1513 1306 συγκείμενον
1531 1271 1686 1306 οίονδήποτε
1704 1270 1798 1304 σῶμα,

1014 1316 1076 1350 γῆς,
1103 1316 1210 1349 ὕδατος,
1236 1317 1326 1350 ἀέρος,
1348 1317 1444 1351 πυρὸς,
1463 1317 1500 1351 μὴ
1524 1317 1668 1351 δυνάμενοι
1694 1315 1799 1350 κυρίως

1016 1361 1106 1388 καλεῖν
1120 1362 1135 1397 ἦ
1153 1363 1214 1396 γῆν,
1228 1362 1244 1396 ἢ
1260 1363 1342 1397 ὕδωρ,
1354 1362 1370 1397 ἥ
1383 1363 1463 1397 ἀέρα,
1482 1362 1568 1397 ῆπῦρ,
1581 1362 1666 1393 ταῦτα
1682 1362 1734 1396 μὲν
1744 1362 1799 1396 γὰρ

1015 1407 1098 1438 ἁπλᾶ,
1112 1408 1200 1434 ἐκεῖνο
1218 1408 1246 1434 δὲ
1259 1408 1397 1438 σύνθετον,
1419 1408 1484 1442 μίαν
1497 1408 1562 1434 αὐτὸ
1578 1408 1659 1441 φύσιν
1671 1407 1798 1441 σώματος

1016 1453 1196 1488 ὀνομάζομεν.
1227 1454 1305 1480 Οὕτω
1331 1454 1359 1480 δὲ
1385 1452 1478 1480 λοιπὸν
1500 1454 1546 1480 καὶ
1568 1454 1612 1480 τὸν
1641 1454 1799 1486 ἄνθρωπον,

176 1495 274 1524 lamus.
292 1496 338 1524 Sic
351 1496 416 1524 item
431 1497 582 1527 hominem.
601 1505 663 1525 cum
694 1497 805 1532 proprie
830 1505 882 1524 nec
903 1499 961 1525 ani-

1019 1499 1126 1534 επείπερ
1139 1500 1169 1526 οὐ
1180 1500 1316 1534 δυνάμεθα
1329 1501 1432 1534 κυρίως
1440 1500 1532 1526 καλεῖν
1542 1499 1558 1535 ἦ
1569 1499 1668 1534 ψυχὴν,
1681 1498 1799 1533 ἢσῶμα,

176 1549 260 1573 mam,
274 1549 326 1568 nec
337 1549 448 1575 corpus,
461 1550 494 1569 ex
504 1542 602 1576 quibus
616 1543 784 1576 compositus
798 1549 848 1575 est,
863 1551 962 1571 vocare

176 1589 324 1618 valeamus,
341 1586 414 1620 quod
433 1586 484 1613 alia
501 1587 537 1613 sit
550 1587 656 1620 animm,
671 1587 722 1614 alia
747 1589 884 1622 corpOris.
910 1589 962 1616 alia

176 1631 296 1658 hominis
307 1631 441 1662 deﬁnitio.
453 1639 533 1659 unam
545 1640 578 1659 ex
590 1638 705 1667 utroque
727 1638 896 1661 constantem
913 1642 963 1661 na-

177 1679 264 1702 turam
276 1675 400 1704 dicimus.
410 1675 571 1711 Quanquam
597 1676 744 1711 Scriptura:
771 1686 829 1705 mos
852 1683 904 1710 est,
934 1684 964 1706 ut

177 1720 303 1747 libertate
319 1721 439 1755 Spiritus
453 1726 532 1748 utens
549 1729 581 1749 ex
603 1726 679 1757 parte
693 1727 778 1750 totum
795 1723 962 1752 denomincl.

178 1766 209 1793 In
220 1766 329 1794 Christo
338 1771 430 1794 autem
443 1767 600 1802 conjunctio
617 1773 658 1795 cst
671 1768 816 1803 ejusmodi,
830 1774 858 1796 ut
872 1770 963 1797 verbis

177 1816 296 1846 nequeat
312 1813 454 1847 explicari,
469 1813 522 1840 imo
542 1821 577 1840 ne
593 1813 709 1841 hominis
737 1814 847 1848 quidem
872 1819 964 1842 mente

178 1859 385 1892 comprehendi.
414 1858 507 1893 Neque
530 1860 603 1886 enim
628 1860 708 1887 aliam
737 1861 788 1888 sibi
819 1868 964 1895 personam

178 1902 297 1931 Verbum
311 1903 445 1937 adiunxit,
464 1904 511 1931 sed
530 1907 654 1931 naturam
667 1905 814 1932 humanam
828 1913 860 1933 ea
878 1906 964 1932 ratio-

180 1956 226 1981 ne,
243 1956 325 1983 quam
342 1950 400 1984 ipse
414 1949 501 1980 novit,
518 1951 664 1984 assumpsit
679 1957 803 1985 persona:
818 1959 880 1984 sum,
900 1952 964 1978 etin

179 2002 209 2022 se
219 1993 288 2028 ipso,
300 1998 330 2021 ut
341 1995 426 2030 magis
432 1995 541 2030 proprie
552 1995 651 2028 dicam,
662 1997 816 2031 supposuit.
829 1995 963 2029 Quoniam

179 2043 271 2067 autem
288 2040 388 2074 ipsum,
402 2040 448 2075 qui
463 2048 496 2067 ex
515 2041 658 2068 divinitate
678 2047 786 2069 constat
812 2046 839 2069 et
865 2042 965 2069 huma-

183 2084 281 2118 nitate,
297 2085 429 2120 partium,
446 2093 505 2120 qua:
520 2085 547 2112 in
563 2086 623 2121 ipso
640 2087 770 2120 copulata:
791 2091 865 2119 sunt,
879 2087 964 2114 nomi-

181 2130 264 2158 nibus
278 2131 386 2166 proprie
400 2139 547 2166 possumus
571 2132 708 2167 appellare
723 2141 730 2165 ;
751 2133 861 2168 proprie
889 2133 963 2160 enim

181 2176 257 2204 illum
273 2181 300 2204 et
314 2176 398 2204 Deum
413 2177 539 2209 dicimus,
549 2182 575 2205 et
590 2178 728 2206 hominem
758 2179 867 2214 proprie
881 2179 968 2206 nomi—
983 2173 1005 2201 ι)

181 2230 296 2255 namus;
322 2223 417 2251 merito
432 2228 543 2258 propter
569 2225 731 2252 autedictam
761 2232 870 2253 causam
897 2225 966 2253 duas

183 2268 271 2303 ipsum
288 2274 408 2302 naturas,
427 2277 481 2296 non
497 2275 587 2297 autem
605 2278 697 2302 unam,
712 2275 742 2298 ut
770 2276 877 2302 caetera.
907 2279 969 2306 quze

183 2314 332 2349 composita
345 2319 420 2346 sunt,
435 2315 559 2347 dicimus,
571 2323 622 2342 nec
633 2320 686 2343 tres
702 2324 710 2348 ;
727 2323 815 2350 neque
826 2317 900 2343 enim
922 2317 970 2345 ho-

183 2359 285 2386 minem
302 2359 370 2387 duas
385 2360 502 2388 dicimus
514 2365 636 2390 naturas.
651 2361 715 2388 licet
740 2361 767 2388 in
791 2361 908 2395 duabus,
940 2367 970 2390 ut

183 2404 399 2432 demonstratum
412 2410 464 2438 est,
478 2407 583 2434 naturis
598 2411 713 2435 constet.

219 2450 314 2481 Omnis
328 2454 488 2487 compositio
503 2460 535 2480 ex
556 2453 678 2487 partibus
707 2453 831 2488 proxime
859 2461 971 2488 compo-

184 2497 313 2524 nentibus
345 2502 530 2532 nuncupatur.
549 2496 641 2532 Itaque
669 2502 697 2524 ut
714 2497 837 2529 domum,
860 2505 913 2525 non
936 2506 969 2524 ex

186 2546 258 2570 terra
285 2547 313 2570 et
327 2550 408 2577 aqua,
425 2543 473 2570 sed
490 2550 523 2570 ex
545 2542 680 2578 lapidibus
705 2546 732 2569 et
759 2542 855 2578 lignis;
881 2543 970 2570 homi-

187 2596 303 2623 nemque
317 2597 371 2617 nou
384 2597 416 2617 ex
428 2593 546 2624 quatuor
560 2590 713 2622 elementis,
729 2590 776 2617 sed
792 2598 824 2616 ex
835 2589 970 2620 animaet

185 2640 300 2668 corpore
312 2634 438 2668 componi
458 2634 592 2668 dicimus;
616 2635 655 2661 sic
670 2634 809 2661 Christum
826 2642 859 2662 cx
871 2635 969 2663 divini-

186 2682 240 2706 tate
253 2683 280 2706 et
291 2679 461 2707 humanitate
477 2688 483 2707 :
499 2688 550 2706 non
562 2680 635 2707 cnim
655 2680 770 2714 partium
787 2685 878 2715 partes
904 2688 970 2708 con-

184 2723 347 2755 sideramus.
368 2724 415 2752 sed
432 2732 479 2753 eas
495 2729 583 2760 partes
602 2725 684 2758 solas.
710 2734 770 2761 qua:
793 2727 922 2762 proxima:
942 2731 970 2754 ct

184 2774 299 2797 summa:
306 2773 380 2797 sunt.

1015 1546 1044 1579 ἐξ
1058 1542 1096 1572 ὧν
1112 1547 1253 1582 συνετέθη.
1277 1547 1342 1573 ἄλλο
1369 1546 1423 1582 γὰρ
1450 1547 1513 1582 ὅρος
1541 1545 1641 1580 ψυχῆς,
1665 1545 1710 1572 καὶ
1735 1545 1802 1572 ἄλλο

1016 1592 1152 1626 σώματος,
1170 1593 1217 1619 καὶ
1241 1593 1304 1620 ἄλλο
1327 1592 1471 1626 ἀνθρώπου
1494 1592 1540 1618 τοῦ
1565 1592 1595 1624 ἐξ
1607 1591 1718 1626 ἀμφοῖν,
1734 1591 1802 1625 μίαν

1016 1638 1096 1671 φύσιν
1123 1636 1217 1664 τοῦτον
1236 1639 1478 1673 προσαγορεύομεν
1492 1646 1499 1653 ’
1525 1638 1550 1664 εἰ
1571 1638 1615 1663 καὶ
1635 1637 1750 1671 σύνηθες
1768 1638 1802 1671 τῇ

1017 1684 1114 1719 Γραφῇ
1128 1684 1258 1715 πολλάκις
1271 1686 1305 1719 τῇ
1325 1683 1467 1719 ἐλευθερίᾳ
1480 1683 1638 1718 κεχρημένη
1652 1682 1698 1709 τοῦ
1716 1684 1803 1709 Πνεύ-

1018 1737 1102 1764 ματος
1133 1730 1163 1755 ὲκ
1186 1729 1233 1755 τοῦ
1257 1729 1358 1764 μέρους
1382 1729 1413 1755 τὸ
1435 1729 1495 1755 ὅλον
1519 1728 1672 1761 ὀνομάζειν.
1696 1728 1758 1754 Ἐπὶ
1773 1728 1804 1755 δὲ

1016 1774 1062 1802 τοῦ
1080 1775 1200 1810 Χριστοῦ
1215 1775 1353 1810 ἄφραστος
1381 1775 1430 1810 μὲν
1449 1776 1466 1810 ἡ
1493 1775 1608 1806 ἐνωσις·
1637 1775 1667 1800 οὐ
1684 1775 1740 1810 γὰρ
1767 1775 1803 1802 ἃν

1017 1821 1140 1855 ἐφίκοιτο
1159 1821 1259 1855 ταύτης
1277 1821 1446 1855 ἀνθρώπινος
1467 1821 1538 1852 νοῦς.
1557 1821 1626 1847 Οὐδὲ
1647 1821 1701 1855 γὰρ
1735 1821 1804 1848 ὑπό-

1017 1875 1112 1893 στασιν
1133 1867 1230 1903 ἑτέραν
1251 1868 1265 1893 ὁ
1288 1867 1375 1901 Λόγος
1390 1867 1496 1902 ἥνωσεν
1516 1867 1616 1902 ἐαυτῷ,
1640 1867 1707 1894 ἀλλὰ
1720 1867 1804 1901 φύσιν

1017 1912 1203 1947 ἀνθρωπίνην,
1221 1912 1259 1944 ὡς
1281 1913 1361 1947 μόνος
1377 1913 1458 1944 αὐτὸς
1479 1912 1544 1944 οἶδε,
1563 1914 1596 1947 τῇ
1615 1913 1712 1940 ἑαυτοῦ
1737 1914 1804 1940 ὕπο.

1019 1957 1113 1983 στάσει
1137 1957 1238 1991 ἥνωσε,
1263 1957 1310 1983 καὶ
1336 1957 1365 1982 ὲν
1391 1956 1489 1991 ἑαυτῷ,
1517 1957 1685 1992 κυριώτερον
1699 1958 1802 1991 εἰπεῖν,

1018 2002 1181 2036 ὑπέστησεν.
1196 2002 1271 2028 Ἐπεὶ
1283 2003 1312 2029 δὲ
1328 2002 1409 2029 αὐτὸν
1422 2003 1454 2029 ὲκ
1465 2002 1591 2036 θεότητος
1601 2003 1647 2028 καὶ
1658 2002 1803 2037 ἀνθρωπό-

1020 2057 1101 2083 τητος
1129 2048 1194 2075 ὅντα
1211 2048 1352 2083 δυνάμεθα
1379 2048 1480 2084 κυρίως
1507 2048 1598 2075 λαλεῖν
1612 2050 1668 2079 τοῖς
1687 2049 1804 2083 ὀνόμασι

1017 2095 1071 2122 τῶν
1096 2094 1250 2121 ἑνωθέντων
1280 2095 1382 2130 μερῶν,
1409 2094 1477 2120 Θεὸν
1501 2095 1555 2130 γὰρ
1582 2094 1663 2121 αὐτὸν
1685 2094 1804 2129 λέγομεν

1018 2140 1129 2175 κυρίως,
1154 2140 1202 2167 καὶ
1225 2140 1367 2176 ἄνθρωπον
1385 2140 1466 2167 αὑτὸν
1476 2140 1655 2176 ,ὀνομάζομεν
1680 2142 1802 2176 κυρίως·

1019 2186 1131 2216 εἰκότως
1150 2186 1203 2221 ἄρα
1218 2186 1264 2212 καὶ
1276 2185 1322 2213 δύο
1339 2185 1434 2220 φύσεις
1454 2186 1535 2213 αὐτὸν
1550 2187 1803 2222 προσαγορεύομεν,

1019 2231 1067 2258 καὶ
1083 2231 1145 2257 οὔτε
1161 2231 1236 2267 μίαν,
1251 2231 1288 2263 ὡς
1303 2232 1388 2259 τᾶλλα
1413 2232 1575 2259 συντεθέντα
1591 2232 1636 2258 διὰ
1651 2232 1700 2266 τὴν
1716 2241 1804 2268 προα-

1020 2276 1176 2304 ποδοθεῐσαν
1194 2277 1293 2308 αἰτίαν,
1308 2278 1369 2304 οὔτε
1383 2279 1468 2312 τρεῖς.
1493 2278 1530 2304 Οὐ
1545 2279 1598 2312 γὰρ
1617 2278 1664 2305 δύο
1679 2278 1777 2311 φύσεις
1790 2280 1805 2305 ὁ

1019 2322 1162 2357 ἄνθρωπος
1176 2323 1296 2356 λέγεται,
1315 2325 1339 2350 εί
1359 2325 1404 2350 καὶ
1417 2324 1448 2350 ἐκ
1464 2324 1510 2350 δύο
1526 2324 1633 2358 φύσεων
1647 2324 1804 2358 σύγκειται,

1019 2367 1111 2399 καθὼς
1125 2369 1327 2396 ἀποδέδεικται.

1056 2449 1134 2474 Πᾶσα
1160 2448 1285 2479 σύνθεσις
1311 2450 1343 2476 ὲκ
1372 2449 1427 2476 τῶν
1451 2449 1594 2484 προσεχῶς
1621 2450 1804 2477 συντεθέντων

1021 2495 1204 2522 συντεθεῖσθαι
1221 2495 1341 2529 λέγεται.
1354 2496 1458 2530 Ὠσπερ
1475 2495 1528 2530 γὰρ
1543 2495 1587 2521 τὸν
1597 2493 1669 2522 οἶκον
1681 2497 1711 2522 οὐ
1726 2496 1804 2530 λέγο-

1022 2549 1072 2574 μεν
1096 2541 1128 2567 ὲκ
1141 2541 1192 2575 γῆς
1214 2541 1261 2568 καὶ
1285 2541 1392 2573 ὓδατος,
1416 2541 1474 2568 ἀλλ’
1497 2542 1529 2568 ὲκ
1545 2541 1626 2568 λίθων
1649 2544 1695 2568 καὶ
1717 2542 1803 2574 ξύλων

1021 2586 1218 2619 συντεθεῖσθαι,
1236 2587 1336 2622 ὁμοίως
1362 2587 1391 2614 δὲ
1417 2587 1464 2614 καὶ
1482 2587 1528 2612 τὸν
1545 2587 1688 2622 ἄνθρωπον
1704 2587 1753 2613 οὐκ
1770 2588 1803 2614 ἐκ

1020 2632 1073 2659 τῶν
1089 2633 1230 2668 τεσσάρων
1246 2633 1395 2668 στοιχείων,
1415 2632 1473 2660 ἀλλ’
1485 2634 1518 2659 ἐκ
1537 2633 1664 2667 σώματος
1685 2634 1731 2660 καὶ
1749 2634 1802 2668 ψυ-

1020 2678 1086 2713 χῆς·
1106 2677 1177 2704 οὕτω
1191 2678 1238 2704 καὶ
1251 2678 1296 2704 τὸν
1310 2678 1428 2713 Χριστὸν
1440 2679 1471 2704 ὲκ
1491 2679 1618 2712 θεότητος
1635 2679 1681 2705 καὶ
1696 2678 1801 2712 ἀνθρω-

1019 2725 1145 2758 πότητος.
1166 2724 1196 2751 οὐ
1219 2724 1253 2750 τὰ
1271 2725 1341 2759 μέρη
1359 2725 1412 2752 τῶν
1431 2725 1524 2760 μερῶν
1540 2724 1715 2756 σκοποῦντες,
1734 2725 1802 2752 ἀλλὰ

1021 2770 1090 2806 μόνα
1122 2769 1156 2797 τὰ
1190 2770 1394 2805 προσεχέστερα
1426 2770 1495 2805 μέρη
1534 2770 1580 2796 καὶ
1620 2770 1801 2803 κεφαλαιωδὲ-

1021 2824 1114 2847 στερα.
