1912 3078
73 120 125 152 253

563 119 750 149 PANOPLIA
770 118 998 150 DOGMATICA.
1016 129 1050 137 ’-
1068 119 1141 149 TlT.
1162 119 1229 149 VII.

1652 119 1705 150 25‘.

106 183 138 209 El
166 182 182 208 ό
202 180 352 216 ἄνθρωπος
376 181 405 206 ἐν
417 180 478 206 δυσὶ
492 180 599 215 φύσεσι,
625 182 763 214 σώματος,
785 178 863 211 λέγω1

958 175 986 203 Si
997 176 1078 204 homo
1092 179 1198 203 constat
1214 183 1246 202 ex
1266 182 1380 210 corpore
1391 180 1417 203 et
1430 175 1529 208 anima,
1554 180 1584 202 ut
1599 175 1705 203 duabus

74 229 120 255 καὶ
131 227 240 262 ψυχῆς,
256 227 272 253 ὁ
292 225 408 261 Χριστὸς
425 225 478 261 ἄρα
491 226 521 251 ὲν
537 226 625 260 τρισὶν
647 225 725 251 ἔσται
745 223 868 256 φύσεσιν.

79 273 158 301 Ἀλλὰ
174 273 245 307 μίαν
262 272 320 307 ἔχει
341 271 422 306 φύσιν
437 273 450 298 ὁ
471 271 625 306 ἄνθρωπος.
643 270 727 303 Ἀλλη
747 269 796 304 μὲν
816 268 870 303 γὰρ

75 318 154 353 φύσις
172 318 321 352 σώματος,
335 317 382 343 καὶ
399 316 467 351 ἄλλη
482 317 571 351 ψυχῆς
582 316 704 350 λογικῆς,
721 311 758 340 ὧν
774 315 790 349 ὴ
807 313 870 339 σύν-

75 365 130 395 οῖος
146 363 214 398 μίαν
231 362 363 390 ἀποτελεῖ
378 362 459 396 φύσιν
471 362 518 389 τοῦ
540 361 698 395 ἀνθρώπου.
718 361 772 386 Καὶ
788 359 868 394 μέχρι

77 411 123 446 μὲν
137 411 171 437 ἂν
187 411 309 446 ἥνωται,
329 409 438 444 λέγεται
463 408 617 443 ἄνθρωπος,
636 406 869 441 διαζευγνυμένων

74 457 110 488 δὲ,
126 456 177 484 οὐκ
194 457 252 489 ἔτι,
266 455 336 482 ἀλλὰ
354 456 384 481 τὸ
405 456 454 490 μὲν
472 455 562 489 σῶμα,
582 454 613 481 τδ
625 454 653 480 δὲ
671 453 744 488 ψυχὴ
759 452 866 487 λογική.

74 503 143 530 Μίαν
160 502 257 529 τοίνυν
272 502 330 537 ἔχει
342 501 424 536 φύσιν
435 502 448 527 ὁ
465 501 607 536 ἄνθρωπος
623 499 760 526 σύνθετον.

73 581 79 607 l

108 634 194 668 Εἴπερ
203 634 277 660 ἴδιον
295 633 341 660 τοῦ
353 633 441 667 Λόγου
457 634 488 659 τδ
497 632 677 668 πρόσλημμα,
692 631 797 663 πάντως
814 633 868 667 ἄρα.

75 679 120 706 καὶ
134 679 170 705 τὰ
184 678 237 705 τοῦ
252 679 320 704 ἰδίου
334 679 551 713 προτλήμματος
567 675 643 709 οὗτος
659 678 865 713 ίδιοποιήσεται,

75 725 98 751 εί
113 725 161 752 καὶ
183 725 223 759 μὴ
241 725 388 751 ὑπόκειται
408 724 523 755 τούτοις·
544 724 590 750 καὶ
616 723 765 758 μεταδώσει
780 724 867 758 τούτῳ

75 770 127 796 τῶν
147 770 264 803 ἑαυτοῦ,
289 771 313 797 εἰ
338 771 384 797 καὶ
416 771 454 805 μὴ
481 769 576 802 οὕτως,
606 770 645 801 ὡς
673 770 755 801 αὐτὸς
780 770 866 796 ταῦτα

75 816 218 851 κέκτηται.
240 817 330 843 Τοῦτο
349 817 377 843 δὲ
399 817 501 852 τρόπον
526 817 688 848 ἀντιδόσεως
713 816 862 851 καλοῦμεν,

76 862 295 896 περιχωρουσῶν
322 863 361 893 εις
386 862 504 897 ἀλλήλας
533 863 588 888 τῶν
619 863 737 896 φύσεων,
764 862 811 888 καὶ
830 861 864 888 τὰ

77 906 195 942 ἀλλήλων
220 907 456 942 ἰδιοποιονμένων.
473 908 502 934 ΕΞ
520 907 549 934 δὲ
572 908 619 934 καὶ
644 909 808 942 περιχωρεῖν
824 909 863 939 εἰς

76 954 201 988 ἀλλήλας,
220 955 273 981 καὶ
289 955 318 979 ὲν
332 954 462 988 ἀλλήλαις
475 954 575 985 ταύτας
589 953 690 988 φαμὲν,
701 953 758 980 ἁλλ’
774 953 820 980 οὖν
833 955 865 980 ἐκ

77 999 123 1034 τῆς
142 999 219 1030 Θείας
237 999 349 1033 φύσεως
365 1000 381 1034 ἡ
402 998 585 1034 περιχὼρησις
603 999 716 1033 ιυρίως.
729 998 802 1032 Αὕτη
815 999 864 1032 μὲν

79 1046 128 1079 γὰρ
143 1045 188 1072 διὰ
201 1046 317 1072 πάντων
331 1046 385 1072 τῶν
401 1046 557 1081 κτισμάτων
568 1045 606 1077 ὡς
626 1045 752 1081 βούλεται
763 1045 863 1080 διήκει,

79 1091 120 1118 διὰ
137 1092 164 1118 δὲ
179 1093 289 1127 ταύτης
304 1093 391 1118 οὐδέν.

111 1179 182 1214 Τρία
197 1178 328 1214 σημαίνει
353 1179 370 1213 ἡ
387 1178 530 1209 ἀντίδοσις,
552 1177 580 1203 ἓν
597 1177 646 1212 μὲν
669 1177 718 1212 τὴν
733 1177 787 1203 τῶν
805 1177 865 1203 ὀνο-

83 1225 181 1258 μάτων,
197 1225 236 1256 ὡς
263 1225 327 1250 ὅταν
344 1224 389 1250 τὸν
409 1223 553 1258 ἄνθρωπον
574 1223 699 1257 λέγοιμεν
721 1223 797 1255 Θεὸν,
817 1224 864 1249 καὶ

80 1271 122 1296 τὸν
138 1271 204 1297 Θεὸν
220 1270 367 1306 ἄνθρωπον
377 1277 384 1285 ·
399 1269 493 1305 ἕτερον
504 1270 532 1296 δὲ
545 1270 593 1305 τὴν
606 1269 661 1295 τῶν
680 1270 862 1305 πραγμάτων,

83 1316 140 1350 ἣτις
153 1316 212 1342 ἐστὶ
224 1316 314 1351 διττὴ,
334 1316 350 1350 ή
372 1315 421 1349 μὲν
437 1315 480 1350 ἴση
494 1316 540 1341 καὶ
556 1315 691 1349 ἀνόμοιος,
705 1315 742 1346 ὡς
756 1315 801 1341 ἐπὶ
815 1314 862 1341 τοῦ

83 1362 314 1398 ὀνθρωπισθέντος
329 1362 409 1393 Θεοῦ,
425 1363 471 1388 καὶ
485 1362 532 1388 τοῦ
546 1362 692 1394 θεωοέντος
706 1361 863 1396 ἀνθρώπου.

85 1409 112 1434 Εἰ
127 1409 179 1444 γὰρ
191 1410 240 1436 καὶ
254 1409 381 1435 τοσοῦτον
392 1407 495 1443 ὲθεώῡη
516 1410 529 1435 ὁ
551 1408 737 1443 προσ-ληφθεὶς
756 1407 861 1442 ἄνθρω-

85 1463 141 1486 πος,
161 1455 223 1481 ὅσον
247 1454 459 1489 ὲνηνθρὼπησεν
478 1454 492 1480 ὀ
512 1453 671 1487 προσλαὸὼν
691 1454 766 1485 Θεὸς,
792 1453 861 1480 κατὰ

922 222 1036 253 naturis,
1052 222 1177 249 Christus
1193 222 1286 257 utique
1297 229 1328 248 ex
1343 222 1429 249 tribus
1455 223 1563 250 naturis
1592 226 1702 250 consta-

924 268 976 294 bit.
992 268 1026 294 At
1038 266 1146 294 unicam
1174 267 1255 294 habet
1279 267 1360 294 homo
1382 271 1517 294 naturam.
1548 268 1612 294 Nam
1641 267 1704 294 licet

920 313 972 340 alia
988 313 1111 347 corporis
1128 317 1225 340 natura
1243 312 1289 343 sit,
1306 312 1356 339 alia
1368 313 1466 339 anima:
1478 313 1586 340 ratione
1603 313 1703 347 pradi-

920 362 964 388 tm.
978 357 1074 384 horum
1088 361 1178 384 tamen
1194 358 1353 392 congressio
1365 363 1489 385 naturam
1517 366 1598 384 unam
1617 358 1704 384 homi-

919 403 960 429 nis
972 403 1091 430 coniicit.
1111 402 1142 429 Et
1157 403 1276 437 quandiu
1302 404 1447 438 conjuncta
1472 408 1592 436 manent,
1620 402 1703 430 homo

918 450 1035 483 dicitur;
1051 453 1228 484 posteaquam
1254 449 1375 483 seiuncta
1402 453 1475 480 sunt,
1505 457 1558 476 non
1587 450 1703 484 amplius

875 524 882 529 _
919 493 1012 524 homo.
1028 494 1075 521 sed
1091 502 1154 529 pars
1166 502 1219 521 una
1235 494 1360 526 cadaver,
1375 495 1459 521 altera
1475 495 1565 522 anima
1597 495 1703 522 ratione

918 540 1042 575 praedita.
1059 540 1145 567 Unam
1161 540 1245 574 igitur
1259 540 1339 567 habet
1355 540 1437 567 homo
1452 545 1576 567 naturam
1591 548 1704 575 compo-

917 585 1009 612 sitam.

952 630 980 658 Si
993 636 1132 666 assumpta
1157 631 1312 660 humanitas
1337 637 1378 659 est
1399 632 1477 660 Verbi
1501 632 1619 666 propria,
1643 639 1703 665 qum

918 677 1093 705 humanitatis
1120 683 1266 712 assumpta:-
1292 679 1402 714 propria
1421 683 1496 710 sunt,
1517 683 1597 705 erunt
1621 678 1702 705 etiam

918 722 1000 750 Verbi
1020 724 1139 759 propria,
1152 724 1262 752 liceteis
1272 733 1300 751 se
1312 725 1399 759 ipsum
1415 732 1470 751 non
1495 725 1633 759 subjiciat,
1655 724 1702 751 sed

918 769 955 796 illi
973 770 1165 801 communicet,
1181 778 1240 804 quae
1270 779 1318 798 sua
1338 776 1413 804 sunt,
1439 771 1562 805 quamvis
1586 778 1639 798 non
1670 777 1704 797 eo

919 815 1011 845 modo.
1030 823 1085 849 quo
1104 823 1135 842 ea
1155 824 1208 843 ase
1223 817 1408 850 possidentur.
1429 816 1505 843 lianc
1528 821 1618 843 autem
1642 824 1704 843 mu-

916 860 1135 888 luaatributiouis
1151 862 1282 889 rationent
1298 870 1442 894 vocamus,
1468 870 1520 896 qua
1542 866 1647 889 natura:
1673 870 1703 889 se

916 906 1034 934 vicissim
1049 907 1170 942 capiunt,
1186 913 1213 934 et
1227 916 1286 942 qua:
1300 909 1408 942 utrique
1426 910 1536 943 propria
1550 912 1624 940 sunt,
1649 908 1701 935 sibi

916 957 1010 980 mutuo
1024 953 1157 981 tribuunt.
1172 954 1210 981 Ae
1223 955 1328 981 tametsi
1341 954 1459 981 viciSsim
1483 962 1515 981 ac
1532 959 1626 981 mutuo
1654 954 1703 981 has

916 1000 985 1027 inter
1002 1007 1031 1027 se
1047 1008 1201 1028 commeare
1213 1001 1339 1034 dicimus,
1356 1002 1408 1029 hoc
1438 1006 1528 1029 tamen
1554 1009 1586 1028 ex
1611 1001 1701 1028 divina

916 1047 1022 1080 proprie
1039 1051 1133 1073 natura
1151 1047 1259 1081 pendet,
1281 1056 1339 1082 quae
1354 1055 1401 1081 per
1416 1048 1507 1074 omnia
1528 1048 1638 1077 transit.
1673 1052 1701 1074 et

914 1097 1048 1120 commeat
1076 1097 1103 1120 et
1128 1097 1262 1128 penetrat,
1292 1093 1329 1121 uti
1356 1094 1423 1126 vult,
1448 1101 1495 1128 per
1518 1093 1589 1119 illam
1610 1097 1701 1119 autent

915 1137 995 1164 nilul.

951 1182 1012 1210 llaec
1024 1188 1117 1210 mutua
1137 1182 1249 1210 tributio
1264 1183 1305 1210 vel
1322 1183 1349 1210 in
1364 1183 1520 1211 nominibus
1544 1184 1703 1211 considera-

915 1233 967 1260 tur.
985 1234 1015 1256 ut
1031 1237 1092 1256 cum
1113 1229 1250 1256 hominem
1271 1229 1388 1256 dicimus
1423 1229 1518 1262 Deum,
1561 1234 1588 1256 el
1617 1230 1700 1256 Deum

915 1274 1063 1306 hominem,
1082 1275 1123 1300 vel
1148 1273 1174 1301 in
1193 1274 1284 1305 rebus,
1298 1278 1325 1300 et
1353 1275 1410 1301 hiec
1429 1279 1470 1301 est
1500 1275 1608 1308 duplex.
1633 1274 1699 1301 Nam

913 1324 960 1345 aut
980 1318 1091 1353 aequalis
1107 1323 1186 1346 estet
1218 1319 1369 1351 dissimilis,
1401 1325 1430 1346 ut
1455 1320 1481 1346 iu
1511 1320 1566 1346 Deo
1590 1321 1701 1347 homine

914 1364 998 1394 facto,
1011 1368 1038 1390 et
1055 1363 1082 1390 in
1099 1364 1210 1391 homine
1222 1364 1293 1392 {acto
1310 1364 1376 1391 Deo.
1404 1363 1564 1397 Licet,enim
1594 1369 1699 1393 tantum

913 1414 1069 1444 assumptus
1089 1410 1169 1437 homo
1185 1410 1273 1437 factus
1298 1410 1333 1437 sit
1364 1409 1445 1440 Deus.
1469 1415 1601 1444 quantum
1629 1410 1700 1437 Deus

913 1454 1050 1482 hominem
1068 1463 1209 1482 assumens
1227 1455 1313 1482 factus
1343 1459 1385 1482 est
1411 1455 1512 1486 homo;
1532 1462 1580 1489 per
1601 1463 1699 1489 corpus

86 1500 160 1534 σῶμα
177 1500 242 1535 γὰρ,
257 1500 306 1527 καὶ
329 1499 429 1535 ψυχὴν,
449 1500 494 1526 καὶ
516 1498 579 1526 νοῦν
593 1499 639 1526 καὶ
655 1500 671 1535 ἡ
687 1498 859 1534 ὲνανορώπη-

917 1501 982 1527 zuim
997 1505 1024 1527 et
1038 1500 1168 1532 animam,
1186 1504 1213 1528 et
1229 1505 1346 1527 mentem
1362 1504 1478 1534 utroque
1503 1499 1606 1527 factum
1636 1504 1698 1534 est;

86 1553 133 1577 σις,
154 1546 201 1572 καὶ
225 1547 243 1581 ἡ
270 1545 384 1577 θέωσις·
410 1545 468 1572 ἀλλ’
487 1546 536 1580 οὐχ
557 1545 668 1579 ὁμοίως.
696 1545 725 1572 ὐ
741 1546 790 1580 μὲν
808 1546 862 1580 γὰρ

87 1592 159 1624 φύσει
183 1593 298 1627 γέγονεν
318 1592 470 1626 ἄνθρωπος.
489 1592 503 1618 ὁ
527 1592 554 1618 δὲ
580 1591 654 1618 θέσει
673 1592 750 1623 Θεὸς.
775 1592 807 1618 'H
834 1592 862 1617 δὲ

86 1636 159 1671 ὁμοία
187 1639 233 1664 καὶ
259 1637 364 1668 ἄνισος,
379 1637 416 1667 ὡς
438 1636 484 1662 ἐπὶ
510 1637 560 1670 τῆς
586 1636 804 1671 ἐμπνευσοείσης
824 1637 862 1672 τῷ

88 1683 213 1720 ἀνθρώπῳ
232 1685 308 1719 παρὰ
332 1683 400 1710 Θεοῦ
423 1683 523 1717 ψυχῆς.
541 1683 585 1709 καὶ
603 1685 652 1718 τῆς
674 1683 863 1718 δανεισθείσης

87 1728 120 1762 τῷ
135 1729 192 1763 Θεῷ
207 1730 253 1756 καὶ
278 1730 357 1764 Λόγῳ
376 1730 453 1764 παρὰ
478 1729 621 1764 ἀνθρώπου
647 1729 756 1764 σαρκός.
773 1730 862 1756 Είκὼν

89 1774 133 1807 μὲν
149 1775 200 1809 γὰρ
224 1776 294 1802 Θεοῦ
310 1776 355 1802 καὶ
376 1776 458 1809 ὁμοία
485 1776 556 1802 κατὰ
580 1775 610 1802 τὸ
629 1776 743 1802 δυνατὸν
757 1776 773 1810 ἡ
788 1775 862 1811 ψυχὴ

87 1818 176 1853 λέγοιτ’
201 1821 245 1854 ἂν,
273 1821 319 1854 ἴση
345 1821 373 1847 δὲ
400 1820 537 1854 οὐδιμῶς.
564 1821 618 1846 Καὶ
645 1821 705 1846 τότε
734 1820 785 1854 μὲν
813 1819 875 1860 τοῦ.

88 1866 230 1900 κρείττονος
245 1867 408 1902 μετέδωκεν,
423 1867 537 1901 ὕστερον
549 1866 576 1893 δὲ
589 1866 720 1901 μετέλαϐε
736 1866 783 1892 τοῦ
800 1868 861 1901 χεί-

89 1919 168 1945 ρονος.
186 1913 357 1948 Σημειωτέον
374 1913 402 1939 δὲ
416 1913 456 1939 ὁτι
468 1913 535 1938 ποτὲ
554 1913 603 1946 μὲν
618 1913 663 1938 τὸν
677 1913 742 1939 Θεὸν
754 1913 862 1947 ἀνορω-

90 1965 134 1983 πον
147 1958 274 1994 λέγομεν,
290 1959 356 1986 ποτὲ
371 1959 399 1985 δὲ
413 1959 457 1985 τὸν
471 1958 616 1993 ἄνθρωπον
636 1959 717 1985 Θεόν·
739 1958 789 1993 τὴν
804 1960 862 1985 θεό-

88 2011 149 2037 τητα.
162 2006 189 2032 δὲ
201 2007 357 2042 ἄνθρωπον,
373 2005 390 2041 ἢ
412 2005 461 2041 τὴν
485 2005 683 2041 ἀνορωπότητα
701 2005 767 2032 Θεὸν
784 2006 862 2032 οὖδα-

91 2050 151 2084 μῶς-
202 2082 204 2084 ,

120 2097 172 2124 Οὐκ
185 2098 261 2126 ἔστιν
275 2099 365 2134 εὑρεῖν
381 2098 474 2125 εἰκόνα
496 2099 707 2134 παραστατικὴν
728 2099 775 2126 τοῦ
795 2107 862 2134 προ-

91 2145 218 2177 κειμένου·
245 2143 434 2179 πειρασόμεθα
466 2144 495 2170 δέ
523 2152 582 2170 τινα
610 2145 793 2179 παριγαγεῖν,
813 2153 861 2179 με-

89 2186 160 2220 τρίαν
176 2188 223 2223 μὲν
238 2189 278 2220 ὡς
291 2188 360 2223 πρὸς
373 2188 404 2214 τὸ
426 2187 542 2223 μέγεθος
562 2188 609 2215 τοῦ
627 2190 791 2224 μυστηρίου,
807 2190 861 2216 τῶν

91 2230 114 2256 δὲ
127 2231 221 2261 λοιπῶν
243 2233 427 2270 ἀληθεστέραν
447 2234 488 2266 είς
512 2235 669 2269 ἐμφέρειαν.
690 2235 794 2270 ’Ὠσπερ
806 2236 861 2271 γὰρ

91 2276 112 2300 εί
127 2280 321 2314 πεπυράκτωτο
335 2279 385 2315 μὲν
395 2279 455 2311 ὅλος
474 2279 539 2315 ἀὴρ,
558 2281 658 2314 μᾶλλον
670 2281 697 2307 δὲ
710 2283 734 2307 εἰ
747 2281 801 2317 πῦρ
814 2279 861 2317 ἦν,

92 2323 179 2356 κόκκος
190 2325 217 2352 δέ
233 2335 276 2358 τις
301 2326 428 2360 σιδηροῦς
445 2326 553 2361 ὲνετέθη
575 2327 674 2363 τούτῳ,
690 2327 798 2361 ἀνάγκη
814 2327 862 2354 καὶ

92 2367 175 2396 τοῦτον
199 2372 268 2406 πρὸς
288 2372 318 2398 τὸ
340 2371 506 2406 ἐπικρατοῦν
528 2372 698 2398 πεποιῶσοαι
723 2373 851 2399 τοσοῦτον

93 2412 125 2444 ὡς
140 2417 174 2450 μὴ
188 2417 274 2445 δοκεῖν
290 2418 383 2453 ἕτερον
397 2416 467 2444 εἶναι
482 2417 526 2444 διὰ
543 2418 574 2445 τὸ
590 2418 656 2454 πῦρ,
672 2420 698 2446 εί
720 2419 768 2446 καὶ
785 2421 799 2446 ὁ
812 2421 862 2454 τῆς

94 2461 176 2495 οὐσίας
191 2465 264 2501 αὐτῷ
283 2466 362 2500 λόγος
385 2465 532 2500 ὑφίστατο·
556 2465 643 2498 οὕτως
660 2467 676 2502 ή
701 2467 861 2502 ἀνθρωπίνη

95 2507 163 2541 φύσις
179 2511 308 2539 ἐκλυθεῖσα
324 2514 356 2547 τῇ
372 2512 419 2538 τοῦ
434 2512 502 2538 Θεοῦ
516 2513 708 2548 κατεκρατήθη
723 2513 860 2547 τοσοῦτον,

96 2551 128 2584 ὡς
147 2556 179 2590 μὴ
191 2557 278 2584 δοκεῖν
296 2558 337 2584 ἔτι
352 2557 434 2592 φύσιν
445 2557 589 2593 ἀνθρώπου
604 2559 705 2592 μένειν.
722 2559 772 2585 Διὰ
783 2558 862 2585 τοῦτο

97 2599 137 2624 καὶ
149 2601 172 2627 οἱ
183 2602 303 2639 Πατέρες
319 2603 469 2630 τεθεῶσθαι
484 2605 588 2639 ταύτην
605 2605 734 2640 εἰρήκασι
750 2604 817 2637 πρὸς
832 2604 862 2631 τὸ

99 2643 245 2680 ὲἰευιριιτοῡν
265 2650 481 2684 ἀποϐλέψαντες.
499 2650 583 2677 Ὅθεν
598 2651 646 2677 καὶ
664 2650 713 2685 μία
728 2650 830 2676 τούτων
844 2650 860 2685 ὴ

99 2694 269 2731 προσκύνησις
282 2696 328 2723 διὰ
351 2697 402 2733 τὴν
426 2697 491 2732 μίαν
511 2696 613 2724 τούτων
639 2697 789 2724 ὑπόστασιν
815 2697 861 2723 καὶ

100 2734 231 2775 ἀδιαίρετον
245 2742 355 2770 ἕνωσιν.

913 1554 968 1573 non
984 1546 1112 1573 similiter
1124 1551 1234 1573 tamen:
1253 1546 1323 1572 Deus
1337 1546 1409 1572 enim
1423 1553 1471 1581 per
1493 1550 1620 1573 naturam
1643 1545 1702 1573 fae-

915 1596 958 1618 tus
978 1596 1019 1618 est
1034 1591 1127 1623 homo,
1143 1594 1223 1618 homo
1233 1596 1322 1618 autent
1332 1599 1379 1625 per
1396 1591 1507 1626 gratiam
1528 1592 1610 1618 Deus.
1645 1592 1698 1618 Aut

914 1636 1012 1664 similis
1042 1641 1070 1663 et
1095 1637 1245 1671 imequalis,
1263 1636 1331 1663 utin
1350 1636 1441 1663 anima
1467 1644 1488 1674 a.
1510 1636 1565 1663 Deo
1593 1636 1698 1663 homini

912 1683 986 1714 data,
1004 1687 1034 1709 ut
1051 1682 1078 1709 in
1091 1690 1174 1709 carne
1189 1683 1222 1710 ab
1237 1683 1347 1711 homine
1365 1684 1418 1711 Deo
1434 1687 1461 1710 et
1472 1683 1561 1710 Verbo
1586 1683 1699 1710 tributa.

913 1730 1005 1763 imago
1020 1729 1093 1756 enim
1114 1729 1160 1756 Dei
1173 1735 1224 1762 est,
1239 1734 1266 1756 et
1277 1730 1365 1764 quoad
1376 1730 1432 1757 ﬁeri
1458 1734 1557 1764 potest,
1586 1729 1639 1756 Deo
1661 1729 1700 1756 si-

914 1775 984 1802 milis
1000 1775 1099 1806 anima,
1115 1775 1229 1809 aequalis
1245 1780 1336 1802 autem
1354 1775 1430 1803 nullo
1455 1775 1548 1803 modo.
1578 1775 1612 1802 Et
1635 1779 1701 1802 tunc

912 1821 1021 1856 quidem
1035 1821 1062 1848 id
1080 1820 1166 1852 dedit,
1183 1822 1255 1855 quod
1272 1822 1446 1855 praestantius
1462 1827 1532 1852 erat,
1564 1825 1626 1856 post
1651 1828 1701 1848 auo

915 1872 968 1895 tem
981 1868 1017 1899 id,
1031 1867 1102 1902 quod
1132 1872 1190 1895 erat
1215 1868 1346 1900 deterius,
1372 1868 1487 1902 accepit.
1516 1868 1614 1895 Verum
1640 1867 1700 1894 ani-

915 1911 1140 1939 madvertendum
1170 1916 1222 1944 est,
1249 1913 1374 1947 quamvis
1402 1913 1546 1947 aliquando
1576 1912 1700 1939 dicamus

913 1956 998 1984 Deum
1011 1957 1158 1987 hominem.
1176 1958 1321 1992 aliquando
1337 1959 1472 1986 hominem
1484 1959 1578 1989 Deum,
1595 1958 1699 1985 divini-

913 2006 995 2029 tatem
1008 2007 1098 2029 tamen
1114 2003 1264 2035 hominem,
1280 2008 1327 2030 aut
1342 2004 1537 2031 humanitatem
1548 2004 1632 2031 Deum
1648 2012 1700 2031 nos

913 2057 1053 2084 nunquam
1074 2049 1176 2076 dicere.

948 2094 1005 2121 Etsi
1028 2094 1132 2121 nullum
1142 2099 1232 2129 potest
1259 2095 1414 2130 exemplum
1442 2095 1602 2130 excogitari,
1627 2094 1700 2130 quod

914 2139 994 2173 plane
1006 2147 1063 2166 rem
1080 2140 1246 2174 propositam
1259 2140 1402 2174 exprimat,
1421 2148 1471 2168 nos
1485 2145 1574 2168 tamen
1591 2140 1700 2174 aliquod

913 2186 1012 2213 atierre
1027 2187 1199 2217 conabimur,
1214 2187 1285 2221 quod
1299 2187 1420 2221 quidem,
1433 2188 1455 2215 si
1466 2188 1503 2214 rei
1518 2188 1700 2223 magnitudini

913 2231 1005 2258 minus
1024 2232 1207 2265 respondebit,
1228 2232 1350 2266 apposite
1372 2237 1462 2260 tamen
1485 2238 1623 2268 utcunque
1652 2241 1699 2260 ve—

913 2278 1020 2305 ritatem
1032 2277 1213 2305 adumbrahit.
1229 2277 1462 2310 Quemadmodum
1479 2279 1502 2306 si
1528 2283 1601 2306 totus
1620 2287 1700 2306 exar-

913 2324 1006 2352 descat
1024 2332 1070 2351 aer
1083 2324 1124 2351 vel
1139 2325 1229 2358 potius
1246 2325 1281 2351 sit
1297 2329 1369 2352 totus
1385 2325 1465 2361 ignis,
1495 2326 1621 2360 exiguum
1649 2333 1700 2352 au-

914 2376 966 2398 tem
984 2370 1047 2397 ferri
1058 2369 1203 2396 frustulum
1221 2370 1248 2396 in
1283 2370 1360 2397 illum
1386 2371 1560 2404 conjiciatur,
1589 2378 1701 2399 necesse

913 2415 1020 2451 quidem
1034 2414 1163 2443 critillud
1178 2415 1218 2442 sic
1245 2415 1325 2447 allici,
1358 2421 1388 2442 ut
1412 2416 1481 2442 nihil
1505 2416 1588 2448 aliud,
1618 2424 1700 2451 quam

913 2462 984 2497 ignis
1013 2469 1074 2489 esse
1102 2461 1236 2493 videatur,
1262 2466 1382 2488 attamen
1413 2462 1450 2489 illi
1478 2462 1604 2490 essentia:
1632 2463 1700 2490 ratio

914 2507 1085 2543 permanebit
1103 2516 1108 2533 :
1124 2507 1218 2535 eodem
1240 2507 1322 2534 modo
1341 2512 1438 2535 natura
1461 2508 1581 2536 humana
1603 2509 1702 2536 divina:

913 2553 1069 2588 conjuncta,
1087 2552 1126 2580 sic
1141 2552 1175 2580 ab
1189 2553 1232 2580 illa
1262 2554 1460 2588 comprehensa
1480 2559 1522 2581 est
1536 2558 1564 2581 et
1587 2561 1700 2588 supcra-

913 2606 951 2632 ta,
969 2604 1066 2626 utnon
1077 2598 1193 2633 amplius
1209 2604 1305 2626 natura
1331 2599 1450 2627 hominis
1478 2607 1538 2627 esse
1566 2600 1700 2627 videatur.

913 2647 947 2673 Et
960 2646 1010 2673 hac
1020 2646 1054 2673 de
1070 2653 1150 2672 causa
1163 2646 1257 2673 Patres
1271 2646 1369 2679 nostri,
1399 2646 1471 2681 quod
1503 2651 1649 2680 exsuperat
1673 2650 1702 2673 et

913 2692 1078 2722 dominatur,
1113 2692 1288 2725 intuentes,"
1305 2692 1378 2719 illam
1407 2691 1492 2719 Deum
1522 2699 1581 2719 esse
1602 2691 1700 2718 factam

913 2738 1041 2766 dixerunt
1064 2737 1179 2773 Ideoque
1193 2743 1304 2774 propter
1321 2746 1403 2766 unam
1423 2738 1521 2765 horum
1554 2744 1699 2772 personam

914 2783 1162 2812 etindissolubilem
1190 2784 1422 2819 coniunctionem,
1452 2791 1537 2812 unum
1562 2783 1626 2810 item
1657 2781 1700 2811 his

915 2830 1082 2859 adorationis
1093 2830 1197 2858 cultum
1212 2831 1319 2860 deberi.
