1912 3078
131 165 187 197 261

599 164 791 194 PANOPLlA
811 163 1045 195 DOGMA'i‘lCA.
1064 176 1099 182 -
1119 150 1195 196 TiT.
1216 165 1302 196 vut.

1708 162 1760 193 '2‘“?

128 221 229 249 λέπτον
245 220 354 256 ἰδίωμα,
366 220 397 247 τὸ
415 219 557 256 χρώμενον
577 219 650 246 ἔστιν
674 220 718 246 ὅτε
739 221 795 252 τοῖς
819 221 920 252 ἑνικοῖς

975 220 1013 248 nis
1032 221 1234 255 proprietatem.
1250 228 1302 255 qua
1319 227 1448 248 numerus
1464 220 1539 255 plura
1565 220 1688 248 indicans
1712 225 1761 257 pro

129 267 335 302 πληθυντικῶς.
351 267 386 292 Ἢ
400 266 455 301 γὰρ
471 266 514 298 ἂν,
533 266 580 292 καὶ
609 265 652 300 ἐφ’
684 265 703 293 ἃ
729 266 766 301 μὴ
798 266 851 301 χρὴ
880 266 919 301 τῷ

128 313 246 348 τοιούτῳ
259 313 385 347 ἰδιώματι
397 312 618 347 καταχρώμενοι,
632 312 732 347 πολλῆς
742 311 919 347 ὲμπλήσομεν

130 359 196 390 τοὺς
212 358 403 393 ἀντιλέγοντας
414 359 551 393 ταραχῆς.

404 405 455 431 Ἐκ
474 404 530 438 τῆς
546 403 654 437 αὐτῆς.

168 450 224 476 Kal
236 448 321 476 εἶπεν
332 451 348 477 ὀ
361 449 445 482 Θεὸς,
459 448 536 476 Ἰδοὺ
547 448 634 482 Ἀδὰμ
645 448 770 483 γέγονεν
777 449 817 480 ὡς
829 445 873 479 εἷς
885 447 919 479 ἐξ

130 495 230 529 ἡμῶν,
244 495 327 530 ἤγουν
338 494 374 526 ὡς
386 494 500 524 ἕκαστος
509 493 588 528 ἡμῶν
603 493 657 519 τῶν
673 494 740 528 ὲντῇ
753 494 801 528 μιᾷ
813 493 919 527 θεότητι

130 541 299 576 προσώπων.
318 541 347 566 Εῑ
365 540 419 575 γὰρ
436 540 482 566 καὶ
497 539 646 574 εἰρωνικῶς
665 540 784 574 εῐρηται,
800 538 856 565 ἀλλ’
873 537 919 564 οὖν

130 587 194 618 ἑνὸς
209 586 358 622 προσώπου
376 586 544 621 σημαντικὸν
563 585 631 617 ὅλως
649 583 717 612 εἶναι
731 585 761 612 οὐ
776 585 899 611 δύναται.

405 676 457 703 Ἐκ
470 674 525 710 τῆς
549 673 656 708 αὐτῆς.

169 722 226 749 Kal
235 721 319 750 εἶπεν
327 723 343 749 d
352 723 435 755 Θεὸς,
442 722 532 749 Δεῦτε
541 721 589 747 καὶ
599 719 782 752 καταϐάντες
790 719 921 753 συγχέω-

128 778 190 804 μεν
200 769 300 797 αὐτῶν
305 770 359 801 τὰς
366 768 519 802 γλώσσας.
529 767 564 793 Τὸ
570 768 624 801 γὰρ
631 766 715 793 δεῦτε
725 766 793 800 προς
807 766 852 792 δύο
861 765 920 791 τοὺ-

128 815 259 850 λὰχιστον
271 816 284 841 ό
298 815 384 848 λέγων
394 815 480 848 λέγει,
492 815 539 840 καὶ
550 813 635 847 Τριὰς
646 811 771 838 ἐντεῦθεν
782 819 921 845 συναπαρ-

128 860 251 892 τὶξεται.
265 859 336 894 Πρὸς
355 859 530 893 ἰσοδυναμους
557 857 597 890 δὲ,
627 858 673 883 καὶ
700 855 862 890 ὸμοουσίους
889 856 919 882 τὸ

972 266 1029 298 illo,
1045 268 1090 301 qui
1106 274 1190 293 unum
1203 266 1347 301 signiﬁcat,
1364 273 1521 301 usurpatur,
1543 269 1588 295 ubi
1603 276 1658 295 non
1676 276 1760 304 opor-

971 316 1020 344 tet,
1037 311 1196 339 confusione
1212 311 1375 346 replebitnus
1390 312 1618 340 contradicentes.

1251 399 1290 426 E1:
1304 400 1394 426 eodem
1409 399 1486 426 libro.

1008 445 1042 472 Et
1069 446 1135 472 dixit
1168 445 1235 472 Deus
1256 454 1265 472 :
1297 445 1363 472 Ecce
1395 446 1481 472 Adam
1507 447 1594 480 factus
1610 450 1668 479 est;
1693 447 1757 473 sicut

971 498 1039 517 unus
1059 498 1091 517 ea:
1107 491 1178 517 nobis
1192 490 1200 505 ¹
1214 511 1220 523 ,
1236 490 1282 524 qui
1299 497 1394 517 sumus
1408 491 1536 517 nimirum
1558 491 1586 517 in
1614 498 1667 517 una
1691 491 1756 518 divi-

971 534 1056 561 nitate
1078 542 1264 568 personarum.
1293 533 1350 560 Hoc
1380 534 1459 560 enim
1490 534 1540 560 etsi
1579 542 1642 561 cum
1671 534 1758 561 ironia

970 580 1071 607 dictum
1088 584 1137 612 est,
1155 588 1235 606 unam
1254 585 1341 606 tamen
1359 580 1490 608 duntaxat
1503 588 1647 615 personam
1675 580 1756 617 signi-

970 626 1051 653 ﬁcare
1067 634 1120 653 non
1142 630 1240 660 potest.

1230 672 1272 699 Ea:
1290 674 1378 699 eodem
1393 672 1469 699 libra.

969 718 992 751 ᾖ·
1005 717 1038 743 Et
1063 717 1130 744 dixit
1148 717 1214 744 Deus
1230 725 1240 743 :
1269 717 1369 750 Venite,
1399 718 1594 750 descendemus,
1612 724 1635 745 et
1650 721 1759 754 confun-

969 763 1061 790 damus
1076 763 1193 798 linguam
1208 771 1297 789 eorum
1312 764 1334 790 ’.
1366 762 1435 789 illud
1461 763 1532 790 enim
1547 772 1554 790 :
1571 765 1664 793 Venite.
1692 764 1761 792 duos

969 808 1111 843 signiﬁcat.
1134 808 1167 834 Et
1183 816 1253 835 unus
1267 812 1318 840 est,
1334 809 1379 841 qui
1398 808 1529 842 loquitur.
1555 809 1592 835 Ex
1617 817 1671 843 quo
1690 808 1754 836 Tri-

969 855 1040 881 nitas
1069 854 1188 888 perfccta
1212 855 1374 882 declaratur.
1405 855 1482 887 Quod
1509 860 1601 882 autem
1628 863 1688 887 eos,
1713 856 1760 890 qui

128 904 409 939 δεῦτε,ποιήσωμθν
422 903 499 934 τόδε,
511 903 559 929 καὶ
569 903 599 929 οὐ
611 902 679 937 πρὸς
691 900 823 935 ἀγγέλους
837 901 918 934 ἐρεῖς,

975 900 1092 934 ejusdem
1115 901 1256 935 potestatis
1274 905 1300 927 et
1315 901 1440 927 essentia:
1459 905 1533 930 sunt.
1564 897 1716 936 alloquetur
1740 910 1748 928 :

128 949 202 983 ὅπερ
218 951 293 975 ἐστὶν
310 949 421 976 ἄτοπον.
444 948 480 974 Ἢ
496 947 568 978 οῐους
583 947 627 980 ἂν,
652 947 700 973 καὶ
727 946 805 976 ὅσους
835 946 917 978 ἐρεῖς,

129 1001 211 1028 παρα
217 994 378 1029 γραφόμεθα
386 993 430 1021 διὰ
439 994 471 1020 τὺ
485 994 656 1028 ἀμάρτυρον.

974 946 1083 979 Venite,
1104 946 1242 981 inquiens,
1272 947 1324 974 hoc
1353 947 1494 979 faciamus,
1523 947 1600 975 facile
1627 952 1750 982 apparet.

972 991 1047 1024 Quoi
1065 991 1088 1019 si
1108 990 1218 1026 angelos
1233 990 1371 1017 ministros
1392 990 1538 1018 allocutum
1574 990 1758 1025 respondelis,

129 1042 192 1068 sive
219 1049 326 1072 omnes,
352 1041 426 1076 quod
451 1041 600 1068 absurdum
628 1044 681 1074 est,
712 1039 759 1067 sed
784 1046 886 1074 paucos
912 1039 1026 1072 dixeris,
1054 1046 1115 1066 cunt
1144 1038 1172 1064 id
1203 1037 1278 1064 nullo
1307 1036 1453 1072 Scriptura:
1479 1037 1636 1064 testimonio
1661 1037 1758 1063 fultum

131 1088 181 1118 sit,
200 1092 230 1114 ut
255 1088 353 1114 falsum
369 1087 594 1123 improbabimus.

175 1134 238 1166 Πῶς
251 1134 317 1166 Θεὸς
330 1134 498 1168 διαλέγεται;
512 1132 586 1170 Ἀρα
602 1135 648 1161 τὸν
661 1136 795 1171 ἡμέτερον
805 1135 903 1171 τρόπον
914 1142 921 1166 ;

131 1179 329 1213 εὑσεὸἐστερον
343 1179 442 1212 λέγειν,
467 1180 507 1206 ὃτι
536 1181 571 1205 τὸ
588 1179 659 1206 θεῖον
691 1180 826 1215 βούλημα,
844 1181 921 1215 καὶὴ

130 1225 233 1260 πρώτη
244 1226 315 1260 ὁρμὴ
337 1225 386 1252 τοῦ
414 1227 509 1261 νοεροῠ
537 1227 702 1261 κινήματος,
727 1228 805 1253 τοῦτο
836 1227 921 1260 Λόγος

132 1271 196 1297 ἐστὶ
210 1271 256 1297 τοῦ
272 1271 350 1297 Θεοῦ.
377 1270 545 1305 Σχηματίζει
570 1271 597 1297 δὲ
624 1271 706 1298 αὐτον
733 1271 920 1306 διεξοδικῶςὴ

132 1317 245 1353 Γραφῇ,
267 1317 310 1343 ἵνα
322 1317 408 1353 δείξῃ,
421 1318 461 1343 ὅτι
475 1318 537 1352 οὐχὶ
547 1317 676 1350 γενέσθαι
693 1317 772 1352 μόνον
786 1318 920 1352 ἐϐουλήθη

131 1366 187 1396 τὴν
204 1363 304 1395 κτίσιν,
322 1363 390 1390 ἀλλὰ
411 1363 455 1389 διὰ
480 1371 554 1393 τινος
584 1362 716 1397 συνεργοῦ
747 1363 921 1398 παραχθῆναι

132 1408 241 1444 ταύτην
255 1410 293 1439 εἰς
323 1408 440 1442 γένεσιν.
478 1408 608 1434 Ὴδύνατο
632 1410 696 1443 γὰρ,
714 1408 752 1439 ὡς
783 1408 812 1440 ἐξ
833 1409 921 1444 ἀρχῆς

133 1451 211 1485 εἷπε,
226 1453 291 1487 περὶ
307 1453 415 1479 πάντων
427 1452 594 1484 ἐπεξελθεῖν.
615 1452 745 1487 Ἑνάρχῇ
766 1452 894 1486 ἐποίησεν
906 1453 920 1479 ό

133 1499 203 1529 Θεὸς
216 1498 263 1525 τὸν
285 1498 410 1533 οὐρανὸν,
426 1498 472 1523 καὶ
497 1498 546 1532 τὴν
570 1499 631 1531 γῆν.
668 1496 735 1524 Εἶτα
762 1497 874 1532 ἐποίησε
889 1497 920 1523 τὺ

1009 1129 1151 1164 Quomodo
1173 1129 1293 1163 loquitur
1310 1128 1380 1155 Deus
1395 1128 1406 1155 7
1422 1127 1495 1154 Eone
1510 1128 1590 1155 modo
1606 1135 1660 1162 quo
1673 1128 1759 1162 loqui-

973 1184 1033 1204 mur
1047 1175 1117 1202 nos‘l
1129 1174 1244 1209 impium
1262 1174 1307 1206 sit,
1332 1173 1368 1200 ita
1394 1173 1506 1200 sentire.
1521 1174 1589 1200 Nam
1614 1174 1756 1201 consilium

972 1220 1104 1252 divinum,
1120 1223 1148 1247 et
1162 1219 1267 1254 primus
1286 1219 1330 1246 ille
1344 1218 1442 1245 mentis
1467 1219 1644 1253 intelligentis
1667 1224 1758 1246 motus

972 1268 1014 1290 cst
1045 1263 1142 1290 Sermo
1165 1262 1225 1293 Dei.
1253 1270 1333 1297 quem
1364 1263 1404 1290 sic
1431 1264 1543 1298 exponit
1569 1268 1596 1291 ct
1627 1263 1755 1298 exprimit

972 1308 1124 1343 Scriptura,
1142 1313 1172 1335 ut
1184 1308 1326 1344 significet,
1346 1307 1430 1335 Deum
1452 1316 1506 1335 non
1522 1309 1601 1336 modo
1616 1316 1759 1343 procreare

973 1353 1111 1382 hominem
1128 1354 1256 1387 voluisse,
1279 1354 1327 1382 sed
1341 1354 1457 1388 alicujus
1473 1362 1554 1388 opera
1581 1355 1606 1381 id
1633 1355 1753 1383 voluisse

971 1406 1110 1436 praestare.
1127 1400 1235 1428 Poterat
1249 1401 1321 1427 enim
1335 1406 1364 1427 ut
1377 1400 1411 1426 ab
1427 1400 1505 1426 initio
1519 1399 1595 1432 fecit,
1609 1400 1650 1427 sic
1663 1401 1756 1427 omnia

971 1448 1106 1483 persequi.
1122 1448 1151 1474 In
1169 1447 1304 1482 principio
1319 1447 1383 1474 fecit
1402 1447 1471 1474 Deus
1487 1447 1585 1474 ctelum
1601 1451 1629 1474 et
1642 1451 1758 1474 terram.

973 1493 1076 1521 Deinde
1095 1493 1158 1520 fecit
1185 1495 1287 1524 lucem,
1317 1497 1409 1528 postea
1439 1493 1649 1520 ﬁrmamentum.
1680 1492 1759 1520 Nunc

133 1544 213 1578 φῶς,
235 1541 294 1569 εἶτα
309 1543 422 1578 ἐποίησε
441 1543 472 1569 τὸ
486 1543 637 1578 στερέωμα.
652 1543 710 1569 Νῦν
727 1542 756 1569 δὲ
778 1542 824 1569 τὸν
855 1542 920 1569 Θεὸν

975 1544 1062 1566 autem
1080 1538 1165 1566 Deum
1181 1538 1258 1573 quasi
1277 1538 1479 1572 prmcipientem
1499 1542 1527 1565 et
1555 1539 1755 1573 colloquentem

133 1590 219 1616 οἱονεὶ
248 1590 452 1623 προστάσσοντα
472 1588 520 1615 καὶ
540 1588 730 1623 ὗιαλεγόμενον
760 1589 919 1623 εἰσάγουσα,

133 1637 183 1662 τὶν
193 1633 215 1669 ᾧ
229 1635 385 1669 διαλέγεται
399 1634 471 1661 κατὰ
483 1635 513 1660 τὸ
528 1635 704 1669 σιωπώμενον
718 1635 875 1670 ὑποφαίνει,
890 1638 920 1662 οὐ

134 1680 323 1716 βασκαίνουσα
345 1681 412 1716 ἡμῖν
441 1680 492 1714 τῆς
522 1679 659 1714 γνώσεως,
690 1680 749 1707 ἀλλ’
774 1682 921 1708 ἐκκαιουσα

133 1728 212 1762 ἡμᾶς
225 1727 292 1761 πρὸς
306 1727 352 1753 τὸν
366 1726 458 1758 πόθον,
470 1725 504 1756 δι’
516 1723 554 1752 ὧν
573 1726 631 1761 ἴχνη
645 1725 706 1753 τινὰ
728 1728 774 1753 καὶ
789 1727 922 1761 ἐμφάσεις

134 1773 285 1801 ὑποϐάλλει
305 1772 354 1799 τοῦ
383 1772 554 1807 ἀπορρήτου.
584 1772 619 1799 Τὸ
641 1772 694 1807 γὰρ
722 1772 796 1807 πόνῳ
822 1773 922 1807 κτηθὲν

135 1818 298 1854 περιχαρῶς
327 1817 475 1852 ὑπεδέχθη,
501 1818 550 1844 καὶ
571 1817 723 1852 φιλοπόνως
745 1817 921 1853 διεφυλάχθη.

132 1863 188 1890 Ὧν
204 1864 296 1898 μέντοι
311 1864 456 1899 πρόχειρος
469 1864 483 1890 ό
501 1863 648 1898 πορισμὸς,
676 1862 780 1889 τούτων
797 1865 813 1899 ἠ
831 1863 921 1896 κτίσις

138 1912 391 1946 εὐκαταφρόνητος.
420 1910 470 1937 Διὰ
495 1910 575 1936 τοῦτο
602 1909 654 1944 ὁδῷ
694 1917 749 1936 τινι
776 1911 824 1936 καὶ
847 1910 921 1943 τάξει

135 1957 213 1991 ἡμᾶς
224 1958 263 1988 εἰς
275 1956 324 1992 τὴν
340 1957 406 1992 περὶ
421 1956 467 1982 τοῦ
477 1955 644 1989 Μονογενοῦς
654 1955 756 1982 ἔννοιαν
767 1955 922 1990 ὲμὸιὸάζει,

134 2003 273 2037 καίτοιγε
287 2003 334 2030 τοῦ
347 2004 376 2029 ὲν
388 2004 463 2037 φωνῇ
481 2002 561 2036 λόγου
588 2001 650 2028 οὐδὲ
668 2001 756 2034 οὕτως
785 2000 819 2037 ἧν
843 2002 921 2037 χρεία

134 2051 170 2083 τῇ
185 2049 321 2083 ἀσωμάτῳ
333 2048 424 2082 φύσει,
446 2048 535 2074 αὐτῶν
551 2048 606 2074 τῶν
633 2048 785 2082 νοηθέντων
815 2048 923 2082 μεταδι-

132 2095 230 2121 δοσοαι
247 2094 405 2129 δυναμένων
417 2093 454 2128 τῷ
468 2093 656 2128 συνεργοῦντι.
681 2093 763 2120 Ὥστε
783 2094 824 2125 τίς
841 2094 922 2128 χρεία

133 2140 218 2173 λόγου
231 2141 286 2170 τοῖς
298 2139 456 2173 δυναμένοις
473 2138 503 2171 ἐξ
523 2138 606 2164 αὑτοῦ
628 2139 673 2165 τοῦ
699 2139 835 2174 νοήματος
861 2142 921 2164 κοι-

136 2187 234 2212 νωνεῖν
246 2185 371 2220 ἀλλήλοις
384 2185 439 2211 τῶν
465 2184 677 2219 βουλευμάτωῊ
696 2184 771 2219 φωνὴ
791 2184 840 2219 μὲν
867 2184 921 2218 γὰρ
937 2196 960 2225 ο

137 2232 237 2266 ἀκοὴν,
252 2232 300 2257 καὶ
322 2231 390 2265 ἀκοὴ
401 2231 493 2265 φωνῆς
507 2230 611 2257 ἕνεκεν.
631 2230 716 2256 Ὀπου
740 2229 768 2255 δὲ
781 2229 830 2255 aint
854 2230 920 2264 ἀὴρ,

136 2278 202 2312 οὐχὶ
214 2278 334 2311 γλῶσσα,
348 2277 408 2303 οὐδὲ
424 2275 482 2307 οὖς,
502 2275 532 2301 οὐ
548 2276 631 2310 πόρος
649 2274 753 2304 σκολιὸ,
766 2274 812 2300 ἐπὶ.
826 2275 875 2309 τὴν
890 2276 920 2301 ὲν

137 2324 173 2357 τῇ
187 2321 290 2356 κεφαλῇ
303 2321 478 2355 συναίτθησιν
491 2320 634 2354 ἀναφέρων
652 2321 716 2348 τοὺς
733 2319 847 2353 φόρους,
865 2320 923 2346 ἐκεῖ

135 2367 200 2393 οὐδὲ
217 2367 347 2401 ῥημάτων
366 2366 455 2401 χρεία,
471 2364 529 2392 ἀλλ’
553 2365 583 2397 ἐξ
610 2373 628 2390 α
647 2365 713 2398 τῶν,
733 2365 769 2396 ὡς
797 2365 830 2391 ἂν
850 2365 921 2390 εἴποι

135 2421 190 2444 τις,
201 2412 256 2438 τῶν
271 2413 298 2437 ὲν
312 2412 409 2446 καρδίᾳ
422 2411 564 2446 νοημάτων
579 2410 625 2436 τοῦ
637 2411 789 2445 θελήματος
803 2411 820 2445 ή
835 2411 919 2445 μετά-

136 2461 225 2490 δοσις.
241 2459 329 2493 Ὅπερ
348 2456 395 2485 οὖν
414 2458 494 2493 ἔφην,
511 2457 583 2483 ὥστε
600 2457 774 2491 διαναστῆναι
791 2458 837 2483 τδν
861 2457 924 2484 νοῦν

139 2505 221 2540 ἡμῶν
236 2505 302 2540 πρὸς
316 2504 364 2538 τὴν
376 2505 489 2538 ἔρευναν
508 2504 554 2530 τοῦ
574 2504 734 2539 προσώπου,
755 2504 823 2538 πρὸς
841 2503 870 2529 ὃν
898 2504 924 2530 οι

138 2552 217 2585 λόγοι
244 2551 332 2585 σοφῶς
359 2551 406 2577 καὶ
432 2551 576 2585 ἐντέχνως,
599 2549 679 2576 τοῦτο
705 2550 754 2583 τῆς
779 2550 923 2576 διαλέκτου

137 2597 339 2632 παρείληπται.

424 2642 474 2668 Ἐκ
487 2641 539 2675 τῆς
552 2641 655 2675 αὐτῆς.

177 2690 272 2724 Ὠφοη
290 2688 324 2715 δὲ
341 2697 381 2720 τῳ
402 2687 531 2722 Ἀϐραὰμ
546 2689 562 2714 ὁ
579 2688 652 2720 Θεὸς·
664 2689 738 2721 πρὸς
752 2687 788 2721 τῇ
802 2687 870 2721 δρυῒ
887 2687 923 2722 τῇ

136 2736 244 2770 Μαμσρ
250 2735 277 2768 ᾖ,
286 2734 454 2769 καθημένου
462 2733 555 2760 αὐτοῦ
563 2733 612 2759 ἐπὶ
621 2732 676 2767 τῆς
684 2734 771 2767 θύρας
783 2732 838 2767 τῆς
849 2741 923 2767 σκη-

137 2781 198 2816 νῆς
207 2779 301 2808 αὑτοῦ
308 2779 504 2814 μεσγυιϐρίας.
513 2778 695 2812 Ἀναϐλέψας
704 2778 737 2804 δὲ
744 2777 804 2811 τοῖς
813 2779 924 2812 ίφθαλ-

175 2862 183 2877 ί
200 2860 313 2889 Cum”,
337 2858 380 2885 22.
421 2858 430 2873 '
447 2855 512 2885 Gen.
532 2865 567 2890 tu.
589 2858 614 2885 7.

974 1584 1116 1616 inducens,
1138 1591 1199 1610 eum
1233 1591 1350 1617 quocum
1378 1583 1508 1617 loquitur,
1538 1587 1619 1610 taette
1646 1583 1758 1610 demon-

974 1634 1051 1662 strat,
1072 1637 1124 1656 non
1150 1628 1221 1663 quod
1244 1629 1325 1656 nobis
1344 1630 1524 1663 cognitionem
1550 1629 1678 1661 invideat,
1711 1629 1758 1656 sed

974 1680 1002 1702 ut
1033 1683 1082 1702 nos
1113 1674 1188 1702 illius
1208 1674 1298 1701 arcani
1331 1674 1457 1701 incendat
1494 1674 1654 1708 cupiditate,
1681 1674 1759 1709 cujus

973 1721 1084 1754 vestigia
1111 1720 1212 1747 indicat
1236 1725 1263 1746 et
1285 1719 1389 1747 semina
1415 1719 1539 1754 quedam
1568 1719 1686 1753 subjicit.
1710 1720 1758 1746 Et-

973 1766 1047 1793 enim
1066 1773 1126 1800 quat
1144 1766 1237 1792 labore
1253 1769 1328 1800 parta
1344 1770 1419 1797 sunt,
1435 1773 1496 1792 cum
1527 1766 1618 1792 ltetitia
1641 1766 1758 1800 percipi-

972 1819 1043 1845 mus,
1065 1811 1260 1847 diligenterque
1283 1817 1495 1841 conservamns;
1513 1819 1573 1845 quae
1586 1819 1649 1837 vero
1677 1811 1757 1838 facile

972 1864 1171 1892 comparamus,
1193 1856 1335 1891 despicere
1364 1862 1390 1884 et
1406 1857 1540 1891 negligere
1555 1857 1756 1884 consuevimus.

973 1904 1065 1937 Itaque
1076 1903 1120 1930 via
1136 1902 1252 1937 quadam
1270 1907 1298 1929 et
1323 1903 1418 1929 ordine
1435 1911 1484 1930 nos
1499 1903 1532 1929 ad
1551 1902 1687 1937 Unigeniti
1715 1903 1758 1928 in-

975 1948 1148 1985 telligenliam
1161 1948 1236 1976 ducit
1249 1951 1276 1975 et
1301 1949 1398 1976 allicit.
1425 1949 1509 1983 Atqui
1541 1950 1684 1981 sermonis,
1711 1950 1757 1983 qui

973 2002 1021 2029 per
1053 2001 1149 2021 vocem
1177 1993 1301 2025 eﬂ‘ertur,
1319 2002 1384 2020 usus
1412 2002 1467 2020 non
1489 1998 1549 2021 erat
1576 1994 1748 2022 necessarius

973 2045 1076 2067 natura:
1102 2040 1139 2066 illi
1161 2040 1284 2074 corporis
1310 2041 1424 2074 experti,
1446 2048 1507 2067 cum
1530 2045 1623 2075 posset
1641 2041 1757 2075 cogitata

973 2086 1016 2113 his
1037 2086 1129 2114 verbis
1144 2086 1225 2113 simul
1248 2087 1337 2120 agenti
1359 2086 1572 2112 communicare.
1603 2086 1656 2112 Vox
1684 2086 1756 2112 enim

973 2136 1081 2167 propter
1096 2131 1228 2164 auditum,
1249 2136 1276 2158 et
1305 2132 1416 2158 auditus
1432 2133 1505 2158 vocis
1530 2136 1570 2158 est
1586 2132 1682 2166 gratia.
1705 2132 1756 2159 Ubi

974 2183 1064 2206 autem
1093 2186 1144 2206 nec
1163 2186 1210 2205 aer
1233 2182 1290 2210 est,
1319 2186 1369 2205 nec
1392 2178 1492 2213 lingua.
1516 2185 1566 2205 nec
1594 2185 1683 2209 aures,
1707 2186 1757 2206 nec

974 2225 1093 2259 obliqua:
1125 2224 1176 2250 illa:
1200 2224 1306 2250 aurium
1334 2224 1437 2250 semita:
1454 2231 1537 2250 sonos
1566 2224 1599 2250 ad
1633 2232 1755 2256 sensum,

975 2269 1022 2303 qui
1039 2269 1064 2294 in
1081 2269 1170 2301 capite
1189 2272 1240 2299 est,
1258 2267 1448 2300 perducentes.
1477 2267 1511 2293 ibi
1527 2267 1606 2293 verba
1621 2275 1676 2294 non
1694 2272 1757 2294 sunt

974 2312 1139 2341 necessaria.
1161 2310 1208 2337 sed
1223 2318 1254 2336 ex
1269 2310 1335 2344 ipsis
1358 2311 1460 2341 cordis,
1478 2315 1507 2338 ut
1523 2312 1559 2338 ita
1582 2312 1680 2344 dit-am,
1710 2319 1757 2339 aut

975 2355 1058 2381 animi
1084 2354 1241 2380 nationibus
1272 2353 1450 2388 cogitationes
1478 2355 1619 2389 pateﬁunt.
1655 2356 1755 2388 Quam-

975 2401 1068 2428 obrem
1095 2399 1236 2434 Scriptura
1260 2401 1398 2433 sapienter
1420 2403 1447 2426 et
1469 2400 1547 2432 scite,
1570 2406 1600 2427 ut
1628 2401 1755 2434 diximus,

974 2446 1045 2473 hanc
1071 2446 1183 2480 figurant
1214 2450 1337 2479 usurpat,
1365 2451 1395 2473 ut
1417 2449 1537 2472 mentem
1574 2451 1697 2473 nostram
1721 2447 1755 2474 ad

973 2499 1128 2527 personam,
1155 2499 1219 2520 cum
1244 2501 1296 2528 qua
1323 2500 1413 2520 sermo
1441 2493 1606 2526 instituitur,
1641 2494 1755 2521 investi-

974 2539 1090 2574 gandam
1104 2538 1238 2573 impellat.

1249 2637 1290 2666 Ea;
1305 2639 1393 2666 eadem
1411 2638 1486 2666 libro.

1010 2687 1139 2721 Apparuit
1157 2690 1246 2712 autem
1263 2685 1301 2711 illi
1318 2685 1385 2711 Deus
1410 2685 1444 2711 ad
1466 2692 1589 2718 quercum
1619 2683 1754 2714 Mnmln‘a',

975 2733 1077 2759 sedente
1090 2734 1145 2767 ipso
1159 2733 1185 2758 in
1200 2733 1264 2758 ostia
1280 2730 1440 2757 tabernaculi
1454 2731 1504 2760 sui.
1519 2730 1546 2756 in
1559 2729 1675 2756 meridie.
1689 2728 1746 2755 Sus-

975 2779 1072 2807 piciens
1097 2782 1183 2804 aulem
1211 2777 1291 2804 oculis
1321 2778 1374 2803 suis
1399 2776 1472 2807 vidit,
1499 2781 1522 2802 et
1547 2783 1604 2802 ecce
1632 2779 1682 2800 tres
1707 2774 1755 2800 uiri
