1912 3078
181 157 232 188 263

789 149 979 180 EllTHYMll
1003 149 1185 178 ZlGABENl

1746 151 1804 182 204

181 217 306 240 steterunt
321 219 398 245 super
417 217 486 237 eunt.
500 208 533 235 Et
542 208 629 236 videns
644 208 759 234 cucurrit
780 209 807 235 in
828 214 961 235 occursum

1024 206 1179 240 ιοῑςαὺτοῦ
1189 204 1259 239 εἶδε,
1271 206 1321 233 καὶ
1335 207 1401 234 ἰδοὺ
1412 207 1488 241 τρεῖς
1497 207 1691 241 εἰστήκεισαν
1699 208 1807 234 ἐπάνω

181 261 227 291 eis,
243 265 266 286 et
286 256 406 284 adorauit
421 263 499 289 super
522 260 631 287 terram,
654 259 679 281 et
696 254 762 281 dixit
778 263 784 280 :
801 253 921 287 Domine,
941 255 964 281 si

180 305 269 339 utique
291 303 376 330 inveni
398 301 515 336 gratiam
534 308 623 326 eorum
645 304 679 331 te,
704 307 736 325 ne
760 303 879 326 transeas
908 307 964 326 εει-ο-

181 358 240 376 uum
261 353 333 375 tuum
350 347 369 374 ¹.
384 347 418 374 Ει
431 346 510 382 paulo
525 350 587 380 post
601 353 608 372 :
630 345 701 372 Dixit
716 350 803 372 autem
822 345 856 372 ad
882 353 940 371 eum
954 351 963 371 :

185 395 233 422 b‘bi
258 394 327 422 Sara
347 401 413 420 uxor
445 397 491 418 tua
512 393 525 420 2
541 392 587 418 Ille
607 395 697 418 autem
728 391 898 426 respondens
921 390 964 417 di-

182 440 219 467 xit
236 449 242 466 :
266 440 332 466 Ecce
347 439 375 466 in
393 438 572 465 tabernaculo.
588 437 620 464 Et
634 437 691 464 ait:
710 436 848 463 Revertens
861 436 965 463 veniam

184 487 219 514 ad
245 491 290 518 te,
316 490 343 513 et
368 493 428 520 qua:
457 489 616 519 sequuntur.
644 483 714 511 Ecce
748 482 879 517 scriptum
913 487 964 515 est,

184 532 266 558 Deum
295 530 451 565 apparuisse
477 530 624 560 Abraham,
663 534 718 556 tres
752 534 843 556 autem
869 528 963 560 fuisse,

183 576 229 611 qui
245 579 438 610 apparuerunt.
454 575 486 602 Et
502 582 563 601 cum
578 574 632 601 sint
648 578 712 606 tres,
729 581 820 601 sermo
832 580 894 601 cum
908 580 964 600 uno

184 626 289 648 tantum
308 621 470 653 instituitur,
487 625 517 647 ut
530 624 637 647 constet
649 620 770 651 omnino,
796 626 876 646 unam
904 625 966 645 esse

184 668 266 694 trium
301 673 478 701 personarum
515 664 693 691 divinitatem.
724 662 801 696 Quod
830 663 852 690 si
881 669 966 689 unum

184 714 292 749 quidem
309 720 370 740 csse
391 710 491 738 dixeris
520 709 616 741 Deum,
641 710 751 744 angelos
765 713 856 735 autem
885 708 965 741 duos,

184 758 320 793 quomodo
331 761 480 792 potuerunt
503 763 564 782 cum
584 754 700 781 Domino
715 754 859 782 considere
872 753 884 780 ?

457 800 500 827 Ea:
516 801 603 827 eodem
626 799 703 826 libro.

221 849 346 875 Dominus
371 847 436 881 pluit
465 853 543 880 super
566 845 718 876 Sodomam,
737 849 761 871 et
794 843 966 872 Gomorrham

1014 253 1116 280 αὑτοῦ.
1128 252 1182 280 Καὶ
1192 253 1273 286 ἰδὼν,
1283 253 1492 287 προσέδραμεν
1498 255 1542 286 εἰς
1550 254 1741 287 συνάντησιν
1748 254 1806 280 αὺ-

1014 299 1086 331 τοῖς,
1104 299 1153 325 καί
1178 299 1410 333 προσεκύνησεν
1427 299 1475 326 ἐπὶ
1492 299 1549 333 τὴν
1568 299 1634 335 γῆν,
1657 299 1706 326 καὶ
1722 298 1805 331 εἰπε,

1015 345 1113 377 Kt'vpte,
1131 345 1157 370 εἰ
1172 344 1228 378 ἄρα
1239 342 1330 378 εὖρον
1341 344 1430 379 χάριν
1440 345 1580 372 ἐναντίον
1605 353 1674 378 σου,
1687 345 1730 379 μὴ
1743 353 1806 371 πα-

1011 391 1125 425 ρέλθῃς
1137 390 1190 416 τὸν
1201 389 1292 416 παῖδά
1306 397 1375 417 σου.
1393 388 1470 417 the
1483 389 1517 416 δὲ
1531 391 1605 424 πρὸς
1616 391 1721 421 αὐτὸν,
1738 389 1805 417 Ποῦ

1015 434 1114 468 Σόρῤα
1124 435 1143 468 ἠ
1153 434 1228 468 γυνή
1238 442 1296 460 σου
1302 442 1313 466 ;
1324 433 1356 461 '0
1365 434 1393 461 δὲ
1403 433 1560 469 ἀποκριθεὶς
1571 431 1656 466 εἷπεν,
1671 432 1756 463 Ἰδοὺ,
1765 437 1806 458 ἐν

1016 479 1053 514 τῇ
1074 479 1186 513 σκηνῇ.
1203 479 1258 505 Καὶ
1279 476 1626 512 εἷπεν,⁹Επαναστρέφων
1640 478 1702 512 ἥξω
1724 478 1806 511 πρὸς

1016 526 1063 558 σὲ,
1088 525 1181 552 καὶτὰ
1199 524 1271 558 ἑξῆς.
1289 524 1353 550 Ἰδοὺ
1377 525 1542 560 γέγραπται,
1564 523 1678 558 ὀφθῆναι
1697 524 1746 557 μὲν
1761 522 1805 556 τῷ

1023 570 1151 605 Ἀδραὰμ
1166 571 1213 597 τὸν
1224 571 1302 603 Θε“ν,
1318 567 1388 597 εἶναι
1403 569 1431 596 δὲ
1446 571 1520 605 τρεῖς
1535 569 1740 603 τοὺςὸιρθέντας,
1754 568 1805 594 καὶ

1015 617 1099 653 τριῶν
1116 617 1199 643 ὅντων
1216 617 1284 652 πρὸς
1299 617 1346 643 ἕνα
1357 616 1407 652 τὴν
1419 616 1535 648 διάλεξιν
1546 615 1679 649 γίνεσθαι,
1695 615 1736 646 εἰς
1752 615 1803 648 ἔμ-

1016 671 1099 697 φασιν
1114 663 1220 693 πάντω,
1232 663 1280 688 τοῦ
1291 663 1511 696 τρισυποστᾱτου
1523 661 1573 695 τῆς
1588 662 1652 696 μιᾶς
1662 661 1802 696 θεότητος.

1017 709 1047 735 Εἰ
1061 708 1089 734 δὲ
1103 709 1146 734 τὸν
1165 708 1213 734 ἕνα
1238 708 1286 739 μὲν
1301 709 1372 742 ἐρεῖς
1395 706 1464 734 εἶναι
1486 709 1562 739 Θεὺν,
1582 707 1643 738 τοὺς
1663 707 1759 737 ἄλλους
1774 707 1804 733 δὲ

1016 754 1160 789 ἀγγέλους,
1180 754 1238 785 πῶς
1261 754 1405 789 ἠνέσχοντο
1422 754 1585 788 συγκαθίσαι
1599 753 1638 788 τῷ
1662 753 1804 788 Ascuam;

1293 800 1344 826 Ἐκ
1359 799 1414 833 τῆς
1434 800 1541 832 αὐτῆς.

1054 847 1160 880 Κύριος
1176 845 1298 880 ἔϐρεξεν
1311 845 1361 872 ἐπὶ
1376 845 1493 879 Σόδομα
1508 846 1557 872 καί
1573 844 1710 880 Γόμορρα
1723 844 1807 871 θεῖον

185 892 293 927 sulphur
321 896 344 918 et
358 878 442 926 ipnem
460 898 477 916 a
497 878 608 916 Domino
638 889 670 915 de
689 888 751 915 melo
770 889 792 917 ⁸.
821 888 887 921 Quae
907 889 966 923 qui-

1024 891 1071 918 καί
1085 878 1234 926 αῦργπαρὰ
1244 891 1354 925 Κυρίου
1365 891 1399 917 ἐκ
1409 878 1462 918 τοῦ
1477 878 1620 925 adparat").
1629 890 1688 917 Τῶν
1695 890 1743 917 δύο
1756 891 1807 925 μὲν

186 937 246 962 dem
280 934 362 961 verba
383 939 410 960 et
437 933 505 960 duas
532 933 654 960 indicant
676 940 816 967 personas,
845 937 872 960 et
897 933 968 960 idem

186 977 332 1007 consilium
378 977 563 1012 aequalemque
609 976 747 1004 declarant
788 981 967 1011 potestatem.

189 1024 260 1051 Duas
289 1028 378 1050 autem
402 1023 579 1057 consequitur
604 1024 695 1054 tertia,
722 1023 848 1057 quoniam
872 1027 968 1051 mutuo

188 1071 258 1098 inter
283 1077 313 1097 se
338 1069 445 1096 vinculo
459 1070 495 1096 ita
518 1068 671 1105 conjunctae
690 1072 764 1101 sunt,
790 1073 820 1096 ut
847 1069 968 1105 separari

189 1124 244 1143 non
276 1115 394 1150 possint.

520 1159 607 1186 Exodi
623 1159 643 1186 ³.

224 1208 305 1240 Audi,
321 1207 418 1239 Israel,
437 1206 563 1233 Dominus
578 1206 648 1233 Deus
663 1211 735 1238 tuus,
756 1206 882 1233 Dominus
902 1214 969 1233 unus

189 1258 238 1281 est.
265 1252 333 1280 Illud
354 1260 361 1279 :
381 1253 528 1284 Dominus,
551 1256 578 1279 et
608 1252 689 1283 Deus,
706 1257 733 1278 et
757 1251 887 1279 Dominus
914 1256 970 1279 tres

193 1306 321 1334 personas
343 1298 471 1330 ostendit,
487 1298 552 1324 illud
567 1302 656 1324 autem
673 1305 679 1324 :
700 1297 771 1324 Unus
796 1302 845 1330 est,
870 1297 970 1325 divini-

190 1349 272 1372 latent
294 1350 321 1371 0|;
337 1350 461 1371 naturam
485 1351 578 1370 unam.

330 1389 435 1416 Dauidis
453 1389 490 1424 [et
501 1389 649 1421 Zachariae,
662 1393 685 1415 et
702 1387 783 1416 Isaiae
802 1388 824 1424 ].

223 1434 257 1461 In
277 1433 329 1462 Deo
345 1433 458 1460 laudabo
478 1433 602 1465 verbum;
616 1433 643 1459 in
655 1432 767 1459 Domino
779 1430 894 1459 laudabo
914 1439 970 1458 ser-

189 1489 302 1508 monem.
326 1480 358 1508 In
387 1480 439 1507 Deo
453 1479 567 1513 speravi,
594 1487 645 1506 non
673 1479 778 1511 timebo,
802 1478 864 1514 quid
888 1478 969 1512 [σόαι

192 1527 254 1555 mihi
279 1527 355 1554 homo
370 1525 392 1552 ⁸.
414 1527 446 1552 Et
458 1533 566 1552 rursum
588 1533 595 1552 :
611 1524 724 1551 Immola
741 1523 794 1551 Deo
811 1523 969 1558 sacriﬁcium

191 1573 290 1604 laudis,
304 1576 329 1599 et
355 1572 432 1598 redde
458 1571 591 1597 Altissimo
612 1574 672 1597 uota
690 1575 748 1603 tua,
775 1575 800 1596 et
819 1570 909 1596 invoca
931 1577 970 1596 me

194 1618 222 1643 in
247 1616 288 1642 die
312 1615 489 1642 tribulationis
504 1619 557 1641 tua
575 1616 594 1641 '.
614 1614 646 1642 Et
670 1622 803 1641 rursum:
827 1613 894 1641 Vivit
918 1613 970 1640 Do-

192 1661 287 1694 minus,
303 1665 328 1688 et
346 1661 495 1688 benedictus
510 1659 590 1692 Deus,
606 1665 630 1687 et
644 1659 776 1687 excitetur
792 1659 859 1687 Deus
873 1658 970 1688 salutis

192 1715 256 1734 mea:
272 1707 292 1734 ⁸.
307 1707 372 1734 Item
388 1715 395 1733 :
411 1706 444 1733 In
460 1706 558 1733 lumine
569 1710 613 1733 tuo
629 1706 768 1733 videbimus
783 1706 870 1734 lumen
882 1709 902 1740 ⁷,
921 1709 972 1736 hoc

191 1757 245 1785 est,
259 1753 286 1780 in
308 1752 377 1780 Filio
394 1757 440 1781 tuo
457 1752 606 1780 videbimus
625 1752 756 1786 Spiritum
773 1759 906 1780 sanctum.
922 1754 972 1781 Per

191 1799 280 1833 ipsum
316 1799 389 1826 enim
415 1799 501 1826 multo
531 1798 632 1826 clarius
661 1797 766 1825 Patrem
789 1803 815 1825 et
840 1799 970 1833 Spiritum

191 1849 314 1872 sanctum
330 1845 517 1880 cogitavimus.
532 1844 615 1872 Multa
631 1849 761 1879 praetcrea
786 1847 965 1879 reperiemus,

190 1891 291 1926 quibus
314 1896 408 1918 sancta
439 1890 558 1917 Trinitas
571 1889 723 1926 indicatur.
740 1890 862 1926 Hymnus
891 1893 971 1918 etiam

193 1936 332 1971 angelicus
362 1936 405 1963 ille
421 1934 568 1968 :Sanclus,
598 1941 717 1968 sanctus,
741 1941 848 1962 sanctus
881 1935 973 1963 Domi-

193 1989 241 2008 nus
257 1981 278 2012 ⁸,
303 1985 385 2008 tenue
409 1980 560 2008 sanctitatis
572 1980 756 2008 celebratione
770 1985 824 2008 tres
843 1988 972 2015 personas

190 2027 370 2058 demonstrat,
397 2027 481 2054 semel
516 2031 606 2054 autem
637 2025 784 2053 Dominum
815 2027 971 2059 nominans,

191 2071 300 2098 unicam
315 2069 434 2097 declarat
451 2069 631 2097 divinitatem.
648 2069 747 2096 Verum
763 2069 849 2097 multo
870 2070 973 2106 signiﬁ-

190 2117 298 2144 cantius
313 2115 397 2143 David
411 2116 444 2142 de
467 2115 546 2142 Patre
563 2119 591 2142 et
604 2115 672 2142 Filio
693 2115 824 2150 loquitur,
850 2123 883 2143 ex
907 2123 971 2150 per-

190 2171 256 2190 sona
271 2162 357 2189 Patris
371 2162 403 2188 ad
418 2161 516 2188 Filium
538 2169 544 2187 :
567 2160 609 2187 Ex
624 2165 707 2193 utero,
723 2161 859 2196 inquiens.
884 2161 968 2196 genui

1021 938 1100 965 τοῦτο
1117 937 1270 973 προσώπων
1288 937 1467 972 ἐμφαντικὸν,
1482 938 1528 964 καὶ
1550 937 1600 971 τῆς
1615 936 1806 969 αὑτοδουλίας,

1024 984 1201 1019 ἰσοδυναμίας
1215 983 1376 1018 δηλωτικὸν,
1399 984 1455 1015 τοῖς
1471 982 1533 1009 δυσὶ
1550 983 1578 1009 δὲ
1595 983 1641 1010 καὶ
1656 983 1686 1008 τὸ
1712 983 1808 1017 τρίτον

1023 1029 1225 1064 συνεισάγεται,
1240 1029 1283 1056 διὰ
1299 1029 1330 1055 τὸ
1342 1028 1494 1064 ἀχώριστον
1511 1029 1559 1056 καὶ
1573 1029 1749 1064 φεράλληλον.

1315 1159 1373 1193 Τῆς
1391 1159 1526 1191 Ἐξόδου.

1059 1205 1174 1238 Ἄκουε,
1191 1204 1326 1239 Ἰσραὴλ,
1339 1205 1445 1238 Κύριος
1457 1207 1473 1232 ό
1483 1205 1555 1238 Θεός
1565 1213 1634 1237 σου,
1644 1205 1752 1240 Κύριος
1763 1203 1808 1239 εἷς

1021 1251 1098 1278 ἐστι.
1113 1250 1149 1278 Τὸ
1167 1251 1216 1285 μὲν
1233 1251 1287 1285 γὰρ
1303 1249 1415 1284 Κύριος,
1433 1251 1480 1276 καὶ
1493 1250 1570 1283 Θεὸς,
1585 1251 1633 1277 χαὶ
1646 1251 1747 1286 Κύριος
1756 1253 1808 1283 τζς

1021 1298 1096 1333 τρεῖς
1113 1297 1278 1329 ὑποστάσεις
1291 1297 1469 1332 ὑπεμφαίνει,
1480 1297 1510 1323 τὸ
1523 1297 1551 1323 δὲ
1567 1297 1611 1330 εἷς
1624 1297 1691 1324 ἐστι
1711 1298 1762 1333 τὴν
1777 1300 1808 1323 ὲν

1022 1343 1097 1378 τρισὶ
1113 1343 1179 1379 μίαν
1195 1342 1310 1378 θεότητα
1328 1343 1375 1369 καὶ
1387 1343 1479 1378 φύσιν.

1326 1388 1382 1416 Τοῦ
1400 1389 1500 1416 Δαϐίὸ.

1062 1435 1129 1463 Ἐπὶ
1139 1434 1179 1468 τῷ
1189 1434 1250 1468 Θεῷ
1260 1434 1371 1462 αἰνέσω
1377 1435 1471 1470 ρἦα,
1484 1435 1532 1462 ἐπὶ
1544 1435 1584 1468 τῷ
1593 1435 1689 1470 Κυρίῳ
1696 1435 1810 1463 αἰνέσω

1021 1482 1124 1517 λόγον.
1142 1480 1208 1508 Ἔπί
1220 1481 1259 1513 τῷ
1273 1480 1333 1513 Θεῷ
1346 1480 1474 1515 ἤλπισα,
1493 1482 1529 1508 οὐ
1545 1481 1758 1516 φοϐηθήσομαι
1779 1481 1810 1507 τι

1022 1527 1142 1560 ποιήσει
1152 1535 1204 1560 μοι
1218 1526 1384 1560 ἄνθρωπος.
1400 1526 1455 1552 Καὶ
1471 1526 1565 1554 πάλιν
1581 1526 1680 1554 Θῡσον
1690 1526 1731 1558 τῷ
1746 1526 1811 1559 Θεῷ

1021 1573 1132 1600 θυσίαν
1144 1572 1297 1604 αἰνέσεως,
1312 1572 1361 1598 καί
1372 1571 1487 1605 ἀπόδος
1502 1571 1541 1604 τῷ
1557 1572 1685 1607 ’Υψίστῳ
1698 1573 1751 1605 τὰς
1759 1573 1811 1599 σύ-

1021 1618 1077 1653 χάς
1091 1625 1160 1651 σου,
1174 1617 1223 1644 καὶ
1241 1617 1422 1644 ἐπικάλεσαί
1436 1626 1474 1652 με
1486 1617 1580 1652 ἡμέρᾳ
1594 1618 1724 1652 uulpem
1737 1627 1809 1645 σου.

1022 1665 1077 1691 Καὶ
1091 1661 1180 1696 αὖθις,
1192 1663 1234 1698 Ζῇ
1256 1664 1373 1697 Κύριος,
1387 1664 1437 1690 καὶ
1453 1664 1619 1698 εὐλογητὸς
1632 1665 1648 1690 ὀ
1663 1664 1743 1696 Θεὸς,
1759 1664 1813 1691 νηὶ

1023 1710 1168 1744 ὐψωθήτω
1187 1710 1203 1736 ό
1219 1709 1290 1741 Θεὸς
1305 1708 1360 1743 τῆς
1372 1710 1521 1743 σωτηρίας
1528 1718 1598 1744 μου,
1615 1710 1669 1736 Καὶ
1683 1711 1811 1744 προσέτι,

1028 1756 1078 1782 Ἐν
1088 1754 1128 1787 τῷ
1137 1755 1211 1789 φωτί
1219 1763 1277 1781 σου
1285 1755 1417 1789 ὀψόμεθα
1423 1754 1497 1790 φῶς,
1505 1755 1653 1787 τουτέστιν,
1666 1757 1694 1782 ἐν
1705 1756 1742 1789 τῷ
1753 1755 1812 1790 Υἱῴ

1024 1809 1068 1826 σου
1087 1800 1248 1836 γνωσόμεθα
1269 1801 1299 1827 τὸ
1313 1800 1424 1835 Πνεῦμα
1444 1802 1473 1827 τὸ
1497 1801 1583 1835 ἆγιον.
1598 1801 1637 1827 Δι’
1649 1801 1731 1828 αὑτοῦ
1754 1801 1811 1836 γὰρ

1022 1845 1116 1881 ὥσπερ
1124 1846 1158 1872 τὰ
1168 1846 1286 1881 περὶτοῦ
1294 1846 1410 1881 Πατρὺς,
1419 1845 1490 1872 οὕτω
1498 1848 1544 1873 καὶ
1555 1846 1589 1873 τὰ
1598 1846 1717 1881 περὶτοῦ
1729 1847 1811 1880 ἁγίου

1023 1891 1181 1926 Πνεύματος
1213 1891 1406 1927 ἀριδηλότερον
1440 1892 1723 1927 ὲμυσταγωγήοημεν.
1754 1893 1812 1919 Καὶ

1024 1936 1108 1963 πολλὰ
1125 1935 1238 1964 τοιαῦτα
1247 1938 1296 1972 τῆς
1307 1936 1387 1970 ἁγίας
1399 1937 1512 1971 Τριάδος
1525 1937 1688 1972 εὑρίσκομεν
1703 1945 1809 1972 uasa-{-

1024 1983 1145 2017 γελτικά.
1163 1984 1218 2010 Ka‘.
1235 1984 1249 2011 ό
1271 1983 1415 2019 ἀγγελικὸς
1435 1984 1462 2010 δὲ
1483 1984 1577 2019 ὕμνος,
1593 1984 1811 2018 Ἄγιος-,ἇπ-ιος,

1023 2029 1107 2064 ἅγιος
1117 2031 1235 2063 Κύριος,
1245 2029 1289 2056 διὰ
1302 2030 1351 2064 μὲν
1364 2029 1410 2056 τοῦ
1425 2031 1582 2064 τρισαγίου
1594 2029 1623 2057 τὺ
1631 2031 1814 2065 τρισυπόστςι-

1024 2083 1080 2107 τον,
1091 2074 1135 2100 διὰ
1147 2074 1175 2101 δὲ
1189 2074 1235 2101 τοῦ
1247 2075 1352 2109 Κύριος
1365 2075 1464 2102 ἐνιαϊον
1482 2075 1600 2110 ἐδήλωσε
1611 2075 1658 2109 τῆς
1672 2075 1810 2110 θεότητος,

1031 2119 1281 2155 Ἐχφαντικώτερον
1295 2120 1324 2146 δὲ
1339 2120 1403 2155 περὶ
1429 2119 1536 2154 lla-apo;
1552 2121 1599 2147 καὶ
1612 2120 1676 2147 Υἱοῦ
1695 2129 1779 2154 φησιν
1795 2122 1808 2147 ό

1024 2165 1105 2190 Δαόὶδ
1117 2165 1149 2190 ὲκ
1165 2163 1310 2198 προσώπου
1335 2165 1382 2191 τοῦ
1399 2165 1505 2199 Πατρδς
1522 2165 1591 2200 πρὸς
1607 2166 1652 2192 τὸν
1664 2165 1737 2198 nev,
1761 2167 1811 2192 Ἐκ

191 2209 250 2235 tc'.
267 2208 319 2234 Per
345 2211 454 2234 uterum
481 2210 621 2240 paternam
651 2207 730 2234 docet
756 2207 902 2233 essentiam
945 2211 969 2234 el

1026 2210 1156 2243 γαστρὸς
1171 2209 1226 2242 πρὸ
1237 2210 1393 2244 ἑωσφόρου
1403 2210 1553 2244 ὲγέννησά
1564 2219 1611 2243 σε,
1622 2211 1739 2246 γαστρὸς
1753 2211 1813 2238 θεο-

192 2258 316 2280 naturam
332 2253 454 2288 intelligi.
475 2251 561 2286 Quem
577 2256 667 2279 autem
683 2253 785 2287 poteris
812 2252 895 2279 alium
911 2252 971 2279 sine

192 2303 313 2334 tempore
326 2299 446 2334 genitum
459 2298 602 2325 invenire?
613 2298 650 2324 Ex
662 2306 775 2332 persona
788 2303 878 2325 autem
891 2298 950 2325 Filii
963 2304 971 2328 ς

194 2345 329 2376 Dominus,
347 2344 483 2379 inquiens,
511 2344 579 2370 dixit
601 2345 635 2370 ad
651 2352 692 2371 me
713 2350 723 2371 :
741 2344 826 2371 Filius
850 2352 923 2371 meus
946 2353 972 2371 es

192 2395 231 2422 tu,
247 2398 292 2425 ego
308 2390 384 2416 hodie
405 2391 481 2424 genui
494 2393 518 2416 te
533 2390 565 2417 ¹⁰.
586 2389 653 2417 Illud
672 2390 744 2417 enim
766 2399 772 2417 :
790 2390 876 2417 Hodie
895 2391 973 2426 genui

193 2443 225 2470 te,
255 2443 345 2465 ortum
361 2438 420 2473 ejus
445 2438 473 2464 in
500 2441 621 2472 tempore
638 2445 672 2465 ex
692 2437 802 2473 Virgine
831 2438 973 2473 signiﬁcat.

192 2483 291 2517 Genui,
314 2491 363 2518 pro
385 2492 428 2516 eo,
446 2483 520 2518 quod
549 2488 601 2517 est,
627 2488 653 2510 te
677 2483 748 2518 gigni
777 2483 842 2510 mihi
861 2484 973 2518 placuit,

193 2530 234 2557 vel
249 2530 398 2565 procreavi.
417 2529 485 2556 Huic
507 2535 597 2556 autem
621 2536 744 2564 persona:
759 2528 822 2556 Filii
846 2530 975 2565 congruit

193 2575 275 2602 etiam
291 2574 357 2601 illud
371 2574 525 2602 Solomonis
543 2582 550 2601 :
566 2574 693 2601 Dominus
704 2575 800 2601 creavit
814 2582 864 2606 me,
877 2579 905 2602 et
915 2582 975 2609 quae

194 2626 356 2656 sequuntur.
372 2620 476 2648 Deinde
487 2621 597 2655 subjicit
609 2628 616 2652 ;
628 2621 694 2647 Ante
707 2628 794 2646 omnes
805 2620 882 2647 colles
897 2629 976 2656 gene-

195 2671 237 2693 rat
252 2674 293 2694 me
312 2665 345 2693 “.
360 2666 426 2694 lllud
445 2666 529 2698 enim,
551 2665 659 2693 Creavit
674 2674 726 2697 me,
744 2670 832 2692 ortum
857 2666 930 2692 illius
947 2666 975 2692 in

199 2718 320 2747 tempore
333 2713 481 2739 humanum
497 2711 639 2746 signiﬁcat.
658 2711 693 2738 At
717 2711 780 2738 illud
793 2716 856 2738 ante
883 2718 978 2738 omnes

233 2805 319 2832 ‘Geu.
332 2811 409 2834 xvnl,
428 2804 440 2830 ¹1
458 2809 518 2837 sqq.
557 2803 567 2818 ¹
585 2801 652 2828 Gcn.
671 2810 725 2835 xui,
740 2801 785 2828 24.

196 2848 258 2867 χιιι.
275 2840 318 2866 47.
361 2840 370 2855 ⁷
384 2839 455 2867 Psal.
478 2845 558 2869 xxxv,
579 2837 619 2863 l0.
660 2838 669 2852 ⁸
686 2837 735 2864 lsa.
762 2845 798 2869 vn,
812 2837 838 2863 5.

838 2801 848 2816 ³
864 2800 924 2828 lmo
937 2801 1014 2827 Deut.
1032 2809 1069 2833 vr,
1083 2800 1108 2826 Δ.

878 2836 970 2864 ’Psal.
996 2843 1049 2868 CIX,
1074 2835 1100 2863 5,
1139 2835 1161 2851 ¹⁰
1178 2835 1249 2863 Psal.
1265 2843 1298 2868 ιι,
1327 2836 1361 2871 7.Δ

1027 2254 1139 2289 πρεπῶς
1154 2255 1299 2288 νοουμένης
1314 2255 1362 2289 τῆς
1373 2255 1510 2290 πατρικῆς
1519 2255 1613 2286 οὐσίας
1628 2257 1675 2282 καὶ
1685 2255 1808 2290 φύσεως.

1026 2300 1094 2326 Τίνα
1110 2300 1163 2334 γὰρ
1179 2300 1259 2326 ἄλλον
1275 2301 1348 2335 ἐρεῖν
1369 2301 1490 2335 ἰσχύσεις
1509 2301 1629 2336 ἀχρόνως
1645 2302 1812 2335 γεγεννημέ·

1027 2354 1088 2377 νον;
1110 2346 1142 2372 ὲκ
1153 2345 1180 2371 δὲ
1201 2345 1349 2380 προσώπου
1361 2346 1408 2372 τοῦ
1424 2346 1489 2372 Υἱοῦ
1501 2353 1510 2362 ·
1527 2347 1634 2380 Κύριος
1647 2344 1711 2373 εἰπε
1735 2347 1812 2380 πρός

1025 2399 1074 2425 με,
1088 2391 1154 2423 Υἱός
1161 2399 1220 2425 μου
1230 2389 1257 2418 εἰ
1267 2391 1318 2423 σὺ,
1327 2391 1384 2426 ἐγὼ
1391 2392 1525 2426 σήμερον
1532 2391 1696 2428 γεγέννηκά
1704 2400 1751 2423 σε,
1761 2393 1812 2427 τὴν

1029 2436 1157 2471 χρονικὴν
1172 2437 1255 2463 αὑτοῦ
1266 2436 1341 2471 δηλοί
1349 2437 1486 2472 γέννησιι,
1497 2438 1546 2473 τὴν
1555 2439 1586 2464 ὲκ
1597 2438 1646 2472 τῆς
1660 2438 1811 2472 Παρθένου.

1028 2482 1183 2516 Γεγέννηκα
1197 2481 1262 2518 γὰρ,
1294 2483 1354 2508 ἀντὶ
1378 2483 1426 2509 τοῦ
1442 2484 1606 2519 γεννηθῆναι
1631 2483 1776 2517 εὐδόκησα,
1794 2483 1810 2518 ἢ

1027 2527 1134 2554 sucina.
1148 2528 1251 2562 Εἰρηκε
1274 2528 1302 2554 δὲ
1319 2528 1471 2562 συμφώνως
1489 2529 1576 2564 τούτῳ
1607 2529 1654 2554 καὶ
1682 2528 1811 2562 Σολομὼν

1026 2573 1168 2608 προσώπῳ
1180 2573 1227 2599 τοῦ
1243 2573 1314 2606 υἰοῦ,
1330 2575 1438 2608 Κύριος
1449 2575 1551 2602 ἐκτισέ
1563 2583 1612 2609 με,
1627 2575 1673 2601 καὶ
1686 2576 1719 2602 τὰ
1734 2575 1812 2609 ἑξῆς.

1028 2618 1094 2645 Εἶτα
1109 2620 1248 2653 ὲπήγαγευ
1261 2620 1322 2652 Πρὸ
1335 2619 1368 2646 δὲ
1381 2620 1501 2646 πάντων
1519 2620 1642 2652 βουνῶν
1658 2619 1748 2655 γεννᾷ
1763 2629 1811 2654 με.

1028 2663 1064 2689 Τὸ
1075 2664 1124 2698 μὲν
1134 2665 1186 2698 γὰρ
1198 2664 1299 2690 ἔκτισε
1313 2663 1361 2697 τῆς
1377 2665 1452 2690 κάτω
1465 2664 1511 2690 καὶ
1519 2665 1647 2699 χρονικῆς
1659 2664 1739 2690 abre-.3
1753 2672 1814 2698 γεν‹

1031 2714 1146 2745 νήσεως,
1165 2710 1195 2735 τὸ
1216 2709 1244 2735 δὲ
1259 2709 1316 2743 πρὸ
1329 2708 1451 2736 πάντων
1462 2710 1586 2741 βουνών
1604 2708 1694 2743 γεννᾷ
1708 2717 1745 2743 με
1762 2710 1812 2744 τῆς

1162 2799 1172 2815 ⁵
1187 2799 1256 2827 Psal.
1270 2808 1312 2832 Lv,
1325 2800 1367 2827 ll-
1425 2801 1435 2816 ’⁵
1445 2801 1517 2829 Psal.
1531 2809 1604 2835 xm,
1619 2802 1660 2828 N.

1393 2837 1413 2852 “
1429 2836 1510 2864 Prov.
1537 2845 1597 2867 vui.
1617 2838 1662 2864 25.

1716 2802 1726 2818 ‘
1737 2801 1819 2830 Psal.‘
