1912 3078
197 133 249 164 3’13

816 133 1007 164 EUTHYMII
1028 132 1208 162 ZlGABENI

1776 135 1830 168 30L

202 197 293 218 rerum
316 190 493 224 praesentium
521 188 656 217 desiderio
678 190 865 222 contabescat,
886 189 933 217 sed
950 189 982 216 lii:

1043 187 1242 224 κατορθώματα
1252 187 1282 214 τὸ
1297 188 1398 223 ἀρετὴν
1413 187 1533 220 ἑλέσθαι,
1549 189 1595 215 καὶ
1609 189 1707 216 κακίαν
1718 192 1828 225 φυγεῖν.

199 237 299 271 spretis
322 241 403 269 atque
428 235 602 270 contemptis,
621 235 726 262 futuras
739 239 857 270 expetat,
875 240 902 262 et
921 234 989 262 assi-

202 283 255 309 due
278 281 390 316 cogitet.
401 282 431 308 ιη
447 281 657 308 circumcisione
680 288 744 307 vero
765 281 841 315 quid,
862 285 892 308 ut
903 286 987 313 recte,

197 333 226 355 et
258 328 400 354 voluntate
446 326 546 354 factum
588 327 754 354 laudabitur?
784 327 838 354 Sed
866 333 988 355 amentes

197 382 228 401 ac
255 381 336 400 sensu
369 376 496 408 expertes
514 372 598 400 Judmi
624 374 738 400 veritate
775 373 829 408 jam
854 374 987 408 patefacta

198 422 225 447 in
243 419 336 446 umbra
350 419 440 446 adhuc
455 418 560 449 sedent,
584 425 701 451 cumque
737 419 776 446 sol
800 419 891 445 radios
924 426 988 446 suos

196 466 223 492 in
243 472 339 492 omnes
355 469 448 499 partes
473 463 610 495 ell'uderit,
643 463 732 490 adhuc
755 464 858 498 exigua:
870 464 988 492 lucernae

197 510 292 537 lumini
311 510 458 538 inluerent.
474 509 507 535 Et
523 509 680 543 postulante
707 509 763 543 jam
800 513 924 544 tempore
959 514 989 537 ut

195 556 282 583 solido
298 555 359 583 cibo
371 555 542 587 nutriantur,
561 563 615 582 non
647 560 761 589 possunt
776 562 792 582 a
803 555 871 582 lacte
901 555 989 583 dimo-

195 602 262 634 veri,
279 609 329 629 nec
355 602 464 628 beatum
497 600 611 628 Paulum
642 601 739 628 audire
753 601 848 628 volunt
875 602 911 628 ita
935 602 988 629 cla-

195 654 325 680 mantem,
350 652 377 674 et
395 647 530 674 dicentem
551 647 584 674 de
613 648 769 682 patriarcha
788 656 794 674 :

198 695 298 728 accepit
324 694 531 720 circumcisionis
558 694 724 728 signaculum
746 693 860 729 justilite
884 694 945 728 ﬁdei
960 695 987 720 in

194 741 324 775 pra’ptttio
354 741 373 767 ¹.
413 739 496 767 Vides
529 740 665 774 quomodo
692 739 735 767 hic
765 748 815 767 nos
843 746 988 775 utrumque

194 786 328 818 docuerit,
357 793 456 821 nempe
473 786 654 820 patriarcliam
675 791 700 813 et
717 786 787 822 signi
816 788 903 821 gratia
936 787 988 813 cir-

193 832 390 858 cumcisionem
412 832 561 867 accepisse,
576 838 603 859 et
625 840 686 859 cum
702 839 774 860 esset
803 833 830 860 in
855 833 987 868 praeputio

198 877 333 912 justitiam
350 885 380 904 ex
402 877 455 904 lide
471 885 525 912 pne
547 885 576 904 se
597 877 692 905 tulisse
707 878 719 904 ?
747 877 814 905 Nam
827 885 860 905 ne
877 877 985 905 Judmus

199 923 372 958 impudenter
385 927 530 955 assereret,
545 927 574 950 et
593 923 831 950 circumcisionem
860 923 911 958 ipsi
940 924 985 958 ju-

195 969 297 996 stitiam
311 969 444 1002 attulisse,
461 969 560 996 idcirco
575 969 670 996 beatus
686 969 730 996 hic
744 969 776 996 ad
791 970 874 1004 pedes
886 969 986 997 Gama-

193 1015 263 1042 lielis
279 1015 394 1042 edoctus
411 1023 441 1042 ea
466 1023 525 1050 qua;
545 1015 577 1042 ad
595 1016 757 1050 exquisitam
778 1016 844 1051 legis
860 1017 985 1052 peritiam

193 1061 339 1096 pertinent.
348 1061 388 1088 Ne
403 1062 514 1096 putetis,
534 1062 631 1096 inquit.
644 1062 875 1096 impudentissimi
885 1063 983 1095 Judaei,

192 1107 427 1134 circumcisionem
436 1107 583 1141 quidquam
595 1109 619 1134 ei
632 1107 665 1134 ad
676 1107 808 1142 justitiam
820 1108 983 1141 contulisse;

193 1153 293 1180 etenim
318 1161 372 1187 quo
401 1158 525 1188 tempore
558 1153 721 1188 prmputium
754 1153 883 1185 habebat,
924 1162 984 1181 eam

193 1199 272 1225 iidem
300 1207 356 1233 pra:
387 1206 417 1225 se
443 1199 513 1231 tulit,
530 1204 560 1225 ut
586 1199 716 1226 meruerit
750 1199 815 1226 illud
862 1200 983 1228 audire:

197 1242 316 1270 Credidit
350 1243 484 1270 Abraham
521 1243 586 1274 Deo,
605 1249 629 1270 et
653 1249 804 1279 reputatan
828 1245 869 1271 illi
882 1251 921 1273 est
950 1247 985 1272 ad

189 1289 327 1323 justitiam
341 1290 361 1317 '.
382 1289 450 1316 Cum
468 1289 549 1324 igitur
561 1291 615 1327 jam
630 1295 701 1318 esset
716 1291 742 1318 in
756 1291 860 1326 justitia
874 1297 984 1327 propter

192 1335 282 1367 tidem,
309 1340 373 1362 tunc
392 1335 461 1370 signi
489 1343 572 1363 causa
611 1337 853 1364 cireutncisioncm
866 1339 982 1373 accepit.

193 1383 257 1408 ltcm
275 1382 336 1417 ejus
357 1381 461 1408 nomini
477 1381 549 1409 Deus
582 1382 748 1409 elementum
781 1383 915 1418 adjungit,
956 1388 984 1411 et

191 1433 285 1462 postea
303 1427 437 1463 praecipit,
468 1433 497 1454 ut
519 1427 742 1461 circumcidatur,
761 1433 787 1455 et
809 1429 938 1467 ostendat
954 1437 983 1457 se

192 1477 301 1507 propter
315 1479 439 1507 magnam
464 1471 530 1506 justi
549 1471 677 1498 virtutem
694 1472 745 1499 sibi
770 1473 846 1499 illum
863 1473 981 1501 amicum

827 647 860 674 Et
883 649 988 683 signum

192 1518 362 1553 :tdjuuxisse,
377 1522 405 1545 et
420 1524 530 1552 propter
544 1518 620 1545 illum
644 1524 770 1553 posteros
785 1519 867 1546 etiam
885 1520 982 1555 ipsius.
996 1533 1018 1563 ε

192 1566 241 1596 Ac,
281 1563 509 1598 quemadmodum
536 1564 580 1598 qui
613 1572 721 1591 servum
749 1566 925 1600 comparavit,
957 1573 983 1593 et

193 1618 292 1637 nomen
309 1610 394 1645 ipsius
410 1615 437 1637 et
454 1610 576 1637 habitum
605 1611 766 1646 plerumque
780 1617 940 1644 commutat,
956 1617 984 1640 et

192 1656 283 1682 omnia
318 1655 392 1685 facit.
410 1659 440 1681 ut
465 1655 511 1681 ille
529 1659 709 1689 cognoscatur
725 1663 809 1690 seque
840 1657 981 1684 dominum

191 1701 251 1735 ejus
267 1707 326 1727 esse
338 1699 457 1727 declaret
473 1708 479 1726 :
500 1699 539 1726 sic
555 1699 619 1726 item
645 1707 735 1727 rerum
761 1701 885 1728 omnium
897 1701 980 1734 Deus,

192 1754 253 1773 cum
290 1746 370 1773 vellet
416 1746 598 1780 patriarcham
634 1753 649 1772 a
679 1746 794 1781 reliquis
825 1747 982 1775 hominibus

192 1791 372 1827 distinguere,
388 1795 416 1819 et
432 1792 553 1819 litteram
581 1800 662 1819 unam
683 1794 742 1828 ejus
758 1793 860 1820 nomini
884 1794 982 1829 adjun-

192 1847 257 1874 gens
299 1847 361 1866 eum
389 1839 447 1865 fore
479 1838 626 1865 multarum
664 1839 783 1874 gentium
809 1846 913 1875 patrem
940 1841 982 1867 in-

191 1884 301 1915 dicavit.
330 1888 356 1911 et
374 1891 422 1918 per
437 1883 673 1911 circumcisiouem
709 1885 831 1911 ostendit
849 1885 900 1912 sibi
935 1892 982 1920 po-

191 1930 285 1965 pulum
298 1929 439 1961 eximium,
455 1933 483 1956 et
499 1937 513 1955 a
546 1929 659 1964 reliquis
687 1930 843 1965 sejunctum
873 1932 983 1966 populis

192 1985 225 2004 ex
242 1977 348 2004 semine
362 1977 423 2011 ejus
433 1975 567 2002 futurum.
582 1976 615 2002 At
629 1975 665 2002 illi
682 1976 837 2012 ignorantia
853 1977 982 2005 obcaecati

191 2022 283 2049 carnis
311 2021 549 2048 circumcisionem
577 2020 667 2048 adhuc
705 2022 885 2050 observantes
923 2030 978 2050 non

192 2067 307 2093 audiunt
350 2066 465 2093 Paulum
495 2066 535 2093 sic
565 2073 613 2094 eos
639 2067 737 2094 iterum
770 2068 982 2103 alloquentem:

191 2114 221 2141 Si
233 2112 471 2143 circumcidamiui,
487 2111 604 2139 Christus
616 2113 686 2139 vobis
700 2113 765 2140 nihil
777 2115 890 2148 proderit
901 2115 911 2130 ³
925 2123 932 2147 ;
949 2115 984 2142 ob
1002 2137 1004 2139 .

191 2160 218 2186 id
231 2159 303 2186 enim
321 2162 402 2184 natus
410 2163 452 2184 est
468 2157 608 2190 Dominus,
618 2162 648 2184 ut
663 2158 721 2186 haec
735 2160 826 2186 omnia
852 2160 982 2189 auferret.

1041 234 1137 269 Ψυχῆς
1147 234 1312 269 κατόρθωμα
1325 234 1355 260 τὸ
1364 234 1402 268 μὴ
1410 234 1464 261 τῶν
1474 234 1605 261 πλειόνων
1618 236 1751 270 ἐφίεσθαι,
1761 238 1830 265 ἀλλὰ

1041 281 1088 306 καὶ
1118 280 1152 306 τὰ
1177 279 1242 306 ὅντα
1258 280 1389 314 προέσθαι
1403 282 1460 312 τοῖς
1491 281 1636 316 δεομένοις.
1654 282 1750 316 Ψυχῆς
1769 283 1828 309 ἐστι

1041 325 1208 360 κατόρθωμα
1232 326 1308 360 τὸμὴ
1322 327 1379 358 τοῖς
1391 328 1508 362 παροῦσι
1521 329 1748 362 προστετηκέναι,
1761 329 1830 356 ἀλλᾶ

1039 371 1144 397 τούτων
1160 371 1210 406 μὲν
1222 371 1372 406 ὑπερορᾷν,
1383 373 1417 399 τὰ
1438 373 1572 407 μέλλοντα
1584 373 1613 399 δὲ
1638 374 1830 410 καθ’ἑκάστην

1039 416 1147 451 ἡμέραν
1161 416 1356 450 φαντάζεσθαι.
1376 417 1407 444 'H
1423 420 1560 454 περιτομὴ
1588 419 1616 445 δὲ
1632 421 1708 446 ποῖον
1736 422 1770 448 ἂν
1786 421 1828 456 εἴη
1853 434 1855 437 -

1040 462 1224 496 κατόρθωμα;
1267 462 1337 489 Ἀλλ’
1365 464 1389 490 οι
1430 460 1589 499 ἀγνώμονες
1615 466 1663 492 καὶ
1683 466 1829 501 ἀχάριστοι

1046 507 1169 534 Ἰουδαῖοι
1184 509 1232 541 τῆς
1246 509 1376 544 ἀληθείας
1388 511 1530 546 φανείσης,
1548 511 1587 538 ἔτι
1599 513 1634 547 τῇ
1649 514 1715 547 σκιᾷ
1735 521 1828 547 παρα-

1040 553 1202 588 καθήμενοι,
1219 554 1266 580 χαὶ
1279 555 1326 581 τοῦ
1339 555 1416 589 ἡλίου
1432 557 1482 590 τῆς
1496 557 1672 593 δικαιοσύνης
1700 557 1828 592 λάμψαν-

1039 607 1096 631 τος,
1106 599 1154 625 καὶ
1167 600 1215 630 τὰς
1235 601 1348 631 ἀκτῖνας
1360 601 1408 627 τοῦ
1432 602 1520 636 φωτὸς
1535 603 1674 638 πανταχοῦ
1689 603 1826 638 ἀφιέντος,

1041 645 1082 670 ἐτι
1103 645 1142 680 τῷ
1155 645 1287 680 λυχνιαίῳ
1303 646 1372 680 φωτὶ
1386 647 1605 682 προσηλωμένοι,
1620 649 1666 674 καὶ
1691 650 1763 684 μετὰ
1781 650 1826 675 τὸν

1039 690 1137 724 καιρὸν
1149 690 1199 724 τῆς
1216 692 1332 725 στερεᾶς
1347 692 1453 726 τροφῆς
1470 692 1510 719 ἔτι
1524 693 1562 729 τῷ
1586 694 1702 727 γάλακτι
1727 695 1826 730 τρεφό-

1040 743 1130 770 μενοι,
1147 735 1206 761 οὐδὲ
1221 735 1269 761 τοῦ
1283 737 1422 771 μακαρίου
1449 736 1556 763 Παύλου
1589 738 1699 764 ἀκούειν
1713 739 1826 773 ἀνέχον-

1039 790 1084 807 ται
1099 781 1226 816 βοῶντος,
1237 782 1284 808 καὶ
1293 783 1417 816 λέγοντος
1433 785 1499 819 περὶ
1511 783 1557 810 τοῦ
1571 784 1754 819 πατριάρχου·
1771 785 1826 812 Kal

1039 827 1167 861 σημεῖον
1176 828 1266 855 ἔλαϐε
1283 828 1457 863 περιτομῆς,
1472 830 1607 864 σφαγῖδα
1634 830 1690 865 τῆς
1718 831 1829 858 δικαιο-

1038 874 1137 907 σύνης
1155 874 1210 908 τῆς
1222 876 1352 907 πίστεως
1367 875 1423 910 τῆς
1456 876 1492 902 ἐν
1527 877 1721 910 ἀκροϐυστίᾳ.
1755 877 1829 912 Ὅρα

1036 921 1095 951 πῶς
1111 920 1255 954 ἀμφότερα
1281 921 1356 955 ἡμᾶς
1377 920 1494 948 ἐνταῦθα
1515 922 1617 955 ἐδίδαξε
1631 943 1639 955 ,
1665 924 1711 950 καὶ
1721 923 1763 950 ὅτι
1777 932 1829 958 ση-

1038 965 1114 1000 μείου
1139 964 1219 999 χάριν
1245 965 1295 1000 τὴν
1320 965 1474 1001 περιτομὴν
1497 967 1671 1000 κατεδέξατο,
1700 967 1750 994 καὶ
1785 967 1830 994 ὅτι

1037 1011 1118 1045 ἡνίκα
1144 1012 1314 1046 ἅκρίὃυστον
1333 1010 1377 1047 ἦν,
1399 1012 1448 1048 τὴν
1478 1013 1651 1049 δικαιοσύνην
1674 1014 1725 1050 τὴν
1736 1015 1769 1041 lx
1783 1015 1829 1041 πί-

1042 1065 1127 1088 στεως
1147 1057 1313 1091 ἐπεδείξατο.
1340 1059 1398 1085 ἰνα
1423 1059 1477 1094 γὰρ
1495 1060 1532 1095 μὴ
1550 1060 1714 1096 ἀναισχυντῇ
1727 1061 1741 1086 ὀ
1754 1061 1824 1087 Ἰου-

1035 1103 1119 1136 δαῖος,
1152 1103 1199 1130 καὶ
1213 1104 1297 1139 λέγῃ,
1323 1104 1396 1140 ὅτιή
1417 1105 1553 1140 περιτομὴ
1581 1105 1629 1141 τὴν
1653 1106 1830 1141 δικαιοσύνην

1037 1149 1111 1184 αὺτῷ
1127 1149 1306 1185 προεξένησε,
1322 1150 1367 1177 διὰ
1397 1150 1477 1177 τοῦτο
1504 1152 1517 1178 ὁ
1548 1152 1683 1186 μακάριος
1712 1148 1830 1185 οὓτος,ό

1037 1195 1113 1229 παρὰ
1128 1195 1192 1226 τοὺς
1215 1196 1299 1227 πόδας
1320 1196 1461 1231 Γαμαλιήλ
1488 1197 1681 1232 μαθητευθεὶς,
1713 1198 1728 1224 ὁ
1753 1198 1829 1225 κατὰ

1035 1240 1178 1275 ἀκρίϐειαν
1212 1242 1258 1268 τοῦ
1285 1242 1367 1277 νόμου
1388 1243 1541 1275 παιδευθεὶς
1559 1244 1627 1279 φησί
1641 1251 1649 1259 ‘
1666 1243 1714 1277 Μὴ
1741 1245 1828 1278 νομί‹

1035 1292 1119 1318 tmte,
1145 1284 1169 1313 ὦ
1191 1286 1389 1322 ἀναίσχυντοι
1419 1288 1567 1321 Ἰουδαῖοι,
1582 1289 1627 1315 ὅτι
1645 1289 1664 1323 ὴ
1678 1289 1827 1325 περιτομή

1035 1340 1061 1358 τι
1081 1333 1125 1365 εις
1149 1333 1350 1367 δικαιοσύνην
1376 1334 1456 1366 αὐτῷ
1469 1335 1666 1362 συνετέλεσε.
1685 1336 1740 1362 Καὶ
1769 1337 1828 1370 γὰρ

1034 1378 1064 1404 ἐν
1088 1377 1127 1413 τῷ
1156 1379 1243 1414 καιρῷ
1270 1379 1321 1413 τῆς
1343 1379 1525 1414 ἀκροὸυστίας
1553 1381 1603 1415 τὴν
1631 1381 1722 1407 πίστιν
1759 1382 1826 1408 ἑπι-

1034 1423 1190 1458 δειξάμενος
1221 1425 1338 1459 ηκουσεν
1350 1432 1358 1440 ·
1384 1425 1570 1452 -Ἐπίστευσε
1583 1425 1616 1452 δὲ
1636 1425 1764 1460 Ἀϋραὰμ
1783 1426 1827 1459 τῷ

1037 1469 1116 1502 Θεῷ,
1155 1471 1203 1496 καὶ
1239 1470 1383 1505 ἐλογίσθη
1418 1471 1498 1504 αὐτῷ
1534 1473 1578 1504 εΙς
1611 1471 1826 1506 δικαιοσύνην,

1035 1516 1180 1550 Γενόμενος
1195 1516 1241 1542 οὖν
1253 1518 1282 1543 ἐν
1296 1518 1329 1552 τῇ
1342 1517 1500 1555 δικαιοσύνῃ
1509 1517 1553 1544 διὰ
1568 1521 1617 1554 τὴν
1633 1518 1736 1552 πίστιν,
1761 1519 1826 1546 τότε

1037 1560 1146 1595 δέχεται
1174 1563 1288 1597 σημείου
1309 1563 1389 1598 χάριν
1420 1563 1470 1599 τὴν
1501 1565 1661 1599 περιτομὴν,
1680 1566 1728 1592 καὶ
1753 1566 1827 1601 ὁμοῦ

1036 1610 1083 1636 καὶ
1096 1610 1134 1645 τῷ
1152 1611 1265 1645 ὀνόματι
1276 1611 1361 1637 αὑτοῦ
1391 1611 1422 1637 τὸ
1435 1613 1568 1646 στοιχεῖον
1583 1612 1736 1647 ἐπιτίθησι,
1774 1614 1828 1640 καὶ

1036 1657 1104 1692 μετὰ.
1118 1657 1206 1683 ταῦτα
1219 1658 1268 1692 τὴν
1282 1657 1434 1693 περιτομὴν
1451 1659 1601 1691 ἐπιτάττει,
1615 1659 1658 1685 ἵνα
1673 1659 1760 1694 δείξῃ,
1781 1661 1826 1686 ὅτι

1033 1702 1076 1729 διὰ
1087 1703 1135 1738 τὴν
1151 1703 1255 1737 πολλὴν
1265 1704 1364 1738 ἀρετὴν
1374 1703 1467 1730 λοιπὸν
1483 1703 1528 1730 τὸν
1537 1704 1640 1731 δίκαιον
1652 1705 1825 1740 ᾠκειώσατο,

1034 1749 1080 1775 καὶ
1096 1748 1129 1775 δι’
1145 1750 1246 1775 ἐκεῖνον
1265 1750 1311 1776 καὶ
1327 1750 1391 1781 τοὺς
1405 1750 1434 1782 ἐξ
1462 1750 1545 1776 αὐτοῦ
1575 1752 1733 1786 ἐσομένους.
1769 1752 1826 1778 Καὶ

1034 1795 1161 1830 καθάπερ
1177 1804 1220 1826 τις
1244 1797 1354 1831 οἰκέτην
1366 1796 1547 1831 κτησάμενος,
1565 1796 1694 1828 πολλάκις
1728 1797 1776 1824 καὶ
1792 1798 1825 1824 τδ

1033 1840 1120 1876 ὕνομα
1144 1841 1229 1868 αὑτοῦ
1247 1841 1420 1877 μετατίθησι,
1434 1842 1523 1869 καὶτὸ
1538 1842 1642 1878 σχῆμα,
1661 1844 1709 1870 καὶ
1731 1843 1826 1871 πάντα

1038 1890 1121 1921 ποιεῖ,
1135 1888 1204 1914 ὥστε
1221 1889 1375 1924 κατάδηλον
1387 1890 1468 1916 αὺτδν
1482 1883 1606 1924 ποιῆσαί,
1621 1890 1664 1916 ἵνα
1692 1890 1737 1917 διὰ
1756 1892 1826 1919 πάν-

1036 1942 1090 1960 των
1106 1935 1230 1970 κηρύττῃ
1259 1936 1309 1971 τὴν
1326 1935 1485 1963 δεσποτείαν
1500 1936 1588 1963 ὀὕτω
1612 1937 1645 1972 δὴ
1672 1938 1720 1964 καὶ
1738 1938 1753 1964 ὸ
1769 1938 1826 1965 τῶν

1036 1981 1107 2007 ὅλων
1125 1982 1201 2014 Θεὸς,
1228 1982 1324 2018 ὥσπερ
1336 1984 1454 2019 χωρέσιι
1470 1984 1524 2011 τῶν
1545 1985 1633 2012 ἄλλων
1667 1984 1825 2020 ἀνθρώπων

1036 2027 1119 2053 αὐτον
1131 2027 1302 2062 βουλόμενος,
1320 2028 1363 2054 διὰ
1379 2029 1429 2064 μὲν
1444 2029 1494 2064 τῆς
1508 2029 1668 2065 προσθήκης
1683 2029 1731 2056 τοῦ
1749 2038 1825 2056 στοι-

1035 2073 1120 2107 χείου,
1138 2073 1179 2100 ὅτι
1191 2073 1298 2100 πολλῶν
1317 2074 1402 2100 ἐθνῶν
1414 2075 1507 2111 πατὴρ
1522 2076 1599 2102 ἔσται
1623 2075 1758 2109 ἐμήνυσε,
1779 2075 1824 2102 διὰ

1035 2118 1062 2144 δὲ
1077 2119 1126 2153 τῆς
1143 2119 1305 2155 περιτομῆς,
1324 2120 1364 2146 ὅτι
1379 2119 1517 2155 ἐξαίρετος
1541 2120 1624 2147 αὑτοῦ
1653 2120 1731 2146 ἔσται
1744 2120 1822 2152 λαὸς,

1035 2165 1082 2191 καὶ.
1097 2165 1151 2191 τῶν
1164 2164 1266 2191 λοιπῶν
1296 2166 1381 2192 ὲθνῶν
1399 2167 1606 2202 κεχωρισμένον
1634 2167 1664 2192 τδ
1693 2167 1723 2198 ἐξ
1736 2167 1822 2193 αὑτοῦ

192 2205 225 2232 Ει
243 2204 346 2231 idcirco
360 2203 418 2238 ipse
436 2207 523 2229 totam
541 2203 626 2238 legem
650 2203 781 2238 implevit,
799 2209 827 2231 ut
840 2205 907 2242 legis
935 2207 982 2234 ob-

1038 2209 1133 2244 μέλλον
1150 2210 1291 2237 τίκτεσθαι
1310 2211 1420 2246 σπέρμα
1436 2220 1443 2226 ·
1460 2213 1483 2238 εἰ
1500 2213 1547 2238 καὶ
1571 2212 1670 2238 ἐκεῖνοι
1692 2212 1736 2238 διᾶ
1773 2212 1823 2247 τὴν

193 2249 373 2277 servationem
388 2255 443 2275 non
459 2248 562 2275 sineret
585 2249 697 2276 ulterius
726 2250 865 2284 progredi.
908 2251 982 2284 Qua-

193 2300 302 2329 ptopler
335 2298 362 2321 et
384 2294 481 2321 beatus
496 2293 599 2322 Paulus
617 2294 753 2322 clamabat
770 2304 777 2322 :
792 2295 841 2328 Qui
857 2296 884 2323 in
914 2299 979 2332 lege,

191 2339 530 2374 inquiens,justi/Scantini,
548 2348 563 2366 a
580 2341 667 2374 gratia
684 2341 816 2368 excidisti:
833 2342 854 2368 ⁸.

1036 2253 1138 2279 οἰκείαν
1153 2254 1282 2290 πώρωσιν
1299 2255 1339 2281 ἐτι
1352 2257 1402 2288 τὴν
1414 2256 1566 2291 περιτομὴν
1586 2257 1635 2290 τῆς
1650 2256 1755 2291 σαρκὸς
1771 2265 1824 2291 φυ‹

1036 2298 1143 2326 λάττειν
1164 2300 1315 2335 βούλονται,
1338 2302 1388 2329 οὐκ
1413 2302 1557 2334 ἀκούοντες
1596 2302 1678 2329 πάλιν
1712 2303 1822 2329 Παύλου

1035 2345 1159 2380 λέγοντος
1171 2356 1178 2364 ο
1187 2347 1258 2374 Ἐὰν
1271 2348 1496 2383 περιτέμνησθε,
1507 2350 1632 2383 Χριστὸς
1642 2349 1825 2384 ὑμᾶςούδὲν

191 2386 351 2420 ὠφελήσει,
365 2386 414 2412 Διά
436 2385 490 2420 γὰρ
506 2385 585 2433 τοῦτο
601 2387 767 2433 παρεγένετο
792 2389 806 2414 ὁ
827 2388 976 2424 Δεσπότης,
994 2391 1036 2417 ἵνα
1045 2392 1132 2419 ταῦτα
1145 2394 1226 2429 ἀνέλῃ
1241 2402 1247 2408 ·
1267 2396 1314 2421 καὶ
1326 2395 1371 2421 διὰ
1386 2395 1465 2421 τοῦτο
1475 2396 1563 2422 πάντα
1580 2398 1626 2422 τὶν
1645 2397 1824 2433 νόμονὲπλή·

194 2440 290 2466 ρωσεν,
303 2433 346 2458 ἵνα
362 2433 449 2468 στήσῃ
463 2432 556 2458 λοιπὸν
568 2431 706 2468 τοῦνόμου
722 2433 771 2468 τὴν
785 2435 988 2469 παρατήρησιν.
1005 2438 1054 2464 Διὰ
1073 2439 1151 2466 τοῦτο
1165 2439 1240 2472 ἐϐόα,
1258 2442 1304 2466 καὶ
1323 2440 1415 2475 ἔλεγεν
1427 2442 1440 2468 ὁ
1455 2441 1592 2476 μακάριος
1608 2441 1725 2474 lla-310:
1743 2431 1824 2471 οῖτί-
1876 2466 1881 2473 ,

191 2486 242 2511 νες
254 2477 288 2504 ἐν
302 2478 383 2513 νόμῳ
396 2477 571 2505 δικαιοῦσθε
584 2478 639 2513 τῆς
656 2479 776 2514 χάριτος
790 2480 962 2512 ἐξεπέσετε.

226 2534 292 2562 Item
305 2537 336 2562 de
351 2534 556 2562 circumcisione.
569 2535 610 2562 Er
630 2535 805 2569 Damascum,
819 2546 879 2572 cap.
897 2539 944 2566 54.

227 2611 290 2640 l‘ost
306 2612 403 2648 legem,
423 2617 483 2648 post
498 2613 727 2647 benedictionem,
745 2620 806 2649 post
821 2616 978 2650 promissio-

191 2667 254 2685 nem
277 2658 449 2686 circumcisio
475 2659 536 2686 data
562 2665 603 2688 est
627 2661 775 2691 Abraham,
799 2662 836 2688 uti
860 2662 977 2697 signum,

191 2705 262 2739 quod
277 2713 350 2737 eum,
368 2711 396 2732 et
412 2705 480 2733 filios
494 2710 576 2740 atque
590 2706 756 2734 domesticos
771 2707 842 2742 ejus.
863 2715 877 2734 a
893 2710 981 2742 genti-

191 2750 252 2785 bus,
268 2751 427 2786 quibuscum
438 2752 606 2784 versabatur,
617 2752 804 2787 distingueret.
822 2754 879 2781 Hoc
890 2759 980 2781 autent

228 2831 237 2848 ¹
257 2832 334 2860 Rom.
363 2841 400 2867 tv,
426 2834 469 2860 ll.
508 2835 518 2850 ¹
533 2833 602 2861 Gen.
619 2842 663 2868 xv,
678 2835 710 2869 6;
727 2836 805 2864 Rom.
819 2844 856 2871 tv,
870 2837 895 2865 5.
936 2837 946 2853 ⁹
964 2836 982 2864 G

1039 2846 1064 2872 v,
1082 2839 1110 2867 2.

1035 2540 1208 2573 Κεφάλαιον
1219 2540 1275 2567 λθ.
1294 2541 1364 2574 Περὶ
1380 2541 1436 2575 τῆς
1455 2542 1550 2576 αὐτῆς
1573 2543 1747 2578 περιτομῆς.
1764 2545 1821 2572 τοῦ

1324 2578 1535 2610 Δαμασκηνοῦ.

1077 2622 1108 2648 Ἡ
1118 2622 1257 2657 περιτομὴ
1275 2622 1327 2658 πρὸ
1343 2622 1389 2649 τοῦ
1402 2623 1484 2657 νόμον
1500 2623 1579 2659 ἐδόθη
1608 2624 1648 2656 τῷ
1680 2624 1820 2660 Ἁϐραάμ,

1034 2667 1104 2702 μετὰ
1134 2668 1183 2699 τὰς
1209 2668 1345 2702 εὐλογίας,
1381 2670 1452 2703 μετὰ
1477 2670 1526 2704 τὴν
1556 2669 1745 2704 ἐπαγγελίαν,
1771 2679 1821 2706 ση-

1039 2715 1116 2747 μεῖον
1143 2713 1353 2740 ἁποδιαστέλλον
1379 2715 1471 2747 αὑτὸν,
1508 2714 1556 2741 καὶ
1580 2715 1643 2746 τοὺς
1676 2715 1706 2749 ἐξ
1721 2716 1820 2749 αὐτοῦ,

1037 2759 1082 2785 καὶ
1112 2758 1175 2789 τοὺς
1205 2759 1287 2785 αἰτοῦ
1317 2760 1465 2794 οἰκογενεῖς
1493 2761 1523 2787 ἐκ
1552 2761 1605 2788 τῶν
1628 2760 1726 2795 ἐθνῶν,
1757 2761 1819 2798 μεθ’

1159 2839 1246 2866 ‘iLid.
1265 2839 1293 2866 4.
