1912 3078
180 147 232 178 307

798 150 990 181 EUTHYMH
1013 152 1193 183 ZIGABENI

1755 153 1811 185 308

180 204 237 231 τοςιί
263 208 287 231 ει
303 208 380 231 term
397 205 416 231 ¹.
441 204 507 237 Qum
538 211 599 232 cum
624 204 660 232 ila
678 205 743 237 sint,
765 207 902 240 quomodo
922 206 972 233 erit

1032 208 1287 244 Ἐξομολογοῦμαί
1308 216 1368 240 σοι,
1384 209 1478 242 Πάτερ
1498 208 1584 243 Κύριε
1605 207 1658 235 τοῦ
1679 208 1812 242 οὐρανοῦ

180 250 249 277 alter
261 255 361 285 pra-tor
376 250 450 277 hunc
462 250 554 278 Deus?
568 251 621 278 Aut
639 251 748 278 ubinam
761 251 813 278 erit
828 259 972 279 commen-

182 296 258 323 titius
274 296 388 324 istorum
408 297 490 328 Deus,
508 304 569 324 cum
590 298 664 325 solus
687 297 740 329 hic,
755 301 783 324 et
799 305 880 324 verus
899 296 971 324 Deus

180 347 280 369 cuneta
305 343 366 370 caeli
401 347 535 377 terraeque
559 343 701 378 complexu
727 342 865 378 compleat
888 342 973 370 iAut

181 389 318 422 quomodo
337 389 373 416 sit
389 396 482 416 earum
500 397 590 416 rerum
608 389 764 421 fabricator,
782 397 897 423 quarum
915 389 972 423 ipse

182 434 253 461 Deus
266 438 292 461 ct
303 434 384 461 Pater
395 434 496 461 Christi
508 435 639 461 Dominus
654 439 705 467 est,
719 439 748 461 ut
761 442 808 462 ore
824 442 874 462 suo
892 433 972 461 Citri-

182 484 241 507 stus
263 484 378 507 testatur
393 482 403 507 ‘?
420 480 475 508 Nisi
488 489 548 516 qua:
572 481 616 508 Dei
639 481 702 508 boni
726 485 799 512 sunt,
823 488 918 508 eorum
940 488 973 507 ex

182 534 261 561 ειτηυο
278 531 304 553 et
322 527 422 554 malum
437 535 498 555 esse
515 535 594 562 posse
609 527 751 555 dominum
769 527 882 555 dicant?
896 525 973 559 Quod

182 573 204 600 si
221 573 349 605 dixerint,
366 573 487 606 attende,
502 573 529 600 in
548 577 677 608 quantam
696 572 867 608 impietatem
883 572 974 600 incur-

185 624 256 647 rent.
281 620 309 647 In
331 620 364 647 iis
382 620 465 653 cnim,
484 628 600 654 quorum
616 627 692 655 ecqua
707 624 829 654 potestas
843 622 895 652 est,
914 623 975 646 uter

185 665 357 700 praestantior
380 666 424 697 sit,
448 665 562 701 reperiri
582 673 635 693 non
657 670 756 701 potest.
783 665 850 693 Nam
871 665 892 693 si
920 672 975 692 uno

184 712 270 739 invito
284 712 353 738 alter
383 716 434 743 est,
449 711 561 746 aqualis
579 716 606 739 et
622 719 671 746 par
686 717 728 739 est
756 712 900 746 utriusque
918 716 975 738 tum

185 758 236 790 vis,
253 763 310 785 tum
325 758 509 786 imbecillitas.
525 758 648 792 Equalis
658 758 730 785 enim
744 758 786 785 vis
800 766 832 785 ex
846 765 879 785 eo
911 765 976 792 per«

183 802 277 837 spicua
298 808 350 836 est,
365 803 437 838 quod
453 811 482 830 se
497 803 615 831 vicissim
631 808 772 838 superant,
785 811 847 830 cum
867 802 977 830 nolente

183 849 270 876 altero
285 853 400 883 uterque
411 853 469 883 est;
487 857 536 884 par
548 854 639 876 autem
655 849 828 876 imbecillitas
843 848 906 876 inde
918 848 976 875 col-

1024 255 1073 280 xal
1086 253 1142 288 τῆς
1155 254 1221 289 γῆς.
1236 255 1266 281 Εἰ
1279 255 1307 281 δὲ
1323 251 1362 284 εἷς
1374 255 1447 281 ἐστιν
1462 256 1475 281 ὁ
1487 255 1565 286 Θεὸς,
1577 254 1624 280 καὶ
1639 251 1716 285 οὗτος
1727 255 1815 289 οὑρι-

1025 299 1071 326 νοῦ
1095 302 1143 327 καὶ
1165 300 1217 335 γῆς
1233 301 1346 335 Κύριος,
1367 301 1426 332 πῶς
1444 300 1523 332 ἄλλος
1540 300 1572 326 ἆν
1590 301 1632 334 εἴη
1652 300 1717 331 Θεδς
1735 300 1814 335 παρὰ

1025 345 1135 378 τοῦτονς
1159 346 1214 373 Ποῦ
1237 347 1264 372 δὲ
1287 347 1335 372 καὶ
1347 346 1425 373 ἔσται
1444 347 1457 372 ό
1480 345 1543 372 κατ’
1561 346 1661 377 αὐτοὺς
1678 345 1755 378 Θεὸς,
1779 346 1816 372 τὰ

1026 389 1117 416 πάντα
1131 390 1178 416 τοῦ
1195 390 1275 424 μόνου
1291 391 1338 417 καὶ
1352 390 1480 425 ἀληθινοῦ
1494 390 1662 425 πληροιῖντος
1676 391 1747 417 κατὰ
1762 391 1816 419 τὴν

1026 435 1074 461 τοῦ
1084 435 1199 470 οὐρα.νοῦ
1213 436 1259 461 καὶ
1267 435 1319 469 γῆς
1333 435 1480 470 περίληψιν
1495 444 1502 467 ;
1516 435 1577 465 Πῶς
1590 435 1617 461 δὲ
1632 435 1678 461 καὶ
1691 435 1770 466 ἄλλος
1782 434 1817 461 ἂν

1027 479 1071 514 εἴη
1084 479 1208 514 ποιητὴς,
1218 477 1256 507 ὧν
1272 480 1353 511 αὐτὸς
1364 481 1378 506 ὁ
1389 480 1454 510 Θεὸς
1467 480 1513 506 καὶ
1524 480 1619 514 Πατὴρ
1632 479 1679 506 τοῦ
1693 479 1817 514 Χριστοῦ

1027 526 1086 551 ἔστι
1106 525 1216 559 Κύριος,
1234 525 1305 551 κατὰ
1320 525 1370 559 τὴν
1384 524 1431 551 τοῦ
1451 524 1576 560 Σωτῆρος
1593 525 1705 558 φωνήν;
1727 524 1758 550 Et
1779 524 1818 559 μὴ

1028 571 1081 604 ἄρα
1096 569 1164 598 ὦσιν
1188 573 1216 598 ὲν
1236 572 1398 607 incenato),
1414 572 1462 598 καὶ
1480 571 1535 598 τῶν
1563 570 1609 597 τοῦ
1626 570 1730 604 ἀγαθοῦ
1745 570 1818 596 Θεοῦ

1028 617 1074 643 τὸν
1089 617 1190 651 φαῦλον
1202 617 1332 644 δύνασθαι
1348 617 1474 652 γενέσθαι
1490 618 1593 652 Κύριον
1609 618 1723 644 εῐποιεν.
1745 616 1818 643 Ἀλλ’

1030 663 1077 690 ὲὰν
1092 663 1171 689 τοῦτο
1187 663 1314 696 λέγωσιν,
1327 664 1377 698 ὅρα
1389 665 1429 695 είς
1443 663 1509 698 ὅσην
1524 663 1652 690 ἀσέϐειαν
1666 663 1818 689 ἐκπίπτου-

1033 718 1084 736 σιν.
1105 710 1148 736 Ἑν
1164 710 1218 745 γὰρ
1233 711 1287 741 τοῖς
1298 711 1331 736 τὰ
1347 709 1392 736 ἴσα
1404 709 1564 743 δυναμένοις
1577 709 1608 735 τὺ
1623 709 1756 744 ὑπερέχον
1767 708 1818 734 καὶ

1030 756 1153 789 κρεῖττον
1177 755 1227 782 οὐκ
1243 755 1276 782 ἂν
1299 755 1435 792 εὑρεθείη.
1451 756 1506 782 Καὶ
1520 755 1574 790 γὰρ
1591 756 1615 782 εἰ
1635 755 1671 790 μὴ
1694 755 1820 786 θέλοντος

1031 802 1076 828 τοῦ
1094 801 1189 836 ἐτέρου
1209 801 1236 827 τὸ
1255 801 1348 836 ἕτερον
1367 802 1451 831 ἔστιν,
1468 801 1513 836 ἴση
1529 801 1690 836 ἀμφοτέρων
1704 800 1721 834 ή
1736 800 1820 827 δόνα-

1033 856 1089 882 μις,
1107 847 1153 873 καὶ
1168 847 1295 874 ἀσθένειά
1313 847 1386 873 ἐστιν
1398 854 1407 862 ⁸
1423 846 1467 880 ἴση
1483 846 1532 880 μὲν
1551 847 1567 881 ἠ
1581 846 1705 880 δύναμις,
1718 846 1760 872 ὅτι
1775 854 1820 872 νι-

184 895 288 929 ligitur.
304 895 376 931 quod
392 903 435 922 res
450 901 549 930 praner
560 895 703 930 utriusque
720 895 884 922 sententiam
898 894 972 921 acci-

1031 893 1110 919 ιῶσιν
1136 893 1259 927 ἀλλήλων
1283 894 1332 928 τὴν
1355 892 1482 927 βούλησιν
1508 893 1536 919 ὲν
1547 892 1585 928 τῷ
1607 890 1679 918 εἶναι
1697 900 1704 908 ⁸
1721 892 1766 926 ἴση
1793 891 1823 918 εὶ

184 941 271 973 dunt,
289 940 422 975 siquidem
437 945 464 967 et
478 941 588 968 nolente
599 940 670 967 malo
683 941 771 968 bonus
785 945 837 972 est,
853 945 880 967 et
891 940 976 966 malus

185 987 271 1014 invito
288 986 370 1014 bono.
390 985 536 1020 Praeterea,
556 987 578 1014 si
595 987 682 1014 malus
695 986 786 1015 effecit
798 994 828 1013 ea
844 993 903 1021 quae
919 993 978 1013 cer—

185 1033 287 1066 nimus,
305 1032 409 1067 ecquod
430 1032 493 1060 boni
512 1033 621 1060 tandem
633 1033 684 1060 erit
698 1032 790 1067 opus?
815 1031 887 1058 Nihil
905 1031 976 1058 enim

185 1078 309 1106 cernitur
321 1083 420 1113 praeter
433 1078 564 1105 mundum
578 1078 652 1105 hunc
662 1077 695 1105 ab
706 1077 801 1112 opiticc
814 1076 978 1112 perfectum.

186 1126 248 1159 Quo
266 1126 349 1161 igitur
365 1125 466 1153 indicio
482 1133 542 1152 esse
558 1128 737 1160 cognoscetur
753 1124 806 1156 ille,
824 1124 870 1158 qui
893 1123 980 1150 bonus

186 1179 240 1206 est,
253 1179 315 1199 cum
330 1171 405 1198 nulla
425 1175 533 1198 exstent
548 1178 631 1205 opera
645 1170 740 1205 ipsius,
758 1176 790 1196 ex
805 1169 905 1203 quibus
923 1168 986 1202 ipse.

185 1217 306 1253 dignosci
323 1217 430 1252 queat?
451 1216 554 1244 Artifex
573 1216 645 1243 enim
671 1223 704 1242 ex
720 1216 850 1250 operibus
876 1221 978 1249 cogno-

186 1262 285 1290 scitur.
297 1261 355 1289 Jam
372 1262 509 1296 quomodo
521 1261 601 1288 simul
617 1268 677 1288 esse
692 1264 821 1295 poterunt
836 1259 891 1286 duo
907 1259 979 1286 inter

186 1317 216 1336 se
233 1309 395 1336 contraria?
409 1309 463 1336 Aul
475 1308 539 1343 quid
556 1316 587 1335 ea
603 1307 717 1339 dividet,
730 1311 760 1334 ut
772 1305 982 1342 disiungantur?

187 1355 254 1383 Nam
273 1359 302 1382 ut
322 1355 403 1383 simul
413 1355 478 1386 sint,
496 1355 552 1382 ﬁeri
569 1362 623 1382 non
640 1358 741 1389 potest,
757 1362 818 1381 cum
833 1359 980 1387 utrumque

187 1402 303 1429 alterum
321 1402 408 1429 tollat.
428 1402 524 1436 Neque
539 1406 568 1428 ut
583 1408 667 1428 unum
691 1400 717 1427 in
741 1400 828 1427 altero
845 1399 891 1432 sit,
911 1405 981 1433 quio-

186 1452 260 1479 niam
277 1457 372 1478 eorum
395 1452 493 1476 natura
518 1447 656 1474 dissimilis
674 1454 728 1472 non
752 1446 853 1480 patitur
870 1444 984 1479 conjun-

186 1499 317 1527 ctionem.
328 1496 450 1524 Tertium
466 1495 548 1531 igitur
563 1494 625 1527 erit,
640 1493 711 1529 quod
722 1500 752 1520 ea
769 1492 886 1521 dirimat.
896 1493 982 1526 quod-

1028 941 1044 973 ὴ
1057 939 1194 971 ἀσθένεια,
1214 939 1255 965 ὅτι
1269 939 1306 974 μὴ
1322 938 1495 974 βουλομένοις
1505 938 1596 969 αὐτοῖς
1615 937 1690 972 παρὰ
1704 937 1825 972 γνώμην

1029 985 1172 1012 ἀποϐαίνει
1194 985 1227 1012 τὰ
1252 985 1414 1020 πράγματα..
1437 985 1517 1011 Ἔστι
1542 985 1596 1019 γὰρ
1621 985 1667 1010 καὶ
1684 985 1698 1010 ὁ
1718 983 1826 1017 ἀγαθὸς

1030 1030 1106 1065 παρὰ
1128 1030 1240 1064 γνώμην
1261 1029 1308 1056 τοῦ
1330 1029 1447 1064 φαύλου.
1473 1029 1551 1055 Ἐστι
1570 1029 1598 1056 δὲ
1620 1029 1665 1056 καὶ
1687 1030 1701 1055 ό
1720 1028 1826 1063 φαῦλος

1030 1075 1106 1110 παρὰ
1119 1074 1247 1109 βούλησιν
1256 1075 1302 1110 τοῦ
1315 1074 1429 1109 ἀγαθοῦ,
1442 1074 1548 1105 Ἀλλως
1561 1083 1602 1106 τε,
1620 1075 1667 1101 καὶ
1677 1073 1758 1100 τοῦτο
1768 1074 1826 1109 γὰρ

1031 1121 1064 1149 ἄν
1081 1130 1123 1152 τις
1140 1121 1233 1152 αὐτοῖς
1247 1121 1330 1153 εἴποι,
1348 1121 1372 1147 εί
1389 1121 1423 1146 τὰ
1436 1121 1588 1156 φαινόμενα
1601 1120 1669 1154 ἔργα
1682 1119 1731 1146 τοῦ
1749 1119 1825 1155 qva-5-

1032 1167 1077 1193 λου
1100 1167 1168 1198 snt,
1192 1167 1218 1193 τί
1243 1167 1274 1193 τὸ
1301 1167 1382 1201 ἔργον
1405 1167 1452 1193 τοῦ
1475 1165 1597 1200 ἀ·(αθοῦ;
1621 1165 1749 1192 Φαίνεται
1769 1165 1826 1199 γὰρ

1032 1214 1110 1240 οὐδὲν
1129 1214 1200 1248 πλὴν
1218 1213 1267 1247 τῆς
1284 1213 1332 1239 τοῦ
1349 1212 1519 1248 δημιουργοῦ
1536 1214 1663 1243 κτίσεως.
1678 1213 1710 1238 Τί
1727 1212 1756 1238 δὲ
1775 1211 1826 1238 καὶ

1032 1261 1080 1287 τοῦ
1103 1258 1174 1286 εἶναι
1193 1260 1239 1286 τὴν
1260 1260 1361 1293 ἀγαθὸν
1384 1259 1541 1294 γνώρισμα.
1564 1259 1614 1285 οὐκ
1632 1259 1716 1285 ὅντων
1740 1257 1826 1284 αὐτοῦ

1033 1308 1137 1342 ἔργων,
1156 1307 1189 1333 δι’
1205 1303 1242 1333 ὧν
1260 1306 1293 1333 ἂν
1316 1306 1448 1341 γνωσθείη
1463 1314 1470 1337 ;
1494 1306 1542 1331 Ἐκ
1560 1305 1613 1339 γὰρ
1632 1304 1686 1330 τῶν
1703 1304 1792 1339 ἔργων
1813 1305 1827 1330 6

1034 1353 1202 1388 δημιουργὸς
1215 1353 1391 1386 γινώσκεται.
1408 1352 1470 1382 Πῶς
1484 1351 1512 1378 δὲ
1524 1351 1592 1382 ὅλως
1610 1351 1657 1377 καὶ
1675 1351 1721 1377 δύο
1734 1350 1768 1377 ἂν
1781 1350 1826 1385 εἴη

1035 1399 1145 1425 ἐναντία
1158 1397 1300 1432 ἁλλήλωνς
1318 1397 1351 1423 Ἢ
1369 1397 1395 1422 τί
1411 1397 1441 1422 τὸ
1456 1395 1579 1430 διαιροῦν
1595 1396 1653 1421 ἐστι
1672 1395 1762 1421 ταῦτα
1777 1394 1826 1420 ἵνα

1037 1445 1122 1479 χωρὶς
1147 1444 1270 1478 ἀλλήλων
1296 1433 1451 1477 γένωνταις
1479 1440 1550 1469 εἶναι
1576 1443 1630 1477 γὶρ
1655 1441 1743 1468 ταῦτα
1769 1441 1830 1474 ἅμα

1038 1489 1188 1521 ἀδύνατον,
1209 1489 1254 1514 διὰ
1271 1489 1300 1514 τὸ
1318 1487 1480 1522 ἀναιρετικὰ
1500 1487 1626 1521 ἀλλήλων
1647 1484 1728 1512 εἷναι.
1756 1485 1829 1511 Ἀλλ’

187 1553 241 1580 que
256 1544 292 1571 sit
312 1548 340 1570 et
360 1543 448 1578 ipsum
466 1530 548 1568 Deus.
567 1541 601 1567 At
620 1539 772 1575 qualisnam
790 1539 842 1565 erit
861 1541 887 1564 et
910 1537 979 1564 tertii

1038 1536 1097 1562 οἰδὲ
1113 1535 1207 1569 ἕτερον
1223 1536 1251 1562 ὲν
1263 1535 1349 1570 ἑτέρῳ
1360 1533 1486 1568 δυνηθείη
1504 1533 1538 1559 ἂν
1567 1530 1637 1558 εἶναι
1655 1531 1699 1558 διὰ
1718 1531 1748 1557 τὸ
1765 1530 1831 1566 ἄμι-

188 1591 308 1619 natura?
331 1589 432 1616 Bonivc
453 1587 563 1618 similis,
579 1594 613 1613 an
632 1585 717 1612 mali?
737 1584 884 1616 Utriusque
905 1585 978 1610 enim

188 1645 249 1664 esse
278 1643 332 1664 nou
357 1639 457 1670 potest.
482 1632 553 1667 Ergo
576 1640 638 1660 cum
661 1632 773 1658 istorum
797 1635 981 1657 commentum

189 1683 313 1719 putidum
330 1688 392 1709 esse
410 1680 598 1712 convincatur,
619 1678 802 1705 necessarium
825 1681 867 1703 est
893 1680 922 1702 ut
939 1683 983 1702 ec-

189 1729 350 1758 clesiasticae
374 1726 505 1756 doctrina:
528 1725 632 1753 veritas
655 1724 772 1755 eluceat,
817 1731 876 1758 qua:
903 1722 984 1749 tradit

191 1778 292 1805 malum
308 1783 360 1802 nec
375 1783 390 1802 a
410 1774 465 1801 Deo
480 1772 644 1808 prolectant,
659 1779 710 1798 nec
726 1771 753 1797 in
775 1770 829 1796 Deo
846 1777 918 1802 esse,
933 1776 984 1796 nec

194 1825 229 1852 ab
243 1823 321 1850 initio
337 1821 424 1849 fuisse
441 1819 554 1851 factum,
570 1825 658 1853 neque
676 1822 812 1849 maturant,
828 1821 874 1844 aut
888 1823 982 1843 essen-

190 1871 256 1899 tiam
274 1870 335 1904 ejus
349 1868 430 1895 ullam
447 1866 591 1898 exsistere,
608 1864 653 1891 sed
665 1863 789 1891 homines
805 1863 982 1898 privationem

189 1916 255 1944 boni
269 1915 433 1950 cogitantes.
448 1912 564 1946 cmpisse
575 1918 619 1941 ea,
633 1917 693 1945 qua:
705 1917 759 1936 non
776 1913 850 1940 sunt.
869 1915 983 1943 qumque

191 1963 240 1996 ipsi
264 1961 370 1992 volunt,
395 1958 445 1986 sibi
468 1958 533 1992 ipsis
556 1956 713 1992 conﬁngere
728 1977 734 1987 .
758 1961 785 1983 et
801 1955 983 1983 comminisci.

192 2005 429 2040 Quemadmodum
445 2003 518 2031 enim
536 2003 556 2030 si
571 2003 631 2037 quis
647 2002 754 2029 lucente
769 2002 835 2033 sole,
857 2007 883 2028 et
901 2001 984 2028 radiis

193 2053 251 2080 suis
265 2057 365 2079 terram
382 2050 537 2077 universam
554 2048 705 2076 illustrante
721 2047 850 2076 clauserit
874 2047 979 2079 oculos,

192 2097 242 2124 sibi
260 2097 319 2131 ipse
336 2095 471 2126 tenebras,
487 2100 547 2128 qum
562 2092 645 2121 nulla:
665 2098 739 2126 sunt,
755 2093 861 2128 pariet;
879 2099 910 2118 ex
930 2094 984 2126 qu‘o

192 2143 250 2174 ﬁet,
264 2146 292 2169 ut
306 2149 402 2169 errans
418 2141 444 2168 in
459 2139 578 2167 tenebris
596 2140 726 2172 ambulet,
747 2144 773 2166 et
791 2146 862 2173 saepe
876 2138 984 2170 titubet,

192 2194 219 2216 et
236 2188 325 2221 cadat,
342 2192 370 2214 et
389 2195 404 2215 e
419 2187 488 2215 locis
504 2187 649 2222 prteruptis
664 2194 784 2221 praeceps
803 2189 874 2218 ruat,
891 2185 984 2212 existi-

1037 1590 1101 1608 κτον
1112 1590 1129 1606 κ
1142 1582 1156 1606 .‘t
1169 1582 1295 1615 ἀνόμοιον
1308 1580 1399 1606 αὐτῶν
1412 1579 1462 1614 τῆς
1476 1579 1593 1613 φύσεως.
1605 1576 1712 1605 Οὐκοῦν
1725 1577 1757 1602 ὲκ
1770 1577 1830 1611 τρε-

1034 1636 1080 1653 του
1106 1627 1136 1653 τὸ
1160 1626 1281 1661 διαιροῦν
1301 1626 1463 1660 φανήσεται,
1481 1625 1528 1651 καὶ
1554 1624 1620 1650 αὐτὸ
1640 1623 1718 1653 Θεός.
1748 1623 1832 1649 Ἀλλὰ

1038 1674 1116 1706 ποίας
1129 1674 1162 1701 ἂν
1177 1675 1219 1709 εἴη
1236 1675 1282 1700 καὶ
1294 1673 1324 1700 τὸ
1339 1673 1432 1708 τρίτον
1444 1672 1569 1706 φύσεωςς
1588 1670 1704 1705 Πότερον
1717 1669 1767 1704 τῆς
1780 1669 1830 1696 τοῦ

1034 1719 1129 1751 καλοῦ,
1143 1719 1159 1754 ἢ
1176 1720 1224 1752 τῆς
1236 1718 1283 1744 τοῦ
1301 1717 1403 1751 φαύλου
1418 1725 1425 1749 ;
1441 1716 1489 1751 τῆς
1506 1716 1561 1751 γὰρ
1576 1715 1741 1751 ἀμφοτέρων
1755 1712 1828 1741 εἶναι

1035 1765 1100 1791 αὐτὸ
1116 1765 1258 1790 ἀδύνατον.
1278 1763 1384 1799 Σαθρᾶς
1399 1762 1431 1797 δὴ
1452 1762 1542 1788 τοίνυν
1557 1762 1606 1795 τῆς
1621 1761 1752 1795 τοιαύτης
1769 1760 1831 1786 δια-

1038 1812 1112 1843 νοίας
1130 1811 1220 1838 αὐτῶν
1237 1810 1414 1846 φαινομένης,
1432 1809 1540 1843 ἀνάγκη
1555 1808 1604 1843 τὴν
1623 1808 1754 1843 ἀλήθειαν
1769 1808 1830 1834 δια-

1037 1859 1157 1893 λάμπειν
1171 1858 1221 1892 τῆς
1236 1856 1470 1891 ἑκκλησιαστικῆς
1486 1856 1626 1889 γνώσεως,
1642 1855 1683 1880 ὅτι
1699 1854 1730 1880 τὺ
1745 1855 1832 1881 κακὸν

1037 1905 1068 1932 οὺ
1085 1904 1162 1939 παρὰ.
1176 1903 1254 1935 Θεοῦ,
1270 1902 1331 1929 οὐδὲ
1349 1903 1377 1929 ὲν
1391 1901 1460 1936 Θεῷ,
1476 1900 1539 1926 οὔτε
1556 1900 1584 1931 ἐξ
1602 1899 1690 1934 ἀρχῆς
1705 1899 1832 1933 γέγονεν,

1036 1950 1096 1976 οὔτε
1109 1950 1187 1976 οὐσία
1198 1949 1239 1980 τίς
1250 1949 1323 1975 ἐστιν
1342 1947 1435 1979 αὑτοῦ,
1449 1945 1516 1974 ἀλλὰ
1528 1945 1666 1979 ἄνθρωποι
1688 1944 1760 1970 κατὰ
1773 1945 1835 1970 στέ-

1039 2005 1118 2032 ρησιν
1133 1995 1183 2029 τῆς
1200 1995 1246 2021 τοῦ
1262 1994 1346 2021 καλοῦ
1365 1992 1517 2027 φαντασίας
1533 1992 1639 2022 ἑαυτοῖς
1653 1991 1773 2017 ἐπινοεῖν
1785 1991 1835 2026 ἦρ-

1039 2046 1118 2074 ξαντο
1132 2043 1179 2068 καὶ
1192 2041 1375 2068 ἀναπλάττειν
1386 2039 1420 2066 τὰ
1431 2040 1480 2065 dm
1491 2038 1564 2070 ὄντα,
1578 2038 1624 2064 καὶ
1639 2037 1711 2072 ᾇπερ
1726 2036 1835 2071 βούλον-

1038 2098 1092 2116 ται.
1117 2089 1162 2120 Ὠς
1179 2088 1233 2122 γὰρ
1248 2087 1280 2113 ἄν
1292 2095 1335 2117 τις
1351 2086 1427 2121 ἡλίου
1445 2085 1600 2120 φαίνοντος,
1614 2083 1662 2110 καὶ
1677 2084 1770 2117 πάσης
1786 2083 1836 2117 τῆς

1038 2136 1090 2169 γῆς
1103 2135 1141 2169 τῷ
1155 2135 1224 2168 φωτὶ
1235 2133 1330 2160 τούτου
1341 2130 1604 2166 καταλαμπομένης,
1619 2128 1758 2164 καμμύων
1772 2129 1836 2159 τοὺς

1039 2180 1198 2215 ὀφθαλμοὺς
1211 2179 1306 2210 σκότος
1320 2177 1409 2212 ἐαυτῷ
1423 2177 1538 2206 ἐπινοεῖ,
1555 2175 1604 2201 οὐκ
1616 2174 1692 2204 om;
1708 2174 1835 2204 σκότους,

192 2243 271 2263 muns
291 2235 380 2262 lucem
402 2242 457 2262 non
482 2236 586 2267 adesse,
611 2234 659 2262 sed
681 2233 817 2266 tenebras,
833 2241 901 2268 quas
920 2240 979 2260 cum

1037 2229 1084 2255 καὶ
1102 2227 1196 2254 λοιπίν
1211 2226 1248 2257 ὡς
1268 2226 1297 2252 ὲν
1314 2225 1405 2250 axi-tat
1417 2222 1592 2256 πλανώμενος
1607 2219 1756 2254 περιπατεῖ
1771 2219 1838 2244 πολ-

193 2283 292 2309 imueri
314 2290 343 2309 se
360 2286 446 2317 putet,
465 2282 533 2309 nihil
549 2280 621 2309 videt
636 2290 642 2308 :
665 2279 704 2307 sic
724 2284 752 2306 et
766 2279 907 2307 hominum
925 2279 982 2306 aui-

193 2336 255 2356 mus
277 2328 409 2356 claudens
431 2329 531 2355 mentis
549 2326 652 2358 oculos.
671 2325 771 2360 quibus
788 2329 877 2360 potest
896 2324 983 2352 Deum

194 2381 319 2406 cernere,
336 2374 387 2401 sibi
405 2374 462 2409 ipse
485 2374 555 2401 mala
571 2372 744 2408 excogitavit,
759 2372 786 2398 in
803 2371 904 2406 quibus
922 2378 982 2398 sese

194 2427 319 2453 movens,
334 2425 421 2448 nescit
438 2428 478 2452 se,
497 2420 561 2447 dum
580 2419 685 2446 videtur
700 2417 749 2445 sibi
765 2417 854 2445 facere
873 2417 985 2451 aliquid,

194 2466 377 2494 nihilfacere.
395 2466 485 2501 Fingit
506 2466 580 2493 enim
601 2473 661 2500 quae
679 2473 733 2492 non
760 2469 834 2495 sunt.
858 2471 908 2490 nec
927 2462 988 2490 talis

196 2518 299 2543 manet,
324 2511 411 2547 qualis
427 2511 515 2538 factus
529 2515 580 2542 cst,
614 2510 660 2537 sed
677 2509 783 2544 qualem
797 2516 826 2535 se
841 2508 899 2542 ipse
913 2515 988 2534 cotu-

197 2559 318 2590 miscuit,
333 2558 394 2585 talis
406 2558 486 2584 etiam
503 2562 626 2593 apparet.
640 2556 707 2583 Nam
724 2556 769 2590 qui
786 2555 874 2582 factius
886 2559 939 2585 est,
957 2559 986 2581 ut

198 2603 283 2630 Deum
298 2603 442 2639 aspiceret.
454 2608 480 2630 ct
494 2603 680 2631 illustraretur
692 2609 705 2628 a
725 2602 790 2631 Deo.
803 2601 854 2628 sibi
872 2600 929 2634 ipse
944 2606 985 2630 ea,

199 2657 260 2684 quae
288 2653 514 2682 corrumpuntur,
542 2653 569 2675 et
595 2648 721 2675 leni-bras
743 2646 925 2681 conquisivit.
951 2645 988 2672 Ut

198 2696 315 2730 quodam
332 2695 392 2722 loco
413 2695 551 2730 Scriptura
575 2693 708 2728 signiﬁl-at
723 2702 729 2719 :
746 2691 829 2723 Fecit,
848 2691 987 2725 inquietis.

199 2743 270 2770 Deut
281 2743 412 2769 hominem
425 2747 522 2768 rectum
534 2743 554 2774 ',
571 2749 603 2768 ac
621 2741 677 2775 ipse
689 2739 738 2766 sibi
753 2738 872 2765 rationes
888 2737 990 2764 multas

198 2789 370 2824 cxcngitavit.

239 2880 247 2896 ‘
265 2880 357 2908 Matth.
372 2889 409 2914 ιι,
427 2880 470 2907 ἳὸ,
512 2881 520 2894 ¹
540 2879 625 2906 Εςιιο.
647 2886 692 2909 vn,
710 2877 753 2903 50.

1035 2272 1114 2303 λάκις
1139 2273 1254 2302 πίπτων,
1269 2270 1317 2297 καὶ
1337 2268 1408 2296 κατά
1419 2267 1550 2303 κρημνῶν
1570 2265 1693 2299 ὑπάγων,
1715 2263 1838 2298 νομίζων

1037 2318 1087 2344 οὒκ
1101 2316 1170 2342 εἶναι
1186 2316 1253 2350 φῶς,
1267 2314 1334 2341 ἀλλὰ
1350 2313 1456 2344 σκότος.
1479 2314 1565 2339 δοκων
1589 2311 1644 2346 γὰρ
1660 2309 1772 2344 βλέπειν
1783 2308 1838 2334 οὐδ’

1039 2364 1106 2394 ὅλως
1122 2363 1172 2397 ὁρᾷ
1184 2369 1192 2378 '
1211 2360 1282 2387 οὕτω
1297 2360 1344 2387 καὶ
1360 2359 1459 2394 ἡψυχὴ
1474 2357 1528 2383 τῶν
1546 2355 1698 2391 ἀνθρώπων
1721 2353 1838 2388 καμμύ-

1042 2419 1112 2437 σασα
1133 2410 1179 2435 τὸν
1194 2406 1353 2441 ὀφθαλμὸν,
1371 2405 1405 2432 δι’
1423 2403 1453 2431 οὗ
1470 2405 1515 2430 τὸν
1533 2404 1600 2430 Θεὸν
1617 2402 1682 2437 ὁρᾷν
1703 2401 1837 2431 δύναται,

1042 2456 1127 2490 ἑαυτῇ
1144 2455 1176 2480 τὰ
1190 2455 1262 2480 κακὰ
1277 2451 1451 2485 ὲπενεόησεν,
1468 2450 1496 2476 ἐν
1511 2445 1552 2480 οἷς
1565 2447 1716 2480 κινουμένη
1731 2446 1783 2471 οὐκ
1798 2442 1838 2471 οἷ-

1041 2503 1086 2528 δεν
1100 2501 1141 2527 ὃτι
1161 2499 1278 2528 δοκοῦσά
1296 2507 1321 2525 τι
1342 2499 1429 2524 ποιεῖν
1448 2496 1524 2523 οὖῗὲν
1541 2495 1624 2521 ποιεῖ.
1640 2493 1681 2519 Τὰ
1703 2492 1754 2518 οὐκ
1770 2491 1838 2517 ὅντα

1042 2548 1096 2582 γὰρ
1112 2546 1326 2575 ἁναπλὰττεται,
1351 2544 1399 2570 καὶ
1416 2543 1466 2578 οὐχ
1486 2541 1567 2569 ὁποία
1591 2539 1707 2574 λέγομεν
1720 2537 1838 2571 τοιαύτη

1041 2595 1089 2620 καὶ
1124 2593 1242 2627 ἔμεινεν,
1269 2590 1327 2617 ἀλλ’
1352 2591 1448 2616 ὁποίαν
1474 2586 1572 2622 ἑαυτὴν
1597 2586 1696 2619 ἀνέφυε
1722 2583 1836 2618 τοιαύτη

1043 2640 1090 2667 καὶ
1107 2639 1244 2674 φαίνεται.
1263 2638 1362 2671 Γέγονε
1382 2636 1431 2670 μὲν
1447 2634 1501 2669 γὰρ
1522 2635 1561 2664 είς
1578 2632 1608 2659 τὸ
1627 2631 1693 2667 ὸρᾷν
1708 2631 1755 2655 τὸν
1770 2630 1838 2656 Θεὸν

1044 2687 1093 2713 καὶ
1108 2686 1153 2712 ὑπ’
1168 2684 1252 2711 αὑτοῦ
1269 2682 1445 2718 φωτίζεσθαι,
1459 2681 1529 2715 αὕτη
1543 2680 1571 2707 δὲ
1587 2678 1647 2706 ἀντὶ
1661 2677 1708 2704 τοῦ
1723 2677 1794 2703 Θεοῦ
1805 2677 1840 2704 τὰ

1048 2732 1169 2768 φθαρτὰ,
1198 2732 1246 2758 καὶ
1268 2730 1299 2756 ἰδ
1325 2729 1418 2760 σκότος
1437 2728 1581 2768 ἐζήτησεν,
1609 2726 1646 2757 ὦς
1668 2733 1720 2751 που
1746 2724 1794 2750 καὶ
1822 2723 1839 2757 ἡ

1046 2765 1142 2814 Ϋραιρή
1155 2787 1237 2813 φησιν
1250 2785 1256 2792 ·
1278 2777 1310 2804 '0
1325 2776 1411 2813 [Θεὸς
1428 2765 1483 2802 τίὲν
1510 2774 1668 2808 ἄνθρωπον
1692 2772 1841 2806 ἐποίησεν

1048 2826 1133 2859 eam}.
1152 2825 1228 2852 αὐτοὶ
1245 2824 1273 2851 δὲ
1287 2824 1422 2859 ἐζήτησαν
1436 2821 1584 2856 λογισμοὺς
1598 2818 1720 2850 πολλούς.
