1912 3078
195 148 248 181 315

515 203 555 230 Ex
572 202 672 229 eodem.

230 250 257 278 Si
273 249 369 279 maius.
386 252 413 276 et
432 249 563 276 scelestus
587 253 629 276 est
653 247 697 275 hic
720 247 836 274 mundus
857 246 978 277 inferior,

197 302 226 324 et
244 304 293 323 vos
308 295 435 322 nimirum
452 295 525 326 mali,
543 294 716 328 scelestique,
737 294 838 328 quippe
854 293 900 327 qui
917 300 980 327 pars

195 340 255 368 sitis
274 340 367 373 ipsius,
387 338 463 371 Quod
478 339 499 365 si
517 343 611 365 natura
627 339 692 365 (stis
715 338 843 372 improbi,
865 342 892 364 et
907 337 981 368 mali,

196 386 299 413 veritas
313 393 364 411 non
382 385 457 411 adest
473 384 559 411 vobis.
578 383 682 410 Veritas
697 385 767 410 enim
786 384 888 410 bonum
902 383 982 417 plane

197 435 250 458 est.
268 431 369 457 Bonum
395 435 483 456 autem
500 435 541 457 est
565 430 683 456 alienum
706 438 720 456 a
750 429 829 456 malo.
855 429 913 456 Jam
936 428 982 462 qui

199 476 312 502 veritate
336 479 439 505 carent,
464 482 558 502 eorum
576 475 697 502 doctrina
721 475 786 501 falsa
801 474 875 502 nullo
896 474 983 502 solido

199 521 324 547 innititur
358 521 546 548 fundamento.

511 652 552 680 Ex
567 652 664 680 eodem.

237 697 265 724 Si
284 698 414 725 mundum
431 699 503 726 hunc
520 699 618 726 bonum
634 706 692 728 esse
708 699 884 731 conﬁtemini,
900 699 984 727 Deum

202 748 291 770 autem
308 749 335 770 et
350 748 452 778 patrem
469 744 568 771 malum
587 752 642 771 non
664 745 777 778 hujusce
791 746 884 773 mundi
901 745 985 773 effec-

204 794 302 819 torem.
318 789 369 816 crit
392 789 484 823 utique
503 789 620 817 mundus
643 790 712 818 alter
733 790 818 818 malus
837 799 851 818 a
865 792 920 818 Deo
942 791 986 818 illo

203 835 344 862 confectus
370 835 450 861 malo.
478 835 560 869 Atqui
588 835 706 863 mundus
754 836 904 864 istiusmodi
932 845 986 863 non

204 884 256 911 est,
286 887 320 907 ne
344 880 415 906 Deus
446 880 527 914 igitur
555 881 662 914 quidem
694 881 790 908 malus.
819 881 885 908 Nam
917 882 988 909 Deus

205 925 367 959 principium
402 929 453 956 est,
478 924 657 960 eti‘et'trixque
687 934 781 954 causa.
812 927 902 960 Quare
927 935 989 954 cum

205 980 258 998 non
278 973 419 1000 exsistant.
435 980 495 1008 qua:
515 979 530 999 a
552 973 686 1009 principio
710 973 805 1001 eﬂecta
830 979 856 1001 et
882 974 989 1001 condita

205 1018 270 1050 sint,
299 1026 333 1046 ne
346 1020 508 1056 principium
531 1022 639 1056 quidem
656 1024 708 1055 est,
733 1028 784 1048 nec
812 1020 883 1048 Deus
909 1020 990 1051 igitur

205 1063 302 1091 malus.

521 1111 563 1138 Ea:
576 1111 675 1138 eodem.

242 1155 356 1188 Veteris,
366 1156 503 1192 inquiunt,
510 1156 678 1185 Testamenti
685 1157 757 1185 Deus
767 1165 821 1184 non
832 1164 864 1184 ea
873 1161 915 1185 est
925 1164 990 1192 pro-

206 1201 339 1233 videntia.
365 1208 392 1229 et
420 1203 544 1234 scientia,
574 1210 634 1237 quae
662 1204 752 1230 omnia
780 1203 988 1237 complectatur.

208 1246 358 1282 lnterrogat
387 1248 470 1280 enim,
495 1248 594 1282 Adam,
619 1249 672 1282 ubi,
696 1250 832 1284 inquiens,
858 1257 883 1276 es
902 1250 931 1275 “1
956 1249 988 1277 Et

206 1292 283 1324 Cain,
301 1292 350 1320 Ubi
369 1298 418 1324 εει,
437 1294 571 1329 inquiens,
602 1295 685 1329 frater
710 1300 769 1322 tutu
785 1297 795 1311 ¹
813 1296 824 1322 Τ
851 1294 884 1322 Ει
904 1295 990 1322 Abra-

209 1338 283 1370 ham,
308 1339 355 1366 Ubi
371 1343 419 1372 est,
447 1340 585 1374 inquiens,
603 1341 673 1368 Sara
690 1350 757 1368 uxor
781 1346 826 1368 tua
841 1342 870 1368 ’?
884 1342 917 1368 Et
934 1343 988 1369 alia

208 1384 292 1411 multa
307 1385 340 1411 ad
355 1385 480 1412 eumdem
496 1386 617 1413 modum.
631 1387 676 1414 His
693 1388 900 1421 respondemus,
916 1388 990 1422 ejus-

209 1430 282 1457 modi
302 1431 467 1466 interrogata
498 1439 552 1459 non
581 1433 615 1460 ab
644 1433 806 1468 ignorantia,
828 1433 875 1461 sed
902 1435 991 1468 potius

208 1483 223 1502 a
241 1476 397 1511 cognitione
419 1477 565 1511 proﬁcisci.
592 1477 648 1506 Nisi
678 1479 751 1505 enim
779 1479 949 1512 cognovisset
963 1483 991 1506 et

808 143 998 175 EU'I‘HYMH
1023 143 1082 173 ZlC
1090 143 1205 173 ABENI

995 201 1019 228 Α

1766 137 1820 170 316

1300 197 1349 224 Ἐκ
1376 195 1431 230 τῆς
1444 194 1550 228 αὐτῆς.

1069 242 1099 269 Et
1118 242 1169 277 μὲν
1182 242 1300 277 ποιιηρδς
1313 243 1326 268 ὁ
1351 241 1425 268 κάτω
1444 241 1545 275 κόσμος
1560 248 1651 272 ουτος,
1674 239 1721 267 καὶ
1736 240 1820 274 ἡμεῖς

1033 289 1085 323 ἄρα
1103 289 1229 324 πονηροὶ,
1250 289 1332 324 μέρος
1345 290 1420 319 ὅντες
1436 287 1529 314 αὐτοῦ.
1547 287 1677 320 Πονηροῖς
1691 286 1719 312 δὲ
1752 287 1820 320 ἡμῖν

1034 335 1105 361 κατὰ
1119 335 1199 369 φύσιν
1218 333 1294 361 οὖσιν
1320 334 1350 360 οὐ
1377 334 1527 366 πρόσεστιν
1551 332 1675 367 ἀλήθεια.
1704 332 1737 358 Ἦ
1763 332 1820 367 γὰρ
1872 326 1877 329 ⁷

1036 379 1149 414 ἀλήθεια
1173 380 1265 414 σαιρῶς
1298 379 1425 413 ἀγαθόν’·
1441 378 1472 404 τὸ
1497 378 1524 404 δὲ
1547 378 1650 411 ἀγαθον
1677 377 1820 410 ἀλλότριον

1035 425 1163 460 πονηροῦ.
1179 425 1224 460 Μὴ
1236 424 1414 460 κεκτημένοις
1433 424 1461 450 δὲ
1476 424 1605 458 ἀλήθειαν
1618 422 1651 449 τὰ
1665 422 1822 456 δεδογμένα

1035 470 1121 505 ψευδῆ
1140 479 1168 496 τε
1187 471 1233 497 καὶ
1256 471 1443 498 ἀνυπόστατα.
1476 471 1507 496 Et
1534 469 1561 495 δὲ
1581 469 1683 502 ἀγαθὸς
1701 470 1714 495 ό
1734 469 1823 503 δηλω-

1037 515 1093 543 θεὶς
1122 517 1236 551 κόσμος,
1264 516 1364 550 ἀγαθοῦ
1396 517 1508 547 πάντως
1536 515 1584 542 καὶ
1609 514 1822 550 δημιούργημα.

1042 561 1158 596 Ἀγαοοῦ
1170 562 1224 598 γὰρ
1237 561 1360 590 αἰτιατοῦ
1376 562 1479 596 ἀγαθὸν
1495 562 1525 588 τὸ
1553 561 1651 595 αἴτιον,
1667 561 1762 597 ὥσπερ
1773 562 1822 588 καὶ

1037 608 1157 643 πονηροῦ
1173 610 1300 644 πονηρόν.

1309 652 1358 680 ‘Eu
1376 653 1426 686 τῆς
1445 652 1551 687 αὐτῆς.

1072 699 1160 735 Εἴπερ
1179 699 1229 734 μὲν
1245 698 1290 725 τὸν
1303 699 1406 733 κόσμον
1421 699 1522 732 ὰγαθίπ
1532 699 1702 733 ὁμολογεῖτε,
1722 699 1768 726 τὸν
1793 699 1821 726 δὴ

1037 746 1103 772 Θεὸν
1119 746 1166 772 καὶ
1181 745 1291 780 Πατέρα
1307 745 1437 781 πονηρὸν,
1453 746 1501 771 καὶ
1516 745 1547 774 οὐ
1571 744 1620 771 τοῦ
1645 745 1749 780 κόσμου
1761 745 1823 771 τοὺ-

1037 799 1085 818 του
1101 791 1280 826 δημιουργὸν,
1301 790 1379 817 ἔσται
1393 791 1505 822 πάντως
1524 792 1572 818 καὶ
1598 791 1716 826 πονηρὸς
1743 791 1824 822 ἄλλος

1040 838 1141 872 κόσμος
1153 836 1200 863 τοῦ
1218 836 1337 871 πονηροῦ
1349 836 1417 862 Θεοῦ
1435 828 1643 871 δημιούργημα.
1669 836 1748 863 Ἀλλὰ
1771 837 1824 870 μὲν

1041 883 1090 909 οὐκ
1103 882 1186 910 ἐστιν.
1201 882 1268 909 Οὐδὲ
1283 881 1350 912 Θεός
1364 882 1438 908 ἐστιν
1450 881 1504 917 ἄρα
1515 881 1643 915 πονηρός.
1661 881 1690 908 Ὀ
1705 882 1754 916 μὲν
1767 882 1825 916 γὰρ

1041 928 1106 959 Θεὸς
1119 928 1189 964 ἀρχὴ
1203 928 1251 954 καὶ
1263 928 1404 963 ποιητικὸν
1417 928 1502 954 αἴτιον
1517 935 1525 943 ·
1537 928 1698 962 ἀρχομένων
1722 928 1750 954 δὲ
1775 929 1824 954 καὶ

1041 974 1235 1009 πεποιημένων
1250 974 1301 1000 οὐκ
1313 974 1408 1005 ὄντων,
1423 973 1482 1000 οὐδὲ
1496 974 1570 1009 ἀρχὴ
1596 973 1705 1006 πάντως
1734 973 1825 1002 ἔσται.

1042 1020 1099 1048 οὐκ
1109 1020 1164 1055 ἄρα
1174 1019 1220 1046 οὖν
1232 1019 1350 1054 πονηρός
1373 1020 1431 1046 ἐστι
1450 1019 1525 1051 Θεὸς.

1307 1106 1357 1133 Ἐκ
1379 1106 1435 1141 τῆς
1454 1107 1561 1140 αὐτῆς.

1085 1152 1115 1179 ’0
1132 1152 1183 1188 τῆς
1193 1152 1435 1189 ,Παλαιᾶςηφασῂ
1446 1154 1587 1189 Διαθήκης
1610 1154 1677 1187 Θεὸς
1692 1155 1742 1182 οὐκ
1767 1155 1826 1190 ἔχει

1041 1199 1090 1234 τὴν
1109 1199 1312 1235 περιληπτικὴν
1340 1201 1450 1227 πάντων
1475 1200 1524 1226 καὶ
1551 1199 1628 1227 οείαν
1655 1201 1824 1236 πρόγνωσιν.

1046 1245 1154 1280 Ἐρωτᾷ
1164 1245 1217 1280 γὰρ
1232 1245 1276 1272 τὸν
1295 1245 1394 1279 Ἀδὰμ,
1405 1245 1466 1272 Ποῦ
1481 1243 1524 1277 ei;
1541 1245 1647 1272 καὶτὸν
1662 1247 1742 1280 Κάῖν,
1760 1247 1825 1273 Ποῦ

1043 1291 1163 1317 ’Δσελό
1188 1290 1322 1325 ἀδελφός
1349 1298 1431 1322 σου;
1461 1292 1509 1318 καὶ
1541 1291 1586 1317 τὸν
1608 1291 1742 1326 Ἀϐραὰμ,
1762 1292 1825 1319 Ποῦ

1041 1336 1140 1370 Σάρῤα
1154 1336 1173 1370 ἠ
1190 1335 1268 1371 γυνή
1282 1343 1340 1362 σου
1350 1344 1359 1368 ;
1373 1336 1419 1362 καὶ
1436 1336 1522 1362 πολλὰ
1539 1336 1662 1364 τοιαῦτα.
1691 1337 1762 1371 Πρὸς
1778 1337 1826 1369 οὖς

1032 1391 1143 1418 ’φαμεν.
1176 1383 1233 1408 Οὐκ
1259 1382 1370 1416 ἀγνοίας
1407 1382 1436 1408 αἱ
1462 1381 1622 1417 δηλωθείσαι
1664 1382 1825 1418 ἐρωτήσεις,

1042 1430 1109 1456 ἀλλὰ
1132 1428 1233 1463 μᾶλλον
1246 1429 1386 1463 γνώσεως.
1419 1429 1450 1455 Εἰ
1478 1429 1516 1464 μὴ
1543 1429 1596 1463 γὰρ
1623 1428 1692 1462 ἔγνω
1710 1429 1757 1455 καὶ
1781 1429 1827 1455 τὸν

1048 1475 1142 1509 Ἀδὰμ,
1157 1474 1204 1500 καὶ
1219 1476 1265 1500 τον
1281 1474 1349 1501 Κάῖν
1364 1474 1574 1508 ἁμαρ-δήσαντα,
1605 1472 1656 1500 οὐκ
1687 1473 1720 1500 ἂν
1746 1472 1827 1504 εὐθὺς

208 1520 305 1552 Adam,
319 1525 345 1548 et
362 1521 428 1548 Cain
445 1530 585 1556 peccasse,
602 1530 656 1549 non
671 1530 718 1550 eos
749 1523 880 1550 centinuo
908 1523 992 1550 inter-

1048 1521 1192 1556 ἡρώτησε·
1217 1522 1263 1548 καὶ
1281 1520 1361 1555 δῆλον
1375 1520 1430 1547 ἀπὸ
1460 1519 1513 1546 τῶν
1544 1520 1617 1554 ἑξῆς.
1644 1519 1745 1555 Εἴρηκε
1773 1521 1826 1555 γὰρ

209 1571 340 1601 rogasset.
354 1566 518 1602 Cognovisse
533 1573 623 1595 autem
638 1576 671 1595 ex
695 1568 738 1598 iis,
754 1576 814 1603 quae
830 1574 991 1604 sequuntur,

209 1614 384 1648 perspicuum
405 1619 457 1641 est.
475 1614 518 1642 Sic
535 1614 608 1641 enim
625 1614 773 1649 alloquitur
793 1614 878 1641 Adam
904 1614 991 1649 prius,

210 1666 291 1693 quam
304 1659 349 1686 ille
364 1667 394 1686 se
423 1660 574 1687 comedisse
591 1660 740 1686 fateretur:
757 1659 854 1695 Ecquis
869 1660 994 1686 indicavit

211 1706 267 1738 tibi,
290 1711 313 1732 te
326 1705 424 1732 nudum
435 1713 500 1736 esse,
525 1705 574 1732 nisi
589 1706 657 1739 quod
679 1705 786 1740 eligito,
808 1707 841 1732 de
866 1713 916 1740 qua
940 1706 994 1732 solo

209 1750 321 1784 praecepi
337 1751 394 1783 tibi,
412 1758 443 1776 ne
457 1751 613 1788 comedam,
635 1751 770 1777 comedisli
782 1750 812 1777 ‘?
827 1750 892 1777 Cain
918 1757 994 1783 vero,

212 1796 258 1830 qni
277 1796 428 1822 conabatur
443 1801 470 1823 et
484 1796 541 1830 ipse
558 1796 676 1828 latitare,
705 1796 849 1831 compellat
873 1796 916 1823 his
936 1804 996 1823 ver-

211 1841 279 1868 bis:
300 1840 356 1867 Vox
381 1841 517 1876 sanguinis
537 1841 629 1876 fratris
654 1842 693 1868 tui
720 1842 818 1869 clamat
846 1842 881 1869 ad
910 1851 950 1869 me
973 1842 995 1869 '.

212 1888 278 1916 Haec
290 1896 343 1915 non
358 1888 508 1923 ignorantis
527 1893 602 1919 sunt.
624 1889 671 1916 sed
687 1889 767 1924 plane
799 1894 827 1916 et
852 1890 996 1924 perspicue

213 1933 413 1969 cognoscentis,
428 1933 472 1967 qui
488 1941 519 1960 ea
542 1934 632 1967 specie
649 1934 872 1969 interrogationis
884 1937 939 1963 vult
953 1937 995 1969 iis,

213 1979 261 2015 qui
278 1983 467 2013 peccaverant,
494 1979 672 2013 persuadere,
701 1985 730 2007 ut
744 1981 918 2015 resipiscant,
934 1989 996 2009 cum

215 2035 245 2056 se
255 2026 439 2060 deprehensos
452 2025 679 2053 animadvertant.
693 2026 733 2053 Ea
747 2027 812 2054 item
829 2028 911 2055 verba
929 2037 936 2055 :
951 2029 997 2056 Ubi

216 2079 253 2102 ert
267 2072 336 2100 Sara
351 2080 418 2099 uxor
436 2079 480 2098 tua
493 2071 504 2091 ‘7
531 2072 670 2099 declarant
697 2081 758 2100 eum
792 2080 847 2100 non
873 2073 999 2109 ignorare

216 2119 353 2147 Abraham
370 2126 481 2145 uxorem
498 2118 609 2152 habere,
624 2125 738 2153 eamque
770 2119 860 2146 vocari
891 2119 997 2148 Saram.

1045 1568 1114 1603 πρὸς
1131 1569 1181 1602 μὲν
1192 1568 1238 1594 τὸν
1259 1568 1356 1602 Ἀδὰμ,
1369 1569 1460 1594 καίτοι
1473 1567 1557 1602 μήπω
1579 1567 1662 1602 μηδὲν
1689 1566 1754 1602 περὶ
1778 1567 1828 1601 τῆς

1045 1614 1172 1650 βρώσεως
1196 1613 1402 1648 ὁμολογήσαντα
1419 1620 1425 1627 ·
1457 1612 1505 1645 Τίς
1529 1611 1672 1646 ἀνήγεαέ
1700 1619 1760 1643 σοι.
1783 1611 1828 1638 ὅτι

1044 1661 1158 1696 γυμνὸς
1172 1657 1216 1692 εἴ,
1245 1661 1270 1687 εί
1283 1660 1326 1694 μὴ
1344 1659 1402 1687 ἀπὸ
1419 1659 1472 1686 τοῦ
1490 1659 1586 1691 ξύλου
1617 1656 1660 1686 οὗΔ
1679 1659 1828 1685 ἐνετειλά-

1043 1715 1108 1741 μην
1121 1713 1172 1733 σοι
1183 1707 1280 1740 μόνου
1295 1705 1337 1740 μὴ
1360 1699 1479 1739 φαγεῖν,
1508 1704 1560 1731 ἀπ’
1581 1703 1675 1731 αὐτοῦ
1699 1704 1828 1739 ἔφαγε-α

1045 1752 1117 1787 Πρὸς
1130 1752 1158 1778 δὲ
1172 1753 1217 1778 τὸν
1235 1753 1315 1782 Κάῖν,
1343 1751 1434 1777 καίτοι
1465 1751 1513 1776 καὶ
1542 1750 1625 1777 αὐτὸν
1656 1751 1830 1785 πειρώμενον

1045 1797 1152 1825 λαθεῖν·
1166 1798 1251 1832 Φωνὴ
1265 1798 1389 1832 αἵματος
1403 1796 1455 1823 τοῦ
1469 1796 1602 1831 ἀδελφοῦ
1612 1804 1670 1824 σου
1680 1796 1742 1829 ,Βοᾷ
1756 1797 1830 1830 πρός

1044 1854 1092 1880 με.
1107 1845 1200 1872 Ταῦτα
1212 1845 1260 1870 καὶ
1282 1843 1343 1870 λίαν
1373 1842 1421 1878 μὲν
1442 1842 1541 1874 εἰδότος
1570 1843 1635 1874 stat,
1667 1842 1829 1877 βουλομένου

1046 1892 1075 1919 δὲ
1090 1891 1133 1918 διὰ
1148 1890 1198 1926 τῆς
1212 1889 1401 1925 προσποιήτου
1431 1889 1596 1924 ἐρωτήσεως
1620 1889 1660 1920 είς
1683 1889 1830 1922 μετάνοιαν

1047 1939 1161 1972 ἀγαγεῖν
1184 1936 1247 1968 τοὺς
1272 1935 1479 1971 ἡμαρτηκότας,
1501 1935 1663 1968 ὲπιγνόντας
1681 1934 1830 1969 ὃτιπεφώ-

1049 1993 1156 2020 ρανται.
1172 1983 1257 2010 Πάλιν
1272 1983 1300 2009 δὲ
1317 1983 1365 2009 καὶ
1377 1983 1408 2009 τό
1422 1990 1427 1996 ·
1443 1981 1505 2008 Ποῦ
1519 1981 1619 2015 Σάῤῥα
1630 1980 1649 2014 ἠ
1661 1979 1738 2015 γυνή
1750 1987 1831 2010 σου;

1050 2029 1285 2066 προγινώσκοντος
1299 2025 1333 2063 ἦν
1345 2028 1386 2054 ὅτι
1403 2026 1451 2054 καὶ
1468 2027 1584 2061 γυναῖκα
1593 2026 1660 2061 ἔχει,
1677 2026 1725 2052 καὶ
1738 2025 1831 2061 Σάρρα

1049 2074 1191 2108 κέκληται.
1211 2074 1240 2099 '0
1254 2074 1282 2099 δὲ
1297 2072 1384 2099 ταῦτα
1406 2072 1484 2104 εἰδὼς
1503 2073 1550 2099 καὶ
1567 2073 1632 2098 ὅπου
1650 2069 1683 2107 ἦν
1698 2071 1831 2106 ἐγίνωσκε

1050 2121 1169 2151 πάντως.
1183 2119 1220 2146 Οὺ
1235 2119 1291 2154 γὰρ
1300 2118 1333 2145 ἂν
1346 2117 1458 2145 ὄπισθεν
1475 2119 1524 2153 τῆς
1538 2117 1621 2153 θύρας
1636 2117 1771 2152 ἑστώσης,
1787 2119 1833 2144 καὶ

217 2166 269 2199 Qui
283 2169 374 2192 autem
390 2166 448 2191 haec
470 2165 531 2196 scit,
549 2162 571 2191 is
587 2164 709 2198 profecto
720 2171 775 2191 non
805 2169 864 2192 erat
891 2167 992 2194 nesciu.i

1053 2167 1123 2201 μετὰ
1138 2165 1186 2201 τὴν
1197 2166 1247 2200 τῆς
1277 2165 1452 2198 τεκνογονίας
1482 2163 1651 2198 ἐπαγγελίαν
1678 2162 1835 2197 γελασασης

217 2212 264 2240 ubi
277 2216 350 2239 esset
368 2211 444 2238 Sara.
466 2210 559 2245 Neque
578 2210 661 2243 enim,
692 2218 753 2238 cum
771 2210 837 2238 Sara
867 2216 929 2246 post
954 2221 1000 2240 os-

218 2259 285 2286 tium
297 2261 391 2289 staret,
423 2256 582 2290 risissetque
607 2256 676 2283 clam
700 2257 815 2284 audiens
837 2265 867 2285 se
884 2263 998 2286 matrem

219 2305 287 2337 fore,
299 2303 423 2336 dixisset,
439 2302 494 2330 Cur
511 2302 570 2328 risit
586 2302 675 2329 Sara?
691 2302 762 2329 risus
784 2303 863 2330 etiam
890 2311 1000 2331 causam

219 2350 347 2386 subjecit,
379 2356 470 2377 secum
499 2348 556 2383 ipsa
583 2348 719 2383 inquiens,
749 2348 855 2376 Verene
878 2350 1000 2383 pariam?

219 2397 282 2424 Haec
297 2396 370 2423 enim
386 2395 458 2422 illius
470 2399 544 2426 sunt,
563 2394 609 2428 qui
621 2402 668 2421 cor
684 2394 764 2421 etiam
785 2400 865 2428 atque
879 2395 999 2422 animum

219 2442 304 2469 novit.
320 2440 499 2476 Interrogavit
521 2445 622 2471 autem,
642 2439 690 2466 Ubi
710 2444 747 2467 est
764 2439 832 2466 Sara
845 2448 912 2466 uxor
930 2445 976 2466 tua
990 2441 1002 2468 .’

221 2496 254 2516 co
269 2487 393 2519 consilio,
410 2491 441 2514 ut
455 2486 592 2513 Abraham
606 2494 784 2522 cognoscens,
817 2494 845 2514 se
862 2492 927 2514 ante
958 2494 1004 2513 co-

222 2540 363 2569 gnoscere,
378 2536 406 2560 et
422 2532 513 2559 omnia
529 2532 611 2565 scire,
622 2531 673 2559 sibi
687 2537 716 2558 ut
731 2533 911 2566 pra'stantiori
927 2541 1005 2559 vaca-

222 2585 275 2612 ret,
289 2585 316 2607 et
332 2579 471 2610 omnibus,
496 2586 556 2612 quae
580 2578 709 2612 deinceps
735 2578 900 2610 dicerentur,
925 2579 1003 2606 [idem

222 2625 475 2658 adhiberet.Atque
489 2624 570 2651 etiam
597 2623 673 2656 illud,
711 2623 785 2657 quod
814 2623 848 2650 de
877 2622 1004 2656 Sodoma,

222 2675 251 2699 et
280 2670 430 2698 Gomorrha
462 2669 564 2696 dictum
590 2673 648 2696 est:
680 2669 839 2695 Descendam
862 2673 886 2694 et
904 2668 1002 2701 videbo,

224 2723 313 2746 utrum
333 2725 361 2744 re
372 2717 440 2751 ipsa,
459 2724 516 2751 quia
537 2715 636 2742 clamor
666 2715 783 2747 ipsorum
813 2715 912 2741 indicat
937 2722 1006 2741 com-

223 2764 360 2798 aleuerint,
384 2771 420 2790 an
443 2771 503 2796 non,
530 2767 558 2790 ut
589 2763 671 2789 «iam
687 2763 708 2795 ',
740 2760 805 2796 quid
823 2761 895 2788 aliud
921 2760 1005 2796 signi-

1053 2213 1184 2248 κρύδδην,
1201 2210 1293 2244 ἔλεγε·
1308 2210 1337 2236 Τί
1349 2209 1529 2244 ὅτιέγάλασε
1544 2208 1660 2242 Σὰρῤα;
1677 2206 1744 2235 Εἶτα
1752 2215 1836 2243 προσ-

1053 2259 1144 2294 τίθησι
1160 2257 1207 2284 καὶ
1221 2257 1270 2291 τὴν
1283 2257 1371 2284 αἰτίαν
1389 2255 1437 2282 τοῦ
1454 2254 1585 2288 γέλωτος.
1599 2253 1742 2288 Λέγουσα
1770 2254 1835 2288 γὰρ.

1054 2303 1146 2338 φησὶν,
1161 2302 1194 2329 ἐν
1207 2300 1308 2334 ἑαυτῇ,
1320 2298 1391 2334 Ἀρά
1407 2307 1440 2334 γε
1454 2298 1572 2331 ἀληθῶς
1586 2297 1706 2332 τέξομαι
1718 2306 1728 2330 ;
1744 2297 1838 2324 Ταῦτα

1055 2350 1110 2383 γὰρ
1123 2349 1170 2375 καὶ
1193 2347 1432 2381 καρδιογνώστου.
1457 2344 1600 2379 Ἥρώτησε
1613 2343 1640 2370 δὲ
1653 2343 1716 2370 Ποῦ
1739 2343 1838 2377 Σὰρῤα

1055 2395 1074 2428 ἠ
1095 2393 1172 2428 γυνή
1184 2400 1258 2423 σονς
1274 2392 1336 2419 κατ’
1353 2390 1522 2425 οἰκονομίαν,
1537 2390 1580 2416 ῐνα
1601 2389 1696 2424 μαθὼν
1712 2389 1838 2415 ἐντεῦθεν

1062 2440 1186 2475 Ἀὸραὰμ
1201 2440 1242 2465 ὅτι
1257 2438 1438 2473 προγνώατης
1466 2437 1535 2469 ἐστὶ,
1555 2437 1605 2463 καὶ
1631 2436 1721 2463 πάντα
1746 2435 1837 2466 εἰδὼς,

1056 2484 1093 2515 ὡς
1111 2484 1246 2519 κρείττονι
1266 2482 1399 2518 προσέχῃ,
1421 2482 1469 2508 καὶ
1482 2481 1529 2507 τοῦ
1548 2479 1642 2506 λοιποῦ
1653 2479 1771 2514 πιστεύῃ
1787 2479 1840 2505 πᾶς

1058 2538 1110 2562 σιν,
1129 2526 1169 2559 οἷς
1181 2528 1214 2555 ἂν
1229 2529 1296 2562 ὲρεί.
1321 2528 1373 2554 Kal.
1386 2527 1417 2553 τὸ
1430 2527 1495 2561 περὶ
1519 2525 1575 2553 τῶν
1590 2525 1717 2559 Σοδόμων
1741 2524 1772 2551 δὲ
1795 2525 1841 2551 καὶ

1056 2575 1203 2610 Γομόρρων
1218 2573 1371 2608 εἰρημένον,
1386 2572 1427 2599 ὃτι
1449 2570 1585 2603 Καταόὰς
1602 2570 1711 2605 ὄψομαι
1724 2571 1751 2597 sl
1766 2571 1842 2598 κατὰ

1058 2621 1112 2656 τὴν
1127 2618 1263 2654 κραυγὴν
1276 2618 1375 2646 αὐτῶν
1403 2617 1643 2645 συντελοῦνται·
1671 2618 1697 2644 ει
1726 2617 1763 2644 δὲ
1785 2616 1841 2651 μὴ.

1058 2666 1108 2693 ἵνα
1127 2665 1197 2700 γνῶ,
1213 2664 1272 2692 κατ’
1287 2665 1445 2700 οἰκονομίαν
1461 2665 1582 2699 εἴρηται,
1612 2663 1750 2690 παιδεύων
1770 2663 1844 2698 ἡμᾶς

1060 2712 1098 2748 μὴ
1120 2712 1247 2744 κολάζειν
1262 2712 1316 2738 ἀπὸ
1329 2713 1522 2748 προγνώσεως,
1540 2711 1598 2736 ἀλλ’
1629 2710 1781 2745 ἀναμένειν
1795 2710 1843 2742 τὴν

1059 2759 1258 2795 πραγματικὴν
1272 2759 1426 2794 διάγνωσιν.
1441 2758 1472 2785 Ει
1496 2759 1549 2792 γὰρ
1562 2757 1600 2792 μὴ
1620 2757 1767 2791 ἐγίνωσκε,
1784 2754 1844 2786 πῶς

262 2854 270 2870 ³
288 2852 355 2882 Cen.
368 2860 407 2884 in,
422 2853 448 2881 9.
487 2852 497 2868 '
512 2850 578 2878 ch.
599 2859 635 2881 Iv,
647 2849 672 2877 9.
713 2849 722 2865 ³
739 2849 805 2877 Gen.
819 2855 895 2876 xvtn.
912 2848 938 2876 9.
976 2847 986 2864 ⁸

1048 2855 1065 2875 ι.
1083 2855 1124 2881 ιιι,
1141 2847 1181 2876 Η.
1220 2849 1230 2864 ³
1244 2847 1311 2875 Gen.
1328 2855 1366 2881 ιν,
1382 2847 1422 2875 l0.
1461 2847 1470 2862 ε
1487 2845 1553 2874 Gen.
1570 2853 1644 2878 mn,
1660 2845 1706 2872 2|.
