1912 3078
202 147 256 179 319

817 148 1009 179 EUTHYMII
1029 147 1116 177 ZIGA
1122 147 1211 178 BENI

1773 142 1824 175 320

202 206 226 234 si
245 205 312 232 nihil
325 203 459 238 ejusmodi
477 203 578 230 factum
593 207 676 232 esset.
702 207 806 238 quanto
827 205 913 239 magis
935 204 986 230 im—

1056 212 1100 230 ιωε
1112 204 1143 230 οὐ
1163 204 1265 238 μᾶλλον
1280 203 1313 230 τὰ
1331 202 1437 238 πονηρὰ
1461 201 1547 228 ταῦτα
1579 200 1611 228 ἂν
1633 200 1743 235 ἔσπειρε
1762 201 1824 235 δόγ-

206 253 321 287 probam
350 251 430 278 istam
463 249 613 285 impietatis
636 249 789 276 doctrinam
814 249 991 276 disseminas-

207 297 290 325 sent?

232 352 359 387 Ejusdem
382 359 413 378 ex
426 351 641 384 interprete/iane
655 351 681 376 in
697 351 833 385 mysticam
847 358 958 377 canam.

240 427 373 461 Quoniam
399 427 553 458 Marcionis,
573 431 600 454 et
621 427 766 458 Valentini.
797 431 824 453 et
851 426 989 454 Manicluei

206 474 327 501 fautores
352 478 430 500 erant
463 473 591 506 venturi,
619 474 664 508 qui
689 474 759 500 hanc
782 473 986 507 dispositionem

206 524 350 553 negarent.
371 519 471 547 idcirco
495 520 605 546 assidue
629 519 725 546 mortis
748 527 805 546 sua:
821 519 986 546 mentionem

208 565 283 596 fecit,
300 566 382 592 etiam
405 573 454 600 per
466 565 604 601 mysteria,
624 570 654 592 ut
681 572 762 592 nemo
776 565 853 592 falsis
875 564 990 592 rationi-

208 611 261 638 bus
278 612 503 646 argumentisque
519 611 608 646 decipi
631 616 733 645 posset.
750 611 798 639 sed
822 618 873 646 per
888 618 992 638 sacram

207 656 282 684 illam
300 664 421 684 mensam
437 657 519 683 simul
533 661 560 684 et
575 662 704 689 servaret,
728 661 755 683 et
781 657 946 684 institueret.

313 702 438 736 Ejusdem
454 711 486 729 ex
498 703 711 736 interpretatione
730 703 757 728 in
787 711 888 737 magna.

252 746 402 775 Erubescat
447 748 547 775 Paulus
589 748 811 780 Samosatensis,
850 748 993 776 erubescat

211 792 322 824 lareio,
340 793 384 827 qui
406 793 553 820 noluerunt
568 793 672 823 videre.
692 793 764 827 quod
782 794 850 829 magi
867 794 993 821 Ecclesiae

212 840 400 873 progenitores
408 845 628 874 conspexerunt:
643 847 732 875 neque
749 840 819 866 enim
835 847 931 866 vereor
947 847 994 866 eos

211 883 251 910 sic
263 884 410 918 appellare.
435 873 584 912 Erubescat
596 873 727 918 Marcion,
743 885 839 912 videns
854 885 938 912 Deum
966 885 994 911 in
1011 873 1032 900 Β

211 935 294 956 carne
319 930 437 957 adorari.
468 930 535 957 Nam
561 931 632 965 quod
660 931 686 957 in
700 938 783 958 carne
809 930 853 962 sit,
871 930 953 964 panni
969 934 997 957 et

211 982 338 1010 pratsepe
366 980 514 1003 testantur.
541 976 618 1009 Quod
650 982 742 1003 autem
773 976 847 1003 illum
879 983 934 1003 non
967 980 998 1002 ut

211 1027 312 1055 purum
329 1024 357 1047 et
375 1021 525 1056 simplicem
538 1023 676 1049 hominem
692 1024 791 1054 colant,
805 1030 838 1048 ex
866 1029 899 1048 eo
923 1026 998 1056 patet

212 1067 285 1101 quod
306 1067 333 1094 in
348 1072 442 1094 tenera
457 1072 537 1095 atate
560 1068 702 1095 exsistenti
727 1076 840 1096 munera
867 1068 997 1100 oti'erunt,

212 1119 273 1146 qua:
284 1113 452 1140 conveniunt
470 1114 534 1141 Deo.

213 1169 341 1205 Ejusdem
356 1178 387 1197 ea:
398 1171 613 1205 interpretatione
626 1172 653 1197 in
664 1171 709 1198 illa
726 1172 802 1198 verba
820 1179 829 1199 ι
853 1181 862 1197 ‹
879 1171 911 1198 In
923 1172 998 1206 prin.

323 1206 391 1240 cipio
408 1207 468 1240 fecit
486 1206 555 1233 Deus
567 1206 660 1233 coelum
673 1212 696 1233 et
709 1212 807 1233 terram
822 1208 841 1234 ¹.
865 1216 874 1233 ›

249 1291 328 1325 Quod
345 1292 367 1320 si
387 1291 554 1319 Manichms
569 1292 689 1324 accedat,
707 1297 735 1320 et
753 1293 836 1326 dicat,
857 1294 999 1322 materiam

212 1343 278 1366 ante
295 1339 442 1370 exstitisse,
458 1343 485 1365 et
498 1339 627 1371 Marcion,
650 1344 678 1366 et
696 1339 864 1370 Valentinus,
882 1344 908 1367 et
924 1339 999 1367 Grai-

213 1384 249 1416 ci,
266 1390 293 1411 tu
303 1384 355 1411 illis
367 1384 424 1411 haec
435 1384 518 1411 verba
529 1391 636 1419 oppone
652 1384 698 1411 ειη
714 1385 842 1420 principio
854 1385 914 1418 fecit
932 1385 1000 1412 Deus

213 1430 307 1456 citium
335 1434 360 1456 et
374 1435 484 1457 terram.
507 1430 542 1457 At
559 1430 604 1458 ille
617 1430 765 1466 Scriptura:
786 1439 842 1458 non
860 1431 957 1464 credit,
973 1436 1000 1459 et

215 1481 245 1503 tu
260 1484 323 1503 eum
341 1481 370 1503 ut
386 1476 524 1509 insanum,
544 1482 572 1504 et
586 1482 679 1505 mente
701 1482 810 1512 captum
831 1478 918 1505 evita.
949 1478 1000 1512 Qui

217 1519 292 1547 enim
308 1528 397 1547 rerum
410 1521 532 1548 omnium
551 1521 719 1556 procreatori
736 1522 818 1549 ﬁdem
834 1530 889 1550 non
906 1523 1000 1556 habet,
1014 1541 1036 1572 C

216 1570 245 1593 et
259 1566 393 1593 mendacii
414 1567 557 1594 veritatem
577 1568 676 1603 arguit,
708 1575 789 1603 quam
812 1576 932 1604 unquam
957 1578 1002 1597 ve-

217 1611 292 1638 niam
319 1613 504 1648 assequeturl
537 1613 585 1641 Sin
613 1614 736 1641 veritatis
766 1615 859 1642 hostes
888 1621 1003 1652 pergant

218 1658 367 1691 adversari,
385 1659 509 1688 dicentes
526 1660 585 1687 ﬁeri
608 1669 665 1688 non
691 1669 782 1696 posse,
808 1666 838 1689 ut
863 1669 896 1690 ex
916 1662 1003 1690 nihilo

216 1705 366 1739 quidquam
383 1705 438 1739 ﬁat,
456 1713 503 1733 cos
519 1706 665 1742 interroga,
683 1712 774 1734 utrum
801 1708 904 1743 primus
920 1709 1003 1736 homo

216 1758 250 1778 ex
271 1755 355 1783 terra,
367 1759 403 1778 an
417 1759 451 1778 ex
468 1752 519 1779 alia
536 1759 564 1779 re
587 1752 721 1780 conﬂatus
736 1753 782 1780 sit.
810 1753 848 1780 Ex
865 1758 939 1781 terra
960 1762 1004 1782 re-

218 1796 405 1831 spondebunt,
415 1801 441 1824 et
452 1797 658 1825 conﬁtebuntur
671 1799 795 1826 omnino.
809 1800 906 1828 Dicant
922 1800 1004 1836 igitur

217 1842 299 1869 nobis
317 1843 456 1878 quomodo
481 1850 514 1870 ex
537 1847 611 1871 terra
632 1845 724 1872 carnis
746 1849 844 1873 natura
870 1846 941 1873 facta
957 1848 1003 1874 sit.

219 1887 259 1915 Ex
287 1893 360 1916 terra
374 1889 447 1916 enim
475 1888 576 1921 lutum,
604 1894 631 1917 et
650 1890 758 1923 lateres,
787 1892 895 1926 legulae,
925 1895 1005 1927 atque

217 1933 278 1962 ollae
294 1934 351 1961 ﬁeri
382 1934 482 1962 solent.
515 1934 657 1968 Quomodo
681 1936 764 1971 igitur
790 1937 881 1964 carnis
906 1943 1005 1964 natura

218 1979 290 2006 facta
304 1984 346 2007 est
361 1984 389 2007 et
414 1981 501 2011 nervi,
520 1985 548 2008 et
562 1981 680 2013 arterlm,
704 1987 732 2008 et
755 1982 850 2017 adeps,
878 1987 905 2010 et
920 1983 1004 2016 cutis,

219 2031 248 2054 et
278 2034 392 2062 ungues,
408 2031 436 2053 et
449 2026 560 2061 capilli?
581 2027 621 2054 Ad
637 2027 694 2054 brae
723 2028 761 2055 illi
790 2028 863 2063 quod
890 2036 1003 2064 respon-

219 2074 311 2104 deant,
328 2072 396 2099 nihil
411 2073 561 2105 habebunt,
576 2074 623 2101 sed
635 2073 836 2102 obmutesceut.
867 2074 940 2108 Quid
954 2083 1005 2102 au-

220 2124 276 2146 tem
302 2119 400 2153 loquor
419 2118 453 2145 de
469 2122 562 2146 nostro
585 2126 700 2154 corpore
718 2120 729 2146 ?
746 2120 839 2147 dicant
863 2121 943 2148 nobis
971 2120 1006 2148 de

219 2172 300 2200 pane,
316 2169 396 2199 quem
422 2164 546 2199 quotidie
571 2165 751 2198 comedimus,
776 2167 925 2200 quomodo,
942 2174 1004 2194 cum

1046 259 1118 285 ματα
1131 250 1182 285 τῆς
1196 250 1343 282 ἀσεϐείαςς

1045 345 1099 372 Τοῦ
1114 346 1207 373 αὐτοῦ
1220 346 1254 373 ἐκ
1271 345 1327 380 τῆς
1342 347 1384 379 εὶς
1398 346 1450 406 τὸῖ
1459 345 1609 380 μυστικὸν
1623 344 1752 372 δεῖπνον
1777 345 1826 379 ἐρ-

1359 389 1435 406 uan
1448 389 1495 406 ac.

1357 389 1495 415 μηνειιις.

1086 426 1195 458 Ἐπειδὴ
1226 427 1280 461 γὰρ
1307 427 1420 461 ἔμελλον
1436 428 1460 454 οἱ
1481 427 1547 461 περὶ
1580 426 1743 460 Μαρκίωνα,
1778 427 1827 452 καὶ

1047 472 1232 504 Οὐαλεντῖνον,
1251 473 1298 499 καὶ
1314 473 1466 508 Μανιχιιῖον
1479 472 1595 506 φύεσθαι
1606 472 1709 506 ταύτην
1725 472 1827 506 ἀρνού-

1048 526 1124 553 μενοι
1139 518 1188 553 τὴν
1200 518 1369 552 οίκονομίαν,
1402 519 1535 553 διηνεκῶς
1552 519 1760 552 ἀναμιμνήσκει
1780 518 1827 544 τοῦ

1047 563 1161 596 πάθους,
1177 564 1224 591 καὶ
1239 564 1284 591 διὰ
1298 564 1352 591 τῶν
1367 564 1536 599 μυστηρίων,
1559 565 1630 590 ὥστε
1652 565 1756 599 μηδὲνα
1774 574 1826 590 πα-

1047 609 1243 645 ραλογισθῆναι
1254 630 1261 641 ,
1277 609 1346 644 ὁμοῦ
1363 610 1413 645 μὲν
1439 610 1544 643 σώζων,
1561 609 1632 645 ὁμοῦ
1648 610 1677 637 δὲ
1689 610 1827 637 παιδεύων

1045 657 1090 684 διὰ
1108 657 1157 691 τῆς
1169 658 1246 692 ἱερᾶς
1261 657 1402 693 τραπέζης
1421 657 1539 692 ἐκείνης.

1066 700 1123 728 Τοῦ
1137 701 1230 728 αὑτοῦ
1247 702 1282 728 ἐκ
1300 701 1356 735 τῆς
1367 702 1412 734 εὶς
1422 701 1494 733 τοὺς
1506 701 1623 737 μάγους
1636 702 1808 736 ἑρμηνείας.

1081 747 1257 782 Δισχυνέσθω
1280 748 1386 779 Παῦλος
1412 749 1426 774 ὁ
1442 748 1629 782 Σαμοσατεὺς,
1653 746 1827 784 αἰσχυνέσῷ

1048 793 1190 828 Μαρκίων,
1207 793 1244 829 μὴ
1259 793 1436 828 βουληθέντες
1449 793 1512 820 ἰδεῖν
1525 793 1598 827 ἅπερ
1611 794 1636 819 οἱ
1650 793 1733 827 μάγοι
1745 789 1828 822 εἶδον,

1048 839 1072 865 οι
1088 841 1138 872 τῆς
1158 838 1322 874 Ἑκκλησίας
1347 839 1473 873 πρόγονοι
1490 845 1498 853 ⁸
1527 838 1558 864 οὺ
1576 839 1631 872 γὰρ
1664 836 1830 871 αἰσχύνομαι

1047 885 1134 916 οὕτως
1149 885 1251 917 αὐτοὺς
1279 886 1383 912 καλεῖν.
1415 885 1590 920 Αίσχυνέσθω
1604 885 1736 919 Μαρκίων
1759 883 1830 918 ὁρῶν

1046 931 1113 957 Θεὸν
1129 931 1158 957 ὲν
1174 932 1257 967 σαρκὶ
1287 932 1534 967 προσκυνούμενον,
1553 932 1614 958 ὀτι
1638 931 1688 965 μὲν
1705 930 1771 965 ’γὰρ
1802 931 1832 956 ὲν

1049 977 1142 1011 σαρκὶ,
1159 976 1194 1003 τὰ
1209 977 1354 1011 σπάργανα
1367 977 1499 1009 δείκνυσι,
1517 977 1565 1003 καὶ
1579 977 1597 1012 ἡ
1614 977 1700 1011 φάτνη
1717 985 1723 991 ·
1739 977 1780 1002 ὄτι
1801 975 1831 1001 δὲ

1047 1023 1097 1057 οὐχ
1110 1023 1147 1053 ὡς
1159 1022 1238 1057 ψιλὸν
1265 1023 1410 1058 ἄνθρωπον
1439 1023 1636 1057 προσεκύνουν,
1652 1022 1783 1058 δηλοῦσιν
1803 1022 1833 1048 ἐν

1048 1068 1129 1103 ἀώρῳ
1145 1070 1195 1104 τῆς
1225 1069 1333 1103 ἡλικίας
1349 1068 1464 1095 τοιαῦτα
1494 1069 1570 1105 δῶρα
1593 1069 1794 1104 προσάγοντες,
1815 1068 1833 1095 ἃ

1048 1114 1108 1148 Θεῷ
1123 1116 1275 1150 προσάγειν
1291 1115 1364 1147 εἰκὸς
1376 1113 1420 1151 ἧν.

1052 1161 1106 1189 Τοῦ
1123 1161 1216 1188 αὑτοῦ
1234 1162 1269 1188 ἐκ
1293 1162 1348 1195 τῆς
1361 1162 1520 1195 ἑρμηνείας
1541 1161 1596 1194 τῆς
1616 1162 1659 1194 sic
1674 1162 1726 1188 τό·
1744 1170 1755 1187 ‹
1780 1162 1834 1188 Ἐν

1085 1196 1163 1237 ἀρχῇ
1175 1197 1321 1230 ἐποίησεν
1341 1199 1357 1224 ό
1382 1198 1528 1232 Θεὸς-,τὸν
1542 1197 1682 1230 οὐρανὸν,
1701 1197 1752 1223 καὶ
1775 1196 1835 1231 τὴν

1085 1240 1154 1266 Την.
1176 1242 1185 1258 ι

1086 1277 1146 1304 Κᾶν
1161 1278 1215 1312 γὰρ
1231 1278 1380 1312 Μανιχαῖος
1393 1277 1542 1313 ὑπεισέλοῃ
1572 1277 1659 1311 λέγων
1684 1275 1734 1311 τὴν
1766 1276 1836 1311 ὕλην

1050 1324 1251 1359 προϋπάρχειν,
1269 1324 1321 1350 κᾶν
1334 1324 1479 1360 Μαρκίων,
1503 1323 1555 1350 κᾶν
1573 1323 1760 1355 Οὐαλεντῖνος,
1780 1323 1837 1349 κᾶν

1055 1369 1192 1404 Ἐλλήνων
1219 1370 1324 1402 παῖδες,
1356 1370 1418 1404 λέγε
1439 1369 1508 1405 πρὸς
1539 1368 1637 1400 αὐτούς
1652 1376 1659 1384 ⁶
1683 1368 1735 1395 Ἐν
1754 1368 1836 1402 ἀρχῇ

1051 1416 1198 1450 ἐποίησεν
1211 1418 1227 1444 ὁ
1239 1417 1310 1450 Θεὸς
1322 1417 1375 1443 τὸν
1390 1416 1522 1451 οὐρανὸν
1538 1415 1586 1442 καί
1604 1414 1661 1448 τὴν
1677 1413 1747 1448 γῆν.
1761 1413 1837 1439 Ἀλλ’

1052 1463 1083 1490 οὗ
1099 1464 1223 1489 πιστεύει
1239 1464 1272 1498 τῇ
1287 1463 1383 1498 Γραφῇ
1395 1471 1402 1478 ·
1415 1460 1610 1497 ἁποστράφηθι
1629 1460 1724 1486 λοιπὸν
1752 1460 1837 1485 αὑτὸν

1052 1508 1090 1539 ὡς
1122 1508 1287 1543 μαινόμενον
1319 1509 1365 1535 καὶ
1397 1507 1573 1543 ἐξεστηκότα.
1592 1507 1623 1533 ’0
1642 1506 1697 1541 γὰρ
1728 1505 1768 1539 τῷ
1790 1505 1839 1540 δη-

1055 1553 1178 1590 μιουργῷ
1203 1555 1257 1581 τῶν
1273 1554 1341 1581 ὅλων
1358 1554 1494 1586 ἀπιστῶν,
1523 1553 1562 1584 ὡς
1587 1553 1636 1579 καὶ
1662 1551 1762 1586 ψεῦδος
1787 1553 1840 1586 τῆς

1053 1600 1183 1636 ἀληθείας
1200 1600 1425 1635 καταγινώσκων,
1442 1599 1522 1629 ποίας¹
1535 1599 1568 1626 ἂν
1578 1598 1647 1634 τύχῃ
1668 1597 1839 1632 συγγνώμης

1054 1646 1118 1673 ποτέ
1131 1654 1138 1680 ;
1153 1646 1182 1672 El
1193 1646 1221 1672 δὲ
1236 1645 1436 1680 ἑπιμένοιενιοί
1450 1645 1498 1680 τῆς
1513 1644 1642 1679 ἀληθείας
1671 1643 1766 1679 ἐχθροὶ
1791 1643 1841 1669 λέν

1053 1701 1148 1727 γοντες
1161 1692 1293 1719 ἀδύνατον
1311 1689 1382 1718 εἶναι
1395 1692 1424 1725 ἐξ
1445 1691 1495 1718 οὐκ
1511 1690 1597 1717 ὄντων
1613 1700 1639 1717 τι
1656 1689 1841 1725 προαχθῆναι,

1054 1738 1183 1774 ἐρώμεθα
1201 1739 1308 1770 αὐτοὺς,
1324 1739 1354 1766 ’0
1367 1739 1475 1774 πρῶτος
1487 1738 1628 1773 ἄνθρωπος
1643 1739 1674 1764 ὲκ
1689 1737 1741 1772 γῆς
1756 1737 1842 1763 ἐπλά-

1056 1786 1118 1821 σθη,
1132 1786 1147 1821 ἢ
1164 1786 1299 1821 ὲτέρωθέν
1315 1787 1396 1812 ποθεν
1408 1794 1416 1819 ;
1432 1785 1545 1816 Πάντως
1556 1783 1664 1819 ἐροῦσιν
1675 1784 1716 1810 ὅτι
1728 1783 1762 1809 ἐκ
1775 1783 1840 1817 γῆς,

1055 1832 1102 1858 καὶ
1120 1832 1395 1868 συνομολογήσουσιν.
1416 1831 1581 1858 Εἰπάτωσαν
1593 1828 1640 1857 οὗν
1653 1830 1720 1865 ἡμῖν
1734 1829 1795 1861 πῶς
1809 1830 1842 1855 ἐκ

1055 1880 1107 1913 γῆς
1123 1880 1234 1913 ἐγένετο
1250 1878 1346 1912 φύσις;
1363 1878 1432 1904 Ἀπὸ
1443 1877 1497 1912 γῆς
1507 1876 1563 1912 γὰρ
1579 1875 1673 1910 πηλὸς,
1701 1875 1750 1902 καὶ
1765 1876 1843 1902 πλίν⁴

1056 1926 1113 1958 θος,
1130 1925 1179 1952 καὶ
1199 1925 1332 1961 κέραμος,
1364 1925 1410 1951 καὶ
1431 1923 1566 1959 ὄστρακον
1593 1923 1626 1950 ἂν
1641 1922 1758 1956 γένοιτο.
1777 1922 1843 1953 Πῶς

1055 1970 1103 1998 οὖν
1121 1971 1220 2006 σαρκὸς
1245 1971 1326 2004 φύσις
1351 1970 1482 2004 ἐγένετος
1511 1969 1569 2001 πῶς
1586 1969 1664 2002 ὀστᾶ,
1678 1968 1726 1995 καὶ
1742 1968 1845 2003 νεῦρα,

1056 2017 1104 2044 καὶ
1120 2016 1261 2052 ἀρτηρίαι,
1283 2017 1330 2043 καὶ
1344 2016 1458 2051 πιμελὴ,
1477 2016 1523 2042 καὶ
1540 2015 1638 2050 δέρμα,
1666 2014 1715 2041 καὶ
1732 2014 1844 2050 ὗνυχες,

1057 2063 1106 2090 καὶ
1117 2063 1221 2098 τρίχες,
1234 2063 1282 2089 καὶ
1293 2063 1324 2089 ὲκ
1341 2063 1404 2097 μιᾶς
1417 2061 1604 2096 ὑποκειμένης
1621 2060 1688 2095 ὕλης
1702 2060 1846 2095 διαφόρων

1057 2111 1158 2137 οὐσιῶν
1175 2109 1334 2143 ποιότητες;
1351 2109 1420 2136 Ἀλλ’
1439 2108 1494 2134 οὐδ’
1507 2108 1541 2135 ἂν
1554 2107 1695 2142 δυνηθεῖεν
1709 2107 1737 2133 τδ
1752 2107 1846 2142 στόμα

1057 2156 1150 2191 διᾶραι
1167 2157 1234 2192 πρὸς
1247 2154 1332 2181 ταῦτά
1355 2163 1432 2181 ποτε.
1455 2154 1488 2180 Τί
1503 2153 1532 2179 δὲ
1549 2152 1622 2186 λέγω
1641 2152 1705 2187 περὶ
1722 2152 1770 2178 τοῦ
1788 2151 1846 2178 σὼ-

220 2210 301 2238 unius
314 2210 422 2246 generis
433 2210 478 2242 sit,
490 2211 517 2237 in
531 2211 703 2246 sanguinem,
720 2212 856 2247 pituitam,
871 2217 899 2239 et
912 2208 999 2240 b‘ilem,

1060 2211 1145 2238 ματος
1156 2202 1203 2228 τοῦ
1219 2203 1355 2238 ἡμετέρου
1367 2210 1374 2235 ;
1388 2199 1513 2236 περὶτοῦ
1527 2200 1611 2235 ἄρτου
1634 2195 1665 2225 οὖ
1687 2197 1750 2225 καθ’
1777 2198 1847 2224 ἑκά-

221 2260 249 2283 et
266 2256 357 2283 varios
373 2256 503 2284 humores
519 2261 715 2290 commutetur,
731 2262 760 2284 et
782 2265 831 2284 cur
848 2265 910 2285 cum
925 2258 1006 2293 panis

222 2301 353 2328 frumenti
368 2301 489 2329 colorem
503 2302 631 2333 retineat,
658 2303 768 2337 sanguis
781 2302 838 2337 ipse
856 2302 893 2329 sit
915 2302 1006 2335 rufus,

222 2350 271 2373 aut
285 2347 373 2382 niger.
392 2347 471 2380 Quod
486 2347 511 2374 si
527 2348 595 2380 hzec,
612 2355 671 2382 qua:
686 2348 808 2382 quotidie
832 2353 896 2376 ante
915 2348 1007 2375 oculos

223 2393 367 2425 habemus,
379 2393 457 2421 nobis
470 2401 607 2428 nunquam
624 2398 753 2428 poterunt
764 2393 912 2428 explicare,
925 2394 1009 2420 multo

224 2440 315 2467 minus
330 2441 433 2475 reliqua
454 2440 501 2467 Dei
525 2447 607 2474 opera
625 2440 812 2467 declarabunt.
848 2440 882 2466 At
898 2440 921 2467 si
947 2444 1010 2474 post

225 2491 329 2514 tantam
358 2492 582 2523 argumentorum
617 2487 723 2522 copiam
751 2487 888 2514 obstinate
917 2486 1010 2513 volent

226 2540 389 2568 repugnare,
414 2538 442 2561 et
464 2534 532 2560 tueri
549 2532 712 2560 sententiam
734 2540 823 2565 suam,
849 2540 899 2559 nos
920 2537 1010 2560 tamen

224 2587 278 2607 non
292 2580 455 2607 desistemus
471 2580 525 2607 haec
540 2580 633 2607 eadem
650 2579 715 2615 ipsis
732 2584 869 2614 repetere:
885 2578 918 2605 In
939 2579 1013 2613 prin-

224 2627 291 2659 tipio
311 2627 370 2662 fecit
391 2626 459 2653 Deus
483 2626 575 2654 arium
587 2632 611 2654 et
632 2631 731 2654 terram
747 2627 766 2653 '.
781 2626 836 2652 H0r.
852 2625 925 2652 enim
951 2632 1009 2652 ver-

223 2673 288 2700 bum
302 2672 412 2699 unicum
431 2677 518 2707 potest
533 2681 628 2700 omnes
642 2680 735 2699 eorum
752 2677 851 2702 turres.
867 2675 895 2697 et
908 2678 1008 2705 propu-

223 2720 338 2754 gnacula
366 2724 501 2750 evertere.
525 2719 671 2753 omniaque
702 2719 820 2745 humana
849 2722 1008 2752 argumenta

225 2766 337 2800 penitus
352 2765 484 2798 refellere,
505 2769 533 2792 et
550 2765 704 2796 confutare,
733 2768 762 2791 et
779 2770 836 2796 eas,
861 2763 883 2790 si
898 2762 1007 2790 tandem

264 2854 350 2882 'Gcn-
370 2861 387 2884 I.
406 2855 428 2882 ι.

1058 2257 1125 2284 στην
1138 2249 1244 2285 ἡμέραν
1260 2246 1409 2282 σιτούμεθα
1425 2246 1585 2273 εἰπάτωσαν
1598 2245 1675 2280 ἡμῖν.
1690 2243 1750 2274 πῶς
1765 2252 1848 2278 μονο-

1057 2296 1132 2331 ειδὴς
1149 2295 1186 2322 ὢν
1206 2294 1405 2330 μεταϐάλλεται
1421 2294 1461 2324 εἰς
1477 2290 1559 2327 αἷμα,
1589 2291 1636 2317 καὶ
1649 2289 1773 2324 φλέγμα,
1797 2289 1849 2320 καὶ

1057 2341 1148 2377 χολὴν,
1163 2341 1209 2368 καὶ
1222 2340 1369 2375 διαφόρους
1380 2338 1487 2374 χυμούς
1502 2347 1509 2370 ;
1527 2338 1574 2364 καὶ
1589 2337 1602 2363 ὁ
1618 2336 1668 2371 μὲν
1697 2335 1848 2370 σιτόχρους

1060 2387 1191 2418 πολλάκις
1203 2387 1273 2418 ἐστὶ,
1287 2386 1318 2412 τὸ
1332 2385 1360 2412 δὲ
1374 2382 1445 2419 αἷμα
1461 2384 1566 2419 πυρῤδν
1581 2383 1598 2418 ἢ
1619 2381 1716 2417 μέλαν.
1735 2381 1768 2407 Ei
1788 2381 1851 2407 τοί-

1059 2440 1107 2459 νυν
1121 2431 1207 2459 ταῦτα
1221 2431 1253 2458 τὰ
1266 2431 1327 2458 καθ’
1343 2430 1462 2463 ἑκάστην
1478 2428 1585 2464 ἡμέραν
1606 2427 1660 2463 πρὸ
1673 2427 1728 2454 τῶν
1740 2427 1852 2461 ὀφθαλ-

1063 2479 1123 2514 μῶν
1136 2477 1266 2513 ὁρώμενα
1281 2476 1370 2502 εἰπεῖν
1396 2476 1462 2510 ἡμῖν
1491 2474 1541 2501 οὐκ
1554 2473 1587 2501 ἂν
1613 2472 1739 2500 δύναιντό
1767 2481 1851 2507 ποτε,

1061 2525 1143 2559 σχολῇ
1164 2524 1190 2558 γ’
1207 2523 1240 2550 ἂν
1255 2523 1358 2549 εἴποιεν
1380 2521 1444 2556 περὶ
1462 2521 1516 2547 τῶν
1530 2520 1620 2547 ἄλλων
1649 2519 1696 2546 τοῦ
1713 2519 1782 2546 Θεοῦ
1802 2519 1854 2554 δη-

1062 2569 1290 2605 μιουργημάτων.
1313 2566 1383 2600 Ἄλλ¹
1415 2567 1440 2593 εἰ
1464 2567 1513 2593 καὶ
1538 2565 1608 2601 μετὰ
1636 2564 1775 2600 τοσαύτην
1793 2565 1853 2592 τῶν

1061 2615 1228 2648 ἀποδείξεων
1244 2613 1404 2649 περιουσίαν
1415 2612 1570 2648 ὲπιμένοιεν
1585 2611 1634 2646 τὴν
1649 2611 1754 2638 οἰκείαν
1769 2611 1853 2645 φιλο-

1062 2663 1167 2690 νεικίαν
1193 2661 1337 2696 κρατύνειν
1365 2659 1538 2695 βουλόμενοι,
1565 2658 1646 2693 ἡμεῖς
1669 2657 1736 2692 μηδὲ
1773 2657 1852 2684 οὕτω

1063 2709 1225 2743 παυσόμεθα
1239 2708 1272 2735 τὰ
1290 2707 1360 2734 αὐτὰ
1386 2706 1469 2733 πάλιν
1493 2705 1620 2740 λέγοντες
1636 2704 1705 2740 πρὸς
1726 2704 1847 2735 αὐτούς·

1069 2758 1120 2784 Ἐν
1134 2754 1212 2791 ἀρχῇ
1229 2755 1375 2790 ἐποίησεν
1390 2755 1406 2781 ὀ
1419 2752 1490 2786 Θεὸς
1505 2753 1559 2780 τὸν
1571 2751 1703 2786 οὐρανὸν
1723 2751 1772 2778 καὶ
1792 2749 1854 2785 τὴν
