1912 3078
221 129 277 162 323

839 128 1033 160 EUTHYMll
1053 129 1235 163 ZlGABENl

1792 138 1842 170 32$

221 187 298 217 dixit,
314 186 362 214 sed
376 192 411 213 eo
423 185 513 221 potius
528 185 609 212 modo
625 194 632 212 :
652 184 721 212 Caeci
738 189 817 216 sunt,
831 189 858 211 et
875 191 1000 212 caecorun

1061 187 1145 221 φλῶν,
1158 190 1262 216 ἐκεῖνον
1279 183 1524 224 μὶν’άπα).λάττων
1540 193 1591 227 τῆς
1610 193 1788 229 κατηγορίας,
1803 197 1840 226 είς

221 234 317 265 duces,
346 236 418 260 utet
433 232 506 259 illam
531 239 546 258 a
565 231 785 266 reprehensione
812 230 950 263 liberaret,
981 237 1000 258 et

1061 233 1090 260 δὲ
1105 235 1218 267 τούτους
1229 236 1259 262 τὸ
1273 238 1327 264 πᾶν
1343 237 1506 273 περιέλκων.

219 279 327 314 culpam
355 278 384 305 in
407 285 454 305 eos
482 284 590 304 omnem
609 276 756 304 conferret.

500 389 542 416 Ex
553 390 642 416 eodem
656 389 722 416 loco.

255 435 457 469 lnterrogemus
473 435 555 469 igitur
574 442 633 466 eos,
650 435 696 470 qui
714 435 800 469 legem
820 434 1004 469 insectantur,

220 487 311 508 utrum
335 486 500 516 prmceptutn
528 480 605 510 illud.
627 489 682 515 quo
709 482 889 516 prohibemur
914 481 1005 513 irasci,

220 526 387 554 contrarium
401 527 436 553 sit
449 526 485 557 ei,
504 533 558 560 quo
574 531 698 552 vetamur
708 526 844 559 occidere,
866 534 899 553 an
916 527 1006 561 potius

223 572 306 606 hujus
318 573 343 599 id
357 572 489 607 perfectio
503 573 549 603 sit,
570 577 598 599 et
617 572 800 599 confirmatio.
827 573 1004 607 Perspicuum

219 622 271 650 est,
287 618 351 644 illud
367 625 427 645 esse
444 617 640 653 perfectionem
654 617 734 652 hujus
749 622 776 644 et
792 618 1004 651 absolutionem,

219 669 246 691 et
260 670 402 698 propterea
427 664 516 699 majus
542 672 613 691 esse.
631 664 683 697 Qui
699 664 772 691 enim
792 664 825 691 ad
853 665 922 692 iram
949 672 1005 692 non

219 709 358 740 incitatur,
370 716 385 736 a
403 710 476 736 cede
491 709 596 736 facilius
607 709 763 736 abstinebit.
779 709 811 736 Et
826 709 872 744 qui
883 711 1004 737 animum

219 754 333 781 cohibet
359 762 452 787 suum,
481 754 568 781 multo
597 754 682 789 magis
710 762 808 782 manus
839 755 1003 783 continebit.

216 799 284 827 Nam
300 800 339 827 ira
355 801 436 828 caedis
453 805 494 828 est
510 802 598 835 radix,
621 809 704 836 quam
727 801 772 836 qui
789 802 892 834 evellit,
917 803 1004 829 multo

217 846 303 879 magis
316 846 442 873 concidet
458 855 560 880 ramos,
579 849 634 875 imo
655 855 721 874 vero
737 855 771 874 ne
794 847 869 875 nasci
893 847 1002 882 quidem

217 891 277 919 illos
295 893 444 927 permittet.
462 892 644 926 Quamobrem
662 894 719 921 haec
735 901 788 921 non
807 894 841 922 ad
855 894 920 929 legis
931 894 1002 921 inte—

217 938 299 964 ritum
315 938 437 973 iubebat,
451 940 498 966 sed
506 940 539 966 ad
554 940 684 974 majorem
700 940 770 967 illius
786 940 1001 968 observantiam.

217 983 276 1016 Quo
284 991 402 1019 namque
418 984 533 1012 consilio
546 985 604 1012 haec
617 985 758 1012 sanciebat
772 985 831 1020 ipsa
848 985 889 1012 lex
900 986 912 1011 ?
922 985 1003 1013 Non-

218 1036 262 1060 ne.
282 1033 312 1056 ut
325 1037 404 1056 nemo
430 1031 586 1064 proximum
605 1030 800 1057 interﬁceret?
831 1031 893 1066 Legi
921 1032 1004 1067 igitur

219 1070 392 1102 adversantia
421 1076 608 1111 praecepisset,
625 1076 671 1110 qui
697 1077 824 1112 jussissrt
838 1078 1000 1105 interficere.

216 1122 274 1147 Hoc
288 1115 371 1152 énim,
387 1120 485 1153 occide,
513 1121 560 1152 illi,
584 1129 616 1148 ne
636 1121 749 1154 occidas,
768 1123 934 1150 contrarium
950 1127 1000 1150 est.

218 1166 311 1201 Itaque
326 1167 347 1194 si
363 1175 396 1194 ne
414 1167 497 1195 irasci
513 1168 623 1202 quidem
637 1169 771 1202 concedit,
788 1169 813 1196 id
825 1170 897 1204 quod
913 1178 928 1197 τι
943 1171 1002 1206 lege

213 1211 328 1247 jubetur
367 1213 453 1240 multo
488 1213 574 1249 magis
605 1215 757 1241 confirmat.
797 1215 891 1250 Neque
927 1217 999 1243 enim

216 1258 328 1294 perinde
345 1258 396 1285 sibi
417 1259 582 1294 temperabit
605 1267 620 1286 a
639 1260 722 1291 caede.
743 1261 788 1295 qui
813 1262 935 1289 studiose
956 1272 1001 1290 ca-

219 1306 271 1334 vet,
286 1309 320 1329 ne
339 1304 493 1338 quempiam
507 1304 624 1335 occidat,
646 1309 676 1331 ut
697 1304 743 1332 ille
762 1305 806 1340 qui
820 1305 905 1340 ipsam
923 1315 999 1342 quo-

219 1355 271 1382 que
284 1348 413 1376 interficit
428 1349 606 1377 iracundiam.
625 1350 675 1378 llic
699 1351 769 1377 enim
794 1352 898 1387 longius
914 1354 999 1380 multo

222 1392 300 1421 abest
315 1394 348 1420 ab
371 1394 429 1428 ipso
450 1398 560 1421 conatu.
589 1395 688 1422 Verum
711 1401 738 1423 ut
754 1404 800 1423 eos
817 1397 903 1432 magis
917 1399 999 1426 etiam

217 1438 423 1472 convincamus,
436 1440 526 1467 omnia
545 1448 606 1475 qua:
620 1441 653 1467 ab
665 1441 731 1476 ipsis
745 1441 883 1476 dicuntur,
900 1443 927 1470 in
941 1452 999 1472 me-

216 1482 291 1510 dium
306 1483 461 1511 afferamus.
477 1485 605 1518 Quaenam
618 1491 707 1513 autem
727 1487 778 1514 ista
803 1489 886 1516 sunt?
913 1490 998 1516 Deum

215 1528 302 1562 illum,
321 1530 366 1565 qui
380 1531 513 1558 mundum
533 1532 605 1559 hunc
620 1532 768 1560 fabricatus
782 1538 838 1566 est,
854 1534 900 1568 qui
915 1535 997 1562 solum

216 1583 295 1602 suttm
310 1576 376 1603 oriri
393 1576 457 1604 facit
471 1584 554 1612 super
570 1577 666 1609 malos,
685 1581 713 1604 et
734 1578 836 1611 bonos;
861 1580 906 1614 qui
932 1581 1000 1615 pluit

217 1628 299 1655 super
309 1621 399 1655 justas
411 1626 438 1648 et
453 1622 580 1656 injustos,
597 1622 696 1649 tnalum
710 1630 771 1650 esse
784 1624 929 1652 afﬁrmant.
949 1625 1000 1658 Qui

217 1670 305 1694 autem
320 1675 352 1694 ex
369 1667 422 1694 illis
437 1659 647 1700 mitiores'sunt,
660 1675 717 1695 rem
732 1669 767 1695 ita
797 1674 957 1705 temperant,
973 1677 1002 1700 ut

217 1720 277 1740 eum
298 1713 402 1748 justum
418 1720 479 1740 esse
492 1714 624 1741 duntaxat
639 1714 800 1747 concedant.
818 1715 919 1744 bonum
951 1726 1002 1745 au-

215 1763 269 1786 tem
282 1765 393 1795 negent.
419 1760 541 1787 Alterum
568 1765 659 1788 autem
685 1761 841 1796 quemdam,
869 1764 916 1798 qui
947 1772 1001 1791 non

212 1806 258 1838 sit,
276 1806 376 1841 quique
388 1807 457 1834 nihil
480 1815 586 1840 eorum,
608 1815 668 1842 quae
683 1810 764 1842 sunt,‘
778 1809 909 1843 effecerit,
924 1810 1003 1838 Citri-

216 1856 260 1877 sto
273 1856 377 1885 patrem
393 1852 544 1887 assignant.
561 1853 594 1880 Et
608 1860 682 1887 eum,
698 1854 743 1889 qui
759 1855 844 1882 bonus
871 1863 924 1882 non
950 1861 1000 1889 est,

213 1896 243 1923 in
259 1897 316 1924 suis
330 1904 361 1924 se
390 1898 515 1925 terminis
545 1899 698 1932 continere,
723 1903 750 1926 et
776 1908 838 1935 qua:
865 1909 913 1928 sua
925 1907 1000 1934 Sunt,

215 1942 285 1969 tueri
301 1942 406 1970 dicunt.
425 1943 502 1970 Ilunc
517 1951 593 1974 vero,
609 1945 656 1979 qui
673 1945 760 1972 bonus
774 1950 825 1978 est,
858 1947 958 1978 aliena,
975 1952 1003 1975 et

216 1995 276 2021 quae
295 1987 353 2022 ipse
366 1996 419 2015 non
436 1988 510 2021 fecit,
528 1994 668 2023 appetere.
689 1992 821 2025 Agnoscis
847 1992 916 2019 lilios
942 1993 1001 2019 dia-

217 2032 289 2059 boli?
320 2032 462 2066 Quomodo
489 2041 504 2061 e
533 2035 617 2069 patris
643 2035 718 2063 fonte
750 2037 830 2064 verba
862 2037 1000 2071 hauriant,

215 2085 276 2112 qua:
289 2078 447 2113 loquantur,
464 2079 528 2106 dum
547 2080 675 2108 auferunt
695 2082 748 2108 Deo
766 2083 858 2110 mundi
886 2084 1003 2112 fabrica-

217 2123 340 2155 tionem,
367 2132 429 2150 cum
453 2123 573 2152 Joannes
590 2126 746 2153 exclamet:
767 2127 800 2153 In
825 2131 931 2163 propria
962 2138 990 2157 ve

216 2169 264 2198 nit.
281 2172 319 2200 et,
338 2168 453 2195 Mundus
476 2178 522 2203 per
538 2178 596 2196 eunt
611 2172 697 2206 factus
727 2177 763 2199 est
783 2173 803 2198 ‘.
827 2173 885 2201 Jam
916 2176 1001 2210 legem

215 2215 374 2241 examinant
393 2220 420 2241 et
434 2217 592 2250 expendunt
609 2217 636 2243 in
660 2217 749 2244 Veteri
766 2218 939 2247 Testamento
952 2221 997 2256 ju-
1015 2234 1037 2262 ο

216 2260 336 2292 bentem.
354 2266 382 2288 ut
397 2262 491 2289 oculus
507 2270 554 2296 pro
566 2264 655 2297 oculo,
682 2269 709 2291 et
738 2265 805 2292 dens
835 2274 884 2300 pro
918 2267 999 2294 dente

215 2306 358 2333 evellatur.
384 2308 472 2342 Atque
502 2308 538 2335 ita
561 2308 643 2344 impie
670 2309 816 2342 irruentes,
846 2312 1001 2347 Quomodo,

215 2352 354 2387 inquiunt,
372 2353 461 2381 bonus
477 2355 512 2382 sit
529 2355 552 2382 is
567 2357 612 2389 qui
628 2356 690 2382 talia
708 2357 849 2392 praecipit?
862 2359 931 2392 Quid
946 2367 996 2388 nos

215 2399 249 2425 ad
266 2399 324 2426 hanc
349 2400 597 2434 respondebimus?
627 2402 773 2429 Maximam
808 2404 835 2430 id
850 2405 910 2432 -Dei
935 2415 999 2442 erga

217 2451 267 2472 nos
282 2444 500 2473 benevolentiam
515 2446 646 2474 indicare.
680 2447 773 2482 Neque
803 2450 875 2476 enim
908 2454 999 2480 sanxit

216 2490 286 2517 hanc
302 2491 398 2526 legem,
417 2496 446 2518 ut
468 2493 546 2519 nobis
562 2494 655 2521 oculos
670 2494 787 2521 vicissim
807 2496 999 2531 et'foderemus,

214 2537 262 2563 sed
285 2538 376 2571 potius
394 2542 423 2564 ut
436 2545 467 2564 ca
489 2538 624 2570 deterriti,
656 2546 690 2566 ne
706 2540 940 2568 eommitteremus
972 2543 1000 2570 in

214 2581 341 2613 alterum.
355 2583 427 2616 quod
450 2583 530 2610 nobis
559 2583 611 2617 ipsi
631 2583 798 2612 timeremus.
819 2587 1000 2618 Quemadmo-

215 2627 279 2654 dum
295 2631 324 2654 ct
341 2627 472 2655 Ninivitis
486 2630 669 2656 comminatus
682 2635 723 2657 est
747 2631 927 2665 eversionem,
944 2641 997 2661 non

214 2678 244 2701 ut
259 2681 308 2702 eos
329 2675 503 2702 exscinderet
529 2681 558 2703 et
583 2676 724 2703 aboleret:
754 2678 896 2704 tacendum
925 2680 996 2708 enim

1233 368 1283 395 Ἐκ
1297 368 1352 402 τῆς
1368 369 1464 404 αὐτῆς
1479 371 1671 405 ἀκολουθίας.

1102 412 1302 449 Ἐρωτήσωμεν
1313 415 1403 442 τοίνυν
1419 417 1481 448 τοὺς
1497 417 1543 443 τὸν
1553 418 1635 452 νόμον
1645 418 1839 453 ἐμϐάλλοντας,

1059 459 1090 485 τὸ
1123 460 1161 494 μὴ
1195 460 1354 495 ὀργίζεσθαι
1384 461 1430 488 τοῦ
1457 463 1494 497 μὴ
1517 462 1643 496 φονεύειν
1669 465 1801 495 ἐναντίον,
1823 465 1838 499 ἢ

1060 504 1162 538 μᾶλλον
1189 506 1295 532 ἐκείνου
1324 507 1465 539 τελείωσις
1495 507 1586 540 τοῦτο,
1606 508 1652 534 καὶ
1666 510 1838 543 κατασκευή;

1060 549 1178 585 Εὔδηλον
1202 551 1244 578 ὅτι
1274 551 1356 579 τοῦτο
1378 553 1485 579 ἐκείνου
1501 554 1653 588 πλήρωσις,
1684 555 1732 580 καὶ
1750 555 1839 588 μεῖξον

1058 597 1156 623 τούτου
1167 598 1271 625 ἕνεκεν.
1299 598 1328 625 '0
1340 601 1400 634 ,γὰρ
1417 600 1486 634 πρὸς
1502 601 1587 635 ὀργὴν
1606 601 1657 628 οὐκ
1689 602 1838 637 ἐκφερόμε-

1059 651 1103 675 νος
1119 644 1210 679 πολλῷ
1240 644 1341 679 μᾶλλον
1369 645 1450 680 φόνου
1484 646 1627 679 ἀφέξεται·
1653 648 1702 674 καὶ
1721 649 1736 674 ὁ
1756 648 1838 682 θυμὸν

1059 687 1174 723 χαλινῶν
1187 689 1278 724 πολλῷ
1294 691 1394 724 μᾶλλον
1409 691 1457 723 τὰς
1469 692 1564 726 χεῖρας
1578 692 1688 726 καθέξει
1701 701 1760 724 πως
1773 693 1838 719 ἑαυ-

1057 734 1116 761 τοῦ.
1137 734 1212 766 Ῥίζα
1241 736 1296 771 γὰρ
1327 735 1373 762 τοῦ
1405 737 1487 770 φόνου
1519 737 1616 772 θυμός.
1634 738 1664 764 ’0
1683 739 1774 764 τοίνυν
1791 739 1838 771 τὴν

1059 780 1137 815 ῥίζαν
1147 779 1290 807 ἐκκόπτων
1310 781 1400 817 πολλῷ
1421 782 1521 816 μᾶλλον
1536 783 1678 819 ἀναιρήσει
1695 785 1758 816 τοὺς
1772 784 1838 811 κλά-

1057 826 1129 858 δους,
1144 827 1284 861 μᾶλλονδὲ
1301 828 1361 854 οὐδὲ
1376 828 1459 862 φῦναι
1488 828 1537 863 τὴν
1554 829 1641 865 ἀρχὴν
1668 830 1754 858 ἐάσει.
1771 831 1839 857 οὑκ-

1040 873 1102 909 χοῦν
1118 874 1171 900 οὐκ
1187 874 1231 900 ἐπ’
1246 875 1386 909 ἀναιρέσει
1400 875 1448 902 τοῦ
1462 875 1558 911 νόμου,
1589 876 1650 902 ἀλλ’
1661 877 1720 907 -ἐπὶ
1735 876 1838 903 πλείονι

1055 920 1142 946 ταῦτα
1158 921 1316 955 ἐνομοθέτει
1346 921 1468 957 φυλακῇ.
1502 922 1536 948 Τί
1553 922 1607 957 γὰρ
1641 922 1805 958 βουλόμενος
1823 925 1838 949 ὁ

1054 965 1135 1000 νόμος
1153 967 1239 993 ταῦτα
1259 967 1411 1001 iniugati;
1432 969 1488 1003 Οὐχ
1504 969 1547 995 ἵνα
1567 969 1662 1004 μηδεὶς
1676 969 1776 1006 φονεύῃ
1793 970 1838 996 τὶιν

1054 1012 1185 1046 πλησίον;
1202 1013 1307 1040 Οὐκοῦν
1324 1014 1371 1040 τοῦ
1400 1015 1557 1050 μαχομένου
1574 1015 1613 1050 τῷ
1638 1016 1713 1051 νόμῳ
1737 1017 1767 1044 τὸ
1787 1025 1834 1043 κε-

1054 1057 1144 1084 λεύειν
1156 1058 1270 1093 φονεῦον
1284 1057 1328 1095 ἦν.
1343 1059 1380 1087 Τὸ
1398 1061 1452 1096 γὰρ
1471 1061 1595 1095 φονεύειν
1610 1062 1744 1089 ἐναντίον.
1765 1063 1796 1089 Εἰ
1809 1063 1837 1089 δὲ

1056 1103 1093 1138 μὴ
1107 1104 1266 1138 ὀργίζεσθαι
1283 1106 1440 1141 ἐπιτρέπει,
1472 1107 1541 1142 ὅπερ
1563 1108 1577 1133 ὁ
1604 1107 1685 1141 νόμος
1698 1107 1834 1140 ἐϐούλετο,

1053 1149 1135 1176 τοῦτο
1168 1151 1269 1185 μᾶλλον
1299 1152 1420 1187 ἵστησιν.
1436 1153 1474 1179 Οὐ
1490 1153 1543 1188 γὰρ
1567 1153 1668 1188 ὁμοίως
1699 1153 1833 1188 ἀφέξεται

1054 1197 1134 1230 φόνου
1166 1198 1180 1223 ὁ
1212 1197 1332 1232 μελετῶν
1349 1199 1386 1234 μὴ
1402 1199 1528 1233 φονεύειν
1563 1199 1600 1234 τῷ
1616 1201 1664 1226 καὶ
1677 1199 1728 1235 τὴν
1752 1201 1837 1236 ὀργὴν

1053 1243 1213 1278 ἀνῃρηκότι.
1230 1245 1402 1280 [Ιορρωτέρω
1422 1246 1476 1280 γὰρ
1492 1243 1570 1277 οὗτος
1585 1246 1685 1280 ἕστηκε
1698 1246 1747 1273 τοῦ
1766 1248 1826 1273 τολ-

1054 1289 1191 1323 μήματος.
1207 1289 1266 1315 ’Ὶνα
1292 1289 1320 1315 δὲ
1339 1291 1386 1316 καὶ
1401 1289 1503 1325 ἑτέρως
1526 1290 1625 1322 αὐτοὺς
1657 1291 1774 1325 ἕλωμεν,
1794 1293 1832 1322 εἰς

1054 1335 1136 1368 μέσον
1153 1334 1171 1361 ἃ
1184 1335 1310 1368 λέγουσιν
1320 1336 1473 1370 ἀγάγωμεν
1486 1336 1607 1364 ἅπαντα.
1619 1337 1685 1364 Τίνα
1702 1335 1749 1363 οὖν
1760 1338 1835 1363 ἐστιν

1053 1379 1071 1406 ὅ.
1087 1388 1166 1413 φασιν
1178 1388 1186 1412 ;
1200 1381 1240 1407 ὅτι
1252 1382 1265 1406 ὁ
1276 1380 1322 1406 τὸν
1333 1382 1434 1415 κόσμον
1450 1384 1566 1416 ποιήσαις
1583 1382 1659 1415 Θεὸς,
1675 1383 1688 1408 ὁ
1701 1383 1746 1408 τὸν
1757 1383 1835 1417 ἣλιον

1051 1426 1206 1452 ἀνατέλλων
1226 1428 1271 1452 ἐπὶ
1289 1428 1427 1462 πονηροὺς
1463 1429 1510 1454 καὶ
1527 1429 1658 1461 ἀγαθοὺς,
1689 1429 1704 1455 ὁ
1728 1428 1834 1464 βρέχων

1052 1473 1098 1498 ἐπὶ
1118 1474 1240 1504 δικαίους
1256 1474 1304 1500 καὶ
1321 1474 1434 1505 ἀδίκους
1460 1475 1577 1510 πονηρός
1594 1476 1636 1507 τίς
1652 1476 1736 1503 ἐστιν.
1755 1476 1786 1502 Οί
1805 1476 1834 1502 δὲ

1054 1519 1254 1554 ἐπιεικέστεροι
1271 1520 1353 1554 δῆθεν
1380 1521 1470 1548 αὐτῶν
1499 1521 1581 1548 τοῦτο
1618 1523 1834 1556 παραιτοῦνται.

1052 1566 1163 1592 Δίκαιον
1181 1567 1209 1593 δὲ
1225 1567 1308 1592 αὑτὸν
1336 1566 1408 1594 εἷναι
1423 1567 1549 1601 λέγοντες
1578 1568 1765 1604 ἀποστεροῦσι
1785 1569 1834 1595 τοῦ

1053 1610 1122 1638 εἶναι
1137 1612 1250 1646 ἀγαθόν.
1270 1612 1387 1647 Ἕτερον
1400 1613 1428 1639 δὲ
1443 1614 1488 1640 τὸν
1503 1614 1554 1640 οὐκ
1570 1613 1645 1644 ὄντα,
1660 1614 1721 1641 οὕτε
1751 1616 1831 1649 ποιή-

1053 1658 1139 1684 σαντά
1151 1666 1176 1683 τι
1187 1657 1241 1683 τῶν
1258 1658 1344 1684 ὅντων
1358 1659 1466 1694 πατέρα
1476 1659 1579 1685 διδόασι
1594 1659 1632 1694 τῷ
1648 1660 1766 1694 Χριστῷ.
1779 1662 1835 1687 Καὶ

1052 1703 1098 1729 τὸν
1113 1704 1162 1738 μὲν
1175 1704 1225 1730 οὐκ
1239 1704 1342 1738 ἀγαθὸν
1370 1703 1399 1731 ἐν
1430 1706 1486 1736 τοῖς
1515 1705 1599 1731 αὑτοῦ
1617 1705 1720 1740 μένειν,
1741 1706 1788 1732 καὶ
1802 1707 1837 1733 τὰ

1052 1750 1134 1776 αὐτοῦ
1146 1751 1285 1785 διατηρεῖν
1300 1759 1381 1784 φασι·
1409 1749 1454 1778 τὸν
1468 1751 1495 1777 δὲ
1508 1751 1607 1785 ἀγαθὸν
1623 1751 1677 1777 τῶν
1685 1752 1837 1787 ἀλλοτρίων

1053 1797 1190 1831 ἐφίεσθαι,
1222 1797 1270 1823 καὶ
1299 1793 1337 1823 ὦν
1361 1797 1412 1823 οὐκ
1431 1798 1542 1831 ἐγένετο
1561 1797 1739 1833 δημιουργός.
1756 1797 1836 1830 Εἶδες

1053 1843 1100 1868 τοῦ
1113 1843 1237 1869 διαϐόλου
1266 1843 1301 1869 τὰ
1315 1843 1410 1872 τέκνα.
1440 1843 1499 1874 πῶς
1532 1843 1587 1870 ἀπὸ
1602 1844 1652 1878 τῆς
1673 1843 1769 1878 πηγῆς
1789 1845 1838 1872 τοῦ

1054 1887 1159 1922 πατρὸς
1191 1887 1356 1922 φθέγγονται
1385 1887 1591 1923 ἁλλοτριοῦντες
1622 1888 1669 1915 τοῦ
1685 1889 1754 1915 Θεοῦ
1785 1891 1838 1925 τὴν

1052 1934 1252 1969 δημιουργίαν;
1265 1934 1312 1960 τοῦ
1330 1935 1454 1962 Ἰωάννου
1472 1935 1588 1969 βοῶντος
1599 1936 1640 1962 ὅτι
1655 1936 1709 1969 Εἰς
1724 1937 1761 1963 τὰ
1775 1936 1840 1964 ἴδια

1052 1978 1138 2015 ἦλθε.
1154 1981 1202 2007 καὶ
1223 1981 1254 2007 'O
1269 1981 1382 2015 κόσμος
1397 1981 1434 2008 δι’
1453 1982 1547 2009 αὑτοῦ
1561 1982 1690 2017 ἐγένετο.
1709 1980 1778 2009 Εἶτα
1794 1985 1840 2010 τιν

1053 2026 1135 2060 νόμον
1152 2026 1324 2059 ἐξετάζοντες
1337 2028 1382 2054 τὸν
1397 2028 1426 2054 ἐν
1440 2027 1473 2061 τῇ
1494 2028 1611 2064 Παλαιᾷ,
1626 2028 1672 2055 τὸν
1689 2029 1841 2057 κελεύοντα

1053 2073 1195 2108 ὀφθαλμὸν
1210 2074 1271 2100 ἀντὶ
1288 2074 1441 2108 ὀφθαλμοῦ,
1460 2077 1508 2102 καὶ
1527 2075 1626 2101 ὀδόντα
1650 2076 1711 2102 ἀντὶ
1729 2075 1840 2106 ὀδόντος

1053 2120 1211 2152 ἐκϐάλλειν,
1228 2120 1441 2155 ἐπεμϐαίνουσιν
1449 2121 1535 2153 ἀθέως
1547 2122 1671 2155 λέγοντες
1683 2130 1690 2138 ·
1705 2122 1762 2149 Καὶ
1781 2123 1840 2154 πῶς

1054 2166 1087 2192 ἂν
1105 2166 1214 2192 δύναιτο
1237 2167 1340 2200 ἀγαθὸς
1359 2164 1430 2193 εἶναι
1461 2168 1475 2193 ο
1499 2167 1586 2194 ταῦτα
1614 2168 1718 2202 λέγων;
1739 2168 1772 2195 Τί
1791 2169 1839 2195 οὖν

1053 2213 1121 2248 πρὸς
1135 2212 1223 2240 ταῦτά
1236 2222 1345 2248 φαμεν;
1363 2213 1424 2240 ’Ὁτι
1439 2214 1568 2249 μέγιστον
1595 2213 1663 2245 allio;
1677 2215 1840 2249 φιλανθρω-

1052 2259 1117 2290 πίας
1131 2260 1217 2288 ἐστίν.
1245 2260 1282 2285 Οὐ
1311 2262 1365 2294 γὰρ
1395 2260 1437 2286 ῐνα
1453 2261 1516 2291 τοὺς
1531 2260 1656 2295 ἀλλήλων
1687 2261 1839 2296 κόπτωμεν

1051 2303 1210 2339 ὀφθαλμοὺς
1219 2304 1329 2330 τέθεικε
1344 2304 1389 2331 τὸν
1405 2305 1488 2339 νόμον
1505 2305 1613 2337 τοῦτον,
1629 2305 1685 2332 ἀλλ’
1700 2306 1744 2333 ἵνα
1762 2307 1842 2341 φόϐῳ

1057 2349 1104 2376 τοῦ
1123 2350 1160 2385 μὴ
1175 2350 1272 2376 παθεῖν
1284 2350 1328 2384 ὑφ’
1341 2351 1442 2386 ἐτέρων
1458 2350 1625 2385 ἀπεχώμεθα
1639 2351 1686 2378 τοῦ
1700 2352 1804 2386 δρᾶσαί
1816 2361 1843 2378 τι

1051 2397 1172 2423 τοιοῦτον
1188 2397 1319 2432 ἑταίροις.
1334 2398 1439 2431 ’Ὠσπερ
1454 2396 1501 2424 οὖν
1511 2399 1567 2429 τοῐς
1583 2398 1739 2430 Νινευῖταις
1757 2399 1841 2433 ἠπεί-

1053 2443 1118 2477 λησε
1130 2444 1334 2478 καταστροφὴν,
1367 2444 1416 2478 οὐχ
1446 2444 1489 2470 ἵνα
1509 2444 1609 2475 αὐτοὺς
1633 2444 1715 2479 ἀνέλῃ
1727 2445 1767 2479 (εἰ
1783 2446 1842 2480 γὰρ

1054 2488 1135 2514 τοῦτο
1152 2488 1289 2519 ἐϐούλετο,
1326 2490 1407 2524 σιγᾷν
1441 2490 1548 2525 ἐχρῆν),
1566 2490 1623 2516 ἀλλ’
1642 2491 1686 2517 ἵνα
1707 2491 1749 2525 τῷ
1762 2492 1843 2526 φόϐῳ

1054 2534 1175 2569 βελτίους
1187 2536 1304 2569 ποιήσας
1326 2536 1419 2570 παύσῃ
1434 2536 1483 2571 τὴν
1502 2537 1587 2571 ὀργήν
1605 2544 1612 2552 ·
1629 2537 1701 2563 οὕτω
1716 2540 1765 2564 καὶ
1783 2540 1842 2568 τοῖς

1054 2582 1211 2617 προχείρως
1238 2584 1392 2616 ἐπιπηδῶσι
1415 2585 1471 2614 τοῖς
1497 2584 1598 2618 ἐτέρων
1627 2583 1781 2618 ὀφθαλμοῖς
1798 2593 1842 2610 τι·

1054 2630 1161 2665 μωρίαν
1179 2630 1291 2664 ἔθηκεν,
1308 2631 1361 2661 ἵνα,
1380 2631 1432 2657 κᾶν
1447 2631 1501 2658 ἀπὸ
1519 2632 1708 2666 προαιρέσεως
1723 2631 1842 2665 ἀγαθῆς

1059 2679 1097 2714 μὴ
1110 2679 1272 2712 βούλωνται,
1289 2678 1448 2712 ἀπέχωνται
1460 2678 1510 2711 τῆς
1526 2677 1679 2712 ὠμότητος.

213 2722 310 2754 fuerat,
326 2722 349 2750 si
361 2722 387 2750 id
402 2723 513 2750 omnino
527 2723 634 2750 edicere
656 2723 832 2755 decrevisset,
858 2725 906 2752 sed
933 2732 962 2754 ut
989 2735 1037 2756 eos
1071 2736 1158 2763 poena:
1189 2727 1335 2754 formidine
1361 2726 1487 2753 meliores
1524 2725 1660 2756 redderet.
1689 2730 1777 2759 atque
1804 2726 1841 2752 ita

213 2768 294 2802 iram,
307 2777 360 2804 qua
378 2769 405 2796 in
432 2777 481 2796 eos
505 2775 637 2797 accensus
653 2773 721 2802 erat,
736 2769 932 2805 exstingueret.
961 2775 1006 2802 Sic
1024 2780 1051 2803 et
1078 2775 1121 2808 iis,
1148 2774 1195 2810 qui
1219 2778 1341 2809 prompte
1368 2773 1402 2800 ad
1435 2772 1570 2799 eruendas
1598 2771 1714 2799 aliorum
1742 2773 1841 2799 oeulos

250 2828 259 2845 ⁸
275 2827 354 2856 Joan.
373 2836 391 2861 ι,
408 2828 450 2861 10,
468 2827 510 2855 ll.
