1912 3078
72 134 124 166 329

561 136 749 167 PANOPLIA
768 135 997 166 DOGMATICA.
1014 148 1048 152 —
1067 136 1140 166 TlT.
1159 137 1195 166 Χ.

1638 142 1691 172 340

39 204 43 208 ι
73 192 264 224 ιδωσύπστοι,
281 192 327 220 καὶ
343 193 371 220 ὲν
385 192 510 229 ἀλλήλοις
525 194 707 230 θεωρούμενοι
719 194 789 220 κατὰ
807 193 855 228 τὴν

913 192 1033 227 ]uitldam
1044 201 1158 220 numero
1170 198 1233 221 sunt
1262 194 1339 221 Pater
1357 200 1384 221 et
1409 195 1503 229 Filius,
1517 197 1564 225 sed
1588 198 1615 225 in
1641 207 1691 226 sua

58 239 62 277 ξ
76 237 222 270 mordente.
235 238 284 273 τῆς
300 239 405 272 οὐσίας,
421 239 446 265 εἰ
460 239 507 265 καὶ
522 237 563 271 εἷς
579 239 606 272 ἐξ
622 239 690 270 ἑνὸς,
709 238 810 274 δηλαδὴ
826 239 856 264 ἐκ

59 282 180 317 ἷΠατρὸς
193 282 207 308 6
220 282 292 313 Υἱός.

59 370 61 395 ἶ
113 371 187 406 Ἐγὼ
203 372 251 398 καὶ
266 373 282 398 ὁ
297 372 397 406 Πατὴρ
411 373 446 400 ἓν
461 373 564 407 ἐσμεν,
580 373 699 406 ἓψισκεν
718 372 732 398 6
749 373 854 408 Σωτὴρ,

71 418 110 449 ὠς
124 419 202 449 εἰδὼς
214 418 336 454 δηλονότι
351 420 399 445 καὶ
412 419 508 446 ἑαυτὸν
525 420 597 451 ἰδίως
613 419 796 453 ὑφεστηκότα,
809 421 856 446 καὶ

71 464 116 490 τὸν
135 464 255 499 Πατέρα.
272 464 302 490 Et
316 465 344 491 δὲ
364 465 401 500 μὴ
419 465 505 496 οὕτως
518 464 575 499 ἔχει
595 465 642 491 τοῦ
661 465 854 499 πράγματοςὴ

71 511 198 544 ἀλήθεια,
213 510 239 536 τί
254 509 291 544 μὴ
302 511 424 545 τηρήσας
436 512 468 545 τῇ
485 511 559 537 ὲνάδι
571 510 601 537 τὸ
615 511 715 545 τρέπον
726 510 854 544 ἔφασκεν,

78 555 154 589 Ἐγὼ
164 556 239 582 καλό
255 556 356 589 Πατὴρ
368 555 403 582 ἓν
417 557 490 590 εἰμι;
508 556 615 591 Ἐπειδὴ
632 556 660 582 δὲ
677 557 716 588 εἰς
735 556 855 591 πληθυν-

71 601 149 628 τικὸν
174 601 290 637 ἀριθμὸν
309 603 339 628 τὸ
358 602 554 637 σημαινόμενον
575 602 697 635 ἐξαπλοῖ,
717 602 796 636 δῆλος
823 603 856 628 ἆν

71 647 115 681 εἴη
146 646 239 673 λοιπὶν
263 646 312 678 τὴν
336 647 390 674 τῶν
415 647 576 682 ἑτεροδόξων
602 648 764 682 ἀνατρέπων
788 647 856 674 ὑπό-

70 701 159 721 νοιιιν,

112 739 163 764 ‘Ex
187 738 237 772 τῆς
259 738 353 770 οὐσίας
369 739 432 766 ὄντα
457 737 507 774 τῆς
525 739 572 765 τοῦ
595 739 663 766 Θεοῦ
687 741 733 768 καὶ
751 741 856 775 Ila-cpi;

71 779 251 811 ἐπιδεικνύὼν
270 784 368 811 ἑαυτὸν
386 785 399 810 6
419 784 481 814 Υίός
501 785 567 819 φησί
585 793 636 811 που
657 785 735 811 πάλιν
754 793 760 800 ⁸
784 785 857 820 Ἐγὼ

69 831 103 856 ἐκ
123 830 178 856 τοῦ
200 830 312 864 Πατρός
332 830 474 864 ἐξῆλθον,
494 832 544 858 καὶ
564 832 637 865 ήκω.
661 830 722 862 Πῶς
742 829 787 858 οὖν
808 832 856 866 οὐχ

70 877 166 911 ἕτερος
191 877 267 904 ἔσται
292 877 357 911 παρ’
383 877 475 909 αὐτὸν,
501 877 539 909 ὡς
563 879 591 904 ὲν
620 876 780 909 ὑποστάσει,
809 877 857 903 καὶ

71 922 196 957 ἀριθμῷ,
214 923 312 952 παντὸς
327 923 401 958 ἡμᾶς
416 923 607 954 ἀναπείθοντος
625 923 705 956 λόγου
722 923 752 948 τὸ
767 922 798 948 ἐκ
815 931 856 960 τιτ

70 976 113 996 νος
132 966 264 1001 προελθὸν
278 966 372 1001 ἓτερον
389 965 459 992 εἶναι
477 965 541 1001 παρ’
555 967 644 993 ἐκεῖνο
661 967 741 997 νοεῖν,
760 965 807 1001 ἀφ’
826 962 857 993 οὗ

69 1012 101 1045 δὴ
114 1012 162 1038 καὶ
171 1012 371 1047 προελήλυθεν;
386 1011 491 1040 Οὐκοῦν
505 1012 607 1048 ἀληθὴς
618 1012 744 1046 maluo;
758 1013 814 1044 τοίς
823 1012 857 1039 δι’

69 1057 198 1088 ὲναντίας
217 1059 230 1084 6
247 1058 345 1092 λόγοςη

112 1103 159 1135 Ἐξ
175 1103 259 1139 ὀργῆς
274 1103 470 1139 ἐμπεπρῆσθαι
485 1103 552 1129 Θεοῦ
570 1102 619 1134 τὰς
636 1103 690 1130 τῶν
705 1102 857 1137 Σοδομιτῶν

68 1150 164 1180 πόλεις
184 1150 201 1183 ἡ
223 1149 282 1175 θεία
304 1149 379 1183 λέγει
398 1149 504 1184 Γραφή.
529 1148 714 1183 Ἐξηγουμένη
737 1149 766 1175 δὲ
784 1149 857 1180 ὅπως

69 1196 164 1226 αὐτοῖς
185 1196 198 1221 6
216 1194 288 1226 θεῖος
304 1195 484 1230 ὲπενήνεκται
503 1195 604 1229 θυμὸς,
625 1195 673 1221 καὶ
693 1195 737 1220 τὸν
757 1195 856 1229 τρόπον

67 1240 118 1275 τῆς
135 1239 278 1271 ἀπωλείας
291 1239 486 1266 ἐκδιδάσκουσι
501 1240 605 1274 σαφῶς,
625 1239 759 1274 Ἐϐρεξε,
778 1240 855 1274 φησὶ,

67 1286 179 1320 Κύριος
199 1285 258 1320 πῦρ
275 1286 355 1320 παρὰ
373 1287 485 1320 Κυρίου
503 1287 553 1313 ἐπὶ
572 1286 699 1321 Σόδομα,
720 1286 794 1320 πῦρ,
807 1286 857 1314 καί

67 1333 162 1361 θεῖον,
185 1333 262 1359 Ἐπεὶ
275 1332 324 1360 καὶ
339 1332 408 1366 αὕτη
425 1333 481 1364 τοῖς
497 1333 589 1359 ὲκεῐνα
606 1332 777 1368 πλημμελεῖν
792 1333 855 1358 εἰω-

68 1378 146 1405 θόσιν
159 1380 176 1414 ἡ
192 1380 269 1414 μερὶς
284 1378 332 1405 τοῦ
342 1379 471 1413 ποτηρίου
485 1378 708 1414 πρεπωδεστάτη.
722 1379 800 1409 Ποῖος
810 1376 856 1405 οὖν

68 1425 125 1460 ἄρα
145 1425 244 1459 Κύριος
256 1425 331 1460 παρὰ
344 1424 420 1451 ποίου
436 1424 538 1460 Κυρίου
551 1425 581 1450 τὸ
594 1423 650 1459 πῦρ
660 1424 796 1458 ἐπαφῆκε,
809 1423 856 1450 καὶ

66 1472 118 1502 τὰς
138 1470 195 1497 τῶν
219 1471 371 1505 Σοδομιτῶν
393 1470 540 1504 κατέφλεξε
565 1469 673 1502 πόλει;;
708 1469 776 1495 Ἀλλ’
798 1469 855 1495 ἔστι

65 1516 150 1550 δῆλον
166 1516 203 1547 ὡς
217 1516 230 1541 6
247 1516 341 1550 Πατὴρ
354 1515 441 1542 πάντα
452 1515 484 1541 δι’
501 1515 569 1546 Υίοῡ¹
583 1515 712 1550 ἐνεργῶν,
730 1515 791 1541 ἐπεὶ
809 1515 855 1541 καὶ

66 1562 185 1596 δύναμις
197 1561 280 1588 αὐτοῦ
296 1562 342 1588 καὶ
371 1561 490 1596 βραχίων
505 1561 588 1592 ἐστὶν,
604 1561 684 1587 αὑτὸν
700 1561 856 1595 Σοδομίταις

67 1608 129 1634 ὕειν
141 1607 229 1633 ὲποίει
239 1608 269 1633 τὸ
280 1607 345 1641 πῦρ.
363 1607 428 1632 Ὅτε
442 1606 531 1632 τοίνυν
546 1606 648 1642 Κύριος
662 1609 738 1642 παρὰ
753 1607 856 1642 Κυρίου

65 1655 101 1680 τὸ
114 1653 170 1689 πῦρ
184 1653 298 1684 ἐκείνοις
317 1652 421 1687 ἐφίησι,
437 1652 495 1683 πῶς
511 1652 559 1687 οὐχ
572 1652 678 1687 ἔτερος,
695 1653 757 1679 ὅσον
772 1654 812 1684 είς
827 1653 857 1679 τὸ

67 1699 145 1730 ἰδίως
159 1699 302 1734 ὑπᾶρχειν,
318 1699 393 1733 παρὰ
404 1698 449 1725 τὸν
465 1698 526 1724 Υίὸν
541 1699 554 1724 6
571 1698 675 1733 Πατὴρ,
694 1699 741 1724 καὶ
758 1697 792 1724 αὖ
807 1699 858 1725 πά-

65 1746 111 1771 λιν
127 1745 142 1771 6
160 1744 221 1776 Υἱὸς
239 1745 314 1779 παρᾶ
332 1744 379 1770 τὸν
393 1743 500 1779 Πατέρα
513 1752 520 1776 ;
533 1744 569 1771 Τὸ
585 1745 639 1780 γὰρ
654 1744 683 1770 ἓν
703 1745 740 1776 ὡς
756 1745 785 1776 ἐξ
799 1745 857 1776 ἐνὸς

66 1794 98 1818 ἐν
118 1791 207 1825 τούτῳ
227 1791 400 1825 σημαίνεται.

113 1837 350 1869 Ἐξαπόστειλον
364 1837 397 1863 τὸ
415 1836 478 1871 φῶς
493 1844 562 1870 σου,
579 1837 628 1864 καὶ
644 1836 702 1870 τὴν
712 1835 858 1869 ἀλήθειάν

65 1891 140 1910 σου.
163 1883 243 1908 Ποῖον
273 1881 318 1908 οὖν
337 1882 391 1917 ἄρα
411 1883 470 1908 ἐστὶ
490 1882 565 1916 φῶς;
584 1882 650 1909 Ποία
669 1882 697 1909 δὲ
713 1883 729 1917 ή
744 1882 858 1917 atque”

66 1928 172 1961 αὐτοῦ;
188 1927 321 1961 Λέγοντος
330 1928 411 1955 ἄκουε
424 1928 470 1954 τοῦ
483 1928 548 1954 Υίοῢ
559 1936 566 1944 ·
589 1927 661 1963 Ἐγώ
671 1929 727 1962 εἰμι
737 1928 770 1954 τὸ
785 1927 856 1962 φῶς,

68 1976 132 2008 ναὶ,
148 1974 223 2009 Ἐγὼ
231 1964 288 2009 εἰμί
298 1974 316 2008 ἡ
325 1974 460 2008 ἀλήθεια.
470 1974 502 2000 Et
514 1974 542 2000 δὲ
555 1975 695 2009 πέμπεται
711 1975 776 2009 πρὸς
785 1974 859 2008 ἡμᾶς

67 2021 102 2047 τὸ
113 2021 172 2054 φῶς
187 2021 234 2047 καὶ
251 2021 268 2055 ἡ
282 2020 396 2055 ἀλήθεια
409 2020 456 2046 τοῦ
474 2020 592 2055 Πατρὶς,
603 2019 742 2047 τουτέστιν
755 2019 769 2045 ὁ
782 2019 855 2052 Υἱὸς,

69 2065 132 2097 πῶς
149 2066 200 2101 οὐχ
216 2065 310 2101 ἕτερός
325 2066 384 2092 ἐστι
403 2066 468 2100 παρ’
484 2065 581 2098 αὐτὸν,
603 2066 664 2092 ὅσον
682 2066 721 2096 είς
741 2066 770 2091 τὸ
787 2065 858 2096 ἰδίως

70 2112 218 2147 ὑπάρχειν,
232 2111 257 2137 εί
273 2112 317 2138 καὶ
328 2111 357 2138 ἓν
370 2112 443 2137 ἔστιν
452 2111 489 2142 ὡς
501 2111 567 2146 πρὺ;
579 2111 672 2143 αὐτὸν,
684 2112 745 2138 ὅσον
758 2112 798 2143 είς
809 2111 858 2146 τὴν

67 2158 122 2192 τῆς
135 2157 230 2188 οὐσίας
244 2158 413 2190 ταυτότητας
428 2157 459 2183 El
474 2157 529 2190 γὰρ
544 2157 582 2192 μὴ
595 2156 681 2188 οὕτως
700 2156 772 2192 ἔχειν
787 2156 858 2183 οῖον-

908 243 1023 272 uterque
1051 238 1174 266 consistit
1201 246 1326 274 persona,
1359 244 1386 267 ct
1415 242 1539 276 quamvis
1564 251 1635 271 unus
1657 245 1692 271 ab

909 291 963 310 uno
978 285 1024 316 sit,
1040 291 1138 319 nempe
1153 285 1239 312 Filius
1255 293 1269 312 a
1285 285 1375 320 Patre,
1396 295 1476 315 unam
1493 292 1581 315 tamen
1597 297 1691 318 esseu-

908 331 971 356 tiam
982 334 1009 357 et
1017 335 1140 358 naturam
1152 331 1262 358 habent.

945 374 1000 409 Ego
1016 379 1040 401 et
1053 374 1135 402 Pater
1149 375 1247 410 (inquit
1265 375 1402 411 Servatur)
1430 385 1510 404 unum
1525 386 1627 412 sumus,
1641 380 1649 395 ¹
1663 384 1693 406 ut

908 420 953 453 qui
968 420 1061 452 sciret,
1079 425 1106 447 et
1120 428 1148 448 se
1162 426 1189 448 et
1214 421 1321 448 Patrem
1346 422 1453 457 propria
1467 427 1611 459 utrumque
1632 433 1693 460 per-

908 471 974 490 sona
986 465 1145 492 subsistere.
1158 464 1225 492 Nam
1235 465 1287 493 nisi
1303 475 1346 494 res
1359 466 1395 494 ita
1409 475 1474 494 vero
1490 475 1519 494 se
1530 468 1623 500 habet,
1644 477 1693 496 cur

908 516 963 536 non
979 510 1097 536 servavit
1112 510 1222 538 unitatis
1241 511 1380 544 decorum,
1407 512 1475 548 Ego,
1503 512 1640 548 inquiens,
1667 519 1692 541 et

909 555 1081 582 Paterunum
1098 565 1166 584 sum.
1196 556 1315 584 Numero
1345 557 1427 593 igitur
1463 565 1543 586 utens
1569 559 1691 594 pluribus

909 601 1081 636 congruenti,
1098 610 1192 630 eorum
1209 602 1343 637 quialiter
1357 603 1481 631 sentiunt
1502 604 1603 632 evertit
1633 605 1694 632 oni-

909 655 1028 674 monvm.

943 737 1067 771 Scipsum
1085 745 1145 764 esse
1159 745 1190 764 cx
1206 737 1252 764 Dei
1278 742 1306 765 et
1323 737 1410 766 Patris
1422 739 1539 766 essentia
1552 739 1693 768 declarans

908 782 1005 815 Filius,
1023 783 1087 818 Ego,
1098 783 1195 818 inquit,
1210 792 1226 810 rt
1252 783 1330 811 Patre
1355 786 1423 811 exivi
1441 786 1461 811 '.
1477 785 1617 818 Quomodo
1642 787 1692 822 igi-

909 833 954 856 tur
971 837 1024 856 non
1038 830 1105 856 alter
1121 829 1154 856 ul)
1172 829 1216 856 illo
1232 830 1284 857 erit
1298 837 1413 865 persona
1431 831 1576 864 duntaxat,
1590 837 1617 859 et
1640 841 1692 859 nu-

910 883 995 906 mero,
1012 882 1073 902 cum
1088 875 1178 902 omnis
1196 883 1247 902 nns
1263 876 1332 902 ratio
1349 876 1455 909 doceat,
1470 877 1495 903 id
1511 877 1582 911 quod
1597 885 1630 904 ex
1643 877 1692 904 alio

909 929 963 954 quo
976 921 1159 956 proﬁciscitur
1179 921 1212 948 ab
1226 929 1259 948 eo
1271 922 1411 949 diversum
1427 923 1546 958 cogitare
1559 923 1571 950 τ
1601 924 1692 956 Quare

909 972 1026 1001 constat,
1044 968 1122 995 aliter
1149 969 1326 996 sentientium
1337 969 1491 1004 opinionem
1510 977 1569 997 esse
1584 969 1690 997 falsam.

944 1102 981 1128 Ex
994 1102 1032 1129 ira
1051 1102 1097 1129 Dei
1117 1102 1320 1130 Sodomitarum
1338 1103 1462 1132 civitates
1485 1104 1570 1133 fuisse
1598 1105 1693 1133 incen-

908 1154 954 1174 sas
969 1152 1051 1182 atque
1075 1149 1230 1176 combustas
1244 1154 1358 1177 testatur
1366 1150 1456 1177 divina
1472 1150 1692 1186 Scriptura,qu.c

908 1199 1002 1228 aperte
1013 1194 1166 1226 declarans,
1182 1196 1318 1230 quomodo
1331 1196 1402 1223 Deus
1419 1196 1472 1223 illis
1494 1198 1691 1231 succensueril,

908 1241 935 1265 et
950 1239 1086 1274 quomodo
1100 1247 1202 1267 eversa:
1217 1240 1367 1275 deletaeque
1395 1240 1497 1268 fuerint
1514 1263 1521 1275 ,
1537 1242 1620 1274 Pluit,
1650 1243 1688 1270 int

908 1283 977 1317 quit,
1010 1283 1139 1310 Dominus
1150 1293 1166 1311 a
1180 1284 1291 1312 Domino
1303 1293 1382 1319 super
1406 1285 1548 1313 Sadamam
1561 1288 1645 1322 ignem
1667 1294 1692 1315 et

908 1329 1018 1362 sulphur
1035 1328 1055 1356 ³.
1074 1328 1131 1356 Hoc
1143 1330 1215 1357 enim
1224 1331 1375 1365 punitionis
1389 1339 1474 1366 genus
1485 1331 1624 1367 ﬂagitiosis
1641 1333 1692 1360 illis

915 1374 1231 1410 maxime'congruebat.
1259 1376 1326 1409 Quis
1350 1384 1414 1412 ergo
1443 1377 1574 1405 Dominus
1595 1386 1610 1405 a
1638 1387 1693 1414 quo

909 1419 1023 1446 Domino
1041 1421 1129 1455 ignem
1144 1421 1262 1454 demisit,
1280 1427 1307 1449 et
1322 1421 1524 1450 Sodomitarum
1533 1424 1615 1452 urbes
1629 1425 1694 1453 abo-

909 1466 993 1493 levit?
1004 1465 1083 1494 Pater
1096 1467 1225 1494 nimirum
1243 1468 1334 1495 omnia
1351 1476 1399 1503 per
1412 1467 1510 1496 Filium
1525 1477 1618 1504 agens,
1645 1471 1692 1505 qui

910 1513 997 1540 virtus
1015 1518 1056 1540 est
1089 1519 1115 1540 et
1133 1514 1274 1541 brachium
1291 1515 1387 1549 ipsius,
1403 1514 1467 1543 fecit
1490 1521 1519 1543 ut
1546 1516 1636 1551 ignem
1664 1517 1692 1544 in

910 1557 1065 1585 Sodomitas
1081 1559 1195 1593 plueret.
1212 1559 1394 1592 Quamobrem
1409 1561 1455 1596 qui
1478 1561 1535 1588 ﬁcri
1548 1566 1647 1596 potest,
1665 1567 1693 1590 ut

907 1611 969 1631 cum
987 1603 1117 1631 Dominus
1132 1613 1146 1631 a
1168 1605 1280 1632 Domino
1296 1606 1384 1642 ignem
1413 1606 1440 1634 in
1467 1614 1514 1634 eos
1532 1609 1690 1643 conjecerit,

907 1657 963 1676 non
976 1650 1010 1676 sit
1024 1651 1171 1678 distinctus
1184 1656 1213 1678 et
1227 1659 1244 1678 a
1259 1651 1328 1678 Filio
1341 1650 1431 1685 Pater,
1446 1657 1476 1679 ut
1493 1655 1598 1688 propria
1619 1657 1692 1681 exsi-

909 1701 986 1722 stens
1003 1703 1131 1730 persona,
1150 1701 1178 1723 et
1189 1705 1295 1724 rursum
1311 1705 1326 1724 a
1340 1697 1420 1725 Patre
1436 1698 1539 1725 Filius?
1555 1698 1603 1727 Hic
1615 1696 1692 1727 'enim

909 1748 992 1768 unum
1009 1741 1042 1768 ab
1055 1750 1109 1769 uno
1125 1742 1301 1777 signiﬁcatur.

944 1834 1041 1862 Emitte
1052 1834 1136 1860 lucem
1149 1838 1222 1861 tuam
1233 1839 1257 1861 et
1279 1839 1416 1862 veritatem
1433 1840 1506 1863 tuam
1527 1839 1546 1863 ⁵.
1564 1837 1692 1870 Qua-nam

909 1881 982 1909 illius
997 1884 1038 1907 est
1053 1880 1109 1912 lux,
1120 1884 1148 1907 et
1178 1881 1297 1908 veritas?
1311 1881 1383 1908 Audi
1406 1881 1517 1913 Filium.
1544 1883 1601 1918 qui,
1617 1883 1673 1919 Ego
1685 1903 1693 1916 ,

909 1925 1007 1960 inquit,
1031 1933 1090 1952 sum
1109 1925 1165 1957 lux,
1183 1933 1229 1960 ego
1248 1934 1307 1953 sum
1321 1927 1428 1954 veritas.
1442 1927 1535 1962 Itaque
1548 1929 1571 1956 si
1604 1928 1648 1956 lux
1667 1935 1695 1957 et

909 1972 1008 1999 veritas
1022 1971 1119 2003 Patris,
1133 1979 1232 2005 nempe
1251 1971 1347 2006 Filius,
1362 1973 1397 2000 ad
1410 1981 1460 2000 nos
1471 1974 1599 2007 mittitur,
1627 1983 1695 2009 quo-

909 2017 989 2045 modo
1000 2025 1055 2044 non
1077 2021 1119 2044 est
1132 2017 1166 2044 ab
1182 2017 1228 2044 illo
1244 2017 1402 2051 distinctus,
1417 2024 1555 2054 quatenus
1580 2021 1692 2055 propria

909 2063 1032 2090 subsistit
1045 2070 1175 2098 persona,
1188 2063 1252 2091 licet
1268 2072 1329 2091 cum
1343 2064 1390 2091 illo
1403 2072 1487 2092 unum
1500 2066 1546 2098 sit,
1561 2071 1693 2100 quantum

911 2109 944 2136 ad
961 2116 1041 2136 unam
1070 2113 1098 2136 et
1121 2110 1244 2136 eamdem
1275 2110 1423 2138 essentiam
1447 2111 1587 2145 pertinet?
1616 2111 1692 2145 Quod

911 2156 945 2188 si,
965 2160 995 2182 ut
1008 2155 1118 2190 quidam
1132 2155 1293 2191 opinantur,
1310 2165 1380 2184 unus
1396 2162 1438 2184 est
1451 2158 1530 2185 Pater
1541 2159 1621 2192 idem,
1647 2161 1692 2194 qui

66 2191 116 2230 ταί
130 2211 214 2235 τινες,
232 2204 246 2229 6
261 2202 342 2234 αὐτὸς
360 2203 389 2229 δὲ
404 2203 452 2229 καὶ
480 2199 520 2233 εἷς
536 2203 594 2228 ἐστι
610 2202 705 2237 Πατὴρ
723 2203 770 2228 καὶ
784 2202 857 2234 Υἱὸς,

913 2202 939 2225 et
954 2199 1048 2232 Filius,
1062 2207 1111 2226 cur
1126 2208 1180 2228 non
1189 2207 1220 2227 ea
1232 2201 1324 2235 potius
1346 2201 1476 2236 precandi
1498 2202 1604 2230 ratione
1629 2210 1694 2230 usus

65 2249 96 2276 τί
114 2249 154 2284 μὴ
168 2248 261 2284 ἕτερον
277 2249 395 2275 ἐποιεῖτο
410 2249 455 2275 τὸν
470 2248 519 2284 τῆς
534 2248 616 2284 elixi];
634 2249 734 2283 τρόπον
748 2249 762 2274 6
776 2257 858 2274 πνευ-

67 2295 227 2330 ματοφόρος
253 2294 334 2329 βοῶν,
353 2294 429 2320 Ἐλοὲ
443 2294 510 2328 πρὸς
527 2295 611 2329 ἡμᾶς,
623 2291 644 2321 ὦ
656 2294 713 2328 φῶς
729 2295 775 2320 καὶ
792 2293 858 2328 ἁλή-

65 2342 132 2368 Θεια
144 2350 151 2374 ;
172 2340 280 2375 Ἐπειδὴ
293 2341 321 2367 δὲ
333 2340 373 2373 τὸ,
394 2340 602 2373 Ἐξαπόστειλον
615 2359 622 2372 ,
634 2340 717 2374 λέγει,
733 2339 812 2375 δῆλος
823 2339 856 2367 ἂν

65 2389 113 2422 εἴη
129 2387 225 2413 λοιπὸν
239 2387 332 2422 ἕτερον
350 2387 398 2421 μὲν
415 2387 460 2414 τὸν
475 2387 676 2414 ἀποστέλλοντα
692 2387 781 2418 εἰδὼς,
798 2387 856 2412 ἓτε-

67 2442 118 2469 ρον
142 2433 172 2459 δὲ
194 2433 240 2458 τὸν
262 2432 502 2467 ἀποστελλόμενον.
530 2432 559 2458 ’0
580 2432 608 2458 δὲ
630 2433 678 2467 τῆς
703 2433 855 2466 ἀποστολῆς

64 2480 174 2514 τρόπος
190 2479 302 2505 νοείσθω
317 2479 488 2513 θεοπρεπῶς.

105 2525 183 2552 Ἐπεὶ
210 2525 239 2551 δὲ
261 2525 300 2560 τῷ
320 2525 457 2560 Σαῦελλίῳ
481 2525 618 2556 autem;
633 2527 706 2551 ἐστιν
724 2525 832 2559 Ἀρειος
847 2530 853 2538 ·

65 2573 175 2602 ἐκεῖνος
193 2571 242 2605 μὲν
262 2573 315 2606 γὰρ
334 2572 367 2597 τὰ
379 2572 441 2606 τρία
462 2572 594 2605 πρόσωπα
611 2570 744 2606 συναιρῶν
760 2571 800 2602 είς
816 2569 856 2603 ἓν,

67 2617 102 2643 ἓν
119 2617 266 2653 πρόσωπον
281 2616 328 2642 καὶ
347 2616 409 2651 μίαν
426 2616 507 2650 φύσιν
521 2614 699 2650 ἐδογμάτιζεν
711 2623 718 2630 ¹
735 2612 812 2645 οὗτος
828 2614 858 2640 δὲ

65 2663 121 2698 τὴν
138 2663 201 2698 μίαν
218 2662 298 2697 φύσιν
310 2662 430 2698 διαιρῶν,
443 2663 517 2697 τρεῖς
531 2663 625 2696 φύσεις
641 2661 689 2687 καὶ
701 2661 763 2696 τρία
772 2660 858 2696 1:966-

64 2718 135 2737 ωπα
156 2709 312 2735 τούναντίον
331 2708 571 2743 ἁντεδογμάῑιζεψ
587 2709 610 2734 oi
635 2708 710 2735 ἄλλοι
727 2708 860 2742 Πατέρες,

83 2755 250 2787 Αθανάσιος,
271 2755 317 2781 καὶ
338 2754 488 2786 Βασίλειος,
509 2755 557 2781 καὶ
580 2755 739 2790 Γρηγόριος,
760 2756 789 2780 ὲν
814 2751 855 2785 οἷς

108 2835 116 2850 ¹
132 2834 211 2861 Joan.
230 2842 255 2864 κ.
271 2834 314 2861 50.

247 2885 370 2913 i‘A'rnut.
403 2887 460 2914 Uu.
481 2884 601 2914 CXXX.

908 2244 1050 2272 estdivino
1065 2244 1168 2280 Spiritu
1185 2245 1291 2273 alllatus
1304 2246 1445 2280 propheta:
1461 2246 1538 2279 Veni,
1556 2247 1691 2282 inquiens,

908 2290 1011 2322 adnos,
1027 2297 1043 2317 ο
1065 2290 1110 2318 lux
1123 2296 1151 2318 et
1167 2291 1287 2319 veritas?
1304 2291 1392 2324 Quare
1412 2299 1473 2319 eum
1486 2293 1594 2326 dixerit,
1607 2293 1692 2325 Mitte.

908 2335 990 2362 alium
1011 2335 1104 2371 utique
1122 2336 1254 2364 intellexit
1267 2337 1343 2364 illum
1370 2344 1441 2369 esse,
1472 2339 1519 2372 qui
1550 2339 1644 2370 mittit,
1666 2346 1693 2367 et

909 2380 991 2408 alium
1019 2388 1092 2414 eunt,
1122 2382 1169 2416 qui
1192 2382 1315 2409 mittitur.
1351 2380 1489 2411 Missionis
1509 2389 1600 2411 autem
1626 2386 1694 2414 ratio

911 2422 965 2450 Deo
980 2425 1148 2454 conveniens
1165 2427 1307 2461 cogitetur.

947 2525 1045 2553 Verum
1057 2525 1118 2559 quia
1135 2532 1197 2552 cum
1212 2524 1329 2553 Sabellio
1342 2526 1420 2555 Arius
1442 2533 1561 2563 pugnat:
1577 2537 1638 2556 nam
1651 2531 1695 2558 ille

913 2577 968 2597 tres
981 2578 1113 2605 personas
1125 2570 1150 2596 in
1161 2579 1243 2598 unum
1258 2571 1294 2598 ita
1312 2572 1458 2605 contraxit,
1476 2578 1505 2600 ut
1531 2581 1612 2600 unam
1636 2579 1695 2601 tan-

914 2621 969 2643 tum
982 2624 1137 2651 personam,
1147 2621 1173 2644 et
1190 2622 1313 2645 naturam
1327 2626 1407 2646 unam
1422 2626 1482 2647 esse
1494 2619 1669 2648 contenderet
1685 2630 1692 2650 :

916 2663 962 2689 hic
973 2667 1062 2689 autem
1078 2668 1203 2690 naturam
1220 2672 1301 2691 unam
1316 2665 1353 2691 ita
1371 2664 1473 2698 divisit,
1488 2671 1517 2693 ut
1530 2671 1585 2694 tres
1613 2671 1694 2694 natu-

917 2716 972 2740 ras,
990 2713 1018 2735 et
1030 2712 1087 2735 tres
1104 2716 1234 2743 personas
1249 2715 1403 2738 assereret:
1418 2711 1594 2744 Athanasius,
1609 2717 1635 2740 et
1644 2713 1696 2740 Ba-

911 2754 1001 2786 silius,
1020 2759 1047 2781 et
1060 2754 1219 2790 Gregorius,
1240 2761 1267 2784 et
1282 2757 1327 2784 alii
1346 2757 1440 2785 Patres
1463 2766 1525 2784 cum
1550 2765 1696 2786 exsecran-

354 2833 451 2861 ’Joau.
470 2843 524 2866 ιιι,
537 2835 581 2861 28.
621 2835 631 2851 ³
643 2834 711 2862 Gen.
723 2842 790 2866 xvu,
807 2833 852 2860 2L
889 2833 982 2861 ‘Psal.
1003 2841 1066 2867 χιιι,
1083 2834 1108 2863 5.

1479 2883 1508 2915 ll
