1912 3078
65 152 106 184 3η

520 149 710 180 PANOPLIA
728 147 956 179 DOGMATICA.
969 159 1003 165 -
1020 147 1093 178 ΤΙΤ.
1115 147 1166 178 Xl.

1605 147 1659 179 334

66 206 119 240 ἔχων
135 203 176 230 τοῦ
191 201 259 230 εἶναι
283 203 314 230 οὗ
330 202 443 230 δύναται
463 202 508 229 τὸν
523 202 642 238 ἄναρχον
666 202 820 235 γινώσκειν.

883 209 947 228 surae
962 209 1018 229 suae
1034 207 1140 229 ratione
1163 208 1330 236 cognoscere
1349 207 1376 229 et
1400 202 1502 234 videre.
1528 203 1657 238 quemad-

70 251 131 277 Ἀλλὰ
142 250 181 277 καὶ
190 250 204 276 ὃ
215 249 344 284 γινώσκει
359 249 407 276 καὶ
433 249 537 284 βλέπει,
552 249 691 282 ἀναλόγως
701 246 753 275 οἵδε
767 247 825 278 τοῖς

65 297 125 327 ἰδίοις
133 296 241 330 μέτροις.
252 296 307 322 Καὶ
318 295 423 330 βλέπει,
433 294 526 330 ὥσπερ
539 294 585 321 καὶ
597 295 677 329 ἡμεῖς
692 293 826 327 γινώσκο-

64 350 104 376 μεν
116 343 155 368 καὶ
163 342 294 377 βλέπομεν
307 342 379 369 κατὰ
388 341 436 377 τὴν
446 341 514 367 ίδίαν
527 341 650 375 δύναμιν.
665 339 824 375 Προσετίθει

62 388 84 413 δὲ
93 388 132 413 καὶ
143 388 225 419 τοῦτο,
241 388 282 414 ὅτι
298 387 329 414 οὺ
341 388 423 422 μόνον
436 386 481 413 τὴν
491 386 601 422 Πατέρα
610 386 659 412 οὐκ
667 384 735 412 οἶδεν
748 386 825 420 ἀκρι-

64 433 172 465 εῶ;,ἁλλ“
184 434 243 460 οὐδὲ
257 433 307 468 τὴν
318 433 386 460 ἰδίαν
398 433 495 460 ἑαυτοῦ
510 433 603 458 οὐσίαν
614 430 677 458 οἵδε.
693 431 783 457 Πάντα
797 431 824 456 δὲ

35 472 39 477 ’
63 478 131 506 ταῦτα
145 478 192 506 τῶν
203 479 319 513 Γραφῶν
331 480 404 505 ἐστιν
419 478 538 505 ἐναντία.
559 478 586 504 Ὀ
603 478 652 512 μὲν
665 476 718 511 γὰρ
738 476 826 503 Ἰωάν-

63 532 101 557 νης
117 525 200 558 φησιν,
228 524 280 550 'Er
295 523 374 558 ἀρχῇ
395 522 434 558 ἦν
455 524 471 550 ὁ
486 523 596 556 Λόγος·
620 518 693 548 οὗτοι
721 520 749 547 δὲ
775 521 824 554 φάη

63 577 163 602 σκουσιν,
174 570 230 596 Οὺιι
243 567 276 604 ἧν
290 570 354 604 πρὶν
364 568 540 604 γεννηθῆναι.
551 568 603 594 Καὶ
612 567 691 598 αὐτὸς
703 567 731 593 δὲ
745 568 826 594 πᾶσιν

63 614 158 648 ἔγραψε,
176 615 231 641 Καί
253 615 346 648 ἐσμεν
361 615 395 641 ὲν
410 613 448 646 τῷ
462 612 594 647 ἀληθινῷ
605 613 639 639 ἐν
653 612 692 644 τῷ
711 612 766 644 Υιῷ
778 613 828 639 αύ-

61 660 104 686 τοῡ
121 660 211 694 Ἰησοῦ
224 659 349 694 Χριστῷ.
365 658 459 692 Οὗτός
468 659 578 686 ἐστιν-ό
587 657 730 692 ἀληθινὸς
745 659 826 690 Θεὸς,

61 704 100 730 καί
117 705 133 738 ὴ
152 705 204 739 ζωὴ
227 706 246 739 ἠ
262 695 398 738 αὶῶνιος’
424 701 497 732 οὗτοι
516 704 544 731 δὲ
562 705 655 739 ὥσπερ
681 704 828 738 ἀντιμαχή-

60 759 122 784 μενοι
134 751 263 785 φάσκουσι
281 752 318 787 μὴ
331 750 399 778 εἶναι
413 753 457 778 τὸν
475 751 592 786 Χριστὸν
608 751 735 786 ἀληθινὸν
750 750 826 783 Θεὸν,

59 796 114 822 ἀλλὰ
128 798 195 823 κατὰ
212 798 330 833 μετοχὴν
346 797 393 824 καὶ
409 797 503 828 αὑτὸν,
518 796 555 828 ὼς
569 796 682 829 πάντας,
700 796 827 830 λέγεσθαι

58 842 121 869 Θεόν.
137 844 188 870 Καὶ
203 846 216 870 ὁ
236 844 286 878 μὲν
309 844 467 874 Ἀπόστολος
475 845 594 869 αἰτιᾶται
612 845 673 874 τοις
684 843 826 877 Ἕλληνας,

58 887 91 913 ὅτι
103 889 196 924 κτίσμα
208 889 330 921 σέϐουσι,
349 889 435 922 λέγων
445 897 453 904 ·
466 887 671 922 Ἐλιὶτρευσαν
686 888 720 921 τῇ
732 889 828 915 κτίσει

57 934 122 967 παρὰ
143 935 195 961 τοι·
211 935 357 962 κτίσαντα
377 934 451 961 Θεόν
464 943 470 951 ³
487 932 560 962 οὗτοι
576 934 605 960 δὲ
621 934 724 968 κτίσμα
737 934 828 967 λέγον-

56 987 91 1009 τες
110 978 175 1005 εἶναι
194 982 242 1007 ἐἴ-ν
257 981 359 1016 Κύριον
376 982 421 1006 καὶ
441 980 478 1010 ὡς
498 980 629 1014 κτίσματι
650 980 829 1015 λατρεύοντες

54 1025 126 1060 αὐτῷ.
145 1027 169 1053 τί
183 1027 361 1062 διαφέρουσιν
381 1026 514 1062 Ἑλλήνων
529 1035 535 1058 ;
552 1026 614 1057 Πῶς
631 1024 696 1060 γὰρ,
711 1027 735 1051 εἰ
749 1025 829 1052 τοῦτο

55 1072 192 1105 φρονοῦσιν,
210 1073 271 1107 οὐχὶ
284 1073 330 1099 καὶ
344 1073 405 1099 κατ’
417 1072 509 1099 αὐτῶν
522 1072 580 1097 ἐστι
594 1071 624 1097 τὸ
639 1072 807 1106 ἀνάγνωσμα
819 1090 827 1103 ,

53 1118 91 1142 xxi
112 1117 203 1153 ὥσπερ
228 1119 352 1149 ἐκείνοις,
378 1117 448 1144 οὕτω
467 1119 515 1144 καὶ
538 1118 630 1149 αὐτοῖς
654 1118 828 1152 μεμφόμενός

53 1163 116 1190 ἐστιν
128 1164 141 1189 ὸ
155 1165 292 1199 μακάριος
308 1164 412 1195 Παῦλος
424 1172 431 1197 ;
454 1165 509 1190 Καὶ
522 1165 536 1190 ὁ
553 1163 603 1198 μὲν
618 1163 717 1198 Κύριός
728 1171 828 1198 φησιν’

58 1208 120 1242 Ἐγὼ
140 1210 188 1237 καὶ
204 1212 222 1237 ὁ
238 1210 338 1244 Πατὴρ
348 1209 382 1237 ἓν
395 1211 499 1244 ἐσμεν,
512 1210 569 1240 καὶ,
587 1210 617 1236 '0
631 1208 765 1244 ἑωρακὼς·
778 1209 830 1244 ἐμὲ

52 1253 150 1287 ἑώρακε
160 1256 215 1282 τὸν
231 1255 346 1290 Πατέρα
357 1264 364 1272 ·
381 1257 429 1282 καὶ
451 1257 465 1282 ὁ
484 1256 550 1290 παρ’
564 1256 648 1283 αὐτοῦ
663 1256 691 1281 δὲ
712 1257 830 1282 ἁποστα-
853 1275 855 1278 ‹

51 1298 97 1332 λεὶς
121 1301 268 1337 κηρύττειν
287 1302 449 1333 Ἀπόστολος
470 1303 592 1336 γράφει·
611 1303 658 1335 ’Ὸς
683 1301 727 1328 ὢν
735 1302 830 1329 daal}-

50 1352 140 1379 τασμα
154 1346 209 1381 τῆς
224 1346 317 1381 δόξης
332 1347 381 1374 καὶ
392 1347 545 1381 χαρακτὴρ
561 1347 617 1381 τῆς
631 1347 829 1380 ὑποστάσεως

50 1390 133 1418 αὐτοῦ
148 1400 155 1407 ⁵
183 1389 259 1419 οὗτοι
281 1393 310 1420 δὲ
335 1392 455 1428 τολμῶσι
476 1393 601 1428 διαιρεῖν,
625 1393 671 1419 καὶ
692 1393 830 1428 ἀλλότριον

50 1436 122 1463 αὑτὸν
133 1438 183 1472 τῆς
199 1439 247 1465 τοῦ
263 1438 369 1473 Πατρδς
389 1439 482 1470 οὐσίας
498 1439 545 1465 καὶ
561 1438 713 1474 ὰῖδιότητος
728 1438 829 1473 λέγειν,

50 1482 92 1508 καὶ
109 1483 227 1518 τρεπτδυ
253 1484 374 1519 εἰσάγειν
401 1484 425 1510 οἱ
455 1483 542 1516 ἄθεοι,
567 1483 598 1510 οὐ
625 1483 770 1518 βλέποντες
789 1483 830 1510 ὅτι

847 874 867 902 Β

877 247 986 274 modum
1002 248 1084 274 etiam
1100 254 1151 274 nos
1164 254 1214 281 pro
1229 247 1331 274 viribus
1356 247 1458 274 nostris
1474 249 1663 283 cognoscimus

876 297 903 319 et
919 293 1068 320 intuemur.
1080 295 1117 320 Ae
1133 300 1187 319 non
1204 292 1291 319 solum
1306 292 1469 327 exquisitam
1483 301 1538 320 non
1561 294 1663 322 habere

877 338 965 366 Patris
976 340 1171 374 cognitionem,
1188 339 1234 366 scd
1255 346 1290 366 ne
1319 339 1458 374 propriam
1482 340 1592 374 quidem
1621 342 1663 368 sui

878 384 963 418 ipsius
977 384 1123 411 essentiam
1137 392 1228 411 nosse.
1245 384 1310 417 Qum
1322 385 1432 419 quidem
1455 385 1546 412 omnia
1573 385 1666 420 Scrip-

881 431 948 456 turis
965 430 1065 457 (lixinis
1079 431 1269 457 adversantur.
1288 431 1319 457 In
1331 431 1459 465 principio
1479 431 1562 463 enim,
1583 431 1666 459 Joan-

878 484 927 503 nes
952 477 1050 511 inquit,
1067 483 1124 504 erat
1152 477 1262 504 Verbum
1278 478 1304 510 ';
1326 478 1369 505 isti
1388 485 1453 504 vero
1469 478 1562 505 dicunt
1578 486 1585 504 :
1605 478 1664 505 Non

858 524 861 525 ⁷
881 527 939 549 erat
955 523 1032 557 ptius
1057 531 1138 557 quam
1158 528 1346 558 gener-aretur.
1362 523 1393 550 lit
1409 524 1495 551 alibi:
1514 523 1611 551 Sumus
1638 525 1666 551 in

878 576 936 595 vero
947 568 1015 595 Filio
1029 569 1095 603 ejus,
1108 569 1169 596 Jesu
1180 569 1293 597 Christo.
1305 569 1353 595 Hic
1367 575 1403 596 est
1412 578 1487 596 verus
1498 570 1596 597 Deuset
1612 571 1666 597 vita

879 618 978 640 (eterna
994 615 1016 640 '.
1035 615 1067 641 At
1083 614 1126 641 isti
1143 618 1324 649 repugnantes
1340 615 1445 646 dicunt,
1456 615 1594 642 Christum
1611 623 1666 642 non

879 667 940 687 esse
954 668 1049 687 verum
1062 659 1157 692 Deum,
1183 661 1229 687 sed
1261 661 1455 687 communione
1480 661 1609 695 quadam,
1637 666 1667 688 ut

880 710 944 732 sunt
961 703 1058 740 reliqui
1074 713 1180 739 omnes,
1199 706 1245 740 qui
1261 711 1395 733 vocantur
1407 705 1457 732 dii.
1481 707 1513 733 Et
1548 708 1665 741 Aposto-

880 750 922 778 lus
936 751 1045 785 quidem
1063 756 1158 786 genlcs
1168 755 1289 783 accusat,
1301 752 1373 786 quod
1386 759 1430 778 res
1445 757 1601 786 procreatas
1620 759 1668 779 co-

881 797 947 828 lant,
967 797 1000 824 Et
1018 798 1175 830 servierunt,
1198 797 1335 832 inquit-ns,
1348 802 1477 825 creatura
1488 798 1575 834 potius
1588 806 1668 833 quam

882 843 1002 870 Creatori
1014 843 1034 870 ³.
1052 843 1097 870 Isti
1112 848 1202 870 autem
1221 851 1282 870 cum
1300 843 1446 871 Dominum
1457 849 1577 871 creatum
1592 852 1668 872 asse-

882 895 953 920 rant,
973 890 1050 916 etilli
1069 895 1158 917 tamen
1177 890 1308 923 serviant,
1324 890 1415 926 quida
1440 891 1568 925 gentibus
1587 891 1666 919 diﬂ‘e-

880 935 1031 963 runt?Cur
1047 937 1132 969 enim,
1145 936 1166 963 si
1183 936 1219 963 ita
1243 937 1376 969 sentiunt,
1392 944 1444 964 non
1466 937 1547 964 etiam
1572 937 1598 964 in
1621 944 1669 964 eos

876 982 1009 1017 judicium
1019 982 1064 1013 sit,
1076 988 1103 1009 et
1127 982 1357 1016 quemadmodum
1369 983 1507 1017 gentibus,
1525 983 1565 1010 sic
1584 984 1666 1010 etiam

879 1027 945 1061 ipsis
957 1028 1052 1055 beatus
1072 1027 1171 1055 l‘aulus
1193 1028 1347 1055 irascatur?
1370 1029 1405 1056 Et
1430 1029 1569 1060 Dominus,
1601 1028 1668 1064 Ego,

880 1073 977 1107 inquit,
1005 1079 1030 1100 et
1052 1073 1132 1101 Pater
1153 1083 1234 1101 unum
1263 1083 1353 1101 sumus
1371 1084 1377 1107 ;
1397 1080 1422 1102 et
1439 1084 1445 1102 :
1460 1075 1512 1108 Qui
1525 1077 1588 1103 vidit
1616 1085 1666 1109 me,

878 1120 940 1146 vidit
951 1124 975 1145 et
988 1119 1094 1146 Patrem
1104 1119 1124 1146 ⁵.
1140 1119 1172 1146 Ει
1181 1121 1325 1154 Apostolus
1340 1121 1373 1148 ab
1382 1128 1414 1148 eo
1426 1122 1525 1149 missus
1537 1123 1569 1148 ad
1579 1122 1670 1150 Evan—

880 1163 976 1197 geliuxn
992 1163 1185 1198 divulgandum
1202 1164 1237 1190 ita
1253 1156 1348 1191 scribit
1367 1173 1373 1191 :
1405 1165 1455 1197 Qui
1466 1174 1525 1192 cum
1535 1167 1568 1195 sit
1581 1167 1669 1199 splen-

880 1209 1043 1244 dorgloriw,
1060 1214 1084 1236 et
1100 1209 1187 1244 ﬁgura
1210 1209 1364 1237 substantia:
1379 1211 1434 1245 ejus
1449 1212 1470 1239 '.
1490 1214 1522 1238 At
1541 1213 1583 1240 isti
1601 1213 1655 1244 divi

880 1254 944 1280 dere
959 1253 1071 1286 audent,
1103 1262 1221 1288 eninque
1249 1255 1284 1281 ab
1310 1255 1430 1282 essentia
1462 1257 1669 1292 aeternitateque

880 1298 968 1326 Patris
980 1300 1110 1333 alienum,
1124 1300 1316 1327 ctmutabilein
1342 1301 1443 1328 diCere.
1472 1302 1527 1329 Nec
1546 1303 1670 1331 animad-

882 1349 993 1371 vertunt
1014 1344 1090 1379 impii
1118 1352 1159 1376 se,
1190 1345 1254 1372 dum
1279 1345 1337 1371 haec
1362 1345 1484 1377 dieunt,,
1516 1346 1591 1374 illum
1615 1355 1668 1375 non

880 1391 997 1426 amplius
1014 1399 1096 1417 unum
1111 1398 1173 1418 cum
1190 1389 1278 1421 Patre,
1298 1390 1345 1417 sed
1365 1398 1427 1418 cum
1445 1393 1527 1418 rebus
1539 1400 1669 1426 procrea-

882 1436 916 1462 tis
942 1435 1118 1463 constituere.
1132 1435 1199 1469 Quis
1217 1436 1289 1463 enim
1307 1444 1361 1463 non
1378 1436 1464 1470 videt,
1478 1445 1494 1464 a
1510 1437 1572 1466 luce
1589 1446 1671 1474 sepa~

882 1481 935 1508 rari
951 1489 1005 1508 non
1028 1489 1106 1516 posse
1138 1482 1323 1516 splendorem,
1339 1483 1418 1517 cujus
1444 1484 1586 1518 proprium
1615 1490 1669 1517 est,

48 1527 127 1554 ταῦτα
145 1529 272 1563 λέγοντες
289 1531 338 1556 οὐκ
355 1530 395 1556 ἐτι
407 1529 530 1557 ποιοῦσιν
553 1529 635 1557 αὐτὸν
652 1529 681 1556 ἓν
697 1530 766 1564 μετὰ
783 1528 828 1555 τοῦ

883 1532 912 1555 ut
929 1528 1044 1555 naturali
1068 1528 1176 1555 vinculo
1188 1535 1249 1554 cum
1274 1528 1318 1554 illa
1330 1535 1439 1562 semper
1449 1529 1612 1564 coniunctus
1624 1531 1670 1561 sit,

49 1572 156 1609 Πατρὸς,
171 1575 241 1603 me
263 1575 333 1611 μετὰ
360 1575 415 1603 τῶν
437 1575 606 1611 κτισμάτων.
634 1576 682 1607 Τις
703 1575 757 1610 γὰρ
781 1575 829 1610 οὐχ

47 1617 94 1654 ὁρᾷ
105 1620 145 1646 ὅτι
160 1621 318 1656 ἀδιαίρετόν
329 1622 389 1648 ἐστι
402 1621 431 1648 τὸ
447 1621 619 1656 ἀπαύγασμα
636 1622 704 1656 πρὸς
717 1621 749 1648 τὺ
761 1621 829 1655 φῶς,

48 1667 90 1691 καὶ
112 1666 176 1693 ἴδιον
196 1667 283 1694 αὐτοῦ
299 1668 473 1703 συνυπάρχον
492 1668 579 1703 τούτῳ
600 1668 697 1702 φύσει,
714 1668 761 1694 καὶ
781 1668 832 1694 οὐκ

47 1711 201 1746 ὲπιγέγονεν
231 1713 368 1749 ὓστερον,
392 1713 458 1740 Εἶτα
485 1714 533 1741 τοῦ
559 1714 665 1750 Πατρος
693 1714 829 1749 λέγοντος,

49 1755 137 1791 Οὗτός
157 1759 249 1786 ἐστιν
274 1761 290 1786 d
314 1760 380 1792 Υἱός
403 1768 463 1794 μου
484 1761 500 1786 ό
520 1760 685 1794 ἀγαπητὸς,
708 1760 754 1786 καὶ
776 1760 831 1786 τῶν

45 1802 153 1837 Γραφών
164 1805 307 1839 λεγουσῶν
327 1805 420 1832 τοῦτον
431 1803 499 1832 εἷναι
513 1805 559 1832 τοῦ
573 1806 679 1840 Πατρδς
693 1806 788 1840 Λόγον,
801 1807 829 1833 ὲν

44 1844 64 1880 ᾧ
87 1849 110 1875 οὶ
126 1850 242 1886 οὐρανοὶ
263 1851 480 1886 ἐστερεώθησαν,
501 1852 546 1878 καὶ
565 1851 660 1883 ἁπλῶς
682 1852 771 1879 πάντα
796 1852 829 1879 δι’

43 1895 121 1922 αὐτοῦ
141 1897 266 1930 ἐγένετο,
289 1893 363 1923 οὗτοι
396 1897 497 1923 καινῶν
517 1897 662 1932 ὲφευρεταὶ
687 1898 831 1931 δογμάτων

42 1941 86 1966 καὶ
101 1941 234 1968 πλαστῶν
259 1942 398 1977 γινόμενοι
419 1943 513 1978 ἓτερον
531 1944 708 1978 ἐπεισάγουσι
726 1944 829 1977 Λόγον,

40 1988 84 2012 καὶ
99 1988 185 2023 ἄλλην
203 1988 302 2022 σοφίαν
318 1988 364 2015 τοῦ
383 1989 489 2023 Πατρὺς
505 1984 592 2020 εἶναι,
608 1989 702 2016 τοῦτον
722 1990 750 2016 δὲ
769 1991 829 2017 κατ’

42 2031 161 2060 ἐπίνοιαν
178 2034 227 2060 διὰ
240 2034 274 2061 τὰ
290 2033 387 2068 λογικὰ
403 2034 531 2068 λέγεσθαι
546 2035 632 2068 Λόγον
657 2035 705 2062 καὶ
722 2036 829 2070 σοφίαν,

40 2077 87 2113 οὐχ
104 2079 246 2114 ὁρῶντες,
264 2080 326 2107 ὅσον
346 2080 378 2106 ἐκ
397 2079 492 2107 τούτου
509 2080 539 2106 τὸ
553 2080 664 2107 ἄτοπον.
681 2081 712 2108 El
729 2082 783 2116 γὰρ
798 2080 831 2108 δι’

41 2124 111 2158 ἡμᾶς
125 2125 244 2160 λέγεται
261 2126 323 2153 κατ’
336 2126 459 2153 ἐπίνοιαν
488 2127 574 2160 Λόγος
590 2127 637 2153 καὶ
654 2128 744 2161 σοφία,
759 2129 785 2154 τί
800 2129 832 2154 ἂν

39 2169 81 2205 εἴη
103 2170 202 2206 αὐτὸς,
230 2171 281 2198 οὐκ
305 2171 338 2198 ἂν
359 2171 471 2198 εἴποιεν.
501 2172 531 2198 El
558 2173 612 2207 γὰρ
637 2172 722 2200 ταῦτα
752 2174 833 2200 αὑτὸν

885 1582 940 1601 non
967 1578 1057 1601 autem
1080 1578 1173 1608 postea
1186 1573 1212 1600 in
1243 1573 1286 1600 illa
1309 1573 1528 1602 factus?Adha3c
1544 1583 1605 1603 cum
1622 1576 1672 1604 Pa-

889 1625 929 1647 ter
939 1620 1012 1647 dicat
1029 1629 1035 1646 :
1055 1619 1106 1646 Hic
1122 1624 1159 1646 est
1181 1619 1265 1646 Filius
1293 1628 1365 1647 meus
1389 1620 1533 1652 dilectus‘.
1548 1626 1575 1648 et
1600 1622 1673 1649 Scri-

887 1671 973 1700 ptura:
994 1665 1139 1697 aﬂirment,
1157 1665 1230 1692 hunc
1241 1673 1303 1692 esse
1315 1665 1405 1692 Patris
1419 1665 1549 1698 Verbum,
1566 1667 1592 1694 in
1617 1675 1672 1701 quo

886 1717 914 1740 ct
933 1713 995 1740 εωίὶ
1013 1713 1112 1740 ﬁrmati
1133 1716 1207 1745 sunt,
1226 1716 1254 1739 et
1267 1712 1358 1740 omnia
1378 1713 1496 1748 denique
1516 1722 1564 1748 per
1583 1713 1670 1749 ipsum

887 1759 1013 1786 condita:
1043 1759 1088 1786 isti
1111 1766 1188 1786 nova:
1213 1759 1465 1793 eommentitiaeque
1490 1760 1672 1787 doctrinaain-

888 1804 1095 1832 ventoresaliud
1111 1804 1245 1832 inducunt
1261 1803 1390 1836 Verbum,
1417 1809 1445 1832 et.
1463 1804 1543 1831 aliam
1579 1805 1668 1832 Patris

887 1849 1048 1884 sapientiam
1062 1849 1307 1876 comminiscuntur
1326 1858 1333 1877 :
1349 1849 1423 1876 hunc
1437 1849 1510 1877 enim
1541 1850 1671 1885 opinione

888 1899 992 1921 tantum
1012 1898 1124 1929 propter
1146 1894 1203 1927 illa,
1236 1901 1296 1928 quae
1314 1894 1421 1922 ratione
1454 1899 1518 1922 sunt
1546 1895 1670 1930 praadita,

889 1940 1006 1967 Verbum
1020 1944 1046 1966 ct
1070 1939 1231 1974 sapientiam
1247 1940 1312 1968 diei.
1325 1939 1380 1968 Nec
1395 1941 1489 1968 vidi-nt
1510 1950 1589 1976 quam
1619 1943 1673 1971 ab-

886 1987 998 2014 surdum
1015 1986 1051 2014 sit
1062 1987 1101 2019 id,
1114 1989 1187 2022 quod
1199 1994 1231 2014 ex
1243 1995 1339 2015 eorum
1370 1988 1506 2015 sententia
1535 1990 1670 2024 sequitur.

886 2031 954 2059 Nam
972 2032 993 2059 si
1010 2032 1140 2067 opinione
1154 2036 1258 2060 tantum
1279 2037 1392 2067 propter
1414 2041 1465 2061 nos
1496 2034 1625 2069 Verbum,
1645 2042 1672 2065 et

887 2078 1022 2113 sapientia
1038 2078 1150 2112 dicitur,
1176 2077 1243 2112 qnid
1259 2078 1317 2112 ipse
1335 2079 1382 2111 sit,
1396 2086 1452 2106 non
1469 2083 1601 2114 poterunt
1630 2082 1674 2110 di-

886 2130 963 2150 cere.
991 2122 1097 2150 Etenim
1121 2131 1184 2150 cum
1213 2122 1361 2158 Scriptura:
1390 2124 1492 2157 dicant,
1520 2133 1583 2153 eum
1610 2135 1673 2156 esse

887 2169 1006 2197 Verbum
1031 2173 1058 2196 et
1070 2169 1245 2204 sapientiam.
1261 2170 1310 2203 ipsi
1335 2174 1426 2198 autem
1455 2171 1597 2200 Dominum
1614 2173 1672 2201 haec

38 2214 164 2249 λέγουσιν
179 2216 212 2243 αἱ
230 2216 349 2252 Γραφαὶ,
360 2213 434 2244 οὗτοι
444 2217 473 2243 δὲ
485 2217 572 2244 ταῦτα
586 2215 655 2244 εῖναι
671 2219 717 2244 τὸν
728 2219 828 2254 Κύριον

884 2222 944 2242 esse
965 2219 1072 2250 negant,
1084 2222 1120 2242 ne
1130 2215 1304 2249 essequidem
1328 2215 1404 2242 illum
1428 2216 1523 2244 volunt
1549 2217 1672 2246 homines

36 2261 65 2287 οὗ
81 2262 209 2295 θέλουσι,
225 2262 353 2297 φανερῶς
377 2263 437 2289 οὐδὲ
454 2263 586 2298 ὑπάρχειν
598 2263 679 2290 αὑτὸν
694 2263 830 2298 θέλουσιν,

36 2309 60 2334 οἱ
74 2309 151 2336 ἄθεοι
166 2309 220 2336 καὶ
232 2308 286 2335 τῶν
300 2309 417 2344 Γραφῶν
441 2309 567 2336 ἐναντίοι.
583 2309 636 2335 Καὶ
652 2310 731 2337 τοῦτο
740 2312 764 2337 οε
782 2312 832 2346 μὲν

34 2355 126 2381 πιστοὶ
135 2354 276 2381 δύνανται
289 2353 355 2389 παρ’
368 2354 455 2388 αὐτῆς
466 2362 495 2380 τε
510 2355 559 2389 τῆς
574 2355 714 2390 [ἰατρικῆς
729 2357 830 2391 φωνῆς,

35 2401 80 2425 καί
101 2400 184 2435 παρὰ
208 2400 265 2426 τῶν
287 2399 513 2435 προσκυνούντων
533 2400 614 2427 αὺτδν
631 2402 765 2435 ἀγγέλων,
787 2404 839 2439 καὶ¹

32 2446 85 2474 τῶν
100 2448 170 2482 περὶ
187 2445 278 2473 αὑτοῦ
295 2446 460 2481 γραψάντων
473 2446 558 2477 ἁγίων
576 2447 672 2481 μαθεῖν
683 2455 690 2463 ·
705 2445 778 2475 οὗτοι
794 2449 832 2481 δὲ,

34 2491 94 2517 ἐπεὶ
111 2491 164 2526 τὴν
185 2491 312 2518 διάνοιαν
328 2492 378 2517 οὐκ
397 2491 489 2526 ἔχουσι
505 2491 648 2527 καθαρὰν,
665 2493 725 2520 οὐδὲ
741 2493 835 2521 δύναν-

31 2545 76 2564 ται
95 2538 184 2565 Θείων
203 2537 355 2564 ἐπακούειν
372 2538 419 2564 καὶ
434 2537 566 2572 θεολόγων
584 2539 691 2574 ἀνδρῶν
703 2559 710 2571 ,
737 2539 835 2567 δύνανη

30 2592 74 2610 ται
86 2584 140 2611 κᾶν
152 2584 239 2619 παρὰ
252 2585 306 2610 τῶν
321 2583 421 2619 ὁμοίων
433 2585 524 2616 αὐτοῖς
537 2585 672 2620 δαιμόνων
687 2586 782 2621 μαθεῖν
793 2587 834 2613 ὃτι

31 2630 68 2665 μὴ
83 2631 123 2662 ὡς
140 2629 260 2658 πολλῶν
274 2630 358 2657 ὄντων
377 2631 544 2664 ἀνεφὼνουν,
560 2632 628 2658 ἀλλὰ
643 2633 737 2659 τοῦτον
755 2635 835 2668 μόνον

29 2677 132 2707 εἰδότες
156 2676 280 2710 ἔλεγον,
299 2677 334 2702 Σὺ
349 2674 376 2703 εἷ
396 2677 410 2702 ὁ
426 2677 502 2711 ἅγιος
519 2678 566 2704 τοῦ
583 2678 661 2710 Θεοῦ,
679 2679 724 2705 καὶ
742 2680 755 2706 ὁ
772 2679 834 2710 Υἱὸς

27 2723 74 2750 τοῦ
87 2723 178 2750 Θεοῦ.
195 2722 257 2749 Καὶ
273 2723 329 2757 γὰρ
339 2723 353 2749 ὁ
367 2723 416 2758 τὴν
430 2722 538 2758 αἰρεσιν
555 2725 647 2756 αὐτοῖς
663 2724 834 2758 ὑποϐάλλων,

28 2769 180 2803 πειράζων
196 2769 233 2795 ἐν
248 2769 286 2803 τῷ
301 2769 369 2804 ὄρει,
386 2770 436 2796 οὐκ
453 2769 556 2804 ἔλεγεν,
575 2770 606 2797 Εἰ
620 2770 667 2797 καὶ
682 2771 714 2797 σὺ
731 2771 793 2802 Υἱὸς
810 2769 836 2797 εἴ

65 2861 73 2876 ¹
89 2860 179 2888 Joan.
194 2868 218 2892 ι,
236 2860 260 2887 l.

885 2261 994 2293 nefarii,
1012 2265 1040 2288 et
1052 2261 1155 2288 inimici
1182 2261 1395 2296 Scripturarum.
1408 2265 1446 2289 Ac
1457 2261 1551 2290 ﬁdeles
1561 2264 1670 2299 quidem

885 2308 935 2335 viri
953 2312 1069 2343 possunt
1089 2308 1140 2335 hoc
1161 2308 1267 2336 discere
1286 2313 1341 2335 tum
1354 2316 1369 2335 a
1380 2308 1468 2337 Patris
1480 2317 1556 2342 voce,
1570 2312 1671 2338 tum'ah

887 2354 991 2389 angelis
1020 2353 1109 2388 ipsum
1125 2353 1313 2386 adorantibus,
1333 2357 1415 2381 tuma
1433 2354 1535 2382 sanctis
1553 2356 1671 2391 scripto-

886 2403 971 2433 ribus,
984 2401 1028 2436 qui
1042 2401 1076 2429 de
1094 2401 1141 2428 illo
1164 2401 1245 2429 locuti
1265 2405 1340 2428 sunt.
1358 2401 1406 2428 Isti
1418 2409 1495 2435 vero,
1523 2403 1569 2437 qui
1595 2411 1673 2430 men-

889 2453 941 2476 tem
957 2449 1057 2475 habent
1070 2448 1216 2482 impuram,
1231 2455 1282 2475 nee
1296 2455 1340 2474 res
1352 2447 1472 2480 divinas,
1496 2455 1547 2476 nec
1565 2447 1673 2477 theolo-

888 2501 936 2528 gos
948 2494 1021 2520 viros
1034 2493 1200 2528 intelligunt,
1214 2499 1330 2527 possunt
1345 2500 1359 2519 a
1383 2493 1553 2521 daemonibus
1577 2494 1672 2522 saltem

888 2540 929 2566 sui
942 2539 1075 2567 similibus
1086 2539 1205 2566 edoceri.
1223 2539 1275 2571 Qui
1287 2539 1451 2571 clamabant,
1471 2548 1526 2567 non
1541 2545 1672 2575 tanquam

889 2585 999 2616 multos,
1012 2585 1058 2612 sed
1075 2589 1104 2611 ut
1127 2585 1202 2611 hunc
1213 2584 1303 2611 solum
1329 2583 1464 2617 viderent,
1478 2589 1505 2611 et
1520 2584 1649 2612 dicebant
1663 2594 1670 2612 :

890 2630 931 2658 Tu
946 2638 975 2657 es
987 2634 1098 2658 sanctus
1113 2630 1160 2657 Dei
1171 2635 1199 2657 et
1209 2629 1294 2657 Filius
1308 2629 1367 2657 Dei.
1388 2629 1454 2657 Nam
1475 2630 1532 2665 ipse
1548 2631 1671 2665 quidem,

890 2676 936 2709 qui
958 2676 1082 2703 haeresim
1105 2675 1204 2702 animis
1224 2683 1320 2702 eorum
1342 2674 1447 2709 injecit,
1468 2683 1529 2702 cum
1557 2680 1673 2702 tentaret

889 2720 963 2748 ίΙΙιιιιι
985 2723 1011 2749 in
1031 2727 1138 2754 monte,
1151 2729 1205 2748 non
1217 2721 1287 2748 dixit
1303 2730 1309 2748 :
1324 2720 1351 2748 Si
1375 2725 1402 2748 et
1423 2725 1451 2748 tu
1467 2720 1549 2748 Filius
1570 2719 1616 2748 Dei
1629 2727 1672 2752 es.

889 2769 966 2803 quasi
988 2772 1080 2796 essent
1090 2773 1117 2795 et
1135 2767 1193 2800 alii,
1208 2767 1255 2795 sed
1268 2772 1396 2802 tanquam
1412 2767 1487 2795 solus
1509 2767 1567 2802 ipse
1587 2770 1671 2798 esset,

299 2860 309 2875 '
325 2860 334 2888 l
349 2859 427 2888 Joan.
444 2869 470 2895 v,
483 2860 527 2888 20.
566 2860 575 2876 ³
593 2860 669 2888 Rom.
688 2860 762 2893 I,‘25.
801 2861 828 2888 δέ

883 2868 901 2888 ι.
915 2867 940 2894 ι,
954 2859 999 2887 30.
1037 2859 1048 2876 ⁸
1063 2858 1147 2886 llebr.
1160 2865 1178 2892 ι,
1191 2858 1217 2886 5.
1255 2858 1266 2873 ⁶
1282 2856 1378 2886 Matth.
1397 2863 1439 2889 ιιι,
1453 2856 1494 2884 Π.
