1912 3078
208 159 259 191 339

825 155 1015 188 EUTHYMII
1035 156 1217 186 ZlGABENI

1773 151 1830 183 340

204 215 322 242 Verbum
336 218 386 245 est.
401 214 502 242 idcirco
521 214 602 241 ctiam
640 212 709 241 Deus
727 217 777 240 est.
797 215 834 240 Ac
860 212 1014 247 quemad—l

1069 212 1130 244 Υῑδς
1144 213 1226 248 ἀρχὴ,
1241 213 1284 239 ἵνα
1304 212 1341 247 μὴ
1356 211 1401 238 δύο
1416 210 1510 246 ἀρχαὶ,
1528 208 1615 240 οὕτως
1627 209 1640 235 ὁ
1656 209 1687 234 ἐκ
1701 207 1750 242 τῆς
1761 209 1832 242 μιὶς

205 261 314 288 modum
329 259 414 288 Filius
428 267 484 287 non
499 264 540 286 est
556 259 670 286 alterum
693 258 868 294 principium,
887 265 922 284 ne
935 258 989 284 duo

205 306 338 341 principia
363 306 428 337 sint,
461 306 501 333 sic
532 305 660 338 Verbum,
686 306 758 340 quod
792 313 826 333 ex
864 313 918 332 uno
948 310 989 331 cst

205 352 349 387 principio,
362 360 414 379 non
426 351 593 384 dissolvitur,
607 359 697 386 neque
713 356 755 379 est
769 359 819 378 vox
833 351 992 386 simpliciter

205 397 372 433 signiﬁcans,
391 397 436 424 sed
468 403 509 425 est
522 405 570 432 per
582 398 728 425 essentiam
756 397 884 429 Verbum,
902 402 929 424 et
944 405 992 431 per

206 444 351 472 essentiam
382 444 526 478 sapientia.
555 451 615 478 qua;
629 452 692 471 vere
710 448 751 471 est
775 443 870 470 Filius.
888 443 953 470 Nam
970 444 991 470 si

207 498 255 525 per
276 490 420 518 essentiam
440 497 494 516 non
512 495 594 523 esset,
625 490 695 517 Deus
719 495 791 517 esset
806 490 833 516 in
869 498 930 516 acra
953 490 994 516 lo-

208 543 306 570 (ιω-ηε,
322 540 348 562 et
362 543 471 570 corpus,
502 536 573 570 quod
599 536 666 563 nihil
696 536 850 562 hominibus
879 536 995 570 amplius

209 580 369 608 contineret.
391 579 489 607 Verum
523 581 651 614 quoniam
684 588 738 607 non
760 586 800 608 est
827 581 918 613 homo,
946 589 996 608 nec

212 625 330 653 Verbum
365 627 425 660 ejus
453 631 505 657 est,
534 631 563 653 ut
579 626 662 661 exigit
683 627 822 653 hominum
854 627 996 654 imbecilli-

212 675 264 698 tas.
297 671 373 698 Sicut
406 671 477 698 enim
509 679 562 698 una
593 672 708 698 essentia
738 672 901 706 principium
936 677 997 702 est,

213 718 254 745 sic.
282 725 365 745 unum
382 726 429 752 per
442 718 588 744 essentiam
605 717 756 744 subsistens
775 717 888 744 Verbum
913 723 940 743 et
957 725 999 743 sa-

214 762 325 796 pientia.
343 762 409 788 Nam
428 766 457 789 ut
483 769 515 789 ex
544 761 599 788 Deo
617 761 688 788 Deus
714 766 766 793 est,
792 766 818 788 et
834 769 867 788 ex
879 762 1000 796 sapiente

214 807 357 842 sapientia,
372 813 400 835 et
410 816 441 834 ex
463 807 597 834 rationem
621 807 737 834 habente
765 808 845 840 ratio,
869 815 917 835 seu
938 808 1001 834 Ver.

216 855 291 886 bum,
307 857 335 881 ct
353 861 387 881 ex
409 854 487 881 Patre
503 853 602 882 Filius:
619 853 658 881 sic
676 861 709 881 ex
725 861 769 887 eo,
783 855 827 888 qui
847 854 873 881 in
893 855 1001 889 propria

1044 259 1129 292 Λόγος
1146 259 1177 285 οὐ
1198 259 1401 293 διαλελυμένης,
1417 257 1433 292 ἦ
1449 256 1540 287 ἁπλῶς
1560 254 1635 289 φωνὴ
1651 253 1811 289 σημαντικὴ
1823 272 1830 281 .

1044 304 1112 330 ἀλλὰ
1124 303 1255 338 οὑσιὼδης
1268 304 1363 336 Λόγος,
1376 303 1423 328 καὶ
1434 301 1567 333 οὐσιώδης
1579 299 1670 334 σοφία,
1682 298 1742 333 ἥτις
1754 298 1833 323 ἐστὶν

1044 352 1058 376 ὁ
1074 350 1137 379 Υἱὸς
1155 349 1273 384 ἀληθῶς.
1291 349 1321 375 El
1337 347 1391 383 γὰρ
1406 347 1437 382 δὴ
1456 346 1492 382 μὴ
1507 345 1640 379 οὑσιώδης
1653 345 1707 378 εῐη,
1725 344 1804 369 ἔσται
1821 343 1836 369 ὀ

1046 396 1111 426 Θεὸς
1130 395 1219 421 λαλῶν
1235 395 1274 426 εἰς
1290 394 1358 428 ἀέρα
1370 413 1377 425 ,
1396 393 1443 419 καὶ
1459 392 1555 427 σῶμα,
1574 390 1651 417 οὐδὲν
1663 389 1745 415 πλέον
1761 389 1836 422 ἔχων

1046 442 1099 467 τῶν
1115 440 1276 476 ἀνθρώπων.
1300 439 1409 472 Ἐπειδὴ
1421 438 1449 465 δὲ
1463 438 1512 464 οὑκ
1527 437 1601 463 ἔστιν
1616 435 1769 471 ἄνθρωπο’.
1783 434 1836 460 οὐκ

1048 487 1081 514 ἂν
1096 487 1138 523 εἴη
1153 487 1212 513 οὐδὲ
1226 488 1239 512 ὁ
1254 485 1339 519 Λόγος
1355 484 1439 511 αὑτοῦ
1457 483 1528 510 κατὰ
1542 483 1590 517 τὴν
1608 481 1662 507 τῶν
1678 480 1836 513 ἀνθρώπων

1049 533 1204 559 ἀσθένειαν,
1217 532 1322 565 ’Ὠσπερ
1337 531 1392 565 γὰρ
1409 529 1457 564 μία
1468 529 1546 555 οὐσία
1561 529 1576 562 ἠ
1591 527 1672 562 ἁρχὴ,
1689 526 1777 556 οὕτως
1796 523 1838 555 εἷς

1050 579 1182 613 οὐσιώδης
1195 578 1242 604 καὶ
1255 576 1379 610 ὑφεστὼς
1388 577 1402 601 ό
1418 575 1520 609 ταύτης
1532 574 1627 607 Λόγος,
1642 574 1687 598 καὶ
1708 573 1724 606 ὴ
1743 571 1835 603 σοφία.

1056 625 1100 656 Ὦς
1117 625 1170 658 γὰρ
1187 625 1219 650 ὲκ
1233 623 1280 649 τοῦ
1292 622 1360 649 Θεοῦ
1374 622 1439 653 Θεός
1453 622 1521 654 ἔστι,
1538 620 1585 646 καὶ
1599 619 1629 645 ἐκ
1644 618 1726 652 σοφοῦ
1742 617 1838 650 σοφία.

1052 671 1099 698 καὶ
1114 671 1146 696 ὲκ
1161 668 1271 703 λογικοῦ
1288 669 1391 702 Λόγος,
1412 668 1459 694 καὶ
1475 667 1507 692 ὲκ
1523 665 1628 700 Ιιατρδς
1650 664 1713 694 Υἱὸς
1725 683 1732 694 ,
1750 662 1840 693 οὕτως

1052 715 1081 748 ἐξ
1095 716 1271 746 ὑποστάσεως
1282 713 1442 744 ὑποστατὸς,
1453 713 1499 739 καὶ
1510 712 1539 744 ἐξ
1547 711 1640 742 οὐσίας
1650 709 1783 744 οὖσιώδης
1793 710 1841 734 καὶ

1054 761 1183 791 ὲνούσιος,
1201 760 1248 785 καὶ
1269 758 1298 791 ἐξ
1313 759 1388 790 ὖντος
1399 757 1446 784 ὥν.
1469 756 1545 783 Ἐπεὶ
1559 755 1583 781 εἰ
1599 754 1636 789 μὴ
1650 753 1784 788 οὐσιώδης
1798 761 1842 779 σν)-

1055 807 1114 842 φια,
1132 807 1181 833 καὶ
1197 805 1316 836 ἐνούσιος
1332 805 1418 836 Λόγος
1430 824 1437 836 ,
1456 803 1502 828 καὶ
1515 801 1551 828 ὣν
1571 801 1644 832 Υἱὸς,
1661 799 1726 826 ἀλλὰ
1747 797 1843 828 ἁπλῶς

1056 853 1146 886 σοφία,
1160 852 1206 878 καὶ
1217 851 1315 885 Λόγος,
1327 850 1373 876 καὶ
1385 850 1447 879 Tib;
1460 849 1488 874 ὲν
1499 845 1538 881 si?»
1553 847 1650 881 Πατρὶ,
1659 846 1702 879 εῐη
1715 845 1749 872 ἂν
1760 844 1844 874 αὐτὸς

217 900 325 927 exsistit
357 907 494 935 persona,
519 899 547 926 in
580 907 695 935 persona
725 900 832 935 propria
858 901 1001 933 assistens,

1069 899 1176 933 ηΠατὴρ
1189 897 1312 927 σύνθετος
1330 897 1362 922 ὲκ
1387 895 1482 929 σοφίας
1497 894 1542 920 καὶ
1555 894 1652 926 Λόγου.
1665 892 1697 918 Εἰ
1708 891 1736 917 δὲ
1753 889 1846 921 τοῦτο,

218 951 246 973 et
260 953 293 973 ex
307 945 426 973 essentia
448 945 552 973 habens
584 946 740 978 essentiam,
774 946 801 972 in
831 947 1003 980 essentiaque

219 994 358 1023 constans,
377 995 403 1018 et
421 997 455 1017 ex
472 997 516 1022 eo,
532 991 576 1025 qui
593 996 647 1020 est.
677 991 700 1018 is
742 991 788 1026 qui
813 997 864 1018 est.
897 992 1003 1019 Etenim

220 1037 274 1064 nisi
288 1042 361 1064 esset
375 1037 508 1072 sapientia
526 1045 573 1071 per
599 1038 756 1070 essentiam,
773 1042 801 1064 et
829 1038 946 1066 Verbum
977 1039 1005 1065 in

222 1083 340 1110 essentia
357 1088 499 1115 constans,
517 1088 544 1111 et
560 1084 643 1110 Filius
669 1084 812 1115 exsistens.
840 1085 886 1112 sed
903 1085 1007 1119 simpli-

223 1129 291 1156 citer
303 1134 373 1156 esset
388 1129 531 1164 sapientia,
545 1135 573 1157 et
588 1130 716 1161 Verbum,
732 1135 758 1157 et
775 1131 857 1157 Filius
873 1131 899 1157 in
917 1131 1006 1164 Patro,

225 1175 283 1209 ipse
312 1175 393 1203 Pater
431 1180 506 1203 esset
535 1184 567 1203 ex
595 1176 726 1211 sapientia
759 1177 898 1211 Vcrlmque
937 1185 1010 1204 com-

223 1222 340 1256 positus.
355 1222 394 1249 Ex
407 1230 461 1256 quo
488 1227 667 1257 sequerentur
680 1229 722 1253 ea,
748 1230 807 1257 qua:
837 1223 1010 1256 pra'diximus

226 1268 409 1301 incommoda,
421 1272 549 1302 essetque
565 1269 682 1303 ipsemet
709 1269 750 1295 sui
781 1268 865 1302 ipsius
883 1267 971 1300 Pater,
983 1273 1011 1295 et

228 1314 324 1346 Filius,
343 1319 372 1342 et
387 1314 507 1349 seipsum
536 1321 682 1349 generans.
710 1318 738 1340 ct
764 1321 779 1340 a
793 1322 820 1340 δι·
836 1313 953 1346 genitus.
983 1318 1012 1340 ut

228 1360 308 1394 paulo
328 1365 388 1395 post
402 1360 590 1387 ostendemus.
612 1360 666 1387 Aut
691 1360 802 1387 nomine
837 1364 940 1386 tantum
971 1364 1013 1387 est

228 1406 358 1438 Verbum,
375 1410 403 1434 et
414 1405 556 1441 sapientia,
571 1411 599 1433 et
608 1405 701 1437 Filius,
719 1412 772 1432 non
787 1410 877 1432 autem
890 1405 1015 1433 subsistit

229 1452 253 1480 is
263 1452 296 1479 de
307 1459 361 1486 quo
377 1451 435 1478 base
447 1452 585 1483 dicuntur,
598 1451 641 1478 vel
654 1452 744 1485 potius
760 1450 804 1484 qui
823 1451 879 1477 haec
893 1451 949 1485 ipsa
962 1455 1013 1478 est.

230 1499 259 1527 Si
275 1506 329 1526 non
340 1498 476 1529 subsistit,
496 1497 586 1524 inania
598 1497 656 1524 haec
668 1500 732 1524 sunt
745 1496 853 1523 nomina
875 1501 904 1523 et
917 1504 1014 1531 super-

1055 945 1232 979 ἀκολουθήσει
1254 944 1288 969 τὰ
1305 941 1492 977 προειρημένα
1521 940 1617 966 ἄτοπα.
1641 938 1738 964 Ἔσται
1754 937 1784 962 δὲ
1799 937 1847 962 καὶ

1056 992 1136 1023 αὐτὸς
1152 989 1248 1017 ἑαυτοῦ
1262 989 1356 1023 Πατὴρ
1371 987 1418 1014 καὶ
1435 987 1507 1018 Υἱὸς.
1521 985 1602 1016 αὐτὸς
1618 984 1714 1011 ἑαυτὸν
1729 983 1848 1017 γεννῶν,

1056 1038 1104 1064 καὶ
1121 1035 1290 1071 γεννώμενος
1307 1034 1352 1068 ὑφ’
1364 1032 1474 1063 ἑαυτοῦ,
1486 1032 1523 1062 ὠς
1539 1031 1608 1065 μετὰ
1621 1029 1718 1065 μικρδν
1735 1027 1850 1062 δειχοήο

1058 1092 1151 1112 σετσι’
1173 1084 1189 1119 ἦ
1211 1084 1296 1118 ὄνομα
1317 1082 1396 1116 μόνον
1418 1080 1477 1106 ἐστὶ
1491 1080 1586 1112 Λόγος,
1608 1077 1654 1103 καὶ
1681 1075 1774 1109 σοφία,
1803 1075 1851 1099 καὶ

1059 1133 1134 1162 Υἱὸς,
1149 1131 1199 1166 οὐχ
1209 1130 1347 1164 ὑφέστηκε
1359 1128 1398 1160 δὲ,
1412 1127 1474 1153 καθ’
1491 1122 1522 1152 οὗ
1538 1125 1647 1159 λέγεται
1663 1123 1763 1155 ταῦτα,
1782 1120 1851 1154 μᾶλ-

1058 1180 1104 1205 λον
1122 1178 1161 1209 δὲ,
1180 1178 1208 1208 ὃς
1223 1177 1281 1202 ἔστι
1297 1174 1394 1201 ταῦτα.
1417 1173 1447 1200 El
1465 1170 1511 1199 οὖν
1528 1172 1576 1206 οὑχ
1593 1171 1758 1204 ὑφέστηκεν,
1777 1167 1852 1202 ἀργὰ

1065 1226 1098 1252 ἂν
1113 1225 1155 1258 εἴη
1175 1223 1221 1250 καὶ
1236 1221 1302 1249 κενὰ
1318 1221 1353 1248 τὰ
1376 1220 1508 1255 ὀνόματα,
1521 1219 1601 1249 sub;
1616 1217 1640 1243 εἰ
1657 1216 1694 1251 μὴ
1707 1215 1739 1242 ἄν
1754 1223 1798 1246 τις
1814 1214 1852 1240 εῖ-

1063 1280 1109 1298 ποι
1121 1269 1288 1304 αὐτοσοφιαν
1301 1265 1372 1294 εἶναι
1401 1267 1448 1293 καὶ
1463 1265 1608 1298 αὐτολόγον
1623 1264 1668 1290 τιν
1682 1261 1760 1289 Θεόν.
1781 1260 1854 1287 Ἀλλ’

1061 1318 1086 1343 εἰ
1111 1315 1200 1347 τοῦτο,
1223 1314 1265 1349 εἴη
1291 1313 1324 1340 ἂν
1341 1312 1422 1344 αὐτὸς
1446 1309 1542 1337 ἑαυτοῦ
1567 1309 1661 1344 Πατὴρ
1695 1307 1743 1333 καὶ
1766 1305 1854 1336 Υἱός·

1064 1361 1159 1397 Πατὴρ
1179 1360 1238 1395 μὲν,
1255 1360 1299 1385 ὅτε
1316 1358 1407 1392 σοφὸς,
1426 1356 1488 1387 Υἱὸς
1501 1355 1538 1386 δὲ,
1555 1355 1598 1381 ὅτε
1613 1353 1702 1384 σοφία.
1721 1352 1796 1379 ‘AD.’
1808 1351 1856 1384 οὐχ

1065 1408 1102 1439 ὡς
1119 1406 1229 1440 ποιότης
1245 1413 1286 1434 τις
1300 1404 1385 1430 ταῦτα
1400 1404 1428 1429 ἐν
1444 1401 1481 1436 τῷ
1499 1401 1558 1435 Θεῷ
1572 1409 1579 1416 ν
1595 1400 1696 1433 ᾶπαγε.
1717 1397 1857 1432 Ἀπρεπὲς

1065 1453 1155 1480 τοῦτο.
1178 1450 1362 1486 Εὐρεοήσεται
1380 1448 1432 1482 γὰρ
1449 1447 1575 1477 σύνθετος
1590 1447 1604 1472 ὁ
1621 1445 1687 1475 Θεὸς
1704 1444 1732 1477 ἐξ
1760 1443 1856 1472 οὐσίας

1067 1498 1113 1525 καὶ
1133 1497 1283 1531 ποιότητος.
1293 1495 1371 1522 Πᾶσα
1382 1494 1434 1529 γὰρ
1447 1492 1558 1526 ποιότης
1568 1492 1579 1517 ὲ
1588 1500 1596 1517 I
1605 1490 1683 1531 ορσῐᾳ
1696 1490 1765 1516 ἐστι.
1778 1488 1858 1515 Κατὰ

231 1551 363 1576 vacanea,
380 1543 431 1570 nisi
448 1543 509 1578 quis
527 1543 599 1570 dicat
613 1542 697 1568 Deum
713 1549 775 1568 esse
795 1542 878 1576 ipsam
905 1543 1014 1578 sapien-

1069 1543 1145 1571 τοῦτο
1171 1543 1198 1569 δὲ
1221 1544 1238 1577 ἡ
1261 1541 1320 1568 θεία
1340 1541 1434 1574 μονὰς,
1452 1537 1604 1572 ἀδιαίρετος
1614 1525 1708 1564 δοῦσα,
1729 1534 1858 1564 σύνθετος

233 1591 309 1622 tiam,
325 1594 353 1617 et
374 1590 463 1624 ipsum
495 1588 624 1615 Verbum.
641 1590 673 1613 At
697 1588 750 1614 hoc
777 1593 857 1622 pacto
888 1588 947 1622 ipse
974 1591 1014 1616 sui

1069 1590 1228 1624 φανήσεται.
1247 1586 1403 1622 τεμνομένη
1423 1585 1460 1615 εἰς
1477 1583 1572 1610 οὐσίαν
1595 1583 1641 1608 καὶ
1672 1579 1858 1614 συμϐεϐηκός.

233 1637 320 1672 ῐρεὶυε
331 1641 403 1665 ESSt‘t
421 1636 510 1669 Pater,
526 1639 552 1662 et
564 1634 649 1661 Filius
669 1632 770 1660 :Patet'
801 1634 910 1668 quidem
942 1636 1050 1670 quando
1067 1635 1192 1670 sapiens;
1218 1632 1301 1659 Filius
1329 1636 1419 1659 autem
1458 1628 1566 1664 quando
1594 1625 1736 1660 sapientia.
1759 1624 1859 1651 Verum

235 1687 293 1713 haec
307 1692 361 1712 non
383 1688 448 1712 sunt
473 1685 499 1711 in
516 1683 581 1714 Deo,
600 1686 630 1709 ut
645 1682 761 1716 qualitas
780 1683 912 1716 quadam.
928 1684 1014 1710 Absit.
1033 1683 1188 1710 Absurdqu
1216 1681 1288 1707 enim
1315 1680 1366 1706 hoc
1386 1682 1437 1705 est.
1460 1676 1526 1703 Nam
1542 1675 1614 1702 Deus
1632 1674 1682 1700 hoc
1693 1672 1776 1699 modo
1788 1676 1861 1698 esset

236 1733 404 1769 compositus
432 1740 465 1759 ex
499 1731 618 1759 essentia
650 1735 677 1758 et
702 1731 840 1764 qualitate.
874 1729 1010 1764 Siquidem
1036 1730 1125 1756 omnis
1147 1729 1264 1763 qualitas
1279 1730 1321 1754 est
1343 1726 1369 1752 in
1384 1724 1511 1751 essentia.
1534 1722 1568 1749 Et
1590 1722 1641 1748 hoc
1666 1720 1729 1747 dato
1741 1719 1860 1745 divinam

238 1783 381 1816 unitatem,
395 1780 546 1816 quatjdividi
560 1787 613 1807 non
623 1784 721 1813 potest,
736 1778 910 1813 compositam
921 1785 980 1805 esse
989 1782 1134 1810 constaret,
1145 1777 1244 1812 quippe
1252 1782 1311 1810 qum
1327 1774 1354 1801 in
1366 1772 1512 1800 essentiam
1536 1775 1561 1796 el
1571 1768 1697 1796 accidens
1712 1772 1862 1795 secaretur.

504 1826 545 1853 Ea:
583 1826 672 1852 eadem
702 1825 777 1852 libro.

274 1874 507 1909 Quemadmodum
517 1880 581 1899 vere
598 1872 679 1899 Pater
691 1876 744 1903 est,
760 1871 799 1897 sic
812 1870 944 1905 sapientia
961 1877 1024 1896 vere

241 1925 294 1949 est.
317 1920 373 1947 Hac
390 1920 470 1955 igitur
485 1918 592 1945 ratione
631 1918 686 1944 duo
701 1921 773 1948 sunt,
800 1918 928 1951 quoniam
958 1923 1024 1947 non,

243 1964 416 1993 utSabellius
429 1963 566 1998 opinatur,
581 1962 652 1990 idem
664 1966 706 1989 est
720 1961 799 1988 Pater
822 1965 848 1988 et
863 1960 956 1987 Filius.
972 1959 1024 1986 Sed

243 2012 325 2039 Pater
336 2015 377 2038 est
389 2010 479 2040 Pater.
493 2013 520 2037 et
534 2008 617 2036 Filius
636 2013 679 2036 est
697 2007 792 2034 Filius.
816 2006 907 2034 Unum
934 2010 1025 2033 autcm

244 2065 329 2090 sunt;
349 2056 412 2091 quia
425 2055 509 2082 Filius
522 2062 573 2091 per
584 2060 708 2082 naturam
727 2058 768 2081 est
779 2053 906 2081 essentia:
926 2052 1024 2082 l‘atris,

246 2102 481 2138 propriumipsius
497 2101 615 2130 Verbum
638 2101 782 2128 exsistens.
810 2099 868 2126 Hoc
897 2097 1028 2125 Dominus

246 2148 360 2179 docebat
376 2159 382 2177 :
398 2149 464 2184 Ego,
488 2147 624 2183 inquiens,
640 2151 664 2174 et
678 2146 762 2174 Pater
784 2153 866 2171 unum
893 2151 983 2170 unus
1008 2144 1029 2170 ¹.

1296 1821 1347 1846 Ἐκ
1367 1819 1419 1845 τοῦ
1434 1817 1527 1844 αὐτοῦ
1542 1817 1644 1849 λόγου.

1114 1869 1219 1902 ’Ὠσπερ
1233 1866 1339 1902 ἀληθῶς
1353 1865 1458 1899 Πατὴρ,
1467 1862 1552 1893 οὕτως
1564 1860 1668 1895 ἀληθῶς
1684 1859 1775 1893 σοφία.
1789 1859 1864 1886 Κατὰ

1077 1916 1154 1942 τοῦτο
1165 1913 1211 1942 οὖν
1224 1914 1270 1941 δύο
1282 1914 1341 1948 μὲν,
1356 1913 1396 1938 ὅτι
1410 1911 1446 1945 μὴ
1460 1910 1529 1936 κατὰ
1540 1908 1681 1935 Σειῦἐλὶιον
1691 1906 1705 1932 ὁ
1716 1906 1798 1937 αὐτὸς
1815 1907 1865 1932 Πα-

1078 1963 1129 1996 τὴρ
1142 1962 1187 1988 καὶ
1199 1960 1273 1991 Υἱός.
1292 1958 1361 1985 ’Λλλ“
1375 1959 1388 1984 ὁ
1400 1957 1495 1991 Πατὴρ
1509 1955 1613 1989 Πατὴρ.
1629 1953 1676 1979 καὶ
1687 1953 1701 1979 ὁ
1715 1952 1862 1983 Υῐδ;’,Υὶὸς.

1082 1995 1132 2034 Ἒν
1148 2007 1186 2037 δὲ,
1204 2006 1245 2032 ὅτι
1262 2006 1275 2031 ό
1291 2004 1352 2035 Υἱὸς
1367 2002 1416 2036 τῆς
1435 2002 1528 2032 οὐσίας
1546 1999 1595 2025 τοῦ
1614 1999 1720 2031 Πατρός
1737 1998 1796 2022 ἐστι
1815 1995 1864 2029 φύ-

1082 2062 1134 2085 σει,
1160 2053 1224 2083 ἴδιος
1245 2050 1375 2086 ὑπάρχων
1396 2048 1480 2080 Λόγος
1505 2045 1596 2071 αὑτοῦ.
1623 2043 1707 2070 Τοῦτο
1732 2043 1745 2068 ό
1768 2042 1865 2076 Κύριος

1083 2098 1190 2131 ἐλεγενο
1225 2094 1369 2131 Ἐγὼὲκαὶ
1386 2093 1400 2120 ὁ
1427 2091 1527 2124 Πατὴρ
1548 2089 1582 2116 ἓν
1597 2089 1699 2123 ἐσμεν.
1724 2087 1792 2114 Οὔτε
1818 2088 1866 2120 γὰρ

1085 2143 1099 2169 ὁ
1127 2129 1211 2175 Λόγος
1238 2129 1404 2174 κεχώρισται
1427 2135 1474 2163 τοῦ
1499 2135 1622 2170 Πατρός,
1648 2132 1710 2159 οὔτε
1737 2133 1750 2158 ὸ
1777 2132 1867 2164 Πιτὴρ

248 2197 341 2232 Neque
354 2178 557 2224 euim'Verbu'm
574 2201 589 2220 a
605 2178 684 2220 Patre
697 2195 850 2226 separatum
867 2194 920 2222 est,
943 2196 1012 2224 tequ

1084 2188 1180 2222 ἄλογός
1203 2194 1267 2213 ποτε
1281 2183 1326 2221 ἦν,
1342 2185 1358 2219 ἡ
1375 2184 1442 2210 ἐστι.
1457 2183 1512 2209 Καὶ
1532 2181 1545 2207 ὁ
1559 2182 1646 2214 Λόγος
1669 2178 1714 2205 οὖν
1731 2178 1810 2210 Θεὸς,
1825 2178 1869 2204 καὶ

250 2244 330 2270 Pater
340 2243 398 2270 sine
412 2242 502 2269 Verbo
516 2247 636 2275 unquam
664 2238 726 2270 fult,
744 2241 790 2265 aut
800 2240 852 2264 est.
883 2238 974 2268 Quare
1007 2239 1034 2262 et

250 2289 369 2316 Verbum
391 2293 432 2315 est
452 2288 534 2318 Deus,
550 2290 576 2314 et
602 2286 683 2313 Pater
697 2292 752 2311 non
765 2284 825 2311 sine
851 2282 951 2310 Verbo.

516 2332 557 2359 ΕΞ
577 2331 666 2358 eodem
698 2331 773 2356 libro.

291 2380 418 2408 Clil‘iSilh
432 2383 474 2406 est
489 2378 609 2405 Verbum
623 2376 682 2402 Dei.
697 2375 793 2402 Utrum
810 2374 891 2409 igitur
918 2374 956 2400 sic
974 2380 988 2399 a
1007 2380 1038 2399 sc

252 2425 357 2452 exstitit
372 2429 401 2451 ut
416 2431 464 2458 per
476 2430 506 2450 se
527 2421 679 2449 subsistens
690 2420 873 2455 agglutinatus
889 2419 926 2445 sit
936 2418 1007 2446 Patri
1030 2426 1036 2443 :

254 2481 287 2498 an
304 2472 375 2498 Deus
399 2471 486 2504 ipsum
505 2469 577 2498 fecit,
590 2473 618 2495 et
633 2467 750 2494 Verbum
769 2475 847 2494 suum
872 2464 1039 2500 appellavit?

254 2517 283 2544 Si
300 2517 415 2551 primum
429 2515 518 2548 detur,
536 2520 564 2541 ut
579 2522 626 2548 per
638 2521 666 2539 se
683 2512 824 2544 exstiterit,
848 2513 972 2545 Deusque
993 2510 1037 2540 sit,

255 2564 309 2591 duo
329 2566 408 2589 erunt
418 2561 561 2596 principia,
578 2567 666 2593 neque
680 2559 731 2586 erit
741 2566 803 2585 vere
815 2559 939 2592 proprius
950 2557 1039 2583 Patris

256 2609 351 2640 Filius,
383 2608 484 2641 quippe
501 2606 545 2639 qui
578 2613 630 2632 non
649 2605 734 2639 ipsius
752 2605 785 2631 sit
811 2603 906 2632 Patris.
923 2604 969 2630 sed
998 2602 1039 2628 sui

259 2655 362 2689 ipsius;
386 2653 428 2679 sin
444 2652 607 2679 concedatur
629 2651 788 2681 secundum,
808 2650 844 2676 uti
872 2650 1042 2675 exlrinserus

259 2702 346 2728 factus
359 2699 450 2728 fuerit.
468 2698 520 2724 erit
536 2705 580 2724 res
597 2700 747 2730 procreata.
777 2696 921 2730 Reliquum
958 2694 1041 2729 igitur

258 2750 300 2772 est
333 2748 363 2770 ut
378 2743 453 2770 illum
471 2750 504 2769 ex
522 2742 576 2768 Deo
593 2741 714 2768 dicamus
727 2748 797 2768 esse.
816 2740 852 2768 Ut
867 2739 939 2767 aliud
957 2738 992 2766 sit
1004 2738 1042 2770 id,

259 2789 332 2825 quod
352 2796 386 2816 ex
400 2788 492 2821 aliquo
507 2791 558 2819 est,
582 2791 608 2813 et
626 2785 698 2814 aliud
727 2786 761 2813 sit
792 2785 828 2818 id,
843 2793 873 2812 ex
894 2791 949 2819 quo
976 2782 1042 2810 illud

298 2868 304 2882 '
321 2867 398 2894 Joan.
427 2873 452 2891 κ.
469 2864 510 2891 50.

1087 2236 1101 2261 ὁ
1122 2233 1216 2268 Πατὴρ
1231 2232 1280 2259 οὐκ
1293 2231 1400 2264 ἄλογος.

1304 2318 1354 2345 Ἐκ
1370 2316 1423 2343 τοῦ
1440 2314 1533 2342 αὑτοῦ
1549 2313 1652 2347 λόγου.

1129 2368 1159 2394 '0
1173 2366 1289 2402 Χριστὸς
1304 2366 1391 2397 Λόγος
1405 2362 1451 2389 τοῦ
1467 2360 1535 2387 Θεοῦ
1550 2360 1618 2385 ἔστι.
1635 2358 1752 2391 Πότερῡν
1768 2357 1816 2383 οὖν
1829 2355 1870 2389 ἀφ’

1089 2413 1185 2440 ἑαυτοῦ
1213 2411 1326 2445 ὑπέστη,
1355 2409 1403 2435 καὶ
1431 2406 1551 2437 ὑποστὰς
1579 2403 1814 2440 προσκεκό).),ητιι
1836 2402 1869 2435 τῷ

1089 2459 1189 2494 Πατρὶ,
1216 2458 1231 2491 ἢ
1260 2457 1274 2482 ὁ
1297 2455 1363 2486 Θεὸς
1389 2453 1468 2479 αὑτὸν
1483 2450 1628 2485 πεποίηκε,
1653 2449 1700 2475 καὶ
1729 2448 1870 2482 ὠνόμακεν

1089 2493 1185 2532 exuent":
1201 2503 1305 2536 Λόγον;
1323 2501 1355 2528 Εἰ
1380 2499 1429 2534 μὲν
1448 2497 1494 2524 οὖν
1510 2497 1539 2523 τὸ
1558 2496 1677 2531 πρῶτον,
1698 2494 1771 2526 λέγω
1788 2495 1819 2528 δὴ
1844 2493 1870 2518 τὸ

1089 2551 1177 2584 ἑαυτῷ
1199 2550 1314 2582 ὑπέστη,
1339 2546 1386 2572 καὶ
1408 2545 1473 2574 Θεός
1496 2544 1564 2574 ἐστι,
1589 2541 1634 2568 δύο
1650 2542 1682 2567 ἂν
1705 2538 1759 2566 εἷεν
1782 2539 1868 2573 ἀρχαί.

1091 2598 1147 2624 Οὐκ
1164 2582 1241 2621 ἔσται
1255 2593 1283 2618 δὲ
1300 2591 1411 2620 εἰκότως
1428 2588 1488 2614 οὐδὲ
1504 2586 1551 2612 τοῦ
1571 2585 1675 2619 Harpe;
1691 2583 1767 2614 ἴδιος,
1786 2583 1829 2609 διὰ
1843 2582 1869 2606 τὸ

1093 2643 1130 2678 μὴ
1145 2640 1227 2668 αὐτοῦ
1242 2638 1287 2664 τοῦ
1306 2635 1422 2670 [ἰατρὸς.
1439 2633 1496 2660 ἀλλ’
1512 2631 1609 2658 ἑαυτῡῦ
1625 2629 1703 2656 εἶναι.
1722 2630 1752 2655 Ι·ὶί
1767 2629 1795 2654 δὲ
1810 2628 1869 2660 ἕξω-

1092 2673 1137 2715 ὸεν
1151 2685 1309 2719 πεποίηται,
1324 2682 1368 2716 εἴη
1383 2682 1416 2707 ἂν
1430 2679 1542 2713 κτίσμα.
1556 2677 1684 2703 Λείπεται
1699 2675 1732 2710 δὴ
1746 2675 1775 2706 ἑξ
1792 2673 1866 2700 αὑτοῦ

1092 2735 1137 2761 τοῦ
1153 2733 1220 2759 Θεοῦ
1240 2730 1328 2763 λέγειν
1344 2727 1436 2754 αὐτόν.
1456 2725 1486 2751 Εἰ
1502 2724 1530 2750 δὲ
1545 2723 1635 2753 τοῦτο,
1655 2721 1719 2749 ἄλλο
1737 2722 1770 2747 ἂν
1788 2720 1829 2753 εἰη
1843 2718 1868 2742 τὸ

1093 2781 1124 2807 Ex
1144 2786 1226 2809 τινος,
1247 2776 1294 2803 καὶ
1314 2773 1378 2802 ἄλλο
1397 2771 1426 2798 τὸ
1440 2770 1470 2802 ἐξ
1490 2766 1521 2796 οὑ
1541 2769 1610 2795 ἐστι.
1632 2767 1709 2794 Κατὰ
1728 2766 1806 2792 τοῦτο
1822 2766 1867 2799 ἄρα
