1912 3078
67 143 110 175 3H

532 145 720 176 PANOI'LlA
741 144 973 175 DOGMATICA.
989 155 1023 160 —
1042 143 1117 173 TlT.
1138 142 1190 172 Xl.

1626 141 1679 172 3η

67 202 117 228 δύο.
133 201 161 226 Εἰ
175 200 203 226 δὲ
220 201 259 236 μὴ
282 201 328 228 δύο
345 202 399 236 εἴη,
413 201 471 230 ἀλλ’
485 202 531 228 ἐπὶ
548 201 595 228 τοῦ
611 201 694 229 αὑτοῦ
708 203 737 229 τὸ
750 202 845 238 Πατὴρ

901 207 950 230 est.
968 202 1101 236 Atqucita
1127 198 1284 226 eruntduo.
1299 198 1376 232 Quod
1405 198 1428 226 sl
1443 199 1497 226 duo
1528 207 1582 226 non
1612 200 1678 231 sint,

66 247 145 274 καὶτὸ
159 246 221 278 Υἱὸς
235 247 349 281 λέγοιτο,
364 247 439 275 ἔσται
458 248 488 274 τὸ
503 249 568 274 αὐτὸ
584 249 669 274 αἰτιον
693 249 739 275 καίΙ
754 248 841 275 αἰτια-

65 294 114 325 τὸν,
132 294 177 319 καὶ
195 293 363 327 γεννώμενον
390 295 437 320 καὶ
453 294 555 327 γεννῶν
566 314 572 325 ,
591 294 659 329 ὅπερ
678 294 777 321 ἄτοπον
795 293 841 320 ἐπὶ

66 338 106 364 τοῦ
125 338 267 364 Σαϐελλίου
283 338 426 365 δέδεικται.
451 339 480 365 Εἰ
496 339 523 364 δὲ
546 339 575 371 ἐξ
588 339 670 365 αὐτοῦ
694 340 743 374 μέν
758 340 840 372 ἐστιν,

67 384 109 409 οὐκ
123 383 184 409 ἄλλο
197 383 238 414 δὲ,
251 383 327 410 ἔσται
344 385 391 410 καὶ
405 384 507 418 γεννῶν
533 385 580 411 καὶ
596 384 634 419 μὴ
648 385 750 418 γεννῶν
762 392 769 400 '
783 393 842 418 γεν-

69 429 114 454 νῶν
132 429 190 464 μὲν,
207 429 248 455 ὅτι
264 428 294 460 ἐξ
310 429 391 455 αὑτοῦ
407 430 539 465 προφέρει
551 438 558 445 ·
577 429 615 465 μὴ
631 429 732 463 γεννῶν
747 430 786 461 δὲ,
801 430 841 456 ὃτι

69 476 100 508 μὴ
119 475 192 506 ἀλλος
216 474 314 500 ἑαυτοῦ
339 475 424 503 ἐστιν.
445 476 475 502 Εἰ
498 476 525 502 δὲ
540 476 636 506 ςτιῦτο,
658 475 701 509 εἴη
724 475 756 501 ἂν
782 475 841 502 κατ’

67 522 176 547 ἐπίνοιαν
195 521 342 555 λεγόμενος
360 521 374 546 6
396 521 477 553 αὐτὸς
497 521 590 556 Πατὴρ
605 521 652 547 καὶ
671 520 744 552 Υἱός.
761 521 790 547 Εἰ
813 521 842 548 δὲ

67 568 178 600 ἀπρεπὲς
200 567 300 600 οὕτως,
323 567 365 602 εἴη
392 568 414 593 δ’
443 567 475 594 ἂν
503 567 549 594 δύο
573 568 668 602 Πατὴρ
694 568 740 592 καὶ
757 567 840 600 Υἰός”

67 612 91 638 ἓν
113 613 155 644 δὲ,
171 613 212 639 ὅτι
234 614 248 639 6
268 613 330 644 Tib;
345 613 393 639 οὐκ
409 612 518 646 ἔξωθεν,
536 613 593 640 ἀλλ’
619 613 651 640 ὲκ
665 612 733 639 Θεοῦ
749 613 843 647 γεγέν-

67 667 145 692 νηται,
165 659 196 685 Εἰ
216 659 245 685 δὲ
267 658 363 694 φεύγει
381 668 421 690 τις
449 659 478 685 τὸ
495 659 585 693 λέγειν
608 659 745 693 γέννημα,
763 659 843 693 μόνον

65 703 89 729 δὲ
101 703 169 736 λέγει
184 704 319 739 ὑπάρχειν
332 705 378 731 τὸν
393 705 481 738 Λόγον
496 705 544 730 σὺν
560 704 599 738 τῷ
610 703 679 739 Θεῷ,
696 703 843 739 φοῦηθήτω

66 750 78 774 ὁ
89 749 203 780 τοιοῦτος
219 749 259 784 μὴ
273 749 381 784 φεύγων
395 751 426 776 τδ
442 749 493 776 ὑπὸ
503 749 553 784 τῆς
568 749 676 784 Γραφῆς
693 749 843 784 λεγόμενον

67 794 164 830 ἐμπέσῃ
184 795 226 826 εἰς
244 795 378 827 ἀτοπίαν,
394 796 477 830 διφυῆ
495 804 556 822 τινα
574 795 691 828 εἰσάγων
704 795 749 822 τὸν
764 795 841 824 Θεόν.

67 840 105 874 Μὴ
119 840 203 872 διδοὺς
220 841 275 875 γὰρ
289 842 320 867 ὲκ
336 841 383 876 τῆς
399 841 511 876 μονάδος
527 839 598 868 εἶναι
611 841 657 867 τὸν
672 841 769 874 Λόγον,
783 840 841 867 ἀλλ’

892 248 939 276 sed
957 248 990 275 de
1011 247 1107 274 eodem
1121 246 1230 274 dicatur
1243 245 1324 272 Pater
1339 251 1367 272 et
1380 245 1473 276 Filius.
1493 246 1563 272 idem
1581 245 1632 272 erit
1653 250 1681 272 et

892 302 972 322 causa
1001 293 1115 328 etquod
1133 301 1146 319 a
1168 300 1247 319 causa
1263 291 1452 326 proﬁciscitur,
1475 291 1544 318 idem
1569 292 1682 326 gignens

892 346 920 368 et
945 339 1165 376 genitutn.Quod
1186 338 1295 370 quidem
1322 337 1473 364 adsurdum
1499 337 1527 364 in
1555 336 1677 364 Sabellio

892 387 1093 420 deprehensum
1127 389 1180 412 est.
1211 385 1243 410 At
1272 384 1292 410 si
1335 392 1370 410 ex
1397 383 1456 417 ipso
1471 383 1516 415 sit,
1548 383 1594 410 sed
1620 391 1675 410 non

892 432 1033 464 aliud,erit
1042 438 1067 458 et
1075 431 1198 466 gignens,
1211 435 1237 457 et
1250 438 1302 456 non
1312 431 1423 464 gignens
1432 437 1440 460 ;
1449 429 1563 463 gignens
1572 427 1680 462 quidem

891 479 1019 514 quoniam
1044 486 1072 505 se
1095 476 1206 512 profert,
1222 483 1275 502 non
1290 477 1402 511 gignens
1420 481 1521 508 autem,
1543 474 1604 509 quia
1614 474 1681 500 nihil

892 525 976 555 aliud.
987 532 1068 559 quam
1078 531 1107 550 se
1119 523 1231 556 profert.
1243 523 1281 549 Ex
1292 530 1345 556 quo
1355 527 1495 556 sequetur,
1509 526 1539 548 ut
1548 521 1678 555 opinione

893 576 996 598 tantum
1028 570 1098 597 idem
1135 569 1240 596 dicatur
1276 569 1355 595 Pater
1386 573 1412 594 et
1437 568 1533 595 Filius.
1564 566 1630 600 Quae
1658 567 1681 592 si

893 615 1012 642 absurda
1029 619 1104 645 sunt,
1125 614 1180 641 duo
1200 614 1254 641 siut
1267 615 1348 640 Pater
1362 617 1388 639 et
1400 611 1498 639 Filius.
1526 610 1616 638 Unum
1632 617 1682 636 au-

894 665 959 691 tem,
976 659 1037 694 quia
1051 659 1135 686 Filius
1162 667 1216 687 non
1252 658 1422 686 extrinsecus
1437 657 1523 684 factus
1550 660 1602 688 est,
1634 654 1680 683 sed

893 713 924 733 ex
936 705 989 732 Deo
998 706 1120 740 genitus.
1135 704 1214 738 Quod
1224 704 1245 731 si
1259 704 1319 739 quis
1334 704 1455 739 genitqu
1472 706 1579 730 recusat
1590 701 1681 728 dicere

894 756 920 779 et
935 751 1123 778 tantummodo
1156 751 1232 782 dicit,
1261 750 1378 777 Verbum
1410 757 1471 776 esse
1508 756 1570 775 cum
1613 748 1678 778 Deo,

894 803 987 825 caveat
1002 798 1033 830 is,
1051 805 1085 824 ne
1098 797 1162 824 dum
1176 796 1277 832 lugitid
1293 796 1387 831 quoda
1405 795 1544 830 Scriptura
1568 794 1679 825 dicitur,

894 844 921 871 in
938 844 1083 871 absurdam
1096 844 1213 878 aliquam
1230 843 1390 877 opinionem
1424 841 1555 871 incurrat,
1580 843 1607 866 et
1621 847 1679 872 .na-

65 885 148 917 ἁπλῶς
164 886 348 920 κεκολλῆσθαι
365 887 404 921 τῷ
424 887 511 922 [lupi
529 887 632 921 Λόγον,
649 886 732 913 δυάδα
745 886 838 918 οὐσίας

902 896 949 915 ura
965 887 1064 922 duplici
1081 887 1164 914 Deum
1192 886 1356 914 introducat.
1381 885 1432 917 Qui
1461 885 1534 911 enim
1569 891 1625 910 non
1649 890 1681 909 ex

65 931 168 964 εἰσάγει,
185 931 339 967 μηδετέραν
354 932 403 965 τῆς
417 932 511 968 ἐτέρας
522 932 633 968 Πατέρα
644 931 838 967 τυγχάνουσαν.

65 975 96 1002 T6
109 976 171 1003 αὐτὸ
183 977 211 1003 δὲ
229 977 279 1004 καὶ
293 978 359 1013 περί
375 979 526 1014 δυνάμεως.

65 1022 190 1057 duplicem
234 1023 342 1052 inducit
386 1025 543 1058 essentiam,

66 1074 161 1097 testate.

277 1115 327 1142 Ἐκ
344 1115 396 1142 τοῦ
413 1116 507 1142 αὐτοῦ
521 1117 627 1151 λόγου.

103 1161 131 1188 ’0
143 1161 207 1193 Θεὸς
222 1161 316 1196 σοφὸς,
327 1163 374 1188 καὶ
388 1162 437 1188 οὺχ
451 1162 546 1196 ἄλογός
562 1163 648 1196 ἐστιν,
662 1162 678 1198 ἢ
694 1161 847 1189 τούναντίον

69 1207 159 1241 ἄσοφος
175 1208 222 1234 καὶ
234 1207 342 1242 ἄλογος.
360 1208 391 1234 Εἰ
409 1208 458 1242 μὲν
472 1208 519 1235 οὖν
536 1209 567 1235 τὸ
582 1209 716 1243 δεύτερον,
735 1207 848 1234 αὐτόθεν

69 1254 117 1288 ἔχει
129 1255 244 1281 ἀτοπίαν
256 1264 264 1270 ·
279 1255 305 1282 εἰ
319 1255 346 1280 δὲ
359 1255 389 1280 τὸ
405 1255 524 1290 πρῶτον,
542 1256 703 1290 ἐρωτητέον.
720 1255 778 1286 πῶς
791 1255 847 1281 ἐστι

70 1300 150 1334 σοφὸς,
167 1301 213 1327 καὶ
226 1301 279 1327 οὐκ
292 1301 388 1334 ἄλογος
400 1310 407 1333 ς
423 1302 541 1337 Πότερον
552 1301 652 1334 ἔξωθεν
667 1301 790 1336 ἐσχηκὼς
803 1301 847 1327 τὸν

70 1346 147 1379 Λόγον
162 1348 209 1373 καὶ
225 1346 276 1381 τὴν
290 1347 396 1380 σοφίαν,
409 1347 424 1380 ἦ
437 1346 466 1379 ἐξ
483 1347 578 1372 ἑαυτοῦ
593 1355 599 1378 ;
616 1346 646 1372 Εἰ
661 1346 709 1380 μὲν
724 1348 770 1372 οὐν
785 1345 847 1378 ἔξω·

70 1391 118 1423 θεν,
136 1392 211 1419 ἑπται
230 1401 274 1424 τις
286 1393 300 1418 6
318 1391 496 1428 προδεδωκὼς
510 1392 597 1425 αὐτῷ,
612 1392 658 1417 καὶ
676 1392 740 1426 πρὶν
754 1391 846 1418 λαϐεῖν

71 1436 161 1472 haec;
187 1436 221 1474 ἦν
245 1439 294 1465 καὶ
313 1438 408 1471 ἄλογος
419 1446 425 1453 ·
444 1438 468 1464 εἰ
483 1437 510 1464 δὲ
527 1437 557 1469 ἐξ
579 1437 693 1470 ἑαυτοῦ,
710 1437 788 1472 δῆλον
805 1437 846 1465 ὃτι

70 1483 114 1509 οὐκ
133 1483 159 1516 ἐξ
173 1486 222 1511 οὐκ
245 1483 340 1515 ὄντων,
358 1483 419 1510 οὐδὲ
443 1481 476 1518 ἦν
500 1491 577 1515 ποτε,
599 1483 642 1509 ὅτε
657 1484 705 1509 οὐκ
720 1481 765 1518 ἦν.
788 1483 843 1510 ’Λεὶ

892 935 997 962 unitate
1009 933 1128 961 Verbum
1142 940 1202 960 esse
1214 931 1349 964 concedit,
1364 931 1410 958 sed
1427 929 1584 964 simpliciter
1610 928 1682 956 Patri

894 980 1012 1007 Verbum
1037 978 1095 1005 vult
1126 985 1187 1006 esse
1211 978 1388 1012 conjunctum
1420 979 1448 1002 et
1474 975 1680 1011 agglutinatum,

588 1033 704 1060 quorum
745 1029 842 1052 neutra
875 1024 910 1052 sit
935 1025 1047 1052 alterius
1076 1024 1166 1052 Pater.
1209 1023 1336 1058 ldemque
1378 1022 1511 1057 contingit
1566 1020 1600 1048 de
1636 1027 1683 1055 po.

1171 1125 1212 1152 Ea;
1225 1126 1314 1153 eodem
1331 1125 1408 1151 libro.

931 1172 1005 1200 Deus
1025 1177 1073 1200 aut
1089 1173 1197 1207 sapiens
1220 1176 1270 1204 est,
1289 1179 1342 1199 nec
1357 1171 1472 1204 ratione,
1485 1178 1532 1198 seu
1548 1172 1681 1206 oratione,

895 1223 942 1246 aut
958 1217 1047 1245 Verbo
1060 1224 1144 1250 caret,
1159 1222 1206 1245 aut
1219 1222 1314 1244 contra
1330 1217 1473 1250 insipiens,
1491 1221 1517 1243 et
1530 1217 1620 1244 Verbo
1636 1226 1682 1246 ca-

897 1271 971 1290 rens.
989 1264 1048 1290 Hoc
1062 1263 1083 1290 si
1103 1263 1271 1294 admiserint,
1286 1262 1376 1289 statim
1390 1269 1438 1296 per
1453 1269 1483 1289 se
1495 1267 1525 1290 ut
1539 1263 1679 1290 absurdis-

897 1308 995 1334 simum
1010 1312 1129 1335 corruet.
1149 1307 1196 1334 Sin
1210 1306 1276 1334 illud
1292 1306 1488 1337 concesserint,
1499 1307 1684 1341 interrogandi

895 1357 968 1386 sunt,
982 1354 1119 1387 quomodo
1141 1353 1248 1388 sapiens
1262 1354 1306 1384 sit,
1321 1360 1355 1380 ne
1371 1353 1458 1380 Verbo
1471 1359 1571 1380 careat.
1588 1353 1683 1380 Utrum

895 1399 1074 1431 extrinsecus,
1088 1407 1121 1426 an
1152 1407 1184 1426 ex
1208 1406 1238 1426 se
1262 1397 1380 1425 Verbum
1409 1403 1435 1425 et
1456 1399 1616 1432 sapientiam
1635 1399 1684 1425 ba-

895 1446 995 1473 buerit.
1007 1444 1074 1473 Nam
1090 1446 1112 1473 si
1130 1446 1311 1478 extrinsecus,
1330 1444 1445 1472 Verbum
1461 1445 1498 1472 illi
1513 1449 1540 1472 ut
1562 1444 1684 1473 additum

901 1496 929 1518 et
951 1491 1148 1528 agglutinatum
1179 1491 1338 1525 adbatrebit,
1365 1496 1393 1518 et
1421 1493 1480 1526 ipse
1501 1492 1576 1527 prius
1602 1500 1684 1526 quam

70 1529 118 1576 γὲρ
137 1526 188 1564 ἦν·
213 1529 278 1555 ἐπεὶ
310 1529 358 1556 καὶ
380 1526 410 1555 οὗ
441 1531 514 1556 ἔστιν
539 1529 631 1563 εἰκὼν,
654 1531 696 1557 ἀεὶ
719 1530 846 1565 ὑπάρχει.

901 1540 966 1567 illud
987 1542 1189 1572 assequeretur,
1213 1537 1345 1573 insipiens
1367 1542 1425 1565 erat
1452 1542 1479 1564 et
1502 1526 1561 1564 sine
1586 1538 1685 1566 Verbo.

75 1572 131 1598 Ἐὰν
144 1573 170 1599 ἑὲ
183 1573 312 1607 λέγωσιν,
326 1574 367 1600 ὅτι
382 1573 463 1608 σοφὸς
478 1575 528 1609 μέν
540 1575 608 1605 ἐστι,
624 1574 670 1601 καὶ
683 1575 732 1601 οὐκ
743 1574 848 1608 ἄλογος,

73 1621 133 1647 ἰδίαν
144 1622 171 1648 δὲ
184 1622 241 1657 ἔχει
255 1624 283 1649 ἐν
298 1623 387 1657 ἐαυτῷ
403 1623 509 1657 σοφίαν,
525 1625 572 1649 καὶ
583 1622 647 1649 ἴδιον
654 1623 749 1657 Λόγον,
762 1623 791 1648 οὗ
804 1622 850 1649 τὸν

72 1666 178 1701 Χριστὸν
197 1667 237 1699 δὲ,
264 1667 332 1693 ἀλλὰ
354 1668 383 1692 ὲν
403 1663 424 1699 ᾧ
448 1666 496 1692 καὶ
517 1666 562 1693 τὸν
583 1666 700 1701 Χριστὸν
726 1665 849 1700 ἐποίησε,

74 1712 173 1739 λεκτέον
188 1714 229 1740 ὅτι
246 1713 270 1739 εἰ
283 1713 297 1739 6
312 1712 428 1748 Χριστὸς
444 1713 473 1739 ὲν
491 1712 588 1747 ἐκείνῳ
603 1712 642 1746 τῷ
651 1713 729 1747 Λόγῳ
745 1711 851 1745 γέγονε,

74 1757 144 1791 δῆλον
168 1760 208 1786 ὅτι
224 1760 273 1786 καὶ
292 1760 326 1786 τὰ
352 1761 457 1788 πάιτα·
484 1760 529 1785 καὶ
550 1758 629 1790 αὐτὸς
647 1757 680 1785 ἂν
704 1758 757 1792 εἴη,
787 1757 852 1792 περὶ

74 1799 99 1829 ὦ
125 1805 194 1838 λέγει
215 1806 230 1831 ὁ
258 1804 394 1841 Ἰωάννης,
423 1805 524 1832 Πάντα
544 1805 582 1831 δι’
601 1804 696 1832 αὑτοῦ
719 1804 850 1838 ἐγένετο.

76 1850 123 1875 Καὶ
145 1852 159 1877 ὁ
172 1851 229 1877 Ta)
238 1851 324 1886 μῳδὺς
337 1851 389 1883 -δὲ,
408 1851 509 1878 Πάντα
523 1851 558 1876 ἐν
578 1850 671 1884 σοφίῃ
694 1850 851 1884 ἐποίησας.

77 1897 251 1931 Εὐρεθήσεται
270 1898 297 1924 δὲ
318 1899 332 1925 6
346 1897 463 1933 Χριστὸς
479 1897 643 1931 ψευδόμενος
657 1897 753 1931 λέγων,
779 1895 853 1931 Ἐγὼ

75 1940 105 1966 ἐν
124 1941 162 1973 τῷ
184 1943 288 1976 Harp),
307 1942 382 1973 ὄντος
404 1942 498 1977 ἑτέρου
521 1943 550 1968 ὲν
567 1942 604 1974 τῷ
627 1942 722 1976 Πιτρί.
747 1941 800 1967 Καὶ
812 1941 853 1974 τὸ,

81 1986 104 2012 ’0
116 1988 206 2021 Λόγος
219 1988 297 2022 σὰρξ
308 1988 436 2022 ἐγένετο,
452 1988 500 2013 οὐκ
513 1987 613 2022 ἀληθὲς
625 1988 685 2013 κατ’
698 1987 806 2018 αὐτούς.
821 1987 854 2014 ΙΞὶ

78 2031 125 2066 γὰρ
142 2033 168 2058 ὲν
188 2029 210 2066 ᾧ
228 2032 263 2059 τὰ
279 2033 368 2059 πάντα
384 2032 503 2066 ἐγένετο,
522 2032 602 2062 αὐτὸς
619 2031 727 2065 ἐγένετο
743 2031 822 2066 σὰρξ,
839 2032 853 2058 6

77 2077 101 2103 δὲ
115 2078 225 2113 Χριστὸς
239 2079 289 2105 οὐκ
303 2078 375 2105 ἐστι]
387 2079 401 2104 ὁ
416 2079 445 2104 ὲν
459 2078 499 2112 τῷ
516 2077 602 2113 Πατρὶ
617 2078 712 2111 Λόγος,
728 2077 762 2103 δι’
777 2076 808 2104 οὒ
821 2077 854 2103 τὰ

77 2124 158 2151 πάντα
176 2124 295 2159 ἐγένετο.
320 2125 374 2158 ἄρα
391 2126 404 2151 6
425 2125 512 2158 Λόγος
531 2124 561 2150 οὑ
585 2125 679 2157 γέγονε
698 2123 776 2158 σὰρξ,
796 2123 855 2150 ἀλλ’

78 2167 135 2200 ἴσως
147 2168 294 2204 ὠνομάσθη
309 2170 394 2203 Λόγος
405 2171 419 2196 6
431 2170 557 2204 Χριστὸς.
573 2169 626 2195 Καὶ
638 2169 661 2194 εἰ
677 2168 765 2201 τοῦτο,
779 2168 855 2204 πρῶ-

903 1585 949 1613 Sin
965 1593 999 1613 ex
1015 1592 1056 1617 se,
1071 1584 1241 1619 perspicttum
1258 1584 1382 1616 est,illud
1397 1591 1451 1610 non
1467 1591 1498 1610 ex
1515 1583 1600 1611 nihilo
1617 1591 1686 1611 eon-

901 1632 1013 1663 stitisse,
1042 1639 1130 1665 neque
1157 1630 1240 1657 fuisse
1270 1637 1399 1664 unquam,
1426 1637 1487 1656 emn
1510 1637 1563 1656 non
1592 1634 1684 1662 esset;

901 1685 1010 1712 semper
1025 1677 1096 1704 enim
1114 1676 1173 1708 fuit,
1189 1676 1316 1710 quoniam
1334 1680 1360 1703 et
1377 1675 1410 1707 is,
1435 1675 1612 1711 eujusimago
1633 1680 1685 1705 est.

901 1730 1008 1757 semper
1022 1726 1071 1748 est.
1089 1721 1165 1754 Quod
1181 1721 1202 1748 si
1220 1720 1350 1751 dixerint,
1374 1720 1459 1747 Deum
1481 1720 1590 1754 quidem
1624 1727 1686 1747 esse

902 1770 1064 1804 sapientem,
1082 1776 1135 1796 nec
1149 1767 1239 1795 Verbo
1260 1773 1366 1799 vacare,
1380 1767 1426 1793 sed
1442 1766 1577 1800 propriam
1594 1766 1620 1792 in
1643 1773 1687 1792 se-

903 1817 962 1850 ipso
997 1814 1157 1850 sapientiam
1185 1818 1213 1840 et
1233 1812 1375 1848 proprium
1400 1811 1518 1839 Verbum
1551 1811 1686 1842 obtinere.

903 1861 974 1896 quod
991 1865 1079 1887 tamen
1101 1867 1155 1886 non
1174 1859 1208 1885 sit
1222 1858 1358 1889 Christus,
1381 1865 1442 1884 cum
1458 1857 1485 1883 in
1500 1864 1532 1884 eo
1548 1856 1686 1885 Clll‘lSlUln

904 1907 985 1935 etiam
1007 1906 1125 1938 fecerit;
1143 1904 1361 1940 respondendum
1388 1903 1449 1935 erit,
1471 1903 1492 1930 si
1518 1903 1643 1930 Christus
1660 1903 1686 1930 in

905 1953 950 1980 illo
967 1953 1054 1980 factus
1068 1956 1119 1982 est,
1135 1957 1163 1978 et
1180 1950 1269 1977 omnia
1286 1949 1413 1976 nimirum
1434 1948 1462 1975 in
1479 1948 1524 1975 illo
1550 1948 1634 1975 fuisse
1650 1948 1689 1974 fa-

905 2004 958 2030 cta,
978 2003 1006 2025 et
1019 2005 1079 2024 esse
1099 1996 1217 2024 Verbum
1241 1995 1315 2025 illud.
1329 1994 1362 2021 de
1376 2001 1428 2028 quo
1446 1999 1472 2020 et
1485 1993 1612 2025 Joannes,
1627 1992 1689 2020 0m-

906 2043 961 2074 m'a,
979 2042 1076 2076 inquit,
1091 2050 1135 2075 per
1152 2042 1235 2075 ipsum
1253 2040 1325 2073 facta
1339 2043 1399 2065 sunt
1414 2039 1421 2054 ¹
1436 2047 1446 2065 ;
1463 2043 1490 2065 et
1508 2037 1590 2064 David
1602 2058 1608 2068 ,
1628 2038 1689 2065 0m-

906 2088 960 2120 uia,
972 2087 1068 2120 inquit,
1092 2086 1119 2112 in
1144 2085 1276 2118 sapientia
1304 2082 1425 2117 fecisti’.
1447 2081 1526 2114 Quod
1554 2081 1576 2107 si
1617 2080 1688 2107 aliud

906 2131 1022 2159 Verbum
1039 2131 1065 2157 in
1081 2129 1158 2156 Patre
1181 2129 1227 2161 sit,
1240 2128 1364 2155 Christus
1393 2126 1508 2153 mendax
1535 2126 1688 2160 deprehen-

906 2178 994 2210 detur,
1019 2184 1080 2203 eum
1111 2175 1195 2203 dicit:
1214 2174 1269 2210 Ego
1291 2175 1318 2200 in
1337 2173 1429 2204 Patre,
1444 2177 1468 2199 et
1495 2171 1576 2199 Pater
1606 2172 1632 2198 in
1650 2179 1690 2198 me

77 2221 118 2239 τον
135 2215 182 2248 μὲν
197 2215 275 2246 tilio;
296 2215 329 2242 ἂν
345 2216 388 2250 εἴη
406 2215 480 2251 παρὰ
497 2216 526 2240 τὺ
544 2216 629 2250 ὃνομα
641 2222 647 2229 ”
665 2215 759 2241 ἔπειτα
772 2215 802 2241 οὐ
822 2215 849 2241 δι“

908 2229 944 2251 est
964 2223 984 2250 ³.
1011 2222 1078 2249 Illud
1105 2225 1169 2248 Item
1205 2220 1301 2246 falsum
1327 2227 1386 2246 esse
1409 2217 1554 2245 constabit:
1580 2217 1690 2244 Verbum

79 2261 153 2287 αὐτοῦ
169 2262 278 2296 ἐγένετο
292 2261 325 2288 τὰ
341 2262 440 2295 πάντα,
459 2261 516 2289 ἀλλ’
535 2263 564 2287 ὲν
583 2261 690 2295 ἐκείνῳ,
704 2261 732 2287 ὲν
746 2257 768 2295 ᾧ
784 2261 830 2287 καὶ
842 2260 856 2286 6

79 2306 197 2340 Χριστός.
223 2308 255 2335 Εἰ
274 2307 303 2334 δὲ
325 2308 440 2342 φήσαιεν
455 2309 499 2342 id);
522 2307 653 2341 ποιότητα
675 2304 744 2333 εἰναι
769 2308 798 2333 ὲν
817 2306 856 2341 τῷ

83 2353 162 2388 "arpi
178 2354 227 2389 τὴν
245 2354 352 2387 σοφίαν,
369 2354 386 2388 ἢ
402 2354 566 2387 αὐτοί-πυρίαν
582 2351 662 2383 εἶναι,
679 2353 857 2388 ἀκολουθήσει

82 2399 111 2424 1'1
129 2399 232 2432 ἄτοπα,
249 2401 284 2427 τὰ
300 2401 328 2426 ὲν
347 2401 403 2431 τοῖς
424 2400 579 2434 ἔμπροσθεν
599 2399 743 2434 εἰρημένα,
763 2398 859 2425 Ἔσται

83 2444 130 2478 γὰρ
143 2445 277 2479 σύνθετος,
294 2447 340 2473 καὶ
357 2447 437 2478 αὐτὸς
450 2446 547 2473 ἑαυτοῦ
563 2446 625 2477 Υἰῗς
649 2446 696 2472 καὶ
710 2446 805 2480 Πατὴρ
816 2453 859 2478 γι-

84 2490 197 2523 νόμενος.
219 2493 292 2527 Πλὴν
312 2493 471 2526 ἐλεγκτέον,
489 2492 537 2518 καὶ
553 2491 728 2526 δυσωπητέον
743 2491 841 2522 αὐτοὺς
851 2510 859 2523 ,

85 2536 121 2562 δτι
134 2537 148 2562 ὁ
163 2539 190 2564 ὲν
206 2539 244 2573 τῷ
265 2539 324 2574 Θεῷ
339 2539 425 2571 Λόγος
441 2540 490 2565 οὐκ
505 2538 538 2565 ἂν
559 2539 601 2573 εἴη
616 2538 736 2572 κτίσμα,
755 2537 814 2563 οὐδὲ
828 2538 860 2563 ὲκ

85 2584 126 2607 τοῦ
141 2583 176 2617 μὴ
190 2583 264 2615 ὄντος
281 2585 355 2616 ὄντος
369 2584 398 2611 δὲ
413 2584 487 2616 ἅπαξ
501 2584 529 2610 ὲν
543 2583 602 2618 Θεῷ
618 2583 714 2617 Λόγου,
730 2583 809 2614 αὐτὸς
826 2583 860 2609 ἂν

86 2627 123 2661 εἴη
140 2628 154 2654 6
167 2629 292 2664 Χριστὸς,
309 2630 322 2655 6
341 2630 436 2663 λέγων,
460 2629 532 2662 Ἐγὼ
550 2629 584 2655 ἐν
599 2629 638 2661 τῷ
654 2629 754 2662 Πατιλί,
775 2629 823 2655 καί
841 2629 858 2656 ό

86 2673 179 2707 Πατὴρ
207 2675 241 2701 ὲν
262 2675 338 2709 ὲμοί,
365 2676 379 2701 6
399 2675 443 2701 δὰ
466 2674 544 2700 τοῦτο
566 2675 613 2700 καὶ
638 2673 784 2709 μονογενὴς
809 2673 857 2701 ὥν.

92 2716 195 2755 Ἐπειδὴ
208 2720 255 2746 οὐκ
269 2721 349 2751 ἄλλος
363 2728 404 2751 τις
420 2719 451 2753 ἐξ
467 2719 548 2746 αὑτοῦ
563 2719 707 2754 ἐγεννήθη.
723 2717 768 2751 Εἷς
783 2716 860 2751 οὗτος

89 2762 156 2795 Tios,
168 2764 197 2795 ὅς
212 2765 268 2792 ἔστι
282 2765 378 2800 Λόγος,
395 2765 485 2800 σοφία,
498 2764 621 2800 δύναμις.
640 2765 677 2792 οὐ
694 2764 748 2799 γὰρ
764 2763 858 2791 σύνθε-

123 2831 220 2861 ‘Joan.
248 2842 266 2865 i,
281 2833 307 2860 5.
359 2834 370 2849 ²
383 2833 452 2861 Psal.
470 2841 495 2866 κ,
510 2833 556 2861 24.

905 2277 968 2296 caro
996 2269 1095 2302 factum
1122 2271 1159 2293 est
1176 2266 1198 2292 ’⁸.
1214 2266 1293 2296 Nam,
1309 2265 1340 2297 si;
1360 2263 1488 2295 Verbum,
1508 2264 1534 2290 in
1552 2271 1605 2298 quo
1620 2263 1690 2290 facta

906 2317 970 2341 sunt
983 2311 1084 2343 omnia,
1114 2310 1213 2338 factum
1227 2313 1268 2336 est
1285 2316 1359 2342 caro,
1385 2308 1509 2335 Christus
1529 2313 1619 2334 autent
1637 2315 1690 2334 non

908 2361 949 2384 est
965 2356 1083 2384 Verbqu
1106 2355 1170 2382 illud
1185 2362 1200 2381 a
1222 2353 1312 2384 Patre,
1335 2361 1383 2388 per
1410 2353 1482 2387 quod
1506 2352 1597 2379 cninia
1621 2352 1690 2378 facta

908 2406 982 2433 sunt,
998 2401 1114 2428 Verbum
1131 2401 1223 2435 utique
1234 2407 1298 2427 caro
1310 2399 1408 2426 factum
1427 2406 1481 2425 non
1494 2403 1544 2429 est,
1560 2398 1606 2424 sed
1624 2398 1692 2424 forte

908 2447 1034 2474 Christus
1050 2445 1206 2472 nominatus
1221 2448 1264 2471 cst
1286 2443 1418 2470 Verbum.
1446 2441 1483 2469 Ex
1495 2449 1549 2476 quo
1575 2440 1691 2476 primum

909 2492 1043 2526 sequitur,
1063 2496 1093 2518 ut
1105 2490 1177 2518 aliud
1191 2489 1237 2521 sit.
1252 2496 1332 2523 quam
1355 2495 1454 2515 nomen
1479 2487 1591 2518 iudicat,
1613 2485 1692 2512 dein-

909 2539 952 2570 de,
970 2544 1000 2564 ut
1013 2545 1066 2565 non
1082 2544 1129 2571 per
1142 2536 1231 2571 ipsum
1244 2535 1314 2562 facta
1331 2535 1386 2561 sint
1404 2535 1508 2566 omnia,
1525 2533 1572 2559 sed
1587 2532 1615 2558 in
1631 2531 1687 2562 illo,

910 2583 936 2610 in
955 2590 1008 2618 quo
1029 2587 1056 2609 et
1071 2581 1207 2609 Christus.
1224 2579 1301 2613 Quod
1321 2580 1343 2606 si
1357 2578 1530 2614 sapientiam,
1546 2581 1592 2603 aut
1606 2575 1692 2610 ipsam

913 2628 1076 2662 sapientiam
1092 2626 1249 2661 qualitatem
1265 2633 1326 2652 esse
1344 2624 1461 2652 dixerint
1476 2623 1503 2650 in
1531 2622 1586 2649 Deo
1601 2621 1691 2650 Patre.

912 2674 1020 2704 eadem.
1041 2680 1100 2708 quae
1120 2679 1200 2706 supra
1219 2671 1290 2698 dicta
1308 2675 1381 2700 sunt,
1402 2668 1574 2696 incommoda
1597 2674 1694 2694 conse-

914 2723 1044 2753 quentur,
1060 2722 1130 2745 utet
1145 2717 1312 2751 compositus
1335 2715 1379 2747 sit,
1400 2719 1427 2742 et
1442 2715 1499 2748 ipse
1523 2713 1608 2747 ipsius
1637 2715 1693 2736 tum

911 2763 1007 2795 Filius,
1023 2766 1078 2789 tum
1094 2761 1184 2788 Pater.
1200 2762 1326 2788 Attamen
1347 2767 1395 2787 eos
1424 2758 1487 2786 inde
1512 2755 1638 2791 redargui
1666 2759 1694 2782 et

606 2832 616 2847 ³
628 2831 707 2860 Joan.
741 2839 796 2866 xtv,
814 2831 856 2858 10.
894 2829 905 2846 ⁸
919 2829 998 2858 Joan.
1015 2836 1035 2862 ι,
1050 2828 1092 2856 Η.
