1912 3078
68 159 127 190 345

68 215 261 250 ὑπερύψωσεν.
277 216 322 242 Ἐν
333 215 469 252 ἀνθρώπῳ
479 215 533 252 γὰρ
545 216 583 245 ὢν
596 218 610 243 ό
623 217 707 252 Λόγος

524 161 710 192 PANOPLIA
729 161 958 193 DOG\lATlCA.
976 174 1011 180 -
1030 162 1106 192 TIT.
1129 162 1182 192 X1.

778 218 863 254 ὕπερ-
873 221 893 247 A
905 220 951 255 qui
968 220 1024 248 inec
1037 219 1187 255 acciperet;
1204 227 1254 248 nec
1264 220 1326 248 item
1342 227 1441 256 purum
1450 219 1569 247 Verbum
1582 219 1626 247 his
1636 227 1696 254 pos-

1642 160 1697 192 346

69 260 162 295 ὑψωσε
179 261 226 287 τὸν
241 261 385 296 ἄνθρωπον
395 270 402 277 ⁸
415 263 461 289 καὶ
474 263 501 289 ὲν
516 262 650 299 ἀνθρώπῳ
663 263 738 296 liv-co;
750 263 795 291 τοῦ
811 265 856 292 Λύ-

910 271 946 294 set
963 266 1082 302 indigere
1098 275 1104 294 :
1121 266 1298 301 conjunctum
1311 266 1393 301 igitur
1408 266 1487 293 nobis
1499 271 1541 293 est
1555 265 1693 298 Verbum,

74 314 130 340 (ou,
144 305 241 333 ἐλαϐεν
256 307 270 332 ό
283 305 435 342 ἄνθρωπος.
457 307 532 334 Ἐπεὶ
548 305 594 334 οὖν
608 308 656 334 τοῦ
678 308 764 342 Λόγου
786 308 861 341 ὄντος

70 353 99 378 ὲν
115 351 200 387 σαρκὶ
209 372 217 384 ,
237 352 331 387 ὑψώθη
341 353 354 379 ό
370 352 512 388 ἄνθρωπος
524 373 531 385 ,
550 354 596 380 καὶ
610 353 705 380 ἐλαϐεν
719 354 840 388 ἐξουσίαν
852 363 860 371 ·

69 397 114 423 διὰ
128 397 208 423 τοῦτο
223 398 262 428 εἰς
278 397 324 423 τὸν
347 397 433 431 Λόγον
459 398 625 435 ἀναφέρεται
647 399 732 426 ταῦτα
743 421 749 431 ,
768 399 861 436 ἐπειδὴ

69 443 103 469 δι’
117 443 200 469 αὑτὸν
213 443 290 478 ἐδόθη
300 452 306 458 θ
319 443 362 469 διὰ
374 443 428 478 γὰρ
439 443 484 470 τὸν
497 445 525 470 ὲν
540 445 674 481 ἀνθρώπῳ
687 445 771 480 Λόγον
784 446 860 482 ἐδόθη

69 487 158 516 ταῦτα
174 488 208 515 τὰ
219 489 387 524 χαρίσματα.
405 489 459 516 Καὶ
474 489 568 526 ὥσπερ
580 492 594 517 ό
612 491 698 525 Λόγος
718 491 786 528 σὰρξ
801 492 863 527 ἐγέ-

69 543 145 566 νετο,
163 534 236 560 οὕτω
261 535 309 561 καὶ
325 535 339 560 ὑ
360 534 501 570 ἄνθρωπος
523 535 557 562 τὰ
573 535 616 562 διὰ
639 537 685 563 τοῦ
709 537 796 572 Λόγου
821 537 861 564 εῖ-

67 580 151 616 ληιρε.
165 580 258 608 Πάντα
282 580 337 615 γὰρ
353 581 404 607 ὅσα
424 581 438 606 ὁ
461 581 603 616 ἄνθρωπος
621 581 732 617 εἴληφεν
745 601 752 613 ,
773 584 786 609 ὁ
809 584 860 610 Λό-

68 634 119 660 γος
205 625 312 660 λέγεται
323 625 462 661 εἰληφέναι
472 635 479 641 ·
494 627 538 653 ἵνα
549 627 652 662 δειχθῇ,
668 627 709 654 ὅτι
727 626 777 653 οὐκ
787 626 860 658 ἄξιος

70 672 109 699 ὢν
122 673 136 699 ὁ
154 673 296 709 ἄνθρωπος
311 674 415 706 λαϐεῖν,
432 676 493 702 ὅσον
505 674 571 711 ἧκεν
592 677 631 708 είς
644 677 694 712 τὴν
710 676 792 703 αὑτοῦ
811 676 861 710 φύ-

69 725 126 750 ςιίν⁹
144 719 220 754 ὅμως
235 719 278 746 διὰ
302 720 348 746 τὸν
368 720 512 755 γενόμενον
530 721 618 757 σάρκα
632 723 715 756 Λόγον
739 722 858 758 εἴληφεν.

70 763 155 790 Ὅθεν
168 764 215 791 ὲάν
229 774 253 791 τι
266 765 378 800 λέγηται
392 766 508 793 δίδοσθαι
520 767 559 802 τῷ
575 767 679 802 Κυρίῳ1
695 768 711 802 ἦ
731 776 757 794 τι
773 767 859 794 τοιοῦ-

67 818 126 840 τον,
145 813 216 837 νοεῖν
229 811 270 838 δεῖ
286 811 323 847 μὴ
342 813 416 848 αὐτῷ
430 813 468 844 ὡς
491 813 619 849 χρῄζοντι
727 811 858 844 δίδοσθαι,

67 855 138 882 ἀλλά
150 855 190 891 τῷ
203 857 337 892 ἀνθρώπῳ
348 858 392 884 διὰ
405 858 452 884 τοῦ
469 859 563 893 Λόγου.
584 859 638 886 Καὶ
657 859 711 894 γὰρ
727 859 781 890 πᾶς
792 867 858 894 πρε-

908 316 1024 346 ttuthue
1036 319 1086 340 nos
1098 311 1240 347 potestatis
1254 311 1398 346 participes
1418 311 1534 339 reddidit
1549 316 1576 339 et
1590 312 1694 339 exalta-

907 358 953 384 vit.
968 357 1084 385 Verbum
1094 357 1227 392 siquidem
1240 358 1267 384 itt
1281 358 1391 385 homine
1401 358 1545 388 exsisteus.
1556 358 1693 384 hominem

907 404 1037 431 exaltavit
1054 412 1060 430 :
1081 409 1108 431 et
1124 403 1212 430 Verbo
1229 404 1292 430 item
1309 403 1336 430 in
1356 403 1466 430 homine
1486 404 1634 431 exsistente
1650 411 1696 430 ac—

908 450 979 484 cepit
991 450 1081 477 homo.
1093 449 1162 482 Quia
1176 457 1240 484 ergo
1250 449 1339 476 Verbo
1353 450 1379 476 in
1389 457 1472 476 carne
1483 449 1641 479 exsisteute.
1651 457 1699 475 ex-

908 496 1008 523 altatus
1021 496 1103 523 homo
1113 500 1165 528 est,
1176 500 1392 530 potestatemque
1405 494 1519 528 accepit,
1530 494 1632 520 idcirco
1646 493 1698 520 ista

908 542 942 569 ad
954 541 1071 569 Verbum
1081 541 1244 574 referuntur,
1255 541 1477 576 quandoquidetn
1488 544 1596 574 propter
1608 540 1697 574 ipsum

909 591 971 616 dita
985 595 1058 617 sunt.
1079 589 1141 617 Haec
1155 590 1228 617 enim
1247 589 1316 615 dona
1335 592 1444 623 propter
1467 586 1586 614 Verbum
1604 586 1630 612 in
1646 586 1696 612 lto—

911 635 983 662 mine
997 635 1131 662 ersistens
1151 643 1279 663 Concessa
1295 639 1368 662 sunt.
1384 633 1458 660 Unde
1467 632 1696 667 quemadmodum

916 676 1032 703 Verbum
1046 685 1112 704 caro
1126 677 1225 704 factum
1241 681 1281 704 est
1296 686 1301 703 :
1319 676 1354 703 ita
1369 682 1395 703 et
1412 676 1494 703 homo
1508 683 1568 710 qua:
1579 677 1694 710 accepit,

912 729 959 755 per
974 721 1092 749 Verbum
1106 722 1219 757 accepit.
1234 721 1330 749 Omnia
1341 722 1413 749 enim
1428 729 1488 756 quae
1508 721 1589 748 homo
1614 727 1694 748 acce-

912 767 961 801 pit,
979 767 1097 795 Verbum
1117 769 1254 802 acet-pisse
1265 768 1364 794 dicitur
1380 777 1385 794 :
1409 773 1438 794 ut
1462 766 1587 793 videlicet
1602 771 1694 793 osten-

911 814 1030 845 deretur,
1045 815 1174 849 quoniatu
1191 814 1270 840 homo
1286 821 1334 848 pro
1348 821 1404 840 sme
1423 817 1526 839 naturm
1539 812 1694 839 conditione

911 859 1009 894 dignus
1025 868 1077 886 non
1097 864 1178 890 esset.
1204 860 1249 894 qui
1285 860 1329 886 illa
1345 859 1489 893 acciperet,
1505 866 1552 893 per
1575 857 1693 885 Verbum

68 899 177 926 σϐεύων
189 901 257 936 ὑπὲρ
266 901 357 933 ἄλλον,
365 902 447 934 αὐτὸς
456 903 504 938 τὴν
512 903 592 938 χάριν
602 903 745 938 λαμϐάνει,
755 904 783 930 οὐ
796 903 856 939 χρῇ·

911 913 1020 932 carnem
1043 905 1155 937 factum,
1174 913 1204 932 ea
1233 905 1307 932 illum
1333 905 1479 939 accepisse.
1509 903 1642 936 Quocirca
1669 902 1692 930 si

67 946 133 978 ζων,
154 947 225 973 ἀλλὰ
235 947 279 974 διὰ
293 948 339 975 τὸν
355 949 425 984 ὑπὲρ
442 945 472 975 οὗ
491 950 646 985 πρεσϐεύει.

914 951 977 987 quid
992 951 1107 978 Domino
1122 951 1214 978 datutn
1226 959 1295 982 esse,
1311 951 1352 977 vel
1381 950 1481 985 aliquid
1503 949 1692 984 hujuscemodi

65 992 179 1022 dicitur.
195 993 398 1028 intelligendum
413 999 454 1021 est
469 1002 521 1021 non
538 995 563 1022 ei
582 1000 710 1029 tanquam
726 994 856 1030 indigenti
875 995 961 1023 fuisse
986 997 1089 1028 datum,
1119 996 1165 1023 sed
1184 995 1286 1022 homini
1310 1003 1357 1029 per
1378 995 1464 1030 ipsum
1487 993 1616 1021 Verbum.
1631 992 1694 1019 Ete-

66 1038 124 1064 nim
142 1038 267 1072 quisquis
281 1046 330 1073 pro
346 1039 400 1065 alio
414 1038 564 1071 intercedit,
585 1040 700 1074 gratiam
728 1039 784 1073 ipse
807 1039 916 1074 accipit,
934 1048 986 1066 non
1009 1041 1073 1075 quia
1088 1040 1216 1074 indigeat,
1232 1040 1277 1067 sed
1299 1044 1407 1074 propter
1425 1040 1498 1066 illum
1517 1039 1596 1073 cujus
1609 1045 1692 1066 causa

66 1083 224 1110 intercedit.

148 1129 256 1164 Ὠσπερ
270 1130 324 1164 γὰρ
338 1129 387 1160 τὰς
401 1129 543 1161 ἀσθενείας
631 1130 710 1165 ἡμῶν
725 1130 857 1165 λαμϐάνει

63 1175 116 1200 οὐκ
131 1174 265 1205 ἀσθενῶν,
282 1175 330 1201 καὶ
352 1175 431 1209 πεινᾷ
454 1175 484 1200 οὑ
505 1175 615 1207 πεινῶν,
637 1175 705 1202 ἀλλὰ
723 1176 758 1202 τὰ
779 1175 856 1210 ἡμῶν

63 1220 227 1254 ἀναπέμπει
244 1220 284 1250 εἰς
299 1220 329 1246 τὸ
347 1218 536 1255 ἐξαλειφθῆναι
547 1229 555 1236 ο
573 1220 644 1247 οὕτω
663 1221 712 1252 τὰς
729 1222 788 1248 ἀντὶ
803 1221 857 1247 τῶν

63 1265 215 1292 ἀσθενειῶν
304 1264 378 1300 παρὰ
389 1265 455 1291 Θεοῦ
471 1265 575 1301 δωρεὰς
594 1266 675 1292 πάλιν
692 1266 772 1297 αὐτὸς
786 1266 858 1300 δέχε-

63 1319 120 1342 ται,
134 1311 180 1336 ἵνα
195 1311 338 1345 συναφθεὶς
353 1311 495 1346 ἄνθρωπος
511 1312 672 1346 μεταλαῦεῖν
686 1311 796 1347 δυνηθῇ.
811 1311 857 1338 Λέ-

63 1363 109 1389 γει
128 1354 194 1389 γοῦν
213 1356 228 1381 ὁ
255 1355 370 1390 Κύριος·
397 1355 498 1382 Πάντα
519 1356 577 1382 ἴσα
590 1356 720 1389 δέδωκάς
731 1365 792 1391 μοι,
810 1355 857 1382 δέ-

64 1399 148 1426 Jama
176 1399 294 1431 αὐτοῖς·
321 1400 367 1426 καὶ
397 1400 497 1432 πάλιν,
520 1400 604 1434 Ὑπὲρ
626 1400 726 1427 αὐτῶν
749 1400 854 1434 ἐρωτῶ.

71 1444 185 1480 Ἥρὼτα
200 1445 254 1480 γὰρ
269 1445 339 1480 ὑπὲρ
357 1445 433 1480 ἡμῶν
449 1445 482 1472 τὰ
496 1445 574 1481 ἡμῶν
591 1439 794 1481 ἀναδεχόμενος,
809 1447 856 1473 καὶ

64 1490 154 1516 ἐδίδου
172 1490 190 1516 a
205 1489 366 1525 ἐλάμϐανεν.
389 1490 497 1526 Ἐπειδὴ
518 1489 584 1523 οὖν,
608 1492 787 1526 συναφθέντος
808 1491 855 1518 τοῦ

64 1537 155 1570 Λόγου
177 1534 216 1568 τῷ
228 1535 374 1571 ἀνθρώπῳ,
398 1537 437 1568 εὶς
453 1536 499 1562 τὸν
512 1536 596 1570 Λόγον
617 1537 776 1564 ἀποϐλέπων
793 1539 856 1572 ἐχα-

985 1129 1117 1155 Nimirum
1139 1128 1364 1162 quemadmodum
1391 1132 1498 1155 nostras
1519 1128 1690 1156 infirmitates

911 1175 968 1209 ipse
983 1181 1036 1201 non
1056 1174 1180 1200 infirmus
1193 1174 1322 1207 suscepit,
1339 1179 1365 1200 et
1376 1173 1487 1200 esurivit
1500 1174 1624 1208 quamvis
1638 1181 1691 1200 non

909 1219 1043 1250 esuriens,
1060 1223 1088 1245 ut
1104 1223 1197 1245 nostra
1221 1217 1294 1244 Patri
1310 1217 1426 1245 offerens
1440 1218 1541 1245 deleret
1555 1227 1562 1245 :
1581 1217 1617 1244 ita
1645 1225 1692 1249 pro

910 1264 1123 1295 inﬁrmitatibus,
1140 1263 1211 1290 dona
1237 1271 1252 1290 a
1278 1263 1331 1289 Deo
1352 1263 1408 1297 ipse
1433 1263 1540 1296 accipit,
1556 1268 1585 1289 ut
1610 1263 1692 1290 homo

909 1310 960 1345 ipsi
977 1310 1139 1345 coniunctus
1157 1310 1252 1336 borum
1270 1309 1404 1344 particeps
1421 1317 1481 1335 esse
1506 1313 1596 1343 queat.
1622 1308 1691 1336 Hinc

910 1357 966 1390 ipse
981 1356 1037 1382 ait:
1051 1355 1146 1383 Omnia
1157 1363 1316 1390 quwcunque
1328 1354 1425 1381 dedisti
1441 1355 1514 1383 mihi.
1528 1355 1588 1381 dedi
1603 1355 1640 1381 eis
1656 1355 1665 1370 ⁸
1682 1364 1689 1381 :

908 1406 935 1428 et
950 1401 1057 1433 iterum,
1074 1400 1128 1427 Pro
1141 1400 1177 1427 eis
1202 1408 1264 1434 rogo
1291 1401 1312 1426 ’.
1340 1399 1392 1426 Pro
1406 1399 1484 1426 nobis
1501 1407 1597 1433 nempe
1612 1406 1691 1433 roga-

910 1447 965 1476 bat.
983 1445 1025 1472 his
1038 1453 1099 1480 quae
1116 1449 1207 1472 nostra
1224 1449 1288 1471 sunt
1313 1445 1458 1478 susceptis,
1476 1448 1503 1470 et
1520 1444 1602 1470 dabat
1630 1451 1691 1478 quae

909 1491 966 1526 ipse
976 1491 1133 1526 accipiebat.
1141 1490 1273 1523 Quoniam
1286 1490 1366 1524 igitur
1377 1489 1463 1516 Verbo
1474 1489 1619 1523 coniuncto
1627 1497 1689 1516 cum

909 1537 1028 1568 homine,
1041 1536 1121 1564 Pater
1136 1541 1246 1571 propter
1257 1537 1345 1571 ipsum
1357 1534 1475 1562 Verbum
1494 1535 1596 1562 homini
1609 1535 1691 1562 dabat

66 1581 159 1616 ρίζετο
173 1581 188 1606 ὁ
204 1580 296 1617 Πατὴρ
311 1580 350 1616 τῷ
363 1581 499 1616 ἀνθρώπῳ
512 1581 542 1608 τὸ
563 1582 712 1616 ὑψωθῆναι,
734 1582 764 1608 τὸ
784 1582 855 1616 ἔχειν

910 1588 938 1610 ιιι
956 1583 1131 1615 exaltaretur,
1150 1591 1313 1617 omnemque
1336 1586 1494 1617 potestatem
1515 1583 1634 1615 haberet,
1664 1586 1691 1609 et

65 1626 160 1652 πᾶσαν
186 1625 319 1657 ἐξουσίαν,
343 1625 389 1651 καὶ
406 1625 455 1651 ὅσα
477 1624 605 1651 τοιαῦτα·
621 1625 665 1650 διὰ
682 1625 760 1651 τοῦτο
781 1625 855 1660 αὐτῷ

65 1670 105 1705 τῷ
118 1671 200 1705 Λόγῳ
218 1671 307 1696 πάντα
323 1670 499 1705 ἀναφέρεται,
515 1671 559 1697 καὶ
576 1671 613 1702 ὼς
633 1670 707 1706 αὐτῷ
729 1671 855 1705 διδόμενά

65 1716 153 1747 ἐστιν,
179 1715 196 1742 ἃ
214 1716 247 1742 δι’
264 1716 346 1743 αὑτοῦ
371 1717 451 1751 ἡμεῖς
475 1716 657 1752 λαμϐάνομεν.
681 1717 724 1748 Ὠς
744 1717 797 1752 γὰρ
822 1717 854 1744 δι’

66 1763 142 1798 ἡμᾶς
169 1762 379 1798 ἐνηνθρώπησεν
401 1762 482 1793 αὐτὸς
494 1783 501 1794 ,
520 1762 605 1794 οὕτως
628 1763 706 1797 ἡμεῖς
724 1762 758 1788 δι’
774 1763 855 1788 αὑτὸν

65 1808 221 1843 {rapo-39501.
245 1808 326 1834 Οὐδὲν
347 1805 393 1834 οὖν
410 1807 524 1839 ἄτοπον,
546 1809 587 1840 εἰ,
609 1807 703 1843 ὥσπερ
726 1808 758 1834 δι’
781 1809 855 1843 ἡμᾶς

65 1853 250 1880 ἐταπείνωσεν
265 1854 370 1886 ἑαυτὸν,
388 1854 434 1880 καὶ
445 1854 478 1880 δι’
489 1854 562 1888 ἡμᾶς
647 1853 755 1888 λέγεται
773 1854 855 1888 ὑπερ-

65 1899 201 1933 υςγῶσθαι.
223 1899 399 1933 Ἐχιιρίσατο
419 1897 465 1926 οῦν
483 1899 573 1931 αὐτῷ,
589 1899 648 1926 ἀντὶ
669 1898 727 1929 τοῦ,
743 1900 808 1934 ἡμῖν
819 1899 852 1926 δι’

64 1944 161 1975 αὐτόν,
187 1943 233 1969 καὶ
247 1944 460 1977 ὑπερύψωσεν,
480 1944 540 1970 ἀντὶ
561 1943 619 1975 τοῦ,
635 1945 708 1979 ἡμᾶς
723 1945 751 1971 ὲν
768 1943 852 1979 αὐτῷ.

65 1990 123 2016 Καὶ
140 1989 225 2020 αὐτὸς
246 1989 274 2016 δὲ
288 1990 302 2015 ό
315 1989 410 2023 Λόγος,
426 1989 503 2024 ἡμῶν
519 1989 689 2024 ὑψουμένων,
714 1990 760 2016 καὶ
785 1990 855 2026 λαμ-

65 2035 213 2066 ϐανόντων,
234 2034 281 2061 καὶ
301 2034 489 2070 βοηθουμένων
502 2054 508 2066 ,
524 2034 562 2066 ὡς
588 2035 667 2067 αὐτὸς
692 2035 853 2071 ὑψούμενος,

65 2079 114 2105 καὶ
133 2078 290 2113 λαμὸάνων,
308 2079 354 2105 καὶ
364 2079 554 2114 βοηθούμενος,
574 2079 731 2115 εὐχαριστεῖ
745 2081 783 2116 τῷ
799 2082 855 2108 llat-

64 2125 123 2160 τρὶ,
143 2124 179 2150 τὰ
201 2125 323 2159 ἡμέτερα
346 2126 385 2156 είς
409 2125 504 2152 ἑαυτὸν
523 2126 666 2162 ἀναφέρων
687 2127 734 2152 καὶ
756 2127 853 2161 λέγων·

65 2168 170 2194 Πάντα
186 2168 244 2195 ὅσα
259 2168 389 2201 δέδωκάς
402 2178 461 2203 μοι,
475 2169 589 2196 δέδωκα
606 2170 718 2203 αὐτοῖς.

908 1629 961 1656 alia
983 1629 1138 1663 bujusmodi
1161 1638 1166 1656 :
1188 1629 1289 1655 Idcirco
1313 1629 1404 1655 omnia
1435 1628 1610 1655 ascribuutur
1638 1627 1690 1662 ipsi

912 1673 1008 1706 Verbo,
1030 1675 1073 1701 cui
1091 1678 1117 1701 et
1140 1674 1220 1701 veluti
1249 1673 1348 1700 dantttr
1373 1681 1542 1709 quaecunque
1563 1681 1614 1700 nos
1644 1682 1691 1708 per

908 1719 996 1754 ipsum
1010 1720 1167 1753 accipimus.
1182 1718 1294 1747 Utenim
1312 1724 1421 1754 propter
1439 1727 1488 1746 nos
1503 1719 1585 1745 homo
1602 1718 1690 1745 factus

908 1770 951 1792 est
967 1774 973 1791 :
989 1765 1024 1791 ita
1043 1772 1094 1792 nos
1110 1771 1219 1800 propter
1244 1773 1306 1791 etim
1331 1765 1492 1792 cxaltamur.
1513 1764 1584 1791 Nihil
1608 1765 1691 1799 igitur

908 1809 1017 1837 absurdi
1031 1810 1118 1839 estsi.
1136 1810 1363 1845 quemadmodum
1383 1810 1502 1844 seipsum
1519 1814 1628 1844 propter
1640 1817 1690 1836 llOS

910 1856 1071 1887 humiliavit,
1091 1855 1126 1882 ita
1142 1861 1169 1883 et
1183 1861 1292 1891 prepter
1304 1864 1352 1883 nus
1367 1855 1480 1882 exaltari
1505 1856 1620 1882 dicatur.
1636 1854 1691 1889 Ita~

909 1908 961 1935 que
977 1901 1084 1927 donavit
1112 1901 1163 1932 illi,
1181 1901 1206 1927 id
1231 1906 1282 1931 est,
1301 1901 1379 1927 nobis
1406 1905 1515 1935 propter
1538 1901 1625 1935 ipsum
1640 1919 1648 1932 ,
1662 1903 1690 1926 et

908 1947 1044 1979 exultavit.
1063 1947 1088 1974 id
1100 1953 1151 1980 est,
1171 1954 1220 1973 ttos
1246 1947 1271 1974 in
1293 1947 1360 1981 ipso.
1381 1946 1398 1972 V
1419 1947 1495 1973 rhum
1512 1953 1603 1981 porro,
1626 1953 1688 1972 cum
1712 1942 1714 1944 ⁷

907 2001 957 2020 nos
978 1993 1141 2025 exaltamur,
1169 1993 1329 2026 aeotpimus,
1351 1997 1377 2019 et
1398 1993 1560 2026 adjuvantur
1576 2012 1584 2025 ,
1610 1990 1687 2025 quasi

906 2039 994 2074 ipsum
1009 2041 1183 2072 exaltaretur,
1200 2038 1334 2073 acciperet
1349 2042 1373 2065 el
1387 2039 1570 2072 adjuvari-tur,
1587 2037 1688 2072 gratias

905 2085 960 2119 agit
976 2084 1056 2117 Patri,
1078 2089 1222 2120 nostraque
1239 2086 1264 2112 in
1284 2085 1401 2120 seipsum
1422 2084 1561 2115 transfert,
1579 2089 1604 2110 et
1624 2083 1662 2110 ait
1679 2091 1688 2110 :

908 2131 1003 2157 Omnia
1016 2139 1175 2166 qtta'cuttquc
1188 2131 1284 2158 dedisti
1301 2131 1375 2164 milii,
1397 2131 1457 2158 dedi
1470 2138 1506 2156 ets
1532 2131 1554 2156 ³.

71 2220 122 2247 Ἐκ
137 2219 191 2246 τοῦ
199 2220 303 2247 αὐτοῦ.
316 2221 455 2248 Astur-um
478 2221 548 2253 τοὺς
571 2221 792 2255 Ἀρειομανίτης
807 2220 855 2246 καὶ

910 2219 948 2246 Ea:
977 2220 1066 2247 eodem
1085 2220 1161 2247 libro.
1191 2221 1325 2252 Ostendit,
1358 2220 1474 2246 homines
1490 2221 1549 2246 Arii
1569 2219 1656 2246 morbo
1672 2224 1697 2246 et

102 2255 181 2297 πρρς
198 2255 323 2297 ἐαιλτοξνς
341 2255 571 2297 διαφέρομὲνοςς
582 2257 635 2297 ’.τὸ
668 2257 721 2290 γὰρ
743 2255 857 2290 ψεῦδος

101 2289 177 2316 οὐδὲ
191 2291 265 2324 πρὸς
283 2291 370 2317 ἑαυτὸ
387 2291 574 2325 συμφωνοῦν
588 2291 663 2318 ἐστι.

101 2348 136 2375 Οἱ
176 2347 242 2383 Περὶ
280 2348 410 2375 Εὖσὲὃιον
450 2350 475 2376 οἱ
526 2349 755 2384 Ἀρειομανίται,
801 2350 852 2382 ἁρ-

68 2395 121 2430 χὴν
138 2395 185 2420 τοῦ
205 2393 275 2420 εἶναι
295 2394 333 2429 τῷ
351 2394 408 2429 Υἱῴ
427 2395 560 2425 διδόντες,
584 2394 796 2429 προσποιοῦνται
820 2394 857 2430 μὴ

70 2440 218 2475 βούλεσθαι
232 2439 318 2475 ἀρχὴν
330 2439 410 2466 αὐτὸν
426 2440 496 2474 ἔχειν
513 2439 660 2474 βασιλείας.
679 2440 756 2466 Ἔστι
770 2440 798 2466 δὲ
813 2448 858 2474 γε-

70 2487 155 2514 λοῖον.
177 2486 205 2511 ’0
221 2485 276 2520 γὰρ
297 2485 386 2521 ἀρχὴν
406 2484 452 2511 τοῦ
467 2483 536 2511 εἶναι
551 2485 638 2516 διδοὺς
652 2485 691 2520 τῷ
706 2485 773 2521 Υίῷ,
790 2485 857 2521 πρό-

69 2533 162 2567 δηλον,
182 2532 223 2558 ὅτι
244 2531 349 2558 καὶτοῦ
372 2530 521 2565 βασιλεύειν
537 2529 624 2566 ἀρχὴν
642 2530 749 2558 δίδωσιν
770 2531 855 2566 αὐτῷ·

71 2578 143 2605 ὥστε
161 2576 355 2612 ὁμολογοῦντες
376 2577 390 2602 ὃ
410 2576 566 2612 ἀρνοῦνται,
585 2575 780 2610 τυφλώττουσι.
803 2577 858 2603 Καὶ

72 2623 152 2650 πάλιν
167 2623 190 2649 οἱ
206 2623 330 2656 λέγοντες
350 2622 428 2656 μόνον
451 2622 535 2656 ὄνομα
550 2620 618 2648 εῖναι
641 2621 717 2653 Υἰοῦ,
735 2622 858 2648 ἀνούσιον

71 2670 99 2695 δὲ
111 2669 158 2695 καὶ
173 2669 356 2695 ἀνυπόστατον
371 2666 438 2694 εἶναι
450 2668 495 2694 τὸν
511 2668 575 2694 Υίὸν
585 2667 632 2693 τοῦ
645 2667 723 2699 Θεοῦ,
736 2668 858 2694 τουτέστι

71 2713 119 2738 τὸν
142 2714 228 2746 Λόγον
248 2712 294 2738 τοῦ
321 2712 427 2748 Πατρδς
443 2732 449 2743 ,
466 2711 676 2748 προσποιοῦνται
772 2712 858 2745 ἀγαν-

73 2759 168 2786 ακτεῖν
192 2758 262 2784 κατὰ
280 2758 333 2784 τῶν
357 2757 499 2791 λεγόντων,
515 2755 569 2783 Ἦν
586 2765 661 2789 ποτε,
683 2757 727 2784 ὅτε
746 2757 797 2784 οὐκ
812 2755 856 2792 ἦν.

589 2861 599 2877 ³
624 2862 690 2890 ibid.
712 2863 737 2889 7.

107 2863 115 2878 ³
138 2863 217 2890 Joan.
239 2870 304 2892 χιιι.
324 2863 348 2890 7.
397 2863 406 2877 ¹
429 2863 494 2890 ibid.
517 2863 542 2891 9.

942 2255 1046 2282 insania
1073 2255 1221 2282 laborantes
1242 2256 1310 2282 inler
1325 2263 1351 2282 se
1365 2255 1514 2281 dissentire.
1541 2254 1606 2287 ρυω
1630 2255 1698 2282 enim

941 2290 1009 2324 falsa
1025 2295 1096 2323 sunt,
1113 2299 1144 2318 ne
1159 2291 1210 2317 sibi
1222 2291 1326 2325 quidem
1338 2291 1395 2324 ipsa
1411 2298 1563 2325 congruere.

947 2346 1051 2376 Ariani.
1069 2346 1178 2373 Eusebii
1191 2346 1324 2381 gregales,
1339 2353 1402 2373 emn
1433 2345 1500 2374 Filio
1526 2345 1694 2380 principium

908 2394 1057 2422 exsistendi
1072 2394 1206 2426 tribuunt,
1223 2394 1351 2422 simulant
1372 2401 1401 2421 se
1430 2393 1501 2420 nolle
1528 2401 1590 2420 eum
1615 2393 1692 2427 regni

909 2439 1072 2474 principium
1086 2440 1196 2467 habere.
1209 2440 1288 2474 Atqui
1299 2440 1370 2467 istud
1478 2439 1622 2466 ridiculum
1635 2439 1692 2466 fue-

909 2485 952 2511 rit.
968 2484 1104 2519 Siquidem
1128 2485 1173 2520 qui
1193 2485 1262 2512 Filio
1284 2485 1329 2512 dat
1345 2483 1490 2512 exsistendi
1507 2483 1670 2518 principium
1683 2503 1691 2516 ,

909 2529 1052 2557 manifeste
1069 2530 1232 2564 principium
1250 2537 1358 2564 quoque
1373 2528 1503 2564 regnandi
1519 2528 1557 2556 illi
1577 2527 1644 2561 dat;
1659 2535 1692 2554 ac

909 2576 1021 2610 proinde
1035 2575 1144 2603 fatendo
1157 2575 1229 2609 quod
1245 2580 1354 2610 negant,
1381 2583 1410 2602 se
1433 2581 1520 2602 czecos
1547 2574 1598 2609 ipsi
1629 2581 1691 2601 esse

911 2622 1037 2655 produnt.
1054 2621 1104 2654 Qui
1124 2622 1186 2648 item
1200 2621 1277 2648 aiunt
1295 2628 1399 2648 merum
1415 2627 1513 2648 nomen
1544 2619 1606 2646 Filii
1619 2626 1690 2651 esse,

909 2667 1007 2694 Filium
1025 2673 1113 2694 autent
1130 2667 1187 2698 Dei,
1204 2667 1228 2693 id
1244 2671 1296 2698 est,
1322 2665 1439 2693 Verbum
1457 2665 1556 2698 Patris,
1575 2663 1692 2692 essentia

910 2718 937 2740 ct
954 2713 1106 2741 substantia
1124 2721 1239 2740 vacuum
1255 2720 1325 2743 esse,
1339 2712 1443 2746 tingunt
1463 2719 1492 2738 se
1505 2711 1636 2738 adversus
1661 2709 1691 2736 il-

912 2759 953 2787 los
969 2758 1105 2794 indignari
1123 2758 1168 2794 qui
1192 2757 1300 2790 dit-unt,
1317 2755 1535 2791 Fuitaliquando
1551 2763 1613 2783 cuin
1637 2761 1691 2782 non
