1912 3078
208 137 260 168 347

820 139 978 170 EUTHYM
985 139 1012 169 ll
1033 140 1052 169 Z
1059 138 1215 170 lGABENI

1782 137 1833 168 31ιὸ

209 202 291 224 esset.
309 197 390 232 Atqui
405 197 430 225 id
446 197 528 225 etiam
546 196 689 225 ridiculum
704 202 754 225 est.
771 196 838 224 Nam
853 198 900 232 qui
917 198 990 225 illum

1053 198 1131 223 Ἐστι
1145 195 1173 222 δὲ
1187 195 1233 221 καὶ
1256 193 1335 220 τοῦτο
1360 193 1472 227 γελοῖον.
1501 193 1532 218 Ol
1552 192 1606 228 γὰρ
1628 193 1696 224 ὅλως
1716 193 1747 219 τὺ
1770 193 1835 220 εἶναι

210 251 244 270 ue
254 251 315 270 esse
330 243 439 278 quidem
455 243 562 274 volunt,
589 244 642 270 illis
661 248 835 276 succensent,
861 244 906 277 qui
929 251 991 270 eum

207 289 302 316 saltem
320 289 347 316 in
360 295 479 323 tempore
499 297 559 316 esse
580 290 742 316 concedunt.
756 291 847 323 Itaque
865 290 890 316 Ιιὶ
911 290 991 316 etiam

208 334 371 360 conﬁtentur
387 335 458 368 quod
474 339 582 368 negant,
603 343 664 361 cum
689 335 756 362 alios
785 335 991 369 reprehendunt.

209 377 353 411 l‘rmterea,
363 377 508 405 Eusebiani
525 379 569 413 qui
581 378 679 405 Filium
689 379 861 410 confitemur,
871 387 931 405 cum
945 386 992 405 na—

211 429 270 451 tura
282 424 399 450 Verbum
418 432 478 451 isse
491 429 599 459 negant,
613 425 725 459 solaque
739 425 901 459 cogitatione
911 423 991 450 Verbi

211 478 308 497 nomen
323 470 394 497 Filio
411 471 503 497 volunt
519 472 649 498 concedi:
667 472 713 498 alii
727 480 791 499 vero
817 471 989 506 quiVet-bum

211 514 383 546 coulltentur,
399 520 500 549 negant
514 515 602 550 ipsum
619 524 680 544 esse
694 517 805 550 Filium,
819 518 931 552 solaque
943 525 991 544 co—

211 559 341 593 gitatione
357 567 455 586 nomen
473 560 534 588 Filii
553 561 643 588 Verbo
672 563 754 590 tribui
780 563 874 591 volunt
890 573 896 591 :
926 573 997 592 vano

213 606 321 639 utrique
337 610 448 632 conatu.

288 650 342 685 Ego
354 656 378 678 et
397 651 477 679 Pater
489 661 569 679 unum
585 662 675 680 sumus
699 653 770 681 ‘.Vc.l
784 654 838 682 duo
849 664 897 683 vos
913 664 997 683 unum

211 704 271 723 esse
282 697 382 728 dicitis,
395 698 437 724 vel
449 706 532 726 unum
553 699 654 734 duplici
669 701 779 728 nomine
787 707 914 728 ornatum
927 710 997 735 esse,

211 743 252 768 w-l
268 751 350 769 unum
373 743 398 770 in
414 744 467 771 duo
480 752 540 772 esse
554 745 682 773 divisum.
703 745 731 773 Si
751 754 834 773 unum
851 747 876 773 in
890 747 944 774 duo
958 748 999 774 di-

212 787 298 814 visum
312 792 363 819 est,
375 796 486 816 necesse
499 794 539 817 est
553 797 653 824 corpus
666 798 727 818 esse
749 791 774 818 id
794 792 866 826 quod
880 792 998 818 divisum

1051 242 1126 277 αὐτῷ
1143 241 1179 276 μὴ
1194 240 1318 271 διδόντες,
1333 238 1516 273 ἀγανακτοῦσι
1536 238 1607 265 κατὰ
1620 238 1673 264 τῶν
1687 239 1738 264 κάν
1751 239 1836 274 χρόνῳ

1050 289 1184 317 διδόντων.
1205 286 1259 314 Καὶ
1273 283 1345 312 οὗτοι
1357 283 1401 311 οὖν
1414 285 1481 320 ὅπερ
1493 285 1647 320 ἀρνοῦνται,
1663 285 1708 311 διὰ
1719 285 1765 311 τοῦ
1779 286 1836 311 ἑπι-

1052 335 1133 370 τιμᾷν
1148 335 1204 364 τοῖς
1219 332 1319 364 ἄλλοις,
1333 330 1503 366 ὁμολογοῦσι.
1524 330 1608 357 Πάλιν
1621 339 1650 357 τε
1667 331 1690 357 ol
1707 331 1772 366 περὶ
1790 331 1838 356 Εὑ-

1054 380 1152 411 σέϐιον,
1176 378 1239 404 Υἱὸν
1261 376 1466 412 ὁμολογοῦντες,
1499 374 1642 410 ἀρνοῦνται
1668 375 1750 402 αὐτὸν
1773 373 1838 401 εἶναι

1054 426 1131 460 φύσει
1151 424 1244 458 Λόγον,
1261 423 1307 449 καὶ
1326 421 1385 449 κατ’
1402 421 1523 447 ἐπίνοιαν
1538 421 1623 455 Λόγον
1642 421 1774 455 λέγεσθαι
1796 421 1838 446 τὸν

1054 472 1118 498 Υἰὸν
1137 471 1291 505 βούλονται·
1317 469 1341 495 οἱ
1362 468 1389 494 δὲ
1407 467 1506 503 ἕτεροι,
1526 467 1611 500 Λόγον
1634 466 1838 502 ὁμολογοῦντες,

1043 515 1187 550 ἀρνοῦνται
1202 514 1282 540 αὑτὸν
1297 512 1365 540 εἶναι
1385 513 1459 545 Υἱδν,
1484 513 1531 539 καὶ
1548 513 1608 539 κατ’
1626 512 1750 538 ἐπίνοιαν
1781 513 1837 538 l'i’w

1047 562 1173 595 λέγεσθαι
1201 560 1245 586 τὸν
1272 560 1358 594 Λόγον
1388 559 1545 594 βούλονται,
1576 558 1605 589 ἐξ
1635 558 1692 584 ἴσου
1728 557 1838 584 atavi:-

1047 607 1165 639 τοῦντες.
1628 631 1632 634 ι

1186 651 1259 686 Ἐγὼ
1275 652 1323 678 καὶ
1337 653 1353 678 ὁ
1364 650 1465 685 Πατὴρ
1476 650 1618 684 ἕνὲσμεν.
1627 648 1667 675 Τὰ
1676 648 1723 675 δύο
1731 648 1761 675 ἓν
1772 646 1839 675 εἷναί

1048 707 1126 734 φατε,
1146 699 1161 733 ἢ
1179 698 1209 724 τὸ
1224 698 1252 724 ἓν
1268 697 1412 732 διώνυμον,
1432 696 1448 731 ἢ
1469 695 1550 722 πάλιν
1568 695 1599 721 τὸ
1615 695 1644 721 ἓν
1666 695 1706 726 εὶς
1723 694 1771 721 δύο
1786 695 1840 731 διῃ-

1051 744 1160 780 ρῆσθαι.
1184 744 1215 769 Εἰ
1235 743 1283 778 μὲν
1300 741 1346 769 οὖν
1365 742 1396 768 τδ
1412 742 1440 768 ἓν
1455 742 1495 773 εἰς
1515 741 1560 767 δύο
1575 741 1712 776 διῄρηται,
1733 740 1840 775 ἀνάγκη

1049 789 1129 824 σῶμα
1147 787 1215 815 εἶναι
1232 788 1262 814 τὸ
1279 786 1423 823 διαιρεθὲν.
1440 787 1487 813 καὶ
1501 785 1647 821 μηδέτερον
1659 785 1781 819 τέλειον,

211 838 264 866 est,
277 837 458 869 neutrumque
466 843 526 862 esse
535 835 695 870 perfectum,
707 837 806 872 quippe
818 845 878 864 cum
892 842 996 865 utrum-

1052 836 1133 872 μέρος
1150 834 1205 870 γὰρ
1219 834 1350 868 ἑκάτερον
1370 833 1418 859 καὶ
1433 833 1483 867 οὐχ
1501 832 1574 858 ὅλον·
1597 833 1621 857 εἰ
1644 831 1672 857 δὲ
1689 832 1721 857 τὸ
1735 832 1765 857 ἒν
1782 830 1840 857 διώ-

212 885 264 912 que
276 885 338 912 pars
351 879 396 912 sit,
412 887 464 906 non
478 888 541 907 vero
559 885 658 908 totum.
677 881 729 908 Sed
752 883 775 909 si
796 891 880 909 unum
893 888 935 910 est
949 884 1000 910 du-

211 923 274 957 plici
296 930 422 952 ornatum
440 927 550 953 nomine
565 937 570 954 :
587 927 645 955 liaae
661 927 773 956 Sabellii
789 930 922 956 sententia
946 933 999 962 est,

212 970 258 1004 qui
277 970 384 998 Patrem
401 976 426 998 et
438 972 536 999 Filium
548 974 673 1001 eumdem
687 982 748 1001 esse
760 975 999 1008 docet,etutrum-

213 1024 265 1050 que.
279 1016 355 1047 tollit,
368 1016 476 1045 Patrem
500 1019 620 1052 quidem,
647 1027 708 1046 cum
723 1019 809 1047 Filius
822 1025 884 1053 est;
902 1021 999 1047 Filium

213 1068 289 1095 vero,
303 1069 365 1088 eum
386 1067 427 1090 est
451 1063 539 1090 Pater.
556 1063 632 1096 Quod
649 1065 672 1092 si
699 1065 753 1092 duo
770 1073 853 1092 unum
871 1067 936 1097 sint,
955 1074 1001 1093 ne-

213 1114 290 1134 cesse
304 1112 344 1134 est
360 1107 421 1134 illos
437 1108 506 1136 duos
519 1110 629 1143 quidem
642 1118 714 1144 esse,
729 1119 813 1138 unum
826 1119 891 1138 vero
904 1119 1002 1138 secun-

213 1152 278 1178 dmn
292 1152 472 1184 divinitatem.
498 1158 524 1181 et
537 1159 672 1189 quatenus
687 1156 773 1183 Filius
791 1156 862 1183 Patri
876 1161 918 1183 est
934 1164 999 1183 con—

215 1197 414 1230 substantialis,
425 1203 451 1226 et
468 1207 499 1225 ex
522 1199 579 1234 ipso
597 1200 676 1227 Patre
692 1200 811 1228 Verbum
827 1207 868 1228 est
884 1211 890 1229 ε
914 1202 950 1229 ita
969 1205 998 1229 ut

214 1242 269 1268 duo
285 1242 393 1276 quidem
406 1244 470 1276 sint,
485 1245 549 1278 quia
565 1245 643 1272 Pater
660 1250 702 1273 est
713 1251 740 1273 et
756 1246 851 1279 Filius,
867 1247 938 1281 quod
956 1251 998 1274 est

215 1287 352 1321 Verbum;
367 1297 450 1317 unum
463 1295 564 1323 autem,
579 1291 642 1325 quia
662 1291 734 1319 Deus
762 1300 834 1320 unus
853 1297 907 1320 est.
930 1292 997 1319 Nam

215 1334 266 1362 nisi
284 1335 320 1362 ila
336 1335 381 1368 sit,
395 1336 541 1363 dicendum
565 1342 638 1364 certe
651 1338 689 1365 illi
703 1343 781 1365 erat:
801 1338 857 1374 Ego
868 1347 928 1366 sum
946 1338 998 1365 Pa-

215 1385 265 1412 ter,
281 1381 322 1407 vel
338 1380 395 1415 Ego
409 1386 434 1408 ct
445 1381 523 1409 Pater
534 1391 605 1410 sum.
619 1383 695 1411 Nunc
703 1392 766 1411 vero
778 1385 829 1412 ista
843 1393 919 1416 voce,
933 1384 998 1419 Ego,

1049 891 1143 917 νυμον,
1162 880 1307 908 Σαϐελλίου
1325 880 1355 906 τὸ
1367 878 1545 914 ἐπιτήδευμα,
1561 877 1606 916 τὸν
1620 877 1700 904 αὑτὸν
1714 877 1781 903 Υὶὺν
1796 878 1842 903 καὶ

1050 928 1160 963 Πατέρα
1170 927 1305 960 λέγοντος,
1324 926 1370 951 καὶ
1383 924 1513 961 ἑκάτερον
1527 922 1714 959 ἀναιροῦντος,
1731 923 1778 949 ὅτε
1794 923 1842 958 μὲν

1050 973 1124 1005 Υἱὸς,
1139 973 1184 999 τὸν
1199 972 1319 1007 Πατέρα,
1336 972 1380 998 ὅτε
1391 971 1418 996 δὲ
1435 969 1540 1005 Πατὴρ,
1554 969 1599 995 τὸν
1616 969 1689 995 Υἰόν.
1715 968 1746 994 Εἰ
1765 968 1794 994 δὲ
1808 968 1842 994 τὰ

1049 1019 1096 1046 δύο
1113 1019 1152 1051 ἓν,
1173 1018 1280 1052 ἀνάγκη
1301 1016 1348 1043 δύο
1371 1017 1418 1052 μὲν
1436 1013 1516 1048 εἶναι,
1538 1014 1566 1042 ἓν
1582 1015 1610 1041 δὲ
1705 1014 1779 1041 κατὰ
1794 1013 1842 1049 τὴν

1052 1065 1176 1099 Θεότητα,
1193 1063 1240 1089 καὶ
1257 1063 1329 1089 κατὰ
1352 1062 1382 1088 τὸ
1404 1061 1544 1096 ὁμοούσιον
1561 1059 1630 1087 εἷναι
1653 1059 1697 1086 τδν
1717 1060 1782 1086 Υἱδν
1802 1059 1842 1094 τῷ

1052 1110 1150 1146 Πατρὶ,
1166 1109 1213 1136 καὶ
1230 1109 1260 1141 ἐξ
1275 1108 1359 1135 αὐτοῦ
1380 1107 1427 1134 τοῦ
1451 1107 1557 1142 Πατρὸς
1575 1104 1644 1133 εἶναι
1665 1106 1712 1133 τὸν
1733 1106 1821 1140 Λόγον
1833 1115 1841 1121 ·

1052 1155 1121 1182 ὣστε
1140 1155 1186 1181 δύο
1205 1155 1253 1190 μὲν
1273 1152 1352 1185 εἶναι,
1368 1154 1408 1179 ὅτι
1428 1153 1522 1187 Πατήρ
1617 1152 1676 1177 ἐστι
1695 1150 1743 1177 καὶ
1765 1150 1842 1182 Υἱὸς,

1051 1202 1064 1228 ὅ
1082 1203 1140 1227 ἐστι
1159 1201 1253 1234 Λόγος,
1269 1200 1297 1226 ἓν
1312 1199 1350 1230 δὲ,
1367 1199 1408 1225 ὅτι
1425 1196 1464 1229 εἷς
1484 1198 1559 1229 Θεὸς.
1577 1198 1607 1224 El
1622 1197 1676 1232 γὰρ
1693 1197 1729 1232 μὴ
1754 1196 1844 1228 οὕτως

1051 1248 1135 1279 ἐστὶν,
1151 1247 1204 1273 ἔδει
1219 1247 1317 1277 εἰπεῖνε
1338 1245 1408 1279 Ἐγώ
1428 1245 1485 1280 ειμι
1508 1245 1521 1271 ό
1537 1244 1640 1279 Πατὴρ,
1655 1243 1684 1279 ἦ,
1707 1242 1778 1276 Ἐγὼ
1793 1243 1844 1269 καὶ

1051 1295 1064 1320 ὁ
1080 1294 1173 1328 Πατήρ
1194 1293 1262 1326 εἰμι.
1290 1291 1346 1318 Νῦν
1370 1291 1398 1318 δὲ
1424 1292 1453 1317 ἐν
1469 1290 1518 1325 τῷ,
1539 1290 1609 1324 Ἐγὼ
1625 1311 1633 1324 ,
1715 1289 1760 1315 τὸν
1776 1289 1844 1315 Υῑὸν

1052 1339 1198 1376 σημαίνει·
1219 1340 1246 1364 ἐν
1265 1337 1293 1364 δὲ
1308 1337 1356 1372 τῷ,
1373 1338 1421 1363 καὶ
1439 1339 1456 1364 ὀ
1468 1337 1580 1370 Πατὴρ,
1597 1337 1642 1362 τὸν
1657 1336 1842 1370 γεννήσαντα·

1053 1384 1082 1410 ὲν
1098 1384 1125 1410 δὲ
1136 1383 1185 1418 τῷ,
1200 1381 1245 1415 ἓν,
1258 1382 1307 1417 τὴν
1321 1382 1385 1416 μίαν
1399 1381 1513 1416 θεότητα
1525 1380 1572 1407 καὶ
1586 1379 1617 1406 τὸ
1637 1379 1778 1415 ὁμοούσιον
1791 1380 1840 1407 αὐ-

215 1425 312 1453 Filium
329 1427 465 1461 signiﬁcat
478 1436 485 1459 ;
501 1429 651 1462 genitorem
664 1434 765 1462 autem,
783 1438 845 1457 cum
860 1430 961 1462 subdit,
975 1435 998 1458 et
1016 1429 1038 1458 α
1053 1429 1109 1456 τοῦ.

217 1471 297 1498 Pater
308 1479 317 1497 :
333 1472 450 1507 denique
468 1473 598 1506 dictione,
620 1483 713 1507 unum,
730 1483 812 1502 unam
829 1476 998 1504 divinitatem

214 1525 347 1551 suamque
364 1518 485 1552 designat
504 1521 826 1548 consuls!antialitatcm.

214 1565 255 1592 Ea;
280 1566 369 1592 eodem
394 1566 472 1593 libra.
490 1567 597 1593 Patrem
612 1572 635 1593 et
654 1567 755 1594 Filium
784 1576 836 1594 non
860 1576 916 1596 esse
931 1569 996 1596 duos

370 1601 447 1633 Deos,
474 1602 534 1628 licet
558 1604 610 1628 sint
624 1604 683 1629 dua:
699 1611 829 1636 personat.

245 1644 378 1672 Cmterum
409 1647 431 1673 si
461 1647 522 1681 quis
547 1648 615 1675 duos
638 1656 699 1676 essu
724 1649 832 1677 Patrem
847 1655 874 1677 et
898 1649 996 1676 Filium

212 1689 335 1720 audiens.
354 1698 403 1717 nos
427 1692 610 1720 calumnietur
624 1695 702 1727 quasi
719 1695 765 1729 qui
789 1696 858 1724 duos
873 1696 940 1723 deos
955 1696 998 1723 in-

212 1735 345 1762 ducamus
365 1735 498 1769 (uonnulli
513 1739 584 1765 enim
604 1739 629 1766 id
646 1739 697 1766 sibi
721 1740 836 1775 tingunt,
852 1741 1000 1776 statimque

212 1787 262 1807 nos
274 1781 315 1807 bis
329 1782 416 1810 verbis
428 1783 550 1816 irrident,
562 1784 616 1812 Vos
630 1785 697 1813 duos
711 1786 776 1814 deos
792 1787 937 1820 asseritis),
949 1787 1000 1814 hu-

211 1825 329 1860 iusmodi
349 1828 503 1857 hominibus
527 1831 566 1858 sic
592 1832 811 1866 respondendum
832 1838 894 1860 est:
913 1833 939 1859 Si
956 1834 978 1859 is
991 1853 998 1864 ,

213 1873 257 1906 qui
278 1873 381 1900 Patrem
397 1880 423 1901 et
445 1875 541 1902 Filium
561 1877 684 1910 agnoscit
697 1896 705 1908 ,
728 1877 798 1905 duos
818 1878 884 1905 deos
911 1878 996 1905 dicit:

213 1926 324 1945 necesse
340 1925 382 1946 est
406 1920 489 1954 igitur
507 1924 536 1948 ut
561 1921 630 1948 Filio
650 1923 803 1957 repudiato,
837 1931 852 1950 a
879 1923 999 1951 Salwllio

213 1967 264 1990 stet
277 1964 321 1997 qui
340 1973 423 1991 unum
436 1973 496 1992 esse
511 1967 608 1994 credit.
622 1966 746 2003 Namque
761 1969 782 1995 si
803 1969 835 2001 is,
853 1969 899 2003 qui
929 1969 999 1996 duos

213 2008 287 2038 dicit,
310 2009 418 2043 gentilis
429 2015 489 2038 est:
505 2011 587 2045 igitur
610 2013 665 2046 ille,
688 2015 735 2048 qui
749 2022 834 2040 unum
850 2014 927 2045 dicit.
948 2013 998 2041 Sa—

1057 1572 1107 1597 Ἑκ
1123 1570 1176 1597 τοῦ
1199 1569 1292 1597 αὐτοῦ
1307 1569 1412 1603 λόγου.
1429 1568 1495 1594 ’Ὅτι
1507 1569 1542 1603 οὐ
1556 1566 1610 1603 δύο
1625 1567 1690 1594 Θεοὶ
1707 1568 1723 1603 ὀ
1737 1567 1842 1600 Πατὴρ

1086 1605 1136 1632 καὶ
1148 1607 1164 1632 ό
1184 1606 1260 1637 Υἱὸς,
1272 1606 1298 1631 εὶ
1314 1602 1362 1631 καὶ
1377 1605 1432 1632 δύο
1446 1602 1521 1630 κατὰ
1537 1602 1589 1634 τὰς
1603 1602 1805 1634 ὑποστάσεις.

1092 1650 1155 1676 Ἐὰν
1184 1649 1233 1682 δὲ,
1247 1649 1289 1676 δτι
1320 1649 1367 1676 δύο
1392 1649 1467 1675 ἐστὶν
1499 1649 1513 1674 ὁ
1542 1647 1637 1682 Πατὴρ
1660 1646 1708 1673 καὶ
1729 1646 1743 1672 ὁ
1764 1646 1843 1678 Υἱὸς,

1051 1693 1156 1720 ἀκούων
1168 1702 1209 1725 τις
1221 1692 1368 1724 διαὸἀλλοι,
1381 1692 1419 1723 ὡς
1431 1691 1476 1717 δύο
1499 1690 1566 1716 Θεῶν
1579 1689 1842 1724 καταγγελλομένων

1050 1739 1182 1774 (τοιαῦτα
1199 1739 1252 1773 γάρ
1267 1747 1338 1770 τινες
1352 1739 1458 1768 ἑαυτοῖς
1478 1736 1702 1767 ἀναπλάττονται,
1723 1735 1770 1761 καὶ
1786 1735 1842 1761 εὑ-

1051 1785 1118 1816 οέως
1134 1785 1258 1818 γελῶσιν,
1276 1785 1315 1811 ὅτι
1333 1783 1384 1809 Δύο
1398 1780 1585 1817 θεοὺς-λέγετε
1596 1782 1615 1816 )'
1643 1781 1752 1807 λεκτέον
1768 1781 1841 1815 πρὸ,

1050 1831 1113 1862 τοὺς
1128 1831 1278 1862 τοιούτους”
1296 1831 1327 1856 Εἰ
1341 1832 1354 1857 ὁ
1371 1829 1481 1864 Πατέρα
1495 1829 1541 1862 καὶ
1553 1828 1617 1854 Υἰὸν
1630 1827 1773 1862 γινώσκων
1792 1827 1841 1854 δύο

1050 1876 1127 1908 Οεοὺς
1140 1877 1213 1910 λέγει
1228 1893 1235 1905 ,
1309 1875 1368 1911 ὥρα
1381 1876 1427 1902 καὶ
1449 1874 1494 1900 τὸν
1509 1874 1622 1908 λέγοντα
1637 1874 1696 1905 ἕνα,
1715 1873 1841 1907 ἀναιρεῖν

1049 1924 1093 1949 τὸν
1106 1923 1180 1955 Υἰὸν,
1194 1922 1240 1948 καὶ
1256 1921 1433 1953 Σαϐελλίζειν.
1449 1921 1479 1947 Εἰ
1497 1920 1551 1954 γὰρ
1565 1921 1578 1945 ὁ
1592 1919 1679 1953 λέγων
1699 1918 1755 1949 δύο,
1779 1919 1840 1944 Ἑλ-

1049 1968 1162 2003 ληνίζει,
1180 1967 1277 1994 οὐκοῦν
1298 1968 1312 1993 ὁ
1333 1967 1417 2000 λέγων
1441 1967 1469 1992 ἓν
1566 1964 1731 1995 Σαϐελλίζει.
1753 1963 1840 1990 Τοῦτο

1048 2015 1075 2041 δὲ
1086 2015 1135 2041 οὐκ
1150 2014 1207 2041 ἔστι
1217 2023 1223 2030 ·
1242 2014 1279 2049 μὴ
1290 2014 1394 2048 γένοιτο
1407 2014 1412 2039 l
1427 2013 1483 2039 ἀλλ’
1497 2012 1590 2046 ὥσπερ
1603 2013 1616 2038 ὁ
1628 2011 1714 2045 λέγων
1729 2012 1839 2045 Πατέρα

213 2054 346 2082 bellianus
360 2060 411 2083 est.
427 2055 524 2083 Verum
542 2064 595 2084 non
609 2058 646 2084 ita
667 2066 696 2085 se
720 2066 763 2086 res
789 2059 887 2091 habet;
901 2060 973 2086 absit
989 2061 995 2086 ἔ

1052 2061 1094 2087 καὶ
1114 2061 1177 2087 Υἱὸν
1197 2060 1244 2086 δύο
1261 2060 1309 2086 ἕνα
1334 2058 1401 2085 Θεὸν
1426 2059 1511 2092 λέγει,
1533 2057 1619 2088 οὕτως
1640 2058 1654 2084 ὁ
1681 2057 1767 2089 λέγων
1791 2056 1839 2082 ἕντι

211 2099 259 2126 sed
275 2101 503 2135 quemadmodum
522 2102 555 2134 is,
569 2103 616 2138 qui
632 2102 737 2131 Patrem
760 2108 785 2131 et
802 2104 902 2131 Filium
929 2105 997 2133 duos

212 2153 272 2173 csse
282 2147 415 2181 agnoscit,
429 2155 511 2175 unum
530 2149 613 2175 Deum
632 2157 693 2177 esse
710 2151 876 2179 conﬁtetur:
898 2152 934 2179 ita
953 2152 998 2180 ille

213 2192 259 2225 qui
275 2191 358 2219 Deum
371 2201 456 2220 unum
470 2195 566 2226 credit,
585 2194 691 2223 Patrem
701 2200 728 2223 et
744 2197 841 2224 Filium
857 2198 927 2224 duos
942 2206 999 2225 cre-

212 2237 258 2264 dat
273 2245 343 2269 esse,
361 2239 408 2266 sed
423 2247 506 2266 unum
521 2240 671 2277 divinitate,
689 2247 716 2270 et
728 2248 862 2277 quatenus
875 2251 907 2270 ex
918 2243 997 2271 Patre

213 2286 306 2310 natum
323 2283 451 2315 Verbum,
468 2285 503 2312 ab
519 2275 672 2320 ipso‘Patre
691 2296 741 2315 nec
758 2289 879 2323 separari
892 2298 940 2316 tice
956 2290 996 2316 di—

213 2327 266 2354 vidi
286 2335 336 2355 nec
351 2328 455 2364 sejungi
471 2334 569 2363 potest.
584 2329 718 2364 Humano,
735 2332 756 2358 si
774 2334 870 2366 placet,
887 2339 997 2360 utamur

212 2373 346 2406 exemplo.
361 2373 432 2407 ignis
448 2378 475 2401 et
490 2375 618 2408 splendor
631 2383 665 2402 ex
676 2384 709 2403 eo
720 2383 806 2410 ortus,
817 2378 871 2404 duo
886 2378 994 2412 quidem

1047 2107 1113 2133 Θεὸν
1135 2106 1181 2132 δύο
1198 2105 1329 2140 φρονείτω
1419 2104 1530 2139 Πατέρα
1553 2103 1599 2129 καὶ
1622 2103 1696 2134 Υἱὺν,
1718 2102 1747 2127 ἓν
1760 2102 1838 2133 ὄντας

1047 2154 1079 2188 τῇ
1092 2152 1207 2188 Οεὸτητι,
1228 2152 1274 2178 καὶ
1288 2151 1326 2186 τῷ
1341 2150 1370 2182 ἐξ
1383 2151 1465 2177 αὑτοῦ
1486 2149 1635 2184 ἀμέριστον
1657 2149 1703 2175 καὶ
1717 2148 1836 2183 ἀδιαίρε-

1046 2206 1092 2224 τον
1106 2197 1153 2223 καὶ
1170 2196 1321 2232 ἀχώριστον
1337 2194 1405 2222 εἶναι
1420 2195 1466 2221 τὸν
1480 2195 1566 2228 Λόγον
1582 2193 1636 2220 ἀπὸ
1657 2193 1702 2219 τοῦ
1718 2193 1836 2228 Πατρός.

1049 2243 1139 2269 Ἔστω
1150 2242 1178 2268 δὲ
1196 2241 1369 2277 παράδειγμα
1388 2239 1566 2276 ἀνθρώπινον,
1580 2239 1610 2265 τὸ
1625 2239 1682 2273 πῦρ
1697 2238 1744 2264 καὶ
1758 2238 1788 2264 τὸ
1809 2239 1838 2271 ἐξ

1046 2287 1129 2315 αὐτοῦ
1144 2287 1326 2321 ἀπαύγασμα,
1340 2286 1386 2313 δύο
1400 2286 1449 2321 μὲν
1461 2285 1499 2320 τῷ
1513 2283 1582 2311 εἶναι
1597 2284 1644 2310 καὶ
1663 2284 1791 2318 ὁρᾶσθαι,
1810 2284 1839 2310 ἓν

1049 2334 1077 2360 δὲ
1093 2334 1131 2368 τῷ
1151 2333 1180 2365 ἐξ
1194 2333 1276 2359 αὑτοῦ
1373 2332 1420 2359 καὶ
1438 2331 1588 2366 ἀδιαίρετον
1613 2327 1684 2357 εἶναι
1703 2329 1733 2356 τὺ
1749 2330 1840 2356 ἀπαύ-

1049 2385 1145 2413 γασμα
1159 2377 1251 2404 αὑτοῦ.

213 2422 276 2445 sunt
292 2420 572 2453 quatenusexsistunt
588 2425 616 2448 et
636 2426 785 2450 cernuntur
801 2432 807 2449 :
825 2431 910 2452 unum
927 2432 992 2451 vero
1011 2430 1084 2457 sunt,
1100 2429 1234 2459 quatenus
1249 2423 1377 2458 splendor
1393 2423 1426 2450 ab
1441 2423 1502 2458 igne
1529 2427 1583 2455 est,
1609 2430 1659 2450 nee
1674 2422 1710 2450 ab
1735 2429 1769 2449 eo
1798 2421 1839 2448 di-

213 2464 266 2492 vidi
280 2469 377 2500 potest.

272 2515 336 2547 Quae
347 2517 471 2552 objiciunt
485 2519 589 2546 Ariani.
613 2519 655 2546 Em
667 2520 753 2554 primo
769 2520 887 2552 eiusdem

546 2555 572 2580 in
582 2562 624 2581 eos
634 2555 709 2581 libro.

244 2593 271 2621 Si
281 2603 431 2630 nunquam,
447 2597 585 2631 inquiunt,
597 2599 658 2632 fuit,
673 2607 734 2627 cum
746 2609 799 2627 non
813 2607 886 2629 esset
899 2602 994 2637 Filius,

207 2641 255 2668 sed
269 2646 386 2669 suemus
401 2647 489 2676 est,et
503 2644 583 2672 simul
594 2652 656 2672 eum
671 2646 750 2673 Patre
765 2651 817 2680 est,
830 2655 884 2675 non
898 2648 994 2677 hlium

207 2687 254 2714 sed
276 2687 386 2716 fratrem
402 2691 491 2718 Patris
510 2692 687 2720 constituitis.
710 2693 791 2720 Stultl
812 2694 938 2723 homines
966 2700 994 2723 et

207 2732 329 2770 litigiosi,
349 2735 371 2762 si
385 2740 516 2764 aeternum
537 2739 684 2771 duntaxat,
704 2747 758 2767 non
778 2748 868 2768 autent
895 2741 993 2769 Filium

244 2824 252 2840 ¹
266 2824 345 2853 Joan.
371 2833 398 2859 ι,
412 2826 456 2854 30.

1055 2525 1220 2558 Ἀντιθεσις
1248 2525 1401 2560 Ἆρειανῶν
1423 2525 1457 2552 ἐκ
1477 2524 1530 2552 τοῦ
1553 2525 1672 2559 πρώτου
1696 2526 1762 2553 κατ’
1784 2527 1839 2553 αὑ-

1349 2560 1408 2587 τῶν
1432 2562 1534 2594 λόγου.

1084 2605 1115 2631 Et
1128 2605 1165 2640 μὴ
1173 2602 1206 2641 ἧν
1219 2613 1294 2638 ποτε,
1307 2605 1352 2632 ὅτε
1367 2607 1416 2632 οὐκ
1424 2603 1467 2641 ἦν,
1480 2606 1537 2632 ἀλλ’
1551 2606 1635 2638 mw;
1648 2608 1722 2632 ἔστιν
1732 2607 1746 2632 ὁ
1761 2605 1837 2637 Υἱὸς,

1048 2651 1096 2677 καὶ
1113 2651 1277 2686 συνυπάρχετ
1299 2651 1336 2686 τῷ
1353 2653 1453 2687 Haupt,
1473 2653 1523 2679 οὐκ
1539 2653 1578 2679 ἔτι
1596 2653 1669 2684 Υἱὸν,
1684 2652 1742 2679 ἀλλ’
1759 2652 1837 2678 ἁδελ-

1049 2698 1098 2732 φὸν
1118 2696 1188 2725 εἶναι
1211 2698 1257 2725 τοῦ
1289 2699 1396 2735 Πατρὸς
1414 2699 1507 2734 λέγετε
1530 2700 1622 2726 αὐτόν.
1646 2699 1770 2734 ’Λνόητοι
1791 2698 1837 2725 καὶ

1048 2745 1205 2779 φιλόνεικοι,
1221 2745 1245 2771 ei
1267 2745 1316 2781 μὲν
1333 2746 1426 2777 ἁϊόῐως
1449 2748 1568 2773 συνεῖναι
1590 2745 1670 2781 μόνον
1683 2745 1766 2772 αὑτὸν
1779 2744 1836 2772 ek:-
