1912 3078
217 135 274 166 355

838 131 1027 163 EUTHYMII
1047 131 1230 161 ZlGABENI

1794 131 1847 162 356

217 191 272 220 Aut
287 188 425 225 quomodo
439 188 495 224 ipse
511 189 537 216 in
551 193 698 224 conspectu
716 188 806 216 Patris
820 194 899 216 antea
912 188 1012 223 gaude

1070 188 1230 223 ηὐφραίνετο
1246 189 1275 214 ὲν
1300 188 1438 224 προσώπῳ
1463 187 1511 216 τοῦ
1533 189 1657 223 Πατρ6ς;
1681 189 1743 222 Πῶς
1767 191 1795 218 δὲ
1823 193 1848 217 εἱ

216 237 288 264 hat?
303 235 437 263 Praeterea
464 235 609 270 quomodo,
624 235 645 262 si
669 240 730 268 post
751 235 866 262 mortem
892 234 1008 268 adeptus

219 287 262 310 cst
279 289 308 309 ut
319 282 488 313 adorarelur,
498 280 586 316 ipsum
595 280 717 307 adoravit
728 279 873 309 Abraham.
883 284 910 307 et
922 279 1010 306 Moses

217 328 245 355 in
257 329 324 354 rubo
340 327 350 352 ’Ξ
369 327 397 353 Et
415 327 450 361 (id
463 326 534 360 quod
561 325 655 353 Daniel
685 326 761 360 vidit)
792 333 911 360 quonam
931 331 1009 360 pacto

218 373 419 400 innumerabilia
433 372 544 399 millium
559 372 645 399 millia
657 373 843 399 ministrabant
857 373 881 399 ei
899 373 906 387 ¹
917 372 928 398 ?
938 372 1012 405 Quo-

218 427 281 446 nam
295 422 374 452 pacto
389 417 410 444 si
429 425 513 449 nunc.
526 421 556 444 ut
570 417 612 444 isti
634 417 739 450 volunt,
762 423 904 444 assecutus
918 421 959 443 est
983 422 1013 443 ut

219 464 315 492 melior
348 467 376 490 et
405 462 577 497 prmstantior
600 461 688 494 lieret,
715 463 839 497 gloriam,
867 470 927 496 quae
950 466 1013 488 :mte

222 510 354 537 mundum
372 513 414 536 est
440 513 464 534 et
475 509 576 535 inundo
586 508 725 542 pra'cellit,
739 508 796 542 ipse
813 508 846 535 de
858 515 885 534 se
900 508 1014 542 1ι›‹μιι·ι›ε

219 560 425 586 commemorat,
438 554 559 588 Clariﬁcu
574 561 624 584 me,
636 553 776 588 inquiens,
792 552 881 584 Pater,
892 561 921 579 ea
930 553 1014 588 gloria

219 609 299 636 quam
310 601 401 632 habui,
414 601 566 634 priusquam
577 599 777 633 mundusﬁcrrt,
793 602 862 633 apud
876 605 899 625 Ie
911 599 939 625 "3
951 598 1016 630 Quae

220 654 281 673 cum
296 646 331 672 ita
343 647 407 676 sint,
427 653 481 671 non
496 645 666 672 descendens
679 647 736 678 ipse
755 645 851 671 melior
865 644 952 670 factus
962 648 1014 677 est,

220 692 267 719 scd
281 699 341 726 qua:
357 699 389 718 ea
403 699 431 718 re
445 691 571 726 egebant,
581 691 691 717 meliora
705 690 769 716 fecit
780 710 787 722 ,
801 695 827 716 et
841 690 921 716 homo
931 691 1017 716 tactus

222 737 348 764 homines
370 736 417 763 Dei
432 737 501 763 ﬁlios
530 743 561 762 ac
577 736 643 762 deos
664 736 790 762 reddidit.
815 735 1016 770 Noncrgocum

223 783 306 810 homo
323 787 396 809 esset
412 783 497 816 prius,
514 782 613 809 deinde
628 782 716 809 factus
736 787 777 809 est
790 782 859 808 Deus
875 791 882 815 ;
899 782 944 809 sed
956 790 1016 809 cum

223 829 295 855 Deus
305 832 389 860 esset,
402 828 499 854 deinde
511 827 596 854 factus
608 833 650 854 Cal.
667 828 760 860 homo,
775 833 804 854 ut
813 835 863 855 nos
875 828 1018 855 divinitate

223 875 375 902 decorarct.
391 873 430 900 Ad
446 875 502 900 [nec
516 874 563 908 qui
579 881 671 908 posset
684 874 810 908 appellari
823 874 1017 909 primogenilus

224 927 314 947 rerum
329 919 449 946 omnium
472 919 718 953 procreatarum,si
743 923 806 945 ante
833 927 862 945 se
893 919 1016 950 haberet,

224 966 269 999 qui
285 965 332 991 (iiii
351 970 378 991 et
395 965 436 991 dei
455 969 618 991 vocarentur
634 964 644 990 ?
666 965 777 990 Auteur
805 963 886 998 primi
910 963 946 989 illi
962 971 1016 990 non

223 1015 288 1038 sunt
298 1011 442 1045 ejusmodi,
458 1015 486 1037 ut
501 1010 534 1037 de
546 1011 598 1036 illis
610 1010 728 1041 dion-ur,
746 1009 780 1035 In
805 1010 932 1043 principio
961 1011 1018 1036 eral

230 1056 386 1089 Verbunt,ct
405 1056 516 1083 Verbum
535 1061 592 1083 erat
625 1058 695 1090 apud
711 1056 803 1088 Deum,
819 1061 842 1082 et
871 1056 940 1082 Deus
962 1058 1018 1082 eral

227 1102 337 1129 Verbum
351 1102 373 1133 ³,
393 1107 421 1129 et
446 1110 483 1136 pri
496 1107 556 1136 pter
570 1109 619 1128 nos
645 1107 740 1136 postea
756 1101 874 1128 Verbum
901 1102 951 1128 hoc
964 1101 1019 1128 iac-

225 1153 282 1174 tum
295 1152 336 1175 est
347 1155 411 1174 caro
424 1148 434 1173 ?
446 1148 536 1180 Quare
551 1147 626 1176 illud.
639 1148 857 1181 superem/lavit,
871 1156 924 1174 non
935 1148 1019 1182 signi-

225 1191 288 1219 licat
305 1191 388 1219 Verbi
399 1193 546 1219 essi'ntiam
566 1195 721 1219 exaltatam.
745 1192 888 1219 Fuitenim
901 1201 1018 1227 semper,

223 1241 252 1264 et
265 1243 307 1265 est
318 1238 428 1272 aequalis
454 1231 520 1270 Deo,
543 1238 590 1265 sed
616 1239 747 1265 exaltatiu
775 1238 819 1265 illa
846 1239 963 1273 pertinet
987 1240 1020 1265 ad

225 1283 432 1312 humanitatem.
443 1284 476 1312 Et
485 1285 544 1312 ideo
557 1292 609 1311 non
623 1285 696 1319 prius
706 1285 763 1313 [nec
772 1285 845 1313 dicta
855 1290 928 1318 sunt,
939 1293 1020 1320 quam

223 1327 341 1356 Verbum
355 1337 418 1356 caro
432 1329 533 1356 factum
550 1333 600 1360 est,
611 1334 640 1356 ut
653 1330 828 1364 perspicuum
841 1334 922 1361 esset,
939 1337 1021 1357 voces

224 1372 292 1404 illas,
307 1373 495 1406 Itumiliavit,el
509 1373 684 1405 exaltanit,ad
697 1374 835 1402 hominem
850 1374 944 1401 referri
956 1382 1020 1407 ;cu-

222 1418 274 1453 jus
288 1418 361 1445 enim
378 1419 518 1446 humilitas
533 1423 584 1451 est,
602 1419 724 1454 ejusdem
739 1424 781 1448 est
795 1424 823 1446 et
838 1419 976 1447 exaltatio.
986 1419 1021 1446 Et

223 1463 246 1491 si
258 1468 367 1498 propter
382 1464 473 1490 carnis
494 1465 708 1499 assumptionem
718 1465 847 1500 scriptum
870 1470 912 1493 est
930 1465 1020 1492 humi-

225 1508 310 1541 liavit,
323 1509 498 1536 manifestum
512 1514 553 1536 est
567 1509 641 1544 quod
659 1515 771 1544 propter
788 1511 874 1546 ipsam
886 1511 1018 1545 scriptum
1035 1527 1057 1557 ο

224 1559 267 1581 est
277 1554 368 1587 etiam,
383 1555 519 1582 exultavit.
536 1555 705 1582 Exaltatione
725 1556 798 1583 enim
822 1557 917 1592 egebat
939 1557 1021 1585 homo

225 1604 336 1634 propter
349 1601 471 1627 carniset
481 1601 577 1628 mortis
587 1601 782 1629 humilitatem.
795 1601 928 1634 Quoniam
941 1603 1024 1638 igitur

227 1643 360 1677 Verbum,
381 1651 444 1672 cum
461 1651 533 1673 esset
545 1645 633 1682 imago
645 1646 743 1680 Patris,
753 1652 780 1674 et
791 1648 943 1675 immortale
952 1643 1022 1676 servi

226 1688 340 1715 formam
350 1690 464 1724 accepit.
480 1695 626 1726 etpropter
637 1700 687 1719 nos
703 1694 728 1719 in
743 1701 825 1720 carne
835 1701 883 1720 sua
905 1698 1019 1721 mortem

225 1735 348 1769 pertulit,
364 1735 438 1761 utita
461 1743 491 1763 se
521 1744 570 1771 pro
587 1737 667 1764 nobis
695 1745 744 1773 per
767 1743 882 1765 mortem
908 1739 1021 1767 oﬂerret

224 1776 310 1810 Patri,
327 1778 429 1806 idcirco
439 1779 521 1806 etiam
532 1785 562 1807 ut
574 1782 655 1808 homo
665 1788 776 1817 propter
790 1791 839 1810 nos
848 1788 874 1810 rt
883 1792 932 1819 pro
941 1785 1020 1812 nobis

225 1822 325 1850 dicitur
347 1824 492 1856 exaltatus,
507 1831 537 1852 ut
557 1826 626 1852 sicut
639 1833 689 1854 nos
701 1832 788 1854 morte
807 1828 895 1862 ipsius
925 1835 1021 1858 omnes

227 1869 326 1896 mortui
342 1877 437 1897 sumus
453 1870 479 1897 in
505 1871 625 1903 Christo,
648 1873 687 1900 sic
712 1873 793 1900 etiam
813 1874 840 1900 in
867 1874 986 1907 Christo,
1005 1883 1021 1903 a

225 1915 342 1941 mortuis
351 1910 470 1947 eicitati.
485 1921 511 1943 et
521 1917 547 1943 in
561 1917 658 1944 cmlum
676 1918 801 1953 profecti,
815 1927 868 1954 quo
882 1921 939 1956 ipse
950 1929 1021 1956 prm-

225 1967 321 1986 cursor
332 1966 425 1989 noster
440 1962 573 1997 pervenit,
583 1963 743 1991 exaltemur.
753 1964 829 1997 Quod
846 1966 867 1992 3i
882 1974 954 1993 nunc
971 1975 1020 2001 pro

226 2006 304 2033 nobis
324 2007 360 2034 ita
386 2014 416 2034 se
429 2007 550 2041 demisit,
568 2010 691 2043 quamvis
713 2016 738 2037 et
756 2018 841 2043 nunc,
857 2016 884 2038 et
906 2017 980 2045 ante,
992 2017 1020 2040 et

226 2059 334 2086 semper
348 2057 421 2079 esset
432 2052 574 2086 Dominus,
599 2061 649 2088 pro
662 2054 740 2082 nobis
759 2056 852 2090 utique
883 2057 1019 2086 exaltatus

226 2097 365 2124 scribitur.
385 2100 418 2125 Et
447 2099 677 2133 quemadmodum
691 2099 760 2135 ipse,
780 2102 903 2136 quamvis
925 2110 1020 2130 omnes

226 2147 333 2170 sanctos
344 2144 454 2176 cﬂlciat,
467 2138 632 2171 diéittamen
645 2150 674 2172 ut
685 2153 715 2172 se
730 2147 891 2179 sanctiﬁcct,
901 2156 954 2175 non
966 2156 1019 2183 quo

227 2187 347 2216 Verbum
367 2194 492 2216 sanctum
508 2187 564 2222 fuit,
581 2190 629 2217 sed
649 2195 677 2217 ut
692 2199 743 2218 nos
763 2199 859 2219 omnes
878 2193 905 2219 in
921 2200 950 2220 se
962 2193 1021 2229 ipso
1034 2191 1060 2221 D

225 2239 333 2261 sanctos
363 2235 480 2265 reddat:
510 2235 550 2262 sic
572 2240 599 2262 et
629 2236 714 2269 illud,
745 2237 817 2272 quod
842 2237 944 2265 dictum
971 2244 1022 2272 est,

225 2279 361 2307 Ezaltuvit
374 2281 459 2313 illum,
489 2289 543 2308 non
570 2289 602 2309 eo
620 2283 747 2317 pertinet,
763 2290 790 2310 ul
806 2284 863 2318 ipse
877 2286 1022 2317 exaltetur,

226 2331 268 2352 est
283 2326 355 2353 enim
370 2327 530 2361 altissimus,
552 2328 599 2354 sed
616 2332 646 2354 ut
660 2328 718 2362 ipse
742 2330 852 2362 quidem
879 2338 929 2365 pro
944 2332 1022 2359 nobis

224 2371 328 2407 justitia
343 2371 452 2403 ﬁat,nos
467 2377 556 2399 autem
567 2374 593 2399 in
606 2373 664 2407 ipso
680 2374 840 2407 exaltemnr,
855 2381 881 2402 et
899 2376 925 2402 in
937 2377 1022 2404 (mlo-

226 2423 287 2442 rmn
303 2416 376 2443 fores
395 2416 593 2450 ingrediantur,
622 2425 690 2452 quas
705 2426 754 2452 pro
778 2421 857 2447 nobis
874 2420 933 2455 ipse
944 2427 1020 2456 pate-

227 2461 303 2494 fecit,
321 2469 382 2488 cum
404 2468 602 2497 praecurrentes
611 2463 702 2490 dicant
712 2472 718 2492 :
730 2464 823 2492 Tollite
833 2472 932 2500 portas,
945 2469 1021 2502 prin"

226 2507 303 2541 cipes.
315 2512 423 2538 vostrae,
433 2513 456 2534 et
468 2508 615 2541 clevamiui,
624 2515 704 2542 partw
713 2512 859 2543 teter-nales,
867 2520 890 2539 et
903 2514 1019 2541 introibit

225 2552 280 2579 Rea:
291 2553 382 2587 gloriw
394 2552 416 2579 ‘.
430 2553 523 2588 Neque
534 2558 608 2581 enim
630 2556 679 2589 ipsi
697 2556 808 2583 Domino
819 2563 845 2584 et
857 2566 946 2585 rerum
959 2567 1017 2586 om-

226 2599 301 2625 nium
318 2598 441 2626 etfectori
457 2599 593 2627 conclusa:
602 2605 689 2632 erant,
704 2602 749 2629 sed
762 2609 872 2638 propter
884 2613 944 2636 nos,
956 2606 1016 2639 qui-

225 2644 277 2670 bus
293 2644 352 2671 ειηιὶ
370 2643 443 2670 fores
455 2648 533 2671 erant
546 2645 654 2677 clausae,
666 2647 706 2674 sic
716 2648 844 2683 scriptum
860 2655 910 2677 est.
925 2650 1018 2685 Itaque

226 2694 339 2724 propter
351 2696 472 2721 carnem,
485 2698 565 2724 quam
578 2692 710 2726 gestabat,
731 2693 852 2722 humano
867 2703 943 2722 more
960 2697 1017 2722 dic-

1063 236 1132 271 μετά
1146 236 1192 262 τὸν
1205 235 1320 263 θάνατον
1331 235 1412 261 ἐλαῦε
1426 235 1458 262 τὸ
1483 235 1709 270 προσκυνεῖσθαι,
1723 235 1850 270 φαίνεται

1061 283 1074 308 ὁ
1095 281 1225 317 Ἀϐραὰμ
1252 281 1334 308 αὐτὸν
1360 280 1532 316 προσκυνῶν,
1561 281 1609 307 καὶ
1625 282 1745 316 Μωῦσῆς
1757 282 1786 308 ὲν
1814 284 1849 317 τῇ

1063 329 1147 364 βάτῳ,
1165 329 1214 354 καὶ
1233 328 1270 359 ὡς
1288 325 1342 354 εἶδε
1369 327 1480 362 Δανιὴλ,
1509 326 1607 362 μύριαι
1634 327 1780 362 μυριάδες.
1803 330 1851 354 καὶ

1062 376 1147 410 χίλιαι
1170 376 1288 410 χιλιάδες
1304 375 1494 410 ἐλειτούργουν
1512 375 1600 409 αὺτῷς
1623 375 1684 406 Πῶς
1698 375 1739 407 δὲ,
1765 375 1789 401 ει
1804 375 1851 401 νῦν

1064 416 1240 453 κατ’ὶύτοὺς
1262 422 1325 457 ἔςχε
1342 422 1391 457 τὴν
1423 422 1576 457 βελτιωσιν,
1601 423 1650 455 τῆς
1673 423 1726 457 πρὸ
1748 423 1852 457 κόσμου

1064 470 1111 496 καὶ
1125 470 1312 505 ὑπερκοσμιου
1336 469 1416 504 δόξης
1432 469 1530 496 ἑαυτοῦ
1552 470 1732 505 μνημονεύων
1759 471 1853 505 ἔλεγεν

1065 516 1144 547 αὐτὸς
1156 517 1169 542 ὁ
1179 516 1250 547 Υἱὸς,
1259 516 1396 548 Δόξασόν
1403 525 1452 550 με,
1462 517 1566 550 Πάτερ,
1579 516 1615 551 τῇ
1632 517 1721 550 δόξῃ,
1733 514 1754 553 ᾗ
1771 516 1854 552 εἶχεν

1065 562 1123 595 ,πρὸ
1138 562 1191 589 τοῦ
1208 563 1262 588 τιὲν
1288 570 1405 596 imagor-
1432 561 1509 589 εἶναι
1529 564 1610 597 παρὰ
1631 565 1700 595 σοὶ;
1717 565 1776 591 Οὐκ
1802 566 1854 599 ἄρα

1066 608 1187 640 καταϐὰς
1198 608 1355 644 ἑὸελτιώοη.
1366 609 1434 635 ἀλλὰ
1444 609 1544 643 μᾶλλον
1555 610 1715 638 ὲὸελτίωσεν
1729 612 1812 643 αὐτὸς
1820 612 1856 639 τὰ

1066 654 1181 688 δεόμενα
1194 654 1372 689 βελτιώσεως,
1384 654 1432 680 καὶ
1442 655 1597 689 υἱοποίησεν
1611 656 1684 690 ἡμᾶς
1701 656 1741 691 τῷ
1755 657 1853 692 Πατρὶ,

1067 702 1112 728 καὶ
1136 701 1237 727 ὲθέωσε
1260 702 1323 732 τοὺς
1345 700 1505 735 ἀνθρώπους
1527 702 1673 736 γενόμενος
1698 703 1854 738 ἄνθρωπος.

1067 747 1124 774 Οὐκ
1139 747 1192 781 ἄρα
1210 747 1353 782 ἄνθρωπος
1367 747 1416 780 ὢν,
1433 747 1546 783 ὕστερον
1568 749 1663 782 γέγονε
1691 749 1772 781 Θεὸς,
1789 751 1855 777 ἀλλὰ

1068 793 1134 825 Θεὸς
1156 793 1205 826 ὢν,
1223 793 1337 828 ὕστερον
1361 794 1473 827 γέγονεν
1499 793 1659 829 ἄνθρωπος,
1683 795 1727 822 ἵνα
1754 795 1856 830 μᾶλλον

1033 858 1054 884 Β
1068 840 1142 874 ἡμᾶς
1168 839 1328 874 θεοποιήσῃ.
1347 839 1408 871 Πῶς
1425 840 1472 866 οὖν
1488 842 1662 875 πρωτότοκος
1683 843 1778 876 πάσης
1797 844 1856 870 κτε-

1070 895 1148 918 σεως,
1165 886 1235 920 ἔχων
1251 886 1305 920 πρὸ
1321 886 1404 912 αὑτοῦ
1431 886 1582 921 κληθέντας
1596 888 1672 919 υἱοὺς
1695 889 1742 915 καὶ
1760 889 1856 922 θεούςς

1070 934 1132 964 Πῶς
1155 934 1182 960 δὲ
1198 935 1223 960 οἱ
1249 934 1360 969 μέτοχοι
1391 935 1496 969 πρῶτοι
1520 931 1550 961 οὗ
1579 936 1724 969 μετέχουσι
1750 938 1858 972 Δόγου;

1076 981 1123 1006 ‘Er
1140 980 1219 1015 ἀρχῇ
1236 979 1299 1015 ἥνὸ
1315 981 1422 1015 Λόγος,
1447 981 1496 1008 καὶ
1520 984 1536 1008 ὁ
1552 983 1647 1017 Λόγος
1660 981 1700 1017 ἦν
1714 984 1792 1018 πρὸς
1806 986 1859 1012 τὸν

1071 1026 1156 1060 Θεὸν,
1175 1027 1223 1053 καὶ
1243 1027 1315 1059 Θεὸς
1326 1025 1364 1060 ἦν
1380 1029 1396 1054 ὀ
1410 1028 1516 1062 Λόγος.
1539 1029 1592 1055 Καὶ
1606 1029 1640 1055 δι’
1653 1030 1727 1064 ἡμᾶς
1743 1031 1859 1066 ὕστερον

1069 1074 1083 1099 ὁ
1097 1073 1181 1107 Λόγος
1191 1071 1267 1103 οὗτος
1280 1073 1349 1107 σὰρξ
1365 1073 1482 1107 ἐγένετο.
1498 1074 1533 1100 Τὸ
1549 1073 1596 1102 οὖν
1610 1076 1816 1110 ὑπερύψωσεν
1829 1078 1858 1104 οὐ

1069 1118 1118 1152 τὴν
1131 1119 1223 1144 οὐσίαν
1233 1119 1278 1144 τοῦ
1294 1119 1381 1153 Λόγου
1397 1119 1469 1153 λέγει
1483 1119 1651 1154 ὐιζαουμένην.
1668 1118 1722 1147 Ἦν
1734 1121 1791 1156 γὰρ
1804 1123 1858 1153 ἀεὶ,

1070 1161 1117 1187 καὶ
1132 1161 1204 1187 ἐστιν
1219 1162 1263 1188 ῐσα
1283 1161 1353 1196 Θεῷ,
1373 1163 1442 1189 ἀλλὰ
1458 1164 1507 1198 τῆς
1523 1164 1733 1200 ἀνθριυπότητὸς
1749 1166 1826 1192 ἐστιν
1842 1169 1858 1201 ὴ

1071 1207 1186 1242 ὓψωσις.
1205 1208 1243 1234 Οὐ
1257 1208 1323 1243 πρὶν
1339 1207 1404 1242 γοῦν
1417 1209 1526 1244 εῐρηται
1542 1209 1638 1241 ταῦτα,
1660 1211 1683 1237 ει
1698 1212 1736 1246 μὴ
1748 1213 1795 1238 ὅτε
1811 1213 1860 1246 γέ-

1071 1262 1132 1287 γονε
1150 1253 1218 1288 σὰρξ
1235 1255 1248 1280 6
1262 1254 1358 1288 Λόγος,
1371 1254 1415 1280 ἴνα
1428 1254 1540 1290 γένηται
1555 1256 1671 1292 φανερὸν
1687 1257 1727 1284 ὅτι
1743 1258 1774 1284 τὺ
1791 1259 1859 1285 ἐτα·

1071 1300 1213 1331 πείνωσε,
1225 1299 1271 1326 καὶ
1285 1300 1316 1326 τὸ
1326 1300 1529 1334 ὑπερύψωσεν
1542 1301 1589 1327 ἐπὶ
1599 1302 1646 1328 τοῦ
1660 1302 1806 1338 ἀνορώπου
1820 1304 1861 1330 λέ-

1071 1353 1161 1379 γεται.
1178 1343 1216 1372 Οὔ
1231 1345 1285 1380 γάρ
1299 1346 1357 1372 ἐστι
1370 1345 1400 1371 τὸ
1410 1346 1550 1379 ταπεινὸν,
1566 1346 1664 1374 τούτου
1680 1349 1727 1375 καὶ
1741 1349 1772 1375 τὸ
1786 1349 1862 1384 ὕψω-

1072 1390 1152 1424 θῆναι
1164 1389 1197 1416 ἆν
1212 1389 1266 1425 εἴη.
1290 1390 1346 1416 Καὶ
1360 1391 1385 1417 εἰ
1399 1390 1444 1417 διὰ
1458 1391 1507 1426 τὴν
1521 1391 1676 1428 πρόσληψιν
1688 1393 1739 1428 τῆς
1754 1395 1862 1430 σαρκὸς

1072 1435 1102 1461 τὸ
1115 1435 1299 1462 ἐταπείνωσε
1307 1437 1471 1470 γέγραπται,
1495 1437 1575 1473 δῆλον
1589 1438 1630 1465 ὅτι
1657 1440 1704 1466 καὶ
1719 1440 1750 1467 τὸ
1765 1442 1861 1475 ὑπερ-

1071 1482 1179 1516 ύψωσε
1189 1482 1223 1508 δι’
1237 1481 1322 1517 αὐτὴν
1329 1482 1494 1518 γέγραπται.
1507 1484 1610 1512 Τούτου
1626 1486 1679 1521 γὰρ
1690 1484 1725 1523 ἧν
1739 1486 1838 1522 ἐνδεὴς
1849 1489 1862 1514 ό

1074 1527 1216 1563 ἄνθρωπος
1230 1528 1273 1555 διὰ
1288 1528 1319 1555 τὸ
1336 1530 1464 1557 ταπεινὸν
1477 1531 1526 1565 τῆς
1543 1531 1654 1566 σαρκὸς,
1670 1533 1717 1560 καὶ
1738 1533 1787 1560 τοῦ
1812 1533 1861 1561 θα-

1073 1575 1165 1601 νάτου.
1187 1574 1265 1601 Ἐπεὶ
1279 1572 1325 1602 οὖν
1340 1575 1422 1603 εἰκὼν
1437 1575 1475 1604 ὢν
1489 1576 1537 1603 τοῦ
1560 1578 1678 1614 Πατρδς,
1691 1579 1747 1614 ,καὶ
1761 1579 1856 1606 ἀθάνα-

1072 1629 1117 1652 τος
1134 1621 1172 1648 ὢν
1186 1621 1284 1655 Λόγος,
1308 1621 1390 1649 ἔλαϐε
1413 1622 1462 1659 τὴν
1489 1622 1536 1650 τοῦ
1553 1623 1649 1651 δούλου
1671 1625 1791 1661 μορφὴν,
1811 1627 1864 1653 καὶ

1072 1667 1204 1702 ὑπέμεινε
1221 1668 1255 1695 διι
1270 1669 1344 1703 ἡμᾶς
1359 1669 1388 1694 ὲν
1407 1670 1440 1704 τῇ
1455 1669 1553 1696 ἑαυτοῦ
1575 1671 1657 1705 σαρκὶ
1670 1670 1716 1698 τδν
1733 1671 1862 1705 θάνατον,

1072 1713 1116 1740 ἴνα
1147 1713 1234 1746 οὕτως
1264 1715 1361 1742 ἑαυτὸν
1389 1715 1459 1751 ὑπὲρ
1485 1716 1565 1751 ἡμῶν
1595 1716 1640 1744 διὰ
1665 1717 1713 1744 τοῦ
1741 1718 1862 1746 θανάτου

1072 1761 1243 1796 προσενέγκῃ
1259 1761 1297 1796 τῷ
1320 1754 1419 1797 Πατρὶ,
1440 1761 1484 1788 διὰ
1499 1761 1579 1789 τοῦτο
1599 1762 1646 1790 καὶ
1666 1763 1704 1795 ὡς
1717 1764 1863 1799 ἄνθρωπος

1071 1807 1105 1833 δι’
1121 1808 1206 1842 ἡμᾶς,
1222 1808 1268 1835 καὶ
1282 1808 1352 1843 ὑπὲρ
1367 1808 1447 1844 ὴμῶν
1462 1809 1571 1843 λέγεται
1584 1809 1802 1845 ὑπερνψοῦσθαι,
1827 1812 1862 1839 ἵν’

1071 1852 1167 1889 ὥσπερ
1193 1855 1274 1889 ἡμεῖς
1287 1854 1325 1890 τῷ
1342 1854 1451 1890 θανάτῳ
1472 1855 1555 1882 αὑτοῦ
1570 1856 1670 1888 πάντες
1686 1856 1863 1892 ἀπεθάνομεν

1072 1899 1100 1924 ἐν
1116 1899 1237 1934 Χριστῷ,
1255 1899 1342 1931 οὕτως
1363 1900 1392 1926 ὲν
1406 1900 1482 1936 αὒτῷ
1497 1901 1537 1936 τῷ
1553 1902 1665 1937 Χριστῷ
1685 1902 1767 1929 πάλιν
1779 1904 1864 1938 ἡμεῖς

1072 1946 1310 1982 ὑπερυψωθῶμεν,
1327 1947 1359 1973 ἐκ
1376 1955 1406 1973 τε
1421 1947 1475 1974 τῶν
1491 1947 1596 1983 νεκρῶν
1614 1948 1799 1983 ἐγειρόμενοι,
1813 1949 1863 1976 καὶ

1072 1993 1112 2024 εις
1135 1993 1268 2028 οὐρανοὺς
1293 1993 1483 2028 ἁνερχόμενοι,
1513 1993 1577 2021 ἔνθα
1610 1995 1767 2030 πρόδρομος
1791 1995 1863 2031 ὑπὲρ

1072 2039 1150 2073 ἡμῶν
1167 2039 1276 2074 εἰσῆλθε
1301 2040 1429 2075 Χριστός.
1455 2040 1486 2066 Ei
1500 2040 1529 2067 δὲ
1542 2040 1590 2068 νῦν
1605 2041 1677 2076 ὑπὲρ
1693 2040 1784 2076 ήμῶν,
1800 2042 1861 2069 καί·

1072 2094 1112 2112 τοι
1126 2086 1174 2112 καὶ
1188 2086 1241 2121 πρὸ
1253 2087 1361 2119 τούτου,
1379 2087 1427 2113 καὶ
1439 2086 1482 2113 ἀεὶ
1495 2086 1597 2122 Κύριος
1609 2087 1646 2114 ὢν
1667 2087 1714 2114 καὶ
1729 2088 1862 2124 δημιουρ-

1072 2132 1120 2166 γὸς
1132 2133 1185 2159 τῶν
1199 2132 1334 2168 οὐρανῶν,
1353 2133 1424 2168 ὑπὲρ
1437 2133 1516 2169 ἡμῶν
1536 2135 1589 2170 ἄρα
1605 2135 1653 2162 καὶ
1667 2135 1698 2161 τὸ
1712 2135 1861 2170 ὑπερυψω-

1074 2177 1154 2214 θῆναι
1179 2178 1226 2205 νῦν
1244 2179 1411 2215 γέγραπται.
1443 2180 1498 2205 Καὶ
1526 2179 1623 2215 ὥσπερ
1648 2180 1730 2212 αὐτὸς
1756 2181 1862 2213 πάντας

1074 2226 1196 2260 ἁγιάζων
1210 2226 1284 2260 λέγει
1302 2227 1383 2254 πάλιν
1400 2227 1439 2262 τῷ
1463 2228 1562 2263 [lat-pl,
1577 2227 1675 2254 ἑαυτὸν
1698 2228 1769 2263 ὑπὲρ
1783 2229 1861 2264 ἡμῶν

1074 2272 1208 2306 ἁγιάζειν,
1225 2273 1274 2307 οὐχ
1301 2272 1342 2299 [να
1367 2272 1444 2307 ἅγιος
1467 2274 1480 2299 ὸ
1506 2273 1591 2306 Λόγος
1604 2273 1728 2308 γένηται,
1746 2274 1806 2300 ἀλλ’
1820 2275 1863 2301 ἵνα

1073 2319 1154 2350 αὐτὸς
1172 2320 1201 2346 ὲν
1223 2319 1312 2354 ἐαυτῷ
1335 2319 1440 2356 ἁγιάσῃ
1462 2319 1566 2350 πάντας
1589 2321 1664 2354 ἡμᾶς
1677 2327 1685 2336 ’
1703 2319 1792 2352 οὕτως
1810 2321 1862 2355 ἄρα

1072 2366 1119 2392 καὶ
1134 2366 1164 2391 τὸ
1179 2365 1227 2392 νῦν
1244 2365 1401 2400 λεγόμενον,
1427 2365 1607 2401 ὑπερύψωσεν
1621 2366 1713 2399 αὑτὸν,
1743 2367 1794 2401 οὐχ
1819 2367 1861 2394 ἵνα

1074 2412 1156 2443 αὐτὸς
1171 2412 1275 2447 ὑψωθῇ,
1294 2411 1406 2447 ὕψιστος
1416 2412 1471 2448 γάρ
1484 2413 1569 2444 ἐστιν,
1587 2412 1645 2439 ἀλλ’
1660 2413 1704 2439 ἵνα
1720 2413 1802 2444 αὐτὸς
1814 2414 1862 2448 μὲν

1075 2458 1145 2493 ὑπὲρ
1158 2459 1237 2493 ήμῶν
1247 2457 1405 2493 δικαιοσύνη
1419 2458 1534 2492 γένηται
1549 2476 1558 2490 ,
1573 2458 1654 2492 ἡμεῖς
1667 2457 1695 2484 δὲ
1709 2457 1862 2493 ὑψωθῶμεν

1074 2505 1103 2530 ἐν
1123 2504 1209 2539 αὐτῷ,
1226 2504 1273 2530 καὶ
1295 2504 1335 2535 εἰς
1351 2504 1400 2535 τὰς
1420 2503 1508 2535 πύλας
1525 2503 1691 2537 εἰσέλθωμεν
1707 2503 1761 2530 τῶν
1776 2504 1860 2538 οὐρα-

1073 2551 1137 2584 νῶν,
1157 2551 1190 2581 ἃς
1208 2551 1289 2582 αὐτὸς
1303 2550 1385 2577 πάλιν
1400 2549 1471 2584 ὑπὲρ
1492 2549 1571 2585 ἡμῶν
1591 2549 1706 2584 ἀνέῳξε,
1725 2549 1860 2584 λεγόντων

1073 2598 1127 2623 τῶν
1153 2597 1370 2632 προ-τρεχόντων,
1405 2597 1512 2629 Ἀμιτε
1533 2597 1645 2629 πύλας,
1663 2598 1690 2623 οι
1704 2597 1858 2631 ἄρχοντες,

1071 2643 1166 2678 ὑμῶν,
1182 2643 1230 2670 καὶ
1245 2642 1402 2677 ἐπάρθητε,
1410 2642 1504 2669 πύλαι
1519 2642 1643 2674 αἱώνιοι,
1661 2642 1710 2669 καὶ
1724 2644 1858 2670 εἰσελεύ-

1068 2698 1155 2716 σεται
1178 2691 1194 2717 ὀ
1216 2689 1367 2721 βασιλεὺς
1382 2689 1439 2722 τῆς
1464 2689 1568 2722 δόξης,
1587 2689 1642 2716 Καὶ
1665 2686 1716 2715 ὧδε
1733 2689 1789 2724 γὰρ
1811 2690 1858 2716 οὐκ

225 2739 283 2760 tum
297 2739 357 2761 est:
375 2734 466 2761 Tollite
479 2741 588 2770 portas:
605 2744 632 2765 et
645 2738 778 2772 Introibit,
795 2745 922 2775 tanquam
933 2741 1014 2768 homo

1070 2736 1141 2771 αὐτῷ
1151 2734 1220 2771 ἦσαν
1232 2737 1260 2762 αἱ
1279 2735 1359 2762 πύλαι
1373 2735 1577 2770 κεκλασμέναι,
1589 2735 1684 2770 Κυρίῳ
1696 2735 1744 2762 καὶ
1759 2737 1856 2770 πο;ητῇ

226 2781 404 2815 ingrediatur.
419 2781 452 2808 At
475 2781 508 2809 de
521 2782 581 2818 ipso
609 2791 728 2818 rursum,
749 2791 778 2814 ut
793 2787 839 2822 qui
866 2787 937 2814 Deus
966 2788 1011 2820 sit,

1068 2785 1182 2811 πάντων
1204 2784 1263 2809 ὄντι
1275 2791 1281 2797 ·
1297 2783 1366 2810 ἀλλὰ
1386 2783 1420 2809 δι’
1433 2784 1505 2818 ἡμᾶς
1534 2783 1580 2810 καὶ
1598 2783 1677 2810 τοῦτο
1690 2783 1856 2818 γέγραπται,

268 2838 276 2852 ¹
294 2837 366 2865 Din;
378 2846 424 2871 vu,
442 2838 484 2866 10.
521 2841 532 2856 ¹
548 2839 625 2870 Joau.
642 2851 706 2878 xvu,
735 2845 760 2872 5.
799 2845 809 2860 ³
832 2844 911 2872 Joan.
938 2853 956 2878 I,
974 2845 1015 2872 ll.

1083 2843 1154 2871 Psd.
1178 2851 1254 2876 xxiii,
1275 2843 1304 2876 7,
1321 2843 1347 2870 9.
