1912 3078
57 141 118 174 35⁸1

56 195 104 228 οἷς
124 195 161 233 ἧν
178 195 278 232 ήθῦρα
291 197 338 224 τοῦ
354 197 519 233 παραδείσου
537 200 728 235 κεκλεισμένη.
752 200 797 226 AR:
813 200 860 227 καὶ

55 243 250 278 ἀνθρωπίνως
270 244 331 278 μὲν,
353 243 388 270 δι’
410 244 444 280 ἢν
469 245 585 280 ἐφόρεσε
617 246 717 281 σάρκα,
749 245 857 279 λέγεται

55 290 132 323 περὶ
145 290 232 316 αὑτοῦ
245 290 276 316 τὸ
293 291 396 324 Ἄρατε
411 291 522 324 πύλας,
539 291 586 318 καὶ
599 291 629 317 τὸ
639 292 857 323 εἰσελεύσεται,

56 334 99 366 ὡς
125 334 274 369 ἀνθρώπου
297 336 503 372 εἰσερχομένου.
525 337 630 368 Θεῖκῶς
646 337 674 364 δὲ
696 337 780 364 πάλιν
794 338 858 372 περὶ

56 380 152 406 αὑτοῦ
165 381 286 415 λέγεται,
300 382 362 408 ἐπεὶ
378 383 425 409 καὶ
441 383 508 414 Θεός
523 384 597 410 ἐστιν
611 384 625 409 ὁ
639 384 736 418 Λόγος,
751 384 790 410 ὅτι
800 381 857 411 Οὖ-

57 426 116 458 τός
127 426 197 454 ἐστι
209 428 327 461 Κύριος,
342 428 389 455 καὶ
401 428 553 461 βασιλεὺς
561 428 616 462 τῆς
628 429 731 463 δόξης.
751 429 808 463 Τὴν
830 428 858 455 δὲ

56 473 200 508 τοιαύτην
223 474 373 509 λεγομένην
393 476 433 506 εὶς
448 476 523 509 ἡμᾶς
541 475 644 509 ὗψωσιν
670 473 857 509 προανεφὼνει

56 518 91 543 τὸ
111 517 229 552 Πνεῦμα
245 519 273 544 ὲν
288 518 460 554 ὀγδοηκοστῷ
474 519 574 554 ψαλμῷ
592 519 680 552 λέγον,
700 519 753 546 Καὶ
770 519 805 545 ἐν
820 517 857 552 τῇ

57 564 250 599 δικαιοσύνῃ
272 573 330 592 σου
353 565 578 599 ὑψωθήσονται.
604 566 633 591 Et
650 565 677 591 δὲ
699 565 856 600 δικαιοσύνη

56 611 141 636 ἐστὶν
154 612 169 636 ὀ
188 610 259 643 Υἱὸς,
277 610 327 637 οὐκ
346 610 400 646 ἄρα
420 611 501 642 αὑτός
523 611 599 637 ἐστιν
616 611 653 642 ὡς
669 610 760 645 ἐνδεὴς
777 610 857 644 ὑψου-

58 665 162 690 μενος,
181 656 239 682 ἀλλ’
257 656 338 691 ἡμεῖς
364 658 447 691 ὲσμεν
464 657 488 683 οἱ
502 658 534 692 τῇ
551 656 709 691 δικαιοσύνη
735 656 856 690 9400p:-

56 711 114 734 ναι,
137 703 200 737 ήτῖς
223 702 296 728 ἐστὶν
325 702 416 734 αὑτός.
432 703 487 729 Καὶ
500 703 613 738 γὰρκαὶ
631 703 661 730 τὺ
679 703 857 736 Ἐχαρίσητο

55 747 147 780 αὐτῷ
164 749 195 774 οὐ
216 748 259 775 διὰ
273 748 318 774 τὸν
339 749 424 782 Λῆγον
444 750 600 784 γέγραπται
613 756 620 763 ·
638 747 671 785 ἦν
687 749 740 783 γὰρ
756 749 853 781 πάλαι,

56 793 110 818 καὶ
126 793 194 826 πρὶν
208 793 322 828 γένηται
334 794 488 827 ἅνθρωπος,
501 795 748 829 προσκυνούμενος,
762 794 856 828 ὥσπερ

55 839 173 866 ἄνωθεν
196 840 320 874 εἴπομεν,
340 841 393 867 ὑπὸ
418 840 541 874 ἀγγέλων
564 841 612 867 καὶ
633 841 723 875 πάσης
739 840 855 870 κτίσεως

56 885 136 911 κατὰ
155 885 207 919 τὴν
232 886 370 920 Πατρικὴν
399 886 520 921 ἰδιότητα
539 894 546 901 ·
560 885 627 912 ἀλλὰ
650 885 684 912 δι’
700 886 785 920 ἡμᾶς,
808 884 856 911 καὶ

56 931 136 966 ὑπὲρ
151 931 233 965 ἡμῶν
251 932 332 959 πάλιν
344 932 453 967 εἴρηται
466 932 546 958 τοῦτο
563 933 627 967 περὶ
642 931 736 958 αὑτοῦ.
751 932 854 967 ’Ὠσπερ

56 977 118 1011 γὰρ
141 978 181 1009 ὼς
206 977 349 1012 ἄνθρωπος
373 979 386 1004 ὁ
409 978 524 1013 Χριστὸς
546 978 677 1010 ἀπέθανε,
702 978 748 1004 καὶ.
772 978 855 1012 ὑπερ-

56 1024 175 1058 υψώθη,
203 1023 290 1054 οὕτως
319 1024 356 1055 ὡς
384 1024 528 1058 ἄνθρωπος
555 1024 664 1058 λέγεται
693 1024 852 1059 ὶαμϐάνειν,

55 1071 134 1105 ὅπερ
148 1068 226 1105 εἶχεν
242 1071 285 1096 ἀεὶ
301 1071 338 1101 ὡς
364 1071 439 1102 Θεὺς.
466 1071 499 1097 ἵν’
517 1073 556 1102 εἰς
573 1072 645 1105 ἡμᾶς
664 1072 755 1108 φθάσῃ
778 1073 822 1097 καὶ
839 1072 854 1105 ἠ

56 1117 181 1151 τοιαύτη
205 1117 315 1144 δοθεῖσα
337 1117 426 1152 χάρις.
450 1118 488 1144 Οὐ
504 1117 557 1152 γὰρ
580 1117 724 1151 ἠλαττώθη
741 1118 754 1143 ὁ
770 1118 855 1149 Λόγος

57 1163 147 1197 σῶμα
177 1163 278 1195 λαϐὼν,
296 1163 339 1189 ἴνα
362 1165 409 1190 καὶ
430 1164 511 1198 χάριν
532 1164 639 1199 ζητήσῃ
663 1163 765 1194 λαϐεῖν,
786 1164 856 1190 ἀλλὰ

57 1210 168 1244 μᾶλλον
188 1210 235 1237 καὶ
250 1210 436 1246 ὲοεοποίησεν,
453 1212 524 1246 ὅπερ
539 1211 694 1242 ἐνεδύσατο,
711 1211 758 1237 καὶ
772 1211 854 1238 πλέον

56 1257 215 1292 ἐχαρίσατο
230 1257 269 1291 τῷ
292 1258 365 1290 γένει
390 1257 445 1283 τῶν
463 1256 616 1292 ἀνθρώπων
642 1256 730 1283 τοῦτο.
750 1257 855 1292 Ὠσπερ

56 1302 119 1337 γὰρ
138 1301 184 1328 ἀεὶ
196 1303 392 1337 προσεκυνεῖτο
410 1302 497 1336 Λόγος
513 1301 562 1333 ὢν,
578 1301 626 1328 καὶ
639 1303 666 1328 ὲν
682 1302 773 1336 μήρφῇ
788 1301 854 1327 Θ.οῦ

57 1347 211 1382 ὑπάρχων.
227 1347 312 1378 οὕτως
332 1349 346 1374 ὁ
360 1348 441 1379 αὐτὸς
455 1347 503 1379 ὢν,
521 1348 568 1373 καὶ
583 1347 727 1382 ἄνθρωπος
743 1347 855 1381 γενόμε-

58 1401 108 1424 νος
123 1393 238 1427 κληθείς
251 1403 280 1420 τε
302 1393 416 1429 Ἰησοῦς,
432 1393 510 1420 οὐδὲν
522 1391 604 1430 ἦττον
624 1393 681 1428 ἔχει
697 1394 787 1419 πᾶσαν
801 1393 854 1419 ὑπὸ

57 1439 151 1471 πόδας
163 1440 214 1472 τὴν
226 1440 325 1472 κτίσιν,
334 1441 379 1467 καὶ
394 1437 422 1467 ἐν
434 1439 520 1475 τούτῳ
532 1440 570 1475 τῷ
582 1439 694 1474 ὀνόματι
708 1439 741 1465 τὰ
755 1440 854 1473 γόνατα

58 1485 251 1519 κάμπτουσαν
265 1486 350 1520 αὐτῷ.
365 1486 412 1512 καὶ
428 1485 689 1521 ἐξομολογουμένην,
704 1487 746 1512 ὃτι
763 1486 810 1512 καὶ
824 1486 854 1512 τὸ

58 1532 197 1566 γενέσθαι
211 1533 300 1567 σάρκα
316 1533 361 1558 τὸν
378 1532 473 1565 Λόγον,
498 1532 546 1558 καὶ
568 1532 683 1559 θάνατον
707 1532 853 1566 ὑπομεῖναι

59 1578 152 1614 σαρκὶ
167 1578 276 1606 οὐκίὲπ¹
291 1577 385 1613 ἀδοξίᾳ
407 1579 456 1613 τῆς
479 1577 607 1612 Oed-tneo;
627 1577 708 1604 αὑτοῦ
727 1577 850 1612 γέγονεν,

58 1625 123 1652 ἀλλ’
141 1626 182 1656 εἰς
196 1624 275 1658 δόξαν
288 1623 355 1650 Θεοῦ
380 1623 498 1658 Πατρός.
520 1623 589 1655 Δόξα
608 1623 637 1649 δὲ
658 1624 765 1657 Πατρός
784 1623 853 1656 ἐστι,

59 1673 110 1698 τὶν
138 1671 289 1705 γενόμενον
313 1670 459 1704 ἄνθρωπον
482 1670 528 1696 καὶ
551 1669 719 1703 ἀπολόμενον
742 1668 857 1704 εὑρεθῆ-

60 1726 122 1747 ναι,
144 1717 194 1742 καὶ
207 1716 380 1751 νεκρωθέντα
406 1715 620 1750 ξωοτιοιηθῆναι,
640 1715 687 1741 καὶ
707 1715 770 1741 ναὸν
782 1715 859 1749 γενέ-

62 1763 128 1790 σθαι
144 1763 224 1789 Θεοῦ.
236 1762 289 1788 Καὶ
306 1763 360 1796 γὰρ
371 1761 483 1788 καὶτῶν
509 1762 538 1788 ὲν
568 1761 692 1796 οὐρανοῖς
717 1761 858 1795 δυνάμεων

552 146 742 177 PANOPLIA
763 146 991 178 DOGMATICA.
1013 159 1047 164 -
1066 147 1139 178 TlT.
1162 147 1214 177 Χῐ.

1657 151 1710 185 358

874 201 899 232 Α
912 200 1010 227 dicitur
1026 209 1033 227 ι
1053 200 1209 228 Elinlraibil
1221 201 1275 228 Rex
1283 202 1384 236 plurim.
1400 202 1436 229 Ac
1448 202 1581 236 ejusmodi
1594 206 1704 240 quidem

910 246 945 273 de
961 247 1039 274 nobis
1047 248 1242 275 exaltatiouem
1253 248 1370 282 Spiritus
1387 253 1498 275 sanctus
1512 252 1707 284 praenuntiavit

910 291 937 318 iu
947 293 1116 326 octogesimo
1134 293 1240 320 i’salmo
1255 301 1263 320 :
1279 294 1311 320 Et
1331 296 1356 320 in
1375 294 1477 327 ittalt'liu
1492 300 1547 327 ma,
1568 296 1705 331 inquiens,

909 337 1110 365 exaltabunlur.
1126 338 1202 371 Quod
1216 339 1238 365 si
1254 340 1310 373 ipse
1328 339 1412 366 FliillS
1425 340 1530 374 justitia
1560 347 1612 372 est.
1647 351 1703 369 non

909 383 1003 417 utique
1026 387 1153 418 tanquatn
1174 384 1252 418 inops
1269 389 1311 411 est
1327 382 1474 416 exaltalus,
1494 385 1542 412 sed
1572 393 1622 412 nos
1651 394 1701 420 per

906 430 1052 464 justitiam,
1068 437 1128 464 quae
1153 430 1211 464 ipse
1241 435 1294 463 est,
1323 431 1430 457 exaltati
1461 439 1512 458 sun
1525 439 1566 458 us.
1596 431 1662 458 Nam
1679 439 1707 466 et

909 475 975 501 illud
990 495 999 508 ,
1013 474 1044 501 Et
1063 475 1167 501 donavit
1182 475 1231 506 illi,
1247 483 1303 502 non
1321 481 1431 510 propter
1445 476 1561 503 Verbum
1574 477 1704 511 scriptum

909 524 962 546 est.
981 520 1038 547 Jam
1058 521 1131 547 enim
1145 525 1171 547 ct
1191 527 1253 548 anle
1281 529 1361 555 quam
1390 522 1467 549 iicret
1490 523 1582 552 homo.
1614 527 1643 549 et
1671 523 1705 550 ab

908 567 1053 601 angelis,et
1064 570 1097 593 ab
1107 567 1232 595 omnibus
1249 568 1329 595 rebus
1347 568 1494 602 procreatis
1509 569 1543 595 ob
1555 573 1698 602 paternam

911 615 1119 648 proprietatem,
1133 619 1162 640 ut
1176 615 1308 647 diximus,
1326 615 1507 642 adolabatur:
1524 615 1570 642 sed
1595 622 1706 650 propter

910 666 972 689 nos.
994 663 1021 685 et
1036 667 1084 694 pro
1099 660 1189 691 nobis,
1209 660 1261 687 hoc
1276 660 1340 686 item
1362 660 1463 686 dictum
1473 660 1576 695 deipso
1585 661 1704 688 est.Ete-

908 704 963 731 nim
979 704 1104 731 Christus
1119 705 1346 739 quemadmodum
1363 710 1392 732 ut
1419 705 1500 732 homo
1520 711 1548 732 et
1576 712 1703 733 mortuus

907 754 934 777 et
948 750 1079 778 exaltatus
1094 755 1147 782 est,
1160 751 1199 777 sic
1212 751 1294 778 etiam
1308 756 1336 777 ut
1361 751 1442 778 houo
1469 752 1567 778 dicitur
1579 752 1703 786 accipere

907 795 1027 830 id.quod
1054 804 1162 830 semper
1182 797 1299 824 habebat
1315 803 1343 824 ut
1362 798 1442 830 Deus,
1458 802 1485 824 ut
1497 798 1581 832 gratia
1598 798 1658 824 data
1675 798 1701 824 in

907 849 957 869 nos
974 843 1137 876 perveniret.
1152 843 1212 869 Non
1238 844 1311 870 enim
1331 844 1503 870 imminutum
1523 849 1564 871 est
1579 843 1699 871 Verbum

875 883 894 909 Β
909 895 1011 922 corpus
1029 895 1181 919 aSsumeus,
1197 892 1224 914 ut
1239 889 1288 915 sibi
1318 889 1430 923 gratiam
1460 890 1624 923 acquirelet.
1653 889 1701 917 sed

907 933 1007 967 potius.
1026 938 1054 959 ut
1069 934 1140 965 quod
1160 933 1286 960 induerat
1301 942 1411 968 corpus,
1426 934 1548 961 divinum
1563 935 1700 962 redderet.

907 978 973 1005 Illud
989 984 1078 1005 anteiit
1093 980 1211 1005 humano
1224 980 1315 1014 generi
1333 980 1453 1011 donavit,
1480 984 1508 1007 ut
1521 982 1702 1015 quemadmo-

906 1024 969 1051 dum
988 1023 1103 1051 Vcrbum
1120 1031 1146 1051 et
1164 1026 1189 1051 in
1206 1025 1291 1051 forma
1310 1025 1356 1051 Ι)νὶ
1383 1027 1517 1053 exsisteus
1527 1026 1702 1058 adorabatur,

906 1071 944 1098 sic
952 1071 1033 1097 etiam
1042 1071 1141 1097 factum
1154 1071 1244 1102 homo,
1254 1077 1433 1105 vocatumque
1450 1071 1542 1103 Jr‘SllS,
1558 1073 1697 1099 nihilomi—

906 1125 957 1144 nus
973 1125 1015 1144 rcs
1027 1125 1121 1145 omnes
1135 1123 1289 1152 procreatas
1301 1118 1350 1144 sub
1366 1118 1479 1152 pedibus
1503 1119 1615 1152 positas,
1627 1124 1652 1146 ct
1666 1127 1699 1146 eo

907 1164 1016 1190 nomine
1026 1171 1114 1198 genua
1123 1164 1173 1190 sibi
1189 1163 1339 1195 ﬂectentes,
1359 1172 1440 1198 seque
1450 1165 1635 1192 collaudanles
1651 1166 1683 1192 lia
1693 1180 1702 1187 -

907 1212 992 1237 beret.
1013 1210 1050 1236 Ex
1071 1217 1103 1236 eo
1120 1210 1205 1243 enim,
1234 1210 1306 1244 quod
1328 1210 1441 1237 Verbum
1459 1218 1522 1237 caro
1538 1210 1638 1237 factum
1657 1216 1700 1237 est

905 1261 931 1282 et
951 1261 1065 1282 mortem
1088 1255 1116 1282 in
1135 1263 1216 1282 carne
1231 1255 1352 1288 pertulit.
1366 1255 1468 1281 tullium
1483 1255 1515 1282 ad
1531 1255 1702 1283 divinitatem

905 1302 1022 1329 dedecus
1051 1302 1183 1336 pervenit,
1211 1302 1258 1328 sed
1270 1302 1353 1336 gloria
1378 1301 1469 1335 potius
1483 1301 1515 1328 ad
1535 1301 1702 1328 Patrem.Si~

904 1347 1011 1382 quidem
1024 1347 1107 1380 gloria
1121 1346 1209 1373 Patris
1221 1351 1273 1376 est,
1290 1347 1407 1373 uthomo
1416 1347 1462 1381 qui
1475 1347 1592 1381 perierat
1607 1347 1702 1374 inven-

891 1394 1003 1425 ‘tussit,
1016 1398 1043 1420 et
1058 1394 1104 1428 qui
1120 1397 1244 1420 mortuus
1259 1397 1328 1424 erat,
1346 1394 1380 1420 sit
1408 1393 1434 1419 in
1445 1393 1526 1419 vitam
1554 1384 1699 1420 revocatus

905 1443 932 1466 et
942 1439 986 1465 llei
997 1438 1126 1472 templum
1135 1438 1343 1471 evaserit.Quod
1355 1444 1443 1466 autem
1456 1438 1610 1470 Dominum,
1620 1446 1701 1473 quem

905 1485 1019 1512 virtutes
1034 1485 1084 1511 liiiB
1097 1484 1222 1512 ccelestes
1230 1492 1337 1519 semper
1353 1485 1513 1517 adorabant,
1527 1493 1600 1512 nunc
1615 1485 1697 1512 etiam

907 1529 1022 1555 adorent
1039 1528 1066 1555 in
1085 1528 1195 1555 nomine
1207 1527 1283 1559 Jesu,
1295 1534 1388 1555 nostra
1397 1529 1453 1555 haec
1463 1534 1505 1556 est
1521 1529 1604 1564 gloria
1615 1534 1697 1564 atque

904 1575 1030 1602 exaltatio
1041 1594 1048 1606 ,
1057 1579 1084 1601 et
1095 1574 1166 1609 quod
1178 1574 1224 1601 Dei
1235 1574 1319 1602 Filius
1332 1575 1412 1602 etiam
1420 1575 1502 1602 homo
1512 1575 1701 1602 factuscolilur

907 1627 935 1648 et
949 1621 1076 1648 adoratur
1090 1621 1123 1647 ab
1140 1620 1205 1655 ipsis
1223 1621 1370 1648 virtutibus
1384 1621 1552 1653 cmlestibus,
1569 1629 1630 1655 qua:
1646 1629 1697 1649 nos

909 1672 1051 1696 consortes
1070 1667 1139 1701 ejus,
1156 1671 1274 1693 etuuutn
1291 1668 1419 1701 cumipso
1428 1675 1529 1701 corpus
1545 1667 1658 1695 eil'ectos
1672 1671 1701 1695 et

911 1713 938 1740 in
953 1713 1010 1739 loca
1030 1721 1077 1739 sua
1095 1713 1265 1740 introductos
1283 1720 1337 1739 nou
1354 1713 1457 1739 alienos
1473 1717 1519 1740 aut
1541 1713 1700 1749 peregrinos

913 1759 1116 1786 existimabunt.

60 1810 108 1836 ἀεὶ
123 1809 176 1844 μὲν
194 1808 407 1842 προσκυνουσῶν
421 1808 503 1835 αὐτὸν
515 1828 522 1840 ,
540 1807 752 1843 προσκυνουσῶν
763 1807 791 1833 δὲ
811 1806 857 1832 καὶ
871 1805 918 1832 νῦν
930 1805 958 1830 ὲν
969 1804 1007 1838 τῷ
1023 1803 1136 1837 ὀνόματι
1157 1802 1244 1837 Ἰησοῦ
1262 1804 1307 1829 τὸν
1326 1803 1438 1838 Κύριον,
1449 1804 1528 1837 ἡμῶν
1546 1804 1619 1829 ἐστιν
1628 1803 1698 1838 αὕτη

62 1856 79 1890 ὴ
92 1855 188 1890 χάρις,
203 1855 250 1880 καὶ
264 1854 441 1889 ὑπερύψωσις
455 1854 496 1880 ὅτι
509 1861 538 1880 τε
554 1855 600 1880 καὶ
613 1853 756 1888 ἄνθρωπος
771 1853 869 1887 γενόμε

872 1859 915 1883 νος
926 1851 1115 1885 προσκυνεῖται
1135 1850 1149 1876 ὁ
1163 1850 1208 1876 τοῦ
1223 1850 1374 1884 ΘεοῦιΥἰὺς,
1391 1850 1437 1876 καὶ
1452 1849 1482 1876 οὺ
1497 1849 1699 1884 ξενισθήσοντα·

61 1901 90 1927 αἱ
107 1899 235 1936 οὐράνιαι
248 1899 387 1934 δυνάμεις,
398 1900 612 1935 βλέπουσαιτοὺς
629 1899 789 1934 συσσώμους
808 1898 924 1929 ἐκείνους
940 1897 1043 1928 πάντας
1064 1897 1136 1932 ἡμᾶς
1150 1896 1342 1931 εἰσαγομένους
1360 1897 1399 1927 εις
1413 1895 1461 1928 τὰς
1477 1896 1567 1931 χώρας
1581 1897 1696 1924 ἑαυτῶν.

285 1947 336 1974 Ἐκ
354 1946 408 1974 τοῦ
425 1946 518 1974 αὐτοῦ
538 1947 642 1981 λόγου.
666 1952 668 1955 ·

101 1993 134 2019 Ei
146 1993 192 2020 διὰ
203 1993 234 2018 τὺ
249 1992 460 2027 προσκυνεῖσθαι
475 1993 503 2018 ἐν
517 1992 555 2027 τῷ
571 1992 671 2027 ψαλμῷ
685 2011 692 2024 ,
706 1990 757 2017 Διὰ
769 1989 858 2017 τοῦτο

65 2037 173 2073 ἔχρισέ
182 2045 220 2064 σε
236 2038 252 2064 ό
271 2037 343 2070 Θεὸς
356 2038 372 2064 ό
385 2037 457 2070 Θεός
468 2044 537 2069 σου,
557 2037 589 2063 ὲκ
602 2037 651 2071 τῆς
665 2035 708 2062 διὰ
720 2035 800 2062 τοῦτο
813 2034 860 2060 λέ-

67 2086 137 2118 ξεως
158 2084 295 2120 πρόφασιν
314 2084 395 2110 πάλιν
410 2084 517 2114 ἑαυτοῖς
533 2084 573 2114 εἰς
588 2082 606 2109 ἃ
627 2082 767 2117 βούλονται
783 2081 860 2117 πορί-

68 2131 162 2162 ζονται
175 2137 182 2146 ο
200 2129 348 2164 γνώτωσαν
363 2130 388 2156 οἱ
401 2129 455 2155 τῶν
471 2128 587 2164 Γραφῶν
603 2127 730 2163 ἀμαθεῖς,
746 2127 792 2153 καὶ
807 2126 858 2161 τῆς

67 2175 197 2207 ἀσεδειας
218 2175 372 2209 ἑφευρεταῖ,
395 2174 502 2208 ὅτιξκαὶ
518 2173 634 2201 ἐνταῦθα
658 2173 738 2200 πάλιν
757 2172 787 2199 τὸ
808 2172 858 2200 διὰ

67 2221 158 2248 τοῦτο
183 2221 213 2247 οὺ
235 2220 331 2254 μισθὸν
350 2220 451 2255 αρετῆς
473 2220 490 2255 ἢ
515 2219 641 2254 πράξεως
662 2218 790 2254 σημαίνει
811 2218 857 2244 τοῦ

68 2266 169 2300 Λόγου,
187 2265 256 2292 ἀλλὰ
268 2265 298 2292 τὸ
311 2266 397 2292 αἴτιον
411 2263 494 2291 πάλιν
509 2264 558 2298 τῆς
573 2264 613 2295 ei;
625 2264 698 2298 ἡμᾶς
712 2262 794 2289 αὐτοῦ
809 2271 858 2289 κα-

69 2311 147 2338 θόδου
159 2330 168 2343 ,
185 2311 232 2337 καὶ
249 2312 299 2346 τῆς
314 2310 385 2346 ὑπὲρ
403 2310 481 2345 ήμῶν
503 2310 543 2338 εις
559 2309 639 2336 αὑτὸν
655 2309 801 2343 γινομένης
813 2307 857 2334 τοῦ

69 2355 230 2391 Ιῐνεύματος
242 2355 368 2390 χρίσεως.
379 2355 415 2381 Οὐ
427 2354 480 2389 γὰρ
491 2351 562 2385 εἶπε,
570 2354 619 2380 Διὰ
627 2353 706 2379 τοῦτο
716 2353 807 2387 ἔχρισε
817 2361 857 2384 σε,

70 2401 115 2427 ἴνα
132 2401 198 2436 γένῃ
221 2400 298 2431 Θεὸς,
314 2399 331 2434 ἢ
354 2399 428 2431 Υἱὸς,
448 2398 464 2432 ἢ
485 2398 572 2432 Λόγος
585 2405 591 2412 ·
609 2395 643 2431 ἦν
665 2396 720 2431 γὰρ
735 2398 781 2423 καὶ
806 2395 860 2430 πρὸ

70 2445 180 2477 τούτου,
195 2446 241 2471 καὶ
255 2444 329 2471 ἔστιν
343 2445 398 2476 ἀεὶ,
411 2443 536 2476 καθάπερ
548 2442 681 2469 δέδεικται
695 2449 700 2456 ·
714 2441 780 2467 ἀλλὰ
792 2440 860 2476 μᾶλ-

69 2492 126 2524 λον,
145 2491 256 2526 Ἐπειδὴ
280 2491 346 2522 Θεὸς
367 2487 401 2524 ἦς
425 2489 473 2516 καὶ
496 2489 631 2524 βασιλεὺς,
648 2488 691 2514 διὰ
712 2488 789 2514 τοῦτο
812 2487 859 2514 καὶ

69 2536 213 2572 ὲχρῑσθης.
241 2536 317 2562 Ἐπεὶ
338 2535 397 2561 οὐδὲ
412 2535 492 2562 ἄλλου
506 2532 539 2569 ἦν
562 2533 679 2567 συνάψαι
693 2532 737 2558 τὸν
753 2531 858 2567 ἅνθρω-

71 2591 125 2610 πον
145 2581 184 2617 τῷ
200 2581 337 2616 Πνεύματι
355 2580 393 2615 τῷ
410 2579 479 2615 ἁγίῳ
497 2580 513 2614 ἢ
538 2579 597 2612 σοῦ,
624 2579 673 2613 τῆς
691 2578 794 2609 εἰκόνος
810 2577 857 2604 τοῦ

71 2627 190 2662 Πατρδς,
212 2624 271 2652 καθ’
285 2627 317 2660 ἣν
332 2626 378 2651 καὶ
394 2624 424 2656 ἐξ
443 2623 529 2659 ἀρχῆς
554 2623 716 2657 γεγόναμεν.
737 2622 786 2648 Σοῦ
804 2622 857 2656 γάρ

70 2674 128 2699 ἐστι
143 2674 193 2699 καὶ
208 2671 238 2698 τδ
258 2671 381 2705 Πνεῦμα.
394 2670 455 2696 Τῶν
472 2670 520 2705 μὲν
535 2670 589 2704 γὰρ
604 2669 725 2704 γενητῶν
740 2669 756 2703 ἡ
776 2669 857 2702 φύσις

70 2718 122 2744 οὐκ
135 2716 170 2753 ἦν
183 2716 338 2749 ἀξιόπιστος
351 2716 390 2746 εἰς
403 2714 492 2746 τοῦτο,
508 2714 632 2748 ἀγγέλων
649 2713 699 2747 μὲν
717 2712 856 2747 παραὸάν-

70 2773 135 2795 των,
154 2761 307 2798 ἀνθρώπων
319 2761 348 2788 δὲ
365 2760 611 2796 παρακουσάντων.
629 2759 678 2786 Διὰ
692 2759 773 2786 τοῦτο
787 2757 855 2785 Θεοῦ

107 2846 114 2860 ί
133 2843 205 2870 Psal.
221 2850 293 2874 mv,
309 2843 335 2874 8,

1189 1942 1231 1969 Ex
1246 1943 1337 1970 eodem
1350 1942 1427 1969 libro.

953 1988 993 2022 Si,
1007 1988 1135 2023 quoniam
1157 1988 1184 2015 in
1204 1989 1309 2022 psalmo
1324 1989 1456 2023 scriptum
1475 1992 1517 2015 est
1533 1987 1696 2022 :Propterea

907 2033 983 2059 unxit
1000 2037 1024 2059 te
1038 2032 1119 2065 Deus,
1136 2031 1207 2059 Deus
1225 2038 1285 2059 tuus
1297 2032 1320 2064 ¹,
1340 2032 1510 2059 occasionem
1532 2032 1565 2059 ad
1578 2040 1620 2064 ea,
1636 2039 1698 2067 qua:

907 2077 1003 2104 volunt
1024 2077 1208 2105 conﬁrmanda
1233 2084 1267 2103 ex
1286 2077 1329 2104 his
1344 2076 1436 2104 verbis
1462 2075 1610 2111 arripiunt,
1636 2077 1697 2104 ani-

874 2123 1082 2173 I)madverlaut
1110 2123 1236 2150 homines
1268 2122 1474 2156 Seripturarum
1503 2122 1640 2157 imperiti,
1667 2126 1695 2150 et

911 2169 1061 2204 impietatis
1076 2169 1243 2198 inventores.
1270 2167 1315 2195 hic
1326 2175 1436 2195 rursum
1453 2175 1508 2195 non
1527 2167 1608 2195 Verbi
1623 2175 1696 2202 prte-

910 2215 995 2242 mium
1011 2213 1121 2240 virtutis
1143 2213 1301 2243 actionisve,
1325 2212 1373 2239 sed
1403 2212 1553 2239 descensus
1573 2212 1647 2239 illius
1662 2213 1695 2238 ad

911 2267 971 2291 nos,
988 2263 1016 2286 et
1037 2259 1175 2286 unctionis
1190 2258 1309 2293 Spiritus
1328 2258 1355 2284 in
1380 2257 1439 2292 ipso
1457 2265 1506 2292 pro
1525 2257 1602 2284 nobis
1617 2257 1696 2284 facta}

912 2312 1023 2331 causam
1051 2303 1209 2338 signiﬁcari.
1242 2303 1300 2329 Non
1326 2302 1399 2329 enim
1427 2302 1495 2329 dixit
1519 2311 1525 2329 :
1548 2302 1696 2336 Propterea

914 2349 992 2376 unxit
1012 2353 1038 2377 te
1051 2369 1058 2381 ,
1077 2354 1107 2375 ut
1127 2348 1209 2378 Deus.
1227 2352 1272 2375 aut
1293 2347 1348 2374 Rex
1361 2368 1368 2380 ,
1387 2353 1433 2374 aut
1449 2347 1542 2380 Filius,
1563 2352 1610 2374 aut
1629 2347 1684 2374 Ver

910 2395 975 2421 bum
993 2394 1057 2427 ﬁas;
1086 2398 1145 2421 erat
1162 2394 1234 2420 enim
1252 2400 1326 2425 ante,
1343 2397 1370 2419 et
1385 2400 1495 2427 semper
1520 2396 1573 2425 est,
1599 2396 1629 2418 ut
1645 2392 1696 2418 de-

908 2440 1093 2471 claravimus;
1116 2439 1164 2466 sed
1199 2438 1301 2474 potius,
1331 2438 1399 2470 Quia
1421 2437 1493 2465 Deus
1516 2446 1556 2469 es,
1575 2441 1602 2464 et
1626 2437 1694 2469 Rex,

908 2485 1012 2513 idcirco
1026 2490 1053 2512 et
1073 2490 1172 2512 unctus
1186 2492 1226 2512 es.
1249 2484 1383 2517 Quoniam
1400 2492 1454 2510 non
1470 2484 1502 2510 ad
1518 2484 1600 2510 alium
1617 2491 1696 2518 spee—

908 2531 990 2561 tabat,
1007 2530 1109 2565 Spiritu
1125 2535 1220 2557 sancto
1230 2530 1366 2557 hominem
1376 2530 1521 2564 intingere,
1540 2529 1592 2555 nisi
1606 2530 1640 2555 ad
1657 2532 1693 2560 te,

907 2577 953 2611 qui
980 2576 1072 2604 Patris
1091 2577 1180 2610 imago
1196 2583 1240 2607 es,
1260 2576 1294 2603 ad
1309 2583 1391 2610 quam
1408 2575 1517 2610 quidem
1547 2574 1692 2609 imaginem

907 2626 935 2649 et
950 2622 1028 2649 initio
1044 2621 1109 2648 iacti
1123 2629 1229 2649 sumus.
1243 2621 1318 2648 Tuus
1329 2621 1402 2648 enim
1416 2625 1442 2648 et
1454 2621 1572 2656 Spiritus
1588 2626 1639 2648 est.
1653 2620 1692 2647 Ex

907 2666 989 2693 rebus
1011 2667 1084 2694 enim
1100 2667 1256 2701 procreatis
1278 2666 1351 2693 nulla
1379 2671 1439 2693 erat,
1453 2666 1543 2700 digna,
1570 2666 1614 2693 eui
1641 2665 1692 2692 hoc

906 2719 1005 2739 munus
1017 2713 1247 2745 committeretur,
1264 2719 1325 2739 cum
1341 2717 1369 2739 et
1385 2712 1473 2747 angeli
1501 2710 1691 2745 deliquissent,

906 2762 934 2785 et
950 2758 1075 2785 homines
1088 2765 1143 2785 non
1159 2758 1405 2792 obtemperassent.
1418 2757 1592 2792 Quapropter
1606 2755 1690 2782 Deum
