1912 3078
97 110 148 141 365

579 112 768 144 PANOPLIA
787 114 1020 147 DOGMATICA.
1036 128 1068 134 -
1085 117 1160 148 TiT.
1183 118 1237 149 XI.

1671 122 1723 155 366

98 168 143 194 καὶ
161 168 192 194 τὸ
205 168 350 202 ἐποίησε,
369 169 415 195 καὶ
430 168 460 195 τὺ
478 168 599 197 ἔκτισεν
622 172 662 202 εἰς
679 172 727 208 τὴν
743 172 869 208 ἐνσαρκοι

927 172 1093 201 referantur.
1108 174 1186 202 Tunc
1200 175 1274 204 enim
1287 175 1373 203 tactus
1389 181 1432 204 est
1444 178 1564 212 adjutor.
1578 183 1607 206 et
1624 180 1678 206 don
1690 187 1723 207 us

97 212 173 238 αὐτοῦ
201 215 353 248 παρουσίαν
376 214 598 249 λαμϐανέτωσαν.
615 217 682 243 Τότε
705 218 759 253 γὰρ
784 219 879 253 γέγονε

99 258 198 293 βοηθὸς,
215 259 264 285 καὶ
279 257 351 290 οἶκος
369 262 541 296 καταφυγῆς,
562 262 606 288 ὅτε
622 263 659 297 τῷ
675 264 781 298 σώματι
798 265 879 292 αὐτοῦ

96 304 142 335 τὰς
165 305 301 341 ἁμαρτίας
319 306 397 340 ἡμῶν
423 308 572 342 ἀνήνεγκεν
596 309 642 334 ἐπὶ
668 309 698 336 τὸ
722 310 810 344 ξύλον,
833 312 880 338 καὶ

96 349 168 383 ἔλεγε
182 358 190 365 ·
206 350 307 384 Δεῦτε,
331 352 442 386 πάντες
460 354 488 380 οι
513 354 674 388 κοπιῶντες
696 357 745 382 καὶ
772 365 881 391 πεφορ-

96 396 236 430 τισμένοι,
253 398 334 432 κάγὼ
356 399 525 427 ἀναπαύσω
550 401 638 435 ὑμᾶς.
661 402 721 428 Ἐὰν
737 403 765 429 δὲ
781 404 820 434 είς
836 403 881 430 τὸν

96 441 200 476 Πατέρα
232 443 349 477 λέγωσιν
379 445 505 480 εἰρῆσθαι
537 447 570 472 τὰ
599 448 730 482 ῥήματα,
754 449 807 483 ἄρα
835 449 881 475 καὶ

95 488 184 523 ἐπειδὴ
212 491 260 515 καὶ
282 490 400 516 ἐνταῦθα
429 491 584 527 γέγραπται
608 493 639 519 τδ
663 494 761 527 γενοῦ,
777 495 824 521 καὶ
851 496 882 521 τὸ

95 534 222 567 ἐγένετο,
240 536 368 562 τοσοῦτον
387 538 616 573 ἐπιχειρήσουσιν,
628 539 666 571 ὡς
683 540 730 566 καὶ
749 541 812 575 περὶ
837 540 884 567 τοῦ

92 579 174 613 Λόγου
196 581 295 607 ἑαυτοῦ
314 582 426 609 τοιαῦτα
447 583 655 618 διαλογίζεσθαι.
673 587 753 621 Φέρει
765 587 819 621 γὰρ
832 587 883 613 αὺ-

92 627 151 657 to};
172 627 187 661 ἠ
214 627 359 655 ἀκολουθία
383 629 495 656 τοιαῦτα
517 632 582 666 περὶ
610 631 657 658 τοῦ
685 632 790 667 [ἰατρὸς
814 633 882 658 ὑπο-

93 673 166 704 νοεῖν,
187 670 232 699 οἶα
256 675 303 700 καὶ
322 675 388 710 περὶ
398 676 445 703 τοῦ
465 677 554 711 Λόγου
574 679 765 712 φαντάζονται.

96 729 144 755 Ἐκ
171 731 299 767 πολλῶν
322 731 559 767 ἐπιχειρημάτων
584 735 804 763 ἀποδείκνυσιν
831 736 876 762 ὄτι

122 765 249 805 τνήᾳιος
265 767 314 792 καὶ
330 765 491 805 όέιὸοᾷσιος
506 771 522 795 ό
533 769 598 802 Υἱὸς
611 769 650 802 τῷ
662 771 807 805 ΙΙατρὶ,ὲιι
824 770 877 798 τοῦ

122 801 198 826 κατὰ
221 801 385 835 Ἀρειανὼν
394 804 424 834 ,β’
440 805 546 838 λόγου.

123 847 168 882 Μὴ
189 848 268 880 ὄντος
293 849 370 882 Υίοῦ,
393 850 450 882 πῶς
465 852 518 886 ἄρα
533 851 579 878 τὸν
595 852 662 879 Θεὸν
681 853 794 889 κτίστην
808 852 878 880 εἶναι

934 219 1042 253 refugii,
1060 222 1169 255 quando
1185 229 1300 256 corpore
1330 230 1380 250 suo
1396 229 1507 258 peccata
1524 230 1618 252 nostra
1642 226 1670 252 in
1688 226 1722 252 ti-

934 273 1016 299 gnum
1045 266 1165 298 sustulit,
1195 272 1221 294 et
1236 267 1326 295 dixit:
1349 268 1441 296 Venite
1452 269 1486 296 ad
1505 278 1544 296 me
1563 279 1661 303 omnes,
1678 271 1723 306 qui

935 311 1070 339 labaratia.
1085 318 1110 338 et
1124 314 1226 339 onerati
1239 319 1312 346 estis,
1340 319 1364 341 et
1381 323 1427 350 ego
1445 316 1560 349 reﬁciant
1577 325 1621 343 vos
1637 317 1657 344 ‘.
1675 317 1723 344 S.n

934 357 967 384 ad
982 357 1088 385 Patrem
1099 366 1130 385 ea
1148 358 1291 386 referenda
1309 360 1439 392 dixerint,
1456 369 1517 389 eum
1533 366 1561 388 et
1581 362 1625 389 hic
1655 364 1724 390 scri—

935 409 1011 437 ptum
1029 403 1083 430 sit:
1102 403 1164 437 ﬁas,
1190 409 1218 432 et
1242 407 1329 439 [actus
1354 410 1402 437 est,
1430 411 1505 433 tanta
1523 407 1649 434 videntur
1663 414 1725 434 esse

935 449 1099 476 conﬁdentia
1131 454 1157 476 et
1179 451 1346 485 arrogantia,
1367 456 1397 478 ut
1414 451 1499 479 Deum
1523 452 1606 479 etiam
1622 452 1723 480 factum

936 494 1038 526 dicant,
1064 499 1092 521 et
1108 503 1168 529 quae
1188 495 1223 523 de
1244 495 1342 524 Verbo'
1359 497 1446 532 ipsius
1471 501 1609 531 asserunt,
1627 497 1724 525 eadem

937 541 971 567 ad
985 541 1060 567 illum
1081 542 1215 570 referant.
1242 542 1273 570 ld
1288 543 1362 570 enim
1383 551 1416 571 ex
1440 544 1531 571 verbis
1544 544 1610 579 ipsis
1625 551 1724 571 conse-

935 587 1039 620 quitur.
1057 592 1086 614 ut
1100 588 1195 615 eadem
1208 589 1242 616 de
1255 589 1336 617 Patre
1355 591 1485 626 cogitent,
1501 598 1561 626 quae
1584 592 1618 619 de
1633 591 1724 619 Verbo

935 633 1191 662 comminiscuntur.

931 734 1023 775 Muftis
1033 738 1195 775 argumentis
1203 739 1324 775 attendit,
1339 738 1435 766 Filium
1446 749 1498 767 esse
1509 741 1625 775 ejusdem
1637 750 1723 769 exmi-

966 771 1010 798 tiae
1022 780 1081 798 cum
1094 771 1187 800 Patre.
1199 773 1241 800 Ea:
1253 779 1365 802 secundo
1377 775 1442 802 libro
1453 771 1546 803 contra
1558 778 1684 806 Arianae.

968 850 996 876 Si
1017 850 1101 879 Filius
1114 859 1166 879 non
1179 857 1231 886 est,
1249 854 1385 888 quomodo
1396 854 1479 883 Deum
1496 862 1649 885 creatorem
1660 865 1721 886 esse

90 893 179 928 λέγετε
193 902 201 927 ;
218 895 250 921 El.
264 895 319 930 γὰρ
331 896 375 922 διὰ
387 897 473 931 Λόγου
483 899 530 924 καὶ
545 900 573 924 ὲν
587 900 667 935 σοφίᾳ
683 901 772 927 πάντα
784 901 818 928 τὰ
831 910 869 936 γι-

924 896 1035 924 dicitis?
1058 897 1124 924 Nam
1151 899 1173 925 si
1197 906 1246 933 per
1266 898 1395 933 Verbum,
1417 905 1443 927 et
1460 901 1487 928 in
1501 902 1634 937 sapientia
1650 899 1721 931 ﬂun‘

91 940 185 974 νόμενα
203 942 320 975 γίνεται,
339 944 422 978 χωρὶς
438 944 466 970 δὲ
481 945 576 970 τούτου
595 946 644 972 οὑκ
660 946 693 973 ἄν
708 955 734 972 τι
749 947 854 982 γένοιτο
864 969 871 980 ,

89 987 133 1013 οὐκ
145 988 200 1022 ἔχει
216 988 278 1014 καθ’
294 988 375 1023 ὑμᾶς,
392 991 420 1015 ὲν
433 985 466 1023 ᾧ,
482 990 529 1016 καὶ
543 991 577 1016 δι’
591 988 621 1017 οὗ
636 991 669 1018 τὰ
685 992 773 1018 πάντα
789 994 871 1019 ποιεῖ.

89 1033 117 1059 Et
133 1033 160 1060 δὲ
177 1033 215 1068 μὴ
229 1034 401 1069 καρπογόνος
417 1036 491 1062 ἐστὶν
508 1035 576 1072 αὐτὴ
593 1038 608 1072 ἡ
626 1037 685 1064 Θεία
698 1038 776 1065 οὐσία
788 1059 795 1071 ,
814 1039 872 1066 ἀλλ’

88 1079 184 1114 ἔρημος
200 1080 263 1106 κατ’
279 1081 378 1112 αὐτοὺς
395 1080 433 1112 ὡς
450 1082 508 1116 φῶς
525 1084 563 1118 μὴ
580 1084 710 1116 φωτίζον,
729 1086 777 1112 καὶ
795 1087 872 1122 πηγὴ

89 1125 163 1160 ξηρὰ,
175 1127 234 1157 πῶς
244 1127 448 1164 δημιουργικὴν
455 1129 596 1164 ἐνέργειαν
610 1130 682 1166 ἔχειν
694 1132 872 1167 αὐτὺνλέγον-

87 1179 129 1203 τες
146 1172 195 1198 οὐκ
215 1173 408 1208 αίσχύνονται;
431 1175 485 1201 Καὶ
505 1176 681 1212 ἀναιροῦντες
700 1178 729 1204 δὲ
751 1179 781 1204 τὸ
800 1179 871 1206 κατὰ

88 1219 173 1252 φύσιν,
201 1221 260 1252 πῶς
288 1221 317 1247 τὸ
344 1222 415 1248 κατὰ
442 1222 570 1258 βούλησιν
595 1224 795 1260 προῧάλλοντες
820 1227 872 1253 οὐκ

87 1265 263 1300 ὲρυΘριῶσινς
284 1267 314 1293 Εἰ
330 1267 358 1294 δὲ
375 1267 409 1294 τὰ
425 1269 512 1302 ἐκτὸς,
529 1270 576 1296 καὶ
592 1271 642 1297 οὐκ
658 1272 721 1298 ὄντα
737 1273 871 1308 πρότερον

88 1311 244 1346 βουλόμενος
262 1313 332 1340 αὐτὰ
347 1312 417 1340 εἶναι
437 1315 609 1350 δημιουργεῖ,
625 1319 671 1343 καὶ
688 1317 791 1352 γίνεται
806 1320 869 1346 τοὺ·

86 1366 137 1384 των
147 1359 272 1393 ποιητὴς,
286 1361 375 1396 πολλῷ
389 1362 521 1398 πρότερον
530 1363 572 1398 εἴη
586 1363 618 1390 ἂν
628 1364 721 1400 Πατὴρ
733 1367 814 1401 γεννή
820 1376 872 1402 μα-

86 1412 128 1435 τος
147 1406 178 1431 ὲκ
200 1406 253 1440 τῆς
272 1407 338 1437 ἰδίας
355 1408 459 1439 οὐσίας.
474 1408 505 1434 Et
523 1409 577 1445 γὰρ
596 1411 626 1437 τὺ
647 1410 788 1445 βούλεσθαι
806 1414 870 1448 περὶ

89 1451 136 1476 τῶν
152 1452 188 1487 μὴ
202 1452 288 1478 ὅντων
299 1453 399 1480 διδόασι
415 1455 454 1490 τῷ
473 1455 544 1491 Θεῷ,
560 1456 630 1484 διατί
642 1457 680 1494 μὴ
695 1459 724 1485 τὸ
739 1459 870 1494 ὑπερκεί-

90 1505 165 1530 μενον
181 1498 232 1533 τῆς
252 1498 407 1534 βουλήσεως
423 1502 475 1528 οὐκ
491 1502 706 1536 ἐπιγινώσκωσι
722 1505 769 1532 τοῦ
783 1506 867 1540 Θεοῦ;

93 1541 328 1578 ’Υπεραναὸἐὸῃκε
343 1545 370 1572 δὲ
381 1547 430 1579 τῆς
443 1547 598 1583 βουλήσεως
612 1550 642 1575 τὸ
656 1551 807 1585 πεφυκέναι
822 1553 868 1580 καὶ
883 1570 905 1600 c

93 1586 138 1600 λη..
175 1599 178 1600 ν
194 1591 200 1600 ι
224 1591 232 1600 \
275 1593 295 1600 II
340 1594 345 1600 1
434 1592 446 1598 -ι
471 1594 504 1600 ...ι
564 1595 570 1600 ι
586 1595 591 1600 ι
680 1596 710 1600 -μ.
768 1598 772 1600 Α

88 1586 150 1615 εἶναι
171 1591 254 1617 αὐτὸν
275 1593 385 1628 Πατέρα
400 1592 448 1619 τοῦ
471 1594 535 1620 [δίου
556 1595 655 1628 Λόγου.
679 1596 711 1623 Εί
731 1598 822 1625 τοίνυν
839 1600 871 1626 τὸ

89 1636 224 1671 πρότερον,
237 1638 306 1674 ὅπερ
315 1640 373 1665 ἐστὶ
381 1641 449 1667 κατὰ
462 1641 555 1675 φύσιν,
565 1643 614 1679 οὐχ
627 1644 730 1679 ὑπῆρξε
740 1646 809 1672 κατὰ
820 1648 870 1681 τὴν

88 1678 192 1707 ἐκείνων
206 1681 330 1715 ἄγνολειν,
350 1684 408 1715 πῶς
429 1684 459 1710 τὸ
480 1685 617 1720 δεύτερον,
633 1688 703 1722 ὅπερ
722 1689 779 1715 ἐστὶ
797 1691 870 1717 κατὰ

89 1725 217 1761 βούλησιν,
234 1729 333 1762 γένοιτ’
347 1731 396 1763 civ;
410 1732 544 1768 Πρότερον
556 1733 583 1760 δέ
597 1735 670 1761 ἐστιν
683 1736 697 1762 ὁ
709 1736 806 1770 Λόγος.
820 1738 868 1764 καὶ

87 1771 204 1808 δεύτερον
220 1776 237 1809 ἡ
256 1776 352 1807 κτίσις.
368 1777 422 1804 Καὶ
437 1778 516 1813 δῆλον
531 1779 564 1805 ἂν
581 1781 624 1815 εἴη
642 1781 684 1807 ὃτι
699 1783 813 1818 ποιητῆς
829 1783 866 1812 ὢν

87 1820 100 1845 ὀ
115 1820 174 1851 Θεὸς
190 1822 247 1857 ἔχει
263 1824 309 1848 καὶ
324 1824 369 1849 sint
385 1824 579 1860 δημιουργικὸν
593 1827 680 1861 Λόγον
692 1828 740 1854 οὐκ
755 1829 866 1864 ἔξωθεν,

88 1865 138 1892 ἀλλ’
157 1868 220 1894 ἴδιον
237 1869 343 1897 ἑαυτοῦ.
365 1870 449 1897 Πάλιν
464 1872 518 1906 γὰρ
535 1872 564 1898 τὸ
583 1873 649 1900 αὐτὸ
665 1876 775 1909 ῥητέον
790 1877 820 1903 El
837 1878 867 1904 τὸ

89 1912 221 1946 βούλεσθαι
235 1915 300 1949 ἔχει,
312 1916 357 1942 καὶ
371 1916 401 1943 τὸ
410 1917 534 1952 βούλημα
544 1918 625 1945 αὐτοῦ
637 1922 780 1956 ποιητικόν
795 1923 865 1957 ἐστι,

89 1959 130 1984 καὶ
141 1960 219 1994 ἀρκεῖ
228 1961 260 1987 τὸ
276 1962 398 1997 βούλημα
412 1963 494 1989 αὑτοῦ
506 1964 573 1998 πρὸς
587 1965 715 1992 σύστασιν
726 1967 780 1993 τῶν
796 1977 867 2002 γινοο

89 2004 180 2038 μένων,
202 2007 215 2032 ὁ
232 2007 259 2032 δὲ
276 2008 361 2041 Λᾶγος
383 2009 457 2035 ἐστὶν
471 2010 552 2036 αὑτοῦ
573 2014 726 2047 ποιητικὸς,
753 2016 800 2041 καὶ
816 2015 864 2051 δη-

90 2052 220 2085 μιουργὸς,
236 2054 285 2078 οὐκ
300 2053 452 2088 ἀμφίῆολον
469 2055 509 2082 ὅτι
526 2057 607 2088 αὑτός
625 2058 698 2085 ἐστιν
716 2061 730 2094 ἡ
748 2061 795 2086 τοῦ
809 2061 866 2088 Πα-

87 2095 143 2129 τρδς
160 2097 234 2128 ζῶσα
251 2098 343 2133 βουλὴ,
362 2100 409 2126 καὶ
423 2100 543 2133 ἑνούσιος
559 2102 696 2137 ἐνέργεια,
713 2105 761 2132 καὶ
778 2107 864 2140 Λόγος

88 2140 205 2175 ἀληθινὸς
231 2145 260 2170 ὲν
285 2141 307 2178 ᾧ
341 2146 388 2171 καὶ
412 2148 562 2182 συνέστηκε
593 2152 640 2176 καὶ
664 2151 804 2180 διοικεῖται
830 2155 864 2182 τὰ

88 2189 167 2215 πάντα
183 2191 283 2222 καλῶς.
292 2193 385 2224 Οὐδεὶς
395 2193 423 2220 δὲ
437 2194 586 2222 διστάσειεν
596 2196 632 2227 ὡς
645 2197 659 2223 ὁ
673 2198 801 2233 ἁρμόζων
815 2201 863 2236 τῆς

923 942 1026 974 omnia,
1041 948 1068 969 et
1081 943 1141 970 sine
1157 944 1210 971 hoc
1225 944 1285 971 ﬁeri
1302 945 1370 972 nihil
1385 951 1484 980 potest.
1501 955 1557 975 non
1574 949 1660 976 habet
1670 958 1720 985 per

923 995 985 1020 vos,
1001 987 1029 1015 in
1044 995 1099 1023 quo
1126 995 1153 1016 et
1169 997 1217 1024 per
1234 991 1305 1025 quod
1319 991 1410 1018 omnia
1428 991 1502 1020 facit.
1519 993 1596 1026 Quod
1608 995 1631 1022 si
1652 996 1719 1022 divi—

923 1041 958 1060 na
973 1034 1059 1068 ipsius
1084 1036 1202 1063 essentia
1229 1044 1277 1071 per
1293 1043 1340 1064 vos
1364 1036 1483 1066 fecunda
1511 1047 1566 1067 non
1592 1045 1645 1074 est,
1670 1042 1718 1068 διά

922 1079 1034 1112 sterilis,
1060 1080 1147 1108 instar
1170 1081 1281 1110 luminis
1308 1090 1362 1110 non
1386 1083 1556 1119 illu'strantis,
1582 1091 1609 1114 et
1634 1087 1718 1115 fontis

922 1126 1001 1158 aridi,
1018 1134 1067 1153 cur
1094 1135 1149 1154 non
1177 1128 1352 1162 erubescitis,
1380 1138 1442 1158 cum
1469 1131 1543 1159 illum
1567 1133 1622 1161 vim
1654 1142 1718 1168 pro—

922 1173 1032 1200 creandi
1050 1174 1152 1202 habere
1180 1175 1288 1203 dicitis?
1303 1177 1402 1205 Nonne
1415 1185 1463 1205 vos
1483 1180 1578 1213 pudet,
1606 1188 1669 1208 cutn
1690 1182 1718 1209 id

923 1219 1054 1247 aul‘eratis
1071 1219 1106 1252 ei,
1122 1221 1194 1256 quod
1213 1222 1247 1249 ad
1261 1226 1388 1250 naturam
1404 1225 1534 1259 pertinet,
1546 1226 1620 1259 illud,
1638 1230 1711 1262 quod

931 1265 965 1292 ad
993 1265 1159 1293 voluntatem
1187 1273 1295 1302 spectat
1320 1270 1497 1298 concedere?
1529 1272 1607 1305 Quod
1635 1275 1656 1302 si
1684 1283 1715 1301 ea

923 1317 984 1344 qua:
1016 1315 1080 1338 sunt
1105 1312 1288 1346 extrinsecus,
1317 1320 1344 1341 et
1358 1323 1419 1350 qua:
1442 1323 1496 1344 non
1520 1324 1597 1345 erant
1627 1319 1714 1353 prius,

921 1363 983 1384 cum
1001 1358 1059 1384 vult.
1077 1358 1120 1385 illa
1141 1366 1213 1391 esse,
1226 1359 1301 1393 facit,
1319 1365 1346 1388 et
1359 1367 1402 1388 est
1423 1370 1519 1390 eorum
1545 1371 1713 1398 procreatur,

923 1403 1009 1430 multo
1033 1403 1120 1439 magis
1145 1409 1187 1432 est
1219 1405 1281 1432 Filii
1300 1414 1333 1434 ex
1346 1409 1455 1443 propria
1484 1412 1603 1439 essentia
1617 1412 1711 1442 Pater.

921 1448 988 1476 Nam
999 1449 1021 1477 si
1039 1449 1093 1477 Deo
1111 1450 1277 1479 voluntatem
1294 1453 1322 1480 in
1341 1455 1423 1482 rebus
1445 1460 1623 1490 procreandis
1644 1469 1712 1489 con-

921 1495 1028 1528 ceditis,
1045 1505 1094 1523 cur
1108 1497 1134 1524 in
1152 1505 1185 1525 eo
1201 1499 1277 1532 illud,
1291 1500 1363 1533 quod
1377 1501 1429 1529 hae
1462 1504 1604 1533 voluntate
1629 1515 1712 1542 supe-

922 1542 980 1570 rius
993 1548 1046 1575 est,
1064 1551 1118 1570 non
1128 1545 1290 1580 agnoscitis?
1300 1546 1412 1575 Praestat
1428 1550 1499 1576 enim
1515 1551 1602 1586 ipsum
1615 1561 1712 1585 natura

921 1595 991 1621 esse,
1008 1593 1036 1616 et
1052 1597 1113 1617 esse
1132 1591 1235 1625 proprii
1252 1591 1329 1619 Verbi
1343 1593 1465 1628 Patrem,
1476 1604 1556 1628 quam
1571 1600 1712 1628 voluntate

922 1635 1053 1662 mundum
1066 1637 1242 1665 constituere.
1277 1638 1355 1671 Quod
1371 1640 1393 1667 si
1419 1641 1457 1668 illi
1481 1644 1597 1673 stultitia
1621 1653 1712 1676 vestra

920 1678 1052 1706 adimitur
1074 1680 1113 1713 id,
1129 1681 1201 1716 quod
1216 1683 1340 1711 naturale
1355 1690 1408 1716 est.
1426 1689 1563 1720 qnomodo
1583 1698 1712 1727 suppetet

920 1723 997 1757 illud,
1013 1725 1084 1759 quod
1098 1731 1140 1754 est
1167 1728 1371 1757 voluntarium?
1385 1730 1464 1760 Prius
1478 1735 1551 1762 enim
1577 1723 1626 1764 εει·
1637 1723 1710 1766 .Ver-

919 1771 996 1804 hum,
1008 1771 1106 1800 deinde
1121 1781 1165 1801 res
1184 1782 1341 1809 procreata.
1353 1777 1430 1810 Quod
1442 1780 1464 1807 si
1479 1788 1568 1809 rerum
1578 1791 1708 1818 procrea-

920 1821 962 1844 tor
989 1823 1077 1850 est,ct
1087 1819 1206 1848 Verbum
1221 1822 1303 1850 habet
1316 1825 1445 1852 nimirum
1458 1834 1513 1854 non
1524 1831 1707 1865 extrinsecus,

919 1863 965 1889 sed
984 1864 1122 1898 proprium
1139 1873 1172 1892 ex
1185 1874 1224 1895 se.
1242 1867 1299 1896 Hoc
1311 1870 1384 1896 enim
1399 1879 1507 1900 rursum
1521 1879 1562 1902 est
1579 1863 1708 1911 repetent;

918 1909 993 1937 dum.
1012 1909 1040 1937 Si
1055 1911 1221 1941 voluntatem
1242 1914 1323 1943 habet
1340 1923 1410 1951 eam,
1430 1926 1489 1953 qum
1514 1909 1708 1952 rerum—elice-

918 1955 970 1982 trix
985 1960 1036 1988 est,
1057 1961 1153 1992 etquae
1168 1959 1202 1986 ad
1220 1967 1265 1989 res
1276 1962 1433 1991 condendas
1444 1966 1509 1993 satis
1519 1971 1573 2001 est,
1585 1968 1704 1999 Verbum

916 2007 1006 2029 autem
1017 2002 1103 2037 ipsius
1114 2010 1155 2032 est
1163 2005 1281 2034 alliciens
1293 2012 1321 2036 et
1336 2017 1442 2043 creans,
1459 2019 1513 2038 non
1527 2019 1570 2041 est
1587 2015 1701 2044 dubium

915 2048 981 2082 q'uin
1009 2049 1127 2077 Verbum
1154 2051 1242 2086 ipsum
1271 2054 1305 2081 sit
1329 2055 1389 2083 viva
1417 2057 1543 2086 voluntas
1559 2061 1658 2094 Patris,
1676 2069 1705 2092 et

915 2096 987 2121 actio
993 2102 1041 2129 per
1048 2097 1194 2125 essentiam
1203 2099 1348 2133 exsistens,
1358 2106 1385 2128 et
1395 2101 1512 2131 Verbum
1523 2105 1588 2134 illud
1597 2116 1705 2142 verum,

915 2147 968 2174 quo
984 2143 1114 2176 prteclare
1132 2150 1231 2172 cuncta
1245 2147 1386 2175 constituit
1403 2155 1431 2176 et
1454 2152 1620 2181 moderatur.
1638 2154 1705 2182 Nul-

915 2185 957 2214 lus
969 2192 1059 2214 autem
1074 2189 1203 2225 ambiget,
1218 2192 1283 2226 quin
1300 2193 1334 2225 is,
1348 2194 1394 2228 qui
1418 2197 1551 2225 concinne
1574 2207 1618 2227 res
1644 2201 1703 2229 dis-

88 2232 211 2268 ἁρμονίας
225 2237 271 2262 καὶ
284 2238 337 2264 τῶν
352 2238 549 2274 ἁρμοζομένων
563 2241 684 2277 πρόεστι.
702 2244 756 2271 Καὶ
768 2232 862 2272 δεύτεξ

923 2233 1004 2266 ponit,
1023 2239 1158 2262 concentu
1172 2236 1232 2271 ipso
1264 2242 1291 2264 et
1317 2240 1399 2266 rebus
1425 2242 1521 2270 ordine
1545 2246 1702 2275 constitutis

90 2280 130 2312 ρόν
144 2282 199 2308 ἐστι
216 2282 286 2309 καθὰ
303 2285 432 2318 προεῖπον
442 2305 449 2317 ,
466 2286 497 2312 τὸ
510 2286 688 2323 δημιουργεῖν
703 2290 749 2316 τοῦ
764 2293 862 2328 γεννᾷν

87 2325 128 2350 τὸν
140 2327 213 2355 Θεύν.
227 2330 273 2355 Διό
288 2332 334 2356 καὶ
351 2330 416 2357 ὅταν
461 2333 476 2366 ἡ
490 2332 568 2359 οὐσία
583 2335 698 2369 ποίημα,
714 2336 729 2371 ἢ
747 2325 861 2372 κτίσμα,

87 2370 141 2396 τότε
163 2372 193 2399 τὸ
213 2374 350 2408 ἐποίησε.
373 2376 421 2402 καὶ
442 2377 471 2403 τὸ
491 2377 620 2412 ἐγένετο,
642 2382 688 2407 καὶ
708 2370 737 2408 τὸ
760 2370 863 2411 ἔκτισε

87 2420 181 2452 κυρίως
198 2420 241 2446 ἐπ’
258 2421 349 2448 αὐτῶν
362 2422 481 2457 λέγεται,
498 2425 545 2450 καὶ
558 2426 686 2460 σημαίνει
702 2428 731 2454 τὸ
744 2429 859 2465 ποίημα.

87 2461 165 2489 Ὀταν
189 2465 217 2491 δὲ
238 2466 255 2500 ἡ
283 2467 362 2494 οὐσία
382 2468 504 2504 γέννημα.
525 2468 554 2505 ᾖ,
576 2472 624 2497 καὶ
648 2471 722 2505 Υἱὸς,
747 2461 818 2500 τότε.
832 2476 861 2502 τὸ

86 2506 213 2543 ἐποίησε,
239 2512 329 2538 καὶτὸ
347 2512 477 2547 ἐγένετο,
500 2516 547 2541 καὶ
567 2516 597 2541 τὸ
611 2516 733 2544 ἔκτισεν
748 2519 796 2546 οὐκ
819 2520 860 2547 ἔτι

86 2555 179 2587 κυρίως
194 2556 238 2582 ἐπ’
252 2557 333 2584 αὐτοῦ
347 2560 444 2591 κεῖται,
457 2561 517 2587 οὐδὲ
530 2562 636 2596 ποίημα
649 2565 786 2599 σημαίνει,
802 2566 860 2594 ἀλλ’

84 2599 138 2626 ἀντὶ
147 2601 191 2628 τοῦ
200 2603 346 2637 ἐγέννησε
354 2605 393 2640 τῷ
404 2605 550 2640 ἐποίησεν
560 2607 699 2643 ἀδιαφόρῳ
709 2618 750 2641 τις
759 2611 860 2647 κέχρη-

83 2653 123 2671 ται
143 2647 252 2683 ῥήματι,
271 2650 403 2683 Πολλάκις
421 2652 486 2686 γοῦν
511 2654 629 2688 πατέρες
645 2655 708 2686 τοὺς
722 2656 751 2688 ἐξ
771 2657 860 2684 αὐτῶν

83 2693 177 2726 φύντας
191 2697 299 2729 δούλους
319 2699 416 2731 αὐτοὺς
437 2700 610 2736 ὀνομάζουσι,
625 2703 670 2729 καὶ
686 2703 735 2730 οὐκ
748 2704 861 2740 ἀρνοῦν-

83 2747 124 2766 ut
147 2741 176 2767 τὸ
202 2744 311 2779 γνήσιον
336 2745 385 2780 τῆς
406 2746 532 2780 cadauer
560 2749 606 2775 καὶ
637 2748 767 2782 πολλάκις
794 2752 858 2784 τοὺς

84 2785 158 2818 ἰδίους
174 2788 281 2822 δούλους
304 2792 544 2829 φιλοφρονούμενοι
558 2795 641 2821 τέκνα
665 2794 795 2830 καλοῦσι,
810 2799 856 2825 καὶ

117 2833 125 2848 ¹
139 2833 228 2863 Matth.
245 2844 283 2868 at,
298 2837 343 2865 28.

873 2726 887 2743 ὶ

914 2279 989 2313 prior
1001 2279 1048 2313 sit,
1070 2284 1272 2318 posteriusque,
1302 2290 1331 2313 ut
1346 2291 1409 2314 ante
1428 2288 1559 2323 diximus,
1584 2293 1702 2329 sitapud

914 2324 998 2352 Deum
1025 2328 1155 2355 mundum
1180 2337 1336 2364 proel-care,
1360 2340 1440 2367 quam
1456 2334 1553 2364 Filium
1578 2324 1699 2373 gignere.

916 2371 1097 2404 Quamobrem
1115 2382 1175 2401 cum
1199 2375 1233 2403 de
1259 2384 1298 2408 re.
1322 2386 1383 2413 qua:
1405 2379 1474 2408 facta
1498 2371 1622 2412 creatave
1645 2393 1698 2418 est.

912 2417 994 2445 verba
1010 2419 1087 2452 ﬁunt,
1105 2424 1168 2448 tunc
1186 2421 1237 2448 illis
1254 2423 1365 2450 vocibus
1380 2425 1451 2459 fecit,
1476 2432 1504 2454 et
1518 2429 1589 2463 facta
1611 2437 1660 2463 est,
1674 2438 1702 2461 et

912 2464 1020 2497 creavit,
1041 2470 1088 2492 aut
1101 2471 1192 2493 u-eata
1208 2472 1256 2500 est,
1269 2473 1343 2496 recte
1358 2470 1468 2505 utimur,
1486 2479 1514 2501 ut
1526 2482 1594 2510 opus
1610 2475 1700 2512 ipsum

912 2508 1122 2545 demonstretur;
1137 2517 1164 2539 at
1178 2521 1238 2540 cum
1254 2521 1308 2547 res.
1332 2516 1366 2544 de
1381 2524 1433 2550 qua
1448 2508 1593 2556 loquimur,
1612 2508 1640 2552 et
1655 2524 1701 2552 Fi-

912 2553 965 2582 lius
982 2560 1035 2590 est,
1055 2562 1120 2585 tunc
1141 2558 1193 2586 illae
1204 2568 1285 2588 voces
1307 2570 1362 2589 non
1378 2564 1553 2600 adhibentur,
1569 2574 1617 2596 aut
1627 2576 1701 2598 certe

912 2601 1076 2630 adhibentur
1100 2604 1259 2640 improprie.
1275 2607 1307 2635 Ut
1322 2617 1384 2636 eum
1401 2616 1492 2646 patres
1509 2621 1524 2640 a
1542 2621 1572 2642 se
1594 2616 1701 2650 genitos

911 2648 981 2676 ﬁlius
996 2650 1135 2684 appellant
1150 2659 1255 2686 servos,
1276 2661 1331 2682 non
1346 2661 1437 2684 tamen
1453 2665 1531 2686 veros
1551 2648 1611 2688 esise
1629 2662 1700 2690 ﬁlios

912 2699 1012 2730 negant
1030 2704 1037 2729 ;
1053 2700 1101 2723 aut
1115 2704 1176 2724 cum
1196 2698 1312 2734 domini,
1339 2702 1508 2732 humanitate
1529 2710 1557 2733 et
1577 2707 1699 2735 benevo-

913 2740 993 2768 lentia
1014 2742 1130 2777 quadam
1153 2744 1262 2773 adducti
1288 2755 1383 2776 servos
1409 2755 1509 2777 vocant
1533 2751 1616 2786 ﬁlios,
1643 2761 1699 2782 non

912 2792 1001 2816 tamen
1016 2796 1046 2816 se
1059 2797 1153 2818 eorum
1172 2798 1232 2820 esse
1245 2793 1371 2822 dominos
1394 2795 1528 2825 abnuunt.
1545 2798 1600 2826 illic
1624 2801 1698 2828 enim
1730 2827 1745 2837 ,
