1912 3078
78 196 195 232 σημαίνων
219 195 290 228 ἔλεγε
314 193 415 228 ταύτην
428 201 433 207 ·
459 192 650 225 Καταϐέϐηκα
662 193 696 219 ἐκ
707 191 763 218 τοῦ
780 192 830 218 οὐ·
843 191 869 220 Λ

73 241 161 278 ραν-οῦ,
177 241 228 274 οὐχ
242 239 290 266 ἵνα
305 239 381 265 ποιῶ
399 238 432 264 τὸ
456 237 572 272 θέλημα
590 239 623 264 τὸ
647 238 733 272 ἐμὸν,
750 235 831 264 ἀλλὰ

77 288 104 315 τὸ
114 287 214 320 θέλημα
229 285 281 312 τοῦ
296 284 475 320 πέμψαντός
496 292 543 318 με,
556 283 606 310 ἵνα
619 283 681 311 πᾶν
694 284 709 310 ὃ
721 282 833 309 δέδωκέ

74 342 124 368 μοι,
144 332 190 366 μὴ’
210 331 348 358 ἀπολέσω
364 331 400 362 ἐξ
429 329 536 362 αὐτοῦ,
558 329 640 357 ἀλλὰ
667 329 832 362 ἀναστήσω

75 380 134 406 αὐτὸ
149 380 180 405 ἐν
192 377 226 412 τῇ
238 377 352 412 ἐσχάτῃ
366 377 473 412 ἡμέρᾳ.
489 376 581 403 Τοῦτο
594 375 649 410 γὰρ
664 375 697 402 τὸ
718 375 833 410 θέλημα

76 426 118 453 τοῦ
133 425 238 458 Πατρός
251 433 320 459 μου,
349 425 399 450 ἵνα
417 423 476 456 πᾶς
502 425 518 450 ὁ
535 423 652 456 θεωρῶν
682 422 735 448 τὸν
753 422 832 453 Hor,

75 472 113 498 ml
126 471 261 497 πιστεύων
275 471 318 502 εις
338 469 444 500 αὐτὸν,
473 468 528 503 ἔχῃ
546 467 623 502 ζωὴν
639 468 768 500 αἰώνιον,
785 467 835 494 καὶ

76 517 122 551 ἐγὼ
136 517 289 550 ἀναστήσω
307 515 404 544 αὐτὸν
419 515 453 541 ἐν
478 514 515 548 τῇ
530 513 644 548 ἐσχάτῃ
657 514 761 547 ἡμέρᾳ.
782 514 834 540 Καὶ

76 563 156 589 πάλιν·
174 562 242 597 Ἐγὼ
256 561 319 596 φῶς
330 563 373 594 εις
391 561 446 588 τὸν
468 562 586 594 κόσμον
607 561 754 594 ἐλήλυθα,
785 560 835 585 ἵνα

75 609 124 642 πᾶς
134 611 148 636 ό
159 609 302 636 πιστεύων
316 609 359 640 εις
375 608 428 642 ἐμὲ
441 608 474 634 ὲν
489 606 525 641 τῇ
541 607 649 640 σκοτίᾳ
671 607 714 641 μὴ
733 605 832 640 μείνῃ.

75 657 117 681 Καὶ
132 655 204 682 πάλιν
218 655 245 681 ἐν
262 655 302 690 τῷ
329 654 402 681 κατὰ
420 654 548 688 Ἰωάννην
574 654 657 688 φησίν
671 662 678 669 '
699 652 773 687 Ἐγὼ
791 652 835 684 είς

74 701 146 728 τοῦτο
163 701 328 735 γεγένημαι,
342 701 389 726 καὶ
404 701 444 731 εἱς
457 699 552 726 τοῦτο·
577 699 776 732 Ἐλήλυθαεὶς
784 699 836 725 τὸν

74 748 181 781 κόσμον,
217 747 266 773 ἵνα
294 746 477 782 μαρτυρήσω
511 745 549 780 τῇ
585 746 720 779 ἀληθείᾳ.
751 745 780 771 ’0
807 745 836 771 δὲ

78 793 186 827 Ἰωάννης
211 793 331 828 ἔγραψεν
346 801 353 808 ·
373 794 425 824 Εὶς
437 791 527 819 τοῦτο
542 791 715 826 ἐφανερώθη
733 793 748 818 ό
770 791 837 823 Υἱὸς

73 838 116 864 τοῦ
124 838 202 870 Θεοῦ,
214 839 263 865 ἵνα
276 839 358 872 λύσῃ
375 838 411 864 τὰ
421 839 493 872 ἔργα
506 837 558 889 τοῦ
574 837 731 893 διαϐὁέουέ
743 837 837 893 Andria
854 865 875 893 Β

75 885 229 919 μαρτυρῆσαι
244 885 310 919 ἄρα,
324 884 373 910 καὶ
386 884 457 918 ὑπὲρ
485 883 565 919 ἡμῶν
580 883 763 915 ἀναδέξασθαι
790 883 836 910 θά-

74 939 148 962 νατον,
160 932 203 958 καὶ
216 931 259 958 διὰ
287 931 317 957 τὺ
344 931 498 966 ἀναστῆσαι
525 930 589 962 τοὺς
602 930 772 964 ἀνθρώπους,
791 930 838 956 καὶ

73 975 138 1002 iiut
149 977 179 1003 τὰ
193 977 260 1012 ἔργα
276 976 323 1003 τοῦ
333 977 461 1004 διαϐόλου
476 975 606 1012 ἐλήλυθεν
624 977 637 1002 ὁ
663 976 770 1011 Σωτήρ.
785 976 838 1002 Καὶ

74 1022 130 1056 αὖτη
146 1024 242 1058 ἐστινὴ
258 1023 334 1050 αἰτία
349 1023 397 1058 τῆς
412 1024 547 1058 ἐνσάρκου
564 1023 718 1058 παρουσίας
744 1022 837 1050 αὐτοῦ.

76 1068 162 1097 Ἀλλως
178 1069 230 1104 γὰρ
246 1069 395 1101 ἀνάστασις
412 1069 462 1095 οὐκ
480 1069 514 1096 ἂν
528 1069 648 1102 ἐγένετο,
680 1070 705 1095 εί
725 1069 763 1104 μὴ
790 1068 838 1095 Οά-

74 1123 139 1146 vero;
155 1116 284 1149 ὲγεγόίει.
310 1116 429 1146 Θάνατος
451 1115 479 1142 δὲ
494 1115 553 1146 πῶς
569 1116 703 1149 ἐγεγόνει,
718 1117 742 1141 ει
760 1115 796 1150 μὴ
811 1115 840 1141 τὸ

75 1161 229 1196 ἀποθνῆσκον
256 1163 370 1196 ὲσχὴκει
402 1161 500 1196 σῶμα;
531 1161 616 1188 Τοῦτο
647 1161 742 1196 μαθὼν
773 1163 839 1197 παρ’

74 1206 143 1233 aito?)
157 1208 201 1234 καὶ
213 1208 227 1233 ὁ
246 1207 409 1239 Ἀπόστολος
425 1207 517 1241 ἔλεγεν
528 1216 535 1222 ·
558 1207 640 1234 Ἐπεὶ
657 1205 714 1235 οὖν
724 1207 760 1235 τὰ
774 1216 841 1235 παι-

74 1251 113 1277 δίιι
127 1254 319 1288 κεκοινώνηκε
332 1254 458 1287 σαρκὸς,
471 1254 519 1281 καὶ
538 1254 672 1288 αἳματος,
690 1253 739 1281 καὶ
751 1255 842 1287 αὐτὸς

73 1301 274 1333 παραπλησίως
286 1301 415 1334 μετέσχε
426 1299 483 1326 τῶν
493 1299 602 1333 αὐτῶν,
610 1300 661 1326 ἵνα
671 1299 720 1326 διὰ
732 1300 786 1327 τοῦ
794 1302 843 1327 θα-

74 1346 154 1373 νάτου
162 1347 336 1381 καταργήσῃ
346 1347 400 1374 τὸν
409 1348 443 1373 τὸ
454 1346 561 1380 κράτος
570 1347 680 1384 ἔχοντα
691 1347 743 1374 τοῦ
755 1347 844 1374 θανά-

73 1399 126 1423 του,
134 1393 264 1420 τουτέστι
277 1394 329 1419 τὸν
339 1392 489 1420 διάϐολον.
503 1393 533 1419 Εἰ
544 1393 571 1419 δὲ
578 1393 607 1419 οὐ
617 1393 650 1419 δι’
659 1394 765 1424 ἑαυτὸν,
776 1394 844 1420 ἀλλὰ

74 1436 101 1462 δι’
115 1438 181 1472 ἡμᾶς
191 1438 381 1470 κτίζεται,οὑκ
397 1438 471 1464 ἐστιν
485 1437 539 1472 ἄρα
553 1438 635 1469 αὐτὸς
649 1439 765 1473 κτίσμα,
777 1439 845 1466 ἀλλὰ

73 1483 115 1517 τὴν
127 1484 201 1518 ήμῶν
218 1483 403 1519 ἐνδυσάμενος
427 1484 517 1519 σάρκα
533 1484 620 1511 ταῦτα
634 1484 721 1518 λέγει.
739 1486 846 1520 Ὥσπερ

527 135 716 167 PANOPLIA
737 133 970 164 DOGMATICA.
987 144 1020 150 -
1039 132 1115 163 TIT.
1137 132 1189 161 Xl.

882 191 1022 217 novissimo
1037 189 1090 216 die.
1118 190 1179 216 Han:
1197 193 1232 213 uit
1249 187 1317 213 enim
1349 187 1466 213 rulimlas
1498 186 1587 213 Putris
1614 188 1675 217 mei.

884 242 911 263 ut
937 236 1024 263 onmis
1041 236 1086 269 qui
1104 236 1171 262 videt
1184 233 1294 261 Filium.
1309 238 1333 260 et
1349 234 1430 260 credit
1449 234 1475 260 iu
1499 242 1567 265 eum,
1581 235 1676 260 habeat

884 284 965 309 vitam
989 287 1124 312 wtemam,
1146 286 1169 307 et
1185 289 1231 314 ego
1253 280 1375 307 suscitem
1401 287 1459 306 eum
1486 279 1513 305 in
1539 280 1677 306 nouissimo

884 329 926 355 die
944 327 1006 355 ‘.Et
1021 335 1127 354 rursum
1147 334 1154 352 :
1175 325 1241 360 Ego,
1270 325 1370 360 inquit,
1389 325 1446 351 veni
1474 325 1520 351 tua:
1551 326 1577 351 in
1600 334 1677 352 mun-

884 376 958 406 dum,
973 379 1001 401 ut
1014 374 1098 401 omnis
1121 374 1165 408 qui
1176 373 1256 399 credit
1269 373 1296 398 in
1314 379 1355 398 me
1368 379 1420 398 non
1438 377 1544 398 maneat
1561 372 1589 398 in
1606 377 1679 398 tene-

885 421 972 448 (πῖθ’.
1003 420 1036 447 Ει
1058 427 1167 446 rursum
1201 420 1227 446 in
1257 418 1406 452 Evangelio
1437 417 1576 445 Joannis:
1609 417 1678 453 Ego,

885 467 983 502 inquit,
1001 467 1036 493 ad
1052 467 1100 493 hoc
1117 470 1196 492 natus
1217 473 1289 496 mm,
1310 470 1334 491 et
1354 464 1448 492 adhoc
1463 465 1529 495 veni,
1547 469 1576 490 ut
1604 465 1679 491 testi-

885 514 1002 541 monium
1028 512 1177 547 perhibeam
1194 513 1297 539 veritati
1313 511 1332 537 ³.
1359 511 1480 538 Joannes
1493 516 1582 538 amem
1610 512 1682 538 scri-

885 561 940 596 psit
964 570 970 587 :
991 561 1133 593 Propterea
1158 561 1281 593 apparuit
1298 559 1382 586 Filius
1411 559 1469 592 Dei,
1499 565 1526 586 ut
1557 559 1680 586 dissolvat

888 615 967 642 opera
998 607 1097 634 diaboli
1116 607 1137 633 ⁸.
1157 607 1192 634 Ut
1206 606 1391 634 testimonium
1411 606 1494 642 igitur
1512 607 1679 642 perhiberet,

887 658 913 680 ct
944 658 1058 680 mortem
1076 661 1125 687 pro
1153 653 1231 679 nobis
1265 652 1379 684 subiret,
1402 658 1430 679 et
1456 653 1574 680 solveret
1595 660 1678 687 opera

887 700 1004 732 dialioli‘,
1020 699 1093 726 venit
1116 699 1255 726 Servator.
1284 698 1345 725 llaec
1374 703 1416 725 est
1441 705 1522 726 causa
1548 698 1681 725 adtentus

887 747 946 780 ejus
967 746 994 772 iu
1009 752 1101 772 carne.
1123 745 1296 772 Resurrectio
1313 744 1385 771 enim
1416 752 1470 771 non
1499 745 1608 777 fuisset,
1626 744 1679 771 nisi

893 792 991 818 fuisset
1015 798 1099 821 mors,
1112 797 1162 816 nec
1181 797 1265 822 mors,
1278 789 1331 816 uisi
1342 796 1442 824 corpus
1457 790 1571 817 mortale
1586 798 1682 817 susce-

889 838 986 872 pisset.
1011 837 1038 863 Id
1056 836 1090 862 ab
1120 836 1181 870 ipso
1198 835 1331 862 didicerat
1350 835 1508 870 Apostolus,
1532 839 1682 870 propterea

890 882 959 910 dixit
974 890 981 909 :
1005 883 1135 915 Quoniam
1155 883 1228 916 pueri
1236 883 1378 917 participes
1394 883 1565 909 erantcuruis
1580 887 1603 908 et
1619 890 1683 908 san-

890 929 986 964 guinis,
1007 934 1031 955 et
1049 929 1103 963 ipse
1122 928 1244 955 similiter
1260 929 1347 955 carnis
1376 932 1401 955 et
1428 928 1565 964 sanguinis
1597 929 1685 962 parti-

891 984 948 1010 ceps
966 976 1051 1011 factus
1067 979 1115 1007 est,
1130 980 1157 1001 ut
1174 982 1220 1009 per
1247 979 1355 1001 mortem
1382 974 1526 1001 destrueret
1557 983 1615 1001 eum
1639 976 1685 1009 qui

891 1022 1002 1048 habebat
1037 1021 1128 1048 mortis
1167 1021 1316 1055 imperium,
1360 1021 1386 1047 id
1423 1025 1472 1052 est,
1498 1021 1634 1048 diabolum
1663 1022 1684 1046 '.

893 1067 1000 1101 Quodsi
1017 1072 1132 1102 propter
1143 1075 1204 1099 nos,
1220 1075 1275 1094 non
1288 1071 1378 1095 autem
1394 1072 1506 1102 propter
1516 1074 1544 1094 se
1562 1072 1684 1100 creatur,

894 1115 952 1149 ipse
966 1119 1073 1142 creatus
1090 1122 1143 1141 non
1160 1119 1211 1146 est,
1225 1114 1272 1141 sed
1288 1121 1397 1141 carnem
1414 1119 1536 1141 nostram
1565 1121 1686 1143 creatam

894 1162 1007 1189 indutus
1029 1162 1086 1189 hanc
1101 1160 1178 1188 dicit.
1196 1160 1430 1194 Quemadmodum
1443 1161 1515 1188 enim
1541 1161 1686 1187 inﬁrmita-

896 1213 937 1236 tes
951 1200 1060 1236 nostras
1074 1207 1237 1242 suscipiens.
1254 1206 1355 1234 dicitur
1372 1207 1430 1242 ipse
1460 1207 1597 1240 inﬁrmus,
1622 1215 1686 1235 cum

896 1254 1123 1282 tameninﬁrmus
1136 1258 1162 1281 et
1191 1253 1344 1281 imbecillus
1365 1261 1418 1281 nou
1440 1254 1485 1286 sit,
1513 1254 1613 1288 quippe
1639 1247 1686 1288 qui

896 1301 983 1328 virtus
999 1305 1040 1327 est
1053 1300 1111 1333 Dei,
1125 1304 1153 1327 et
1169 1304 1312 1334 peccatum
1329 1307 1378 1334 pro
1394 1300 1473 1327 nobis
1489 1300 1578 1326 iactus
1595 1304 1646 1332 est,
1658 1306 1688 1327 et

897 1346 1082 1377 maledictum,
1095 1353 1158 1372 cum
1175 1350 1265 1373 tamen
1280 1346 1340 1380 ipse
1367 1354 1422 1373 non
1444 1347 1607 1380 peccaverit,
1638 1348 1687 1374 sed

896 1396 1007 1427 peccata
1023 1396 1049 1418 et
1058 1391 1260 1419 maledictiones
1269 1392 1441 1427 nostrasipse
1453 1393 1553 1424 tulerit,
1575 1393 1614 1420 sic
1631 1401 1688 1419 non

897 1439 926 1466 in
935 1438 1127 1473 seipsocreans
1135 1438 1200 1466 dicit
1211 1447 1217 1465 :
1227 1438 1458 1473 Dominuspreavit
1467 1447 1516 1472 me,
1523 1446 1585 1466 cum
1596 1444 1688 1466 tamen

899 1486 958 1521 ipse
972 1489 1081 1512 creatus
1096 1492 1151 1512 non
1163 1485 1210 1513 sit.

73 1530 118 1564 γὰρ
137 1530 183 1562 τὰς
205 1531 352 1562 ἀσθενείας
368 1531 448 1566 ἡμῶν
466 1531 611 1566 δεχόμενος
643 1532 752 1567 λέγεται
782 1534 864 1565 αὐτὸς
882 1533 1018 1566 ἀσθενεῖν,
1053 1533 1143 1560 καίτοι
1177 1532 1216 1567 μὴ
1239 1532 1360 1559 ἀσθενῶν
1379 1531 1470 1565 αὐτὸς,
1487 1532 1601 1568 δύναμις
1633 1532 1688 1567 γάρ

72 1576 121 1602 ἐστι
137 1576 180 1603 τοῦ
194 1576 274 1609 Θεοῦ,
303 1577 427 1612 ἁμαρτία
444 1585 473 1603 τε
499 1577 567 1612 ὑπὲρ
584 1577 664 1612 ήμῶν
678 1578 785 1612 γέγονε,
812 1579 859 1606 καὶ
878 1579 996 1614 κατάρα,
1032 1580 1121 1606 καίτοι
1146 1579 1183 1614 μὴ
1199 1579 1364 1613 ἁμαρτήσας
1378 1578 1470 1611 αὐτὸς,
1498 1578 1555 1605 ἀλλ’
1571 1579 1612 1605 ὅτι
1639 1579 1689 1610 τὰς

73 1621 197 1656 ἁμιρτίας
211 1623 305 1658 ἡμῶν,
320 1624 368 1650 καὶ
396 1623 445 1658 τὴν
461 1624 585 1659 κατάραν
603 1624 753 1651 ὲὸάστασεν
769 1625 849 1657 αὐτός
864 1634 870 1640 ·

71 1676 112 1701 με.
126 1668 212 1696 καίτοι
226 1670 330 1704 κτίσμα
347 1669 384 1704 μὴ
399 1669 435 1695 ὢν
449 1670 541 1701 αὐτός,

281 1716 331 1743 Ἐκ
349 1716 401 1743 τοῦ
413 1717 507 1744 αὑτοῦ
524 1719 631 1751 Λογου.

102 1761 130 1787 Et
144 1762 191 1796 μὲν
208 1765 240 1797 τῇ
260 1764 342 1796 φύσει
358 1763 404 1788 καὶ
431 1764 462 1798 τῇ
480 1763 559 1797 οὐσίᾳ
588 1763 691 1798 κτίσμα
718 1764 733 1790 ὀ
747 1763 845 1799 Λόγος,

72 1808 112 1833 καὶ
129 1810 164 1843 μὴ
181 1809 300 1844 διαφορὰ
315 1806 348 1844 ἦν
359 1808 406 1835 τοῦ
422 1810 592 1844 γεννήματος
608 1809 677 1844 πρὸς
691 1810 722 1836 τὸ
731 1810 845 1846 κτίσμα,

70 1853 114 1880 οὐκ
131 1854 162 1881 ἂν
176 1855 302 1890 ἐπήγαγε
331 1854 361 1880 τὸ
385 1853 485 1888 Γεννᾷ
516 1863 562 1888 με,
588 1855 647 1882 ἀλλ’
671 1856 784 1890 ἠρκεῖτο
808 1856 847 1891 τῷ

71 1899 192 1933 ἔκτισεν,
215 1902 253 1933 ὡς
279 1901 329 1936 τῆς
354 1901 454 1933 λέξεως
479 1901 581 1936 ταύτης
607 1903 797 1936 σημαινούσης
818 1903 849 1929 τὸ

71 1945 221 1982 ἐγέννησεν-
252 1947 302 1973 νῦν
326 1947 355 1973 δὲ
383 1948 520 1982 εἰρηκώςν
539 1948 663 1975 Ἐκτισέ
685 1957 724 1983 με
749 1948 850 1983 ἀρχὴν

71 1990 140 2018 ὁδῶν
156 1993 251 2020 αὑτοῦ
266 1994 311 2025 είς
331 1993 403 2027 ἔργα
416 1994 521 2027 αὐτοῦ,
534 1994 673 2029 ἐπήγαγεν
689 1995 738 2030 οὐχ
755 1995 848 2026 ἁπλῶς

72 2037 98 2063 τὸ
112 2039 208 2074 Γεννᾷ
217 2048 267 2075 με,
280 2039 349 2066 ἀλλὰ
375 2039 444 2074 μετὰ
473 2041 636 2076 συμπλοκῆς
649 2041 706 2074 τοῦ,
725 2041 769 2075 δὲ,
785 2050 847 2069 συν-

73 2082 177 2118 δέσμου,
194 2086 233 2117 ὡς
263 2085 486 2121 ἀσφαλιζόμενος
502 2088 531 2113 ἐν
546 2087 636 2121 τούτῳ
657 2087 706 2121 τὴν
737 2087 770 2113 ἐκ
799 2087 847 2114 τοῦ

71 2129 165 2158 ἔκτισε
193 2132 270 2164 λέξιν
305 2133 410 2166 λέγων·
438 2133 499 2167 Πρὸ
527 2133 560 2159 δὲ
582 2133 704 2160 πάντων
728 2133 850 2166 βουνῶν

72 2177 156 2209 γεννᾷ
172 2187 219 2212 με.
233 2179 270 2205 Τὸ
284 2179 339 2214 γὰρ
358 2179 439 2214 γεννᾷ
454 2188 487 2214 με
502 2179 540 2214 τῷ
555 2170 850 2213 ἐκτισίσυμπεπλεγ-

71 2223 150 2256 μένως
182 2226 394 2261 ἐπιφερόμενον,
430 2225 494 2260 μίαν
527 2227 601 2251 ποιεῖ
641 2226 691 2260 τὴν
709 2226 848 2252 διάνοιαν·

71 2270 111 2295 καὶ
124 2270 274 2304 δείκνυσιν,
292 2272 332 2298 ὅτι
348 2272 378 2298 τὸ
397 2271 445 2306 μὲν
461 2272 564 2298 ἔκτισε
592 2272 636 2298 διὰ
651 2281 678 2298 τι
697 2272 803 2307 εἴρηκε,
822 2272 851 2298 τὸ

70 2313 94 2340 δὲ
109 2317 195 2350 γεννᾷ
207 2327 248 2352 με
261 2319 315 2353 πρὸ
328 2317 375 2344 τοῦ
391 2318 513 2344 ἓκτισέν
524 2318 621 2345 ἐστιν.
638 2318 729 2353 Ωσπερ
745 2319 798 2353 γὰρ
811 2319 850 2350 εὶς

71 2360 180 2394 ἔμπαλιν
198 2364 309 2398 εἰρήκει
335 2364 443 2398 Κύριος
468 2362 560 2397 γεννᾷ
582 2371 631 2396 με,
657 2363 704 2389 καὶ
719 2363 848 2398 ἐπέφερε,

71 2408 124 2440 Πρὸ
141 2409 174 2435 δὲ
188 2410 314 2436 πάντων
325 2409 450 2441 ,ϐουνῶκν
462 2408 565 2436 ἓκτισέ
578 2417 627 2444 με,
647 2410 757 2440 πάντως
786 2418 853 2445 προ-

69 2456 157 2486 ηγεῖτο
170 2456 218 2482 τοῦ
233 2456 384 2489 ἐγέννησε
406 2455 439 2482 τὸ
458 2456 596 2487 ἔκτισεν,
623 2454 708 2487 οὕτως
731 2455 851 2490 εἰρηκὼς

70 2506 172 2532 πρυτον
183 2501 321 2533 ἔκτισεν,
339 2499 397 2527 εἶτα
414 2501 562 2535 ἐπαγαγών
574 2509 581 2516 ·
600 2502 658 2535 Πρὸ
679 2501 713 2528 δὲ
730 2501 852 2528 πάντων

66 2546 184 2575 ,βουνῶν
200 2547 296 2582 γεννᾷ
310 2556 358 2582 με,
384 2548 415 2580 ἐξ
431 2549 555 2583 ἀνάγκης
584 2548 706 2574 δείκνυσι
721 2549 853 2582 προηγεῖ-

71 2589 165 2618 σθαιτὺ
179 2593 313 2626 ἐγέννησε
329 2593 375 2619 τοῦ
390 2593 493 2620 ἔκτισε.
528 2593 580 2620 Καὶ
610 2593 662 2629 γὰρ
683 2594 730 2620 καὶ
744 2593 831 2627 λέγων
845 2601 851 2607 ·

71 2637 124 2669 Πρὸ
145 2638 271 2666 πάντων
286 2639 377 2674 γεννᾷ
389 2648 439 2674 με,
454 2639 534 2666 ἄλλον
552 2638 622 2666 εἶναι
640 2639 736 2666 ἑαυτὸν
755 2638 855 2674 σημαί-

69 2689 105 2708 νει
118 2684 172 2710 τῶν
187 2685 300 2712 πάντων
314 2694 320 2701 ·
336 2687 406 2712 Ἀλλ’
417 2687 463 2713 ἐπὶ
473 2687 523 2722 μὲν
537 2686 582 2713 τοῦ
599 2686 688 2713 ἔκῖισε
702 2688 789 2713 κεῖται
805 2687 856 2720 ἁρ-

68 2728 126 2762 χὴν
148 2731 241 2762 ὁδῶν,
266 2732 311 2758 ἐπὶ
327 2732 354 2758 δὲ
375 2733 422 2759 τοῦ
444 2732 537 2767 γεννᾷ
546 2741 594 2767 με,
616 2733 646 2759 οὐ
661 2734 750 2760 κείτιι
767 2733 855 2768 ἀρχὴν

69 2777 148 2811 γεννᾷ
176 2785 223 2812 με,
250 2778 317 2805 ἀλλὰ
338 2780 390 2813 πρὸ
406 2779 518 2807 πάντων
545 2781 626 2815 γεννᾲ
644 2788 688 2814 με.
713 2780 742 2806 ’0
756 2780 783 2806 δὲ
799 2779 852 2814 πρὸ

104 2843 111 2858 “
133 2844 214 2872 Joan.
233 2853 274 2876 νι,
288 2846 381 2875 58-50,

229 2893 366 2926 PATRUL.
390 2897 448 2927 (in.
469 2897 592 2928 CXXX.

861 1722 884 1752 ο

892 1626 979 1658 οὕτως
990 1627 1065 1662 ἡμᾶς
1080 1626 1109 1653 ὲν
1123 1625 1214 1661 ἑαυτῷ
1225 1625 1327 1658 κτίζων
1346 1625 1420 1660 λέγει
1435 1633 1441 1640 ·
1459 1626 1567 1660 Κύριος
1586 1621 1690 1653 ἕκτισέ

1175 1718 1216 1745 Ea:
1232 1719 1322 1745 eodem
1338 1718 1414 1746 libro.

933 1766 961 1793 Si
979 1770 1074 1793 natura
1090 1771 1172 1800 atque
1187 1765 1307 1792 essentia
1324 1764 1442 1792 Verbum
1461 1770 1534 1792 esset
1557 1773 1600 1793 res
1626 1774 1691 1801 pro-

898 1817 999 1846 creata,
1017 1817 1043 1840 et
1061 1813 1133 1839 inter
1152 1819 1210 1839 rem
1245 1816 1417 1846 procreatam
1440 1816 1468 1839 et
1495 1811 1595 1839 Filium
1619 1813 1688 1840 nihil

900 1858 1060 1891 interesset,
1074 1865 1130 1885 non
1146 1857 1298 1885 addidisset
1311 1856 1376 1883 illud
1395 1866 1402 1883 ι
1429 1857 1516 1892 Gignit
1535 1866 1594 1891 me;
1605 1858 1653 1885 sed
1664 1863 1687 1884 ei

900 1903 998 1930 fuisset
1023 1902 1207 1931 satisdixisse
1224 1909 1231 1929 :
1248 1902 1352 1930 Creavit
1385 1911 1435 1930 me.
1463 1902 1605 1938 Siquidem
1631 1904 1692 1932 hanc

900 1957 953 1977 vox
987 1949 1070 1977 etiam
1111 1949 1238 1984 gignendi
1267 1948 1497 1983 signiﬁcationem
1521 1950 1690 1977 contineret.

902 1996 980 2023 Nunc
989 2000 1078 2023 autem
1090 2002 1151 2022 cum
1163 1995 1262 2022 dixerit
1278 2002 1285 2021 :
1301 1995 1405 2022 Creavit
1420 2003 1459 2022 mc
1471 1995 1575 2022 initium
1587 1996 1691 2023 viarum

903 2052 1014 2070 auarum
1035 2043 1070 2069 ml
1091 2038 1171 2077 ορὲνα
1181 2051 1240 2075 sua,
1257 2043 1333 2070 addit
1350 2051 1356 2068 :
1376 2042 1464 2077 Giguit
1481 2050 1530 2069 me.
1544 2043 1637 2077 Neque
1664 2043 1691 2069 id

902 2090 1075 2124 simpliciter,
1088 2090 1135 2117 sed
1149 2089 1182 2116 ad
1198 2089 1371 2116 muniendam
1391 2097 1484 2117 vocem
1498 2090 1571 2116 illam
1584 2098 1591 2116 :
1608 2089 1691 2117 Crea-

902 2136 949 2168 vit,
972 2137 1023 2162 hoc
1043 2135 1125 2162 veluti
1157 2135 1294 2162 vinculum
1314 2135 1478 2162 subnectit:
1497 2135 1564 2162 Ante
1599 2144 1690 2162 omnes

902 2182 981 2208 colles
995 2182 1076 2216 gignit
1091 2189 1140 2208 me.
1165 2181 1222 2208 Hoc
1234 2182 1305 2208 enim
1324 2190 1330 2207 ε
1352 2181 1441 2216 Gignit
1471 2190 1521 2213 me,
1545 2189 1607 2209 cum
1634 2183 1691 2213 illo,

903 2228 1005 2257 Creavir
1020 2236 1069 2261 me,
1081 2228 1226 2262 conjuncte
1240 2227 1371 2262 prolatam
1388 2228 1457 2255 hanc
1475 2228 1558 2255 habet
1588 2229 1693 2264 signiﬁ-

903 2275 1049 2306 cationem,
1061 2279 1088 2301 ut
1107 2279 1133 2301 et
1150 2274 1264 2306 Creavit,
1279 2279 1389 2309 propter
1402 2275 1503 2309 aliquid
1516 2276 1620 2303 dictum
1645 2276 1692 2308 sit,

903 2327 931 2349 et
953 2321 1053 2357 Cigm’t,
1068 2321 1285 2348 antecedatillud
1302 2329 1309 2348 :
1326 2321 1441 2348 Creavit.
1459 2321 1694 2354 Quemadmodum

905 2368 978 2395 enim
991 2368 1012 2395 si
1029 2367 1164 2400 dixisset,
1187 2366 1274 2402 Gigm‘t
1302 2375 1343 2394 me
1361 2375 1369 2394 :
1386 2367 1485 2395 deinde
1507 2369 1668 2404 subjecisset
1686 2380 1692 2396 :

904 2414 972 2440 Ante
991 2421 1081 2441 omnes
1095 2413 1172 2440 colles
1187 2414 1281 2440 ereavit
1298 2421 1348 2440 me.
1364 2413 1578 2448 intelligeremus
1603 2416 1695 2442 omni-

903 2468 949 2490 no.
965 2459 1016 2486 hoc
1034 2459 1151 2491 Creauit,
1169 2459 1218 2491 illi,
1240 2459 1340 2494 Gigm’l,
1353 2459 1534 2492 antecedere;
1559 2461 1598 2488 sic
1629 2469 1692 2488 cum

903 2506 1003 2532 dixerit
1030 2506 1116 2539 prius,
1148 2504 1263 2537 Creavit,
1293 2505 1392 2532 deinde
1413 2505 1594 2539 adiunxerit:
1627 2506 1694 2532 Ante

905 2559 992 2577 omnes
1004 2550 1081 2577 colles
1091 2551 1172 2586 gignit
1189 2559 1239 2583 me,
1253 2551 1304 2578 hoc
1316 2551 1414 2586 Gignit,
1430 2551 1467 2578 illi
1496 2551 1600 2578 Creavit
1627 2559 1696 2586 pra:-

906 2596 1003 2622 cedere
1017 2596 1173 2622 necessario
1188 2595 1401 2627 demonstratur,
1420 2595 1487 2622 Nam
1503 2603 1564 2623 cum
1594 2596 1668 2623 dicat
1686 2605 1694 2623 :

909 2641 977 2668 Ante
996 2649 1085 2669 omnes
1098 2642 1180 2677 gignit
1195 2650 1244 2674 me,
1262 2642 1398 2678 signiﬁcat
1412 2649 1441 2669 se
1455 2641 1527 2669 aliud
1544 2649 1604 2669 esse
1612 2649 1695 2676 quam

910 2695 1005 2715 omnes
1022 2688 1086 2714 sint.
1098 2687 1277 2716 Atcumdicit
1295 2697 1301 2715 :
1318 2687 1424 2715 Creavit
1435 2696 1485 2719 me,
1498 2687 1623 2722 subjicit:
1634 2686 1695 2713 Ini-

910 2734 1090 2760 tiumviurum
1105 2742 1226 2761 suarum.
1254 2735 1331 2767 Quod
1361 2734 1399 2761 illi
1419 2734 1525 2769 :Gignit
1558 2741 1609 2765 me,
1638 2740 1696 2761 non

908 2784 950 2807 est
967 2781 1190 2816 adjunctum,scd
1204 2781 1294 2816 potius
1304 2781 1425 2809 additum
1438 2786 1496 2809 est:
1513 2781 1579 2807 Ante
1595 2786 1695 2808 omnes.

435 2850 445 2864 '
465 2849 544 2876 Joan.
562 2858 610 2883 xu,
626 2850 668 2877 46.
709 2852 717 2866 ³
731 2850 809 2877 λιιιιιι.

900 2851 967 2885 1,57
1018 2852 1028 2866 δ
1045 2849 1144 2878 lJoun.
1166 2858 1208 2884 ιιι,
1221 2851 1247 2879 8.
1287 2853 1296 2868 ’
1319 2851 1401 2878 Hebr.
1417 2859 1446 2885 ιι,
1466 2851 1507 2877 ιι.

1498 2897 1532 2927 13
