1912 3078
198 145 250 176 395

816 143 1011 172 EUTllﬂilI
1031 143 1090 173 ZlG
1096 144 1212 174 ABENI

1769 143 1818 175 396

197 199 274 230 Quod
290 203 380 225 autem
397 203 459 225 ante
477 204 573 224 omnes
587 202 638 229 est,
653 205 707 224 non
735 202 777 225 est
799 197 905 224 initium
929 204 988 225 om-

1042 199 1151 225 πάντων
1167 198 1217 231 ὢν,
1234 199 1282 225 οὐκ
1295 198 1369 225 ἔστιν
1383 197 1454 234 ἀρχὴ
1466 198 1520 225 τῶν
1531 198 1649 231 πάντων,
1664 196 1733 225 ἀλλὰ
1741 198 1817 230 ἄλλος

199 246 275 271 nium
291 245 325 271 ita
338 249 367 270 ut
385 251 467 270 unum
483 251 515 270 ex
534 243 586 270 illis
600 243 644 275 sit,
671 243 718 271 Sed
741 243 775 270 ab
795 244 924 271 erunibus
945 243 987 271 di-

199 299 317 318 versum.
329 291 406 323 Quod
424 290 444 316 si
459 290 493 317 ab
507 289 635 316 omnibus
644 289 783 316 diversqu
801 293 852 322 est,
868 290 896 316 in
925 289 988 324 qui-

201 339 252 364 bus
279 342 305 363 et
320 336 426 362 initium
458 335 579 362 omnium
609 335 780 370 intelligitur,
814 335 986 370 perspicuum

199 389 242 411 est
253 384 287 411 ab
302 383 429 410 omnibus
441 382 522 408 rebus
531 381 679 416 procreatis
689 381 826 408 diversum
837 388 907 408 esse.
921 381 939 408 S
948 381 988 408 ic-

201 435 230 456 ut
249 429 322 457 enim
341 428 464 455 homines
474 427 520 454 Dei
538 427 669 462 Spiritum
689 428 865 461 accipientes,
886 433 934 462 per
948 427 987 463 ip-

201 483 260 502 sum
272 474 401 509 Spiritum
414 473 654 504 iiunttiliIDei,sic
674 473 720 500 Dei
738 472 856 500 Verbum
877 481 986 500 carnem

202 521 342 546 hominum
353 518 467 544 induens
478 522 504 544 et
513 517 598 544 creari
608 522 635 544 et
646 517 702 544 ticri
714 517 823 544 dicitur.
834 517 863 544 In
872 526 926 552 quo
948 522 987 544 ta-

203 574 264 592 men
281 565 479 599 pritnogenitns
493 572 507 590 e
523 563 734 594 notismcatnr,
749 568 774 590 ct
790 568 841 590 est.
858 563 987 595 Quando-

201 612 312 646 quidem
330 610 458 637 omnibus
475 609 632 636 hominibus
649 614 761 642 propter
775 609 870 636 Adami
889 616 986 643 pccea~

202 666 256 684 tum
273 657 418 689 damnatis,
437 661 464 682 ct
489 655 678 690 pereuntibus,
696 662 759 681 caro
783 655 867 687 illius.
893 659 987 689 utpote

200 703 280 729 Verbi
296 710 394 736 corpus
413 701 519 732 cliecta,
537 700 622 734 prima
639 707 671 727 cx
687 699 815 726 omnibus
833 705 940 727 servata
959 705 987 727 et

201 749 313 775 liberata
329 753 380 774 est.
399 747 453 773 Nos
470 751 560 772 autem
578 745 711 779 deinceps
730 745 768 771 uti
787 746 911 780 corporis
927 746 987 780 ejus

200 797 341 821 consortes
364 800 515 819 servantur.
537 791 605 818 Cum
635 790 681 818 illo
695 798 813 825 namque
831 798 946 825 corpore
961 795 988 818 et.

200 841 253 867 dux
272 842 366 866 noster
385 838 515 865 Dominus
532 837 557 863 in
574 843 688 871 regnum
704 836 835 862 cwlorurn
849 837 988 871 ingressus

200 890 251 916 est,
264 888 292 910 et
308 884 341 911 ad
357 883 465 910 Patrem
476 875 555 909 suum
572 881 689 911 accedit.
701 880 755 915 Ego
767 888 837 912 sum,
853 881 988 914 inquiens,
1005 868 1026 896 Β

200 933 253 963 via,
270 935 294 956 et
309 929 417 959 ostium.
431 933 455 954 et
469 936 515 962 per
533 935 572 953 me
589 931 690 961 oportet
707 934 795 953 omnes
809 927 927 953 introire.

422 1018 452 1045 In
469 1019 588 1045 canitiem
612 1019 782 1045 sententiam.

234 1067 368 1100 Quoniam
387 1065 502 1100 perferat
513 1065 600 1099 prima
629 1065 674 1091 illa
704 1072 751 1099 per
776 1065 908 1092 Adamum
936 1065 989 1097 via,

200 1122 251 1141 nec
264 1113 380 1148 amplius
395 1112 422 1138 in
432 1111 589 1146 paradisum
599 1111 788 1142 tendebamus,
803 1111 849 1138 sed
863 1111 896 1138 ad
915 1118 989 1137 mor—

200 1167 254 1187 tem
270 1159 480 1189 deﬂexeramus,
500 1157 742 1192 audieramusque,
771 1159 850 1184 Terra
866 1165 904 1189 es,
925 1164 948 1184 et
963 1158 990 1184 in

200 1214 298 1234 terram
330 1205 464 1232 rei-arteria
485 1204 514 1237 ';
548 1203 650 1231 idcirco
675 1203 919 1231 clementissimum
942 1203 989 1230 Dei

199 1253 326 1283 Verbum,
344 1251 454 1278 volente
466 1249 555 1281 Patre,
572 1254 692 1276 creatam
709 1257 821 1276 carnem
837 1249 942 1281 induit,
961 1253 990 1276 ut

198 1306 278 1332 quam
296 1297 400 1332 primus
417 1296 510 1326 homo,
532 1294 633 1321 violata
655 1295 724 1330 lege,
744 1301 832 1322 morte
851 1294 988 1328 attcccrat,

200 1343 308 1373 eidem,
340 1341 381 1368 sui
414 1340 539 1375 corporis
572 1339 717 1374 sanguine,
748 1340 829 1367 \itam
864 1340 990 1367 reddcrct

197 1389 322 1422 nobisque
332 1387 402 1413 viam
420 1393 511 1412 novam
527 1391 549 1412 et
568 1386 693 1413 riventem
708 1394 754 1420 per
768 1387 896 1417 velamen,
908 1391 937 1413 ut
952 1386 990 1413 ait

197 1437 344 1472 Apostolus
358 1436 379 1467 ³,
405 1435 431 1462 id
457 1439 498 1462 est
527 1442 575 1469 per
600 1440 711 1460 carnem
731 1440 819 1464 suam,
836 1432 988 1460 innovaret.

198 1483 273 1516 Quod
301 1482 371 1509 idem
403 1481 465 1507 alibi
495 1480 536 1507 his
559 1479 647 1506 verbis
663 1478 797 1514 signiﬁcat
816 1487 822 1504 :
849 1478 878 1505 Si
894 1479 988 1513 quain

200 1530 304 1557 Christo
314 1537 379 1555 nova
395 1532 529 1559 creatura,
540 1531 626 1553 vetera
639 1526 810 1556 transierunt,
827 1533 885 1552 ecce
901 1526 988 1552 omnia
1003 1531 1026 1563 ο

200 1582 265 1599 nova
279 1573 350 1606 facta
361 1576 421 1597 sunt
444 1571 463 1597 ³.
484 1571 512 1597 Si
528 1578 610 1605 porro
625 1578 694 1596 nova
709 1574 833 1596 creatura
849 1569 919 1596 facta
935 1575 986 1601 est,

201 1626 268 1645 sane
290 1619 362 1644 inter
377 1624 462 1643 novas
483 1616 532 1642 has
554 1623 597 1643 res
612 1620 719 1642 creatas
737 1615 856 1650 primum
872 1615 988 1650 aliquem

200 1671 262 1691 esse
288 1662 410 1697 oportuit
437 1669 444 1687 :
472 1660 546 1695 atqui
576 1668 668 1686 merus
696 1660 777 1686 hanno
801 1659 989 1686 tantummodo

200 1709 349 1740 terrestris,
367 1708 459 1742 quales
475 1715 525 1733 nos
541 1711 602 1741 post
615 1706 746 1733 violatam
760 1706 845 1740 legem
867 1705 929 1732 facti
945 1713 990 1732 su-

203 1763 277 1788 mus,
304 1755 325 1782 is
339 1761 399 1781 esse
414 1761 469 1780 non
485 1757 601 1786 poterat.
628 1751 750 1786 Namque
766 1751 792 1777 in
810 1751 895 1785 prima
913 1758 989 1777 crea-

201 1803 275 1829 tione
291 1800 413 1828 inlideles
429 1798 493 1825 tacti
507 1803 571 1825 sunt
590 1797 725 1828 homines,
740 1804 771 1823 ac
790 1805 837 1831 per
853 1804 900 1823 eos
913 1796 988 1830 prior

201 1848 243 1875 via
270 1846 361 1882 periit.
395 1845 454 1872 Alio
483 1844 565 1878 igitur
588 1850 657 1877 opus
686 1842 804 1877 eratqui
826 1847 853 1869 et
873 1842 988 1877 primam

204 1898 358 1926 renovaret,
381 1897 408 1920 et
425 1899 522 1920 novam
550 1891 648 1918 factam
678 1894 866 1917 conservaret.
896 1889 990 1923 Itaque

207 1949 262 1968 non
289 1939 386 1974 aliquis
422 1938 501 1970 alius,
531 1937 578 1964 sed
615 1936 746 1962 Dominus
773 1935 839 1961 mira
870 1935 992 1969 benigni-

205 1992 260 2014 tate
294 1985 460 2021 principium
501 1992 578 2011 nova:
620 1987 752 2009 creatura)
789 1986 896 2008 creatur
925 1981 988 2014 via;

206 2034 277 2060 unde
301 2032 363 2066 jure
379 2031 478 2058 merito
493 2030 548 2056 ait:
572 2028 701 2055 Dominus
717 2027 812 2066 crea’vt‘t
828 2035 867 2053 me
891 2027 991 2060 ιιι-ἔπει*

204 2079 277 2114 pium
303 2078 406 2104 viarum
429 2082 538 2102 suarum
565 2074 590 2100 iu
607 2081 686 2106 opera
713 2081 759 2099 sua
772 2072 793 2103 ⁵,
810 2076 840 2098 ut
868 2079 922 2098 non
935 2072 990 2105 jam

207 2123 357 2151 secundum
378 2121 496 2156 priorem
518 2119 590 2146 illam
613 2119 686 2145 vivat
704 2118 796 2148 homo,
809 2117 856 2144 sed
878 2121 908 2143 ut
921 2116 992 2142 exsi-

209 2170 365 2204 stentejam
382 2166 516 2203 principio
533 2173 610 2193 nova:
635 2168 778 2195 creatum,
799 2162 991 2196 Christumque

207 2218 265 2252 ejus
280 2216 384 2242 viarum
408 2212 572 2248 principium
590 2211 732 2242 habentes,
754 2209 842 2243 ipsum
862 2208 992 2242 deinceps

208 2269 354 2297 sequamur
368 2260 502 2287 dicentem
519 2267 526 2284 :
546 2257 601 2292 Ego
617 2264 674 2283 sum
690 2256 730 2282 nia
744 2255 767 2282 ".
779 2255 807 2282 ld
824 2255 882 2289 ipse
895 2254 993 2281 beatus

207 2303 607 2341 docctApostolnsinEpistula
624 2302 657 2328 ad
674 2300 861 2332 Colossenses,
876 2300 992 2327 dicens:

208 2354 267 2387 Ipse
293 2357 329 2378 est
365 2355 444 2385 caput
472 2349 587 2383 corporis
617 2346 749 2378 Ecclesiae,
774 2346 819 2380 qui
845 2349 883 2371 est
914 2345 992 2378 prin-

209 2399 317 2433 cipium.
348 2395 538 2431 primagenitus
559 2401 591 2420 ex
608 2393 732 2423 mortuis,
749 2396 777 2418 ut
792 2392 826 2417 sit
838 2392 865 2417 in
875 2390 994 2418 omnibus

206 2445 262 2480 ipse
269 2444 412 2479 primatum
420 2447 507 2468 tenens
517 2439 608 2467 '.Cum
618 2439 690 2465 enim
701 2437 824 2464 Salvator
831 2436 881 2463 hac
889 2436 995 2463 ratione

210 2489 360 2518 secundum
377 2494 488 2515 carnem
517 2490 627 2513 creatus
656 2483 703 2515 sit,
719 2488 870 2516 eorumque
884 2481 928 2515 qui
949 2488 994 2507 rc-

209 2541 336 2564 creantur
351 2535 440 2562 factus
462 2532 547 2560 fuerit
567 2529 742 2565 principium,
758 2535 790 2554 ac
805 2531 930 2554 nostrum
946 2525 995 2552 ha-

207 2583 269 2610 beat
294 2580 440 2617 primitias,
468 2579 614 2605 humanam
643 2574 746 2602 scilicet
776 2579 886 2600 carnem
914 2579 993 2606 quam

207 2626 352 2662 assumpsit
366 2635 373 2659 ;
388 2624 585 2653 convenienter
595 2625 656 2656 post
667 2621 755 2654 ipsqu
765 2619 873 2646 futurus
884 2622 991 2644 creatur

206 2673 332 2709 populus,
347 2672 380 2698 de
395 2677 449 2704 quo
464 2670 501 2696 ait
513 2667 597 2695 David
616 2676 622 2693 :
641 2665 796 2693 Scribuntur
810 2664 864 2691 Ιιαῑο
876 2665 901 2690 in
913 2671 991 2698 gene-

208 2718 470 2748 rationemalteram,
486 2720 509 2742 et
525 2714 634 2749 populus
653 2713 698 2748 qui
714 2712 857 2742 creabitur.
870 2710 991 2737 laudabit

207 2763 392 2796 Dumitmm";
421 2767 448 2790 et
476 2769 572 2788 rursus
598 2760 703 2795 psalmo
727 2759 858 2786 vicesimo
891 2757 990 2792 primo,

522 2840 531 2854 ¹
552 2838 634 2865 Hebr.
664 2847 688 2870 κ,
706 2837 750 2864 20.
791 2835 836 2863 ³11
856 2835 918 2863 Cor.
938 2843 963 2868 ν,
977 2836 1019 2863 i7.

239 2844 246 2858 '
267 2845 365 2868 Ueues.
383 2849 423 2872 Ill,
440 2839 482 2866 19.

208 2878 217 2893 ⁷
235 2876 308 2905 ΡδΑΙ.
324 2883 358 2907 Cl,
376 2876 418 2902 19.

1039 245 1098 272 ἐστὶ
1107 245 1160 272 τών
1176 245 1334 272 πάντωνΕί
1347 245 1375 272 δὲ
1387 245 1464 276 ἄλλος
1479 245 1535 272 ἐστὶ
1546 245 1598 271 τῶν
1612 246 1729 277 πάντων,
1741 245 1769 272 ὲν
1778 242 1817 277 οἷς

1039 293 1083 318 καὶ
1096 293 1111 323 ἡ
1121 291 1192 326 ἀρχὴ
1203 291 1257 318 τῶν
1271 293 1380 318 πάντων
1392 291 1568 326 σημαίνεται,
1582 291 1671 325 δῆλον,
1686 292 1727 318 ὅτι
1739 291 1816 321 ἄλλος

1039 337 1098 363 ἐστὶ
1115 337 1168 363 τῶν
1188 338 1357 371 κτισμάτων.
1371 337 1475 372 Ὠσπερ
1490 337 1544 372 γὰρ
1558 338 1580 364 οἱ
1598 337 1737 372 ἄνθρωποι
1750 336 1817 369 λαμ-

1039 383 1167 414 ϐάνοντες
1182 383 1211 409 τὸ
1229 383 1341 418 Πνεῦμα
1359 383 1408 410 τοῦ
1422 383 1490 410 Θεοῦ
1506 384 1627 417 γίνονται
1642 383 1726 409 τέκνα
1751 382 1817 408 Θεοῦ

1038 430 1071 456 δι’
1088 430 1198 462 ἑαυτοῦ,
1216 429 1303 461 οὕτως
1315 429 1331 454 6
1346 430 1433 463 Λόγος
1451 429 1498 455 τοῦ
1510 429 1589 460 Θεοῦ,
1618 429 1662 455 ὅτε
1678 430 1725 455 καὶ
1737 429 1816 459 αὐτὸς

1039 475 1181 502 ἐνεδύσατο
1193 475 1246 502 τῶν
1259 475 1411 510 ἀνθρώπων
1424 476 1474 510 τὴν
1495 475 1594 509 σάρκα,
1621 475 1682 501 τότε
1707 474 1817 508 λέγεται

1039 523 1084 549 καὶ
1100 523 1253 555 κτίξεσθαι,
1275 523 1322 550 καὶ
1336 524 1512 558 πεποιῆσθαι.
1534 523 1615 550 Ἀλλὰ
1628 523 1675 549 καὶ
1687 524 1714 548 ἐν
1734 522 1818 556 τούτῳ

1039 570 1212 604 πρωτότοκος
1227 570 1347 604 λέγεται,
1358 570 1405 596 καὶ
1417 569 1490 596 ἐστιν
1503 570 1591 604 ἡμῶν,
1603 569 1698 604 ἐπειδὴ
1711 569 1818 595 πάντων

1038 617 1092 643 τὼν
1107 617 1260 652 ἀνθρώπων
1287 616 1483 650 ἀπολλυμένων
1507 616 1577 642 κατὰ
1592 615 1640 650 τὴν
1665 615 1818 650 παράϐασιν

1038 664 1085 690 τοῦ
1102 663 1199 699 ’Λδὰμ,
1227 662 1323 698 πρώτη
1339 663 1394 690 τῶν
1411 662 1497 689 ἄλλων
1517 661 1617 696 ἐσώθη,
1649 661 1696 688 καὶ
1711 661 1819 696 ἠλευθε-

1039 710 1114 746 ρώθη
1131 710 1147 744 ἡ
1163 710 1267 736 ἐκείνου
1300 708 1381 744 σὰρξ.
1404 709 1441 740 ὡς
1472 708 1555 734 αὑτοῦ
1573 708 1620 734 τοῦ
1636 707 1724 741 Λόγου
1742 707 1820 741 σῶμα

1039 756 1197 791 γενομένου.
1226 755 1283 782 Καὶ
1302 755 1394 782 λοιποὶ
1421 757 1502 790 ἡμεῖς
1518 755 1555 787 ὡς
1569 754 1708 788 σύσσωμοι
1721 753 1819 787 τυγχὰ-

1039 811 1131 834 νοντες
1147 802 1207 829 κατ’
1218 802 1323 828 ἐκεῖνον
1338 801 1548 836 σωζόμεθα.“Εν
1565 801 1662 836 ἐκείνῳ
1670 800 1725 835 γὰρ
1742 799 1818 835 ἡμῶν

1040 849 1086 875 καὶ
1101 848 1226 882 ὁδηγὸςμό
1236 847 1336 882 Κύριος
1351 847 1391 878 είς
1405 847 1454 882 τὴν
1472 846 1613 880 βασιλείαν
1628 846 1681 872 τῶν
1689 845 1820 880 οὐρανῶν,

1041 895 1090 921 καὶ
1101 894 1170 929 πρὸς
1185 894 1232 920 τὺν
1247 893 1346 921 ἑαυτοῦ
1362 893 1473 929 Πατέρα
1488 893 1604 926 γίνεται,
1620 892 1708 925 λέγων
1721 900 1729 908 ·
1749 891 1821 926 Ἐγώ

1041 940 1130 973 ειμιὴ
1144 939 1225 973 όδθς,
1249 939 1297 966 καί
1316 939 1402 974 θύρα,
1414 939 1463 966 καὶ
1486 938 1524 966 δι’
1547 938 1620 974 ἐμοῦ
1644 937 1692 965 δεῖ
1707 937 1821 969 πάντας

1040 983 1201 1012 εἰσελθεῖν.

1283 1032 1335 1065 Εις
1346 1031 1380 1058 τὸ
1389 1031 1464 1058 αὐτὸ
1472 1031 1576 1065 ῥητόν.

1082 1079 1248 1114 Ἐπειδήπερ
1263 1079 1278 1114 ἡ
1297 1079 1393 1114 πρώτη
1417 1078 1474 1109 ὁδὸς
1488 1078 1503 1112 ὴ
1521 1078 1566 1104 διὰ
1579 1077 1626 1104 τοῦ
1643 1077 1729 1112 ’Δδὰμ
1746 1076 1822 1103 ἀπώ-

1041 1126 1111 1157 λετο,
1131 1126 1178 1152 καὶ
1195 1126 1256 1152 ἀντὶ
1270 1125 1317 1152 τοῦ
1347 1124 1512 1160 παραδείσου
1531 1124 1709 1158 ἐξεκλίναμεν
1725 1125 1766 1154 εἰς
1778 1124 1822 1150 τὸν

1041 1173 1167 1204 θάνατον,
1181 1171 1339 1206 ἠκούσαμέν
1353 1180 1394 1202 τε,
1404 1171 1449 1204 Γῆ
1463 1170 1499 1202 εἷ,
1513 1171 1561 1197 καί
1571 1171 1614 1203 είς
1624 1169 1683 1205 γῆν
1692 1170 1821 1197 ἀπελεύ-

1041 1227 1092 1253 an,
1108 1218 1152 1245 διὰ
1167 1217 1247 1244 τοῦτο
1260 1218 1273 1244 6
1287 1217 1480 1252 φιλάνθρωπος
1501 1216 1548 1243 τοῦ
1565 1216 1631 1242 Θεοῦ
1653 1216 1740 1250 Λόγος
1761 1215 1822 1250 βου-

1041 1266 1117 1300 λήσει
1145 1264 1192 1291 τοῦ
1226 1264 1332 1299 Πατρὺς
1369 1264 1553 1290 ὲνδιδὺσκεται
1583 1263 1630 1297 τὴν
1664 1262 1822 1288 κτισθεῖσιν

1042 1312 1141 1346 σάρκα,
1162 1311 1204 1337 ἵνα
1219 1311 1251 1345 ἣν
1264 1311 1415 1345 ὲνέκρωσεν
1438 1311 1450 1336 6
1480 1309 1600 1340 mnino;
1623 1308 1767 1342 ἄνθρωπος
1781 1307 1823 1333 ιειᾶ

1039 1358 1090 1394 τῆς
1106 1358 1301 1392 παραϐάσεως,
1320 1356 1421 1391 ταύτην
1437 1356 1518 1387 αὐτὸς
1535 1357 1564 1381 ὲν
1576 1356 1614 1390 τῷ
1647 1355 1745 1389 αἵματι
1778 1353 1823 1380 τοῦ

1043 1406 1109 1432 ἰδίου
1122 1404 1248 1439 σώματος
1263 1404 1429 1439 ζωοποιήσῃ.
1444 1403 1490 1429 καὶ
1517 1403 1660 1438 έγκαινὶτῃ
1679 1402 1747 1436 ἡμῖν
1763 1401 1822 1427 ὁδὸν

1042 1451 1198 1488 πρόσφατον
1210 1450 1257 1476 καὶ
1273 1449 1374 1481 ζῶσαν,
1389 1449 1427 1479 ὡς
1441 1449 1553 1483 εἴρηκεν
1564 1449 1577 1474 6
1596 1447 1768 1480 Ἀπόστολος,
1778 1446 1822 1472 διὰ

1041 1499 1088 1525 τοῦ
1102 1495 1362 1531 καταπετάσματος,
1379 1495 1502 1521 τουτέστι
1521 1493 1565 1520 διὰ.
1587 1493 1636 1529 τῆς
1656 1493 1757 1528 σαρκὸς
1772 1493 1822 1519 αὐ-

1041 1545 1100 1578 τοῦ,
1114 1545 1183 1580 ὅπερ
1197 1544 1243 1570 καὶ
1256 1544 1284 1569 ὲν
1299 1542 1385 1576 ἑτέρῳ
1398 1541 1537 1576 σημαίνων
1545 1540 1638 1574 φησιν,
1651 1539 1732 1565 Ὥστε
1748 1539 1824 1570 sta;

1040 1593 1068 1618 ἐν
1079 1590 1189 1626 Χριστῷ
1206 1589 1286 1625 καινὴ
1302 1589 1400 1619 κτίσις,
1425 1587 1460 1614 τὰ
1474 1587 1573 1621 ἀρχαῖα
1601 1585 1752 1621 παρῆλθεν,
1771 1585 1824 1611 ἰδοὺ

1040 1640 1138 1673 γέγονε
1156 1638 1190 1664 τὰ
1207 1637 1297 1663 πάντα
1324 1634 1417 1662 καινά.
1438 1634 1470 1660 Εἰ
1487 1633 1515 1659 δὲ
1528 1632 1608 1666 καινὴ
1641 1632 1730 1662 κτίσις
1748 1631 1827 1664 γέγο-

1041 1694 1096 1716 νεν,
1118 1683 1173 1710 ἔδει
1190 1683 1294 1717 ταύτης
1309 1682 1357 1717 τῆς
1373 1681 1487 1711 κτίσεως
1502 1678 1612 1713 πρῶτόν
1644 1686 1706 1704 τινα
1740 1674 1825 1704 εἶναι.

1044 1729 1203 1765 Ἀνθρωπος
1218 1727 1268 1762 μὲν
1293 1724 1340 1753 οὖν
1369 1724 1448 1760 ψιλὸς
1476 1724 1522 1750 καὶ
1555 1724 1635 1759 μόνον
1652 1722 1755 1758 χοῖκδς,
1776 1720 1825 1749 οἷοι

1042 1775 1193 1810 γεγόναμεν
1211 1774 1292 1809 ἡμεῖς
1309 1773 1342 1799 ὲκ
1364 1771 1413 1805 τῆς
1424 1769 1619 1805 παραϐάσεως,
1637 1768 1688 1795 οὐκ
1705 1768 1825 1803 ἠδύνατο

1041 1820 1122 1849 εἶναι.
1139 1821 1194 1848 Καὶ
1207 1821 1260 1854 γὰρ
1281 1820 1310 1846 ὲν
1324 1820 1357 1853 τῇ
1374 1819 1470 1852 πρώτῃ
1483 1817 1570 1843 κτίσει
1586 1817 1697 1842 ἄπιστοι
1708 1815 1826 1849 γεγόνα-

1043 1878 1084 1896 σιν
1097 1869 1121 1895 οί
1133 1868 1282 1902 ἅνθρωποι,
1306 1866 1353 1892 καὶ
1375 1865 1409 1891 δι’
1438 1863 1527 1890 αὐτῶν
1546 1862 1671 1890 ἀπώλετο
1691 1862 1708 1897 ἡ
1722 1863 1821 1896 πρώτη

1041 1918 1057 1952 ὴ
1075 1916 1144 1947 666;.
1163 1914 1249 1948 Χρεία
1266 1913 1294 1939 δὲ
1324 1910 1359 1947 ἢν
1390 1911 1470 1938 ἄλλου
1505 1908 1551 1936 τοῦ
1568 1908 1748 1939 ἀνανεοῦντος
1769 1908 1818 1942 τὴν

1043 1963 1168 1998 πρώτην,
1189 1961 1236 1987 καὶ
1262 1960 1311 1994 τὴν
1329 1958 1425 1991 καινὴν
1453 1956 1602 1991 γενομένην
1623 1953 1825 1988 διατηροῦντος.

1043 2008 1147 2036 Οὐκοῦν
1184 2007 1235 2040 οὐχ
1268 2004 1362 2040 ἕτερός
1391 2012 1454 2035 τις,
1486 2001 1542 2029 ἀλλ’
1576 2002 1590 2027 6
1619 2000 1723 2035 Κύριος
1751 1999 1824 2034 ἁρχὴ

1042 2056 1091 2091 τῆς
1112 2054 1208 2088 καινῆς
1232 2053 1346 2082 κτίσεως
1378 2050 1511 2082 κτίζεται,
1535 2048 1582 2074 καὶ
1606 2047 1676 2078 ὁδός.
1705 2047 1759 2072 Καὶ
1787 2048 1825 2071 εἱ-

1042 2103 1131 2133 κότως
1156 2101 1258 2134 λέγει’
1285 2099 1393 2132 Κύριος
1424 2095 1526 2123 ἔκτισέ
1551 2102 1590 2129 με
1619 2093 1719 2127 ἀρχὴν
1749 2091 1827 2119 ὁδῶν

1042 2150 1146 2180 αὐτοῦ,
1172 2149 1216 2174 ἱνα
1231 2147 1268 2181 μὴ
1287 2146 1358 2172 κατὰ
1383 2144 1431 2178 τὴν
1461 2141 1573 2178 πρώτην
1603 2141 1712 2174 ἐκείνην
1740 2141 1756 2166 6
1782 2139 1828 2166 ἇν-

1009 2197 1153 2231 υθρωπος
1181 2192 1366 2226 πολιτεύηται,
1394 2189 1451 2216 ἀλλ’
1476 2189 1514 2220 ὡς
1536 2188 1625 2223 ἀρχῆς
1652 2186 1738 2220 οὔσης
1766 2194 1828 2212 και-

1043 2243 1093 2277 νῆς
1120 2242 1248 2271 κτίσεως.
1285 2239 1340 2266 Καὶ
1373 2237 1419 2263 τὶν
1451 2235 1570 2270 Χριστὸν
1599 2233 1707 2269 ἔχοντες
1740 2233 1830 2267 ἀρχὴν

1043 2290 1121 2321 ὁδῶν,
1147 2287 1233 2322 τούτῳ
1258 2285 1352 2312 λοιπὸν
1376 2281 1576 2316 ἀκολουθοῦμεν
1599 2281 1706 2315 λέγοντι
1723 2287 1730 2294 ·
1759 2278 1830 2312 Ἐγὼ

1043 2337 1101 2372 ειμι
1123 2337 1140 2370 ἡ
1160 2334 1226 2365 ὁδός.
1245 2331 1330 2359 Τοῦτο
1344 2330 1398 2365 γὰρ
1420 2330 1466 2356 καὶ
1484 2329 1498 2353 6
1514 2327 1648 2363 μακάριος
1666 2326 1831 2355 Ἀπόστολος

1044 2371 1176 2410 διδάσκων
1202 2381 1232 2406 ὲν
1258 2379 1290 2412 τῇ
1315 2377 1381 2412 πρὸς
1408 2374 1573 2404 Κολοσσαεῖς
1597 2372 1688 2406 ἔλεγεν
1707 2379 1715 2387 ο
1732 2371 1832 2402 Αὐτός

1044 2429 1129 2456 ἐστιν
1141 2427 1158 2460 ἡ
1173 2424 1290 2460 κεφαλὴ
1302 2423 1355 2450 τοῦ
1368 2421 1504 2456 σώματος
1516 2418 1570 2453 τῆς
1586 2418 1787 2450 Ἐκκλησῐας,
1800 2417 1832 2449 ὅς

1044 2477 1130 2503 ἐστιν
1146 2473 1224 2508 ἀρχὴ
1241 2471 1426 2506 πρωτότοκος
1440 2470 1474 2495 ἐκ
1490 2468 1550 2494 τῶν
1564 2465 1689 2500 νεκρῶν,
1707 2465 1760 2491 ινα
1779 2464 1832 2498 τέ-

1043 2529 1132 2556 νητιιι
1146 2520 1180 2546 ἐν
1196 2519 1290 2546 πᾶσιν
1304 2517 1393 2548 αὐτὸς
1410 2515 1578 2548 πρωτεύων.
1597 2512 1650 2538 Τοῦ
1668 2511 1723 2545 γὰρ
1737 2510 1831 2544 Σωτῆ-

1045 2577 1091 2603 ρος
1115 2566 1187 2594 οὓτω
1213 2565 1284 2592 κατὰ
1310 2563 1399 2598 σάρκα
1419 2561 1586 2591 κτισθέντες,
1612 2559 1659 2584 καὶ
1679 2556 1767 2591 ἀρχῆς
1787 2564 1831 2590 γε-

1047 2615 1162 2649 νομένου
1183 2613 1237 2639 τῶν
1254 2608 1484 2643 ἀνακτιζομένων,
1502 2608 1550 2633 καὶ
1565 2606 1672 2640 ἔχοντος
1690 2604 1770 2640 ἡμῶν
1785 2605 1832 2638 τὴν

1045 2660 1184 2694 ἀπαρχὴν,
1206 2658 1239 2693 ἢν
1262 2655 1427 2692 προσέλαϐεν
1449 2652 1622 2688 ἀνθρωπίνην
1642 2651 1746 2684 σάρκα,
1766 2649 1832 2675 ἀκο-

1045 2706 1147 2737 λούθως
1173 2704 1232 2739 μετ’
1258 2703 1349 2735 αὑτὸν,
1377 2701 1424 2728 καὶ
1444 2701 1458 2726 6
1481 2699 1585 2734 μέλλων
1609 2697 1673 2728 λαὸς
1698 2695 1832 2727 κτίζεται,

1045 2753 1170 2787 λέγοντος
1194 2750 1240 2776 τοῦ
1265 2748 1366 2775 Δαϐίδ·
1383 2746 1529 2781 Γραφήτω
1555 2745 1630 2778 αὕτη
1656 2744 1700 2775 εἰς·
1724 2742 1832 2777 γενεὰν

1058 2836 1068 2850 ι
1086 2834 1163 2860 Prov.
1181 2830 1296 2861 vnt.‘22.
1335 2830 1345 2844 ⁶
1361 2828 1441 2856 Joan.
1459 2835 1512 2859 xw,
1526 2826 1551 2853 6.
1593 2825 1603 2841 ‘
1619 2825 1724 2852 (loloss.
1747 2830 1769 2856 I,
1786 2823 1829 2848 18.
