1912 3078
211 122 267 153 393

825 121 1018 152 EUTHYMII
1035 123 1217 154 ZIGABENI

1771 123 1819 156 400

210 179 295 207 Filius
326 178 456 206 liberator
483 186 512 206 se
526 185 578 205 nec
589 182 712 206 creatura
728 185 780 206 nec
807 177 908 205 iactum
927 185 988 206 esse

1043 191 1144 225 νητῶν,
1168 191 1236 218 ἀλλὰ
1251 190 1328 225 ἴδιος,
1349 191 1397 218 καὶ
1419 190 1502 218 εἰκὼν
1520 193 1568 227 τῆς
1591 191 1636 217 τοῦ
1667 191 1770 225 Πατρὶς
1783 193 1824 219 οὖ-

208 226 256 254 sed
273 230 380 253 natura:
395 225 494 256 Patris,
508 224 554 259 qui
571 224 733 252 sententiam
752 224 824 251 illam
854 223 931 252 initio
949 228 994 251 tu-

208 271 290 304 lerat,
314 271 446 306 solusque
469 275 582 306 peccata
598 270 746 301 condonat,
764 270 904 304 proprium
933 277 994 297 esse

209 317 328 344 Verbum
345 322 373 345 et
388 318 544 353 imaginem.
562 317 629 344 Cum
646 319 719 344 enim
736 320 763 344 in
785 317 873 344 Verbo
889 317 993 344 dictum

208 365 302 397 fuerit,
319 365 401 392 Terra
417 374 444 392 es
470 371 494 392 et
510 366 537 392 in
551 370 648 392 terram
661 365 808 396 reverteris,
830 364 908 390 valde
929 371 994 390 con-

209 416 339 447 gruenter
350 420 399 446 per
414 412 486 439 idem
508 413 599 447 ipsum
615 411 736 439 Verbum
765 416 848 446 atque
873 411 901 437 in
933 410 993 445 ipso

210 458 322 486 libertas
336 463 364 486 et
378 458 476 486 solutio
492 459 676 486 damnationis
693 459 761 486 facta
777 462 829 485 est.

246 505 350 538 Atqui,
389 504 542 539 inquiunt,
575 505 682 532 etiamsi
721 503 848 532 Salvator
888 507 996 531 creatus

205 553 288 579 esset,
307 552 414 583 poterat
431 548 506 576 Deus
525 548 717 576 tantummodo
735 548 838 581 dicere,
858 553 940 584 atque
959 549 996 576 ita

205 594 310 621 solvere
334 593 566 621 maledictionem.
593 593 628 621 At
653 593 736 621 simili
760 593 842 620 modo
867 592 995 628 ipsis‘ita

204 639 312 666 occurri
329 639 435 674 possit:
455 639 542 666 Etiam
559 639 619 667 sine
637 639 692 666 ullo
707 639 768 674 ejus
786 639 903 666 adventu
920 644 995 674 pote-

202 690 245 712 rat
258 685 329 713 Deus
345 686 536 713 tantummodo
551 686 652 718 dicere,
667 690 750 720 atque
764 686 801 713 ita
814 686 919 713 solvere
934 693 994 713 ma-

201 731 388 758 ledictionem.
409 731 510 758 Verum
531 732 669 758 attendere
682 735 790 766 oportet
807 731 872 766 quid
895 731 931 759 sit
944 731 994 759 ho-

201 777 322 804 minibus
339 777 416 810 utile,
435 785 489 804 non
510 783 602 804 autem
623 777 687 812 quid
709 777 735 804 in
760 777 887 805 omnibus
907 778 993 813 possit

200 822 284 849 Deus.
305 821 430 857 Namque
440 823 522 850 etiam
534 827 598 850 ante
610 823 667 850 Noe
681 831 783 857 arcam,
801 824 926 851 homines
946 823 992 859 qui

199 873 382 903 peccaverant
401 873 506 903 poterat
527 869 700 897 interimere:
720 873 810 897 tamen
833 869 858 897 id
883 870 992 897 nonnisi

198 918 263 948 post
287 921 378 941 arcam
402 914 476 942 fecit.
499 915 609 943 Poterat
634 923 744 951 quoque
765 916 868 950 absque
889 915 990 951 Moyse,

199 960 374 987 solummodo
383 961 484 994 dicere,
494 962 681 996 populumque
691 962 806 988 educere
816 969 849 988 ex
859 960 989 996 Egypto:

199 1011 229 1032 at
244 1006 270 1033 id
290 1013 340 1040 per
357 1005 476 1042 Moysem
493 1007 557 1041 fieri
584 1007 774 1035 conveniebat.
796 1006 991 1034 Poterat'item

200 1050 275 1079 Deus
291 1052 423 1087 populum
440 1053 498 1079 sine
510 1052 651 1087 judicibus
667 1059 851 1080 conservare:
871 1059 965 1079 verum
976 1059 992 1080 e

198 1104 228 1124 re
248 1098 341 1132 populi
367 1103 426 1125 erat
447 1098 554 1133 judices
574 1105 624 1133 pro
649 1103 772 1133 tempore
791 1098 900 1126 habere.
919 1097 990 1131 Quin

198 1143 279 1170 etiam
294 1144 352 1179 ipse
371 1143 498 1172 Salvator
510 1148 616 1179 poterat
631 1144 665 1171 ab
684 1144 763 1171 initio
785 1145 912 1172 advenire
926 1154 932 1178 ;
949 1146 990 1173 vel

199 1193 346 1223 postquam
360 1189 479 1222 advenit,
490 1193 597 1224 poterat
610 1197 664 1216 non
677 1189 746 1216 tradi
760 1189 847 1217 Pilato
857 1200 862 1217 ε
872 1194 989 1218 attamen

196 1233 226 1261 in
248 1234 302 1262 fine
322 1235 485 1262 sarculorum
504 1235 624 1268 advenit,
647 1240 674 1262 et
690 1235 821 1270 quaesitus
836 1236 914 1269 dixit,
933 1235 989 1271 Ego

196 1287 256 1306 sum
278 1281 297 1307 ¹.
314 1280 394 1314 Quod
409 1281 481 1308 enim
500 1281 545 1308 ille
558 1280 633 1313 facit,
650 1281 676 1308 id
698 1281 854 1309 hominibus
871 1282 988 1317 expedit,

195 1332 247 1352 nec
267 1325 346 1353 aliter
364 1326 423 1353 ﬁeri
447 1326 558 1354 decuit:
575 1327 648 1361 quod
674 1331 764 1354 autem
787 1332 814 1354 et
834 1327 942 1362 expedit
962 1333 989 1356 et

195 1371 282 1404 decet,
302 1372 327 1399 id
346 1373 405 1408 ipse
416 1377 493 1400 curat
506 1378 533 1401 et
546 1374 677 1408 providet.
695 1371 773 1400 Venit
787 1374 878 1408 itaque
891 1381 945 1401 non
959 1378 989 1402 ut

194 1417 235 1445 illi
250 1418 468 1451 tninistraretur,
488 1420 533 1447 sed
551 1423 579 1446 ut
595 1419 652 1454 ipse
667 1419 836 1447 ministraret
853 1424 879 1452 I,
899 1424 926 1446 et
938 1427 988 1447 no-

193 1464 237 1492 bis
255 1465 413 1492 restitueret
428 1466 556 1493 salutem.
571 1465 651 1493 Certe
667 1465 774 1493 tametsi
791 1465 875 1500 legem
889 1474 904 1492 e
918 1466 988 1506 coelo

193 1515 301 1545 poterat
309 1511 464 1543 enuntiare,
474 1511 542 1538 vidit
554 1516 643 1538 tamen
668 1510 825 1538 horninibus
836 1511 988 1539 conducere

194 1563 254 1583 eam
271 1563 286 1583 e
300 1560 392 1583 monte
410 1555 477 1583 Sina
496 1556 631 1590 proferri:
651 1557 723 1591 quod
745 1556 853 1591 quidem
877 1556 940 1583 fecit
961 1561 989 1584 ut

194 1605 221 1628 et
243 1600 349 1638 Moyses
368 1606 460 1636 posset
479 1602 638 1634 ascendere,
663 1606 690 1628 et
705 1602 753 1635 illi,
774 1601 856 1629 verba
876 1602 988 1637 propius

193 1647 348 1681 audiendo,
370 1647 480 1676 facilius
499 1648 650 1676 crederent.
671 1648 867 1676 Verumtamen
886 1654 988 1684 quanta

193 1701 256 1719 cum
276 1692 383 1720 ratione
397 1693 424 1720 id
444 1693 545 1721 factum
567 1693 658 1725 fuerit,
679 1702 712 1720 ex
730 1695 772 1721 his
785 1695 938 1729 perspicere
956 1695 989 1722 li-

194 1742 246 1764 cet.
270 1736 298 1764 Si
319 1737 390 1765 Deus
414 1745 464 1772 pro
486 1746 535 1765 sua
557 1739 678 1773 potentia
699 1739 823 1772 dixisset,
846 1740 987 1775 solutaque

192 1786 266 1809 esset
280 1782 453 1810 maledictio:
479 1783 653 1818 apparuisset
673 1784 782 1818 quidem
801 1784 923 1818 jubentis
939 1793 987 1820 p0-

192 1832 289 1860 testas,
302 1828 419 1863 talisque
436 1828 525 1856 factus
537 1828 634 1856 fuisset
643 1829 726 1856 homo
739 1831 827 1865 qualis
840 1831 889 1858 fuit
901 1831 985 1859 Adam

193 1875 258 1897 autc
276 1875 430 1905 peccatum,
452 1872 498 1906 qui
527 1871 656 1898 nimirum
678 1873 793 1907 gratiam
815 1873 986 1901 extrinsecus

191 1916 349 1950 acciperet,
371 1924 421 1943 nec
456 1924 516 1944 eam
550 1917 657 1952 corpori
685 1925 836 1944 conncxam
865 1919 984 1945 haberet.

192 1961 340 1988 Enimvero
356 1969 420 1989 cum
434 1962 590 1989 istiusmodi
606 1967 679 1990 esset
699 1963 796 1996 Adam,
816 1963 841 1990 in
857 1963 985 1998 paradiso

192 2011 234 2036 est
259 2008 428 2036 collocatus:
448 2008 504 2035 imo
523 2015 587 2035 vero
610 2007 680 2036 forte
704 2009 780 2044 pejor
806 2008 895 2036 factus
926 2015 982 2042 est,

193 2054 293 2088 quippe
315 2055 362 2088 qui
383 2061 496 2088 peccare
520 2054 655 2081 didicerit.
676 2054 754 2087 Quod
774 2055 813 2087 si,
838 2063 899 2082 cum
924 2055 984 2083 talis

192 2099 300 2129 fuisset,
316 2100 476 2135 contigisset
490 2108 600 2135 quoque
620 2105 650 2128 ut
667 2109 682 2127 a
701 2105 825 2135 serpente
843 2101 983 2136 decipere-

1046 241 1117 270 σίας,
1132 239 1180 266 τοῦ
1206 239 1252 265 καὶ
1277 239 1348 265 κατὰ
1371 239 1422 274 τὴν
1451 238 1537 273 ἀρχὴν
1558 238 1768 272 ἀποφηναμένου
1783 239 1824 266 καὶ

1045 286 1171 320 ἀφίεντος
1187 285 1268 319 μόνου
1281 286 1329 316 τὰς
1345 285 1494 319 ἁμαρτίας.
1514 284 1623 319 Ἐπειδὴ
1645 284 1700 318 γὰρ
1723 284 1825 319 εἴρηται

1044 332 1074 358 ὲν
1089 333 1128 366 τῷ
1143 333 1233 367 Λόγῳ.
1249 332 1293 365 Γῆ
1315 330 1345 358 εἴ
1372 332 1421 358 καὶ
1444 333 1487 364 εἰς
1503 330 1562 365 γῆν
1580 331 1748 364 ἁπελεύσῃ,
1766 332 1826 357 ἀκο-

1045 379 1148 410 λούθως
1164 378 1198 405 δι’
1216 378 1300 404 αὑτοῦ
1320 377 1366 404 τοῦ
1382 377 1472 412 Λόγου
1487 378 1534 404 καὶ
1556 378 1586 402 ἐν
1602 376 1678 410 αὐτῷ
1694 376 1710 408 ή
1725 375 1827 402 ἐλευθέ-

1045 425 1092 460 ρια
1106 425 1153 451 καὶ
1168 426 1183 460 ἠ
1196 424 1274 456 λύσις
1283 424 1332 459 τῆς
1348 423 1541 458 κατακρίσεως
1561 423 1716 458 γεγένηται.

1090 503 1162 538 ’Δλλζ
1183 503 1314 537 ἠδύνατο,
1340 502 1424 537 φασὶ,
1443 502 1489 530 καὶ
1516 503 1666 535 κτίσματος
1689 501 1764 532 δντος
1783 499 1826 527 τοῦ

1046 543 1181 579 Σωτῆρος,
1197 544 1275 579 μόνον
1290 545 1377 571 εἰπεῖν
1388 545 1401 570 ὁ
1411 544 1475 576 Θεὸς
1491 545 1539 571 καὶ
1551 545 1630 572 λῦσαι
1640 546 1690 582 τὴν
1701 545 1826 581 κατάραν.

1046 590 1082 616 Τὸ
1095 591 1160 617 αὐτὸ
1172 591 1193 617 δ’
1206 591 1238 618 ἂν
1252 592 1398 618 ἀκούσαιεν
1410 593 1457 620 καὶ
1471 593 1548 619 αὐτοὶ
1559 594 1623 629 παρ’
1635 593 1728 629 ἑτέρου
1742 594 1828 628 λέγον-

1044 644 1104 667 τος·
1127 636 1255 662 Ἠδύνατο
1270 637 1316 664 καὶ
1335 638 1395 672 μηδ’
1409 638 1478 669 ὅλως
1500 639 1717 674 ἐπιδημήσαντος
1738 638 1826 669 αὑτοῦ,

1046 682 1126 716 μόνον
1145 683 1231 708 εἰπεῖν
1252 684 1266 709 ὁ
1284 684 1350 715 Θεὸς
1368 684 1415 710 καὶ
1436 683 1514 710 λῦσαι
1531 684 1580 719 τὴν
1598 684 1730 720 κατάραν.
1754 684 1828 710 Ἀλλὰ

1045 729 1155 754 σκοπεῖν
1170 728 1209 754 δεῖ
1232 729 1261 755 τὸ
1272 730 1328 760 τοῖς
1348 729 1501 765 ἀνθρώποις
1523 729 1677 756 λυσιτελοῦν
1692 730 1738 756 καὶ
1752 731 1788 764 μὴ
1802 731 1827 755 ὲν

1044 774 1110 800 πᾶσι
1123 774 1153 800 τὸ
1168 775 1280 801 δυνατὸν
1297 775 1344 801 τοῦ
1356 775 1423 802 Θεοῦ
1441 776 1608 810 λογίζεσθαι·
1626 776 1687 802 ἐπεὶ
1769 776 1828 810 ἡδύ-

1045 828 1108 846 νατο
1121 820 1167 847 καὶ
1180 821 1232 856 πρὸ
1246 821 1296 856 τῆς
1306 821 1367 848 Νῶε
1383 821 1500 848 κιϐωτοῦ
1509 823 1572 854 τοὺς
1584 823 1644 848 τότε
1656 822 1828 857 παραϐάντας

1043 865 1090 893 ἀνθ
1096 866 1202 901 ρώπους
1216 867 1347 894 ἀπολέσαι
1358 876 1364 882 '
1377 867 1443 894 ἀλλὰ
1457 867 1526 903 μετὰ
1535 867 1584 903 τὴν
1597 867 1711 894 κιϐωτὸν
1722 868 1828 903 πεποίη-

1043 921 1100 939 κεν.
1128 912 1257 939 Ἥδύνατο
1272 914 1319 939 καὶ
1335 913 1419 948 χωρὶς
1437 914 1558 944 Μωσέως
1575 914 1622 939 καὶ
1641 914 1719 948 μόνον
1733 915 1827 944 εἰπεῖν,

1043 958 1088 984 καὶ
1100 958 1244 992 ἐξαγαγεῖν
1261 958 1305 984 τὸν
1323 959 1386 985 λαὸν
1401 959 1430 992 ἐξ
1444 958 1597 992 Αἰγύπτου*
1621 959 1688 985 ἀλλὰ
1701 960 1828 995 συνέφερε

1041 1003 1084 1030 διὰ
1101 1004 1371 1035 Μωσέως.Ἢδύνατο
1385 1004 1431 1030 καὶ
1447 1004 1531 1039 χωρὶς
1544 1004 1598 1030 τῶν
1617 1005 1717 1041 κριτῶν
1737 1005 1829 1037 σώζειν

1040 1049 1086 1075 τὸν
1099 1049 1162 1076 λαὸν
1175 1051 1188 1076 ὁ
1200 1050 1265 1081 Θεός
1275 1058 1281 1064 “
1298 1049 1365 1076 ἀλλὰ
1381 1049 1513 1084 συνέφερε
1527 1051 1583 1082 τοῖς
1597 1051 1672 1082 λαοῖς
1761 1051 1830 1078 κατὰ

1042 1095 1137 1131 καιρὸν
1156 1095 1309 1131 ἐγείρεσθαι
1329 1095 1424 1131 κριτὴν
1451 1097 1551 1128 αὐτοῖς.
1584 1096 1715 1124 Ἦδύνατο
1734 1097 1782 1123 καὶ
1804 1098 1830 1129 ἐξ

1041 1141 1126 1177 ἀρχῆς
1139 1142 1153 1167 ὁ
1165 1141 1257 1178 Σωτὴρ
1270 1141 1454 1176 ἐπιδημῆσαι,
1470 1141 1486 1176 ἢ
1501 1141 1584 1169 ἐλθὼν
1598 1143 1634 1178 μὴ
1648 1143 1830 1178 παραδοθῆνει

1041 1186 1149 1222 Πιλάτῳ
1159 1195 1165 1201 “
1178 1186 1245 1213 ἀλλὰ
1255 1188 1301 1214 καὶ
1317 1187 1362 1214 ἐπὶ
1449 1189 1587 1224 συντελείᾳ
1598 1189 1648 1234 τῶν

1041 1232 1069 1259 οε
1079 1253 1086 1265 ,
1103 1233 1150 1259 καὶ
1168 1233 1332 1268 ζητούμενος
1348 1231 1423 1260 εἶπεν
1434 1243 1440 1249 ·
1464 1234 1537 1269 Ἐγώ
1551 1236 1609 1270 ειμι
1620 1244 1626 1251 ·
1641 1231 1666 1261 ’ὃ
1685 1236 1739 1271 γὰρ
1752 1237 1830 1266 ποιεῖ,

1039 1278 1117 1306 τοῦτο
1141 1279 1187 1306 καὶ
1203 1279 1336 1314 συμφέρει
1356 1280 1411 1311 τοῖς
1426 1280 1596 1315 ἀνθρώποις,
1615 1282 1661 1308 x1".
1679 1282 1768 1314 ἄλλως
1784 1283 1832 1309 οὐκ

1040 1324 1143 1361 ἔπρεπε
1159 1325 1303 1359 γενέσθαι’
1319 1326 1366 1351 καὶ
1380 1326 1448 1361 ὅπερ
1461 1326 1489 1352 δὲ
1505 1328 1638 1363 συμφέρει
1655 1329 1702 1354 καὶ
1719 1330 1831 1364 πρέπει,

1038 1371 1133 1398 τούτου
1143 1372 1189 1398 καὶ
1200 1372 1328 1406 πρόνοιαν
1338 1374 1465 1400 ποιεῖται.
1475 1370 1560 1399 Ἦλθε
1571 1374 1647 1407 γοῦν,
1659 1374 1707 1408 οὐχ
1718 1374 1764 1400 ἴνα
1777 1374 1832 1400 δια-

1038 1417 1139 1454 κονηθῇ
1150 1437 1156 1449 ,
1173 1417 1230 1444 ἀλλ’
1246 1418 1289 1444 ἵνα
1305 1419 1451 1453 διακονήσῃ
1463 1438 1469 1449 ,
1487 1419 1533 1445 καὶ
1547 1419 1595 1454 τὴν
1615 1419 1692 1455 ἡμῶν
1710 1420 1831 1455 ἐργάση-

1039 1472 1083 1490 ται
1096 1463 1243 1499 σωτηρίαν.
1267 1463 1374 1499 Ἀμέλει
1391 1464 1538 1499 δυνάμενος
1621 1465 1674 1492 ἀπὸ
1690 1466 1738 1492 τοῦ
1751 1467 1832 1502 οὐρα-

1039 1509 1085 1536 νοῦ
1102 1510 1218 1545 λαλῆσαι
1234 1510 1279 1536 τὸν
1295 1511 1391 1545 νόμον,
1409 1508 1477 1538 εἶδεν
1489 1531 1495 1542 ,
1513 1512 1553 1538 ὅτι
1566 1512 1700 1538 λυσιτελεῖ
1711 1515 1769 1544 τοῖς
1785 1514 1831 1539 ἁν-

1040 1554 1157 1591 θρώποις
1169 1556 1223 1582 ἀπὸ
1237 1555 1284 1581 τοῦ
1298 1556 1363 1582 Σινᾶ
1380 1556 1505 1591 λαλῆσαι,
1518 1555 1566 1582 καὶ
1580 1556 1659 1582 τοῦτο
1669 1557 1831 1592 πεποίηκεν,

1039 1600 1082 1626 ἵνα
1099 1600 1146 1626 καὶ
1162 1600 1266 1635 Μωσῆς
1291 1600 1424 1635 ἀναϐῆναι
1441 1601 1552 1636 δυνηθῇ,
1569 1602 1690 1628 κάκεῖνοι
1787 1602 1832 1629 τὸν

1038 1645 1116 1680 λόγον
1127 1646 1241 1681 ἐγγύθεν
1254 1647 1408 1679 ἀκούοντες,
1419 1647 1518 1682 μᾶλλον
1531 1647 1672 1674 πιστεῦσαι
1684 1648 1830 1683 δυνηθῶσι.

1039 1692 1111 1727 Πλὴν
1134 1693 1181 1718 καὶ
1199 1693 1228 1718 τὸ
1245 1692 1353 1727 εὔλογον
1370 1693 1417 1719 τοῦ
1433 1693 1576 1728 γενομένου
1592 1693 1704 1729 θεωρεῖν
1726 1694 1830 1726 ἔξεστιν

1038 1737 1177 1764 ἐντεῦθεν·
1194 1738 1225 1764 El
1239 1738 1283 1764 διὰ
1293 1738 1324 1764 τὸ
1336 1738 1447 1765 δυνατὸν
1460 1739 1574 1774 εἰρήκει,
1591 1739 1638 1766 καὶ
1723 1739 1830 1766 ἐλέλυτο

1038 1783 1054 1817 ὴ
1068 1783 1188 1818 κατάρα’
1203 1783 1249 1809 τοῦ
1269 1784 1318 1818 μὲν
1329 1783 1505 1816 κελεύσαντος
1517 1785 1534 1819 ἡ
1547 1784 1662 1819 δύναμις
1674 1784 1832 1811 ἐπεδείκνυ-

1036 1837 1076 1861 το,
1094 1830 1108 1856 ὁ
1127 1829 1217 1864 μέντοι
1232 1829 1375 1865 ἄνθρωπος
1389 1830 1509 1862 τοιοῦτος
1525 1831 1647 1864 ἐγίνετο,
1664 1828 1720 1862 οἷος
1733 1829 1769 1866 ἦν
1784 1833 1831 1858 καὶ

1036 1875 1049 1899 ὁ
1064 1874 1149 1910 Ἀδὰμ
1234 1875 1287 1910 πρὸ
1297 1875 1347 1910 τῆς
1359 1875 1550 1911 παραϐάσεως,
1565 1875 1662 1908 ἔξωθεν
1674 1875 1767 1903 λαϐὼν
1781 1877 1831 1913 τὴν

1036 1921 1132 1955 χάριν,
1157 1921 1204 1947 καὶ
1231 1921 1267 1957 μὴ
1289 1922 1516 1958 συνηρμοσμένην
1534 1922 1603 1957 έχων
1620 1922 1705 1958 αὐτὴν
1719 1923 1759 1958 τῷ
1776 1923 1830 1949 σώ-

1037 1974 1115 2000 ματι·
1132 1966 1252 1998 τοιοῦτος
1265 1967 1319 2003 γὰρ
1334 1967 1370 1994 ὢν
1386 1970 1433 1995 καὶ
1448 1969 1508 1995 τότε
1526 1969 1630 1995 τέθειτο
1643 1969 1671 1995 ὲν
1687 1969 1726 2004 τῷ
1739 1979 1830 2006 παρα-

1034 2013 1114 2047 δείσῳ
1124 2021 1130 2027 ·
1151 2013 1221 2048 τάχα
1237 2014 1264 2039 δὲ
1283 2015 1329 2040 καὶ
1341 2014 1440 2050 χείρων
1455 2015 1558 2048 ἐγίνετο
1568 2036 1575 2046 ,
1589 2015 1629 2042 ὄτι
1716 2016 1765 2042 καὶ
1777 2025 1829 2043 πα-

1036 2059 1174 2094 ραϐαίνειν
1193 2060 1362 2095 μεμάθηκεν.
1394 2061 1439 2086 Ὣν
1464 2061 1552 2088 τοίνυν
1574 2060 1693 2093 τοιοῦτος
1707 2081 1714 2094 ,
1740 2063 1766 2088 ει
1782 2063 1829 2089 καὶ

1035 2105 1241 2141 παραπέπειστο
1264 2106 1316 2132 ὑπὸ
1332 2107 1378 2133 τοῦ
1400 2106 1504 2141 ὄφεως,
1530 2107 1635 2141 ἐγίνετο
1650 2107 1733 2133 πάλιν
1749 2109 1830 2143 χρεία

1449 1189 1587 1224 συντελείᾳ
1598 1189 1651 1224 τῶν
1666 1189 1773 1216 αἰώνων
1787 1188 1831 1224 ἦλτ

193 2151 246 2179 tur,
267 2146 352 2173 Deum
368 2147 467 2174 iterum
484 2147 581 2182 jubere
601 2153 627 2175 et
641 2147 860 2175 malcdictionem
876 2148 981 2176 solvere

1043 2151 1181 2186 προστάξαι
1192 2151 1237 2178 τὸν
1248 2151 1313 2178 Θεὸν
1325 2152 1372 2179 καὶ
1381 2152 1461 2179 λῦσαι
1471 2153 1520 2188 τὴν
1531 2153 1654 2188 κατάραν
1664 2162 1669 2167 ·
1682 2154 1730 2180 καὶ
1741 2154 1830 2186 οὕτως

192 2200 261 2227 opus
277 2192 384 2227 fuisset,
402 2200 491 2229 eoque
510 2195 591 2222 modo
607 2194 711 2222 nullum
732 2194 812 2221 finem
831 2200 978 2222 consecuta

190 2243 264 2267 esset
278 2239 437 2271 necessitas,
465 2239 644 2272 hominesque
659 2237 836 2264 nihilominus
850 2237 889 2262 rei
903 2242 981 2261 mana

192 2284 304 2316 sissent,
325 2291 357 2311 ac
378 2288 489 2318 peccato
511 2283 679 2310 serviissent.
700 2281 737 2308 lta
761 2285 851 2308 autem
876 2287 982 2314 semper

193 2329 346 2364 peccando,
366 2337 474 2364 semper
493 2329 664 2357 eoudonante
680 2335 749 2362 opus
763 2327 933 2357 habuissent.
951 2333 982 2352 ac

193 2374 308 2409 proinde
321 2382 461 2410 nunquam
481 2375 599 2402 fuissent
612 2373 730 2406 liberati,
747 2380 809 2400 cum
825 2380 859 2399 ex
880 2379 909 2399 se
933 2371 983 2398 toti

194 2420 249 2446 sint
266 2420 370 2454 earnei,
391 2425 473 2455 atque
489 2421 524 2448 ob
534 2420 625 2447 carnis
635 2419 821 2446 infirmitatem
839 2418 890 2453 legi
909 2424 982 2445 sem-

194 2472 242 2499 per
262 2466 452 2493 succumbant.

291 2520 426 2548 Praeterca
446 2522 468 2548 si
484 2520 569 2548 Filius
584 2528 627 2548 res
642 2525 732 2548 creata
746 2524 829 2551 esset,
844 2520 926 2546 homo
947 2519 985 2546 ni-

195 2566 346 2594 hilominus
362 2568 486 2594 mortalis
507 2571 671 2600 remaneret,
685 2570 778 2601 utpote
795 2566 906 2592 minime
921 2573 983 2593 cum

194 2611 250 2640 Deo
263 2613 416 2648 copulatus.
431 2613 486 2640 Nec
497 2613 570 2640 enim
586 2621 629 2641 res
646 2613 737 2648 aliqua
754 2618 844 2641 creata
861 2620 903 2640 res
916 2612 984 2640 alias

193 2664 301 2687 creatas
320 2667 382 2686 cum
402 2659 456 2687 Deo
472 2665 561 2694 potest
574 2660 750 2694 conjungere,
773 2666 834 2686 cum
849 2658 906 2693 ipsa
919 2666 985 2685 cou-

192 2705 350 2741 jungentem
382 2707 499 2741 aliquem
533 2711 647 2741 quaerat.
680 2705 772 2741 Neque
800 2713 864 2740 pars
894 2705 984 2739 aliqua

195 2756 291 2779 creata:
306 2756 411 2779 natura:
423 2752 538 2780 salutem
553 2753 591 2780 illi
607 2757 699 2787 posset
715 2752 812 2779 atlerre
832 2769 840 2783 ,
922 2758 984 2778 cum

244 2832 344 2861 ‘Joan.
362 2841 439 2863 xvut.
458 2835 483 2861 5.
520 2835 529 2850 ³
548 2834 641 2861 Matth.
656 2841 700 2864 xx.
714 2834 757 2861 28.

1031 2197 1071 2227 εἰς
1082 2196 1195 2232 ἄπειρον
1212 2196 1316 2231 ἐγίνετο
1333 2197 1349 2232 ὴ
1368 2197 1446 2232 χρεία
1457 2217 1463 2229 ,
1480 2198 1526 2228 καὶ
1542 2198 1616 2225 οὐδὲν
1633 2195 1714 2234 ἦττον
1738 2200 1764 2225 οἱ
1782 2199 1830 2226 ᾰνο

1035 2239 1137 2274 θρωποι
1153 2240 1247 2275 έμενον
1262 2240 1407 2266 ὑπεύθυνοι
1420 2260 1427 2271 ,
1445 2240 1614 2272 δουλεύοντες
1628 2242 1660 2276 τῇ
1684 2241 1829 2278 ἁμαρτία-

1034 2285 1079 2311 ἀεὶ
1093 2285 1122 2311 δὲ
1136 2285 1337 2321 ἁμαρτάνοντες
1347 2306 1353 2317 ,
1375 2286 1418 2312 ἀεὶ
1431 2286 1535 2312 ἐδέοντο
1547 2285 1594 2312 τοῦ
1609 2287 1831 2322 συγχωροῦντος,

1036 2332 1082 2358 καὶ
1095 2331 1222 2358 οὐδέποτε
1239 2332 1447 2368 ἠλευθεροῦντο,
1541 2333 1653 2368 ,σάρκες
1671 2332 1749 2365 ὄντες
1769 2335 1832 2362 καθ’

1036 2377 1165 2409 ἑαυτοὺς,
1189 2378 1236 2404 καὶ
1253 2378 1295 2404 ἀεὶ
1310 2377 1460 2413 ἡττώμενοι
1482 2377 1521 2413 τῷ
1538 2377 1612 2413 νόμῳ
1626 2377 1669 2405 διὰ
1682 2378 1733 2414 τὴν
1749 2380 1833 2407 ἀσθέ-

1035 2430 1108 2450 νειαν
1124 2422 1174 2457 τῆς
1187 2423 1299 2459 σαρκός.

1125 2522 1208 2549 Πάλιν
1223 2532 1251 2549 τε
1266 2524 1290 2549 εἰ
1304 2523 1407 2558 κτίσμα
1427 2521 1460 2559 ἦν
1479 2525 1492 2551 ὁ
1513 2524 1592 2557 Υἱὸς,
1621 2524 1718 2559 έμενεν
1742 2527 1757 2552 ὁ
1785 2527 1831 2553 ἄν-

1032 2569 1138 2604 θρωπος
1166 2569 1242 2595 οὐδὲν
1263 2567 1344 2604 ἦττον
1365 2569 1470 2604 θνητὸς,
1495 2571 1532 2605 μὴ
1558 2571 1765 2606 συναπτόμενος
1790 2573 1829 2607 τῷ

1031 2613 1090 2649 Θεῷ
1110 2621 1117 2629 '
1194 2615 1224 2641 οὺ
1248 2615 1301 2650 γὰρ
1315 2615 1418 2650 κτίσμα
1440 2617 1556 2651 συνῆπτε
1582 2617 1615 2643 τὰ
1632 2618 1774 2653 κτίσματα
1790 2620 1829 2654 τῷ

1031 2659 1104 2694 Θεῷ,
1119 2659 1215 2695 ζητοῦν
1230 2660 1275 2687 καὶ
1289 2661 1355 2687 αὐτὸ
1365 2661 1410 2687 τὸν
1425 2661 1593 2688 συνάπτοντα
1605 2671 1610 2677 ·
1622 2663 1681 2690 οὐδὲ
1698 2665 1729 2690 τὸ
1744 2665 1829 2701 μέρος

1031 2706 1079 2740 τῆς
1101 2706 1216 2737 κτίσεως
1234 2706 1354 2742 σωτηρία
1370 2707 1419 2742 τῆς
1435 2707 1550 2739 κτίσεως
1571 2708 1602 2734 ἂν
1618 2709 1660 2744 εἴη
1672 2730 1678 2741 ,
1698 2710 1828 2745 δεόμενον

1031 2751 1076 2779 καὶ
1089 2751 1153 2778 αὐτὸ
1166 2752 1311 2787 σωτηρίας.
1326 2753 1385 2780 ’Ίνα
1400 2751 1446 2780 οὖν
1463 2754 1529 2789 μηδὲ
1546 2754 1626 2781 τοῦτο
1691 2755 1826 2790 γένηται,
