1912 3078
67 164 111 199 401

543 162 733 192 PANOPLIA
761 162 991 194 DOGMATICA.
1009 174 1041 180 -
1058 161 1195 194 TlT.Xl.

1624 162 1677 195 402

60 220 154 254 πέμπει
169 218 214 246 τὺν
235 218 331 245 ἑαυτοῦ
356 217 436 250 Υίδν,
465 218 512 244 καὶ
536 218 639 252 γίνεται
657 217 713 249 υίὸς
731 217 836 253 ἀνθρώ-

900 223 949 250 psa
967 215 1054 243 salute
1068 223 1178 251 quoque
1201 215 1329 252 indigeat.
1352 216 1430 250 Quod
1454 223 1487 243 ne
1505 217 1590 249 ﬁeret,
1609 216 1680 243 Deus

60 274 120 296 που,
137 264 183 300 τὴν
208 263 317 299 κτιστὴν
345 263 434 298 σάρκα
459 262 565 290 λαϐών·
595 263 644 295 ἵν’,
662 263 756 298 ἐπειδὴ
770 264 838 290 πάν-

63 319 97 341 ιες
112 311 176 336 εἰσὶν
192 309 336 336 ὑπεύθυνοι
355 309 393 344 τῷ
411 309 517 344 Θανάτῳ
527 329 534 342 ,
552 308 632 341 ἄλλος
647 309 686 335 ὢν
701 309 755 335 τῶν
773 309 837 336 πάν-

59 365 121 388 των,
136 356 213 387 αὐτὸς
228 356 298 391 ὑπὲρ
313 355 422 382 πάντων
440 355 470 382 τὸ
491 355 556 382 ῐδιον
573 355 652 391 σῶμα
670 355 708 390 τῷ
729 355 835 390 Θανάτῳ

59 402 218 438 προσενέγκῃ
228 422 235 434 ,
258 401 305 428 καὶ
319 400 411 428 λοιπὸν
421 420 428 433 ,
443 401 480 433 ὡς
496 401 604 428 πάντων
621 401 653 428 δι’
670 401 752 428 αὐτοῦ
770 401 837 427 ἀπο-

59 446 191 479 θανόντων,
200 448 214 474 ὸ
227 447 276 482 μὲν
285 447 363 480 λόγος
373 447 422 482 τῆς
433 447 596 482 ἀποφάσεως
610 446 740 482 πληρωθῇ
761 446 839 482 (πάν-

57 502 97 524 τες
110 493 160 529 γὰρ
175 492 308 519 ἀπέθανον
325 493 354 519 ὲν
371 492 492 528 Χριστῷ)
502 502 509 510 ·
585 493 684 524 πάντες
696 492 724 519 δὲ
739 492 773 518 δι’
789 493 838 519 αὐ-

57 538 98 566 τοῦ
110 538 236 573 γένωνται
251 538 342 564 λοιπὸν
357 538 494 574 ἐλεύθεροι
509 537 558 573 μὲν
570 538 624 565 ἀπὸ
636 538 686 573 τῆς
703 538 838 574 ἁμαρτίας

57 584 155 618 καὶτῆς
165 584 199 610 δι’
213 583 298 620 αὐτὴν
309 583 443 619 κατάρας,
455 583 562 619 ἀληθῶς
571 583 600 610 δὲ
670 584 838 619 διαμείνωσιν

57 630 135 657 εἰσαεὶ
161 630 326 661 ἀναστάντες
352 631 385 656 ὲκ
413 629 534 665 νεκρῶν,
549 630 596 655 καὶ
623 629 772 656 ἀθανασίαν
791 629 839 656 καὶ

58 675 201 710 ἀφθαρσίαν
216 675 402 710 ἐνδυσάμενοι.
418 674 471 701 Τοῦ
488 674 543 710 γὰρ
553 674 639 708 Λόγου
656 674 838 710 ὲνδυσαμένου

57 721 100 756 τὴν
113 721 208 757 σάρκα,
217 721 309 752 καθὼς
320 720 449 752 πολλάκις
461 720 605 752 δέδεικται,
620 720 673 746 πᾶν
686 720 735 755 μὲν
746 720 838 756 δῆγμα

56 767 97 794 τοῦ
111 768 193 801 ὄφεως
207 767 240 794 δι’
258 766 319 793 ὅλου
335 765 534 792 κατεσϐέννυτο
550 765 597 791 ἀπ’
611 765 709 800 αὐτῆς·
727 765 791 792 εἴτι
806 766 838 792 ὲκ

57 814 103 841 τῶν
120 813 256 850 σαρκικῶν
271 812 427 848 κινημάτων
442 811 572 846 ἀνεφύετο
585 811 679 843 κακὸν,
696 810 838 843 ὲξεκόπτε-

57 868 98 892 το,
110 859 153 886 καὶ
167 860 344 895 συνανῃρεττο
405 857 510 889 τούτοις
526 857 540 883 ὁ
554 857 604 892 τῆς
623 856 761 892 ἁμαρτίας
775 856 839 883 ἀκό-

890 261 934 288 sui
949 261 1036 296 ipsius
1051 261 1151 289 Filium
1163 262 1249 295 misit,
1267 262 1314 297 qui
1335 263 1426 290 creata
1441 270 1523 290 carne
1540 267 1679 297 assumpta

891 306 980 335 factus
1004 312 1045 335 est
1072 307 1144 335 ﬁlius
1163 307 1292 341 hominis,
1314 312 1343 336 ut
1368 309 1499 343 quoniam
1524 316 1619 336 omnes
1643 309 1680 336 rei

888 356 984 379 essent
999 352 1107 386 mortis,
1124 352 1169 380 ille
1184 353 1230 388 qui
1247 353 1317 381 alius
1331 357 1375 380 est
1398 353 1433 380 ab
1455 353 1594 385 omnibus,
1618 361 1682 388 pro—

889 398 977 432 prium
994 405 1094 434 corpus
1109 407 1158 434 pro
1171 400 1299 426 omnibus
1317 399 1396 427 morti
1413 399 1533 432 oﬂ‘crret,
1549 405 1630 435 atque
1645 400 1682 426 ita

889 445 1019 472 omnibus
1036 445 1120 472 veluti
1134 453 1181 480 per
1197 446 1285 480 ipsum
1303 447 1431 479 mortuis,
1449 451 1475 473 et
1490 446 1624 474 sententia
1634 447 1682 474 ad-

889 499 998 518 \‘ersum
1033 500 1083 520 nos
1107 492 1161 520 lata
1185 492 1371 527 compleretur
1401 494 1516 528 (omnes
1547 493 1618 520 enim
1654 493 1681 519 in

889 537 998 565 Christo
1014 538 1115 566 mortui
1131 540 1220 573 sunt),
1241 544 1267 566 et
1282 546 1377 566 omnes
1396 539 1524 574 deinceps
1541 546 1556 565 a
1571 543 1682 574 peccato

889 586 916 608 et
935 582 1135 615 maledictione,
1154 591 1214 618 quze
1229 591 1261 610 ex
1280 592 1313 610 eo
1329 589 1421 610 secuta
1444 588 1495 617 est,
1518 591 1566 618 per
1592 584 1682 619 ipsum

889 627 987 654 ﬁerent
1005 627 1093 660 liberi,
1113 636 1229 663 vereque
1245 629 1271 655 in
1292 634 1453 663 perpetuum
1477 636 1681 664 permanerent,

890 673 1097 700 immortalitate
1122 679 1149 701 et
1162 675 1376 709 incorruptione,
1396 680 1541 710 postquam
1559 683 1684 704 resurre-

890 718 1004 751 xissent,
1019 720 1117 747 induti.
1135 719 1258 755 Namque
1274 725 1418 756 postquam
1438 722 1554 749 Verbum
1570 730 1682 750 carnem

889 765 989 798 induit,
1005 770 1034 793 ut
1045 774 1117 801 saepe
1131 766 1235 794 dictum
1249 770 1301 799 est,
1317 767 1351 793 ab
1361 775 1392 794 ea
1408 768 1560 795 exstinctus
1575 768 1684 803 penitus

889 817 931 839 est
943 812 1078 846 serpentis
1096 820 1216 844 morsus,
1234 818 1261 840 et
1276 811 1410 847 quidquid
1428 813 1494 840 mali
1509 813 1685 842 exoriebatur

889 865 921 885 ex
938 858 1032 885 carnis
1052 858 1182 891 motibus,
1202 858 1346 892 praecisum
1362 858 1474 885 omnino
1492 863 1543 892 est,
1558 867 1591 887 ac
1605 860 1684 887 deni-

58 904 140 936 λονῠος
152 904 276 936 θάνατος,
289 904 327 935 ὡς
344 903 424 934 αὐτὸς
435 904 449 930 ὁ
466 902 568 938 Κύριός
583 911 665 938 φησιν
675 911 681 917 ·
701 903 838 937 Ἔρχεται

898 911 941 939 {ue
956 904 1014 939 ipsa
1030 912 1104 932 mors
1120 905 1223 940 peccati
1239 912 1331 933 comes
1345 905 1397 933 fuit
1411 905 1492 933 simul
1511 906 1684 941 interempta,

59 953 72 978 ὁ
95 951 189 985 ἄρχων
211 949 266 976 τοῦ
285 949 402 984 κόσμου
419 949 540 980 τούτου,
561 948 612 976 καὶ
637 947 727 976 οὐδὲν
757 949 838 983 εὑρί-

59 1005 117 1023 σκει
170 996 205 1022 ἐν
216 995 293 1030 ἐμοί·
307 995 364 1027 καὶ,
376 995 426 1027 Εις
441 993 528 1020 τοῦτο
541 993 596 1029 γὰρ
609 993 790 1028 ἐφανερώθη,
801 993 838 1024 ὡς

59 1041 165 1076 ἔγραψεν
180 1041 194 1067 ό
214 1040 342 1076 Ἰωάννης
354 1061 361 1074 ,
383 1040 433 1067 ἵνα
445 1039 527 1073 λύσῃ
542 1039 578 1066 τὰ
589 1038 661 1075 ἔργα
677 1039 730 1066 τοῦ
745 1039 839 1066 διαϐό-

59 1089 116 1115 λου.
127 1087 230 1114 Τούτων
247 1087 276 1114 δὲ
340 1086 474 1113 λυθέντων
485 1086 540 1112 άπὸ
552 1086 600 1121 τῆς
614 1086 726 1122 σαρκὸς,
738 1087 839 1118 πάντες

59 1134 120 1160 οὕτω
146 1134 214 1161 κατὰ
231 1133 281 1169 τὴν
295 1132 452 1167 συγγένειαν
469 1132 519 1167 τῆς
536 1132 637 1168 σαρκὸς
651 1131 840 1168 ἠλευθερώθη-

61 1189 113 1216 μεν,
126 1182 169 1208 καὶ
177 1181 272 1207 λοιπὸν
287 1179 408 1215 συνήφθη
413 1188 462 1215 μεν
473 1180 521 1206 καὶ
534 1181 615 1215 ἡμεῖς
628 1180 667 1215 τῷ
675 1180 763 1216 Λόγῳ.
774 1180 840 1208 Συν-

61 1227 179 1261 ιιφθέντες
194 1228 222 1254 δὲ
237 1226 280 1262 τῷ
306 1226 365 1261 Θεῷ
376 1247 383 1259 ,
401 1225 491 1252 οὐκέτι
510 1226 558 1261 μὲν
574 1226 620 1252 ἐπὶ
638 1226 689 1261 γῆς
706 1226 840 1261 άπομένο-

62 1281 104 1307 μεν
117 1292 125 1305 ,
183 1273 240 1301 ἀλλ’
256 1273 293 1305 ὡς
308 1272 389 1304 αὐτὸς
402 1268 490 1305 εἶπεν,
504 1272 571 1298 ὅπου
589 1271 669 1304 αὐτὸς
680 1291 687 1304 ,
704 1271 750 1299 καὶ
760 1273 841 1308 ἡμεῖς

63 1318 175 1354 ἐσόμεθα.

321 1366 382 1392 Ἔτι
398 1367 442 1400 εἷς
452 1367 484 1392 τὸ
503 1367 587 1394 αὐτό.

104 1409 132 1436 El
143 1410 230 1437 τοίνυν
241 1412 273 1446 τῇ
289 1412 369 1447 σοφίᾳ
389 1413 405 1446 ἡ
420 1413 456 1447 γῆ
480 1412 686 1446 τεθεμελίωται,
703 1413 761 1446 πῶς
772 1414 787 1440 ὸ
800 1414 844 1441 Θεο

75 1453 164 1487 μελιῶν
176 1455 347 1489 θεμελιοῦται
359 1465 366 1488 ς
387 1457 466 1483 Ἀλλὰ
480 1458 671 1492 παροιμιωδῶς
684 1459 757 1485 ἐστιν
772 1460 847 1494 είρηο

73 1497 142 1530 μένον
150 1498 288 1526 καὶτοῦτο·
301 1500 347 1526 καὶ
354 1499 393 1526 δεῖ
402 1500 449 1527 καλ⁹
456 1500 549 1526 τούτου
555 1501 600 1526 τὸν
609 1501 670 1527 νοῦν
746 1501 846 1536 ζητεῖν,

889 954 919 976 ιιι
932 949 988 984 ipse
1007 949 1138 977 Dominus
1159 950 1315 984 hujusmodi
1337 951 1428 979 verbis
1447 951 1585 979 declarat:
1608 950 1684 979 Venit

889 995 1008 1030 princeps
1018 996 1096 1031 Intjus
1114 997 1216 1029 ntulidi,
1227 1002 1252 1024 et
1263 997 1329 1024 nihil
1343 998 1369 1024 in
1384 1006 1424 1024 me
1437 998 1545 1033 invenit
1563 1000 1582 1025 ί.
1593 999 1640 1025 Et:
1652 998 1685 1026 In

890 1041 938 1068 hac
954 1043 1024 1069 enim
1041 1044 1176 1078 apparuit,
1192 1044 1232 1071 uti
1243 1044 1353 1079 scripsit
1363 1043 1494 1078 Joannes,
1514 1049 1541 1071 ut
1557 1045 1686 1073 dissoluat

891 1096 968 1122 opera
983 1088 1084 1115 diaboli
1108 1093 1128 1116 '.
1144 1089 1192 1117 His
1209 1095 1302 1117 autem
1318 1098 1401 1118 carne
1421 1090 1573 1124 dissolutis,
1589 1099 1686 1119 omnes

890 1140 1000 1169 propter
1013 1135 1105 1163 carnis
1115 1136 1308 1170 cognationem
1323 1136 1432 1164 liberati
1445 1145 1553 1171 sumus,
1568 1137 1684 1173 jamque

891 1187 943 1207 nos
956 1180 1038 1207 etiam
1051 1188 1112 1208 cum
1134 1180 1223 1208 Verbo
1243 1182 1362 1216 copulati
1380 1182 1495 1210 fuimus.
1520 1182 1606 1210 Porro
1624 1191 1686 1210 cum

891 1225 948 1253 Deo
961 1226 1111 1260 conjuncti,
1128 1235 1182 1254 non
1200 1228 1318 1262 amplius
1333 1228 1360 1255 in
1380 1233 1452 1256 terra
1466 1229 1684 1261 remanebimus,

892 1272 951 1304 sed,
969 1277 999 1300 ιιι
1017 1273 1076 1308 ipse
1092 1272 1162 1301 dixit
1184 1273 1206 1305 ³,
1226 1273 1271 1301 ubi
1286 1273 1331 1301 ille
1354 1274 1416 1308 erit,
1433 1282 1483 1303 nos
1497 1282 1606 1310 quoque
1631 1275 1687 1305 eri.-

891 1325 964 1346 mus.

1152 1367 1185 1393 In
1204 1365 1322 1393 eumdem
1340 1367 1436 1393 locum.

935 1414 962 1442 Si
995 1413 1075 1449 igitur
1105 1411 1238 1446 sapientia
1271 1416 1369 1437 terram
1396 1409 1528 1440 fundavit,
1550 1409 1597 1443 qui
1625 1407 1682 1435 ﬁcti

899 1463 986 1493 potest
1013 1463 1041 1485 ut
1073 1457 1096 1485 is
1125 1457 1171 1492 qui
1201 1456 1312 1487 fundat,
1344 1455 1494 1482 l'undetur?
1522 1454 1621 1481 Verum
1657 1453 1683 1480 id

899 1499 979 1526 etiam
995 1499 1130 1534 proverbii
1155 1499 1242 1526 instar
1263 1499 1366 1526 uictum
1393 1503 1451 1532 est,
1468 1499 1581 1534 ejusque
1605 1500 1683 1528 nobis

73 1541 109 1568 ἶνα
124 1543 308 1579 γινώσκιιιμεν,
327 1545 368 1571 ὅτι
382 1547 414 1580 τῇ
430 1545 477 1580 μὲν
492 1546 572 1580 σοφίᾳ
585 1546 598 1572 ὁ
613 1546 708 1582 Πατὴρ
722 1547 843 1582 δημιουρ

899 1545 1043 1580 (ιιιτιει-ιιιιιίθ
1061 1539 1221 1579 signiﬁcatio
1237 1551 1280 1573 cst
1292 1565 1299 1577 ,
1318 1549 1348 1573 ut
1363 1553 1561 1580 cognoscamus
1574 1545 1682 1573 Patrem

71 1588 116 1619 γεί,
128 1588 170 1614 καὶ
183 1588 302 1623 Θεμελιοῖ
313 1589 362 1624 τὴν
372 1589 423 1623 γῆν
434 1590 473 1621 εἰς
486 1590 516 1616 τὸ
526 1586 594 1616 εἶναι
607 1590 718 1625 ἑδραίαν
731 1591 778 1617 καὶ
790 1591 848 1618 δια-

73 1633 153 1665 μένειν
168 1633 252 1669 αὑτήν
264 1642 270 1648 ·
286 1634 355 1670 αὑτὴ
369 1634 397 1660 δὲ
417 1636 433 1670 ἡ
457 1635 536 1669 σοφία
549 1635 721 1671 ἐθεμελιοῦτο
809 1638 849 1669 είς

72 1678 145 1711 ἡμεῖς,
157 1679 198 1706 ἵνα
209 1680 280 1715 ἀρχὴ
288 1680 334 1706 καὶ
342 1679 464 1714 θεμέλιος
476 1681 525 1715 τῆς
536 1681 632 1717 καινῆς
643 1682 721 1717 ἡμῶν
734 1683 848 1715 κτίσεως

73 1724 113 1749 καὶ
128 1724 319 1756 ἁναχαινίσεως
336 1725 457 1760 γένηται.
487 1726 543 1752 Οὐκ
559 1726 652 1762 είρηκε
666 1727 731 1761 γοῦν
746 1727 806 1753 οὐδὲ
821 1728 849 1755 ὲν

74 1768 166 1801 τούτοις
180 1789 188 1801 ,
257 1770 313 1806 Πρὸ
327 1770 374 1796 τοῦ
384 1770 480 1802 αἰῶνος
491 1771 601 1807 Λόγονῆ
613 1771 676 1798 Υῑόν
692 1780 725 1807 με
734 1771 849 1808 πεποίη-

75 1822 131 1844 κεν,
146 1815 186 1841 ἵνα
203 1815 240 1850 μὴ
253 1815 291 1847 ὡς
308 1816 394 1851 ἀρχὴν
406 1816 454 1851 ἔχῃ
468 1816 515 1843 τοῦ
531 1817 679 1844 ποιεῖσθαι·
704 1817 783 1844 τοῦτο
795 1817 850 1854 γὰρ

75 1860 120 1895 πρὸ
133 1861 236 1888 πάντων
247 1863 288 1888 δεῖ
302 1862 402 1898 ζητεῖν,
418 1864 442 1889 εἰ
458 1863 521 1895 Υἱός
534 1864 601 1894 ἐστι,
617 1863 664 1890 καὶ
678 1864 742 1900 περὶ
753 1863 848 1892 τούτου

73 1903 115 1935 τὶς
131 1905 236 1940 Γραφὰς
253 1907 465 1942 προηγουμένως
481 1908 602 1944 ἐρευνᾷν.
625 1908 710 1936 Τοῦτο
795 1909 848 1945 γὰρ

73 1950 113 1977 x11
119 1951 169 1978 τῶν
177 1952 332 1979 ἀποστόλων
346 1953 535 1988 ἐρωτηθέντων
544 1955 558 1980 ὁ
569 1954 670 1990 Πέτρος
686 1955 850 1990 ἀπεκρίνατο

72 1995 148 2029 Λέγων
156 2005 163 2014 ο
174 1998 215 2025 Σὺ
230 1996 258 2025 εἷ
270 1999 286 2025 ό
302 1998 438 2033 Χριστὸς,
455 2000 471 2026 ὁ
488 1999 553 2032 Υὶός
565 1999 617 2027 τοῦ
629 2000 702 2027 Θεοῦ
717 2000 770 2027 τοῦ
781 2000 849 2031 ζῶν-

73 2049 116 2073 τος
130 2050 138 2057 ·
218 2044 298 2070 τοῦτο
315 2044 369 2079 γὰρ
386 2045 432 2071 καὶ
446 2045 460 2071 ὁ
476 2046 567 2081 πατὴρ
580 2046 629 2080 τῆς
651 2045 793 2082 Ἀρειανῆς
809 2047 848 2074 αι-

75 2086 164 2119 ρέσεως
175 2088 203 2115 ὲν
218 2089 337 2125 πρώτοις
348 2089 499 2125 ἠρώτησεν,
522 2091 556 2117 El
574 2091 639 2124 Υιὸς
652 2089 679 2117 εί
689 2091 742 2118 τοῦ
763 2091 846 2119 Θεοῦ.

899 1591 1032 1626 sapientia
1049 1597 1142 1618 creare
1159 1594 1186 1618 et
1200 1590 1315 1618 fundare
1329 1594 1426 1618 terram
1436 1611 1442 1623 ,
1460 1594 1490 1617 ut
1503 1590 1579 1617 ﬁrma
1591 1595 1617 1618 et
1628 1595 1684 1617 sta-

900 1636 962 1664 bilis
991 1641 1148 1671 pcrmaneat
1177 1645 1183 1663 :
1216 1636 1302 1670 ipsam
1329 1643 1392 1663 vero
1417 1636 1575 1670 sapientiam
1597 1637 1684 1665 nostri

900 1690 982 1710 causa
993 1689 1055 1710 esse
1066 1682 1217 1714 fundatam,
1229 1686 1259 1708 ut
1271 1681 1394 1708 videlicet
1407 1686 1506 1708 nostrae
1518 1689 1594 1708 novae
1607 1689 1685 1708 crea-

900 1726 982 1753 tionis
1007 1730 1034 1753 ct
1056 1726 1242 1753 renovationis
1265 1725 1428 1760 principium
1446 1725 1521 1752 ﬁeret
1536 1730 1564 1752 et
1589 1725 1685 1752 l‘umla—

900 1776 1031 1798 mentum.
1048 1770 1116 1798 Hinc
1127 1779 1177 1798 nec
1194 1778 1226 1798 eo
1242 1771 1268 1797 in
1284 1771 1345 1798 loco
1361 1771 1416 1797 ait:
1434 1770 1502 1797 Ante
1520 1778 1606 1797 savum
1623 1770 1685 1797 Ver-

900 1816 964 1844 bum
979 1816 1021 1844 vel
1040 1815 1140 1843 Filium
1164 1824 1207 1843 me
1231 1816 1311 1848 fecit,
1329 1824 1362 1843 ne
1381 1816 1459 1850 quasi
1486 1816 1610 1849 initium,
1631 1824 1685 1851 quo

900 1861 958 1889 ﬂeri
969 1862 1112 1897 coepisset,
1132 1862 1232 1889 habere
1245 1861 1409 1889 crederetur.
1430 1861 1552 1897 Namque
1575 1862 1602 1889 id
1622 1867 1684 1889 ante

900 1906 991 1934 omnia
1007 1907 1184 1942 quaerendum
1200 1911 1259 1941 est,
1273 1907 1297 1935 si
1322 1915 1419 1942 nempe
1442 1906 1526 1935 Filius
1551 1907 1608 1942 ipse
1624 1913 1682 1938 est.

900 1960 986 1987 eaque
1002 1953 1036 1980 de
1048 1960 1076 1979 re
1092 1952 1239 1987 Scriptura:
1254 1956 1318 1980 sunt
1328 1952 1462 1987 praecipue
1478 1953 1640 1979 scrutanda.
1656 1952 1686 1981 Id

901 1997 972 2023 enim
988 2005 1049 2024 cum
1070 1997 1305 2031 interrogarentur
1320 2000 1348 2024 et
1370 1997 1421 2031 ipsi
1437 1996 1569 2031 apostoli,
1586 1996 1685 2024 Petrus

900 2043 935 2069 ita
947 2043 1100 2077 respondit:
1117 2042 1156 2069 Tu
1171 2051 1196 2070 es
1213 2042 1344 2075 Christus,
1359 2041 1447 2069 Filius
1464 2042 1513 2069 Dei
1530 2042 1636 2069 viventis
1660 2044 1681 2067 ⁵.

899 2085 972 2114 Idem
1000 2095 1064 2114 vero
1092 2091 1119 2114 et
1145 2087 1203 2122 ipse
1217 2091 1293 2122 pater
1317 2087 1425 2114 Arianae
1444 2087 1555 2114 lueresis
1579 2087 1606 2113 in
1630 2087 1684 2121 pri-

75 2132 142 2168 ᾘδει
156 2135 207 2171 γὰρ
217 2155 224 2167 ,
240 2135 281 2162 ὅτι
293 2136 370 2162 τοῦτό
384 2137 458 2164 ἐστιν
472 2138 487 2172 ἡ
501 2137 611 2173 ἀλήθεια
625 2156 637 2175 ,_
657 2137 743 2166 καὶτὸ
756 2137 843 2172 κύριοι

899 2134 951 2161 mis
965 2137 1159 2168 percunctatus
1174 2137 1231 2166 est,
1243 2133 1273 2161 Si
1288 2133 1376 2160 Filius
1390 2133 1439 2160 Dei
1455 2142 1481 2160 es
1510 2134 1530 2160 '.
1543 2132 1600 2160 Hoc
1612 2133 1683 2160 enim

73 2177 115 2213 τῆς
125 2180 238 2213 πίστεως
247 2181 325 2216 ἡμῶν
333 2190 339 2196 “
350 2182 396 2208 καὶ
403 2183 454 2215 ὅτι,
464 2182 510 2208 ἐὰν
521 2182 570 2217 μὲν
579 2182 659 2214 αὐτὸς
669 2180 705 2220 ᾕὸ
763 2181 826 2214 Υἱὸς
839 2203 845 2215 ,

73 2222 140 2255 τέλος
152 2225 204 2257 ἔξει
217 2227 233 2262 ἡ
246 2226 386 2263 διαϐολικὴ
400 2228 539 2264 τυραννίς’
553 2228 600 2255 ἐὰν
612 2229 639 2255 δὲ
652 2228 753 2264 κτίσμα
765 2226 794 2265 ᾖ,
809 2227 849 2261 εἷς

74 2266 125 2294 hu
138 2271 181 2297 καὶ
200 2271 281 2303 αὐτὸς
302 2271 356 2298 τῶν
372 2273 404 2299 ὲκ
425 2272 471 2299 τοῦ
499 2272 584 2308 Ἀδὰμ
595 2273 641 2300 τοῦ
664 2274 849 2309 ἀπατηθέντος

75 2315 133 2347 παρ’
147 2315 227 2342 αὑτοῦ
241 2335 249 2349 ,
339 2317 386 2343 καὶ
401 2318 511 2354 οὐδεμία
528 2319 636 2354 φροντὶς
654 2317 688 2354 ἦν
703 2319 785 2355 αὐτῷ.
800 2320 849 2346 Διὰ

75 2358 143 2385 τοῦτο
155 2361 200 2387 καὶ
213 2362 237 2387 οἱ
252 2361 312 2388 τότε
327 2362 446 2390 Ἰουδαῖοι
460 2365 641 2398 ἠγανάκτουν,
656 2365 695 2391 ὅτι
718 2366 732 2391 ὁ
746 2366 848 2402 Κύριος

75 2401 131 2428 Υίὸν
139 2403 202 2431 Θεοῦ
215 2406 310 2433 ἑαυτὸν
321 2407 368 2434 καὶ
383 2407 493 2443 Πατέρα
504 2409 568 2435 ἴδιον
580 2409 672 2444 ἔλεγεν
753 2401 848 2437 ἑαυτοῦ

75 2444 136 2474 εἶναι
149 2450 192 2476 τὸν
206 2451 281 2479 Θεόν.
298 2453 329 2479 El
343 2453 397 2489 γὰρ
414 2451 448 2490 ἦν
458 2454 552 2481 ἑαυτὸν
568 2454 616 2480 ἕνα
627 2454 679 2481 τῶν
692 2455 848 2490 κτισμάτων

75 2492 181 2528 εἰρηκὼς
191 2516 198 2528 ,
217 2496 233 2532 ἢ
247 2498 286 2524 ὅτι
298 2499 409 2534 Ποίημά
423 2500 480 2534 είμι
491 2519 498 2531 ,
514 2500 563 2526 οὐκ
577 2499 849 2534 ὲξενίζοντο-άκούον-

75 2546 129 2570 τίς,
145 2542 202 2568 οὐδὲ
220 2543 394 2580 βλασφημίαν
408 2545 531 2580 ἐνόμιζον
547 2545 582 2573 τά
597 2545 707 2572 τοιαῦτα
727 2547 846 2582 ῥήματα,

75 2583 164 2618 εἰδότες
181 2589 227 2615 καὶ
242 2589 364 2624 ἀγγέλων
379 2591 526 2627 ἐπιδημίαν
539 2592 687 2627 γενομένην
703 2592 770 2627 πρὸς
785 2592 847 2624 τοὺς

76 2630 186 2665 πατέρας
196 2642 202 2648 ·
216 2634 271 2660 ἀλλ’
284 2635 377 2670 ἐπειδὴ
394 2636 456 2662 Υίδν
468 2636 564 2663 ἑαυτὸν
581 2637 672 2671 ἔλεγεν
684 2657 692 2671 ,
769 2636 848 2663 ἐθεώ-

78 2681 134 2708 ρουν
150 2676 185 2712 μὴ
196 2677 341 2713 κτίσματος
356 2677 426 2706 εἶναι
440 2685 471 2706 το
482 2679 602 2707 τοιοῦτον
612 2679 767 2716 γνώρισμά,
780 2680 848 2709 ἀλλὰ

78 2718 192 2757 θιότητος
205 2724 250 2751 καὶ
264 2724 371 2760 φύσεως
386 2726 534 2762 πατρικῆς.

112 2853 118 2869 ¹
133 2853 208 2885 10211.
225 2866 279 2891 xw,
291 2859 335 2887 50.
374 2860 384 2876 ¹
396 2860 405 2887 l
419 2859 499 2889 Joan.
515 2870 555 2895 ιιι,
573 2862 598 2889 8.
638 2863 648 2879 ³
663 2862 741 2891 Joan.
759 2872 814 2896 xtv,
831 2865 857 2891 5.

899 2180 1042 2206 veritatem
1057 2184 1083 2206 et
1099 2180 1265 2214 praecipuum
1281 2183 1381 2206 nostra:
1396 2179 1457 2206 ﬁdei
1478 2178 1682 2207 fundamentum

899 2233 960 2252 esse
975 2233 1030 2252 non
1047 2225 1208 2260 ignorabat,
1225 2229 1268 2257 et,
1287 2225 1311 2252 si
1327 2225 1384 2259 ipse
1401 2230 1473 2252 esset
1489 2224 1586 2257 Filius,
1603 2224 1683 2251 linem

900 2270 1053 2297 habituram
1069 2278 1131 2298 esse
1146 2270 1308 2297 diabolicam
1326 2270 1496 2306 tyrannidem
1514 2279 1521 2298 :
1536 2272 1578 2298 sin
1594 2275 1684 2299 autem

900 2321 1008 2344 creatus
1028 2321 1120 2350 esset,
1139 2324 1223 2344 unum
1253 2323 1362 2351 quoque
1388 2323 1450 2342 eum
1478 2324 1539 2344 esse
1559 2324 1591 2344 ex
1620 2317 1685 2344 Adae

900 2363 1017 2397 posteris
1037 2370 1118 2397 quem
1135 2362 1201 2389 olim
1213 2362 1337 2396 decepit,
1359 2361 1527 2396 proindeque
1546 2361 1612 2389 nihil
1634 2362 1685 2389 hoc

901 2409 1051 2435 curandum
1063 2415 1133 2435 esse.
1144 2407 1181 2434 Ea
1194 2407 1319 2434 similiter
1330 2407 1363 2434 de
1375 2415 1458 2434 causa
1466 2407 1552 2434 Judaei
1563 2408 1686 2443 indigna-

899 2453 999 2480 bantur
1010 2473 1017 2484 ,
1035 2453 1108 2488 quod
1121 2453 1253 2480 Dominus
1269 2460 1298 2480 se
1312 2452 1411 2480 Filium
1425 2452 1471 2480 Dei
1482 2473 1489 2485 ,
1501 2457 1528 2480 et
1540 2453 1623 2480 Deum
1642 2454 1686 2480 sui

900 2499 1040 2534 proprium
1058 2498 1164 2526 Patrem
1178 2499 1290 2526 diceret.
1308 2498 1376 2526 Nam
1392 2499 1414 2526 si
1433 2506 1462 2526 se
1479 2507 1561 2526 unam
1578 2507 1593 2526 e
1609 2507 1685 2526 crea-

901 2545 934 2572 tis
946 2544 1027 2572 rebus
1041 2544 1081 2571 vel
1096 2544 1196 2572 l’actum
1212 2552 1271 2572 esse
1295 2545 1424 2577 dixisset,
1453 2545 1521 2572 nihil
1549 2545 1610 2572 illos
1625 2553 1685 2579 per-

901 2591 1057 2617 turbassent
1075 2590 1341 2625 hujusmodiverba.
1358 2597 1407 2617 nec
1433 2590 1516 2625 impia
1533 2597 1592 2618 esse
1616 2591 1685 2625 judi-

900 2641 1022 2669 cassent,
1041 2639 1136 2670 utpote
1152 2635 1251 2672 quibus
1266 2643 1320 2663 non
1334 2635 1433 2662 latebat
1444 2635 1556 2670 angelos
1573 2635 1638 2662 olim
1650 2634 1684 2661 ad

899 2689 965 2710 suos
977 2685 1068 2716 patres
1084 2679 1242 2708 accessisse.
1258 2679 1357 2707 Verum
1372 2680 1435 2715 quia
1451 2687 1480 2706 se
1495 2679 1594 2707 Filium
1607 2679 1682 2706 dice-

900 2727 956 2759 bal,
978 2727 1002 2753 id
1022 2734 1074 2753 non
1092 2726 1131 2752 rei
1154 2730 1262 2758 creatae,
1279 2725 1326 2753 sed
1342 2725 1492 2753 divinitatis
1519 2732 1550 2752 ac
1566 2729 1684 2760 paternas

901 2778 1005 2799 naturae
1022 2777 1112 2798 notam
1130 2778 1190 2799 esse
1205 2771 1413 2806 perspiciebant.

896 2865 906 2880 ⁸
925 2864 1018 2891 Μιιιειι.
1037 2872 1092 2895 xw,
1115 2864 1156 2890 l6.
1195 2865 1205 2880 ⁵
1223 2864 1316 2892 Matth.
1338 2872 1374 2895 IV.
1390 2865 1416 2892 6.
