1902 3078
222 151 276 183 463

219 258 323 289 patrem
332 252 482 284 diabolum,
491 251 611 287 quidque
623 252 661 278 rei
670 256 741 278 esset
753 250 899 286 inquirere,
912 251 949 278 ita
967 256 1006 282 ut.

219 300 243 327 si
259 299 372 327 dixisset
383 298 503 333 quidem,
525 296 638 324 Verbum
653 297 694 324 vel
710 296 808 323 Filium
821 304 863 323 me
873 296 1006 329 fundavit,

219 345 291 372 idem
310 344 441 372 sentirent
458 347 540 377 atque
552 351 625 370 nunc
634 343 756 370 sentiunt
768 353 774 369 :
788 348 814 369 at
832 343 855 369 si
878 350 932 369 non
950 343 1007 369 haec

219 390 279 425 ejus
295 393 388 417 essent
400 389 482 417 verba
494 409 502 422 ,
519 397 550 416 ea
567 397 676 424 quoque
688 396 749 423 qure
770 396 823 415 non
841 393 932 416 essent
951 396 1005 415 non

219 434 502 462 comminiscerentur.
529 434 585 461 Nec
610 434 682 461 enim
709 434 793 467 dixit,
820 433 890 460 Aute
919 441 1006 460 atrum

218 480 340 508 Verbum
358 480 399 508 vel
418 479 517 507 Filium
535 487 578 507 me
589 479 730 512 fundavit,
748 479 795 507 sed
813 483 929 511 tantum,
946 479 1007 513 {un-

219 528 358 560 davitme,
388 531 417 554 ut
438 526 568 553 nimirum
597 526 746 557 indicaret,
773 525 1005 560 quemadmodum

217 573 273 607 jam
283 571 442 602 observavi,
453 578 506 597 non
522 576 630 605 propter
646 579 686 603 se,
703 570 748 597 sed
763 575 872 605 propter
886 571 946 597 illos
959 570 1006 604 qui

219 625 301 652 super
315 617 404 652 ipsum
415 616 583 643 aedificantur
594 637 601 648 ,
616 616 683 649 lucc,
700 616 837 650 proverbii
851 616 946 649 instar,
966 616 1006 644 lo-

218 668 310 690 culum
326 669 396 690 esse.
415 661 443 688 Id
455 661 555 696 optime
579 661 745 696 intelligebat
773 661 918 696 Apostolus
943 669 1005 688 cum

217 708 254 735 ita
269 707 379 743 scripsit
399 716 405 734 :
430 706 642 733 Fundamentum
662 705 739 732 aliud
766 714 840 732 nemo
860 710 942 740 potest
959 713 1005 740 p0-

218 761 296 785 nere,
311 756 408 788 preter
428 752 454 779 id
473 752 541 787 quod
558 752 672 787 positum
695 756 750 784 est,
770 751 839 786 quod
866 757 902 778 est
926 750 1004 777 Iesus
1021 743 1042 773 Β

217 798 348 826 Christus.
375 797 556 832 Unusquisque
579 801 667 823 autem
700 796 784 823 videat
807 796 936 831 quomodo
957 804 1003 822 su-

216 842 376 880 peradiﬁcet
402 844 422 870 ¹.
438 842 524 869 Porro
546 849 657 869 necesse
674 846 714 869 cst
738 847 767 868 ut
780 842 832 868 tale
854 843 889 869 sit
905 841 1002 868 funda-

217 894 339 916 mentum
351 888 442 924 qualia
454 893 517 914 sunt
534 895 595 922 quae
610 894 693 922 super
707 887 796 922 ipsum
814 888 984 915 mditicantur
994 907 1001 918 ,

216 941 248 962 ut
261 935 332 962 inter
346 941 375 962 se
396 934 503 969 possint
519 937 579 968 apte
601 941 761 968 congruere.
780 933 860 968 Atqui
881 938 909 960 ut
935 933 1002 960 Ver-

216 981 302 1014 bum,
317 980 401 1012 tales,
413 980 501 1015 qualis
624 983 651 1007 et
673 979 730 1014 ipse
750 983 792 1006 est
803 999 809 1009 ,
834 979 880 1013 qui
910 986 1002 1006 secum

217 1025 381 1054 conveniant
399 1025 497 1052 habere
524 1032 577 1051 non
599 1029 708 1060 potest,
737 1024 856 1059 quippe,
881 1032 942 1051 cum
968 1024 1003 1051 sit

216 1070 382 1107 unigenitus.
401 1071 435 1096 At
449 1068 538 1097 factus
552 1070 634 1096 homo
648 1069 751 1097 similes
772 1070 870 1100 habet,
883 1077 1001 1104 quorum

216 1117 342 1145 videlicet
358 1115 473 1144 similem
491 1123 601 1142 carnem
614 1114 774 1149 assumpsit.
791 1114 885 1149 Itaque
902 1123 1001 1142 secuti-

216 1164 280 1192 dum
299 1167 423 1190 naturam
443 1162 591 1189 humanam
606 1160 753 1194 fundatur,
775 1165 804 1188 ut
825 1165 851 1188 et
867 1168 917 1188 nos
940 1167 1002 1187 tan-

216 1215 297 1243 quam
310 1207 413 1242 lapides
426 1206 535 1241 pretiosi
552 1213 632 1241 super
647 1206 737 1240 ipsum
762 1206 889 1233 mdilicari
911 1205 1001 1240 possi-

216 1261 279 1281 mus
291 1274 299 1286 ,
311 1257 338 1280 et
352 1252 483 1287 templum
499 1252 647 1279 efﬁciamur
659 1252 744 1279 sancti
765 1252 885 1287 Spiritus
906 1252 933 1279 in
953 1259 1002 1279 no-

215 1299 258 1326 bis
273 1298 431 1325 habitantis.
445 1297 577 1324 C'eterum
594 1302 622 1324 ut
633 1297 691 1332 ipse
713 1297 920 1325 fundamentum
940 1301 982 1324 est
993 1318 1001 1331 ,

215 1353 267 1372 nos
282 1349 373 1372 autem
387 1352 483 1372 sumus
502 1344 548 1379 qui
563 1352 645 1379 super
661 1344 749 1378 ipsum
761 1344 930 1371 :edilicamur
944 1353 950 1370 :
965 1344 1001 1370 ita

214 1390 379 1418 etiam’idem
393 1389 451 1424 ipse
468 1390 530 1416 vitis
547 1393 602 1420 est,
625 1397 674 1416 nos
691 1393 781 1416 autem
804 1389 887 1416 veluti
903 1389 1002 1423 palmi-

216 1441 256 1464 tes
270 1436 453 1468 cohaerentes,
472 1442 526 1462 non
546 1434 655 1469 quidem
675 1435 826 1462 secundum
852 1435 1000 1463 divinitatis

214 1485 341 1508 naturam
354 1501 361 1513 ,
379 1487 440 1506 nam
458 1480 510 1506 hoc
522 1479 579 1505 fieri
592 1479 702 1514 nequit,
723 1479 769 1507 sed
782 1479 930 1506 secundum
950 1488 1000 1507 na-

216 1531 305 1554 turam
320 1525 468 1553 humanam
493 1526 614 1558 (necesse
643 1526 716 1552 enim
743 1529 785 1553 est
810 1526 873 1553 vitis
898 1525 1001 1553 similes

214 1579 276 1599 esse
288 1570 435 1606 palmites),
451 1570 514 1605 quia
531 1578 581 1597 nos
597 1571 701 1598 scilicet
716 1571 864 1598 secundum
892 1579 1000 1598 carnem

215 1617 320 1644 similes
334 1616 406 1643 illius
419 1623 525 1643 sumus.
541 1615 677 1648 Quoniam
705 1623 771 1643 vero
797 1616 917 1643 lncrctici
934 1616 1001 1643 nihil

214 1663 268 1690 nisi
285 1663 433 1690 humanum
449 1661 573 1696 sapiunt,
590 1662 660 1688 haud
675 1661 724 1688 abs
739 1669 767 1688 re
783 1661 866 1689 fuerit
882 1669 929 1689 eos
952 1662 1003 1688 hu-

215 1708 304 1735 manis
321 1708 454 1742 exemplis
469 1707 564 1734 eodem
578 1714 609 1734 ex
637 1707 697 1734 loco
712 1707 878 1742 depromptis
907 1707 1003 1734 confu-

214 1759 283 1781 tare.
303 1753 396 1788 ltaque
409 1760 462 1780 non
481 1753 559 1785 dixit,
573 1752 789 1780 Fundamentum
806 1760 850 1780 me
872 1752 950 1785 fecit,
970 1761 1003 1780 ne

213 1799 277 1826 inde
290 1807 351 1826 eum
368 1807 424 1826 rem
442 1798 540 1825 factam
557 1806 618 1826 esse
640 1803 721 1834 atque
735 1804 813 1827 ortus
836 1799 998 1834 principium

213 1845 343 1873 habuisse
367 1845 497 1880 suspicati
514 1845 645 1877 limrctici,
664 1845 811 1881 impietatis
832 1846 1000 1873 stabiliendae

213 1889 386 1916 occasionem
402 1887 571 1922 impudenter
583 1888 749 1922 arriperent;
766 1888 811 1916 sed
824 1888 892 1915 dixit
905 1897 912 1915 :
925 1888 998 1915 Fun—

218 1934 290 1961 davit
308 1941 358 1959 me.
376 1931 460 1958 Porro
486 1933 556 1966 quod
585 1932 729 1965 fundatur,
761 1934 894 1968 lapidibus
918 1941 999 1968 super

218 1979 308 2013 ipsum
325 1977 452 2011 pt‘ojcctis
467 1976 611 2009 fundatur,
630 1978 701 2013 quod
715 1978 825 2013 quidem
837 1985 890 2005 non
902 1979 999 2013 quovis

217 2021 300 2049 modo
317 2020 455 2055 perficitur
465 2041 472 2052 ,
486 2020 532 2048 sed
545 2029 604 2048 cum
622 2021 689 2056 lapis
703 2030 717 2048 e
732 2027 824 2048 monte
841 2023 999 2055 translatus,

218 2067 247 2094 in
268 2066 330 2093 imis
346 2065 423 2092 terris
440 2065 597 2092 collocatur.
612 2065 678 2093 Nam
692 2067 811 2101 quandiu
828 2067 897 2102 lapis
919 2067 999 2094 estin
1014 2068 1035 2095 D

217 2115 326 2143 monte,
345 2111 465 2138 nondum
483 2112 586 2146 positus
597 2116 637 2139 est
654 2113 680 2138 in
695 2112 913 2140 fundamentum.
931 2112 999 2139 Cum

217 2164 283 2184 vero
297 2156 422 2191 exigente
443 2163 542 2189 causa,
568 2158 715 2185 translatus
739 2157 838 2189 fuerit,
865 2163 896 2191 et
923 2163 1000 2186 terra:

215 2200 350 2237 profundo
362 2206 519 2236 coopertus,
539 2207 602 2230 tunc
618 2203 641 2230 si
658 2211 709 2230 vox
719 2204 800 2238 lapidi
812 2190 931 2236 daretur,
943 2204 1000 2231 haec

217 2245 311 2284 utique
326 2252 417 2281 posset
429 2247 535 2274 dicere:
550 2247 601 2280 Qui
618 2255 661 2275 me
679 2248 731 2276 lnlc
747 2249 906 2280 Itranstulit,
929 2256 1001 2275 nunc

216 2290 340 2317 fundavit
353 2298 404 2317 me.
421 2291 505 2325 Igitur
517 2291 574 2325 ipse
587 2299 697 2326 quoque
710 2292 856 2326 Dominus,
872 2301 925 2320 non
936 2297 1001 2320 tunc

215 2343 276 2362 esse
299 2335 396 2369 cwpit,
421 2344 482 2363 cum
511 2335 639 2364 fundatus
669 2342 710 2364 est
736 2337 890 2373 (siquidem
923 2341 1001 2364 antea

214 2384 274 2408 erat
290 2379 440 2415 Verbum),
458 2381 504 2409 sed
519 2387 664 2417 postquam
681 2387 806 2410 nostrum
825 2383 913 2410 induit
940 2390 1000 2410 cor-

215 2433 266 2461 pus
279 2445 286 2458 ,
301 2426 374 2461 quod
390 2435 423 2454 ex
433 2427 518 2454 Maria
536 2427 673 2455 desectum
689 2428 809 2463 accepit,
834 2432 898 2456 tunc
915 2427 998 2461 dixit,

215 2471 349 2500 Fttndavit
375 2482 414 2500 me
430 2482 439 2500 :
459 2474 530 2508 quod
548 2474 617 2501 idem
638 2479 680 2502 est
704 2482 736 2502 ac
759 2475 782 2502 si
797 2475 897 2502 diceret
915 2484 920 2501 :
937 2474 977 2501 ille
991 2494 998 2506 ,

213 2517 260 2552 qui
277 2525 336 2545 sum
354 2518 472 2545 Verbum
491 2528 497 2545 :
515 2523 622 2546 terreno
645 2527 759 2554 corpore
787 2519 936 2554 cooperuit.
954 2518 999 2545 Sic

821 151 871 181 EU
880 151 1013 180 l‘llYMll
1045 148 1225 179 ZlGABENl

317 207 370 234 Par
389 207 483 241 itaque
494 210 551 233 erat
564 205 681 232 Arianos
697 204 792 232 saltem
805 213 885 232 suum
907 205 1007 232 imitari
1022 206 1046 234 Δ

1790 147 1838 178 iiii

1155 204 1228 230 Ἔδει
1240 203 1329 230 τοίνυν
1344 203 1406 235 τοὺς
1429 204 1598 238 Ἀρειανους,
1620 203 1670 230 κᾶν
1683 203 1726 230 τὸν
1739 205 1841 240 πατέρα

1059 249 1161 276 ἑαυτῶν
1176 249 1221 276 τὸν
1235 249 1356 275 διάϐολον
1379 249 1562 284 μιμουμένους
1575 269 1582 281 ,
1598 249 1842 284 περιεργάζεσθαι·

1058 295 1105 322 καὶ
1119 295 1143 321 εί
1162 295 1211 330 μὲν
1226 295 1320 330 εἴρηκε
1330 314 1338 326 ,
1353 294 1464 329 Λόγονῆ
1479 294 1540 321 Υἱόν
1558 302 1590 329 με
1673 294 1843 329 ὲθεμελίωσε,

1059 341 1184 376 φρονεῖν,
1211 340 1248 371 ὡς
1264 339 1407 375 φρονοῦσιν
1423 348 1430 355 ⁸
1453 340 1476 366 εἰ
1498 339 1527 366 δὲ
1551 340 1588 374 μὴ
1615 339 1701 372 οὕτως
1728 340 1823 375 εἴρηκε
1837 361 1843 370 ,

1059 387 1096 422 μὴ
1110 386 1225 413 ἐπινοεῖν
1240 386 1343 417 ἑαυτοῖς
1427 384 1462 411 τὰ
1478 385 1515 420 μὴ
1531 385 1604 411 ὅντα.
1623 385 1658 411 Οὐ
1674 385 1727 420 γὰρ
1740 386 1844 421 εἴρηκε,

1057 433 1114 469 Πρὸ
1134 432 1181 459 τοῦ
1198 432 1294 463 αἰῶνος
1313 431 1399 466 Λόγον
1415 431 1431 467 ἢ
1446 431 1510 457 Υἱόν
1526 439 1559 465 με
1574 431 1752 466 ὲθεμελίωσεν
1764 441 1770 446 ·

1058 478 1167 511 ἁπλῶς,
1190 477 1367 510 ἐθεμελίωσέ
1378 485 1430 511 με,
1448 476 1491 502 ἵνα
1507 475 1579 511 δείξῃ
1598 476 1693 508 πάλιν,
1720 476 1842 510 καθάπερ

1057 523 1133 551 εἷπον
1143 543 1150 557 ,
1166 524 1206 550 ὃτι
1221 523 1251 550 οὐ
1267 523 1299 549 δι’
1315 523 1427 555 ἑαυτὸν,
1441 522 1486 548 διὰ
1499 522 1527 548 δὲ
1540 522 1602 553 τοὺς
1618 521 1842 556 ὲποικοὸομουμέ-

1056 579 1118 602 νους
1222 570 1264 596 ἐπ’
1281 569 1360 595 αὐτὸν
1383 567 1575 604 παροιμιωδῶς
1590 568 1636 595 καὶ
1658 568 1737 594 τοῦτο
1760 568 1841 601 λέγει.

1057 615 1141 642 Τοῦτο
1153 614 1206 650 γὰρ
1219 613 1297 646 εἰδὼς
1317 614 1363 640 καὶ
1382 615 1395 640 ὁ
1415 613 1574 645 Ἀπόπτολος
1585 614 1685 649 γράφει
1701 621 1708 628 ·
1796 614 1842 639 Θε-

1054 660 1162 695 μέλιον
1171 659 1225 695 γὰρ
1239 659 1336 686 ἄλλον
1351 659 1448 692 οὐδεὶς
1462 659 1585 686 δύναται
1599 659 1689 685 θεῖναι
1701 657 1781 692 παρὰ
1793 657 1842 684 τὼ·

1057 706 1204 741 κείμενον,
1221 706 1254 739 ὅς
1268 706 1353 732 ἐστιν
1371 706 1489 740 Ἰησοῦς
1503 707 1639 740 Χριστός.
1654 706 1802 737 Ἕκαστος
1812 704 1842 730 δὲ

1053 752 1203 785 βλεπέτω,
1229 751 1293 785 πῶς
1318 751 1514 786 ἐποικοδομεῖ.
1620 751 1739 784 Ἀνάγκη
1755 750 1784 776 δὲ
1799 750 1841 775 τὶν

1055 798 1178 834 θεμέλιον
1196 797 1315 824 τοιοῦτον
1331 795 1410 828 εἶναι,
1426 794 1470 823 οἶα
1486 797 1534 824 καὶ
1548 797 1583 824 τὰ
1596 796 1842 832 ἐποικοδομούμενα

1055 845 1138 874 ἐστιν,
1153 844 1196 870 ἴνα
1210 844 1256 870 καὶ
1270 843 1530 878 συναρμολογεῖσθαι
1553 843 1663 878 δυνηθῇ.
1691 843 1776 877 Λόγος
1796 843 1841 877 μὲν

1055 887 1100 915 οὖν
1114 889 1167 916 ὢν.
1214 888 1298 922 Λόγος
1315 888 1403 918 ἐστὶν.
1417 889 1466 915 οὐκ
1481 888 1537 923 ἔχει
1549 888 1685 920 τοιούτους
1695 908 1702 920 ,
1717 886 1772 920 οἷος
1787 890 1841 914 ἐστι

1055 935 1101 961 καὶ
1115 934 1194 966 αὐτὸς
1206 953 1215 966 ,
1295 934 1356 965 τοὺς
1372 934 1672 970 συναρμολογουμένους
1686 935 1761 970 αὑτῷ
1770 943 1778 950 ⁸
1795 944 1840 970 μο-

1054 980 1165 1016 νογενὴς
1181 980 1234 1016 γάρ
1248 980 1321 1006 ἐστιν
1331 988 1337 994 ·
1352 979 1493 1015 ἄνθρωπος
1504 980 1532 1006 δὲ
1557 980 1700 1015 γενόμενος
1711 980 1768 1014 ἔχει
1782 981 1841 1010 τοὺς

1053 1026 1178 1061 ὁμοίους,
1200 1022 1237 1052 ὧν
1260 1026 1306 1053 καὶ
1327 1025 1375 1061 τὴν
1395 1025 1490 1061 ὁμοίαν
1512 1025 1654 1052 ἐνεδύσατο
1743 1026 1839 1061 σάρκα.

1054 1071 1157 1099 Οὐκοῦν
1167 1071 1236 1098 κατὰ
1246 1072 1275 1098 τὸ
1283 1071 1450 1108 ἀνθρώπινον
1460 1071 1640 1107 θεμελιοῧται,
1652 1072 1695 1098 ἵνα
1705 1072 1753 1098 καὶ
1765 1073 1840 1106 ἡμεῖς

1053 1118 1096 1144 ἐπ’
1108 1118 1188 1145 αὑτὸν
1201 1119 1238 1149 ὡς
1254 1118 1321 1144 λίθοι
1333 1119 1417 1153 τίμιοι
1429 1117 1663 1153 ὲποικοδομεῖσθαι
1672 1117 1838 1153 δυνηθῶμεν,

1054 1163 1099 1190 καὶ
1113 1163 1255 1199 γενώμεθα
1272 1164 1334 1195 ναὸς
1347 1163 1392 1190 τοῦ
1409 1164 1436 1190 ὲν
1450 1165 1515 1198 ἡμῖν
1606 1162 1745 1194 οἰκοῦντος
1766 1163 1838 1196 ἁγίου

1053 1209 1219 1245 Πνεύματος.
1238 1209 1342 1244 ’Ὠσπερ
1355 1209 1382 1236 δὲ
1398 1209 1521 1244 θεμέλιος
1533 1209 1624 1240 αὐτὸς,
1641 1210 1720 1243 ἡμεῖς
1735 1208 1763 1235 δὲ
1775 1208 1839 1234 λίθοι

1053 1254 1307 1290 ἐποικοδομούμενοι
1319 1256 1362 1281 ἐπ’
1378 1255 1474 1282 αὐτόν·
1493 1254 1580 1287 οὕτως
1596 1255 1676 1286 αὐτὸς
1692 1255 1774 1281 πάλιν
1790 1255 1839 1288 ἆμ-

1054 1300 1133 1332 πελός
1144 1301 1227 1331 ἐστιν,
1242 1301 1321 1335 ἡμεῖς
1333 1300 1360 1326 δὲ
1372 1301 1409 1332 ὡς
1423 1300 1550 1336 κλήματα
1627 1302 1798 1335 συνημμένα,
1812 1301 1839 1326 οὗ

1053 1345 1123 1373 κατὰ
1144 1346 1192 1381 τὴν
1212 1345 1305 1372 οὐσίαν
1323 1345 1372 1380 τῆς
1389 1345 1513 1381 θεότητος
1524 1354 1530 1360 ·
1550 1346 1680 1372 ἀδύνατον
1693 1346 1748 1381 γὰρ
1765 1345 1839 1372 τοῦτό

1053 1399 1098 1424 γε·
1111 1391 1178 1417 ἀλλὰ
1193 1391 1272 1417 πάλιν
1284 1391 1353 1417 κατὰ
1369 1391 1399 1417 τὸ
1410 1390 1579 1426 ἀνθρώπινον
1591 1399 1597 1406 ·
1609 1391 1689 1426 ὃμοια
1705 1391 1759 1426 γὰρ
1774 1389 1838 1417 εἶναι

1052 1438 1092 1464 δεῖ
1108 1437 1141 1464 τὰ
1158 1437 1284 1473 κλήματα
1307 1438 1340 1472 τῇ
1363 1437 1491 1472 ἀμπέλῳ·
1515 1437 1575 1463 ἐπεὶ
1592 1437 1638 1463 καὶ
1657 1438 1738 1472 ἡμεῖς
1755 1437 1838 1472 ὅμοιοι

1054 1483 1124 1509 κατὰ
1146 1483 1195 1518 τὴν
1210 1482 1299 1518 σάρκα
1315 1483 1484 1518 τυγχάνομεν
1500 1482 1574 1515 ῠντες
1590 1481 1685 1509 αὑτοῦ.
1780 1481 1838 1508 Ἀλ-

1054 1529 1107 1560 λως
1113 1537 1141 1554 τε
1150 1527 1307 1564 ἀνθρώπινα
1317 1528 1481 1563 φρονοῦντας
1492 1529 1554 1560 τοὺς
1565 1528 1728 1563 αἱρετικοὺς,
1738 1527 1837 1562 ἀνθρω-

1055 1574 1140 1605 πίνοις
1152 1573 1352 1609 παραδείγμασι
1366 1574 1512 1609 διελέγχειν
1523 1574 1654 1609 προσήκει
1667 1573 1712 1599 διὰ
1724 1573 1778 1599 τῶν
1791 1573 1837 1598 αὖ·

1052 1618 1107 1646 τῶν
1119 1619 1214 1652 λόγων.
1246 1619 1303 1645 Οὐκ
1316 1619 1409 1655 εἴρηκε
1424 1620 1498 1653 γοῦν,
1515 1620 1556 1646 ὅτι
1573 1619 1704 1654 Θεμέλιόν
1807 1627 1836 1654 με

1052 1665 1211 1700 πεποίηκεν,
1227 1666 1269 1692 ἵνα
1285 1665 1339 1700 μὴ,
1352 1665 1390 1696 ὡς
1411 1666 1560 1700 ποιήματος
1574 1666 1620 1691 καὶ
1633 1665 1721 1700 ἀρχὴν
1734 1665 1836 1700 ἔχοντος

1051 1709 1134 1736 αὐτοῦ
1149 1709 1195 1736 τοῦ
1209 1709 1344 1744 γίνεσθαι,
1362 1710 1413 1736 κᾶν
1430 1711 1458 1736 ὲν
1473 1710 1558 1745 τούτῳ
1573 1710 1708 1746 πρόφασιν
1723 1710 1835 1746 εὖρωειν

1051 1755 1225 1790 ἀναίσχυντον
1236 1755 1304 1790 πρὸς
1314 1755 1439 1782 ἀσέϐειαν
1452 1765 1458 1770 ·
1473 1756 1528 1782 ἀλλ’
1537 1757 1578 1782 ὅτι
1590 1754 1784 1790 Ἐθεμελίωσέ
1791 1763 1833 1790 με.

1053 1800 1089 1826 Τὸ
1101 1799 1129 1825 δὲ
1139 1799 1345 1834 θεμελιούμενον
1358 1799 1528 1834 θεμελιοῦται
1543 1800 1591 1835 μὲν
1603 1800 1645 1826 διὰ
1655 1801 1719 1832 τοὺς
1729 1799 1835 1826 suc-.m-

1052 1845 1180 1880 λομένους
1195 1845 1238 1870 ἐπ’
1248 1845 1312 1871 αὐτὸ
1396 1845 1485 1877 λίθους
1496 1853 1502 1860 ⁵
1516 1846 1618 1879 γίνεται
1629 1846 1657 1872 δὲ
1670 1845 1720 1880 οὺχ
1734 1845 1833 1875 ἁπλῶς,

1055 1888 1111 1916 ἀλλ’
1126 1889 1188 1916 ὅταν
1205 1888 1236 1921 ἐξ
1249 1889 1327 1924 ὅρους
1344 1888 1489 1924 μετενεχθῇ
1504 1888 1585 1920 λίθος,
1602 1889 1649 1915 καὶ
1662 1889 1701 1919 εἰς
1713 1889 1744 1914 τὸ
1759 1889 1834 1923 βάθος

1055 1934 1104 1968 τῆς
1114 1934 1165 1968 γῆς
1175 1933 1319 1969 κατατεθῇ.
1329 1933 1383 1960 Καὶ
1394 1933 1446 1964 ἕως
1459 1933 1506 1968 μὲν
1519 1934 1547 1959 ὲν
1558 1931 1596 1967 τῷ
1603 1932 1662 1968 ὄρει
1672 1932 1745 1964 λίθος
1757 1934 1836 1962 ἐστὶν,

1055 1980 1129 2006 οὖπω
1142 1979 1350 2014 τεθεμελίωται·
1369 1979 1479 2005 ἐπειδὰν
1493 1978 1521 2004 δὲ
1532 1979 1548 2014 ἡ
1561 1978 1640 2013 χρεία
1652 1979 1767 2012 ἀπαιτῇ,
1795 1978 1836 2004 καὶ

1057 2025 1201 2060 μετενεχθῇ
1211 2046 1220 2059 ,
1303 2025 1350 2051 καὶ
1364 2023 1543 2059 περιϐάληται
1558 2023 1586 2050 τὸ
1610 2023 1690 2058 βάθος
1705 2024 1757 2058 τῆς
1774 2023 1834 2057 γῆς·

1054 2070 1113 2096 τότε
1126 2069 1234 2101 λοιπὸν,
1255 2070 1278 2095 εἰ
1293 2069 1369 2095 λάϐοι
1385 2070 1475 2104 φωνὴν
1490 2070 1503 2094 ὁ
1520 2068 1592 2099 λίθος
1602 2089 1609 2100 ,
1629 2069 1701 2094 εἴποι
1719 2069 1751 2096 ἄν
1761 2078 1768 2083 ·
1786 2068 1835 2094 Νῦν

1056 2114 1215 2150 ὲθεμελίωσέ
1225 2123 1268 2149 με,
1337 2115 1350 2140 ο
1359 2113 1387 2146 ἐξ
1396 2111 1529 2149 ὃρουςῶδε
1538 2113 1672 2149 μεταθείς.
1681 2113 1785 2140 Οὐκοῦν
1793 2113 1835 2146 οὐχ

1055 2161 1069 2186 ὁ
1081 2159 1180 2195 Κύριος
1194 2160 1241 2185 καὶ
1256 2159 1300 2186 ὅτε
1315 2158 1523 2193 τεθεμελίωται,
1534 2158 1619 2194 ἀρχὴν
1633 2158 1688 2193 ἔχει
1705 2158 1753 2184 τοῦ
1775 2157 1835 2184 εἶναι

1055 2203 1104 2240 (ἦν
1117 2204 1170 2239 γὰρ
1182 2204 1228 2230 καὶ
1242 2204 1294 2239 πρὸ
1308 2203 1401 2229 τούτου
1417 2203 1525 2237 Λόγος)·
1543 2204 1599 2230 ἀλλ’
1611 2204 1655 2229 ὅτε
1666 2204 1696 2229 τὸ
1708 2204 1834 2239 ἡμέτερον

1054 2249 1195 2276 ἐνεδύσατο
1209 2248 1298 2283 σῶμα,
1316 2248 1382 2283 ὅπερ
1395 2248 1427 2274 ἐκ
1441 2248 1550 2284 Μαρίας
1563 2248 1665 2283 τμηθὲν
1678 2247 1771 2280 ἔλαϐε,
1782 2248 1835 2273 τότε

1054 2295 1145 2330 φησὶν,
1227 2293 1419 2327 Ἐθεμελὶωσέ
1431 2301 1483 2327 με·
1502 2293 1558 2319 ἴσον
1572 2292 1610 2327 τῷ
1624 2293 1711 2318 εἰπεῖν
1722 2301 1728 2308 ·
1755 2293 1834 2325 Λόγον

1053 2339 1117 2366 ὅντα
1130 2347 1163 2374 με
1177 2338 1320 2374 περιέϐαλε
1336 2338 1422 2373 γηΐνῳ
1435 2337 1550 2373 σώματι.
1567 2337 1644 2364 Οὓτω
1656 2337 1708 2373 γὰρ
1721 2337 1755 2363 δι’
1769 2338 1836 2373 ἡμᾶς

1053 2383 1220 2419 θεμελιοῦται
1230 2403 1237 2415 ,
1252 2382 1286 2409 τὰ
1301 2383 1379 2418 ἡμῶν
1397 2381 1605 2417 ἀναδεχόμενος,
1629 2381 1672 2407 ἵνα
1686 2382 1786 2415 ἡμεῖς,
1802 2380 1834 2411 ὡς

1054 2429 1192 2464 σύσσωμοι
1209 2427 1484 2464 συναρμολογούμενοι
1499 2427 1546 2453 καὶ
1560 2425 1732 2456 συνδεθέντες
1747 2427 1777 2451 ὲν
1793 2425 1834 2452 αὑ-

1051 2475 1090 2510 τῷ
1149 2472 1462 2509 διὰτῆςὸμοιώσεωςτῆς
1473 2472 1583 2507 σαρκὸς,
1592 2472 1631 2502 εἰς
1641 2471 1726 2506 ἄνδρα
1737 2472 1832 2497 τέλειον

1051 2521 1277 2556 καταντήσαντες,
1295 2518 1422 2545 ἀθάνατοι
1438 2517 1484 2543 καὶ
1498 2516 1631 2552 ἀνεθαρτοι
1642 2516 1831 2551 διαμείνωμεν.

216 2565 289 2594 enim
316 2565 370 2598 ille,
389 2566 434 2600 qui
465 2569 556 2592 nostra
576 2566 701 2600 suscipit,
731 2566 818 2593 nostri
843 2573 926 2592 causa
952 2565 1090 2597 fundatur,
1116 2568 1146 2591 ut
1171 2570 1231 2595 nos,
1257 2562 1302 2597 qui
1327 2561 1416 2589 simile
1448 2561 1579 2588 habemus
1605 2568 1719 2595 corpus,
1745 2561 1830 2588 carnis

217 2614 395 2642 similitudine
408 2613 434 2640 in
451 2612 498 2640 illo
514 2613 597 2648 aptati
627 2619 654 2641 et
668 2613 800 2648 colligati,
815 2613 843 2640 in
857 2613 944 2640 virum
972 2611 1121 2647 perfectum
1149 2617 1326 2639 occurramus
1341 2609 1364 2642 ’,
1389 2609 1612 2642 immortalesque
1638 2612 1664 2635 et
1682 2607 1828 2642 incorrupti

219 2668 389 2688 maneamus.

252 2708 339 2736 Nemo
361 2713 424 2734 vero
451 2706 492 2733 liis
519 2709 599 2733 etiam
623 2706 750 2740 loquendi
779 2706 867 2734 modis
891 2710 1001 2733 contur-

343 2754 409 2780 Ante
440 2761 539 2787 manu,
557 2760 601 2786 et,
621 2753 779 2787 Priusquam
808 2757 902 2779 terram
932 2753 1002 2787 [ace-

218 2755 297 2782 bctur
317 2762 324 2781 :

255 2845 364 2874 'lCor.
384 2845 543 2880 nt,ll.10.
581 2847 590 2861 ²
607 2846 706 2879 Eplics.
721 2852 758 2876 tv,
776 2844 817 2870 l3.

1089 2705 1125 2731 Τὸ
1145 2703 1185 2736 δὲ,
1214 2703 1273 2736 11ρό
1302 2703 1355 2729 τοῦ
1375 2701 1493 2733 αἰῶνος,
1505 2701 1561 2734 καὶ,
1573 2700 1634 2735 Πρὸ
1650 2701 1704 2728 τοῦ
1717 2700 1830 2736 τὴν-γῆν

1055 2750 1191 2785 ποιῆσαι,
1206 2750 1263 2782 καὶ,
1291 2749 1351 2783 Πρὸ
1369 2747 1422 2775 τοῦ
1439 2747 1492 2782 ὄρη
1517 2746 1714 2781 ἑδρασθῆναι,
1738 2747 1830 2783 μηδένα
