1902 3078
77 148 127 181 405

74 206 223 241 ταραττέτω
237 210 246 220 ⁸

74 253 108 288 τῷ
117 273 123 283 ,
135 250 325 285 ἐθεμελίωσε,
339 250 387 275 καὶ
400 248 440 283 τῷ
449 268 456 280 ,
479 248 581 276 ἔκτισε
590 255 596 262 ·
613 247 692 273 τοῦτο
704 246 758 281 γὰρ
772 245 852 273 πάλιν

74 297 118 330 τῆς
133 294 201 321 κατὰ
221 293 309 328 σάρκα
323 293 478 328 οἰκονομίας
501 292 627 318 ἅπτεται.
660 291 692 317 Ἦ
707 290 761 326 γὰρ
777 289 853 325 παρὰ

74 341 115 367 τοῦ
130 340 252 376 Σωτῆρος
265 340 304 371 εἰς
319 339 392 374 ἡμᾶς
406 338 538 373 γενομένη
547 337 635 373 χάρις,
649 337 710 372 ἄρτι
725 337 773 372 μὲν
786 337 850 362 ἑπε-

75 386 138 421 ᾳανη
151 408 157 419 ,
173 386 209 418 ὡς
223 383 299 412 εἶπεν
316 386 330 411 6
351 384 520 416 Ἀπόστολος,
536 384 583 410 καὶ
597 383 707 418 γέγονεν
719 382 853 418 ἐπιδημή-

76 441 161 463 σαντος
171 432 251 458 αὑτοῦ
259 440 267 447 ⁶
276 431 477 467 προητοίμαστο
484 429 512 455 δὲ
522 429 591 464 αὕτη
600 429 646 456 καὶ
655 428 718 464 πρὶν
728 427 853 462 γενέσθαι

73 481 156 514 ἡμᾶς,
172 478 270 514 μᾶλλον
292 477 320 504 δὲ
335 478 382 504 καὶ
404 477 456 512 πρὸ
557 476 606 510 ’τῆς
631 474 783 508 καταϐολῆς
806 472 852 499 τοῦ

75 523 184 558 κόσμου·
208 523 286 557 καὶὴ
315 521 388 548 αῑτία
415 521 520 557 χρηστὴ
546 520 593 547 καὶ
623 519 766 553 θαυμαστή
796 517 853 549 πώς

73 570 148 596 ἐςτιν.
165 569 220 595 θύκ
236 567 340 602 ἔπρεπε
349 567 394 593 τὸν
405 567 471 593 Θεὸν
483 566 594 601 ὕστερον
615 565 679 600 napi
689 564 768 599 ἡμῶν
795 563 855 598 βου-

74 613 201 644 λεύεσθαι,
219 614 263 640 ἵνα
277 613 314 649 μὴ
330 613 367 644 ὡς
380 611 484 646 ἀγνοῶν
497 611 532 638 τὰ
545 611 606 638 καθ’
624 611 697 646 ἡμᾶς
712 610 851 644 φαίνηται.

73 659 170 691 κτίζων
183 658 272 685 τοίνυν
291 659 364 694 ἡμᾶς
378 657 421 684 διὰ
438 657 484 684 τοῦ
506 657 571 684 ἰδίου
587 656 673 690 Λόγου
689 657 702 682 6
717 655 771 682 τῶν
786 655 854 681 ὅλων

73 704 146 736 Θεὸς,
161 705 206 731 καὶ
218 703 298 736 εἰδὼς
318 703 351 731 τὰ
366 703 446 739 ἡμῶν
461 703 531 739 ὑπὲρ
548 703 621 738 ἡμᾶς
632 721 639 733 ,
659 701 853 738 προγινώσκων

72 760 108 781 τε,
125 751 172 783 ὅτι,
187 749 265 777 καλοὶ
277 750 417 784 γενόμενοι
431 769 438 780 ,
456 749 567 784 ὕστερον
581 747 735 784 παραϐάται
747 747 796 782 τῆς
808 747 852 773 ἐν·

71 796 143 832 τολῆς
155 795 282 831 ἐσόμεθα,
292 796 338 822 καὶ
351 797 383 822 ἐκ
393 796 438 822 τοῦ
450 795 613 831 παραδείσου
626 793 851 829 ὲκῦληθησόμεθα

72 841 111 868 διὰ
122 841 169 876 τὴν
182 841 325 876 παρακοήν
338 860 347 873 ,

74 885 257 922 προετοιμάξει
269 887 298 912 ἐν
377 885 417 921 τῷ
429 885 485 920 ἰδίῳ
493 885 582 919 Λόγῳ,
594 885 626 911 δι’
639 881 669 911 οὗ
685 884 732 911 καὶ
746 884 853 910 ἔκτισεν

73 932 148 966 ἡμᾶς,
164 931 213 967 τὴν
226 931 355 966 περὶτῆς
371 931 507 966 σωτηρίας
520 930 598 965 ήμῶν
614 929 778 964 οἰκονομίαν,
797 929 851 960 ἵνα,

75 977 119 1003 κᾶν
131 977 314 1013 ἀπατηθέντες
327 976 403 1012 παρὰ
413 975 460 1003 τοῦ
474 976 562 1010 ὄφεως
572 975 744 1010 ἐκπέσωμεν,
758 975 795 1010 μὴ
810 975 854 1000 τὲ-

74 1021 125 1049 λεον
139 1022 331 1057 ἀπομείνωμεν
346 1021 455 1056 νεκροὶ,
480 1020 536 1046 ἀλλ’
549 1020 657 1055 ἔχοντες
676 1021 704 1046 ὲν
718 1019 757 1054 τῷ
774 1019 852 1054 Λόγῳ

74 1069 116 1104 τὴν
127 1068 382 1104 προητοιμασμένην
403 1068 470 1103 ἡμῖν
494 1066 626 1102 λύτρωσιν
650 1074 679 1092 τε
692 1066 739 1092 καὶ
764 1074 851 1100 σωτη-

75 1115 140 1151 ρίαν,
156 1115 235 1142 πάλιν
247 1115 422 1146 ἀναστάντες,
441 1113 568 1140 ἀθάνατοι
580 1112 774 1147 διαμείνωμεν,
789 1111 852 1138 ὅταν

73 1161 146 1193 αὐτὸς
160 1161 227 1196 ὑπὲρ
240 1161 321 1197 ἡμῶν
337 1160 407 1197 ἀρχὴ
422 1159 476 1186 τῶν
487 1159 553 1186 ὁδῶν
570 1158 677 1193 κτισθῇ,
692 1157 739 1184 καὶ
751 1159 765 1184 6
779 1166 851 1192 πρω-

74 1207 172 1238 τότοκος
196 1206 245 1242 τῆς
272 1206 386 1237 κτίσεως
403 1206 514 1241 γένηται
533 1204 704 1240 πρωτότοκος
719 1202 851 1237 ἀδελφῶν,

74 1253 115 1278 καὶ
131 1252 208 1283 αὐτὸς
223 1251 337 1287 ἀπαρχὴ
348 1251 407 1277 ’τῶν
424 1250 527 1286 νεκρῶν
544 1251 657 1284 ἀναστῇ.
675 1248 761 1275 Τοῦτο
775 1247 849 1274 Παῦ-

74 1297 113 1329 λος
124 1298 138 1323 6
156 1298 289 1334 μακάριος
302 1296 449 1328 ἀπόστολος
542 1295 655 1330 γράφων
668 1294 803 1321 διδάσκει·
819 1293 850 1320 τὸ

69 1346 118 1381 γὰρ
132 1346 159 1371 ἐν
172 1345 230 1375 ταῖς
245 1342 421 1378 Παροιμίαις,
437 1339 497 1374 Πρὸ
511 1339 564 1366 τοῦ
579 1339 697 1370 αίωνος,
711 1336 768 1369 καὶ,
784 1336 845 1370 Πρὸ

70 1390 118 1417 τοῦ
127 1389 182 1423 τὴν
190 1388 248 1424 γῆν
260 1387 409 1422 γενέσθαι,
420 1383 614 1420 διερμηνεύων,
622 1383 693 1410 οὕτω
703 1383 768 1417 φησὶ
778 1383 846 1417 πρὸς

73 1434 117 1469 μὲν
140 1433 286 1469 Τιμόθεονο
312 1428 587 1466 Συγκακοπάθησον
605 1427 646 1459 τῷ
666 1425 845 1461 Εὐατγελίῳ,

72 1480 139 1506 κατὰ
153 1479 279 1513 δύναμιν
290 1476 363 1504 Θεοῦ
373 1475 426 1502 τοῦ
437 1474 593 1506 σώσαντος
606 1471 684 1507 ἡμᾶς
697 1472 746 1498 καὶ
760 1471 848 1498 καλέ-

72 1534 173 1558 σαντος
190 1524 301 1558 κλήσει
317 1523 397 1557 ἁγίᾳ·
414 1523 450 1548 οὐ
464 1520 538 1548 κατὰ
551 1520 587 1546 τὰ
598 1520 669 1553 ἔργα

72 1571 143 1598 ἀλλὰ
164 1570 239 1597 κατὰ
263 1568 319 1602 τὴν
345 1567 423 1594 ἰδίαν
441 1566 582 1600 πρόθεσιν
597 1564 644 1590 καὶ
660 1563 762 1598 χάριν,
792 1562 848 1597 τὴν

72 1617 203 1644 δοθεῖσαι-
215 1615 289 1650 ἡμῖν
303 1615 338 1641 ἐν
345 1612 460 1648 Χριστῷ
480 1611 575 1645 Ἰησοῦ
586 1610 640 1644 πρὸ
655 1610 773 1644 χρόνων
783 1608 849 1634 alw-

72 1663 152 1693 νίων,
175 1659 398 1696 φανερωθεῖσαν
418 1657 452 1684 δὲ
465 1656 523 1683 νῦν
539 1655 586 1682 διὰ
606 1653 660 1688 τῆς
674 1653 849 1687 ἐπιφανείας

73 1708 119 1734 τοῦ
131 1707 267 1741 Σωτῆρος
283 1704 367 1740 ἡμῶν
386 1702 482 1736 Ἰησοῦ
496 1700 634 1735 Χριστοῦ,
649 1697 850 1732 καταργήσαν-

73 1761 119 1786 τος
123 1753 177 1787 μὲν
185 1752 238 1779 τὸν
245 1751 384 1782 θάνατον,
390 1748 576 1783 φωτίσαντος
587 1745 621 1772 δὲ
630 1745 687 1779 τὴν
763 1742 848 1776 ζωήν.

74 1797 138 1833 Πρὸς
162 1798 190 1824 δὲ
217 1797 281 1827 τοὺς
304 1794 458 1829 Ἐφεσίους·
484 1790 656 1825 Εὐλογητὸς
675 1791 691 1816 ὁ
707 1788 779 1820 Θεὸς
798 1787 848 1814 καὶ

74 1842 166 1875 Πατὴρ
182 1841 234 1868 τοῦ
250 1840 360 1874 Κυρίου
373 1837 456 1873 ἡμῶν
473 1836 574 1871 Ἰησοῦ
586 1834 725 1869 Χριστοῦ,
738 1835 753 1860 ό
765 1834 852 1860 εὐλο-

74 1888 164 1922 γήσας
177 1886 257 1922 ἡμᾶς
272 1886 307 1913 ὲν
320 1884 403 1918 πάσῃ
414 1883 534 1917 εὐλογίᾳ
545 1879 731 1915 πνευματικῇ
744 1879 779 1905 ἐν
790 1877 851 1910 τοῖς

73 1933 255 1967 ἐπουρανίοις
270 1931 304 1958 ἐν
313 1928 428 1964 Χριστῷ
445 1927 542 1962 Ἰησοῦ
557 1931 565 1940 ⁸
645 1923 741 1956 καθὼς
751 1922 852 1967 ἐξελέ-

75 1965 146 2010 ξατο.
160 1977 238 2012 ἡμᾶς
252 1976 287 2003 ὲν
299 1975 378 2007 αὐτῷ
390 1973 447 2008 πρὸ
466 1970 634 2004 καταϐολῆς
646 1970 761 2003 κόσμου
776 1965 852 1995 εἶναι

75 2023 146 2057 ἡμᾶς
157 2023 261 2058 ἀγίσυς
274 2021 323 2048 καί
335 2019 473 2055 ἀμώμους
489 2018 551 2045 κατ’
570 2016 697 2043 ἐνώπιον
712 2013 804 2041 αὑτοῦ
819 2013 853 2058 ἐν

579 144 768 177 PANOPLIA
792 141 1022 173 DOGMATICA.
1041 152 1075 157 -
1089 140 1165 170 TlT.
1186 140 1240 170 Χῐ.

338 204 409 230 πάνυ
424 202 477 238 γὰρ
494 203 541 229 καὶ
553 201 631 228 τοῦτο
647 200 736 232 καλῶς
752 199 851 234 συνῆψε

906 201 951 228 ret,
979 201 1015 228 et,
1037 196 1184 230 Antequam
1209 200 1308 222 montes
1333 195 1525 222 tollocareutur
1563 199 1582 224 ¹.
1606 197 1687 225 Recte

1633 138 1689 170 IlUG

902 243 974 270 enim
990 243 1040 270 ista
1051 242 1194 277 conjunxit
1208 249 1270 269 cum
1290 241 1395 274 verbis,
1415 242 1552 275 fundavit,
1568 248 1594 270 ct
1612 252 1682 270 crea-

902 290 948 316 rit.
969 288 1091 324 Namque
1104 289 1162 316 haec
1177 288 1236 323 ejus
1250 289 1399 315 secundum
1417 295 1526 316 carnem
1547 290 1687 324 dispensa-

906 335 1006 362 tionem
1022 338 1154 369 spectant.
1173 333 1278 361 Etenim
1295 334 1382 369 gratia
1396 342 1456 368 quae
1470 334 1549 362 nobis
1565 343 1579 362 ιι
1595 335 1688 362 Salva-

904 386 961 408 tnre
985 381 1086 408 donata
1101 385 1161 413 est,
1189 381 1270 408 modo
1297 380 1404 415 quidem
1427 381 1571 415 apparuit,
1597 387 1625 408 ut
1650 383 1689 409 ait

903 427 1049 462 Apostolus
1075 428 1098 460 ί,
1116 431 1266 462 exortaque
1279 431 1320 454 est
1330 430 1474 461 postquam
1489 426 1547 461 ipse
1560 427 1686 454 advenit:

903 481 998 501 verum
1011 477 1156 508 anteqttam
1180 481 1228 500 nos
1244 480 1419 501 nasceremur
1432 493 1439 505 ,
1458 473 1498 500 vel
1515 474 1606 508 potius
1628 479 1689 501 ante

903 520 1000 547 mundi
1023 519 1246 547 constitutionem
1273 524 1424 553 praeparata
1447 519 1512 552 fuit,
1538 519 1617 554 cujus
1632 520 1690 546 haec

906 572 990 592 causa
1004 570 1032 593 et
1053 570 1126 592 recta
1144 569 1186 592 est
1209 569 1236 592 ct
1255 563 1425 591 admiranda.
1451 565 1535 592 Deum
1551 564 1584 592 de
1611 565 1689 592 nobis

903 611 1041 646 posterius
1056 611 1207 638 deliberare
1234 610 1345 637 minime
1357 610 1484 643 decebat,
1512 618 1545 637 ne
1569 618 1612 638 res
1641 619 1690 637 no-

904 661 976 684 stras
994 657 1121 692 ignorare
1140 656 1288 683 videretur.
1308 655 1441 689 Quocirca
1456 664 1517 684 cum
1531 664 1581 684 nos
1596 664 1687 684 rerum

903 702 1093 729 universarum
1105 701 1176 729 Deus
1185 709 1232 736 per
1244 701 1384 736 proprium
1396 701 1512 729 Verbum
1527 707 1648 734 crearet,
1663 707 1689 729 et

904 753 935 774 ea
946 767 953 779 ,
965 754 1025 782 quae
1045 746 1078 773 ad
1093 754 1144 773 nos
1160 746 1311 780 pertinent,
1330 754 1412 781 supra
1428 755 1478 773 nos
1502 749 1684 782 prospiceret,

902 797 1137 826 prrenosceretque
1150 800 1199 819 nos
1217 797 1358 826 postquam
1373 793 1436 820 boni
1452 793 1516 820 facti
1529 793 1687 827 fuissemus,

423 840 612 875 φιλάνθρωπος
627 840 673 866 καὶ
687 839 787 873 ἀγαθὸς
803 838 850 870 ὢν,

906 836 988 871 legem
1007 836 1171 870 violaturosI
1188 841 1269 871 atque
1282 837 1384 864 idcirco
1409 844 1425 864 e
1453 837 1580 871 paradiso
1596 840 1689 874 expel—

903 882 998 909 lendos
1015 891 1021 909 :
1039 882 1084 909 ille
1101 883 1147 917 qui
1171 882 1357 917 perhumanus
1379 886 1406 909 et
1428 883 1560 918 benignus
1579 888 1634 917 est,
1661 885 1687 911 in

903 927 1014 963 proprio
1033 927 1138 959 Verbo,
1155 935 1203 962 per
1219 928 1291 963 quod
1306 935 1356 956 nos
1372 929 1484 961 creavit,
1588 933 1688 956 nostrm.

903 974 1001 1001 salutis
1024 973 1257 1008 dispensationem
1287 974 1465 1009 prmparavit,
1485 979 1515 1002 ut
1545 975 1686 1008 videlicet,

905 1019 1012 1047 etiamsi
1026 1019 1196 1054 contingeret
1207 1024 1236 1046 ut
1249 1027 1264 1046 a
1280 1019 1403 1047 daemone
1416 1020 1597 1047 circumventi
1610 1021 1689 1048 cade-

904 1072 1015 1097 remus,
1042 1072 1076 1092 ne
1100 1065 1200 1092 mortui
1221 1065 1331 1100 penitus
1356 1073 1576 1099 remaneremus,
1596 1067 1643 1094 sed
1661 1072 1689 1093 ut

902 1110 1117 1145 redemptionem
1125 1114 1159 1152 ἐι
1170 1110 1286 1138 salutem
1309 1111 1336 1137 in
1355 1109 1445 1138 Verbo
1459 1112 1539 1139 nobis
1559 1119 1689 1147 praepara-

904 1160 958 1183 tam
976 1155 1124 1189 habentes,
1136 1156 1361 1184 revivisceremus
1380 1162 1406 1183 et
1427 1157 1594 1185 immortales
1618 1166 1688 1185 esst--

904 1208 981 1233 mus,
999 1205 1144 1236 postquam
1157 1201 1216 1236 ipse
1231 1208 1282 1236 pro
1299 1201 1379 1228 nobis
1398 1201 1564 1237 principium
1581 1204 1686 1230 viarum

901 1250 944 1274 est
960 1250 1085 1278 creatus,
1099 1250 1126 1273 et
1137 1246 1184 1280 qui
1198 1250 1330 1273 creaturae
1342 1246 1540 1282 primogenitus
1563 1253 1618 1279 est,
1635 1248 1688 1274 fra.

903 1297 974 1320 trum
986 1291 1075 1320 factus
1089 1291 1141 1319 fuit
1155 1291 1368 1326 primogenitus,
1380 1296 1407 1319 et
1422 1291 1495 1326 ipse,
1517 1297 1686 1320 mortuorum

904 1339 1049 1376 primitiae,
1061 1337 1169 1364 revixit.
1186 1335 1249 1362 Haec
1262 1335 1320 1369 ipsa
1337 1338 1378 1360 est
1393 1332 1464 1359 beati
1482 1331 1597 1366 apostoli
1615 1330 1688 1357 Pauli

905 1384 1044 1416 doctrina,
1062 1382 1109 1417 qui
1126 1382 1170 1408 illa
1187 1379 1395 1406 Proverbiorum
1411 1377 1508 1409 verba,
1520 1380 1579 1402 ante
1594 1383 1688 1406 wvum,

905 1435 943 1464 et,
959 1434 1099 1464 antequam
1119 1433 1188 1454 terra
1204 1427 1290 1460 ﬁeret,
1308 1425 1344 1450 ita
1365 1422 1484 1457 Epistola
1506 1422 1539 1449 ad
1554 1421 1689 1448 Timothe-

906 1484 952 1504 um
969 1476 1161 1509 intcrpretatur
1182 1472 1192 1487 ³
1207 1481 1213 1499 :
1235 1470 1377 1497 Cotlabora
1392 1467 1534 1502 Evangelia
1547 1467 1690 1494 secundum

747 1516 848 1551 ἡμῶν,
865 1520 886 1549 C
905 1521 955 1548 Dei
969 1521 1106 1550 virtutem,
1122 1518 1166 1553 qui
1184 1517 1268 1544 salvos
1295 1523 1340 1542 nos
1364 1515 1426 1550 fecit
1441 1519 1465 1541 et
1495 1514 1593 1541 vocavit
1614 1521 1690 1539 voea-

907 1568 975 1594 tione
992 1570 1099 1593 sancta.
1119 1572 1169 1590 non
1186 1561 1328 1590 secundum
1349 1569 1428 1595 opera
1445 1565 1535 1587 nostra
1546 1581 1553 1592 ,
1577 1560 1622 1586 sed
1649 1567 1690 1585 se-

906 1612 1020 1638 cundum
1032 1610 1168 1645 proprium
1185 1608 1346 1643 propositum
1357 1612 1380 1633 et
1396 1607 1509 1641 gratiam
1520 1625 1526 1637 ,
1545 1613 1603 1640 qua:
1616 1604 1689 1630 nobis

906 1660 970 1684 data
983 1661 1021 1684 est
1037 1657 1063 1683 in
1093 1655 1197 1682 Christo
1217 1654 1279 1680 Iesu
1305 1657 1364 1679 ante
1388 1657 1487 1679 a-terna
1511 1655 1643 1684 tempora,
1665 1653 1690 1675 et

907 1711 975 1729 nunc
988 1702 1110 1736 apparuit
1125 1709 1171 1736 per
1195 1701 1332 1727 adventum
1355 1697 1502 1725 Saluatoris
1522 1696 1606 1724 nostri
1626 1695 1690 1722 Jesu

906 1748 1020 1781 Christi,
1036 1747 1080 1782 qui
1098 1751 1207 1772 mortem
1222 1745 1327 1780 quidem
1340 1743 1471 1771 destruxit
1484 1763 1490 1773 ,
1505 1743 1587 1768 vitam
1601 1745 1690 1766 autem

906 1792 1078 1819 illuminavit.
1110 1790 1142 1817 Et
1165 1790 1196 1817 ad
1224 1789 1355 1824 Ephesios
1372 1798 1378 1814 :
1394 1787 1550 1814 Benedictus
1574 1785 1644 1811 Deus
1664 1789 1688 1810 et

907 1837 990 1865 Pater
1006 1837 1111 1864 Domini
1123 1836 1205 1862 nostri
1219 1834 1282 1862 Iesu
1293 1834 1403 1866 Christi,
1415 1834 1459 1868 qui
1471 1831 1602 1859 benedixit
1614 1831 1689 1858 nobis

907 1883 1019 1910 inomni
1050 1881 1227 1909 benedictione
1252 1879 1403 1915 spirituali,
1432 1879 1460 1904 in
1482 1876 1645 1907 coelestibus,
1661 1875 1688 1901 in

907 1928 1013 1956 Christo
1031 1928 1113 1961 Jcsu,
1133 1929 1202 1955 sicut
1221 1927 1298 1962 elegit
1323 1933 1369 1952 nos
1393 1925 1421 1952 in
1440 1925 1497 1959 ipso
1519 1928 1579 1949 ante
1599 1920 1690 1948 mundi

907 1975 1130 2005 constitutionem,
1151 1978 1179 2000 ut
1198 1980 1312 2000 essemus
1335 1971 1420 1998 sancti
1434 1974 1457 1996 et
1479 1967 1644 1995 immaculati
1661 1967 1689 1993 in

908 2024 1045 2055 conspectu
1063 2019 1119 2054 ejus
1133 2020 1160 2046 in
1171 2019 1311 2051 charitate,
1331 2017 1377 2052 qui
1389 2014 1583 2050 prcdestinavit
1598 2020 1643 2040 nos
1659 2012 1687 2038 in

76 2067 351 2102 ἀγάπῃ,προορίσας
364 2063 443 2099 ἡμᾶς
461 2064 504 2097 είς
514 2062 668 2090 υἱοθεσίαν
684 2059 733 2086 διὰ
753 2057 852 2092 Ἰησοῦ

908 2067 1072 2101 adoptionem
1086 2073 1132 2100 per
1142 2064 1233 2092 Iesum
1251 2064 1385 2091 Christum
1400 2063 1427 2089 in
1440 2062 1526 2096 ipsum
1549 2062 1572 2087 ’⁸.

79 2114 199 2149 Χριστοῦ
209 2115 254 2146 εὶς
269 2112 372 2140 αὐτόν.

162 2169 223 2201 Πῶς
237 2165 283 2195 οὖν
295 2167 446 2201 ἐξελέξατο,
461 2165 526 2200 πρὶν
535 2163 660 2198 γενέσθαι
671 2162 754 2198 ἡμᾶς,
770 2161 794 2187 εἰ
807 2161 854 2196 μὴ,

76 2215 108 2246 ὡς
119 2215 195 2246 αὐτὸς
214 2215 342 2249 εἴρηκεν,
366 2213 395 2239 ὲν
411 2211 485 2246 αὐτῷ
502 2209 572 2246 ἦμεν
597 2207 854 2245 προτετυπωμένοι;

77 2261 133 2292 Πῶς
143 2260 170 2287 δὲ
182 2260 260 2292 ὅλως,
275 2259 339 2294 πρὶν
349 2257 508 2294 ἀνθρώπους
519 2255 671 2290 κτισθῆναι,
685 2254 757 2289 ἡμᾶς
769 2252 858 2288 προώ-

81 2313 149 2339 ρισεν
163 2306 202 2337 εἰς
215 2304 351 2331 υἱοθεσίαν
364 2322 372 2335 ,
455 2303 478 2328 εἰ
494 2301 531 2337 μὴ
547 2300 628 2332 αὐτὸς
640 2301 654 2326 6
665 2298 728 2331 Υἱὸς
745 2298 797 2334 πρὸ
810 2296 857 2324 τοῦ

81 2351 170 2382 αἰῶνος
190 2350 387 2385 τεθεμελίωτο,
411 2347 607 2382 ἀναδεξάμενος
625 2345 674 2381 τὴν
695 2345 764 2380 ὑπὲρ
780 2344 858 2379 ἡμῶν

82 2397 241 2433 οἱκονομίαν;
255 2397 291 2423 Ἣ
303 2396 372 2428 πῶς,
382 2395 419 2426 ὡς
429 2393 555 2428 ἐπιφέρει
566 2392 652 2426 λέγων
662 2393 676 2418 ὁ
690 2390 858 2422 Ἀπύστολος,

82 2441 283 2477 ἐκληρώθημεν
294 2440 531 2475 προορισθέντες,
541 2440 565 2465 εί
578 2438 615 2474 μὴ
630 2437 709 2469 αὐτὸς
722 2438 736 2464 6
747 2436 859 2472 Κύριος,

83 2488 132 2522 πρὸ
140 2488 185 2514 τοῦ
198 2488 295 2520 αἰῶνος
307 2485 341 2523 ἦν
355 2485 538 2522 θεμελιωθεὶς,
553 2485 623 2511 ὥστε
637 2484 717 2511 αὐτὸν
732 2483 861 2518 πρόθεσιν

83 2532 148 2567 ἔχειν
164 2533 234 2568 ὑπὲρ
256 2533 335 2569 ἡμῶν
356 2533 446 2559 πάντα
460 2531 506 2558 τὸν
525 2530 585 2558 καθ’
603 2530 681 2565 ἡμῶν
703 2529 800 2563 κλῆρον
815 2527 861 2554 τοῦ

84 2577 209 2612 κρίματος
297 2577 477 2610 ἀναδέξασθαι
491 2577 535 2604 διὰ.
549 2576 599 2610 τῆς
614 2575 714 2610 σαρκὸς
725 2594 732 2605 ,
749 2574 794 2600 καὶ
808 2573 863 2599 λοι-

84 2623 131 2650 πὸν
148 2624 221 2658 ἡμᾶς
242 2625 271 2651 ὲν
291 2623 367 2658 αὒτῷ
387 2622 605 2658 ζωοποιηθῆναις
620 2619 682 2651 Πῶς
698 2618 727 2646 δδ
741 2618 788 2645 καὶ
809 2617 862 2652 πρὸ

84 2670 182 2703 χρόνων
194 2671 310 2697 αἰωνίων
322 2669 511 2704 ὲλαμὸἀνομεν
524 2667 700 2704 χάριν,μήπω
710 2664 862 2700 γεγονότες,

85 2714 108 2740 εί
124 2715 159 2750 μὴ
174 2716 201 2742 ἐν
216 2715 254 2750 τῷ
265 2714 376 2750 Χριστῷ
390 2712 424 2750 ἦν
436 2713 605 2748 ἀποκειμένη
621 2713 637 2747 ἡ
651 2712 690 2743 είς
705 2711 778 2746 ἡμᾶς
796 2709 864 2744 φθά-

132 2815 138 2829 ¹
157 2815 236 2842 I’rov.
255 2821 314 2848 vnl.
329 2813 423 2842 25-25.
483 2815 492 2829 ‘
513 2813 566 2839 'l‘it.
582 2820 612 2846 ιι,
632 2812 674 2838 ll.

731 2812 740 2827 ³
763 2811 782 2838 ll
800 2810 868 2838 Tim.
883 2817 901 2842 ι,
918 2809 992 2837 8-10.

998 2165 1139 2199 Quomodo
1153 2171 1216 2199 ergo
1229 2171 1279 2191 nos
1297 2163 1379 2197 elegit
1394 2167 1538 2195 antequam
1552 2165 1689 2188 essemus,

909 2213 975 2244 nisi,
999 2215 1029 2238 ut
1051 2211 1110 2246 ipse
1129 2210 1206 2242 dixit,
1224 2210 1250 2236 in
1265 2209 1325 2243 ipso
1346 2207 1493 2234 fuissemus
1510 2202 1691 2239 praesignati?

909 2257 962 2290 Qui
975 2264 1039 2284 vero
1056 2256 1114 2283 ﬁeri
1139 2254 1244 2289 potuit,
1260 2257 1290 2280 ut
1305 2260 1363 2284 nos,
1385 2251 1545 2285 priusquam
1566 2247 1693 2275 homines

909 2307 1087 2333 crearentur,
1113 2300 1139 2327 in
1160 2299 1332 2334 adoptionem
1358 2294 1610 2331 prmdestinaverit,
1638 2292 1691 2319 nisi

910 2349 967 2383 ipse
993 2346 1078 2374 Filius
1104 2349 1166 2372 ante
1186 2350 1273 2371 aevum
1290 2341 1418 2368 fundatus
1440 2342 1531 2370 esset,
1547 2340 1690 2370 suscepta,

910 2394 997 2422 nostri
1024 2393 1110 2428 gratia
1126 2412 1133 2424 ,
1158 2387 1381 2425 dispensatione?
1408 2386 1456 2413 Vel
1480 2383 1617 2420 quomodo
1634 2401 1641 2414 ,
1663 2384 1693 2407 ut

912 2439 1022 2475 subjicit
1048 2436 1194 2473 Apostolus
1208 2456 1215 2469 ,
1236 2440 1307 2462 sorte
1330 2440 1420 2460 sumus
1447 2428 1629 2466 prwdestinati
1658 2427 1669 2443 ⁸
1685 2447 1691 2458 ,

911 2472 970 2513 nisi
981 2485 1039 2520 ipse
1052 2472 1183 2512 Dominus
1201 2485 1262 2509 ante
1277 2487 1364 2509 aevum
1381 2478 1511 2505 fundatus
1524 2475 1631 2505 fuisset,
1653 2472 1690 2498 ita

912 2537 943 2559 ut
956 2531 1005 2565 ipsi
1018 2530 1187 2565 prepositum
1203 2526 1285 2554 fuerit
1300 2532 1407 2553 omnem
1429 2521 1524 2559 judicii
1549 2520 1691 2548 adversum

913 2584 962 2605 nos
976 2564 1026 2604 lati,
1039 2580 1138 2603 sortem
1160 2580 1241 2601 carne
1262 2571 1409 2606 suscipere,
1428 2576 1483 2604 quo
1500 2574 1550 2594 nos
1567 2564 1693 2597 deinceps

914 2616 943 2643 in
959 2616 1018 2650 ipso
1032 2614 1248 2642 vivificaremur?
1258 2612 1398 2646 Quomodo
1409 2617 1499 2639 autem
1516 2614 1543 2638 et
1556 2614 1618 2637 ante
1632 2613 1698 2636 tern-

916 2670 980 2698 pora
994 2661 1131 2689 secularia
1147 2661 1258 2696 gratiam
1278 2659 1485 2693 accepissemus,
1511 2656 1556 2690 qui
1575 2655 1696 2682 nondum

918 2716 1038 2740 eramus,
1053 2707 1105 2735 nisi
1121 2707 1208 2742 gratia
1223 2706 1317 2733 fuisset
1331 2705 1358 2731 in
1379 2704 1485 2731 Christo
1506 2702 1622 2736 reposita
1639 2707 1697 2733 quae

1359 2806 1368 2820 ⁵
1388 2804 1453 2832 ibid.
1474 2804 1514 2830 ll.

1054 2807 1063 2822 ⁸
1083 2807 1182 2841 liplies.
1201 2815 1220 2838 ι,
1242 2806 1300 2833 5-5.
