1902 3078
194 124 246 156 40⁵1

815 128 1006 158 EU'l'llYMll
1028 129 1210 159 ZlGABENI

1772 130 1821 161 408

195 184 228 212 ad
243 191 294 212 nos
317 190 377 212 erat
395 190 558 219 perventura
574 185 585 212 ?
599 185 669 213 Hinc
684 185 729 213 ille
743 188 771 213 in
787 187 902 221 judicio,
920 195 982 214 cum

1042 196 1117 214 musa
1128 197 1225 223 χαριςς
1239 188 1285 215 Διὸ
1299 188 1345 216 καὶ
1357 188 1386 215 ὲν
1400 189 1433 223 τῇ
1449 187 1538 223 κρίσει
1552 189 1616 215 ὅταν
1626 189 1742 222 ἕκαστος
1755 191 1822 217 κατὰ.

196 230 384 265 unusquisque
401 237 449 264 pro
463 230 519 258 suis
536 230 614 258 factis
626 232 781 259 mercedem
798 236 838 259 est
854 237 983 267 acceptu-

1035 234 1084 269 τὴν
1101 234 1202 269 πρᾶξιν
1217 234 1415 270 ἀπολαμϐἀνῃ,
1437 235 1517 269 φήσει
1528 243 1535 250 ·
1552 235 1643 262 Δεῦτε
1657 236 1685 262 οί
1701 237 1824 270 εὐλογη-

197 284 255 306 rus.
269 275 339 303 dicet
357 283 364 302 :
387 275 488 308 Venite,
502 276 633 302 benedicti
649 275 741 303 Patria
759 278 809 303 mei
828 284 836 302 :
854 277 983 310 possidete

1042 279 1117 306 λέγοι
1130 280 1183 307 τοῦ
1193 281 1307 313 Πατρός
1322 289 1393 314 μου,
1405 281 1656 314 κληρονομήσατε
1667 281 1725 314 τὴν
1748 282 1824 315 ἡτοι-

196 326 322 355 paratum
348 320 418 347 vobis
448 329 555 359 regnum
588 329 604 347 a
634 322 820 348 constitutione
849 323 942 349 mundi
962 323 982 349 '.

197 367 340 401 Quomodo
365 367 456 402 igitur,
481 367 524 393 vel
541 367 569 393 in
585 375 649 401 quo.
677 371 823 403 antequam
848 375 982 402 essemus,

197 417 323 448 paratum
341 418 394 446 est,
408 413 460 440 nisi
479 413 505 439 in
525 412 651 444 Domino.
666 413 711 448 qui
742 418 807 441 ante
821 421 910 442 aevum
923 422 982 441 eam

197 458 232 485 ob
256 465 365 485 causam
382 457 513 485 fundatus
529 462 581 492 est,
603 463 633 485 ut
648 466 697 485 uos
712 466 796 494 super
809 459 897 494 ipsum
923 464 983 486 tan-

196 511 277 538 quam
294 503 418 531 aedificati
430 525 436 536 ,
464 504 527 531 vita).
542 509 568 531 el
583 504 676 539 gratiae
690 512 751 538 quae
775 505 809 532 ab
824 504 869 532 illo
884 505 982 537 oritur,

196 549 272 576 velut
282 549 336 584 apti
351 548 466 583 lapides,
493 548 640 584 participes
655 549 802 577 essemus?
817 549 911 584 Itaque
923 550 984 586 jure

196 595 294 622 merito
324 594 443 622 Verbum
469 595 494 621 in
521 600 642 621 nostram
669 595 784 622 veniens
809 603 930 627 carnem,
957 595 984 622 in

197 649 283 676 caque
305 641 471 676 principium
501 641 603 668 viarum
623 642 649 668 in
672 649 754 676 opera
780 649 829 668 sua
847 646 982 673 creatum,

196 690 247 716 hac
262 689 378 721 ratione,
394 694 424 716 ut
437 693 495 716 erat
509 690 535 715 in
551 689 610 723 ipso
628 689 716 716 Patris
735 689 870 721 voluntas,
886 689 985 716 funda—

196 741 251 766 tur,
277 735 357 761 sicuti
386 738 629 761 commemoratum
656 738 715 766 cst,
742 739 806 761 ante
831 742 929 767 azvum,
957 737 985 760 et

196 785 341 814 antequam
369 783 442 806 terra
469 779 555 812 ﬁeret,
580 785 608 806 et
639 785 745 806 montes
773 780 982 811 collocarentur,

196 828 340 862 fontesque
374 827 569 859 scaturirent',
604 834 639 854 ne
664 827 787 858 scilicet,
807 834 869 853 cuni
898 832 984 858 terra,

1031 327 1193 360 μασμένην
1200 327 1272 360 ὑμῖν
1277 326 1442 358 ,βασιλείαν
1453 327 1512 354 ἀπὸ
1519 327 1691 362 καταϐολῆς
1698 329 1825 362 κόσμου.

1035 371 1096 403 Πῶς
1110 371 1168 405 οὖν,
1181 372 1197 407 ἢ
1213 374 1241 398 ὲν
1259 373 1311 399 τίνι
1323 373 1386 407 πρὶν
1400 373 1531 406 γενέσθαι
1544 373 1620 408 ἡμᾶς
1635 373 1789 408 ἠτοιμάσθη
1803 375 1826 400 εἰ

1036 416 1073 451 μὴ
1092 417 1120 442 ἐν
1136 416 1174 451 τῷ
1192 417 1286 452 Κυρίῳ
1303 416 1341 452 τῷ
1359 417 1412 452 πρὸ
1426 417 1524 449 αἰῶνος
1541 418 1582 450 είς
1597 417 1678 444 τοῦτο
1694 417 1826 452 θεμελιω-

1035 461 1118 494 ῡὲντι,
1151 462 1184 488 ἶν’
1211 463 1292 496 ἡμεῖς
1322 462 1359 494 ὠς
1389 462 1432 489 ἐπ’
1459 463 1541 490 αὑτὸν
1566 463 1826 498 ἐποικοδομούμενοι

1037 508 1235 543 μεταλάϐωμεν
1257 508 1294 540 ὡς
1314 508 1381 535 λίθοι
1404 509 1568 544 εὐάρμοστοι
1593 509 1642 545 τῆς
1664 509 1732 544 παρ’
1755 510 1828 544 αὐτῷ

1039 554 1112 589 ζωῆς
1125 562 1155 580 τε
1174 555 1221 580 καὶ
1239 554 1369 589 χάριτος;
1389 554 1495 581 Οὐκοῦν
1513 555 1627 587 εἰκότως
1648 555 1800 582 ἐπιϐαίνων
1815 557 1828 581 ὁ

1035 599 1119 633 Λόγος
1137 599 1176 630 εὶς
1191 599 1240 633 τὴν
1255 601 1393 635 ἡμετέραν
1410 601 1516 636 σάρκα,
1534 600 1582 626 καὶ
1597 601 1627 627 ὲν
1646 601 1717 636 αὐτῇ
1739 602 1827 632 κτιζό-

1036 652 1126 677 μενος,
1144 644 1216 680 ἀρχὴ
1227 644 1294 671 ὁδῶν
1311 646 1351 676 εἱς
1364 645 1433 680 ἔργα
1448 645 1530 672 αὑτοῦ
1544 646 1720 680 θεμελιοῧται
1732 646 1826 677 οὕτως,

1035 689 1128 725 ὥσπερ
1145 688 1178 725 ἦν
1194 691 1222 716 ὲν
1235 691 1308 723 αὑτῷ
1320 692 1350 717 τὸ
1364 691 1488 727 βούλημα
1500 691 1547 719 τοῦ
1566 692 1683 727 Πατρδς,
1702 692 1827 727 καθάπερ

1035 736 1154 772 εἴρηται,
1181 737 1234 772 πρδ
1263 738 1310 764 τοῦ
1337 738 1446 771 αίῶνος,
1475 739 1523 766 καὶ
1547 739 1600 774 πρὸ
1624 739 1671 766 τοῦ
1701 739 1754 774 τὴν
1779 739 1827 773 γῆν

1035 782 1173 815 γενέσθαι,
1189 783 1236 808 καὶ
1252 783 1305 817 πρὸ
1322 782 1367 808 τοῦ
1382 783 1432 818 ὅρη
1448 783 1626 817 ἑδρασθῆναι,
1646 784 1695 810 καὶ
1711 785 1767 819 πρὸ
1781 783 1826 810 τοῦ

1017 842 1023 848 -
1035 828 1084 858 τὰς
1099 827 1192 862 πηγὰς
1208 826 1359 862 προελθεῖν.
1374 828 1432 854 Ἰνα
1444 827 1521 862 κᾶνὴ
1537 828 1584 862 γῆ,
1597 828 1688 854 καὶτὰ
1703 828 1767 862 ὅρη,
1783 828 1827 854 καὶ

195 879 314 907 montes,
327 881 473 908 rerumque
485 874 674 908 apparentium
696 874 787 907 ﬁgura:
802 873 827 899 in
843 873 896 900 line
912 880 983 907 prte-

1042 873 1073 900 rdt
1088 873 1216 908 σχήματα
1231 873 1286 899 τῶν
1303 873 1474 908 φαινομένων
1494 873 1618 909 παρέλθῃ
1635 875 1664 900 ὲν
1681 875 1715 909 τῇ
1733 882 1827 900 συντε-

196 919 281 947 sentis
299 920 346 947 iovi
364 919 557 954 prieterierint,
580 927 641 950 nos,
665 919 802 951 similiter,
820 924 849 946 ut
865 918 921 950 illa,
937 927 984 945 ve-

195 969 297 992 tustate
321 965 540 998 conﬁceremur;
567 965 613 992 sed
631 967 722 1000 potius
739 969 766 992 ut
784 965 866 992 etiam
889 968 983 999 postea

194 1011 287 1038 vivere
313 1011 478 1043 valeremus,
497 1015 592 1046 utpote
609 1011 656 1045 qui
677 1010 755 1038 nobis
769 1015 834 1037 ante
865 1017 909 1036 res
925 1009 984 1036 illas

194 1062 375 1092 praeparatam
401 1057 429 1085 in
460 1058 520 1093 ipso
544 1057 632 1085 Verbo
659 1058 809 1085 habeamus
832 1057 983 1085 secundum

194 1103 354 1130 electionem
378 1103 462 1131 vitam
493 1108 521 1130 et
554 1103 774 1130 benedictionem
801 1102 983 1137 spiritualem.

195 1149 241 1176 Sic
262 1149 334 1176 enim
364 1149 447 1177 vitam
469 1149 582 1177 minime
606 1149 706 1176 ﬂuxam
722 1148 815 1176 licebit
836 1148 981 1182 consequi,

193 1201 404 1231 constanterque
423 1197 449 1223 in
466 1195 576 1224 Christo
600 1197 735 1228 vivemus,
759 1195 888 1230 quoniam
919 1199 984 1222 ante

193 1242 239 1268 illa
260 1242 352 1268 omnia
370 1242 424 1268 vita
452 1246 546 1268 nostra
573 1241 599 1268 in
616 1240 727 1268 Christo
745 1239 810 1267 Jcsu
826 1239 938 1267 fundata
956 1244 983 1266 et

192 1293 286 1322 parata
302 1287 395 1314 fuerit.
423 1287 479 1315 Nec
495 1287 568 1314 enim
592 1287 618 1313 in
646 1286 700 1313 alio
714 1294 796 1321 quam
813 1286 838 1312 in
867 1285 983 1312 Domino

192 1335 294 1368 quiest
309 1339 374 1361 ante
392 1334 503 1365 sarcula,
522 1339 548 1361 et
574 1341 623 1368 per
637 1341 716 1368 quem
730 1332 800 1359 facta
816 1337 880 1359 sunt
896 1339 983 1359 szecu-

191 1379 216 1407 la
229 1380 250 1411 ³,
269 1381 351 1407 vitam
371 1385 492 1407 nostram
520 1379 627 1406 fundari
649 1387 698 1414 par
713 1383 784 1408 erat,
801 1381 840 1409 ut,
861 1385 922 1404 cum
939 1377 984 1404 illa

191 1427 219 1453 in
231 1427 290 1462 ipso
303 1427 386 1454 veluti
400 1432 483 1460 esset,
499 1434 548 1453 nos
565 1426 646 1453 etiam
661 1429 771 1453 interna:
787 1424 850 1451 vita:
863 1424 984 1451 haeredes

191 1479 252 1499 esse
266 1479 408 1507 possemus
414 1493 418 1500 .

190 1517 319 1552 Ejusdem
329 1518 432 1546 exlibro
442 1519 517 1545 tertio
526 1519 552 1545 in
564 1518 686 1550 Arianos,
702 1519 728 1544 in
751 1526 780 1544 ea
795 1517 872 1544 verba
887 1526 894 1543 :
915 1517 985 1551 tEgo

398 1559 422 1580 et
431 1554 513 1580 Pater
528 1561 608 1580 unum
626 1561 716 1580 minus
734 1554 753 1578 ‘.
774 1562 782 1577 ι

225 1600 303 1628 Illam
309 1599 408 1628 deinde
417 1599 578 1626 sententiam
586 1597 691 1625 Domini
701 1605 813 1632 carpere
820 1601 958 1631 coeperunt
978 1605 985 1623 :

189 1647 247 1682 Ego
264 1646 290 1673 in
304 1645 395 1677 Patre,
415 1650 438 1672 et
452 1644 532 1671 Pater
548 1644 575 1670 in
590 1653 630 1671 me
640 1646 660 1670 ⁵.
677 1643 818 1676 Quomodo
827 1647 926 1678 potest,
946 1643 988 1670 in-

190 1693 299 1728 quiunt.
315 1692 360 1719 hic
373 1691 400 1718 in
411 1691 456 1718 illo
465 1699 537 1724 esse,
553 1690 693 1718 autilleab
705 1691 756 1717 hoc
768 1690 988 1724 comprehendi?

192 1737 337 1770 Quomodo
355 1741 445 1772 potest
457 1736 548 1768 Pater,
563 1736 609 1771 qui
630 1736 718 1770 major
730 1740 782 1768 est,
795 1735 822 1762 in
841 1735 919 1768 Filio,
939 1736 986 1770 qui

193 1784 284 1811 minor
293 1787 346 1816 est,
363 1783 476 1810 inesse?
490 1782 601 1810 Scilicet
624 1782 723 1809 mirum
755 1786 807 1814 est,
831 1781 928 1808 Filium
959 1781 987 1808 in

192 1831 273 1858 Patre
288 1838 360 1863 esse,
386 1838 448 1857 cum
464 1829 497 1857 de
522 1830 600 1857 nobis
627 1829 710 1856 etiam
732 1829 864 1864 scriptum
888 1829 923 1856 sit
940 1827 988 1855 ειη

200 1885 248 1910 ρσο
276 1877 396 1909 vivimus,
422 1883 555 1902 movemur
573 1880 597 1902 et
615 1883 705 1902 sumus
727 1875 748 1901 ⁸.
779 1874 875 1902 Merito
896 1879 988 1901 tamen

191 1922 246 1950 hoc
263 1922 317 1949 illis
332 1921 442 1954 accidit,
459 1929 510 1956 pro
525 1929 607 1957 prava
628 1921 748 1956 ipsorum
771 1925 871 1951 mente,
886 1921 988 1955 quippe

189 1968 237 2004 qui
252 1968 339 1995 Deum
353 1975 414 1995 esse
423 1975 523 2001 corpus
543 1966 712 1996 existiment.
729 1973 781 1993 nec
801 1966 846 2000 qui
858 1965 892 1993 sit
906 1972 988 1993 verus

191 2013 283 2046 Pater,
293 2017 340 2041 aut
354 2020 436 2040 verus
444 2009 596 2045 Filius,aut
611 2013 656 2039 lux
672 2012 827 2045 invisibilis,
840 2016 888 2039 aut
899 2011 990 2046 splen-

189 2062 240 2089 dor
246 2066 364 2088 aaternus
374 2059 458 2095 ipsius
468 2059 621 2091 invisibilis,
631 2063 678 2086 aut
686 2058 806 2086 essentia
817 2058 987 2095 incorporea.

190 2113 218 2134 et
230 2105 494 2140 lorutaincorporea.
505 2106 628 2140 etimago
642 2105 737 2140 ipsius,
760 2103 987 2131 animadvertant.

190 2153 249 2181 Non
266 2153 391 2185 cnim,ut
406 2153 444 2178 illi
461 2152 618 2186 opinantur,
635 2152 695 2186 quia
712 2151 813 2178 dictum
836 2154 878 2177 est
898 2158 903 2176 :
933 2149 988 2183 Ego

189 2201 218 2227 in
231 2199 321 2230 Patre,
333 2204 357 2226 et
374 2199 452 2225 Pater
464 2198 491 2224 in
512 2206 562 2227 me.
578 2198 613 2224 ita
639 2201 792 2224 commeant
817 2196 887 2223 inter
901 2203 942 2227 se,
957 2199 987 2222 ut

189 2247 313 2274 videmus
323 2245 492 2279 contingere,
509 2251 569 2271 cum
581 2251 642 2271 vasa
655 2243 746 2270 inania
756 2242 886 2276 vicissim,
899 2250 981 2270 unum

188 2301 222 2320 ex
234 2292 288 2319 alio
302 2291 452 2325 replentur.
463 2289 586 2317 UtFilius
599 2289 625 2316 id
635 2289 706 2324 quod
723 2289 749 2316 in
765 2288 846 2316 Patre
866 2296 981 2316 vacuum

190 2343 243 2370 est,
257 2343 285 2365 et
306 2338 385 2364 Pater
404 2337 431 2363 id
444 2336 516 2371 quod
532 2337 558 2362 in
576 2335 644 2362 Filio
662 2335 782 2363 vicissim
798 2340 839 2362 est
853 2343 979 2367 vacuum,

188 2385 308 2419 impleat,
321 2388 347 2411 et
361 2388 458 2410 neuter
481 2390 575 2409 eorum
598 2382 703 2417 plenus,
737 2387 818 2416 atque
847 2381 982 2416 perfectus

188 2432 233 2459 sit.
255 2430 311 2458 Hoc
329 2429 402 2457 enim
423 2434 465 2456 est
479 2436 624 2463 corporum
645 2428 793 2462 proprium.
810 2428 982 2462 Quapropter

189 2476 247 2503 haec
258 2476 300 2503 vel
312 2475 401 2502 dicere
409 2475 497 2502 scelus
509 2479 550 2501 est
562 2473 711 2508 impietatis
734 2474 851 2507 plenum.
883 2473 983 2501 Plenus

187 2522 260 2551 enim
281 2526 363 2556 atque
372 2520 508 2554 perfectus
523 2523 565 2546 est
575 2518 665 2546 Pater.
678 2518 707 2544 Et
720 2518 806 2546 Filius
830 2518 984 2546 Divinitatis

188 2571 230 2595 est
243 2565 393 2600 plenitudo.
404 2564 496 2598 Neque
512 2563 593 2596 Deus,
610 2567 640 2590 ut
655 2570 729 2595 vasa,
746 2563 804 2590 siin
822 2563 874 2590 illis
899 2568 983 2596 esset,

188 2611 374 2641 conﬁrmaret,
384 2610 480 2637 eodem
498 2609 579 2636 modo
597 2608 740 2636 confirmat
764 2608 874 2636 Filium.
898 2608 984 2635 Filius

189 2657 260 2684 enim
276 2662 317 2684 est
331 2656 419 2683 Patris
436 2656 521 2682 virtus
541 2660 567 2683 et
591 2656 723 2690 sapientia
735 2656 754 2682 ⁷.
765 2657 802 2683 Ac
812 2663 856 2683 res
876 2656 984 2690 quidem

189 2707 350 2738 procreatae.
364 2706 500 2737 quatenus
517 2702 662 2736 participes
689 2702 762 2728 illius
779 2706 853 2733 sunt,
883 2701 981 2736 spiritu

188 2754 288 2776 sancta:
302 2747 447 2782 liuut,ipse
459 2752 550 2775 autem
572 2747 655 2774 Filius
670 2756 723 2774 non
755 2749 901 2782 particeps.
933 2748 980 2775 sed

225 2807 230 2820 ‘
249 2805 341 2831 Matth.
362 2813 423 2835 xxv,
439 2805 471 2831 54
509 2807 518 2821 ¹
534 2806 612 2833 Prov.
625 2813 683 2836 \‘lll,
700 2805 795 2831 '23-‘23.

187 2839 198 2858 ’δ
216 2841 226 2869 ι
242 2841 303 2870 αυτ.
326 2841 404 2873 1,2i.

834 2805 843 2820 ³
858 2805 936 2833 llebr.
954 2814 970 2839 ι,
988 2807 1014 2834 9..

1039 918 1099 954 λείᾳ
1122 917 1169 945 τοῦ
1195 918 1303 949 αἰῶνος,
1327 919 1365 953 μὴ
1385 918 1445 944 κατ’
1469 919 1538 945 αὑτά
1562 918 1765 953 παλαιωθῶμεν
1784 920 1827 946 καὶ

1038 965 1130 999 ἡμεῖς,
1141 963 1209 991 ἀλλὰ
1221 964 1382 1000 δυνηθῶμεν
1398 964 1445 990 καὶ
1459 965 1528 999 μετά
1543 964 1628 991 ταῦτα
1644 965 1705 999 ζῇν,
1722 965 1828 999 ἔχοντες

1036 1011 1086 1046 τὴν
1100 1011 1152 1046 πρῇ
1166 1011 1269 1037 τούτων
1281 1010 1563 1046 ἑτοιμασθεῖσανήμῖν
1575 1012 1603 1037 ὲν
1614 1011 1688 1046 αῦτῴ
1700 1011 1739 1046 τῷ
1752 1012 1827 1045 Λόγῳ

1037 1055 1096 1081 κατ’
1117 1055 1233 1091 ἐκλογὴν
1258 1055 1331 1092 ζωήν
1353 1065 1382 1082 τε
1404 1057 1450 1082 καὶ
1475 1056 1601 1090 εὐλογίαν
1624 1058 1826 1091 πνευματικὴν.

1035 1101 1115 1128 Οὖτω
1125 1101 1180 1137 γὰρ
1187 1102 1358 1137 δυνησόμεθα
1369 1103 1406 1137 μὴ
1419 1102 1487 1138 πρὸς
1498 1102 1595 1135 καιρὸν
1604 1102 1675 1137 ἐχειν
1683 1102 1733 1138 τὴν
1744 1102 1828 1137 ζωὴν,

1037 1146 1106 1175 ἀλλὰ
1125 1148 1171 1175 καὶ
1191 1148 1260 1183 μετὰ
1277 1149 1361 1174 ταῦτα
1383 1148 1519 1183 διαμεῖναι
1537 1148 1638 1180 ζῶντες
1653 1150 1681 1175 ἑν
1705 1149 1827 1184 Χριστῷ.

1044 1190 1155 1227 Ἐπειδὴ
1177 1194 1222 1219 καὶ
1238 1193 1291 1228 πρὸ
1309 1193 1412 1220 τούτων
1427 1194 1443 1228 ἡ
1461 1193 1517 1227 ζωὴ
1535 1193 1613 1228 ήμῶν
1627 1193 1828 1228 τεθεμελίωτο,

1039 1238 1086 1264 καὶ
1101 1238 1252 1273 ἡτοίμαστο
1263 1239 1292 1265 ὲν
1305 1239 1425 1274 Χριστῷ.
1437 1238 1506 1266 Οὐδὲ
1519 1240 1572 1274 γὰρ
1588 1239 1648 1266 οὐδὲ
1662 1240 1690 1265 ἐν
1704 1239 1779 1274 ἄλλῳ
1791 1239 1830 1265 Θε-

1038 1285 1205 1320 μελιωθῆναι
1225 1285 1274 1321 τὴν
1294 1286 1367 1321 ζωὴν
1388 1286 1466 1321 ἡμῶν
1485 1286 1605 1321 ἔπρεπεν
1628 1285 1652 1311 εἰ
1674 1286 1712 1320 μὴ
1739 1286 1769 1312 ὲν
1790 1286 1830 1321 τῷ

1037 1331 1131 1367 Κυρίῳ
1148 1331 1186 1366 τῷ
1202 1333 1255 1367 πρὸ
1268 1331 1375 1358 αἰώνων
1390 1332 1458 1363 ὄντι,
1473 1331 1507 1358 δι’
1523 1328 1553 1358 οὗ
1567 1332 1613 1358 καὶ
1630 1333 1653 1358 οἱ
1669 1332 1768 1362 αἰῶνες
1784 1340 1831 1365 γε-

1037 1378 1156 1412 γόνασιν,
1171 1378 1205 1404 ἵν’
1217 1378 1254 1410 ὡς
1267 1379 1296 1404 ὲν
1310 1378 1383 1414 αὺτῷ
1397 1379 1483 1412 αὐτῆς
1496 1378 1590 1414 οὔσης,
1605 1377 1766 1413 δυνηθῶμεν
1783 1379 1830 1405 καὶ

1038 1424 1117 1458 ἡμεῖς
1135 1423 1243 1450 αἰώνιον
1261 1424 1464 1459 κληρονομῆσαι
1482 1423 1564 1458 ζωήν.

1043 1517 1098 1544 Τοῦ
1113 1518 1206 1544 αὐτοῦ
1221 1519 1254 1544 ἐκ
1272 1518 1322 1545 τοῦ
1337 1517 1412 1545 κατὰ
1435 1517 1594 1552 Ἀρειανῶν
1608 1517 1709 1551 τρίτου
1722 1518 1830 1552 λόγου,

1122 1554 1166 1585 εἰς
1181 1555 1215 1580 τό
1235 1563 1243 1578 ι
1268 1553 1340 1587 Ἐγὼ
1354 1553 1404 1579 καὶ
1421 1555 1437 1579 ό
1454 1553 1555 1587 Πατὴρ
1572 1552 1605 1579 ἓν
1618 1553 1719 1587 ἐσμεν.
1738 1562 1747 1577 ι

1078 1600 1214 1634 Ἤρξαντο
1230 1600 1322 1626 λοιπὶν
1335 1599 1474 1634 διασύρειν
1489 1599 1519 1625 τὸ
1535 1599 1587 1626 ὑπὸ
1602 1598 1649 1625 τοῦ
1665 1598 1770 1632 Κυρίου
1787 1598 1831 1624 λε-

1039 1646 1154 1680 γόμενον
1164 1653 1172 1661 ο
1189 1645 1262 1679 Ἐγὼ
1271 1646 1304 1672 ὲν
1319 1645 1357 1678 τῷ
1368 1645 1470 1683 Harp),
1488 1646 1537 1672 καὶ
1554 1646 1571 1672 ό
1587 1644 1688 1678 Πατὴρ
1702 1644 1737 1670 ἐν
1751 1645 1829 1679 ἐμοὶ,

1039 1691 1173 1725 λέγοντες,
1193 1692 1254 1723 Πῶς
1269 1692 1379 1718 δύναται
1396 1688 1474 1723 οὗτος
1489 1693 1517 1718 ὲν
1530 1690 1638 1724 ἐκείνῳ,
1657 1691 1786 1721 κάκεῖνος
1803 1692 1830 1715 ἐν

1038 1737 1125 1772 τούτῳ
1137 1739 1234 1772 χωρεῖν
1245 1745 1252 1769 ;
1268 1738 1302 1763 Ἢ
1315 1738 1372 1769 πῶς
1385 1738 1454 1769 ὅλως
1467 1737 1579 1764 δύναται
1591 1739 1605 1764 ὁ
1619 1737 1714 1772 Πατὴρ
1727 1737 1830 1771 μείζων

1039 1784 1077 1811 ὢν
1103 1786 1132 1811 ἐν
1146 1785 1184 1820 τῷ
1199 1785 1255 1820 Υίῷ
1276 1786 1397 1812 ἐλάττονι
1409 1786 1466 1812 ὄντι
1481 1786 1598 1820 χωρείν;
1615 1784 1710 1811 Καίτοι
1725 1784 1749 1810 τί
1765 1784 1830 1810 0mi-

1041 1831 1153 1866 μαστὸν,
1165 1833 1190 1858 εί
1204 1831 1263 1863 Υίτις
1278 1832 1305 1857 ὲν
1318 1831 1356 1866 τῷ
1371 1831 1457 1866 Πατρί
1469 1839 1477 1864 ;
1492 1831 1559 1857 ὅπου
1571 1838 1603 1864 γε
1616 1831 1662 1856 χαὶ
1674 1830 1736 1864 περὶ
1748 1830 1830 1863 ἡμῶν

1039 1876 1210 1911 γέγραπται·
1231 1878 1279 1903 Ἐν
1298 1877 1376 1909 αὐτῷ
1393 1878 1449 1911 γὰρ
1466 1876 1568 1910 ζῶμεν,
1588 1875 1637 1902 καὶ
1653 1875 1829 1909 κινούμεθα,

1040 1922 1093 1949 καί·
1105 1922 1210 1958 ἐσμέν.
1231 1923 1368 1958 Πάσχουσι
1385 1923 1414 1948 δὲ
1430 1922 1508 1948 τοῦτο
1522 1921 1676 1953 ἀκολούθως
1693 1923 1726 1956 τῇ
1743 1931 1830 1948 χακφ

1040 1968 1099 2003 vol;
1117 1968 1234 2001 ἑαυτῶν,
1260 1968 1340 2003 σῶμα
1367 1969 1522 2003 νομίζοντες
1538 1965 1608 1994 εἶναι
1622 1967 1667 1993 τὸν
1682 1967 1759 1999 Θεὸν,
1783 1967 1830 1994 καὶ

1042 2015 1079 2049 μὴ
1099 2014 1232 2046 νοοῦντες,
1254 2015 1325 2050 μήτε
1345 2015 1386 2045 τίς
1402 2014 1476 2041 ἐστιν
1498 2013 1624 2048 ἀληθινὸς
1647 2013 1752 2048 Πατὴρ,
1781 2014 1830 2040 καὶ

1040 2060 1165 2096 ἀληθινὸς
1177 2060 1250 2093 Υἱὸς,
1267 2061 1333 2095 μήτε
1347 2061 1387 2092 τίς
1399 2061 1456 2089 ἔστι
1468 2059 1525 2094 φῶς
1539 2060 1666 2095 ἀόρατον,
1681 2059 1729 2085 καὶ
1743 2059 1830 2085 ἀΐδιον

1041 2109 1214 2143 ἀπαύγασμα
1228 2108 1309 2134 αὑτοῦ
1326 2108 1453 2144 ἀόρατον,
1469 2109 1539 2143 μήτε
1551 2108 1578 2134 τι
1593 2108 1667 2134 ἐστιν
1682 2106 1830 2141 ἀσώματος

1040 2154 1200 2184 ὑπόστασις,
1218 2154 1265 2180 καὶ
1281 2153 1425 2188 χαρακτὴρ
1441 2153 1598 2187 ἀσώματος,
1616 2153 1663 2179 καὶ
1678 2151 1761 2178 είκὼν
1777 2151 1830 2178 αὐ-

1002 2209 1024 2236 ι)
1039 2201 1099 2235 τῆς.
1115 2200 1152 2226 οὐ
1168 2199 1222 2234 γὰρ
1235 2199 1272 2230 ὡς
1282 2199 1380 2226 ἐκεῖνοι
1395 2197 1552 2233 νομίζουσιν
1566 2197 1832 2233 ἀντεμῦιϐαζόμενοι

1036 2248 1077 2278 εις
1099 2245 1230 2281 ἀλλήλους
1257 2246 1325 2272 εἰσὶν
1352 2246 1380 2272 ἐν
1405 2245 1443 2280 τῷ
1468 2244 1620 2278 λέγεσθαι·
1639 2244 1714 2278 Ἐγὼ
1733 2243 1768 2269 ὲν
1791 2243 1831 2276 τῷ

1036 2292 1136 2326 Harp),
1152 2292 1201 2319 καὶ
1221 2293 1237 2319 ὁ
1261 2291 1362 2326 Πατὴρ
1386 2291 1420 2318 ἐν
1453 2291 1529 2326 ἐμοὶ,
1547 2291 1641 2326 ὥσπερ
1657 2291 1685 2316 ὲν
1704 2290 1830 2324 ἀγγείοις

1036 2340 1125 2370 κενοῖς
1143 2338 1172 2370 ἐξ
1187 2338 1308 2373 ἀλλήλων
1322 2338 1533 2373 πληρουμένοις,
1547 2337 1618 2364 ὥστε
1633 2337 1678 2363 τὸν
1700 2336 1749 2371 μὲν
1767 2337 1829 2362 ι’ξὴν

1036 2384 1158 2419 πληροῦν
1170 2385 1199 2410 τὸ
1214 2383 1291 2410 κενὸν
1304 2384 1349 2410 τοῦ
1362 2385 1478 2419 [ἰατρὸς.
1489 2384 1535 2410 τὸν
1549 2383 1577 2409 δὲ
1588 2383 1697 2416 Πατέρα
1705 2381 1829 2416 πληροῦν

1034 2430 1065 2456 τὸ
1085 2429 1172 2456 κοῖλον
1195 2429 1242 2456 τοῦ
1265 2429 1341 2461 Υἱοῠ,
1360 2430 1408 2456 καὶ
1427 2429 1557 2463 ἑκάτερον
1584 2428 1677 2459 αὐτοῖς
1697 2427 1736 2462 μὴ
1756 2424 1827 2453 εἶναι

1033 2476 1125 2511 πλήρη
1137 2476 1183 2502 καὶ
1197 2475 1309 2502 τέλειον.
1322 2475 1460 2509 Σωμάτων
1475 2475 1529 2509 γὰρ
1551 2473 1616 2500 ἴδιον
1627 2473 1707 2500 τοῦτό
1722 2481 1765 2506 γε.
1781 2473 1826 2498 Διδ

1033 2523 1079 2548 καὶ
1098 2522 1129 2548 τὸ
1151 2521 1231 2556 μόνον
1247 2521 1333 2548 είπεῖν
1351 2519 1430 2546 τοῦτο
1448 2519 1590 2546 ἀνάπλεών
1608 2520 1666 2545 ἐστι
1685 2518 1825 2548 ἀσεϐείας.

1035 2567 1145 2603 Πλήρης
1153 2567 1207 2601 γὰρ
1222 2566 1269 2594 καὶ
1283 2565 1383 2597 τέλειός
1399 2566 1472 2592 ἑστιν
1483 2565 1608 2599 ὁΠατὴρ,
1623 2564 1671 2590 καὶ
1687 2564 1826 2599 πλήρωμα

1037 2613 1162 2649 Θεότητός
1179 2614 1252 2639 ἐστιν
1268 2612 1281 2638 ὀ
1299 2611 1373 2643 Υἱός,
1391 2611 1452 2637 Οὐδ’
1467 2611 1501 2637 αὖ
1517 2611 1598 2637 πάλιν
1613 2610 1709 2645 ὥσπερ
1723 2611 1755 2636 ὲν
1768 2610 1827 2641 τοῖς

1037 2660 1125 2694 ἁγίοις
1145 2659 1287 2693 γινόμινος
1307 2658 1320 2684 ὁ
1337 2657 1404 2688 Θεὸς
1426 2656 1589 2691 ὲνεδυνάμου
1609 2656 1719 2687 αὐτοὺς,
1737 2654 1822 2686 οὕτως

1035 2707 1094 2732 ἐστὶ
1108 2706 1154 2732 καὶ
1169 2706 1198 2731 ὲν
1214 2704 1252 2738 τῷ
1268 2703 1324 2738 Υίῷ
1337 2711 1344 2719 ·
1360 2703 1441 2734 αὐτὸς
1458 2702 1512 2737 γάρ
1527 2703 1601 2728 ἔστιν
1618 2703 1634 2736 ἡ
1652 2701 1700 2728 τοῦ
1717 2701 1823 2736 Ηατρὸς

1035 2751 1148 2786 δύναμις
1164 2750 1211 2777 καὶ
1228 2750 1319 2784 σοφία.
1336 2748 1391 2775 Καὶ
1406 2750 1440 2774 τὰ
1457 2748 1506 2782 μὲν
1520 2749 1622 2783 γενητά
1639 2748 1743 2782 μετοχῇ
1760 2747 1823 2773 τοὺ-

1055 2807 1151 2835 ‘Joan.
1168 2816 1193 2841 .v,
1205 2806 1247 2833 50.
1299 2805 1309 2820 '
1323 2805 1400 2833 Joan.
1414 2812 1458 2831 xw
1470 2825 1477 2837 ,
1494 2804 1538 2831 10.
1582 2805 1592 2820 ⁶
1604 2804 1664 2832 Act.
1687 2812 1754 2837 xvtl,
1776 2803 1822 2831 ‘28-
