1902 3078
51 143 99 175 409

519 154 707 186 PANOPLIA
728 157 959 189 DOGMATICA.
978 172 1012 177 -σ
1034 160 1108 191 rl'lT.
1132 162 1183 191 XI.

1609 163 1662 193 41-)

49 209 90 227 του
107 200 132 227 ἐν
149 202 282 236 Πνεύματι
300 203 458 239 ἁγιάζεται,
474 209 553 240 αὐτὸς
569 209 597 236 δὲ
614 212 706 244 ὁμΥἰὺς
721 213 748 239 ὲν
765 223 808 248 με·

867 215 1004 249 proprium
1016 221 1058 242 est
1074 216 1160 242 Patris
1177 224 1296 251 germen.
1313 217 1493 250 Quamobrem
1504 226 1564 244 cum
1580 218 1662 245 divis—

48 247 133 293 τουσίᾳ
148 247 208 278 Υἱός
232 249 319 279 ἐστιν,
337 251 403 278 ἀλλὰ
426 253 547 289 γέννημα
570 256 615 282 τοῦ
634 258 737 293 Πατρὶς
755 247 819 286 ῐόιόν

48 292 108 340 ign.
121 292 170 340 Atat
182 293 261 320 τοῦτο
276 294 329 330 γὰρ
345 297 391 322 καί
407 298 514 329 εἰκότω,
534 302 653 335 εἰρηκὼς
669 292 800 340 πρότερον
810 313 818 321 ⁸

125 337 172 364 καὶ
189 341 205 364 ό
215 340 315 374 Πατὴρ
329 341 362 367 ἓν
377 342 481 376 ἐσμεν,
499 346 621 379 ἐπήγαγε
635 355 665 374 το
786 350 820 376 ἐν

47 381 81 413 τῷ
104 383 201 416 Harp),
219 386 265 411 καί
288 388 305 412 ὀ
324 388 426 423 Πατὴρ
438 389 472 415 ἐν
491 390 565 425 ἐμοὶ,
584 392 627 419 ἵνα
649 393 687 428 τῷ
704 381 753 428 μέν
768 396 818 430 τὴν

45 429 185 475 ταυτότητα
199 431 248 465 τῆς
266 432 403 469 θεότητος,
420 435 457 470 τῷ
473 437 501 463 δὲ
517 437 566 473 τὴν
582 439 696 475 ἑνότητα
710 441 758 475 τῆς
774 429 819 468 οὗ·

46 473 99 523 σίας
114 474 193 523 δέίξῃ.
214 477 262 503 'Ev
275 480 328 513 γάρ
344 480 422 513 εἰσιν,
438 482 487 517 οὔχ
503 483 541 514 ὡς
556 484 614 515 ἑνὸς
629 473 667 516 ei;
685 473 817 523 δύο-μέρη

45 519 223 554 διαιρεθέντος,
246 524 292 549 καὶ
307 525 390 559 μηδὲν
405 526 489 553 ὄντων
506 529 581 564 πλὴν
602 531 660 562 ἐνὸς
673 551 680 562 ,
707 519 765 559 οὐδὲ

45 564 85 590 τοῦ
96 565 149 593 ἐνὸς
162 566 200 597 δὶς
213 568 227 593 6
235 569 424 603 ιομαζομένου.
436 572 495 598 οὐδὲ
504 573 572 599 ὥστε
581 575 625 600 τόν
634 576 714 602 αὑτὸν
724 564 817 604 ἄλλοτέ

45 610 88 643 μὲν
103 611 216 646 Πατέρα,
232 613 326 640 ἄλλοτε
341 615 369 640 δὲ
386 615 448 642 Υἰὺν
465 617 562 644 ἑαυτοῦ
577 618 700 652 γίνεσθαι
713 629 720 636 ·
737 621 817 648 τοῦτο

44 654 90 689 γὰρ
103 656 243 688 Σαῦέλλιος
257 659 405 695 φρονήσας,
422 662 558 696 αἰρετικὸς
572 663 684 700 ὲκρίϐἠ⁴
696 665 763 692 ἀλλὰ
772 665 817 692 δύο

44 700 86 734 μέν
98 701 174 733 εἰσιν,
190 703 230 729 ὅτι
245 705 259 729 ό
275 704 369 740 Πατὴρ
395 707 489 742 Πατήρ
505 708 572 740 ἐστι,
585 709 632 735 καὶ
646 710 694 744 οὐχ
709 711 722 736 ὁ
737 711 817 742 αὐτὸς

43 746 97 777 1‘er;
123 748 189 779 ἐστι,
211 750 259 776 καὶ
278 751 292 776 ὁ
310 750 372 782 Tib;
388 752 452 784 Υἰύς
473 753 542 786 ἐστι,
568 756 615 781 καὶ
632 755 680 790 οὐχ
702 757 715 782 ὁ
737 757 817 788 αὐτὸς

43 792 129 827 Πατήρ
154 794 222 821 ἐστι.
255 795 313 822 Μία
337 796 365 822 δὲ
394 799 409 832 ὴ
438 799 529 832 φύσις,
556 800 596 826 ὅτι
618 801 668 827 οὐκ
689 802 816 836 ἀνόμοιον

42 837 67 861 τὸ
81 837 195 872 γέννημα
208 839 255 865 τοῦ
269 842 459 876 γεννήσαντος.
473 844 560 871 Εἰκὼν
573 846 624 882 γάρ
637 847 710 873 ἔστιν
723 849 815 878 αὑτοῦ.

871 263 912 286 set
930 267 934 285 :
956 258 1011 293 Ego
1024 265 1047 286 et
1068 259 1149 287 Pater
1169 269 1249 287 unum
1267 269 1368 291 sumus,
1399 263 1494 288 merito
1521 262 1659 297 subjecit:
1713 293 1719 296 _

871 303 927 337 Ego
938 305 964 330 in
977 305 1065 336 Patre,
1082 311 1106 332 et
1122 305 1239 332 Palerin
1251 314 1299 332 me.
1317 305 1351 332 Ut
1368 304 1420 333 illis
1434 307 1524 334 verbis
1538 308 1659 334 eamdem

870 349 1020 377 divinitatis
1044 351 1188 381 rationem,
1215 351 1256 377 his
1289 351 1509 386 conjunc'lionem
1536 354 1661 379 essentia;

870 395 1027 423 declararet.
1046 396 1136 424 Unum
1155 398 1227 423 enim
1240 397 1317 427 dixit,
1336 405 1389 423 non
1406 402 1433 423 ut
1452 406 1534 423 ιιιιιιιιι
1548 397 1574 423 in
1592 398 1660 425 duas

869 445 960 476 partes
976 446 1091 473 secetur,
1108 450 1168 476 quae
1193 442 1302 469 nonnisi
1330 450 1413 469 unum
1438 443 1490 469 sint
1505 463 1512 473 ,
1525 450 1614 475 neque
1631 447 1661 469 ut

869 495 952 513 unum
968 487 1008 514 bis
1028 488 1198 520 nominetur;
1215 495 1303 522 neque
1326 493 1356 515 ut
1373 496 1455 515 unum
1469 489 1550 515 modo
1579 488 1659 515 Pater

869 531 912 561 sit.
924 531 1004 558 modo
1014 532 1097 559 Filius
1109 533 1169 566 ejus
1179 533 1233 560 ﬁat.
1248 533 1292 559 Sic
1302 533 1375 560 enim
1386 533 1521 560 Sabellius
1536 535 1659 561 sentiens

865 576 1001 611 judicatus
1031 582 1071 604 est
1085 578 1238 605 lta‘reticus.
1252 578 1304 605 Sed
1318 579 1353 605 ita
1371 579 1423 605 duo
1446 584 1519 611 sunt,
1539 584 1568 606 ut
1580 580 1659 606 Pater

867 621 977 653 quidem
991 622 1025 648 sit
1043 622 1133 654 Pater,
1146 630 1200 649 non
1218 628 1307 650 autem
1318 623 1387 650 idem
1404 623 1497 651 Filius.
1515 624 1547 651 Et
1564 625 1659 656 Filius,

867 672 921 692 non
939 670 1029 693 antem
1046 667 1116 694 idem
1136 667 1225 694 Pater.
1245 667 1346 694 Natura
1364 676 1428 694 vero
1454 677 1506 695 una
1520 674 1570 701 est,
1596 669 1658 703 quia

867 712 974 747 genitus
989 721 1041 739 non
1057 718 1099 740 est
1112 714 1226 749 genitori
1242 714 1394 741 dissimilis.
1413 715 1461 741 Est
1477 715 1550 741 enim
1566 715 1654 750 imago

867 758 936 792 ejus.
953 758 986 785 Et
1001 759 1102 792 omnia,
1117 767 1177 794 quas
1186 759 1273 787 Patris
1300 765 1373 792 sunt,
1394 764 1459 787 sunt
1484 761 1566 786 etiam
1583 759 1656 787 Filii.

867 804 1037 839 Quapropter
1055 805 1140 832 Filius
1155 813 1208 832 non
1221 811 1263 833 est
1274 805 1343 832 alius
1357 805 1438 832 Deus.
1462 805 1555 840 Neque
1580 806 1654 833 enim

867 850 1037 878 extrinsecus
1053 850 1288 884 iuitexcogitatus,
1306 858 1359 885 qua
1368 852 1475 886 quidem
1491 857 1615 881 externa.
1626 857 1654 879 et

43 884 81 909 καὶ
94 884 179 910 πάντα
193 885 240 912 τοῦ
256 887 362 922 Πατρός
378 888 424 914 τοῦ
441 889 504 915 Υἱοῦ
520 892 590 919 ἐστι.
603 892 647 918 Διὸ
660 892 719 919 οὐδὲ
737 893 808 924 ἄλλος

868 896 1022 930 peregrina,
1035 901 1062 922 et
1076 896 1176 923 aPatre
1193 897 1280 923 aliena
1293 897 1436 924 divinitate
1452 897 1528 923 multi
1543 898 1656 925 omnino

42 928 96 961 Θεὸς
110 930 124 956 6
137 930 198 962 Υἱὸς
210 951 217 963 ,
233 932 265 958 οὐ
281 933 334 967 γὰρ
348 933 447 965 ἔξωθεν
464 937 596 972 ἐπενοήθη
607 957 614 969 ,
632 938 693 964 ἐπεὶ
707 939 814 971 πάντως

43 975 80 1000 καὶ
101 976 199 1009 πολλοὶ,
223 977 304 1013 ξένης
323 979 398 1013 παρὰ
420 980 465 1006 τοῦ
492 982 596 1016 Harpe;
619 983 814 1019 ὲπινοουμένης

43 1019 163 1055 θεότητος.
194 1022 225 1049 Εἰ
250 1024 305 1059 γὰρ
333 1025 379 1051 καὶ
407 1025 499 1061 ἕτερόν
522 1028 596 1056 ἐστιν
624 1029 662 1060 ὡς
690 1030 814 1065 γέννημα

42 1066 52 1090 ὁ
66 1065 132 1099 Υἱός,
141 1067 205 1093 ἀλλὰ
221 1069 321 1095 ταυτόν
334 1070 408 1097 ἐστιν
423 1071 458 1103 ὼς
467 1072 532 1104 Θεὸς
546 1074 593 1100 καὶ
607 1073 636 1099 ἓν
653 1074 720 1101 εἰσιν
733 1075 812 1107 αὐτὸς

41 1111 78 1135 καὶ
90 1111 103 1136 6
117 1112 207 1148 Πατὴρ
221 1115 255 1149 τῇ
273 1114 382 1150 ἰδιότητι
412 1117 457 1142 καὶ
471 1118 618 1153 οἰκειότητι
631 1119 680 1153 τῆς
695 1119 813 1154 φύσιως,

42 1157 80 1181 κεί
95 1159 122 1192 τῇ
137 1159 280 1194 ταυτότητι
295 1161 343 1193 τῆς
361 1163 424 1195 μιᾶς
438 1161 574 1198 θεότητος,
587 1163 680 1199 ὥσπερ
693 1165 809 1200 εἴρηται.

40 1202 86 1227 Καὶ
102 1204 150 1238 γὰρ
167 1206 213 1231 καὶ
227 1207 261 1232 τὺ
276 1206 447 1242 ἀπαύγασμα
464 1209 522 1243 φῶς
538 1210 620 1242 ἐστιν,
637 1211 668 1237 οὐ
686 1211 812 1247 δεύτερον

39 1247 78 1273 τοῦ
96 1249 175 1284 ήλίου,
196 1250 259 1278 οὐδὲ
279 1251 371 1289 ἕτερον
390 1254 447 1288 φῶς
461 1274 468 1287 ,
497 1255 557 1281 οὐδὲ
576 1257 646 1283 κατὰ
668 1258 811 1291 μετουσίαν

39 1294 120 1326 αὑτοῦ,
146 1296 202 1322 ἀλλ’
228 1297 295 1323 ἴδιον
317 1298 399 1325 αὐτοῦ
424 1299 558 1336 γέννημα.
584 1301 620 1328 Τὸ
644 1302 672 1328 δὲ
692 1303 811 1329 τοιοῦτον

39 1339 145 1375 γέννημα
160 1342 188 1373 ἐξ
203 1342 327 1377 ἀνάγκης
345 1343 402 1370 ἐστὶ
422 1345 490 1379 φῶς,
507 1346 554 1372 καὶ
568 1347 618 1373 οὐκ
634 1347 666 1374 ἄν
681 1356 722 1379 τις
738 1347 810 1375 εἴποι

39 1385 77 1411 δύο
88 1387 157 1420 φῶτα
169 1385 238 1414 εἶναι
255 1389 352 1422 ταῦτα,
364 1390 430 1416 ἀλλὰ
444 1391 491 1417 δύο
501 1392 561 1426 μὲν,
577 1392 651 1426 ἥλιον
663 1393 709 1420 καὶ
722 1393 810 1420 διπαὺ-

39 1437 120 1464 γασμα
130 1451 137 1464 ,
152 1432 179 1458 ἓν
195 1433 221 1459 δὲ
235 1433 269 1459 τὸ
283 1434 312 1467 ἐξ
324 1434 401 1469 ἡλίου
419 1435 475 1469 φῶς
487 1455 494 1467 ,
512 1438 540 1462 ὲν
555 1436 592 1471 τῷ
611 1438 809 1473 ἀπαυγάσματι

40 1477 172 1508 φωτίζοντα
180 1480 331 1514 πανταχοῦ.
344 1481 421 1507 Οὕτω
435 1483 482 1508 καὶ
494 1483 510 1518 ἡ
522 1482 568 1509 τοῦ
580 1483 645 1510 Υἰοῦ
657 1484 750 1520 θεότης
761 1485 808 1512 τοῦ

40 1521 131 1557 Πατρός
147 1525 228 1552 ἐστιν.
245 1525 330 1552 ’Ὅθεν
346 1528 391 1554 καὶ
408 1528 557 1564 ἀδιαίρετός
572 1530 646 1563 ἐστι,
661 1532 707 1558 καὶ
721 1532 808 1563 οὕτως

39 1565 71 1597 εἰς
93 1568 164 1602 Θεὺ;,
179 1571 226 1596 καὶ
249 1573 301 1598 οὐκ
324 1572 396 1599 ἔστιν
420 1573 499 1606 ἄλλος
519 1575 587 1611 πλὴν
613 1576 704 1604 αὐτοῦ.
730 1577 808 1604 Οὕτω

39 1614 92 1644 γοῧν
105 1614 131 1640 ἓν
148 1615 235 1642 αὐτῶν
251 1616 353 1650 ὄντων,
369 1619 415 1644 καὶ
429 1621 492 1653 μιᾶς
506 1619 587 1656 οὔσης
602 1621 651 1656 τῆς
664 1621 788 1657 θεότητος
799 1643 806 1655 ,

38 1661 64 1683 ri
77 1661 139 1686 αὐτὰ
153 1661 260 1695 λέγεται
271 1663 337 1698 περὶ
347 1663 394 1690 τοῦ
410 1664 484 1698 Υἰοῦ,
499 1667 549 1692 ὅσα
564 1666 672 1701 λέγεται
685 1668 731 1694 καὶ
744 1670 808 1704 περὶ

38 1704 75 1729 το]
89 1706 196 1741 Harpe;
211 1710 298 1743 χωρὶς
312 1709 358 1735 τοῦ
373 1710 498 1743 λέγεσθαι
511 1713 615 1747 Πατήρ·
628 1713 729 1740 Πάντα
741 1715 806 1748 τὰρ,

37 1750 105 1783 φησὶν
121 1752 197 1784 αὐτὸς
215 1754 229 1778 ὁ
246 1753 322 1785 Υἱὴς,
338 1753 396 1780 ὅσα
412 1754 474 1789 ἔχει
491 1757 507 1782 d
523 1756 625 1791 Πατὴρ
639 1757 695 1791 ἐμά
711 1758 807 1785 ἐστιν.

40 1794 64 1821 ’0
75 1797 98 1822 ἀὲ
112 1798 212 1825 ἁκούων
223 1799 259 1826 τὰ
270 1799 317 1825 τοῦ
331 1799 437 1834 [ἰατρὸς
449 1801 581 1835 λεγόμενα
596 1802 639 1836 ἐφ’
654 1803 720 1829 Υἰοῦ
746 1803 808 1837 ὕψε-

36 1849 74 1868 ται
96 1844 139 1871 καὶ
153 1842 228 1876 οὗτος
250 1846 296 1872 τὸν
315 1847 423 1881 Πατέρα
441 1847 469 1873 ἐν
492 1847 530 1882 τῷ
547 1847 613 1882 Υὶῷ.
628 1849 767 1883 Θεωρήσει
779 1849 806 1875 δὲ

35 1889 132 1916 καὶτὸν
154 1890 215 1916 Υἰὸν
240 1892 269 1918 ὲν
292 1891 331 1926 τῷ
354 1892 442 1927 Πατρ).
463 1893 527 1919 ὅταν
549 1893 584 1919 τὰ
608 1893 740 1928 λεγόμενα
765 1895 807 1927 ἐφ’

35 1933 90 1960 Υἰοῦ
109 1936 190 1962 ταῦτα
210 1937 326 1972 λέγηται
347 1938 394 1964 καὶ
417 1938 462 1964 ἐπὶ
480 1938 596 1973 Πατρός.
626 1939 670 1965 Ἐν
692 1940 746 1974 γὰρ
767 1940 806 1974 τῷ

36 1978 83 2012 Υἱῷ
96 1981 110 2015 ἡ
124 1983 242 2017 πατρικὴ
259 1982 403 2017 Θεωρεῖται
421 1982 526 2016 θεότης.
542 1983 626 2010 Τοῦτο
640 1984 668 2010 δὲ
686 1985 734 2011 καὶ
751 1985 805 2011 ἀπὸ

35 2024 74 2050 τοῦ
88 2027 304 2062 παραδείγματος
318 2028 367 2063 τῆς
380 2029 482 2060 εἰκόνος
497 2028 543 2055 τοῦ
560 2028 691 2062 βασιλέως
706 2038 806 2064 προσε-

36 2069 147 2106 χέστερόν
159 2081 198 2104 τις
211 2074 355 2100 κατανοεῖν
370 2073 525 2108 δυνήσεται.
548 2074 591 2100 Ἐν
604 2076 657 2110 γὰρ
671 2077 703 2111 τῇ
719 2076 804 2102 εἰκόνι

34 2116 72 2140 τοῦ
89 2116 212 2149 βασιλέως
226 2117 256 2143 τδ
272 2115 342 2149 εἶδος
357 2118 405 2144 καὶ
419 2120 435 2153 ἡ
452 2119 541 2154 μορφή
558 2119 616 2145 ἔστι
629 2127 636 2134 ·
654 2120 702 2146 καὶ
719 2121 748 2146 ὲν
764 2120 803 2155 τῷ

35 2159 125 2194 βασιλεί
135 2163 162 2190 δὲ
174 2163 203 2190 τὸ
215 2164 244 2190 ὲν
258 2165 289 2199 τῇ
302 2164 386 2190 εἰκόνι
400 2163 470 2195 εἶδός
480 2165 564 2192 ἐστιν.
582 2166 804 2200 Ἀπαράλλακτος

34 2207 77 2241 γάρ
90 2209 157 2235 ἐστιν
170 2210 186 2244 ή
199 2210 228 2235 ὲν
238 2211 271 2245 τῇ
286 2210 371 2236 εἰκόνι.
382 2209 429 2236 τοῦ
441 2210 572 2245 βασιλέως
580 2212 717 2247 ὁμοιότης,
731 2213 802 2239 ὥστε

34 2252 69 2277 τὸν
83 2253 209 2288 ἐνορῶντα
224 2257 258 2290 τῇ
272 2256 356 2281 εἰκόνι
366 2255 432 2291 ὁρᾷν
441 2256 469 2282 ὲν
482 2257 549 2292 αὐτῇ
565 2258 609 2284 τὸν
622 2258 744 2292 βασιλέα,
755 2261 802 2285 καὶ

34 2298 70 2323 τὸν
85 2300 156 2327 πάλιν
168 2303 274 2336 ὁρω-ιτα
294 2302 339 2328 τὸν
353 2303 469 2337 βασιλέα
483 2304 684 2338 ἐπιγινώσκειν,
697 2307 738 2332 ὅτι
755 2304 803 2332 οὗ·

33 2343 69 2374 τός
90 2345 157 2373 ἐστιν
173 2349 187 2374 6
203 2348 232 2374 ἐν
253 2349 286 2383 τῇ
300 2348 395 2376 εἰκόνι.
419 2349 465 2375 Ἐκ
480 2348 508 2376 δὲ
530 2349 577 2376 τοῦ
596 2350 633 2385 μὴ
649 2351 802 2378 διαλάττειν

32 2390 72 2424 τὴν
86 2392 227 2429 ὁμοιότητα
241 2395 280 2430 τῷ
294 2395 399 2422 θέλοντι
415 2397 484 2430 μετὰ
496 2397 544 2432 τὴν
558 2398 650 2425 εἰκόνα
662 2398 801 2434 θεωρῆσαι

32 2435 68 2461 τὶν
82 2437 196 2473 βασιλέα,
211 2441 284 2467 εἴποι
301 2441 334 2468 ἂν
349 2442 365 2477 ἡ
381 2443 464 2470 εἰκών
475 2451 482 2458 ·
498 2442 569 2477 Ἐγὼ
583 2444 630 2471 καὶ
645 2445 659 2470 ὁ
674 2445 801 2480 βασιλεὺς

32 2481 56 2508 ἓν
66 2483 150 2518 ἐσμεν.
166 2487 236 2521 Ἐγὼ
246 2489 301 2523 γὰρ
311 2488 340 2514 ἐν
354 2488 451 2524 ἐκείνῳ
464 2489 533 2524 εἰμί,
548 2491 673 2522 κάκεῖνος
685 2492 714 2519 ἐν
726 2493 799 2527 ἐμοὶ,

32 2529 71 2555 καὶ
85 2530 98 2556 ό
112 2532 175 2568 ὁρᾷς
192 2533 222 2561 ὲν
234 2534 308 2569 ἐμοὶ,
326 2534 406 2561 τοῦτο
420 2535 450 2561 lv
466 2536 563 2571 ἐκείνῳ
580 2536 699 2571 βλέπεις.
717 2539 772 2566 Καὶ
787 2539 801 2566 δ

33 2573 144 2609 ἑώρακας
162 2579 191 2605 ὲν
206 2579 315 2616 ἐκεινῳ,
331 2580 411 2608 τοῦτο
425 2580 535 2616 βλέπεις
549 2582 578 2609 ὲν
594 2583 667 2618 ἐμοί.
689 2584 718 2611 '0
735 2585 800 2618 γοῦν

31 2623 175 2653 προσκυνῶν
203 2625 253 2660 τὴν
282 2625 375 2653 εἰκόνα
419 2628 448 2653 ἑν
477 2627 546 2664 αὐτῇ
577 2630 727 2664 προσκυνεῖ
756 2630 800 2657 τὸν

33 2664 138 2698 βασιλέα,
159 2669 191 2696 Ἦ
207 2670 263 2705 γὰρ
278 2672 382 2698 ἐκείνου
401 2673 492 2708 μορφὴ
504 2694 510 2703 .
528 2675 576 2701 καὶ
591 2675 623 2702 τὺ
640 2673 710 2707 εἶδός
726 2676 800 2703 ἐστιν

31 2709 44 2742 ἡ
61 2712 144 2740 εἰκών.
170 2715 246 2742 Ἐπεὶ
267 2716 357 2744 τοίνυν
379 2719 426 2744 καὶ
445 2720 459 2746 6
480 2719 544 2752 Υἱὸς
565 2720 657 2748 εἰκὼν·
670 2722 727 2748 ἔστι
753 2723 800 2749 τοῦ

33 2754 141 2802 Πξτρδς,
169 2760 199 2792 ἐξ
223 2761 347 2797 ἀνάγκης
373 2764 431 2791 ἐστὶ
463 2766 552 2799 νοεῖν,
579 2767 620 2793 ὅτι
648 2768 665 2802 ή
693 2768 799 2802 θεότης,

31 2800 70 2826 καὶ
85 2803 203 2840 ἠίδιότης
217 2806 264 2833 τοῦ
279 2809 384 2844 Πατρός
397 2811 428 2837 τὸ
442 2809 512 2838 εἶναι
526 2812 572 2839 τοῦ
589 2800 735 2848 Υἰοῦ-ἐστι,
753 2800 799 2843 διαὶ

61 2860 152 2890 'Joan.
175 2874 226 2899 xvi,
249 2867 289 2894 15.
327 2869 337 2884 ³
351 2869 455 2904 Philipp
475 2879 504 2903 ιι,
518 2872 542 2897 6.

865 945 938 967 sunt.
953 941 1080 973 Quamvis
1102 942 1175 968 enim
1193 942 1264 968 aliud
1290 942 1324 968 sit
1340 946 1473 976 quatenus
1495 943 1601 977 genitus
1615 949 1656 970 est

863 985 960 1018 Filius,
972 986 1042 1012 idem
1060 991 1148 1013 tamen
1172 992 1224 1017 est,
1238 992 1372 1021 quatenus
1403 987 1484 1014 Deus.
1503 988 1534 1014 Et
1568 996 1650 1013 unum

863 1031 1015 1059 suntFilius
1025 1037 1049 1058 et
1059 1031 1147 1062 Pater,
1158 1033 1297 1066 quoniam,
1311 1032 1474 1064 utdiximns,
1484 1041 1536 1059 una
1547 1034 1654 1067 propria

864 1077 1011 1112 eademque
1019 1083 1125 1109 natura,
1138 1082 1164 1104 et
1177 1078 1304 1105 divinitas
1314 1082 1364 1105 est.
1379 1079 1517 1112 Siquidem
1529 1080 1655 1114 etsplen-

863 1123 913 1150 dor
926 1123 969 1150 lux
982 1128 1024 1151 est
1037 1131 1092 1151 non
1110 1124 1166 1151 sole
1178 1124 1339 1158 posteriore,
1358 1132 1447 1159 neque
1458 1125 1517 1152 luce
1529 1125 1655 1152 diversus

865 1176 879 1194 a
895 1169 961 1200 sole,
981 1176 1069 1203 neque
1083 1169 1217 1203 particeps
1229 1169 1299 1196 illius
1315 1170 1362 1196 sed
1374 1170 1513 1204 proprium
1530 1179 1653 1205 germen.

862 1213 938 1246 Quod
953 1215 1058 1249 quidem
1075 1223 1184 1250 germen
1197 1217 1307 1242 omnin)
1321 1216 1366 1242 lux
1382 1221 1434 1247 est,
1457 1225 1544 1251 neque
1566 1217 1653 1244 lucem

862 1260 995 1294 duplicent
1009 1260 1055 1287 sed
1075 1268 1137 1287 cum
1153 1261 1206 1288 duo
1222 1262 1286 1293 sint,
1303 1262 1343 1289 sol
1359 1266 1387 1289 et
1413 1262 1552 1296 splendor,
1570 1271 1649 1289 unam

863 1310 951 1332 tamen
969 1313 984 1332 c
997 1306 1055 1333 solo
1069 1306 1156 1333 lucem
1173 1307 1285 1339 dixeris,
1301 1308 1445 1342 splendore
1472 1308 1653 1335 illustrantem

861 1352 961 1379 omnia.
979 1351 1022 1379 Sic
1031 1357 1056 1379 et
1071 1351 1130 1378 Filii
1142 1352 1270 1380 divinitas
1280 1353 1367 1380 Patris
1379 1358 1431 1385 est,
1449 1354 1563 1388 ideoque
1570 1354 1652 1381 dividi

861 1406 914 1424 non
935 1401 1034 1432 potest.
1046 1397 1091 1426 Sic
1105 1406 1176 1426 unus
1189 1404 1229 1426 est
1243 1399 1324 1431 Deus,
1335 1404 1362 1426 et
1373 1407 1428 1427 non
1445 1405 1486 1429 est
1500 1401 1569 1427 alius
1586 1409 1654 1435 pra:-

862 1447 902 1469 ter
922 1443 1004 1470 ltunc.
1027 1444 1120 1478 Itaque
1133 1452 1194 1471 cum
1212 1453 1295 1472 unum
1312 1446 1376 1477 sint,
1394 1451 1421 1473 et
1437 1454 1490 1473 una
1508 1447 1541 1473 sit
1556 1454 1651 1473 eorum

861 1488 1003 1521 divinitas,
1021 1497 1080 1524 qum
1095 1490 1223 1517 dicuntur
1234 1490 1268 1518 de
1278 1490 1357 1524 Filio,
1373 1491 1466 1518 eadem
1483 1491 1610 1518 dicuntur
1620 1492 1653 1518 de

860 1535 940 1562 Patre
953 1539 1076 1569 excepto,
1090 1535 1163 1569 quod
1181 1535 1259 1563 Pater
1271 1536 1325 1568 hic,
1350 1536 1434 1564 F.lius
1451 1538 1494 1564 ille
1521 1536 1652 1564 duntaxat

861 1580 980 1607 dicitur:
997 1581 1092 1607 Omnia
1106 1582 1184 1613 enim,
1199 1582 1288 1616 inquit
1303 1583 1360 1617 ipse
1384 1583 1477 1614 Filius,
1496 1591 1554 1617 qua:
1573 1583 1653 1610 Pater

858 1627 943 1657 habet,
959 1635 1016 1653 mea
1026 1632 1086 1653 sunt
1113 1627 1130 1652 ί.
1146 1627 1205 1654 Jam
1219 1628 1265 1662 qui
1277 1629 1352 1655 audit
1362 1636 1391 1655 ea
1404 1637 1464 1663 quae
1478 1628 1565 1656 Patris
1577 1634 1652 1659 sunt,

858 1672 892 1700 de
905 1672 973 1699 Filio
983 1673 1047 1705 dici,
1062 1673 1164 1700 videbit
1180 1678 1207 1701 et
1224 1675 1280 1708 ipse
1289 1674 1396 1702 Patrem
1413 1675 1440 1702 in
1455 1673 1533 1701 Filio.
1548 1675 1579 1702 Et
1589 1683 1651 1702 cum

859 1718 994 1753 intelliget
1009 1727 1039 1746 ea
1054 1727 1114 1753 quae
1125 1720 1157 1746 de
1172 1719 1240 1746 Filio
1254 1720 1392 1752 dicuntur,
1418 1721 1452 1747 de
1468 1720 1548 1747 Patre
1569 1721 1651 1747 etiam

859 1764 922 1797 dici,
938 1765 1034 1792 Filium
1052 1766 1079 1792 in
1095 1766 1175 1794 Patre
1189 1767 1333 1801 spectabit.
1350 1767 1377 1793 ln
1393 1767 1462 1794 Filio
1478 1768 1549 1793 enim
1561 1768 1651 1794 cerni<

859 1815 904 1838 tur
918 1811 1048 1838 divinitas
1057 1811 1154 1838 Patris.
1163 1811 1218 1839 lloe
1228 1819 1317 1840 autem
1333 1813 1413 1847 regis:
1422 1813 1546 1844 imaginis
1558 1821 1650 1839 exeni-

858 1857 904 1892 plo
921 1857 1027 1884 facilius
1049 1857 1164 1893 intelligi
1179 1859 1289 1893 poterit.
1318 1858 1346 1885 ln
1368 1860 1484 1894 imagine
1510 1859 1583 1886 enim
1609 1865 1650 1887 est

857 1903 972 1937 species,
981 1907 1009 1930 et
1016 1903 1102 1931 forma
1113 1905 1194 1939 regis.
1202 1905 1235 1932 Et
1242 1905 1269 1931 in
1276 1905 1336 1940 ipso
1343 1913 1404 1941 rege
1413 1905 1651 1940 specicsimaginis

857 1954 910 1977 est.
919 1948 1054 1977 Constans
1061 1950 1134 1978 enim
1143 1955 1186 1978 est
1196 1951 1222 1977 in
1239 1951 1356 1986 imagine
1365 1952 1435 1987 regis
1445 1952 1604 1979 similitudo.
1615 1952 1650 1980 Ut.

857 1995 903 2029 qui
921 1997 1122 2030 contemplatur
1136 1997 1294 2032 imaginem,
1313 1998 1340 2024 in
1361 1998 1418 2032 ipsa
1456 2006 1546 2033 regem
1568 2007 1652 2034 agno-

857 2046 917 2068 scat
936 2047 963 2069 et
981 2042 1080 2069 videat.
1094 2043 1134 2077 ,Et
1154 2051 1261 2070 rursum
1277 2044 1323 2078 qui
1342 2051 1432 2079 regem
1456 2045 1565 2079 aspicit,
1588 2054 1650 2072 cum

855 2094 925 2120 esse,
939 2093 1078 2123 agnoscat.
1095 2089 1143 2123 qui
1159 2089 1187 2116 in
1202 2090 1321 2125 imagine
1338 2091 1517 2118 cernebatur.
1550 2091 1651 2124 Quam-

855 2133 950 2160 obrem
966 2134 1000 2161 ob
1015 2139 1116 2160 certam
1131 2139 1158 2161 et
1168 2135 1236 2162 nihil
1251 2135 1424 2163 diﬂ'erentem
1438 2136 1648 2164 similitudinem

855 2179 879 2204 el
896 2179 942 2212 qui
969 2187 1049 2214 persp
1061 2185 1109 2207 -cta
1136 2181 1254 2215 imagine
1277 2181 1396 2208 voluerit
1419 2190 1508 2216 regem
1533 2182 1646 2213 intueri.

817 2233 841 2264 ι)
855 2223 970 2258 imagine
979 2226 1081 2258 poterit
1103 2225 1140 2252 ita
1155 2225 1247 2252 dicere
1265 2235 1271 2252 ι
1287 2225 1339 2260 Ego
1349 2230 1377 2253 et
1389 2234 1434 2253 rex
1450 2235 1532 2253 unum
1543 2235 1648 2254 sumus.

854 2266 910 2303 Ego
922 2270 995 2295 enim
1013 2270 1039 2295 in
1055 2270 1099 2296 illo
1110 2277 1182 2301 sum,
1197 2275 1224 2297 et
1234 2270 1279 2296 ille
1291 2270 1318 2296 in
1330 2278 1381 2298 me.
1396 2271 1428 2297 Et
1439 2272 1510 2306 quod
1522 2273 1649 2300 cernisin

853 2322 909 2346 me,
920 2315 991 2342 idem
1009 2316 1036 2342 in
1046 2323 1078 2342 eo
1091 2315 1255 2350 conspicias,
1267 2321 1294 2343 et
1307 2317 1379 2350 quod
1396 2317 1423 2343 in
1436 2317 1482 2344 illo
1499 2319 1647 2351 conspicis,

854 2359 927 2387 idem
938 2367 1036 2387 cernes
1046 2360 1071 2387 in
1084 2368 1136 2388 me.
1146 2360 1196 2393 Qui
1207 2369 1270 2396 ergo
1283 2362 1375 2389 adorat
1384 2363 1540 2397 imaginem,
1553 2363 1580 2390 in
1592 2364 1650 2398 ipsa

851 2413 942 2440 regem
959 2406 1066 2434 adorat.
1077 2406 1143 2433 Nam
1164 2408 1224 2441 ejus
1235 2407 1338 2443 eﬂigies
1347 2412 1373 2435 et
1389 2408 1475 2436 forma
1489 2409 1578 2445 imago
1597 2416 1649 2438 est.

851 2451 985 2484 Quoniam
1007 2453 1088 2488 igitur
1097 2453 1184 2481 Filius
1197 2458 1240 2481 est
1254 2454 1343 2489 imago
1359 2455 1454 2488 Patris,
1473 2455 1650 2491 intelligimus

851 2498 1010 2526 necessario
1023 2499 1195 2526 divinitatem
1211 2504 1238 2527 et
1268 2501 1462 2535 proprietatem
1479 2502 1567 2529 Patris
1587 2511 1648 2531 esse

850 2545 997 2572 essentiam
1005 2544 1078 2573 Filii.
1085 2546 1172 2580 Atque
1182 2545 1234 2573 hoc
1242 2546 1308 2574 illud
1317 2548 1434 2582 estquod
1444 2549 1558 2576 eaverba
1569 2550 1650 2585 signi-

850 2590 934 2618 ﬁcant
946 2599 952 2618 :
964 2590 1015 2623 Qui
1025 2600 1084 2618 cum
1094 2592 1214 2627 informa
1230 2593 1276 2619 Dei
1284 2598 1348 2620 esset
1361 2595 1382 2621 '.
1402 2593 1487 2622 Porro
1496 2595 1648 2624 divinitatis

850 2636 937 2664 forma
944 2644 998 2664 non
1008 2644 1040 2664 ex
1049 2637 1128 2665 Patre
1135 2642 1188 2670 est,
1198 2638 1246 2665 sed
1255 2639 1404 2666 divinitatis
1413 2640 1499 2668 Patris
1507 2641 1648 2676 plenitudo

854 2686 896 2709 est
904 2683 1022 2710 essentia
1033 2682 1103 2716 Filii,
1117 2682 1271 2711 etVerbum
1283 2685 1352 2712 Deus
1368 2691 1410 2713 est
1428 2686 1522 2714 Filius.
1543 2687 1646 2720 Quam-

854 2728 949 2756 obrem
977 2730 1090 2764 aequalis
1107 2731 1243 2758 exsistens
1270 2740 1320 2758 non
1349 2733 1472 2766 rapinam
1498 2732 1645 2759 arbitratus

855 2777 904 2806 est,
926 2782 980 2801 esse
995 2782 1023 2802 se
1040 2775 1168 2810 aequalem
1182 2775 1248 2804 Deo.
1269 2777 1300 2803 Et
1315 2778 1378 2811 quia
1390 2777 1450 2805 Filii
1477 2777 1603 2805 divinitas
1617 2781 1645 2805 et
1666 2779 1670 2782 ‘

854 2819 961 2854 species
975 2828 1029 2847 non
1044 2821 1124 2854 alius,
1142 2821 1193 2848 nisi
1211 2821 1298 2849 Patris
1323 2827 1376 2856 est,
1402 2823 1463 2850 ideo
1478 2822 1545 2850 dixit
1560 2831 1566 2850 :
1587 2823 1643 2858 Ego
