1902 3078
228 139 279 172 415

855 140 1045 172 EUTllYMIl
1065 140 1246 171 ZlGABENI
1802 141 1847 172 4Ιῦ

228 195 317 229 imago
344 203 397 221 non
422 195 469 227 sit,
488 195 536 222 scd
550 202 584 222 ne
611 195 803 229 pmprictaleut
831 194 939 228 quidem
967 199 1011 221 aut

1066 193 1133 220 Θεοῦ
1146 201 1152 227 ;
1165 194 1230 229 περὶ
1248 192 1277 220 δὲ
1293 192 1386 225 αὑτοῦ,
1410 193 1451 220 ὅτι
1465 193 1544 228 μόνος
1564 192 1647 220 εἰκὼν
1662 193 1788 229 ἀληθινὴ,
1803 197 1848 222 καὶ

228 241 432 267 similitudinem
447 240 534 268 Patris
552 240 634 267 ullam
663 240 764 267 habere
789 239 922 266 videatur.
949 239 1015 272 Qua:

228 287 300 312 cutim
323 286 370 316 illi.
396 285 417 312 si
440 286 639 313 commutabilis
664 292 715 317 est.
734 294 795 313 cum
811 285 889 314 Patre
916 286 1014 313 simili-

213 355 219 358 .
230 331 314 357 ludo?
328 330 359 357 Et
374 329 473 357 Paulus
486 330 600 358 docebat
615 339 708 358 eorum
722 332 831 364 similia,
843 339 902 366 qua:
914 332 1015 359 docue-

230 381 272 402 rat
293 375 429 407 Servator,
450 383 500 403 nec
521 380 610 403 tamen
642 377 667 404 ei
689 377 786 404 similis
808 383 866 404 erat
885 378 1012 405 essentia.

230 422 369 455 Ejusmodi
390 427 452 449 sunt
477 422 591 449 istorum
612 431 701 457 nugze.
732 424 766 450 At
780 423 864 450 Filius
880 429 905 450 et
933 424 1013 451 Pater

229 475 242 494 s
254 475 267 494 c
284 475 366 493 unum
380 471 453 500 sunt,
469 471 497 494 ut
513 466 610 494 F.1ium
625 476 686 494 cum
698 467 785 500 Patre.
799 473 827 495 et
837 469 1012 503 splendorem

229 520 290 538 cum
305 512 361 539 sole
378 520 460 538 unum
483 520 544 539 esse
568 513 768 548 cognoscimus.
790 513 827 539 Ex
843 522 896 548 quo
922 514 960 543 ﬁt.
985 519 1015 541 ut

229 562 325 591 agente
347 556 417 584 Filio
431 557 511 584 Pater
527 562 598 593 agat,
616 563 642 585 et
659 559 784 585 veniente
809 559 877 586 Filio
897 561 929 586 ad
953 567 1014 586 san-

229 609 298 636 ctos,
319 603 399 630 Paler
417 603 444 630 in
459 604 528 631 Filio
548 605 650 631 veniat.
674 605 791 639 imagine
805 606 877 632 enim
893 606 1014 633 cernitur

228 647 318 680 Pater,
330 654 357 674 et
373 648 399 674 in
412 649 556 683 splendore
568 650 614 676 lux
625 654 679 676 est.
695 650 877 687 Quaprolitcr,
888 653 916 676 ut
932 650 1013 684 paulo

227 698 291 720 ante
303 693 431 724 diximus,
448 693 526 720 Patre
553 695 665 729 gratiam
689 699 714 721 et
744 702 837 729 pacem
870 695 1012 730 largiente,

227 747 287 765 eam
303 740 415 774 largitur
433 739 528 772 Filius,
542 744 571 766 ut
593 740 692 767 Paulus
706 741 732 767 in
750 741 875 767 omnibus
886 740 1013 775 Epistolis

227 785 285 811 suis
308 785 442 819 signiﬁcat
466 793 472 811 :
491 785 584 812 Gratia
616 786 697 817 vobis,
719 786 856 819 inquiens,
878 791 903 813 et
929 793 1010 820 paxa

226 830 281 856 Ι)υο
302 830 383 857 Patre
408 837 494 857 nostra
518 836 540 857 et
561 832 671 857 Domino
695 831 759 858 .lcsu
784 830 885 858 Christo
902 831 922 858 '.
952 831 1011 858 Una

1066 241 1146 273 φύσει
1155 239 1202 266 τοῦ
1222 240 1328 274 Πατρός
1343 240 1428 266 ἐστιν.
1444 239 1475 266 Et
1491 239 1546 275 γὰρ
1561 240 1607 266 καὶ
1621 241 1683 266 κατ’
1698 240 1791 268 εικόνα
1804 250 1848 275 γε-

1065 285 1193 320 γόναμεν,
1208 286 1255 311 καὶ
1267 284 1360 318 εἰκὼν,
1375 285 1423 311 καὶ
1443 285 1506 318 δόξα
1521 285 1588 312 Θεοῦ
1611 286 1846 321 ἐχρηματίσαμεν,

1065 331 1123 357 ἀλλ’
1142 331 1172 357 οὺ
1190 331 1223 357 δι’
1238 331 1352 362 ἑαυτοὺς
1376 330 1469 364 πάλιν,
1498 330 1542 357 διὰ
1554 331 1583 357 δὲ
1607 332 1657 366 τὴν
1671 333 1849 367 ἐνοικήσασαν

1064 377 1131 410 ἡμῖν
1149 376 1251 407 εἰκόνα,
1275 377 1321 402 καὶ
1339 376 1427 411 ἀληθῆ
1443 376 1521 408 δόξαν
1543 377 1590 402 τοῦ
1603 376 1682 409 Θεοῦ,
1698 378 1762 412 ἥτις
1779 378 1849 404 ἐστὶν

1064 421 1078 447 6
1098 421 1182 454 Λόγος
1200 420 1248 447 τοῦ
1270 421 1354 453 Θεοῦ,
1377 421 1436 447 όδι¹
1463 422 1537 455 ἡμᾶς
1563 421 1678 454 ὕστερον
1704 422 1850 456 γενόμενος

1066 465 1145 500 σὰρξ,
1160 465 1262 500 ταύτην
1276 467 1327 500 τῆς
1338 465 1460 500 κλήσεως
1472 465 1570 500 ἔχομεν
1581 465 1629 500 τὴν
1646 467 1739 502 χάριν.
1756 467 1849 501 ’Δνάγ-

1065 520 1099 546 κη
1116 511 1144 538 δέ
1170 511 1219 547 τὴν
1230 512 1361 546 ὁμοίωσιν
1384 512 1431 539 xat
1446 513 1494 548 τὴν
1509 513 1623 547 ἑνότητα
1638 514 1683 539 ἐπ’
1699 513 1787 549 αὐτὴν
1802 514 1847 549 τὴν

1064 557 1159 583 οὐσίαν
1170 556 1216 582 τοῦ
1233 556 1298 583 Υἱοῦ
1318 557 1423 592 φέρειν.
1447 558 1476 584 Et
1490 558 1544 592 γὰρ
1562 558 1599 593 μὴ
1613 558 1685 585 οὕτω
1706 567 1749 590 τις
1763 559 1844 593 λέγει,

1065 602 1125 628 οὕτε
1139 602 1217 628 πλέον
1227 611 1253 628 τι
1273 603 1326 628 τῶν
1350 603 1470 636 γενητῶν
1492 603 1561 637 ἔχων
1575 603 1739 638 φανήσεται,
1755 603 1846 638 ὥσπερ

1065 648 1182 681 εἴρηται,
1198 647 1259 673 οὕτε
1270 647 1317 674 τοῦ
1332 648 1437 682 Πατρδς
1448 649 1540 682 ὅμοιος
1549 648 1638 680 ἐσται,
1650 649 1720 675 ἀλλὰ
1734 649 1790 675 τῶν
1801 650 1845 675 τοῦ

1064 692 1171 726 Πατρός
1187 692 1279 726 ὅμοιος
1294 692 1371 719 ἐσται
1385 693 1538 727 δογμάτων,
1556 693 1662 720 καὶτοῦ
1678 694 1785 728 Πατρδς
1795 693 1849 720 δια-

1065 738 1153 772 φέρει.
1172 737 1232 763 Ὀτι
1250 737 1300 772 μὲν
1318 738 1411 773 Πατὴρ
1426 739 1520 774 Πατήρ
1537 739 1606 771 ἐστι,
1620 739 1655 765 τὰ
1673 739 1701 766 δὲ
1716 740 1848 775 δόγματα,

1064 783 1112 808 καὶ
1125 783 1140 818 ἡ
1152 783 1310 810 διδασκαλία
1326 783 1374 810 τοῦ
1391 784 1497 819 Πατρός
1521 786 1604 811 ἐστιν.
1618 786 1648 811 Ei
1666 785 1758 812 τοίνυν
1783 786 1849 812 κατὰ

1064 828 1099 853 τὰ
1112 827 1236 862 δόγματα
1261 829 1310 854 καὶ
1323 829 1373 863 τὴν
1387 828 1561 855 διδασκαλίαν
1571 830 1664 864 ὅμοιός
1676 831 1751 857 ἐστιν
1764 831 1779 857 6
1791 831 1850 861 Υἱὸς

227 875 300 901 enim
319 880 346 902 et
359 876 453 902 eadem
473 881 514 903 est
530 877 614 910 gratia
631 883 645 902 a
663 875 741 903 Patre
763 878 789 902 in
809 876 889 908 Filio,
904 882 933 903 ut
958 884 1011 903 una

1066 874 1109 900 τοῦ
1129 874 1244 908 Πατρδς,
1257 875 1270 900 6
1286 874 1336 909 μὲν
1354 875 1449 909 Πατὴρ
1467 875 1527 901 κατ’
1540 875 1640 907 αὐτοὺς
1665 876 1779 911 ὀνόματι
1796 878 1849 904 Πα-

228 921 273 946 lux
288 925 329 947 est
346 921 412 947 solis
427 926 452 948 et
471 922 630 955 splendoris.
649 922 766 949 Rursum
782 922 815 949 ad
832 922 1009 949 Thessaloni-

228 974 326 993 censes
343 967 476 995 scribens.
499 973 624 1001 precatur
648 975 655 994 :
683 968 751 1002 Ipse,
776 967 915 1000 inquiens,
943 967 1010 993 Deus

227 1016 325 1042 noster,
348 1017 372 1038 et
401 1011 526 1039 Dominus
555 1018 640 1039 noster
665 1013 739 1039 Jesus
764 1013 883 1039 Christus
916 1013 1011 1046 dirigat

227 1060 297 1086 viam
311 1064 427 1095 nostrum
441 1059 475 1086 ad
493 1068 535 1086 vos
550 1059 573 1088 ‘.
592 1059 620 1086 In
636 1067 688 1094 quo
708 1059 816 1092 quidem
843 1059 902 1085 loco
926 1058 1014 1084 anim-

226 1106 423 1133 advertendum
465 1111 518 1139 est,
553 1106 640 1140 ipsum
668 1113 722 1132 non
745 1105 861 1132 dicere:
880 1104 1012 1138 Dirigant,

227 1150 286 1182 sed,
322 1150 438 1185 Dirigat,
460 1155 489 1177 ut
503 1158 558 1177 non
571 1155 697 1185 tanquam
719 1158 732 1176 a
747 1150 853 1177 duobus
876 1149 1010 1184 duplicem

227 1197 352 1230 gratiam,
377 1196 423 1223 sed
453 1201 481 1223 ut
503 1198 537 1223 ab
560 1204 615 1223 uno
636 1196 750 1230 gratiam
780 1203 861 1222 unam
883 1195 942 1222 dari
961 1195 1011 1221 dc-

227 1247 370 1270 monstret.
400 1243 535 1275 Quoniam
564 1242 644 1269 Pater
668 1242 739 1269 illam
762 1249 812 1276 per
834 1241 930 1273 Filium
953 1241 1010 1270 dat.

227 1288 293 1320 Quae
313 1289 391 1323 plane
409 1296 452 1315 res
464 1288 551 1315 Patris
569 1293 596 1315 et
612 1288 672 1315 Filii
689 1288 791 1314 indicat
815 1287 958 1314 unitatem.

1063 920 1114 953 τήρ
1128 919 1213 950 ἐστιν,
1231 920 1245 945 6
1258 919 1286 946 δὲ
1301 919 1365 951 Υἱὸς
1377 921 1428 946 οὐκ
1441 921 1650 954 ἀπαράλλακτος
1666 921 1761 953 εἰκὼν,
1779 923 1846 957 μᾶλ-

1063 965 1108 990 λον
1123 964 1151 990 δὲ
1180 964 1242 991 οὐδὲ
1257 964 1327 995 ὅλως
1344 965 1472 1000 ἰδιότητα,
1488 965 1642 1000 ἢόμοίωσίν
1656 975 1716 993 τινα
1737 967 1787 992 τοῦ
1799 968 1851 994 [Ir

1063 1009 1126 1044 τρὺς
1142 1009 1211 1044 ἔχων
1225 1010 1387 1044 φανήσεται.
1404 1011 1472 1037 Ποία
1482 1011 1535 1045 γὰρ
1547 1012 1676 1045 ὁμοίωσις
1691 1012 1739 1038 καὶ
1751 1012 1851 1047 ἰδιότης

1066 1055 1105 1090 τῷ
1119 1056 1373 1091 παρεξηλλαγμένῳ
1389 1056 1435 1082 τοῦ
1457 1056 1561 1091 Πατρός
1575 1066 1582 1090 ;
1606 1058 1663 1084 Καὶ
1677 1059 1732 1092 γὰρ
1747 1059 1761 1084 6
1779 1059 1849 1084 Παῦ-

1065 1101 1110 1133 λος
1125 1102 1205 1136 ὃμοια
1221 1101 1259 1137 τῷ
1277 1101 1366 1136 Πατρὶ
1381 1102 1524 1133 διδάσκων,
1551 1103 1600 1129 οὐκ
1628 1102 1661 1138 ἦν
1679 1104 1740 1129 κατ’
1757 1104 1850 1130 οὐσίαν

1064 1148 1155 1182 ὅμοιος
1170 1148 1254 1182 αὐτῷ.
1277 1148 1390 1175 Ἐκεῖνοι
1412 1148 1461 1183 μὲν
1476 1146 1523 1176 οὖν
1539 1150 1650 1175 τοιαῦτα
1665 1149 1848 1184 φλυαροῦσιν·

1063 1193 1077 1219 6
1089 1193 1116 1219 δὲ
1130 1193 1192 1224 Υἱὸς
1208 1194 1254 1220 καὶ
1267 1193 1281 1219 6
1303 1194 1398 1229 Πατὴρ
1410 1194 1496 1226 οὕτως
1516 1194 1585 1220 εἰσιν
1597 1194 1636 1226 ἐν,
1646 1195 1683 1226 ὼς
1694 1195 1766 1221 ἔστιν
1778 1196 1851 1226 ἰδεῖν,

1064 1238 1112 1265 καὶ¹
1137 1239 1206 1265 νοεῖν
1226 1239 1289 1265 Υίὸν
1313 1239 1381 1273 πρὸς
1399 1240 1522 1275 Πατέρα,
1548 1241 1594 1266 καὶ
1620 1240 1651 1267 τὸ
1679 1241 1851 1275 ἀπαύγασμα

1064 1285 1132 1320 πρὸς
1158 1285 1203 1311 τὸν
1227 1285 1314 1320 ἥλιον.
1343 1285 1391 1312 Διὰ.
1407 1287 1462 1321 γὰρ
1476 1286 1505 1312 τὸ
1520 1285 1606 1318 οὓτως
1621 1295 1690 1313 ειναι
1713 1287 1759 1313 τὸν
1778 1287 1850 1324 ϊὶὸν,

227 1333 409 1368 ἐργαζομένου
424 1334 471 1360 τοῦ
490 1334 566 1365 Υῐοῦ,
586 1335 600 1360 ὁ
616 1333 707 1368 Πατὴρ
726 1331 893 1367 ἐργάζεται,
911 1333 958 1358 καὶ
982 1331 1129 1366 ἐρχομένου
1148 1331 1195 1357 τοῦ
1230 1331 1295 1358 Υίοῦ
1315 1333 1384 1367 πρὸς
1404 1333 1467 1365 τοὺς
1495 1333 1601 1366 ἁγίους,
1621 1332 1635 1358 6
1651 1333 1745 1367 Πατήρ
1780 1333 1852 1359 ἐστιν

226 1382 240 1406 6
256 1379 400 1414 ἐρχόμενος
412 1381 440 1405 ὲν
451 1379 489 1414 τῷ
502 1379 569 1412 Υίῷ.
586 1380 631 1405 Ἐν
642 1379 696 1414 γὰρ
718 1380 751 1413 τῇ
771 1380 856 1404 εικόνι
870 1378 1012 1412 θεωρεῖται
1031 1377 1046 1402 6
1081 1376 1186 1412 Πατὴρ,
1203 1377 1250 1404 καὶ
1273 1379 1302 1405 ἐν
1313 1377 1352 1413 τῷ
1373 1378 1572 1412 ἁπαυγάσματι
1596 1379 1654 1404 ἐστι
1675 1378 1705 1405 ’τὸ
1721 1378 1793 1412 φῶς.
1806 1379 1853 1404 Διὰ

225 1426 317 1458 τοῦτο,
330 1426 400 1452 καθὰ
420 1426 511 1461 μικρῷ
530 1427 644 1461 πρόσθεν
669 1426 794 1460 εἴπομεν,
825 1425 940 1456 διδόντος
965 1424 1011 1450 τοῦ
1032 1425 1137 1460 Πατρὺς
1170 1425 1251 1459 χάριν
1267 1426 1315 1452 καὶ
1339 1426 1461 1461 εἰρήνην,
1496 1425 1598 1461 ταύτην
1612 1427 1627 1452 6
1652 1425 1716 1458 Υίὺς
1731 1425 1852 1457 δίδωσιν,

225 1471 264 1502 ὡς
282 1471 296 1496 6
312 1470 416 1500 Παῦλος
436 1470 648 1505 ἐπισημαίνεται
676 1469 719 1495 δά
749 1469 839 1502 πάσης
867 1469 1012 1503 ἐπιστολῆς
1040 1469 1165 1504 γράφων,
1193 1470 1284 1504 Χάρις
1313 1471 1385 1506 ὑμῖν
1410 1472 1459 1498 καὶ
1496 1472 1600 1506 εἰρήνη
1619 1472 1678 1498 ἀπὸ
1695 1472 1770 1499 Θεοῦ
1792 1475 1853 1500 Πα-

227 1517 296 1549 τρὸς
315 1515 409 1549 ἡμῶν,
442 1516 492 1542 καὶ
509 1516 619 1549 Κυρίου
637 1515 740 1549 Ἰησοῦ
759 1515 899 1548 Χριστοῦ.
912 1515 968 1541 Μία
997 1515 1050 1550 γὰρ
1067 1515 1143 1551 καὶὴ
1172 1517 1240 1551 αὑτὴ
1268 1517 1348 1552 χάρις
1371 1518 1431 1544 ἐστὶ
1457 1518 1533 1552 παρὰ
1550 1519 1656 1552 Πατρὺς
1672 1519 1700 1545 ἐν
1727 1519 1799 1554 rte.
1812 1521 1850 1546 ὡς

227 1563 301 1588 ἐστιν
314 1561 343 1588 ἒν
361 1562 389 1588 τὸ
405 1562 463 1596 φῶς
474 1562 521 1588 τοῦ
550 1562 638 1596 ἡλίου,
663 1562 709 1588 καὶ
724 1561 770 1587 τοῦ
799 1560 1026 1595 ἁπαυγάσματος.
1048 1562 1132 1589 Πάλιν
1152 1561 1198 1590 οὖν
1228 1564 1411 1598 ἐπευχόμενος
1425 1564 1659 1591 ιΘεσσαλονικεῦσι
1683 1565 1729 1591 καὶ
1750 1565 1850 1599 λέγων’

227 1609 323 1641 Αὐτὸς
337 1610 371 1635 δὲ
385 1611 400 1635 ό
416 1610 488 1642 Θεὸς
508 1609 557 1636 καὶ
579 1609 681 1642 Πατὴρ
707 1608 791 1643 ἡμῶν
821 1608 871 1634 καὶ
901 1610 918 1635 ὀ
941 1609 1049 1642 Κύριος
1066 1610 1150 1644 ἡμῶν
1184 1611 1304 1645 Ἰησοῦς
1315 1611 1443 1645 Χριστὸς
1470 1612 1682 1638 κατευθύναιεν
1697 1612 1753 1644 τὴν
1782 1613 1853 1639 ὁδέγ

227 1656 312 1690 ἡμῶν
332 1657 406 1690 πρὸς
420 1657 507 1691 ὑμᾶς,
528 1657 577 1691 τὴν
592 1657 704 1690 ἑνότητα
716 1655 762 1682 τοῦ
778 1656 883 1690 Πατρὺς
899 1656 946 1682 καὶ
965 1656 1012 1682 τοῦ
1033 1657 1097 1684 Υίοῦ
1115 1658 1256 1692 ἐφύλαξεν.
1273 1658 1310 1686 Οὺ
1339 1658 1393 1693 γὰρ
1408 1657 1469 1685 εἷπε
1502 1658 1706 1689 κατευθύναιεν,
1719 1657 1754 1689 ὡς
1776 1660 1851 1692 παρᾶ

227 1701 272 1728 δύο
284 1701 434 1736 διδομένης,
449 1702 524 1735 παρὰ
541 1701 637 1727 τούτου
663 1701 710 1727 καὶ
723 1700 819 1727 τούτου
849 1700 947 1735 διπλῆς
976 1701 1098 1736 χάριτος,
1123 1703 1191 1729 ἀλλὰ
1207 1704 1397 1735 κατευθύναι,
1424 1703 1467 1729 ἳνα
1498 1703 1582 1738 δείξῃ,
1604 1704 1644 1730 ὅτι
1664 1704 1678 1729 6
1695 1704 1791 1738 Πατὴρ
1809 1704 1851 1731 διὰ

228 1749 273 1775 τοῦ
289 1747 353 1774 Υἱοῦ
369 1748 460 1774 δίδωτι
471 1747 583 1781 ταύτην.
609 1748 663 1773 Καὶ
681 1748 698 1782 ἡ
718 1748 790 1778 δόσις
807 1746 876 1782 αὕτη
892 1747 1010 1774 δείκνυσι
1030 1750 1079 1783 τὴν
1094 1751 1209 1785 ἑνότητα
1223 1751 1270 1777 τοῦ
1289 1750 1394 1784 Πατρὺς
1410 1751 1455 1777 καὶ
1468 1750 1514 1776 τοῦ
1526 1751 1602 1778 Υίοῦ.

495 1793 536 1820 Ea:
554 1794 641 1820 eodem
660 1793 734 1820 libro.

265 1841 365 1867 Beatus
376 1839 496 1866 Joannes
511 1839 622 1865 brevius
647 1843 674 1865 et
687 1839 835 1873 perfectius
855 1848 935 1875 quam
954 1848 1013 1872 nos,

232 1888 328 1913 borum
340 1886 482 1912 verborum
509 1891 618 1911 sensum
645 1885 809 1918 explanabit,
834 1890 862 1912 et
879 1886 1017 1920 cobibebig

228 1932 353 1963 Arianos,
373 1938 406 1957 ne
421 1929 535 1964 amplius
562 1936 590 1956 se
615 1929 692 1963 tales,
722 1931 809 1964 qualis
841 1936 883 1958 est
910 1931 1014 1964 Filius,

227 1976 383 2010 opinentur.
430 1974 555 2008 Alioquin
604 1974 655 2009 ipsi
698 1983 807 2010 quoque
847 1976 914 2003 illud
966 1985 1016 2003 au-

228 2022 326 2048 dient:
347 2020 388 2048 Tu
415 2028 444 2047 es
468 2020 560 2052 homo,
583 2024 611 2047 et
634 2027 689 2047 non
713 2019 793 2048 Deus.
811 2020 844 2047 Et
856 2021 924 2054 noli,
953 2029 1014 2049 eum

228 2074 330 2101 pauper
358 2065 406 2098 sis,
423 2071 448 2092 te
462 2073 523 2091 cum
540 2065 624 2092 divite
650 2066 688 2092 uti
720 2065 853 2100 aequalem
876 2074 1016 2101 compara-

228 2121 268 2139 re.
282 2112 327 2139 Sic
343 2112 424 2146 igitur
444 2110 562 2138 Joannes
585 2111 697 2138 scribit:
709 2111 741 2138 In
763 2112 810 2138 Itoc
826 2113 1012 2147 cognoscimus,

228 2158 296 2191 quod
307 2158 333 2182 in
349 2158 404 2191 ipso
419 2165 553 2183 manemus
576 2162 600 2183 et
616 2157 706 2190 ipsein
723 2158 807 2190 nobis,
837 2159 958 2193 quoniam
983 2163 1014 2186 de

228 2203 332 2236 Spiritu
342 2210 390 2228 suo
399 2202 470 2228 nobis
480 2203 549 2228 dedit
561 2202 582 2229 ³.
607 2205 697 2235 Quare
708 2207 818 2237 propter
828 2204 940 2237 gratiam
952 2204 1014 2238 Spi-

228 2249 297 2275 ritus
313 2248 391 2274 nobis
403 2248 580 2282 impertitam,
594 2252 622 2275 et
636 2256 685 2275 nos
704 2249 731 2275 in
748 2249 807 2283 ipso
834 2257 976 2276 manemus
987 2255 1014 2278 et

228 2293 287 2326 ipse
300 2292 327 2318 in
341 2291 430 2319 nobis.
449 2291 481 2318 Et
495 2292 623 2326 quoniam
648 2292 765 2327 Spiritus
796 2293 844 2320 Dei
871 2299 921 2326 est,
937 2301 970 2321 eo
985 2294 1012 2320 iu

227 2336 304 2363 nobis
323 2336 480 2368 exsistente,
499 2344 549 2363 nos
566 2336 630 2363 item
644 2338 690 2371 qui
726 2337 800 2364 illum
826 2338 969 2370 habemus,
984 2338 1012 2365 in

228 2381 283 2408 Deo
313 2388 373 2408 esse
389 2381 584 2408 existimamur.
605 2380 639 2408 Et
654 2381 692 2408 sic
713 2386 752 2409 est
782 2382 853 2409 Deus
869 2383 896 2409 in
924 2383 1010 2415 nobis,

228 2433 281 2452 non
295 2430 323 2452 ut
331 2431 371 2453 est
385 2426 466 2453 Filius
482 2426 508 2452 in
519 2426 608 2453 Patre.
618 2426 677 2453 Non
691 2427 763 2454 enim
776 2427 859 2454 Filius
875 2428 1012 2462 particeps

1293 1797 1343 1822 Ἐκ
1357 1797 1409 1823 τοῦ
1426 1797 1519 1823 αὐτοῦ
1534 1797 1638 1827 λόγου.

1111 1842 1139 1867 ‘0
1152 1841 1283 1876 μακάριος
1303 1841 1428 1877 Ἰωάννης
1445 1843 1476 1868 ἐκ
1491 1841 1539 1876 τῆς
1555 1842 1696 1876 ἐπιστολῆς
1712 1842 1740 1868 ἐν
1750 1842 1853 1876 ὀλίγοις

1069 1888 1116 1914 καὶ
1126 1887 1288 1922 τελεώτερον
1311 1888 1411 1922 μᾶλλον
1426 1889 1504 1924 ἡμῶν
1518 1889 1599 1920 δείξει
1614 1889 1668 1916 τῶν
1690 1892 1854 1926 γεγραμμέ-

1069 1941 1121 1959 νων
1142 1933 1186 1960 τὸν
1201 1934 1273 1966 νοῦν,
1299 1935 1346 1960 καὶ
1371 1934 1473 1960 παύσει
1499 1935 1592 1961 λοιπὴν
1611 1936 1673 1966 τοὺς
1692 1935 1853 1970 Ἀρειανοὺς

1070 1980 1168 2014 μηκέτι
1190 1980 1311 2014 νομίζειν
1336 1980 1450 2012 ἑαυτοὺς
1472 1981 1580 2007 ἔσεσθαι
1599 1981 1636 2012 ὠς
1651 1982 1696 2008 τὸν
1713 1982 1790 2014 Υίδν,
1808 1983 1851 2010 ἴνα

1069 2024 1107 2060 μὴ
1129 2025 1177 2051 καὶ
1198 2025 1274 2052 αὐτοὶ
1297 2025 1451 2052 ἀκούσωσι·
1468 2025 1510 2052 Σὺ
1526 2024 1555 2053 εἷ
1568 2026 1724 2060 ἄνθρωπος
1743 2028 1795 2054 καὶ
1817 2030 1853 2055 οὐ

1068 2069 1149 2101 Θεὸς,
1161 2069 1209 2096 καὶ
1219 2069 1261 2103 μὴ
1272 2070 1532 2104 συμπαρεκτείνου
1543 2070 1638 2103 πένης
1647 2070 1689 2097 ὢν
1702 2073 1851 2104 πλουσίῳ.

1067 2115 1169 2150 Γράφει
1197 2116 1286 2141 τοίνυν
1303 2116 1317 2142 6
1337 2116 1462 2151 Ἰωάννης
1477 2116 1549 2143 οὕτω
1565 2116 1652 2150 λέγων
1664 2134 1674 2144 .
1690 2116 1743 2144 Ἐν
1757 2118 1854 2150 τούτῳ

1066 2160 1261 2195 γινώσκομεν,
1278 2161 1322 2188 ὅτι
1332 2162 1368 2188 ὲν
1382 2162 1462 2194 αὐτῷ
1487 2161 1629 2196 μένομεν,
1643 2163 1693 2189 καὶ
1706 2163 1801 2196 αὐτὸς
1818 2164 1853 2190 ἐν

1066 2205 1148 2240 ἡμῖν,
1162 2205 1206 2232 ὅτι
1221 2206 1256 2232 ἐκ
1269 2206 1322 2233 τοῦ
1336 2207 1510 2241 Πνεύματος
1521 2207 1613 2234 αὑτοῦ
1625 2207 1755 2234 δέδωκεν
1768 2209 1851 2242 ἡμῖν.

1066 2251 1169 2278 Οὐκοῦν
1191 2251 1235 2278 διὰ
1256 2252 1306 2287 τὴν
1319 2252 1467 2286 δεδομένην
1483 2253 1550 2287 ἡμῖν
1563 2253 1643 2288 χάριν
1658 2253 1705 2279 τοῦ
1726 2254 1853 2288 Πνεῦμα,

1064 2302 1110 2325 τος
1126 2295 1205 2329 ἡμεῖς
1215 2303 1244 2322 τε
1259 2296 1288 2322 ἐν
1302 2296 1376 2330 αὑτῷ
1395 2297 1539 2331 γινόμεθα,
1559 2299 1607 2323 καὶ
1621 2297 1704 2329 αὐτὸς
1726 2298 1756 2324 ἐν
1773 2299 1850 2334 ἡμῖν.

1064 2340 1120 2366 Καὶ
1133 2341 1228 2376 ἐπειδὴ
1247 2341 1277 2367 τὸ
1302 2341 1414 2376 Πνεῦμα
1436 2342 1483 2369 τοῦ
1511 2342 1578 2369 Θεοῦ
1598 2343 1668 2375 ἐστι,
1698 2343 1744 2370 διὰ
1770 2345 1850 2371 τοῦτο

1064 2385 1158 2412 τούτου
1190 2387 1332 2420 γινομένου
1360 2389 1388 2414 ὲν
1416 2389 1492 2422 ἡμῖν,
1521 2389 1633 2420 εἰκότως
1662 2388 1771 2423 ἔχοντες
1807 2391 1850 2416 καὶ

1063 2431 1144 2465 ἡμεῖς
1163 2432 1193 2457 τὸ
1207 2431 1328 2466 Πνεῦμα,
1345 2432 1512 2468 νομιζόμεθα
1526 2434 1555 2459 ἐν
1567 2434 1605 2467 τῴ
1629 2434 1688 2468 Θεῷ
1707 2434 1847 2467 γενέσθαι.

229 2471 357 2505 Spiritus,
372 2476 400 2497 ut
414 2479 463 2506 per
478 2471 553 2498 illum
570 2472 598 2498 in
612 2471 692 2498 Patre
709 2473 755 2504 sit,
779 2481 867 2507 neque
883 2474 941 2508 ipse
952 2474 1011 2508 Spi-

1066 2476 1120 2503 Καὶ
1131 2475 1216 2508 οὕτως
1231 2477 1306 2504 ἐστὶν
1318 2479 1332 2504 ὁ
1347 2478 1413 2510 Θεὸς
1426 2479 1454 2505 ἐν
1467 2480 1545 2513 ἡμῖν,
1561 2479 1611 2504 οὐκ
1622 2479 1676 2513 ἄρα
1696 2480 1735 2510 ὼς
1749 2480 1821 2506 ἐστιν
1835 2481 1849 2506 ὁ

229 2522 308 2544 ritum
324 2517 432 2551 accipit,
448 2517 494 2544 sed
508 2517 582 2544 illum
603 2519 693 2552 potius
711 2518 836 2546 onmibus
858 2519 1010 2553 dilargitur.

226 2561 282 2588 Nec
295 2562 412 2596 Spiritus
423 2561 562 2596 conjungit
578 2561 693 2589 Verbum
711 2571 771 2590 cum
787 2563 876 2595 Patre,
893 2564 938 2591 sed
954 2564 1011 2598 ipse

228 2607 319 2641 potius
331 2615 346 2633 a
364 2607 452 2634 Verbo
465 2607 491 2634 id
507 2608 616 2643 accipit.
630 2609 662 2635 Et
676 2609 761 2636 Filius
776 2609 884 2644 quidem
894 2610 920 2637 in
931 2610 1010 2637 Patre

227 2656 319 2685 est,ut
333 2652 447 2680 Verbum
465 2654 615 2689 proprium,
631 2660 659 2682 et
682 2655 809 2688 splendor
833 2654 927 2688 ipsius.
956 2653 1010 2681 Nus

226 2703 316 2726 autem
338 2699 397 2726 sine
424 2699 537 2734 Spiritu,
552 2706 581 2727 ut
605 2701 741 2735 peregrini
770 2705 798 2727 et
810 2699 901 2730 alieni,
930 2699 1010 2735 longe

227 2745 356 2771 absumus
370 2752 385 2771 a
399 2744 463 2778 Deo,
482 2745 599 2780 Spiritus
621 2749 711 2772 autem
736 2744 928 2773 cotnmunione
948 2752 1009 2772 cum

1065 2520 1127 2552 Υίδς
1140 2521 1167 2546 ἐν
1179 2521 1217 2554 τῷ
1233 2521 1328 2557 Πατρι.
1347 2522 1384 2548 Οὐ
1398 2522 1451 2557 γὰρ
1468 2522 1516 2549 καὶ
1538 2523 1552 2548 6
1569 2522 1633 2553 Υἱὸς
1651 2523 1775 2558 μετέχων
1794 2524 1848 2550 ἐστὶ

1063 2566 1109 2593 τοῦ
1129 2567 1297 2600 Πνεύματος,
1326 2567 1369 2593 ἵνα
1396 2568 1439 2594 διὰ
1464 2568 1543 2594 τοῦτο
1569 2569 1616 2595 καὶ
1633 2560 1662 2594 ἐν
1694 2568 1734 2602 τῷ
1761 2569 1847 2602 [Ia-.91

1064 2612 1188 2646 γένηται,
1217 2611 1277 2638 οὐδὲ
1293 2612 1439 2646 λαμὸάνων
1451 2613 1509 2639 ἐστὶ
1524 2613 1554 2639 τὺ
1567 2613 1690 2647 Πνεῦμα,
1704 2614 1773 2640 ἀλλὰ
1783 2615 1847 2648 μᾶλ-

1063 2657 1108 2683 λον
1121 2657 1201 2688 αὐτὸς
1216 2657 1272 2687 τοῖς
1285 2658 1352 2684 πᾶσι
1367 2657 1447 2684 τοῦτο
1458 2659 1635 2693 χορηγεί,καὶ
1648 2659 1680 2685 οὐ
1691 2658 1723 2684 τὺ
1740 2658 1845 2693 Πνεῦμα

1063 2702 1194 2729 συνάπτει
1220 2702 1265 2728 τὸν
1297 2703 1383 2737 Λόγον
1409 2703 1448 2737 τῷ
1472 2704 1576 2739 Πατρὶ,
1603 2703 1671 2730 ἀλλὰ
1703 2704 1804 2739 μᾶλλον
1816 2703 1845 2729 τὸ

1064 2745 1176 2779 Πνεῦμα
1191 2746 1237 2773 διὰ
1247 2747 1294 2774 τοῦ
1314 2747 1401 2782 Λόγου
1420 2748 1500 2775 τοῦτο
1526 2749 1672 2784 λαμϐάνει.
1690 2750 1748 2776 Καὶ
1763 2750 1777 2776 ό
1799 2748 1844 2784 μὲν

267 2813 274 2827 ¹
291 2811 300 2837 l
316 2813 377 2840 Cur.
389 2822 409 2845 ι,
421 2816 437 2841 5
449 2820 475 2842 ct
492 2815 553 2842 alibi
570 2815 679 2849 passim.
719 2817 728 2832 ²
742 2815 750 2842 I
766 2815 863 2843 Tltcss.
881 2824 922 2851 ιιι,
941 2817 983 2843 ll.
1024 2817 1035 2833 ³
1047 2817 1057 2845 l
1068 2816 1148 2845 Joan.
1168 2825 1205 2851 tv,
1219 2818 1261 2846 15.
