  <div class='ocr_page' id='page_1' title='image "/cluster/home/n/w/nwhite01/storage/ocr_20150623/130/njp.32101010942777/216.png"; bbox 0 0 1902 3078; ppageno 0'>
   <div class='ocr_carea' id='block_1_1' title="bbox 54 123 103 155">
    <p class='ocr_par' dir='ltr' id='par_1_1' title="bbox 54 123 103 155">
     <span class='ocr_line' id='line_1_1' title="bbox 54 123 103 155; baseline 0.02 -1"><span class='ocrx_word' id='word_1_1' title='bbox 54 123 103 155; x_wconf 72' lang='lat' dir='ltr'><strong>lii</strong></span> 
     </span>
    </p>
   </div>
   <div class='ocr_carea' id='block_1_2' title="bbox 539 120 1187 152">
    <p class='ocr_par' dir='ltr' id='par_1_2' title="bbox 539 120 1187 152">
     <span class='ocr_line' id='line_1_2' title="bbox 539 120 1187 152; baseline 0 0"><span class='ocrx_word' id='word_1_2' title='bbox 539 121 724 152; x_wconf 82' lang='lat' dir='ltr'><strong>PANOPLIA</strong></span> <span class='ocrx_word' id='word_1_3' title='bbox 747 120 976 152; x_wconf 78' lang='lat' dir='ltr'><strong>DOGMATICA.</strong></span> <span class='ocrx_word' id='word_1_4' title='bbox 992 133 1026 139; x_wconf 87' lang='grc'><strong>-</strong></span> <span class='ocrx_word' id='word_1_5' title='bbox 1045 122 1118 152; x_wconf 87' lang='grc' dir='ltr'><strong>ΤΙΤ.</strong></span> <span class='ocrx_word' id='word_1_6' title='bbox 1138 123 1187 152; x_wconf 85' lang='lat' dir='ltr'><strong>Xi.</strong></span> 
     </span>
    </p>
   </div>
   <div class='ocr_carea' id='block_1_3' title="bbox 1624 122 1678 154">
    <p class='ocr_par' dir='ltr' id='par_1_3' title="bbox 1624 122 1678 154">
     <span class='ocr_line' id='line_1_3' title="bbox 1624 122 1678 154; baseline 0 0"><span class='ocrx_word' id='word_1_7' title='bbox 1624 122 1678 154; x_wconf 71' lang='lat'><strong>418</strong></span> 
     </span>
    </p>
   </div>
   <div class='ocr_carea' id='block_1_4' title="bbox 55 175 841 214">
    <p class='ocr_par' dir='ltr' id='par_1_4' title="bbox 55 176 838 213">
     <span class='ocr_line' id='line_1_4' title="bbox 55 176 838 213; baseline -0.004 -7"><span class='ocrx_word' id='word_1_8' title='bbox 55 179 118 211; x_wconf 76' lang='grc' dir='ltr'><strong>Υῑδς</strong></span> <span class='ocrx_word' id='word_1_9' title='bbox 134 179 164 205; x_wconf 86' lang='grc' dir='ltr'><strong>ὲν</strong></span> <span class='ocrx_word' id='word_1_10' title='bbox 180 177 219 212; x_wconf 81' lang='grc' dir='ltr'><strong>τῷ</strong></span> <span class='ocrx_word' id='word_1_11' title='bbox 235 177 322 213; x_wconf 78' lang='grc' dir='ltr'><strong>Πατρῑ</strong></span> <span class='ocrx_word' id='word_1_12' title='bbox 346 177 430 208; x_wconf 77' lang='grc' dir='ltr'><strong>ἐστιν,</strong></span> <span class='ocrx_word' id='word_1_13' title='bbox 448 176 485 207; x_wconf 80' lang='grc' dir='ltr'>ὡς</span> <span class='ocrx_word' id='word_1_14' title='bbox 507 176 591 210; x_wconf 83' lang='grc' dir='ltr'><strong>Λόγος</strong></span> <span class='ocrx_word' id='word_1_15' title='bbox 607 176 672 208; x_wconf 80' lang='grc' dir='ltr'><strong>ἴδιος</strong></span> <span class='ocrx_word' id='word_1_16' title='bbox 688 177 733 204; x_wconf 73' lang='grc' dir='ltr'><strong>καὶ</strong></span> <span class='ocrx_word' id='word_1_17' title='bbox 749 176 838 203; x_wconf 82' lang='grc' dir='ltr'><strong>ἀπαύ-</strong></span> 
     </span>
    </p>
   </div>
   <div class='ocr_carea' id='block_1_5' title="bbox 898 175 1678 214">
    <p class='ocr_par' dir='ltr' id='par_1_5' title="bbox 898 175 1678 214">
     <span class='ocr_line' id='line_1_5' title="bbox 898 175 1678 214; baseline 0.004 -12"><span class='ocrx_word' id='word_1_18' title='bbox 898 175 1031 203; x_wconf 73' lang='grc' dir='ltr'><strong>ἰίνίιιῑιιιιε</strong></span> <span class='ocrx_word' id='word_1_19' title='bbox 1045 175 1207 210; x_wconf 83' lang='lat' dir='ltr'><strong>copulamur</strong></span> <span class='ocrx_word' id='word_1_20' title='bbox 1224 183 1229 202; x_wconf 92' lang='lat'>:</span> <span class='ocrx_word' id='word_1_21' title='bbox 1244 179 1273 202; x_wconf 91' lang='lat' dir='ltr'><strong>ut</strong></span> <span class='ocrx_word' id='word_1_22' title='bbox 1294 175 1366 210; x_wconf 86' lang='lat' dir='ltr'><strong>quod</strong></span> <span class='ocrx_word' id='word_1_23' title='bbox 1395 176 1474 204; x_wconf 71' lang='lat' dir='ltr'><strong>simul</strong></span> <span class='ocrx_word' id='word_1_24' title='bbox 1488 178 1513 204; x_wconf 89' lang='lat' dir='ltr'><strong>in</strong></span> <span class='ocrx_word' id='word_1_25' title='bbox 1542 178 1633 214; x_wconf 80' lang='lat' dir='ltr'><strong>Patre,</strong></span> <span class='ocrx_word' id='word_1_26' title='bbox 1650 178 1678 208; x_wconf 89' lang='lat' dir='ltr'><strong>id</strong></span> 
     </span>
    </p>
   </div>
   <div class='ocr_carea' id='block_1_6' title="bbox 56 221 836 259">
    <p class='ocr_par' dir='ltr' id='par_1_6' title="bbox 56 221 836 259">
     <span class='ocr_line' id='line_1_6' title="bbox 56 221 836 259; baseline -0.005 -8"><span class='ocrx_word' id='word_1_27' title='bbox 56 232 148 259; x_wconf 83' lang='grc' dir='ltr'><strong>γασμα</strong></span> <span class='ocrx_word' id='word_1_28' title='bbox 164 222 261 255; x_wconf 82' lang='grc' dir='ltr'><strong>αὑτοῦ,</strong></span> <span class='ocrx_word' id='word_1_29' title='bbox 277 223 358 257; x_wconf 83' lang='grc' dir='ltr'><strong>ἡμεῖς</strong></span> <span class='ocrx_word' id='word_1_30' title='bbox 369 221 397 248; x_wconf 75' lang='grc' dir='ltr'><strong>δὲ</strong></span> <span class='ocrx_word' id='word_1_31' title='bbox 412 222 495 256; x_wconf 78' lang='grc' dir='ltr'><strong>χωρὶς</strong></span> <span class='ocrx_word' id='word_1_32' title='bbox 506 221 555 256; x_wconf 84' lang='grc' dir='ltr'><strong>μὲν</strong></span> <span class='ocrx_word' id='word_1_33' title='bbox 568 221 614 248; x_wconf 82' lang='grc' dir='ltr'><strong>τοῦ</strong></span> <span class='ocrx_word' id='word_1_34' title='bbox 633 222 736 256; x_wconf 75' lang='grc' dir='ltr'><strong>Πατρὺς</strong></span> <span class='ocrx_word' id='word_1_35' title='bbox 754 221 836 256; x_wconf 75' lang='grc' dir='ltr'><strong>ξένοι,</strong></span> 
     </span>
    </p>
   </div>
   <div class='ocr_carea' id='block_1_7' title="bbox 56 267 838 304">
    <p class='ocr_par' dir='ltr' id='par_1_7' title="bbox 56 267 838 304">
     <span class='ocr_line' id='line_1_7' title="bbox 56 267 838 304; baseline -0.005 -7"><span class='ocrx_word' id='word_1_36' title='bbox 56 270 102 297; x_wconf 77' lang='grc' dir='ltr'><strong>καὶ</strong></span> <span class='ocrx_word' id='word_1_37' title='bbox 118 269 229 304; x_wconf 81' lang='grc' dir='ltr'><strong>μακράν</strong></span> <span class='ocrx_word' id='word_1_38' title='bbox 254 269 338 302; x_wconf 76' lang='grc' dir='ltr'><strong>ἐσμεν</strong></span> <span class='ocrx_word' id='word_1_39' title='bbox 359 268 406 294; x_wconf 82' lang='grc' dir='ltr'><strong>τοῦ</strong></span> <span class='ocrx_word' id='word_1_40' title='bbox 420 267 498 300; x_wconf 83' lang='grc' dir='ltr'><strong>Θεοῦ,</strong></span> <span class='ocrx_word' id='word_1_41' title='bbox 518 268 549 303; x_wconf 89' lang='grc' dir='ltr'><strong>τῇ</strong></span> <span class='ocrx_word' id='word_1_42' title='bbox 565 267 594 294; x_wconf 82' lang='grc' dir='ltr'><strong>δὲ</strong></span> <span class='ocrx_word' id='word_1_43' title='bbox 616 267 662 294; x_wconf 85' lang='grc' dir='ltr'><strong>τοῦ</strong></span> <span class='ocrx_word' id='word_1_44' title='bbox 678 267 838 302; x_wconf 79' lang='grc' dir='ltr'><strong>Πνεὺματος</strong></span> 
     </span>
    </p>
   </div>
   <div class='ocr_carea' id='block_1_8' title="bbox 57 313 838 351">
    <p class='ocr_par' dir='ltr' id='par_1_8' title="bbox 57 313 838 351">
     <span class='ocr_line' id='line_1_8' title="bbox 57 313 838 351; baseline -0.004 -8"><span class='ocrx_word' id='word_1_45' title='bbox 57 317 158 351; x_wconf 78' lang='grc' dir='ltr'><strong>μετοχῇ</strong></span> <span class='ocrx_word' id='word_1_46' title='bbox 180 314 373 349; x_wconf 83' lang='grc' dir='ltr'><strong>συναπτόμεθα</strong></span> <span class='ocrx_word' id='word_1_47' title='bbox 399 315 432 349; x_wconf 77' lang='grc' dir='ltr'><strong>τῇ</strong></span> <span class='ocrx_word' id='word_1_48' title='bbox 455 314 573 348; x_wconf 85' lang='grc' dir='ltr'><strong>θεότητι.</strong></span> <span class='ocrx_word' id='word_1_49' title='bbox 607 314 688 340; x_wconf 77' lang='grc' dir='ltr'><strong>Ὥστε</strong></span> <span class='ocrx_word' id='word_1_50' title='bbox 719 314 750 339; x_wconf 83' lang='grc' dir='ltr'><strong>τὺ</strong></span> <span class='ocrx_word' id='word_1_51' title='bbox 767 313 838 340; x_wconf 78' lang='grc' dir='ltr'><strong>εἶναι</strong></span> 
     </span>
    </p>
   </div>
   <div class='ocr_carea' id='block_1_9' title="bbox 55 358 838 397">
    <p class='ocr_par' dir='ltr' id='par_1_9' title="bbox 55 358 838 397">
     <span class='ocr_line' id='line_1_9' title="bbox 55 358 838 397; baseline -0.003 -9"><span class='ocrx_word' id='word_1_52' title='bbox 55 363 130 397; x_wconf 81' lang='grc' dir='ltr'><strong>ἡμᾶς</strong></span> <span class='ocrx_word' id='word_1_53' title='bbox 155 363 184 388; x_wconf 80' lang='grc' dir='ltr'><strong>ὲν</strong></span> <span class='ocrx_word' id='word_1_54' title='bbox 200 360 239 396; x_wconf 83' lang='grc' dir='ltr'><strong>τῷ</strong></span> <span class='ocrx_word' id='word_1_55' title='bbox 257 360 345 395; x_wconf 80' lang='grc' dir='ltr'><strong>Πατρὶ</strong></span> <span class='ocrx_word' id='word_1_56' title='bbox 372 359 410 394; x_wconf 84' lang='grc' dir='ltr'><strong>μὴ</strong></span> <span class='ocrx_word' id='word_1_57' title='bbox 435 360 570 394; x_wconf 82' lang='grc' dir='ltr'><strong>ἡμέτερον</strong></span> <span class='ocrx_word' id='word_1_58' title='bbox 595 358 676 392; x_wconf 74' lang='grc' dir='ltr'><strong>εἶναι,</strong></span> <span class='ocrx_word' id='word_1_59' title='bbox 708 360 777 386; x_wconf 81' lang='grc' dir='ltr'><strong>ἀλλὰ.</strong></span> <span class='ocrx_word' id='word_1_60' title='bbox 792 359 838 386; x_wconf 86' lang='grc' dir='ltr'><strong>τοῦ</strong></span> 
     </span>
    </p>
   </div>
   <div class='ocr_carea' id='block_1_10' title="bbox 56 404 839 440">
    <p class='ocr_par' dir='ltr' id='par_1_10' title="bbox 56 404 839 440">
     <span class='ocr_line' id='line_1_10' title="bbox 56 404 839 440; baseline -0.001 -7"><span class='ocrx_word' id='word_1_61' title='bbox 56 406 215 440; x_wconf 82' lang='grc' dir='ltr'><strong>Πνεύματος</strong></span> <span class='ocrx_word' id='word_1_62' title='bbox 238 405 284 432; x_wconf 78' lang='grc' dir='ltr'><strong>τοῦ</strong></span> <span class='ocrx_word' id='word_1_63' title='bbox 301 406 418 440; x_wconf 43' lang='grc' dir='ltr'><strong>ὲν-ἡμῖν</strong></span> <span class='ocrx_word' id='word_1_64' title='bbox 434 405 520 436; x_wconf 76' lang='grc' dir='ltr'><strong>ὕντος,</strong></span> <span class='ocrx_word' id='word_1_65' title='bbox 538 404 586 431; x_wconf 80' lang='grc' dir='ltr'><strong>καὶ</strong></span> <span class='ocrx_word' id='word_1_66' title='bbox 608 405 636 431; x_wconf 71' lang='grc' dir='ltr'><strong>ἐν</strong></span> <span class='ocrx_word' id='word_1_67' title='bbox 657 406 722 439; x_wconf 83' lang='grc' dir='ltr'><strong>ἡμῖν</strong></span> <span class='ocrx_word' id='word_1_68' title='bbox 743 405 839 439; x_wconf 81' lang='grc' dir='ltr'><strong>μένον-</strong></span> 
     </span>
    </p>
   </div>
   <div class='ocr_carea' id='block_1_11' title="bbox 55 449 840 485">
    <p class='ocr_par' dir='ltr' id='par_1_11' title="bbox 55 449 840 485">
     <span class='ocr_line' id='line_1_11' title="bbox 55 449 840 485; baseline -0.003 -7"><span class='ocrx_word' id='word_1_69' title='bbox 55 461 111 484; x_wconf 80' lang='grc' dir='ltr'><strong>τος,</strong></span> <span class='ocrx_word' id='word_1_70' title='bbox 124 452 176 483; x_wconf 76' lang='grc' dir='ltr'><strong>ἓως</strong></span> <span class='ocrx_word' id='word_1_71' title='bbox 195 451 261 477; x_wconf 78' lang='grc' dir='ltr'><strong>αὐτὸ</strong></span> <span class='ocrx_word' id='word_1_72' title='bbox 272 452 304 485; x_wconf 89' lang='grc' dir='ltr'><strong>τῇ</strong></span> <span class='ocrx_word' id='word_1_73' title='bbox 320 450 451 485; x_wconf 77' lang='grc' dir='ltr'><strong>ὁμολογίᾳ</strong></span> <span class='ocrx_word' id='word_1_74' title='bbox 464 449 636 484; x_wconf 76' lang='grc' dir='ltr'><strong>φυλάττομεν</strong></span> <span class='ocrx_word' id='word_1_75' title='bbox 648 451 676 476; x_wconf 82' lang='grc' dir='ltr'><strong>ὲν</strong></span> <span class='ocrx_word' id='word_1_76' title='bbox 693 451 770 485; x_wconf 79' lang='grc' dir='ltr'><strong>ἡμῖν.</strong></span> <span class='ocrx_word' id='word_1_77' title='bbox 787 450 840 476; x_wconf 84' lang='grc' dir='ltr'><strong>Δέ-</strong></span> 
     </span>
    </p>
   </div>
   <div class='ocr_carea' id='block_1_12' title="bbox 54 494 838 532">
    <p class='ocr_par' dir='ltr' id='par_1_12' title="bbox 54 494 838 532">
     <span class='ocr_line' id='line_1_12' title="bbox 54 494 838 532; baseline -0.003 -9"><span class='ocrx_word' id='word_1_78' title='bbox 54 505 148 532; x_wconf 77' lang='grc' dir='ltr'><strong>γοντος</strong></span> <span class='ocrx_word' id='word_1_79' title='bbox 160 496 188 522; x_wconf 76' lang='grc' dir='ltr'><strong>δὲ</strong></span> <span class='ocrx_word' id='word_1_80' title='bbox 204 496 285 523; x_wconf 75' lang='grc' dir='ltr'><strong>πάλιν</strong></span> <span class='ocrx_word' id='word_1_81' title='bbox 298 495 344 522; x_wconf 84' lang='grc' dir='ltr'><strong>τοῦ</strong></span> <span class='ocrx_word' id='word_1_82' title='bbox 366 495 488 522; x_wconf 86' lang='grc' dir='ltr'><strong>Ἰωάννου</strong></span> <span class='ocrx_word' id='word_1_83' title='bbox 499 503 507 510; x_wconf 89' lang='grc'><strong>·</strong></span> <span class='ocrx_word' id='word_1_84' title='bbox 523 496 575 528; x_wconf 83' lang='grc' dir='ltr'><strong>’ος</strong></span> <span class='ocrx_word' id='word_1_85' title='bbox 600 495 637 521; x_wconf 81' lang='grc' dir='ltr'><strong>ἂν</strong></span> <span class='ocrx_word' id='word_1_86' title='bbox 651 494 838 530; x_wconf 69' lang='grc' dir='ltr'><strong>ὁμολογήσῃ.</strong></span> 
     </span>
    </p>
   </div>
   <div class='ocr_carea' id='block_1_13' title="bbox 56 541 840 577">
    <p class='ocr_par' dir='ltr' id='par_1_13' title="bbox 56 541 840 577">
     <span class='ocr_line' id='line_1_13' title="bbox 56 541 840 577; baseline -0.004 -7"><span class='ocrx_word' id='word_1_87' title='bbox 56 543 230 577; x_wconf 76' lang='grc' dir='ltr'><strong>ἐτιἸησοῦς</strong></span> <span class='ocrx_word' id='word_1_88' title='bbox 244 543 329 570; x_wconf 80' lang='grc' dir='ltr'><strong>ἐστιν</strong></span> <span class='ocrx_word' id='word_1_89' title='bbox 343 543 360 569; x_wconf 81' lang='grc' dir='ltr'><em>ὁ</em></span> <span class='ocrx_word' id='word_1_90' title='bbox 376 541 443 574; x_wconf 74' lang='grc' dir='ltr'><strong>Υἱὸς</strong></span> <span class='ocrx_word' id='word_1_91' title='bbox 454 542 506 568; x_wconf 80' lang='grc' dir='ltr'><strong>τοῦ</strong></span> <span class='ocrx_word' id='word_1_92' title='bbox 516 541 599 574; x_wconf 81' lang='grc' dir='ltr'><strong>Θεοῦ,</strong></span> <span class='ocrx_word' id='word_1_93' title='bbox 612 543 628 568; x_wconf 87' lang='grc' dir='ltr'><strong><em>ό</em></strong></span> <span class='ocrx_word' id='word_1_94' title='bbox 638 541 710 574; x_wconf 85' lang='grc' dir='ltr'><strong>Θεὸς</strong></span> <span class='ocrx_word' id='word_1_95' title='bbox 718 542 752 568; x_wconf 83' lang='grc' dir='ltr'><strong>ἐν</strong></span> <span class='ocrx_word' id='word_1_96' title='bbox 760 541 840 574; x_wconf 81' lang='grc' dir='ltr'><strong>αὐτῷ</strong></span> 
     </span>
    </p>
   </div>
   <div class='ocr_carea' id='block_1_14' title="bbox 53 587 839 624">
    <p class='ocr_par' dir='ltr' id='par_1_14' title="bbox 53 587 839 624">
     <span class='ocr_line' id='line_1_14' title="bbox 53 587 839 624; baseline -0.003 -9"><span class='ocrx_word' id='word_1_97' title='bbox 53 589 151 624; x_wconf 74' lang='grc' dir='ltr'><strong>μένει,</strong></span> <span class='ocrx_word' id='word_1_98' title='bbox 167 588 216 615; x_wconf 80' lang='grc' dir='ltr'><strong>καὶ</strong></span> <span class='ocrx_word' id='word_1_99' title='bbox 229 588 320 620; x_wconf 83' lang='grc' dir='ltr'><strong>αὐτὸς</strong></span> <span class='ocrx_word' id='word_1_100' title='bbox 343 588 378 614; x_wconf 78' lang='grc' dir='ltr'><strong>ἐν</strong></span> <span class='ocrx_word' id='word_1_101' title='bbox 402 587 442 620; x_wconf 82' lang='grc' dir='ltr'><strong>τῷ</strong></span> <span class='ocrx_word' id='word_1_102' title='bbox 471 589 543 620; x_wconf 80' lang='grc' dir='ltr'><strong>Θεῷ,</strong></span> <span class='ocrx_word' id='word_1_103' title='bbox 559 588 623 614; x_wconf 84' lang='grc' dir='ltr'><strong>ποία</strong></span> <span class='ocrx_word' id='word_1_104' title='bbox 643 587 780 622; x_wconf 76' lang='grc' dir='ltr'><strong>ὁμοιότης,</strong></span> <span class='ocrx_word' id='word_1_105' title='bbox 793 587 839 614; x_wconf 64' lang='grc' dir='ltr'><strong>καὶ</strong></span> 
     </span>
    </p>
   </div>
   <div class='ocr_carea' id='block_1_15' title="bbox 55 632 840 669">
    <p class='ocr_par' dir='ltr' id='par_1_15' title="bbox 55 632 840 669">
     <span class='ocr_line' id='line_1_15' title="bbox 55 632 840 669; baseline -0.001 -9"><span class='ocrx_word' id='word_1_106' title='bbox 55 636 122 661; x_wconf 84' lang='grc' dir='ltr'><strong>ποία</strong></span> <span class='ocrx_word' id='word_1_107' title='bbox 151 634 243 668; x_wconf 76' lang='grc' dir='ltr'><strong>ἰσότης</strong></span> <span class='ocrx_word' id='word_1_108' title='bbox 269 634 348 669; x_wconf 76' lang='grc' dir='ltr'><strong>ἡμῶν</strong></span> <span class='ocrx_word' id='word_1_109' title='bbox 368 633 435 667; x_wconf 84' lang='grc' dir='ltr'><strong>πρὸς</strong></span> <span class='ocrx_word' id='word_1_110' title='bbox 465 633 512 659; x_wconf 77' lang='grc' dir='ltr'><strong>τὸν</strong></span> <span class='ocrx_word' id='word_1_111' title='bbox 533 633 617 665; x_wconf 75' lang='grc' dir='ltr'><strong>Υῑόνς</strong></span> <span class='ocrx_word' id='word_1_112' title='bbox 649 632 683 659; x_wconf 88' lang='grc' dir='ltr'><strong><em>Ἢ</em></strong></span> <span class='ocrx_word' id='word_1_113' title='bbox 709 633 766 664; x_wconf 85' lang='grc' dir='ltr'><strong>πῶς</strong></span> <span class='ocrx_word' id='word_1_114' title='bbox 790 633 840 659; x_wconf 76' lang='grc' dir='ltr'><strong>οὐκ</strong></span> 
     </span>
    </p>
   </div>
   <div class='ocr_carea' id='block_1_16' title="bbox 54 678 841 714">
    <p class='ocr_par' dir='ltr' id='par_1_16' title="bbox 54 678 841 714">
     <span class='ocr_line' id='line_1_16' title="bbox 54 678 841 714; baseline 0.001 -9"><span class='ocrx_word' id='word_1_115' title='bbox 54 680 214 714; x_wconf 77' lang='grc' dir='ltr'><strong>ἐλέγχονται</strong></span> <span class='ocrx_word' id='word_1_116' title='bbox 233 679 398 714; x_wconf 78' lang='grc' dir='ltr'><strong>πανταχόθεν</strong></span> <span class='ocrx_word' id='word_1_117' title='bbox 425 679 450 705; x_wconf 83' lang='grc' dir='ltr'><strong>οι</strong></span> <span class='ocrx_word' id='word_1_118' title='bbox 468 679 603 713; x_wconf 82' lang='grc' dir='ltr'><strong>Ἀρειανοὶ</strong></span> <span class='ocrx_word' id='word_1_119' title='bbox 616 697 624 709; x_wconf 90' lang='grc'><strong>,</strong></span> <span class='ocrx_word' id='word_1_120' title='bbox 644 678 691 704; x_wconf 84' lang='grc' dir='ltr'><strong>καὶ</strong></span> <span class='ocrx_word' id='word_1_121' title='bbox 721 679 841 714; x_wconf 82' lang='grc' dir='ltr'><strong>μάλιστα.</strong></span> 
     </span>
    </p>
   </div>
   <div class='ocr_carea' id='block_1_17' title="bbox 54 724 841 760">
    <p class='ocr_par' dir='ltr' id='par_1_17' title="bbox 54 724 841 760">
     <span class='ocr_line' id='line_1_17' title="bbox 54 724 841 760; baseline 0.001 -9"><span class='ocrx_word' id='word_1_122' title='bbox 54 726 132 760; x_wconf 79' lang='grc' dir='ltr'><strong>παρὰ</strong></span> <span class='ocrx_word' id='word_1_123' title='bbox 147 725 195 751; x_wconf 86' lang='grc' dir='ltr'><strong>τοῦ</strong></span> <span class='ocrx_word' id='word_1_124' title='bbox 216 724 349 756; x_wconf 79' lang='grc' dir='ltr'><strong>Ἰωάννου.</strong></span> <span class='ocrx_word' id='word_1_125' title='bbox 365 725 406 752; x_wconf 84' lang='grc' dir='ltr'><strong>ὅτι</strong></span> <span class='ocrx_word' id='word_1_126' title='bbox 429 724 517 756; x_wconf 77' lang='grc' dir='ltr'>ἄλλως</span> <span class='ocrx_word' id='word_1_127' title='bbox 544 725 594 759; x_wconf 78' lang='grc' dir='ltr'><strong>μὲν</strong></span> <span class='ocrx_word' id='word_1_128' title='bbox 613 724 687 751; x_wconf 78' lang='grc' dir='ltr'><strong>ἐστιν</strong></span> <span class='ocrx_word' id='word_1_129' title='bbox 708 726 721 751; x_wconf 87' lang='grc' dir='ltr'>ὁ</span> <span class='ocrx_word' id='word_1_130' title='bbox 733 725 797 756; x_wconf 75' lang='grc' dir='ltr'><strong>Υἱὸς</strong></span> <span class='ocrx_word' id='word_1_131' title='bbox 813 725 841 752; x_wconf 82' lang='grc' dir='ltr'><strong>ὲν</strong></span> 
     </span>
    </p>
   </div>
   <div class='ocr_carea' id='block_1_18' title="bbox 52 769 841 805">
    <p class='ocr_par' dir='ltr' id='par_1_18' title="bbox 52 769 841 805">
     <span class='ocr_line' id='line_1_18' title="bbox 52 769 841 805; baseline -0.001 -8"><span class='ocrx_word' id='word_1_132' title='bbox 52 771 92 805; x_wconf 84' lang='grc' dir='ltr'><strong>τῷ</strong></span> <span class='ocrx_word' id='word_1_133' title='bbox 107 771 207 804; x_wconf 73' lang='grc' dir='ltr'><strong>Πιτρὶ,</strong></span> <span class='ocrx_word' id='word_1_134' title='bbox 225 769 311 802; x_wconf 74' lang='grc' dir='ltr'><strong>ἄλλως</strong></span> <span class='ocrx_word' id='word_1_135' title='bbox 327 769 356 796; x_wconf 79' lang='grc' dir='ltr'><strong>δὲ</strong></span> <span class='ocrx_word' id='word_1_136' title='bbox 374 770 454 804; x_wconf 77' lang='grc' dir='ltr'><strong>ἡμεῖς</strong></span> <span class='ocrx_word' id='word_1_137' title='bbox 475 770 504 795; x_wconf 84' lang='grc' dir='ltr'><strong>ὲν</strong></span> <span class='ocrx_word' id='word_1_138' title='bbox 523 770 598 804; x_wconf 84' lang='grc' dir='ltr'><strong>αὐτῷ</strong></span> <span class='ocrx_word' id='word_1_139' title='bbox 618 770 768 805; x_wconf 77' lang='grc' dir='ltr'><strong>γινόμεθας</strong></span> <span class='ocrx_word' id='word_1_140' title='bbox 786 770 841 797; x_wconf 75' lang='grc' dir='ltr'><strong>Καὶ</strong></span> 
     </span>
    </p>
   </div>
   <div class='ocr_carea' id='block_1_19' title="bbox 52 816 841 852">
    <p class='ocr_par' dir='ltr' id='par_1_19' title="bbox 52 816 841 852">
     <span class='ocr_line' id='line_1_19' title="bbox 52 816 841 852; baseline -0.001 -8"><span class='ocrx_word' id='word_1_141' title='bbox 52 818 117 844; x_wconf 69' lang='grc' dir='ltr'><strong>οὒτε</strong></span> <span class='ocrx_word' id='word_1_142' title='bbox 130 819 212 852; x_wconf 75' lang='grc' dir='ltr'><strong>ἡμεῖς</strong></span> <span class='ocrx_word' id='word_1_143' title='bbox 232 817 269 848; x_wconf 81' lang='grc' dir='ltr'><strong>ὡς</strong></span> <span class='ocrx_word' id='word_1_144' title='bbox 295 818 395 848; x_wconf 78' lang='grc' dir='ltr'><strong>ἐκεῖνος</strong></span> <span class='ocrx_word' id='word_1_145' title='bbox 411 817 528 851; x_wconf 80' lang='grc' dir='ltr'><strong>ἐσόμεθά</strong></span> <span class='ocrx_word' id='word_1_146' title='bbox 543 825 618 847; x_wconf 78' lang='grc' dir='ltr'><strong>ποτε,</strong></span> <span class='ocrx_word' id='word_1_147' title='bbox 641 816 703 843; x_wconf 78' lang='grc' dir='ltr'><strong>οὔτε</strong></span> <span class='ocrx_word' id='word_1_148' title='bbox 728 817 742 842; x_wconf 84' lang='grc'>6</span> <span class='ocrx_word' id='word_1_149' title='bbox 755 817 841 852; x_wconf 81' lang='grc' dir='ltr'><strong>Λόγος</strong></span> 
     </span>
    </p>
   </div>
   <div class='ocr_carea' id='block_1_20' title="bbox 53 862 839 899">
    <p class='ocr_par' dir='ltr' id='par_1_20' title="bbox 53 862 839 899">
     <span class='ocr_line' id='line_1_20' title="bbox 53 862 839 899; baseline -0.003 -9"><span class='ocrx_word' id='word_1_150' title='bbox 53 864 90 895; x_wconf 65' lang='grc' dir='ltr'><strong>ὡς</strong></span> <span class='ocrx_word' id='word_1_151' title='bbox 102 864 185 899; x_wconf 70' lang='grc' dir='ltr'><strong>ἡμεῖς</strong></span> <span class='ocrx_word' id='word_1_152' title='bbox 205 862 334 897; x_wconf 85' lang='grc' dir='ltr'><strong>τυγχάνει</strong></span> <span class='ocrx_word' id='word_1_153' title='bbox 346 862 393 894; x_wconf 79' lang='grc' dir='ltr'><strong>ὢν,</strong></span> <span class='ocrx_word' id='word_1_154' title='bbox 415 863 439 888; x_wconf 79' lang='grc' dir='ltr'><strong>ει</strong></span> <span class='ocrx_word' id='word_1_155' title='bbox 468 863 504 897; x_wconf 86' lang='grc' dir='ltr'><strong>μὴ</strong></span> <span class='ocrx_word' id='word_1_156' title='bbox 519 863 572 898; x_wconf 83' lang='grc' dir='ltr'><strong>ἄρα</strong></span> <span class='ocrx_word' id='word_1_157' title='bbox 589 862 724 896; x_wconf 74' lang='grc' dir='ltr'><strong>τολμῶσιν</strong></span> <span class='ocrx_word' id='word_1_158' title='bbox 752 862 789 894; x_wconf 82' lang='grc' dir='ltr'><strong>ὡς</strong></span> <span class='ocrx_word' id='word_1_159' title='bbox 811 863 839 888; x_wconf 71' lang='grc' dir='ltr'><strong>ὲν</strong></span> 
     </span>
    </p>
   </div>
   <div class='ocr_carea' id='block_1_21' title="bbox 55 906 841 941">
    <p class='ocr_par' dir='ltr' id='par_1_21' title="bbox 55 906 841 941">
     <span class='ocr_line' id='line_1_21' title="bbox 55 906 841 941; baseline -0.005 -5"><span class='ocrx_word' id='word_1_160' title='bbox 55 910 123 936; x_wconf 74' lang='grc' dir='ltr'><strong>πᾶσι</strong></span> <span class='ocrx_word' id='word_1_161' title='bbox 149 909 198 934; x_wconf 80' lang='grc' dir='ltr'><strong>καὶ</strong></span> <span class='ocrx_word' id='word_1_162' title='bbox 213 908 259 934; x_wconf 81' lang='grc' dir='ltr'><strong>νῦν</strong></span> <span class='ocrx_word' id='word_1_163' title='bbox 272 908 371 939; x_wconf 84' lang='grc' dir='ltr'><strong>εἰπεῖν,</strong></span> <span class='ocrx_word' id='word_1_164' title='bbox 387 907 427 933; x_wconf 85' lang='grc' dir='ltr'><strong>ὅτι.</strong></span> <span class='ocrx_word' id='word_1_165' title='bbox 445 908 458 933; x_wconf 85' lang='grc' dir='ltr'><strong>ὁ</strong></span> <span class='ocrx_word' id='word_1_166' title='bbox 478 907 540 938; x_wconf 80' lang='grc' dir='ltr'><strong>Υἱὸς</strong></span> <span class='ocrx_word' id='word_1_167' title='bbox 559 908 660 941; x_wconf 80' lang='grc' dir='ltr'><strong>μετοχῇ</strong></span> <span class='ocrx_word' id='word_1_168' title='bbox 687 906 734 932; x_wconf 88' lang='grc' dir='ltr'><strong>τοῦ</strong></span> <span class='ocrx_word' id='word_1_169' title='bbox 756 906 841 932; x_wconf 82' lang='grc' dir='ltr'><strong>Πνεύ·</strong></span> 
     </span>
    </p>
   </div>
   <div class='ocr_carea' id='block_1_22' title="bbox 56 952 839 989">
    <p class='ocr_par' dir='ltr' id='par_1_22' title="bbox 56 952 839 989">
     <span class='ocr_line' id='line_1_22' title="bbox 56 952 839 989; baseline -0.005 -8"><span class='ocrx_word' id='word_1_170' title='bbox 56 963 152 989; x_wconf 79' lang='grc' dir='ltr'><strong>ματος.</strong></span> <span class='ocrx_word' id='word_1_171' title='bbox 169 954 217 981; x_wconf 64' lang='grc' dir='ltr'><strong>καὶ</strong></span> <span class='ocrx_word' id='word_1_172' title='bbox 233 953 375 988; x_wconf 83' lang='grc' dir='ltr'><strong>βελτιώσει</strong></span> <span class='ocrx_word' id='word_1_173' title='bbox 391 952 516 987; x_wconf 77' lang='grc' dir='ltr'><strong>πράξεως</strong></span> <span class='ocrx_word' id='word_1_174' title='bbox 530 952 625 986; x_wconf 82' lang='grc' dir='ltr'><strong>γέγονε</strong></span> <span class='ocrx_word' id='word_1_175' title='bbox 641 953 688 978; x_wconf 76' lang='grc' dir='ltr'><strong>καὶ</strong></span> <span class='ocrx_word' id='word_1_176' title='bbox 713 952 793 983; x_wconf 83' lang='grc' dir='ltr'><strong>αὐτὸς</strong></span> <span class='ocrx_word' id='word_1_177' title='bbox 811 952 839 977; x_wconf 87' lang='grc' dir='ltr'><strong>ὲν</strong></span> 
     </span>
    </p>
   </div>
   <div class='ocr_carea' id='block_1_23' title="bbox 54 998 840 1035">
    <p class='ocr_par' dir='ltr' id='par_1_23' title="bbox 54 998 840 1035">
     <span class='ocr_line' id='line_1_23' title="bbox 54 998 840 1035; baseline -0.005 -9"><span class='ocrx_word' id='word_1_178' title='bbox 54 1002 94 1035; x_wconf 81' lang='grc' dir='ltr'><strong>τῷ</strong></span> <span class='ocrx_word' id='word_1_179' title='bbox 119 1000 218 1035; x_wconf 74' lang='grc' dir='ltr'><strong>Πατρί.</strong></span> <span class='ocrx_word' id='word_1_180' title='bbox 239 999 320 1026; x_wconf 78' lang='grc' dir='ltr'><strong>Ἀλλὰ</strong></span> <span class='ocrx_word' id='word_1_181' title='bbox 344 999 392 1024; x_wconf 72' lang='grc' dir='ltr'><strong>καὶ</strong></span> <span class='ocrx_word' id='word_1_182' title='bbox 416 998 494 1025; x_wconf 83' lang='grc' dir='ltr'><strong>τοῦτο</strong></span> <span class='ocrx_word' id='word_1_183' title='bbox 518 998 600 1025; x_wconf 69' lang='grc' dir='ltr'><strong>πάλιν</strong></span> <span class='ocrx_word' id='word_1_184' title='bbox 620 998 752 1032; x_wconf 72' lang='grc' dir='ltr'><strong>ὑπερλίαν</strong></span> <span class='ocrx_word' id='word_1_185' title='bbox 766 998 840 1023; x_wconf 72' lang='grc' dir='ltr'><strong>ἐστιν</strong></span> 
     </span>
    </p>
   </div>
   <div class='ocr_carea' id='block_1_24' title="bbox 53 1043 838 1079">
    <p class='ocr_par' dir='ltr' id='par_1_24' title="bbox 53 1043 838 1079">
     <span class='ocr_line' id='line_1_24' title="bbox 53 1043 838 1079; baseline -0.005 -6"><span class='ocrx_word' id='word_1_186' title='bbox 53 1047 166 1077; x_wconf 68' lang='grc' dir='ltr'><strong>ἀσεϐὲς,</strong></span> <span class='ocrx_word' id='word_1_187' title='bbox 183 1045 236 1072; x_wconf 75' lang='grc' dir='ltr'><strong>κᾶν</strong></span> <span class='ocrx_word' id='word_1_188' title='bbox 252 1045 320 1075; x_wconf 80' lang='grc' dir='ltr'><strong>ὅλως</strong></span> <span class='ocrx_word' id='word_1_189' title='bbox 340 1045 378 1074; x_wconf 72' lang='grc' dir='ltr'><strong>εἰς</strong></span> <span class='ocrx_word' id='word_1_190' title='bbox 395 1044 542 1079; x_wconf 74' lang='grc' dir='ltr'><strong>ἐνούμησιν</strong></span> <span class='ocrx_word' id='word_1_191' title='bbox 558 1044 660 1070; x_wconf 71' lang='grc' dir='ltr'><strong>λαὸεἶν.</strong></span> <span class='ocrx_word' id='word_1_192' title='bbox 675 1043 760 1074; x_wconf 62' lang='grc' dir='ltr'><strong>Αὐτὸς</strong></span> <span class='ocrx_word' id='word_1_193' title='bbox 775 1043 838 1078; x_wconf 75' lang='grc' dir='ltr'><strong>γὰρ,</strong></span> 
     </span>
    </p>
   </div>
   <div class='ocr_carea' id='block_1_25' title="bbox 53 1088 841 1127">
    <p class='ocr_par' dir='ltr' id='par_1_25' title="bbox 53 1088 841 1127">
     <span class='ocr_line' id='line_1_25' title="bbox 53 1088 841 1127; baseline -0.006 -8"><span class='ocrx_word' id='word_1_194' title='bbox 53 1093 151 1127; x_wconf 67' lang='grc' dir='ltr'><strong>ὦεπερ</strong></span> <span class='ocrx_word' id='word_1_195' title='bbox 165 1091 284 1126; x_wconf 82' lang='grc' dir='ltr'><strong>εἴρηται,</strong></span> <span class='ocrx_word' id='word_1_196' title='bbox 300 1090 329 1116; x_wconf 81' lang='grc' dir='ltr'><strong>τὸ</strong></span> <span class='ocrx_word' id='word_1_197' title='bbox 347 1090 457 1123; x_wconf 80' lang='grc' dir='ltr'><strong>Πνεῦμα</strong></span> <span class='ocrx_word' id='word_1_198' title='bbox 474 1089 576 1120; x_wconf 71' lang='grc' dir='ltr'><strong>δίδωσι,</strong></span> <span class='ocrx_word' id='word_1_199' title='bbox 605 1090 652 1115; x_wconf 76' lang='grc' dir='ltr'><strong>καὶ</strong></span> <span class='ocrx_word' id='word_1_200' title='bbox 665 1089 715 1115; x_wconf 84' lang='grc' dir='ltr'><strong>ὅσα</strong></span> <span class='ocrx_word' id='word_1_201' title='bbox 729 1089 784 1125; x_wconf 81' lang='grc' dir='ltr'><strong>ἔχει</strong></span> <span class='ocrx_word' id='word_1_202' title='bbox 811 1088 841 1114; x_wconf 85' lang='grc' dir='ltr'><strong>τδ</strong></span> 
     </span>
    </p>
   </div>
   <div class='ocr_carea' id='block_1_26' title="bbox 56 1135 841 1172">
    <p class='ocr_par' dir='ltr' id='par_1_26' title="bbox 56 1135 841 1172">
     <span class='ocr_line' id='line_1_26' title="bbox 56 1135 841 1172; baseline -0.005 -8"><span class='ocrx_word' id='word_1_203' title='bbox 56 1138 126 1164; x_wconf 79' lang='grc' dir='ltr'><strong>11·ιεῦ</strong></span> <span class='ocrx_word' id='word_1_204' title='bbox 132 1146 181 1172; x_wconf 84' lang='grc' dir='ltr'><strong>μα,</strong></span> <span class='ocrx_word' id='word_1_205' title='bbox 193 1136 280 1162; x_wconf 80' lang='grc' dir='ltr'><strong>ταῦτα</strong></span> <span class='ocrx_word' id='word_1_206' title='bbox 291 1135 365 1169; x_wconf 83' lang='grc' dir='ltr'><strong>παρὰ</strong></span> <span class='ocrx_word' id='word_1_207' title='bbox 373 1135 420 1161; x_wconf 86' lang='grc' dir='ltr'><strong>τοῦ</strong></span> <span class='ocrx_word' id='word_1_208' title='bbox 429 1135 515 1169; x_wconf 85' lang='grc' dir='ltr'><strong>Λόγου</strong></span> <span class='ocrx_word' id='word_1_209' title='bbox 527 1135 594 1169; x_wconf 75' lang='grc' dir='ltr'><strong>ἔχει.</strong></span> <span class='ocrx_word' id='word_1_210' title='bbox 605 1135 707 1161; x_wconf 74' lang='grc' dir='ltr'><strong>Οὐκοῦν</strong></span> <span class='ocrx_word' id='word_1_211' title='bbox 719 1135 732 1160; x_wconf 84' lang='grc' dir='ltr'><strong>ὁ</strong></span> <span class='ocrx_word' id='word_1_212' title='bbox 747 1135 841 1170; x_wconf 77' lang='grc' dir='ltr'><strong>Πατὴρ</strong></span> 
     </span>
    </p>
   </div>
   <div class='ocr_carea' id='block_1_27' title="bbox 52 1181 841 1217">
    <p class='ocr_par' dir='ltr' id='par_1_27' title="bbox 52 1181 841 1217">
     <span class='ocr_line' id='line_1_27' title="bbox 52 1181 841 1217; baseline -0.004 -7"><span class='ocrx_word' id='word_1_213' title='bbox 52 1185 145 1217; x_wconf 76' lang='grc' dir='ltr'><strong>λέγων</strong></span> <span class='ocrx_word' id='word_1_214' title='bbox 159 1182 224 1217; x_wconf 79' lang='grc' dir='ltr'><strong>περὶ</strong></span> <span class='ocrx_word' id='word_1_215' title='bbox 238 1182 316 1217; x_wconf 87' lang='grc' dir='ltr'><strong>ἡμῶν</strong></span> <span class='ocrx_word' id='word_1_216' title='bbox 330 1181 359 1207; x_wconf 84' lang='grc' dir='ltr'><strong>τό</strong></span> <span class='ocrx_word' id='word_1_217' title='bbox 372 1189 381 1198; x_wconf 83' lang='grc' dir='ltr'><strong>ο</strong></span> <span class='ocrx_word' id='word_1_218' title='bbox 398 1181 499 1214; x_wconf 81' lang='grc' dir='ltr'><strong>Καθὼς</strong></span> <span class='ocrx_word' id='word_1_219' title='bbox 513 1181 566 1213; x_wconf 84' lang='grc' dir='ltr'><strong>σὺ,</strong></span> <span class='ocrx_word' id='word_1_220' title='bbox 584 1182 689 1215; x_wconf 83' lang='grc' dir='ltr'><strong>Πάτερ,</strong></span> <span class='ocrx_word' id='word_1_221' title='bbox 710 1181 744 1207; x_wconf 79' lang='grc' dir='ltr'><strong>ἐν</strong></span> <span class='ocrx_word' id='word_1_222' title='bbox 766 1181 841 1215; x_wconf 69' lang='grc' dir='ltr'><strong>ἐμοὶ,</strong></span> 
     </span>
    </p>
   </div>
   <div class='ocr_carea' id='block_1_28' title="bbox 53 1225 841 1264">
    <p class='ocr_par' dir='ltr' id='par_1_28' title="bbox 53 1225 841 1264">
     <span class='ocr_line' id='line_1_28' title="bbox 53 1225 841 1264; baseline -0.004 -8"><span class='ocrx_word' id='word_1_223' title='bbox 53 1230 140 1264; x_wconf 80' lang='grc' dir='ltr'><strong>κάγὼ</strong></span> <span class='ocrx_word' id='word_1_224' title='bbox 153 1229 189 1255; x_wconf 81' lang='grc' dir='ltr'><strong>ὲν</strong></span> <span class='ocrx_word' id='word_1_225' title='bbox 205 1229 266 1261; x_wconf 78' lang='grc' dir='ltr'><strong>σοὶ,</strong></span> <span class='ocrx_word' id='word_1_226' title='bbox 279 1229 330 1255; x_wconf 77' lang='grc' dir='ltr'><strong>ἵνα</strong></span> <span class='ocrx_word' id='word_1_227' title='bbox 351 1228 401 1254; x_wconf 81' lang='grc' dir='ltr'><strong>καὶ</strong></span> <span class='ocrx_word' id='word_1_228' title='bbox 418 1228 503 1254; x_wconf 79' lang='grc' dir='ltr'><strong>αὐτοὶ</strong></span> <span class='ocrx_word' id='word_1_229' title='bbox 530 1228 564 1254; x_wconf 78' lang='grc' dir='ltr'><strong>ἐν</strong></span> <span class='ocrx_word' id='word_1_230' title='bbox 578 1228 648 1262; x_wconf 78' lang='grc' dir='ltr'><strong>ἡμῖν</strong></span> <span class='ocrx_word' id='word_1_231' title='bbox 665 1228 700 1254; x_wconf 83' lang='grc' dir='ltr'><strong>ἓν</strong></span> <span class='ocrx_word' id='word_1_232' title='bbox 711 1225 798 1260; x_wconf 81' lang='grc' dir='ltr'><strong>ὦσιν,</strong></span> <span class='ocrx_word' id='word_1_233' title='bbox 811 1228 841 1253; x_wconf 81' lang='grc' dir='ltr'><strong>οὺ</strong></span> 
     </span>
    </p>
   </div>
   <div class='ocr_carea' id='block_1_29' title="bbox 52 1274 842 1311">
    <p class='ocr_par' dir='ltr' id='par_1_29' title="bbox 52 1274 842 1311">
     <span class='ocr_line' id='line_1_29' title="bbox 52 1274 842 1311; baseline -0.004 -9"><span class='ocrx_word' id='word_1_234' title='bbox 52 1277 106 1311; x_wconf 75' lang='grc' dir='ltr'><strong>τὴν</strong></span> <span class='ocrx_word' id='word_1_235' title='bbox 133 1277 287 1308; x_wconf 79' lang='grc' dir='ltr'><strong>ταυτότητα</strong></span> <span class='ocrx_word' id='word_1_236' title='bbox 301 1275 376 1310; x_wconf 79' lang='grc' dir='ltr'><strong>ἡμᾶς</strong></span> <span class='ocrx_word' id='word_1_237' title='bbox 405 1274 534 1309; x_wconf 82' lang='grc' dir='ltr'><strong>μένοντας</strong></span> <span class='ocrx_word' id='word_1_238' title='bbox 560 1275 589 1300; x_wconf 78' lang='grc' dir='ltr'><strong>ὲν</strong></span> <span class='ocrx_word' id='word_1_239' title='bbox 609 1274 681 1309; x_wconf 75' lang='grc' dir='ltr'><strong>αὐτῷ</strong></span> <span class='ocrx_word' id='word_1_240' title='bbox 703 1274 775 1309; x_wconf 77' lang='grc' dir='ltr'><strong>ἔχειν</strong></span> <span class='ocrx_word' id='word_1_241' title='bbox 793 1281 842 1308; x_wconf 86' lang='grc' dir='ltr'><strong>ση-</strong></span> 
     </span>
    </p>
   </div>
   <div class='ocr_carea' id='block_1_30' title="bbox 55 1320 842 1358">
    <p class='ocr_par' dir='ltr' id='par_1_30' title="bbox 55 1320 842 1358">
     <span class='ocr_line' id='line_1_30' title="bbox 55 1320 842 1358; baseline -0.004 -9"><span class='ocrx_word' id='word_1_242' title='bbox 55 1322 162 1358; x_wconf 74' lang='grc' dir='ltr'><strong>μαῖνει,</strong></span> <span class='ocrx_word' id='word_1_243' title='bbox 188 1321 256 1348; x_wconf 78' lang='grc' dir='ltr'><strong>ἀλλὰ</strong></span> <span class='ocrx_word' id='word_1_244' title='bbox 273 1321 383 1353; x_wconf 77' lang='grc' dir='ltr'><strong>ἀξίωσις</strong></span> <span class='ocrx_word' id='word_1_245' title='bbox 399 1322 457 1347; x_wconf 83' lang='grc' dir='ltr'><strong>ὲστι</strong></span> <span class='ocrx_word' id='word_1_246' title='bbox 482 1321 550 1353; x_wconf 78' lang='grc' dir='ltr'><strong>πρὸς</strong></span> <span class='ocrx_word' id='word_1_247' title='bbox 567 1321 612 1346; x_wconf 75' lang='grc' dir='ltr'><strong>τὸν</strong></span> <span class='ocrx_word' id='word_1_248' title='bbox 632 1320 751 1355; x_wconf 73' lang='grc' dir='ltr'><strong>Πατέρα,</strong></span> <span class='ocrx_word' id='word_1_249' title='bbox 778 1320 814 1348; x_wconf 70' lang='grc' dir='ltr'><strong>ὡς</strong></span> <span class='ocrx_word' id='word_1_250' title='bbox 829 1321 842 1346; x_wconf 71' lang='grc' dir='ltr'><strong><em>ἧ</em></strong></span> 
     </span>
    </p>
   </div>
   <div class='ocr_carea' id='block_1_31' title="bbox 60 1366 843 1404">
    <p class='ocr_par' dir='ltr' id='par_1_31' title="bbox 60 1366 843 1404">
     <span class='ocr_line' id='line_1_31' title="bbox 60 1366 843 1404; baseline -0.004 -9"><span class='ocrx_word' id='word_1_251' title='bbox 60 1369 192 1404; x_wconf 79' lang='grc' dir='ltr'><strong>Ἰωάννης</strong></span> <span class='ocrx_word' id='word_1_252' title='bbox 207 1367 337 1402; x_wconf 72' lang='grc' dir='ltr'><strong>ἔγραψεν,</strong></span> <span class='ocrx_word' id='word_1_253' title='bbox 355 1367 397 1393; x_wconf 79' lang='grc' dir='ltr'><strong>ἵνα</strong></span> <span class='ocrx_word' id='word_1_254' title='bbox 411 1366 441 1393; x_wconf 82' lang='grc' dir='ltr'><strong>τὸ</strong></span> <span class='ocrx_word' id='word_1_255' title='bbox 455 1366 565 1401; x_wconf 78' lang='grc' dir='ltr'><strong>Πνεῦμα</strong></span> <span class='ocrx_word' id='word_1_256' title='bbox 581 1367 726 1402; x_wconf 80' lang='grc' dir='ltr'><strong>χαρίσηται</strong></span> <span class='ocrx_word' id='word_1_257' title='bbox 743 1366 777 1392; x_wconf 86' lang='grc' dir='ltr'><strong>δι’</strong></span> <span class='ocrx_word' id='word_1_258' title='bbox 793 1367 843 1392; x_wconf 83' lang='grc' dir='ltr'><strong>αὺ-</strong></span> 
     </span>
    </p>
   </div>
   <div class='ocr_carea' id='block_1_32' title="bbox 53 1410 843 1447">
    <p class='ocr_par' dir='ltr' id='par_1_32' title="bbox 53 1410 843 1447">
     <span class='ocr_line' id='line_1_32' title="bbox 53 1410 843 1447; baseline -0.003 -7"><span class='ocrx_word' id='word_1_259' title='bbox 53 1414 106 1441; x_wconf 79' lang='grc' dir='ltr'><strong>τοῦ</strong></span> <span class='ocrx_word' id='word_1_260' title='bbox 127 1415 185 1445; x_wconf 72' lang='grc' dir='ltr'><strong>τοῖς</strong></span> <span class='ocrx_word' id='word_1_261' title='bbox 199 1412 367 1444; x_wconf 82' lang='grc' dir='ltr'><strong>πιστεύουσι,</strong></span> <span class='ocrx_word' id='word_1_262' title='bbox 384 1412 417 1438; x_wconf 85' lang='grc' dir='ltr'><strong>δι’</strong></span> <span class='ocrx_word' id='word_1_263' title='bbox 438 1410 467 1439; x_wconf 79' lang='grc' dir='ltr'><strong>οὗ</strong></span> <span class='ocrx_word' id='word_1_264' title='bbox 483 1413 529 1439; x_wconf 85' lang='grc' dir='ltr'><strong>καὶ</strong></span> <span class='ocrx_word' id='word_1_265' title='bbox 543 1413 675 1447; x_wconf 86' lang='grc' dir='ltr'><strong>δοκοῦμεν</strong></span> <span class='ocrx_word' id='word_1_266' title='bbox 692 1413 719 1438; x_wconf 84' lang='grc' dir='ltr'><strong>ὲν</strong></span> <span class='ocrx_word' id='word_1_267' title='bbox 731 1412 769 1446; x_wconf 80' lang='grc' dir='ltr'><strong>τῷ</strong></span> <span class='ocrx_word' id='word_1_268' title='bbox 784 1411 843 1447; x_wconf 87' lang='grc' dir='ltr'><strong>Θεῷ</strong></span> 
     </span>
    </p>
   </div>
   <div class='ocr_carea' id='block_1_33' title="bbox 672 1458 758 1469">
    <p class='ocr_par' dir='ltr' id='par_1_33' title="bbox 672 1458 758 1469">
     <span class='ocr_line' id='line_1_33' title="bbox 672 1458 758 1469; baseline 0 0"><span class='ocrx_word' id='word_1_269' title='bbox 672 1458 720 1469; x_wconf 54' lang='grc' dir='ltr'><strong>’-π</strong></span> <span class='ocrx_word' id='word_1_270' title='bbox 751 1459 758 1469; x_wconf 74' lang='grc'><strong>1</strong></span> 
     </span>
    </p>
   </div>
   <div class='ocr_carea' id='block_1_34' title="bbox 55 1457 843 1494">
    <p class='ocr_par' dir='ltr' id='par_1_34' title="bbox 55 1457 843 1494">
     <span class='ocr_line' id='line_1_34' title="bbox 55 1457 843 1494; baseline -0.004 -8"><span class='ocrx_word' id='word_1_271' title='bbox 55 1459 193 1494; x_wconf 66' lang='grc' dir='ltr'><strong>γίνεσθαι,</strong></span> <span class='ocrx_word' id='word_1_272' title='bbox 209 1458 256 1485; x_wconf 80' lang='grc' dir='ltr'><strong>καὶ</strong></span> <span class='ocrx_word' id='word_1_273' title='bbox 274 1458 343 1485; x_wconf 78' lang='grc' dir='ltr'><strong>κατὰ</strong></span> <span class='ocrx_word' id='word_1_274' title='bbox 358 1457 436 1484; x_wconf 79' lang='grc' dir='ltr'><strong>τοῦτο</strong></span> <span class='ocrx_word' id='word_1_275' title='bbox 449 1458 629 1485; x_wconf 78' lang='grc' dir='ltr'><strong>συνάπτεσθαι</strong></span> <span class='ocrx_word' id='word_1_276' title='bbox 649 1458 732 1493; x_wconf 81' lang='grc' dir='ltr'><strong>αὐτῷ.</strong></span> <span class='ocrx_word' id='word_1_277' title='bbox 751 1459 843 1485; x_wconf 79' lang='grc' dir='ltr'><strong>Ἐπει-</strong></span> 
     </span>
    </p>
   </div>
   <div class='ocr_carea' id='block_1_35' title="bbox 54 1505 878 1548">
    <p class='ocr_par' dir='ltr' id='par_1_35' title="bbox 54 1505 878 1548">
     <span class='ocr_line' id='line_1_35' title="bbox 54 1505 878 1548; baseline -0.002 -16"><span class='ocrx_word' id='word_1_278' title='bbox 54 1507 90 1541; x_wconf 73' lang='grc' dir='ltr'><strong>δὴ</strong></span> <span class='ocrx_word' id='word_1_279' title='bbox 107 1506 163 1541; x_wconf 73' lang='grc' dir='ltr'><strong>γὰρ</strong></span> <span class='ocrx_word' id='word_1_280' title='bbox 175 1506 188 1531; x_wconf 78' lang='grc' dir='ltr'><strong>ό</strong></span> <span class='ocrx_word' id='word_1_281' title='bbox 203 1506 289 1540; x_wconf 70' lang='grc' dir='ltr'><strong>Λόγος</strong></span> <span class='ocrx_word' id='word_1_282' title='bbox 300 1506 373 1532; x_wconf 73' lang='grc' dir='ltr'><strong>ἐστὶν</strong></span> <span class='ocrx_word' id='word_1_283' title='bbox 387 1506 415 1531; x_wconf 84' lang='grc' dir='ltr'><strong>ὲν</strong></span> <span class='ocrx_word' id='word_1_284' title='bbox 428 1505 466 1539; x_wconf 80' lang='grc' dir='ltr'><strong>τῷ</strong></span> <span class='ocrx_word' id='word_1_285' title='bbox 483 1505 582 1539; x_wconf 72' lang='grc' dir='ltr'><strong>Πατρὶ,</strong></span> <span class='ocrx_word' id='word_1_286' title='bbox 596 1505 625 1531; x_wconf 80' lang='grc' dir='ltr'><strong>τὸ</strong></span> <span class='ocrx_word' id='word_1_287' title='bbox 642 1505 670 1530; x_wconf 77' lang='grc' dir='ltr'><strong>δὲ</strong></span> <span class='ocrx_word' id='word_1_288' title='bbox 686 1505 796 1539; x_wconf 84' lang='grc' dir='ltr'><strong>Πνεῦμα</strong></span> <span class='ocrx_word' id='word_1_289' title='bbox 811 1505 843 1531; x_wconf 83' lang='grc' dir='ltr'><strong>ὲκ</strong></span> <span class='ocrx_word' id='word_1_290' title='bbox 857 1518 878 1548; x_wconf 69' lang='lat' dir='ltr'>c</span> 
     </span>
    </p>
   </div>
   <div class='ocr_carea' id='block_1_36' title="bbox 53 1550 842 1585">
    <p class='ocr_par' dir='ltr' id='par_1_36' title="bbox 53 1550 842 1585">
     <span class='ocr_line' id='line_1_36' title="bbox 53 1550 842 1585; baseline -0.003 -7"><span class='ocrx_word' id='word_1_291' title='bbox 53 1553 106 1578; x_wconf 73' lang='grc' dir='ltr'><strong>τοῦ</strong></span> <span class='ocrx_word' id='word_1_292' title='bbox 122 1553 210 1585; x_wconf 66' lang='grc' dir='ltr'><strong>Λνῐγου</strong></span> <span class='ocrx_word' id='word_1_293' title='bbox 224 1551 333 1581; x_wconf 77' lang='grc' dir='ltr'><strong>δίδοται,</strong></span> <span class='ocrx_word' id='word_1_294' title='bbox 358 1550 429 1577; x_wconf 81' lang='grc' dir='ltr'><strong>θέλει</strong></span> <span class='ocrx_word' id='word_1_295' title='bbox 445 1550 537 1577; x_wconf 81' lang='grc' dir='ltr'><strong>λαϐεῖν</strong></span> <span class='ocrx_word' id='word_1_296' title='bbox 563 1552 637 1585; x_wconf 82' lang='grc' dir='ltr'><strong>ἡμᾶς</strong></span> <span class='ocrx_word' id='word_1_297' title='bbox 663 1550 692 1576; x_wconf 72' lang='grc' dir='ltr'><strong>τὸ</strong></span> <span class='ocrx_word' id='word_1_298' title='bbox 719 1551 842 1585; x_wconf 66' lang='grc' dir='ltr'><strong>Πνεῦμα,</strong></span> 
     </span>
    </p>
   </div>
   <div class='ocr_carea' id='block_1_37' title="bbox 56 1596 844 1631">
    <p class='ocr_par' dir='ltr' id='par_1_37' title="bbox 56 1596 844 1631">
     <span class='ocr_line' id='line_1_37' title="bbox 56 1596 844 1631; baseline -0.004 -6"><span class='ocrx_word' id='word_1_299' title='bbox 56 1599 114 1630; x_wconf 81' lang='grc' dir='ltr'><strong>ἵνα,</strong></span> <span class='ocrx_word' id='word_1_300' title='bbox 130 1598 196 1624; x_wconf 77' lang='grc' dir='ltr'><strong>ὅταν</strong></span> <span class='ocrx_word' id='word_1_301' title='bbox 213 1598 303 1624; x_wconf 76' lang='grc' dir='ltr'><strong>ἐκεῖνο</strong></span> <span class='ocrx_word' id='word_1_302' title='bbox 324 1597 462 1631; x_wconf 76' lang='grc' dir='ltr'><strong>λάϐωμεν,</strong></span> <span class='ocrx_word' id='word_1_303' title='bbox 477 1596 538 1622; x_wconf 83' lang='grc' dir='ltr'><strong>τότε</strong></span> <span class='ocrx_word' id='word_1_304' title='bbox 561 1596 668 1631; x_wconf 81' lang='grc' dir='ltr'><strong>ἔχοντες</strong></span> <span class='ocrx_word' id='word_1_305' title='bbox 684 1596 713 1622; x_wconf 75' lang='grc' dir='ltr'><strong>τὸ</strong></span> <span class='ocrx_word' id='word_1_306' title='bbox 730 1597 844 1631; x_wconf 79' lang='grc' dir='ltr'><strong>Πνεῦμα</strong></span> 
     </span>
    </p>
   </div>
   <div class='ocr_carea' id='block_1_38' title="bbox 55 1641 843 1676">
    <p class='ocr_par' dir='ltr' id='par_1_38' title="bbox 55 1641 843 1676">
     <span class='ocr_line' id='line_1_38' title="bbox 55 1641 843 1676; baseline -0.001 -7"><span class='ocrx_word' id='word_1_307' title='bbox 55 1643 106 1670; x_wconf 74' lang='grc' dir='ltr'><strong>τοῦ</strong></span> <span class='ocrx_word' id='word_1_308' title='bbox 137 1643 225 1676; x_wconf 65' lang='grc' dir='ltr'><strong>Λόγου</strong></span> <span class='ocrx_word' id='word_1_309' title='bbox 244 1642 290 1668; x_wconf 88' lang='grc' dir='ltr'><strong>τοῦ</strong></span> <span class='ocrx_word' id='word_1_310' title='bbox 317 1641 394 1672; x_wconf 74' lang='grc' dir='ltr'><strong>ὄντος</strong></span> <span class='ocrx_word' id='word_1_311' title='bbox 418 1642 446 1667; x_wconf 83' lang='grc' dir='ltr'><strong>ὲν</strong></span> <span class='ocrx_word' id='word_1_312' title='bbox 467 1642 506 1676; x_wconf 84' lang='grc' dir='ltr'><strong>τῷ</strong></span> <span class='ocrx_word' id='word_1_313' title='bbox 528 1642 633 1676; x_wconf 77' lang='grc' dir='ltr'><strong>Πατρὶ,</strong></span> <span class='ocrx_word' id='word_1_314' title='bbox 654 1641 774 1676; x_wconf 64' lang='grc' dir='ltr'><strong>δόξωμεν</strong></span> <span class='ocrx_word' id='word_1_315' title='bbox 797 1642 843 1668; x_wconf 75' lang='grc' dir='ltr'><strong>καὶ</strong></span> 
     </span>
    </p>
   </div>
   <div class='ocr_carea' id='block_1_39' title="bbox 56 1687 845 1725">
    <p class='ocr_par' dir='ltr' id='par_1_39' title="bbox 56 1687 845 1725">
     <span class='ocr_line' id='line_1_39' title="bbox 56 1687 845 1725; baseline -0.004 -10"><span class='ocrx_word' id='word_1_316' title='bbox 56 1691 143 1725; x_wconf 79' lang='grc' dir='ltr'><strong>ἡμεῖς</strong></span> <span class='ocrx_word' id='word_1_317' title='bbox 164 1689 207 1715; x_wconf 72' lang='grc' dir='ltr'><strong>διὰ</strong></span> <span class='ocrx_word' id='word_1_318' title='bbox 222 1688 252 1714; x_wconf 74' lang='grc' dir='ltr'><strong>τὸ</strong></span> <span class='ocrx_word' id='word_1_319' title='bbox 265 1688 376 1722; x_wconf 78' lang='grc' dir='ltr'><strong>Πνεῦμα</strong></span> <span class='ocrx_word' id='word_1_320' title='bbox 396 1687 424 1713; x_wconf 84' lang='grc' dir='ltr'><strong>ἓν</strong></span> <span class='ocrx_word' id='word_1_321' title='bbox 439 1687 567 1720; x_wconf 79' lang='grc' dir='ltr'><strong>γενέσθαι</strong></span> <span class='ocrx_word' id='word_1_322' title='bbox 579 1688 607 1713; x_wconf 79' lang='grc' dir='ltr'><strong>ἐν</strong></span> <span class='ocrx_word' id='word_1_323' title='bbox 626 1687 664 1722; x_wconf 83' lang='grc' dir='ltr'><strong>τῷ</strong></span> <span class='ocrx_word' id='word_1_324' title='bbox 682 1688 770 1723; x_wconf 78' lang='grc' dir='ltr'><strong>Λόγῳ,</strong></span> <span class='ocrx_word' id='word_1_325' title='bbox 797 1689 845 1714; x_wconf 80' lang='grc' dir='ltr'><strong>καὶ</strong></span> 
     </span>
    </p>
   </div>
   <div class='ocr_carea' id='block_1_40' title="bbox 54 1732 844 1768">
    <p class='ocr_par' dir='ltr' id='par_1_40' title="bbox 54 1732 844 1768">
     <span class='ocr_line' id='line_1_40' title="bbox 54 1732 844 1768; baseline -0.001 -7"><span class='ocrx_word' id='word_1_326' title='bbox 54 1734 95 1761; x_wconf 77' lang='grc' dir='ltr'><strong>δι’</strong></span> <span class='ocrx_word' id='word_1_327' title='bbox 110 1733 209 1760; x_wconf 78' lang='grc' dir='ltr'><strong>ἑαυτοῦ</strong></span> <span class='ocrx_word' id='word_1_328' title='bbox 224 1734 253 1758; x_wconf 82' lang='grc' dir='ltr'><strong>ὲν</strong></span> <span class='ocrx_word' id='word_1_329' title='bbox 267 1733 304 1766; x_wconf 88' lang='grc' dir='ltr'><strong>τῷ</strong></span> <span class='ocrx_word' id='word_1_330' title='bbox 316 1733 414 1767; x_wconf 75' lang='grc' dir='ltr'><strong>Πατρι.</strong></span> <span class='ocrx_word' id='word_1_331' title='bbox 430 1732 464 1758; x_wconf 84' lang='grc' dir='ltr'><strong>Τὸ</strong></span> <span class='ocrx_word' id='word_1_332' title='bbox 474 1732 502 1758; x_wconf 82' lang='grc' dir='ltr'>δὲ</span> <span class='ocrx_word' id='word_1_333' title='bbox 516 1732 602 1765; x_wconf 73' lang='grc' dir='ltr'><strong>ἡμεῖς</strong></span> <span class='ocrx_word' id='word_1_334' title='bbox 617 1732 663 1759; x_wconf 76' lang='grc' dir='ltr'><strong>ἐὰν</strong></span> <span class='ocrx_word' id='word_1_335' title='bbox 679 1732 756 1768; x_wconf 78' lang='grc' dir='ltr'><strong>λέγῃ,</strong></span> <span class='ocrx_word' id='word_1_336' title='bbox 770 1733 844 1760; x_wconf 83' lang='grc' dir='ltr'><strong>οὐδὲν</strong></span> 
     </span>
    </p>
   </div>
   <div class='ocr_carea' id='block_1_41' title="bbox 54 1779 845 1815">
    <p class='ocr_par' dir='ltr' id='par_1_41' title="bbox 54 1779 845 1815">
     <span class='ocr_line' id='line_1_41' title="bbox 54 1779 845 1815; baseline -0.004 -8"><span class='ocrx_word' id='word_1_337' title='bbox 54 1781 158 1815; x_wconf 77' lang='grc' dir='ltr'><strong>ἕτερον</strong></span> <span class='ocrx_word' id='word_1_338' title='bbox 173 1779 253 1805; x_wconf 83' lang='grc' dir='ltr'><strong>πάλιν</strong></span> <span class='ocrx_word' id='word_1_339' title='bbox 268 1779 350 1811; x_wconf 77' lang='grc' dir='ltr'><strong>ἐστὶν,</strong></span> <span class='ocrx_word' id='word_1_340' title='bbox 372 1779 474 1812; x_wconf 75' lang='grc' dir='ltr'><strong>ἢῖναιὴ</strong></span> <span class='ocrx_word' id='word_1_341' title='bbox 490 1779 618 1812; x_wconf 71' lang='grc' dir='ltr'><strong>γινομένη</strong></span> <span class='ocrx_word' id='word_1_342' title='bbox 636 1779 747 1814; x_wconf 75' lang='grc' dir='ltr'><strong>τοιαύτη</strong></span> <span class='ocrx_word' id='word_1_343' title='bbox 764 1779 845 1814; x_wconf 80' lang='grc' dir='ltr'><strong>χάρις</strong></span> 
     </span>
    </p>
   </div>
   <div class='ocr_carea' id='block_1_42' title="bbox 54 1824 845 1860">
    <p class='ocr_par' dir='ltr' id='par_1_42' title="bbox 54 1824 845 1860">
     <span class='ocr_line' id='line_1_42' title="bbox 54 1824 845 1860; baseline -0.001 -9"><span class='ocrx_word' id='word_1_344' title='bbox 54 1828 101 1857; x_wconf 79' lang='grc' dir='ltr'><strong>εἰς</strong></span> <span class='ocrx_word' id='word_1_345' title='bbox 128 1825 195 1856; x_wconf 75' lang='grc' dir='ltr'><strong>τοὺς</strong></span> <span class='ocrx_word' id='word_1_346' title='bbox 220 1824 343 1859; x_wconf 81' lang='grc' dir='ltr'><strong>μαθητὰς</strong></span> <span class='ocrx_word' id='word_1_347' title='bbox 367 1824 535 1855; x_wconf 78' lang='grc' dir='ltr'><strong>ἀδιάπτωτος</strong></span> <span class='ocrx_word' id='word_1_348' title='bbox 564 1824 611 1850; x_wconf 81' lang='grc' dir='ltr'><strong>καὶ</strong></span> <span class='ocrx_word' id='word_1_349' title='bbox 641 1824 845 1860; x_wconf 75' lang='grc' dir='ltr'><strong>ἀμεταμέλητος</strong></span> 
     </span>
    </p>
   </div>
   <div class='ocr_carea' id='block_1_43' title="bbox 53 1869 847 1907">
    <p class='ocr_par' dir='ltr' id='par_1_43' title="bbox 53 1869 847 1907">
     <span class='ocr_line' id='line_1_43' title="bbox 53 1869 847 1907; baseline -0.003 -8"><span class='ocrx_word' id='word_1_350' title='bbox 53 1873 189 1907; x_wconf 81' lang='grc' dir='ltr'><strong>γένηται·</strong></span> <span class='ocrx_word' id='word_1_351' title='bbox 204 1871 272 1905; x_wconf 77' lang='grc' dir='ltr'><strong>ὅπερ</strong></span> <span class='ocrx_word' id='word_1_352' title='bbox 297 1872 310 1897; x_wconf 85' lang='grc' dir='ltr'><strong><em>ὸ</em></strong></span> <span class='ocrx_word' id='word_1_353' title='bbox 332 1870 493 1901; x_wconf 82' lang='grc' dir='ltr'><strong>Ἀπόστυλος</strong></span> <span class='ocrx_word' id='word_1_354' title='bbox 509 1869 650 1904; x_wconf 75' lang='grc' dir='ltr'><strong>γινώσκων</strong></span> <span class='ocrx_word' id='word_1_355' title='bbox 676 1870 752 1904; x_wconf 78' lang='grc' dir='ltr'><strong>ἔλεγε</strong></span> <span class='ocrx_word' id='word_1_356' title='bbox 771 1879 778 1886; x_wconf 87' lang='grc'>·</span> <span class='ocrx_word' id='word_1_357' title='bbox 798 1870 847 1903; x_wconf 84' lang='grc' dir='ltr'><strong>Τίς</strong></span> 
     </span>
    </p>
   </div>
   <div class='ocr_carea' id='block_1_44' title="bbox 54 1917 848 1954">
    <p class='ocr_par' dir='ltr' id='par_1_44' title="bbox 54 1917 848 1954">
     <span class='ocr_line' id='line_1_44' title="bbox 54 1917 848 1954; baseline -0.005 -7"><span class='ocrx_word' id='word_1_358' title='bbox 54 1919 141 1954; x_wconf 77' lang='grc' dir='ltr'><strong>ἡμᾶς</strong></span> <span class='ocrx_word' id='word_1_359' title='bbox 169 1919 288 1952; x_wconf 77' lang='grc' dir='ltr'><strong>χωρίσει</strong></span> <span class='ocrx_word' id='word_1_360' title='bbox 314 1918 372 1944; x_wconf 82' lang='grc' dir='ltr'><strong>ἀπὸ</strong></span> <span class='ocrx_word' id='word_1_361' title='bbox 399 1917 453 1952; x_wconf 83' lang='grc' dir='ltr'><strong>τῆς</strong></span> <span class='ocrx_word' id='word_1_362' title='bbox 480 1917 599 1952; x_wconf 78' lang='grc' dir='ltr'><strong>ἀγάπης</strong></span> <span class='ocrx_word' id='word_1_363' title='bbox 627 1918 679 1944; x_wconf 84' lang='grc' dir='ltr'><strong>τοῦ</strong></span> <span class='ocrx_word' id='word_1_364' title='bbox 698 1917 848 1951; x_wconf 80' lang='grc' dir='ltr'><strong>Χριστοῦ;</strong></span> 
     </span>
    </p>
   </div>
   <div class='ocr_carea' id='block_1_45' title="bbox 62 1964 846 2000">
    <p class='ocr_par' dir='ltr' id='par_1_45' title="bbox 62 1964 846 2000">
     <span class='ocr_line' id='line_1_45' title="bbox 62 1964 846 2000; baseline -0.005 -7"><span class='ocrx_word' id='word_1_365' title='bbox 62 1965 283 2000; x_wconf 76' lang='grc' dir='ltr'><strong>’Δμεταμέλητα</strong></span> <span class='ocrx_word' id='word_1_366' title='bbox 307 1964 361 1999; x_wconf 84' lang='grc' dir='ltr'><strong>γὰρ</strong></span> <span class='ocrx_word' id='word_1_367' title='bbox 385 1964 419 1990; x_wconf 77' lang='grc' dir='ltr'><strong>τὰ</strong></span> <span class='ocrx_word' id='word_1_368' title='bbox 434 1965 592 1999; x_wconf 82' lang='grc' dir='ltr'><strong>χαρίσματα</strong></span> <span class='ocrx_word' id='word_1_369' title='bbox 608 1964 653 1990; x_wconf 86' lang='grc' dir='ltr'><strong>τοῦ</strong></span> <span class='ocrx_word' id='word_1_370' title='bbox 674 1964 753 1996; x_wconf 87' lang='grc' dir='ltr'><strong>Θεοῦ,</strong></span> <span class='ocrx_word' id='word_1_371' title='bbox 770 1964 816 1990; x_wconf 75' lang='grc' dir='ltr'><strong>καὶ</strong></span> <span class='ocrx_word' id='word_1_372' title='bbox 831 1965 846 1997; x_wconf 84' lang='grc' dir='ltr'>ἡ</span> 
     </span>
    </p>
   </div>
   <div class='ocr_carea' id='block_1_46' title="bbox 54 2008 848 2047">
    <p class='ocr_par' dir='ltr' id='par_1_46' title="bbox 54 2008 848 2047">
     <span class='ocr_line' id='line_1_46' title="bbox 54 2008 848 2047; baseline -0.008 -7"><span class='ocrx_word' id='word_1_373' title='bbox 54 2013 145 2047; x_wconf 76' lang='grc' dir='ltr'><strong>χάρις</strong></span> <span class='ocrx_word' id='word_1_374' title='bbox 156 2011 207 2046; x_wconf 82' lang='grc' dir='ltr'><strong>τῆς</strong></span> <span class='ocrx_word' id='word_1_375' title='bbox 223 2011 354 2045; x_wconf 82' lang='grc' dir='ltr'><strong>κλήσεως.</strong></span> <span class='ocrx_word' id='word_1_376' title='bbox 374 2009 411 2036; x_wconf 85' lang='grc' dir='ltr'>Τὸ</span> <span class='ocrx_word' id='word_1_377' title='bbox 437 2009 491 2044; x_wconf 83' lang='grc' dir='ltr'><strong>γὰρ</strong></span> <span class='ocrx_word' id='word_1_378' title='bbox 506 2009 618 2043; x_wconf 87' lang='grc' dir='ltr'><strong>Πνεῦμά</strong></span> <span class='ocrx_word' id='word_1_379' title='bbox 639 2009 696 2035; x_wconf 74' lang='grc' dir='ltr'><strong>ἐστι</strong></span> <span class='ocrx_word' id='word_1_380' title='bbox 721 2008 750 2035; x_wconf 87' lang='grc' dir='ltr'><strong>τὸ</strong></span> <span class='ocrx_word' id='word_1_381' title='bbox 762 2010 791 2036; x_wconf 83' lang='grc' dir='ltr'><strong>ὲν</strong></span> <span class='ocrx_word' id='word_1_382' title='bbox 809 2009 848 2041; x_wconf 82' lang='grc' dir='ltr'><strong>τῷ</strong></span> 
     </span>
    </p>
   </div>
   <div class='ocr_carea' id='block_1_47' title="bbox 889 221 1676 256">
    <p class='ocr_par' dir='ltr' id='par_1_47' title="bbox 889 221 1676 256">
     <span class='ocr_line' id='line_1_47' title="bbox 889 221 1676 256; baseline 0.005 -7"><span class='ocrx_word' id='word_1_383' title='bbox 889 229 943 249; x_wconf 91' lang='lat' dir='ltr'><strong>non</strong></span> <span class='ocrx_word' id='word_1_384' title='bbox 959 222 1009 256; x_wconf 81' lang='lat' dir='ltr'><strong>ipsi</strong></span> <span class='ocrx_word' id='word_1_385' title='bbox 1024 221 1111 253; x_wconf 82' lang='lat' dir='ltr'><strong>nobis,</strong></span> <span class='ocrx_word' id='word_1_386' title='bbox 1129 222 1175 248; x_wconf 75' lang='lat' dir='ltr'><strong>scd</strong></span> <span class='ocrx_word' id='word_1_387' title='bbox 1191 221 1302 256; x_wconf 75' lang='lat' dir='ltr'><strong>Spiritui</strong></span> <span class='ocrx_word' id='word_1_388' title='bbox 1320 222 1345 248; x_wconf 90' lang='lat' dir='ltr'><strong>in</strong></span> <span class='ocrx_word' id='word_1_389' title='bbox 1362 222 1438 249; x_wconf 89' lang='lat' dir='ltr'><strong>nobis</strong></span> <span class='ocrx_word' id='word_1_390' title='bbox 1452 224 1592 252; x_wconf 76' lang='lat' dir='ltr'><strong>exsistenti</strong></span> <span class='ocrx_word' id='word_1_391' title='bbox 1611 226 1676 253; x_wconf 92' lang='lat' dir='ltr'><strong>etin</strong></span> 
     </span>
    </p>
   </div>
   <div class='ocr_carea' id='block_1_48' title="bbox 890 267 1679 301">
    <p class='ocr_par' dir='ltr' id='par_1_48' title="bbox 890 267 1679 301">
     <span class='ocr_line' id='line_1_48' title="bbox 890 267 1679 301; baseline 0.005 -6"><span class='ocrx_word' id='word_1_392' title='bbox 890 267 970 295; x_wconf 83' lang='lat' dir='ltr'><strong>nobis</strong></span> <span class='ocrx_word' id='word_1_393' title='bbox 980 268 1099 295; x_wconf 82' lang='lat' dir='ltr'><strong>manenti</strong></span> <span class='ocrx_word' id='word_1_394' title='bbox 1110 271 1251 301; x_wconf 85' lang='lat' dir='ltr'><strong>acceptum</strong></span> <span class='ocrx_word' id='word_1_395' title='bbox 1262 267 1423 295; x_wconf 81' lang='lat' dir='ltr'><strong>referamus.</strong></span> <span class='ocrx_word' id='word_1_396' title='bbox 1437 269 1470 295; x_wconf 82' lang='lat' dir='ltr'><strong>At</strong></span> <span class='ocrx_word' id='word_1_397' title='bbox 1485 277 1546 296; x_wconf 90' lang='lat' dir='ltr'><strong>cum</strong></span> <span class='ocrx_word' id='word_1_398' title='bbox 1560 270 1679 299; x_wconf 78' lang='lat' dir='ltr'><strong>Joannes</strong></span> 
     </span>
    </p>
   </div>
   <div class='ocr_carea' id='block_1_49' title="bbox 890 313 1678 350">
    <p class='ocr_par' dir='ltr' id='par_1_49' title="bbox 890 313 1678 350">
     <span class='ocr_line' id='line_1_49' title="bbox 890 313 1678 350; baseline 0.001 -10"><span class='ocrx_word' id='word_1_399' title='bbox 890 313 960 340; x_wconf 89' lang='lat' dir='ltr'><strong>idem</strong></span> <span class='ocrx_word' id='word_1_400' title='bbox 978 314 1047 341; x_wconf 88' lang='lat' dir='ltr'><strong>dicat</strong></span> <span class='ocrx_word' id='word_1_401' title='bbox 1067 322 1073 340; x_wconf 91' lang='lat'><strong>:</strong></span> <span class='ocrx_word' id='word_1_402' title='bbox 1091 313 1141 344; x_wconf 83' lang='lat' dir='ltr'><strong>Qui</strong></span> <span class='ocrx_word' id='word_1_403' title='bbox 1167 313 1304 346; x_wconf 74' lang='lat' dir='ltr'><strong>conﬁtetur</strong></span> <span class='ocrx_word' id='word_1_404' title='bbox 1332 313 1420 340; x_wconf 73' lang='lat' dir='ltr'><strong>Iesum</strong></span> <span class='ocrx_word' id='word_1_405' title='bbox 1441 323 1494 342; x_wconf 76' lang='lat' dir='ltr'><strong>esse</strong></span> <span class='ocrx_word' id='word_1_406' title='bbox 1511 315 1608 342; x_wconf 78' lang='lat' dir='ltr'><strong>Filium</strong></span> <span class='ocrx_word' id='word_1_407' title='bbox 1619 317 1678 350; x_wconf 75' lang='lat' dir='ltr'><strong>Dei,</strong></span> 
     </span>
    </p>
   </div>
   <div class='ocr_carea' id='block_1_50' title="bbox 890 357 1680 395">
    <p class='ocr_par' dir='ltr' id='par_1_50' title="bbox 890 357 1680 395">
     <span class='ocr_line' id='line_1_50' title="bbox 890 357 1680 395; baseline 0.006 -11"><span class='ocrx_word' id='word_1_408' title='bbox 890 357 959 385; x_wconf 79' lang='lat' dir='ltr'><strong>Deus</strong></span> <span class='ocrx_word' id='word_1_409' title='bbox 968 359 994 385; x_wconf 81' lang='lat' dir='ltr'><strong>in</strong></span> <span class='ocrx_word' id='word_1_410' title='bbox 1006 360 1063 393; x_wconf 85' lang='lat' dir='ltr'><strong>ipsa</strong></span> <span class='ocrx_word' id='word_1_411' title='bbox 1072 364 1168 390; x_wconf 82' lang='lat' dir='ltr'><strong>manet,</strong></span> <span class='ocrx_word' id='word_1_412' title='bbox 1182 364 1206 385; x_wconf 83' lang='lat' dir='ltr'><strong>et</strong></span> <span class='ocrx_word' id='word_1_413' title='bbox 1217 360 1271 393; x_wconf 75' lang='lat' dir='ltr'><strong>ipse</strong></span> <span class='ocrx_word' id='word_1_414' title='bbox 1285 360 1311 386; x_wconf 83' lang='lat' dir='ltr'><strong>in</strong></span> <span class='ocrx_word' id='word_1_415' title='bbox 1332 359 1383 386; x_wconf 86' lang='lat' dir='ltr'><strong>Deo</strong></span> <span class='ocrx_word' id='word_1_416' title='bbox 1397 360 1404 374; x_wconf 86' lang='lat'>&#39;</span> <span class='ocrx_word' id='word_1_417' title='bbox 1418 380 1425 392; x_wconf 91' lang='lat'>,</span> <span class='ocrx_word' id='word_1_418' title='bbox 1450 368 1572 395; x_wconf 74' lang='lat' dir='ltr'><strong>qua-nam</strong></span> <span class='ocrx_word' id='word_1_419' title='bbox 1583 362 1680 389; x_wconf 88' lang='lat' dir='ltr'><strong>simili-</strong></span> 
     </span>
    </p>
   </div>
   <div class='ocr_carea' id='block_1_51' title="bbox 891 395 1676 440">
    <p class='ocr_par' dir='ltr' id='par_1_51' title="bbox 891 395 1676 440">
     <span class='ocr_line' id='line_1_51' title="bbox 891 395 1676 440; baseline 0.005 -9"><span class='ocrx_word' id='word_1_420' title='bbox 891 404 966 437; x_wconf 89' lang='lat' dir='ltr'><strong>tudo,</strong></span> <span class='ocrx_word' id='word_1_421' title='bbox 977 410 1022 432; x_wconf 86' lang='lat' dir='ltr'><strong>aut</strong></span> <span class='ocrx_word' id='word_1_422' title='bbox 1035 405 1173 440; x_wconf 68' lang='lat' dir='ltr'><strong>aequalitas</strong></span> <span class='ocrx_word' id='word_1_423' title='bbox 1187 406 1263 432; x_wconf 88' lang='lat' dir='ltr'><strong>nobis</strong></span> <span class='ocrx_word' id='word_1_424' title='bbox 1280 413 1340 432; x_wconf 87' lang='lat' dir='ltr'><strong>cum</strong></span> <span class='ocrx_word' id='word_1_425' title='bbox 1353 405 1443 433; x_wconf 81' lang='lat' dir='ltr'><strong>Filio?</strong></span> <span class='ocrx_word' id='word_1_426' title='bbox 1460 406 1555 433; x_wconf 84' lang='lat' dir='ltr'><strong>Nonne</strong></span> <span class='ocrx_word' id='word_1_427' title='bbox 1581 395 1676 435; x_wconf 50' lang='lat' dir='ltr'><strong>Aa&#39;iani</strong></span> 
     </span>
    </p>
   </div>
   <div class='ocr_carea' id='block_1_52' title="bbox 892 451 1677 487">
    <p class='ocr_par' dir='ltr' id='par_1_52' title="bbox 892 451 1677 487">
     <span class='ocr_line' id='line_1_52' title="bbox 892 451 1677 487; baseline 0.003 -9"><span class='ocrx_word' id='word_1_428' title='bbox 892 451 1021 485; x_wconf 83' lang='lat' dir='ltr'><strong>undique,</strong></span> <span class='ocrx_word' id='word_1_429' title='bbox 1038 456 1065 479; x_wconf 89' lang='lat' dir='ltr'><strong>et</strong></span> <span class='ocrx_word' id='word_1_430' title='bbox 1082 459 1096 478; x_wconf 87' lang='lat' dir='ltr'><strong>a</strong></span> <span class='ocrx_word' id='word_1_431' title='bbox 1108 451 1212 480; x_wconf 79' lang='lat' dir='ltr'><strong>Joanne</strong></span> <span class='ocrx_word' id='word_1_432' title='bbox 1226 452 1396 487; x_wconf 88' lang='lat' dir='ltr'><strong>potissimum</strong></span> <span class='ocrx_word' id='word_1_433' title='bbox 1415 453 1548 480; x_wconf 80' lang='lat' dir='ltr'><strong>coniutati</strong></span> <span class='ocrx_word' id='word_1_434' title='bbox 1566 454 1677 480; x_wconf 70' lang='lat' dir='ltr'><strong>tandem</strong></span> 
     </span>
    </p>
   </div>
   <div class='ocr_carea' id='block_1_53' title="bbox 891 497 1682 531">
    <p class='ocr_par' dir='ltr' id='par_1_53' title="bbox 891 497 1682 531">
     <span class='ocr_line' id='line_1_53' title="bbox 891 497 1682 531; baseline 0.003 -7"><span class='ocrx_word' id='word_1_435' title='bbox 891 497 1111 524; x_wconf 85' lang='lat' dir='ltr'><strong>animadvertunt</strong></span> <span class='ocrx_word' id='word_1_436' title='bbox 1131 498 1211 525; x_wconf 84' lang='lat' dir='ltr'><strong>aliter</strong></span> <span class='ocrx_word' id='word_1_437' title='bbox 1237 506 1296 525; x_wconf 87' lang='lat' dir='ltr'><strong>esse</strong></span> <span class='ocrx_word' id='word_1_438' title='bbox 1308 498 1406 525; x_wconf 88' lang='lat' dir='ltr'><strong>Filium</strong></span> <span class='ocrx_word' id='word_1_439' title='bbox 1421 499 1447 525; x_wconf 84' lang='lat' dir='ltr'><strong>in</strong></span> <span class='ocrx_word' id='word_1_440' title='bbox 1460 498 1550 531; x_wconf 86' lang='lat' dir='ltr'><strong>Patre,</strong></span> <span class='ocrx_word' id='word_1_441' title='bbox 1560 503 1587 526; x_wconf 86' lang='lat' dir='ltr'><strong>et</strong></span> <span class='ocrx_word' id='word_1_442' title='bbox 1602 499 1682 526; x_wconf 84' lang='lat' dir='ltr'><strong>aliter</strong></span> 
     </span>
    </p>
   </div>
   <div class='ocr_carea' id='block_1_54' title="bbox 891 543 1681 579">
    <p class='ocr_par' dir='ltr' id='par_1_54' title="bbox 891 543 1681 579">
     <span class='ocr_line' id='line_1_54' title="bbox 891 543 1681 579; baseline 0.001 -10"><span class='ocrx_word' id='word_1_443' title='bbox 891 550 941 569; x_wconf 76' lang='lat' dir='ltr'><strong>nos</strong></span> <span class='ocrx_word' id='word_1_444' title='bbox 957 543 983 569; x_wconf 92' lang='lat' dir='ltr'><strong>in</strong></span> <span class='ocrx_word' id='word_1_445' title='bbox 996 544 1063 577; x_wconf 88' lang='lat' dir='ltr'><strong>ipso,</strong></span> <span class='ocrx_word' id='word_1_446' title='bbox 1081 549 1204 578; x_wconf 85' lang='lat' dir='ltr'><strong>otneque</strong></span> <span class='ocrx_word' id='word_1_447' title='bbox 1219 552 1269 571; x_wconf 85' lang='lat' dir='ltr'><strong>nos</strong></span> <span class='ocrx_word' id='word_1_448' title='bbox 1287 552 1403 579; x_wconf 84' lang='lat' dir='ltr'><strong>unquam</strong></span> <span class='ocrx_word' id='word_1_449' title='bbox 1426 548 1452 571; x_wconf 83' lang='lat' dir='ltr'><strong>ut</strong></span> <span class='ocrx_word' id='word_1_450' title='bbox 1481 543 1597 571; x_wconf 82' lang='lat' dir='ltr'><strong>Verbum</strong></span> <span class='ocrx_word' id='word_1_451' title='bbox 1612 544 1681 576; x_wconf 75' lang='lat' dir='ltr'><strong>fore,</strong></span> 
     </span>
    </p>
   </div>
   <div class='ocr_carea' id='block_1_55' title="bbox 891 588 1683 623">
    <p class='ocr_par' dir='ltr' id='par_1_55' title="bbox 891 588 1683 623">
     <span class='ocr_line' id='line_1_55' title="bbox 891 588 1683 623; baseline 0.003 -9"><span class='ocrx_word' id='word_1_452' title='bbox 891 596 980 623; x_wconf 84' lang='lat' dir='ltr'><strong>neque</strong></span> <span class='ocrx_word' id='word_1_453' title='bbox 989 588 1108 616; x_wconf 80' lang='lat' dir='ltr'><strong>Verbum</strong></span> <span class='ocrx_word' id='word_1_454' title='bbox 1121 594 1151 616; x_wconf 94' lang='lat' dir='ltr'><strong>ut</strong></span> <span class='ocrx_word' id='word_1_455' title='bbox 1167 596 1217 616; x_wconf 83' lang='lat' dir='ltr'><strong>nos</strong></span> <span class='ocrx_word' id='word_1_456' title='bbox 1231 588 1318 620; x_wconf 85' lang='lat' dir='ltr'><strong>?Nisi.</strong></span> <span class='ocrx_word' id='word_1_457' title='bbox 1330 594 1358 616; x_wconf 85' lang='grc' dir='ltr'><strong>ιιι</strong></span> <span class='ocrx_word' id='word_1_458' title='bbox 1370 597 1463 616; x_wconf 90' lang='lat' dir='ltr'><strong>eorum</strong></span> <span class='ocrx_word' id='word_1_459' title='bbox 1474 597 1531 616; x_wconf 88' lang='lat' dir='ltr'><strong>mos</strong></span> <span class='ocrx_word' id='word_1_460' title='bbox 1542 595 1593 621; x_wconf 83' lang='lat' dir='ltr'><strong>est,</strong></span> <span class='ocrx_word' id='word_1_461' title='bbox 1609 597 1683 616; x_wconf 84' lang='lat' dir='ltr'><strong>nunc</strong></span> 
     </span>
    </p>
   </div>
   <div class='ocr_carea' id='block_1_56' title="bbox 891 634 1682 668">
    <p class='ocr_par' dir='ltr' id='par_1_56' title="bbox 891 634 1682 668">
     <span class='ocr_line' id='line_1_56' title="bbox 891 634 1682 668; baseline 0 -7"><span class='ocrx_word' id='word_1_462' title='bbox 891 634 971 661; x_wconf 84' lang='lat' dir='ltr'><strong>etiam</strong></span> <span class='ocrx_word' id='word_1_463' title='bbox 987 635 1106 662; x_wconf 77' lang='lat' dir='ltr'><strong>audeant</strong></span> <span class='ocrx_word' id='word_1_464' title='bbox 1131 635 1222 662; x_wconf 84' lang='lat' dir='ltr'><strong>dicere</strong></span> <span class='ocrx_word' id='word_1_465' title='bbox 1237 636 1430 663; x_wconf 81' lang='lat' dir='ltr'><strong>communione</strong></span> <span class='ocrx_word' id='word_1_466' title='bbox 1444 635 1570 668; x_wconf 83' lang='lat' dir='ltr'><strong>Spiritus,</strong></span> <span class='ocrx_word' id='word_1_467' title='bbox 1585 639 1613 661; x_wconf 88' lang='lat' dir='ltr'><strong>ct</strong></span> <span class='ocrx_word' id='word_1_468' title='bbox 1627 636 1682 661; x_wconf 80' lang='lat' dir='ltr'><strong>vir-</strong></span> 
     </span>
    </p>
   </div>
   <div class='ocr_carea' id='block_1_57' title="bbox 894 679 1681 715">
    <p class='ocr_par' dir='ltr' id='par_1_57' title="bbox 894 679 1681 715">
     <span class='ocr_line' id='line_1_57' title="bbox 894 679 1681 715; baseline 0.003 -9"><span class='ocrx_word' id='word_1_469' title='bbox 894 680 959 706; x_wconf 93' lang='lat' dir='ltr'><strong>tutis</strong></span> <span class='ocrx_word' id='word_1_470' title='bbox 969 687 1113 715; x_wconf 73' lang='lat' dir='ltr'><strong>progressu</strong></span> <span class='ocrx_word' id='word_1_471' title='bbox 1129 679 1226 706; x_wconf 85' lang='lat' dir='ltr'><strong>Filium</strong></span> <span class='ocrx_word' id='word_1_472' title='bbox 1248 681 1328 707; x_wconf 85' lang='lat' dir='ltr'><strong>etiam</strong></span> <span class='ocrx_word' id='word_1_473' title='bbox 1353 680 1441 715; x_wconf 89' lang='lat' dir='ltr'><strong>ipsum</strong></span> <span class='ocrx_word' id='word_1_474' title='bbox 1458 682 1484 707; x_wconf 89' lang='lat' dir='ltr'><strong>in</strong></span> <span class='ocrx_word' id='word_1_475' title='bbox 1507 681 1584 708; x_wconf 84' lang='lat' dir='ltr'><strong>Patre</strong></span> <span class='ocrx_word' id='word_1_476' title='bbox 1609 689 1681 708; x_wconf 78' lang='lat' dir='ltr'><strong>esse.</strong></span> 
     </span>
    </p>
   </div>
   <div class='ocr_carea' id='block_1_58' title="bbox 893 725 1681 762">
    <p class='ocr_par' dir='ltr' id='par_1_58' title="bbox 893 725 1681 762">
     <span class='ocr_line' id='line_1_58' title="bbox 893 725 1681 762; baseline 0.004 -11"><span class='ocrx_word' id='word_1_477' title='bbox 893 725 970 758; x_wconf 82' lang='lat' dir='ltr'><strong>Quod</strong></span> <span class='ocrx_word' id='word_1_478' title='bbox 986 726 1094 760; x_wconf 85' lang='lat' dir='ltr'><strong>quidem</strong></span> <span class='ocrx_word' id='word_1_479' title='bbox 1115 726 1140 752; x_wconf 93' lang='lat' dir='ltr'><strong>iu</strong></span> <span class='ocrx_word' id='word_1_480' title='bbox 1159 726 1253 760; x_wconf 90' lang='lat' dir='ltr'><strong>primis</strong></span> <span class='ocrx_word' id='word_1_481' title='bbox 1274 727 1388 761; x_wconf 90' lang='lat' dir='ltr'><strong>impium</strong></span> <span class='ocrx_word' id='word_1_482' title='bbox 1402 731 1444 754; x_wconf 87' lang='lat' dir='ltr'><strong>est</strong></span> <span class='ocrx_word' id='word_1_483' title='bbox 1459 727 1500 753; x_wconf 69' lang='lat' dir='ltr'><strong>vrl</strong></span> <span class='ocrx_word' id='word_1_484' title='bbox 1516 728 1643 762; x_wconf 81' lang='lat' dir='ltr'><strong>cog&#39;lare.</strong></span> <span class='ocrx_word' id='word_1_485' title='bbox 1659 728 1681 754; x_wconf 83' lang='lat' dir='ltr'><strong>si</strong></span> 
     </span>
    </p>
   </div>
   <div class='ocr_carea' id='block_1_59' title="bbox 893 771 1681 807">
    <p class='ocr_par' dir='ltr' id='par_1_59' title="bbox 893 771 1681 807">
     <span class='ocr_line' id='line_1_59' title="bbox 893 771 1681 807; baseline 0.004 -10"><span class='ocrx_word' id='word_1_486' title='bbox 893 771 1001 805; x_wconf 87' lang='lat' dir='ltr'><strong>quidem</strong></span> <span class='ocrx_word' id='word_1_487' title='bbox 1018 771 1085 806; x_wconf 85' lang='lat' dir='ltr'><strong>ipse,</strong></span> <span class='ocrx_word' id='word_1_488' title='bbox 1095 776 1124 798; x_wconf 91' lang='lat' dir='ltr'><strong>ut</strong></span> <span class='ocrx_word' id='word_1_489' title='bbox 1137 772 1238 798; x_wconf 87' lang='lat' dir='ltr'><strong>dictum</strong></span> <span class='ocrx_word' id='word_1_490' title='bbox 1251 777 1303 803; x_wconf 86' lang='lat' dir='ltr'><strong>est,</strong></span> <span class='ocrx_word' id='word_1_491' title='bbox 1314 772 1443 807; x_wconf 78' lang='lat' dir='ltr'><strong>Spiritum</strong></span> <span class='ocrx_word' id='word_1_492' title='bbox 1459 773 1561 804; x_wconf 84' lang='lat' dir='ltr'><strong>tribuit,</strong></span> <span class='ocrx_word' id='word_1_493' title='bbox 1571 778 1598 799; x_wconf 88' lang='lat' dir='ltr'><strong>ct</strong></span> <span class='ocrx_word' id='word_1_494' title='bbox 1610 776 1681 807; x_wconf 81' lang='lat' dir='ltr'><strong>quod</strong></span> 
     </span>
    </p>
   </div>
   <div class='ocr_carea' id='block_1_60' title="bbox 894 817 1682 852">
    <p class='ocr_par' dir='ltr' id='par_1_60' title="bbox 894 817 1682 852">
     <span class='ocr_line' id='line_1_60' title="bbox 894 817 1682 852; baseline 0.003 -8"><span class='ocrx_word' id='word_1_495' title='bbox 894 817 978 844; x_wconf 80' lang='lat' dir='ltr'><strong>habet</strong></span> <span class='ocrx_word' id='word_1_496' title='bbox 997 817 1114 852; x_wconf 80' lang='lat' dir='ltr'><strong>Spiritus</strong></span> <span class='ocrx_word' id='word_1_497' title='bbox 1145 817 1171 844; x_wconf 90' lang='lat' dir='ltr'><strong>id</strong></span> <span class='ocrx_word' id='word_1_498' title='bbox 1187 818 1221 844; x_wconf 88' lang='lat' dir='ltr'><strong>ab</strong></span> <span class='ocrx_word' id='word_1_499' title='bbox 1237 825 1269 845; x_wconf 91' lang='lat' dir='ltr'><strong>eo</strong></span> <span class='ocrx_word' id='word_1_500' title='bbox 1289 818 1382 846; x_wconf 80' lang='lat' dir='ltr'><strong>habet.</strong></span> <span class='ocrx_word' id='word_1_501' title='bbox 1413 818 1595 850; x_wconf 82' lang='lat' dir='ltr'><strong>Quamobrem</strong></span> <span class='ocrx_word' id='word_1_502' title='bbox 1621 828 1682 846; x_wconf 74' lang='lat' dir='ltr'><strong>cum</strong></span> 
     </span>
    </p>
   </div>
   <div class='ocr_carea' id='block_1_61' title="bbox 859 850 1683 896">
    <p class='ocr_par' dir='ltr' id='par_1_61' title="bbox 859 850 1683 896">
     <span class='ocr_line' id='line_1_61' title="bbox 859 850 1683 896; baseline 0.001 -6"><span class='ocrx_word' id='word_1_503' title='bbox 859 850 877 878; x_wconf 70' lang='grc' dir='ltr'><strong>Β</strong></span> <span class='ocrx_word' id='word_1_504' title='bbox 894 863 1023 890; x_wconf 84' lang='lat' dir='ltr'><strong>Servator</strong></span> <span class='ocrx_word' id='word_1_505' title='bbox 1038 863 1071 890; x_wconf 89' lang='lat' dir='ltr'><strong>de</strong></span> <span class='ocrx_word' id='word_1_506' title='bbox 1085 863 1164 890; x_wconf 87' lang='lat' dir='ltr'><strong>nobis</strong></span> <span class='ocrx_word' id='word_1_507' title='bbox 1182 864 1246 890; x_wconf 82' lang='lat' dir='ltr'><strong>dicit</strong></span> <span class='ocrx_word' id='word_1_508' title='bbox 1263 872 1269 889; x_wconf 89' lang='lat'>:</span> <span class='ocrx_word' id='word_1_509' title='bbox 1289 864 1364 890; x_wconf 85' lang='lat' dir='ltr'><strong>Sicut</strong></span> <span class='ocrx_word' id='word_1_510' title='bbox 1380 869 1418 896; x_wconf 82' lang='lat' dir='ltr'><strong>tu,</strong></span> <span class='ocrx_word' id='word_1_511' title='bbox 1432 864 1523 896; x_wconf 79' lang='lat' dir='ltr'><strong>Pater,</strong></span> <span class='ocrx_word' id='word_1_512' title='bbox 1536 866 1563 890; x_wconf 80' lang='lat' dir='ltr'><strong>in</strong></span> <span class='ocrx_word' id='word_1_513' title='bbox 1586 873 1635 896; x_wconf 77' lang='lat' dir='ltr'><strong>me,</strong></span> <span class='ocrx_word' id='word_1_514' title='bbox 1659 869 1683 891; x_wconf 86' lang='grc' dir='ltr'><strong>ιι</strong></span> 
     </span>
    </p>
   </div>
   <div class='ocr_carea' id='block_1_62' title="bbox 892 908 1684 943">
    <p class='ocr_par' dir='ltr' id='par_1_62' title="bbox 892 908 1684 943">
     <span class='ocr_line' id='line_1_62' title="bbox 892 908 1684 943; baseline 0 -8"><span class='ocrx_word' id='word_1_515' title='bbox 892 917 937 943; x_wconf 82' lang='lat' dir='ltr'><strong>ego</strong></span> <span class='ocrx_word' id='word_1_516' title='bbox 949 909 975 934; x_wconf 88' lang='lat' dir='ltr'><strong>in</strong></span> <span class='ocrx_word' id='word_1_517' title='bbox 991 913 1025 940; x_wconf 84' lang='lat' dir='ltr'><strong>te,</strong></span> <span class='ocrx_word' id='word_1_518' title='bbox 1039 908 1106 934; x_wconf 71' lang='lat' dir='ltr'><strong>sicel</strong></span> <span class='ocrx_word' id='word_1_519' title='bbox 1120 908 1170 942; x_wconf 80' lang='lat' dir='ltr'><strong>ipsi</strong></span> <span class='ocrx_word' id='word_1_520' title='bbox 1181 908 1289 935; x_wconf 78' lang='lat' dir='ltr'><strong>innobis</strong></span> <span class='ocrx_word' id='word_1_521' title='bbox 1303 909 1356 934; x_wconf 84' lang='lat' dir='ltr'><strong>sint</strong></span> <span class='ocrx_word' id='word_1_522' title='bbox 1374 909 1395 941; x_wconf 88' lang='lat'><strong>&#39;,</strong></span> <span class='ocrx_word' id='word_1_523' title='bbox 1410 916 1462 936; x_wconf 90' lang='lat' dir='ltr'><strong>non</strong></span> <span class='ocrx_word' id='word_1_524' title='bbox 1481 910 1684 936; x_wconf 73' lang='lat' dir='ltr'><strong>Ostenditeam‘</strong></span> 
     </span>
    </p>
   </div>
   <div class='ocr_carea' id='block_1_63' title="bbox 892 954 1683 988">
    <p class='ocr_par' dir='ltr' id='par_1_63' title="bbox 892 954 1683 988">
     <span class='ocr_line' id='line_1_63' title="bbox 892 954 1683 988; baseline 0 -7"><span class='ocrx_word' id='word_1_525' title='bbox 892 955 952 981; x_wconf 87' lang='lat' dir='ltr'><strong>dem</strong></span> <span class='ocrx_word' id='word_1_526' title='bbox 968 962 1017 981; x_wconf 88' lang='lat' dir='ltr'><strong>nos</strong></span> <span class='ocrx_word' id='word_1_527' title='bbox 1034 961 1094 981; x_wconf 88' lang='lat' dir='ltr'><strong>cum</strong></span> <span class='ocrx_word' id='word_1_528' title='bbox 1109 954 1174 988; x_wconf 89' lang='lat' dir='ltr'><strong>ipsis</strong></span> <span class='ocrx_word' id='word_1_529' title='bbox 1196 954 1343 980; x_wconf 85' lang='lat' dir='ltr'><strong>essentiam</strong></span> <span class='ocrx_word' id='word_1_530' title='bbox 1360 955 1468 981; x_wconf 85' lang='lat' dir='ltr'><strong>habere.</strong></span> <span class='ocrx_word' id='word_1_531' title='bbox 1501 954 1554 981; x_wconf 88' lang='lat' dir='ltr'><strong>Sed</strong></span> <span class='ocrx_word' id='word_1_532' title='bbox 1574 955 1683 981; x_wconf 74' lang='lat' dir='ltr'><strong>Patrem</strong></span> 
     </span>
    </p>
   </div>
   <div class='ocr_carea' id='block_1_64' title="bbox 892 999 1683 1034">
    <p class='ocr_par' dir='ltr' id='par_1_64' title="bbox 892 999 1683 1034">
     <span class='ocr_line' id='line_1_64' title="bbox 892 999 1683 1034; baseline 0 -7"><span class='ocrx_word' id='word_1_533' title='bbox 892 999 1323 1034; x_wconf 74' lang='lat' dir='ltr'><strong>o:al.qucmadmodumloaunes</strong></span> <span class='ocrx_word' id='word_1_534' title='bbox 1338 1000 1443 1032; x_wconf 82' lang='lat' dir='ltr'><strong>scribit,</strong></span> <span class='ocrx_word' id='word_1_535' title='bbox 1457 1005 1485 1026; x_wconf 92' lang='lat' dir='ltr'><strong>ut</strong></span> <span class='ocrx_word' id='word_1_536' title='bbox 1507 1001 1683 1027; x_wconf 75' lang='lat' dir='ltr'><strong>credentibus</strong></span> 
     </span>
    </p>
   </div>
   <div class='ocr_carea' id='block_1_65' title="bbox 894 1044 1686 1080">
    <p class='ocr_par' dir='ltr' id='par_1_65' title="bbox 894 1044 1686 1080">
     <span class='ocr_line' id='line_1_65' title="bbox 894 1044 1686 1080; baseline 0 -8"><span class='ocrx_word' id='word_1_537' title='bbox 894 1044 1026 1079; x_wconf 87' lang='lat' dir='ltr'><strong>Spiritum</strong></span> <span class='ocrx_word' id='word_1_538' title='bbox 1047 1052 1094 1079; x_wconf 87' lang='lat' dir='ltr'><strong>per</strong></span> <span class='ocrx_word' id='word_1_539' title='bbox 1105 1053 1134 1072; x_wconf 89' lang='lat' dir='ltr'><strong>se</strong></span> <span class='ocrx_word' id='word_1_540' title='bbox 1148 1045 1285 1080; x_wconf 82' lang='lat' dir='ltr'><strong>largiatur,</strong></span> <span class='ocrx_word' id='word_1_541' title='bbox 1304 1053 1352 1080; x_wconf 86' lang='lat' dir='ltr'><strong>per</strong></span> <span class='ocrx_word' id='word_1_542' title='bbox 1368 1053 1447 1080; x_wconf 80' lang='lat' dir='ltr'><strong>quem</strong></span> <span class='ocrx_word' id='word_1_543' title='bbox 1458 1046 1484 1072; x_wconf 92' lang='lat' dir='ltr'><strong>in</strong></span> <span class='ocrx_word' id='word_1_544' title='bbox 1509 1046 1562 1073; x_wconf 83' lang='lat' dir='ltr'><strong>Deo</strong></span> <span class='ocrx_word' id='word_1_545' title='bbox 1575 1054 1644 1078; x_wconf 69' lang='lat' dir='ltr'><strong>(ssc,</strong></span> <span class='ocrx_word' id='word_1_546' title='bbox 1657 1052 1686 1073; x_wconf 81' lang='lat' dir='ltr'><strong>ct</strong></span> 
     </span>
    </p>
   </div>
   <div class='ocr_carea' id='block_1_66' title="bbox 892 1091 1684 1126">
    <p class='ocr_par' dir='ltr' id='par_1_66' title="bbox 892 1091 1684 1126">
     <span class='ocr_line' id='line_1_66' title="bbox 892 1091 1684 1126; baseline 0.001 -8"><span class='ocrx_word' id='word_1_547' title='bbox 892 1092 996 1119; x_wconf 84' lang='lat' dir='ltr'><strong>idcirco</strong></span> <span class='ocrx_word' id='word_1_548' title='bbox 1012 1100 1072 1118; x_wconf 89' lang='lat' dir='ltr'><strong>cum</strong></span> <span class='ocrx_word' id='word_1_549' title='bbox 1091 1092 1150 1126; x_wconf 86' lang='lat' dir='ltr'><strong>ipso</strong></span> <span class='ocrx_word' id='word_1_550' title='bbox 1166 1091 1293 1126; x_wconf 80' lang='lat' dir='ltr'><strong>conjungi</strong></span> <span class='ocrx_word' id='word_1_551' title='bbox 1315 1092 1464 1118; x_wconf 79' lang='lat' dir='ltr'><strong>videamur.</strong></span> <span class='ocrx_word' id='word_1_552' title='bbox 1492 1091 1596 1119; x_wconf 76' lang='lat' dir='ltr'><strong>Etenim</strong></span> <span class='ocrx_word' id='word_1_553' title='bbox 1621 1092 1684 1126; x_wconf 83' lang='lat' dir='ltr'><strong>quia</strong></span> 
     </span>
    </p>
   </div>
   <div class='ocr_carea' id='block_1_67' title="bbox 893 1137 1682 1172">
    <p class='ocr_par' dir='ltr' id='par_1_67' title="bbox 893 1137 1682 1172">
     <span class='ocr_line' id='line_1_67' title="bbox 893 1137 1682 1172; baseline 0 -7"><span class='ocrx_word' id='word_1_554' title='bbox 893 1138 1011 1165; x_wconf 87' lang='lat' dir='ltr'><strong>Verbum</strong></span> <span class='ocrx_word' id='word_1_555' title='bbox 1034 1138 1114 1164; x_wconf 84' lang='lat' dir='ltr'><strong>estin</strong></span> <span class='ocrx_word' id='word_1_556' title='bbox 1136 1138 1217 1164; x_wconf 82' lang='lat' dir='ltr'><strong>Patre</strong></span> <span class='ocrx_word' id='word_1_557' title='bbox 1231 1142 1256 1164; x_wconf 91' lang='lat' dir='ltr'><strong>ct</strong></span> <span class='ocrx_word' id='word_1_558' title='bbox 1283 1137 1400 1172; x_wconf 87' lang='lat' dir='ltr'><strong>Spiritus</strong></span> <span class='ocrx_word' id='word_1_559' title='bbox 1428 1146 1459 1165; x_wconf 82' lang='lat' dir='ltr'><strong>ex</strong></span> <span class='ocrx_word' id='word_1_560' title='bbox 1478 1138 1565 1165; x_wconf 75' lang='lat' dir='ltr'><strong>Verbo</strong></span> <span class='ocrx_word' id='word_1_561' title='bbox 1592 1139 1682 1170; x_wconf 77' lang='lat' dir='ltr'><strong>datur,</strong></span> 
     </span>
    </p>
   </div>
   <div class='ocr_carea' id='block_1_68' title="bbox 895 1182 1684 1217">
    <p class='ocr_par' dir='ltr' id='par_1_68' title="bbox 895 1182 1684 1217">
     <span class='ocr_line' id='line_1_68' title="bbox 895 1182 1684 1217; baseline 0.001 -8"><span class='ocrx_word' id='word_1_562' title='bbox 895 1184 954 1209; x_wconf 84' lang='lat' dir='ltr'><strong>vult</strong></span> <span class='ocrx_word' id='word_1_563' title='bbox 970 1187 997 1209; x_wconf 89' lang='lat' dir='ltr'><strong>ut</strong></span> <span class='ocrx_word' id='word_1_564' title='bbox 1010 1182 1140 1216; x_wconf 90' lang='lat' dir='ltr'><strong>Spiritum</strong></span> <span class='ocrx_word' id='word_1_565' title='bbox 1165 1182 1340 1216; x_wconf 78' lang='lat' dir='ltr'><strong>accipiamus,</strong></span> <span class='ocrx_word' id='word_1_566' title='bbox 1358 1187 1386 1209; x_wconf 92' lang='lat' dir='ltr'><strong>ut</strong></span> <span class='ocrx_word' id='word_1_567' title='bbox 1412 1188 1585 1217; x_wconf 62' lang='lat' dir='ltr'><strong>pastcaquam</strong></span> <span class='ocrx_word' id='word_1_568' title='bbox 1606 1191 1684 1210; x_wconf 80' lang='lat' dir='ltr'><strong>acce-</strong></span> 
     </span>
    </p>
   </div>
   <div class='ocr_carea' id='block_1_69' title="bbox 900 1227 1686 1263">
    <p class='ocr_par' dir='ltr' id='par_1_69' title="bbox 900 1227 1686 1263">
     <span class='ocr_line' id='line_1_69' title="bbox 900 1227 1686 1263; baseline 0.001 -8"><span class='ocrx_word' id='word_1_569' title='bbox 900 1229 1032 1263; x_wconf 81' lang='lat' dir='ltr'><strong>perimus,</strong></span> <span class='ocrx_word' id='word_1_570' title='bbox 1043 1228 1176 1255; x_wconf 86' lang='lat' dir='ltr'><strong>habentes</strong></span> <span class='ocrx_word' id='word_1_571' title='bbox 1185 1227 1317 1262; x_wconf 89' lang='lat' dir='ltr'><strong>Spiritum</strong></span> <span class='ocrx_word' id='word_1_572' title='bbox 1330 1228 1409 1255; x_wconf 82' lang='lat' dir='ltr'><strong>\’erbi</strong></span> <span class='ocrx_word' id='word_1_573' title='bbox 1426 1229 1451 1255; x_wconf 91' lang='lat' dir='ltr'><strong>in</strong></span> <span class='ocrx_word' id='word_1_574' title='bbox 1463 1229 1541 1255; x_wconf 84' lang='lat' dir='ltr'><strong>Patre</strong></span> <span class='ocrx_word' id='word_1_575' title='bbox 1551 1230 1686 1256; x_wconf 82' lang='lat' dir='ltr'><strong>exsistcn—</strong></span> 
     </span>
    </p>
   </div>
   <div class='ocr_carea' id='block_1_70' title="bbox 898 1273 1684 1308">
    <p class='ocr_par' dir='ltr' id='par_1_70' title="bbox 898 1273 1684 1308">
     <span class='ocr_line' id='line_1_70' title="bbox 898 1273 1684 1308; baseline 0 -8"><span class='ocrx_word' id='word_1_576' title='bbox 898 1274 944 1305; x_wconf 84' lang='lat' dir='ltr'><strong>tis.</strong></span> <span class='ocrx_word' id='word_1_577' title='bbox 957 1273 1099 1300; x_wconf 74' lang='lat' dir='ltr'><strong>rideamur</strong></span> <span class='ocrx_word' id='word_1_578' title='bbox 1114 1278 1142 1300; x_wconf 81' lang='lat' dir='ltr'><strong>et</strong></span> <span class='ocrx_word' id='word_1_579' title='bbox 1163 1281 1213 1301; x_wconf 91' lang='lat' dir='ltr'><strong>nos</strong></span> <span class='ocrx_word' id='word_1_580' title='bbox 1225 1282 1274 1308; x_wconf 84' lang='lat' dir='ltr'><strong>per</strong></span> <span class='ocrx_word' id='word_1_581' title='bbox 1296 1274 1426 1308; x_wconf 86' lang='lat' dir='ltr'><strong>Spiritum</strong></span> <span class='ocrx_word' id='word_1_582' title='bbox 1452 1282 1512 1301; x_wconf 84' lang='lat' dir='ltr'><strong>csse</strong></span> <span class='ocrx_word' id='word_1_583' title='bbox 1540 1282 1622 1301; x_wconf 92' lang='lat' dir='ltr'><strong>unum</strong></span> <span class='ocrx_word' id='word_1_584' title='bbox 1658 1275 1684 1300; x_wconf 93' lang='lat' dir='ltr'><strong>in</strong></span> 
     </span>
    </p>
   </div>
   <div class='ocr_carea' id='block_1_71' title="bbox 897 1319 1685 1354">
    <p class='ocr_par' dir='ltr' id='par_1_71' title="bbox 897 1319 1685 1354">
     <span class='ocr_line' id='line_1_71' title="bbox 897 1319 1685 1354; baseline -0.001 -7"><span class='ocrx_word' id='word_1_585' title='bbox 897 1320 996 1352; x_wconf 84' lang='lat' dir='ltr'><strong>Verbo,</strong></span> <span class='ocrx_word' id='word_1_586' title='bbox 1012 1324 1039 1346; x_wconf 88' lang='lat' dir='ltr'><strong>et</strong></span> <span class='ocrx_word' id='word_1_587' title='bbox 1055 1328 1103 1354; x_wconf 84' lang='lat' dir='ltr'><strong>per</strong></span> <span class='ocrx_word' id='word_1_588' title='bbox 1117 1319 1236 1347; x_wconf 78' lang='lat' dir='ltr'><strong>Verbum</strong></span> <span class='ocrx_word' id='word_1_589' title='bbox 1251 1321 1278 1346; x_wconf 91' lang='lat' dir='ltr'><strong>in</strong></span> <span class='ocrx_word' id='word_1_590' title='bbox 1295 1319 1382 1347; x_wconf 84' lang='lat' dir='ltr'><strong>Patre.</strong></span> <span class='ocrx_word' id='word_1_591' title='bbox 1411 1320 1478 1348; x_wconf 91' lang='lat' dir='ltr'><strong>Illud</strong></span> <span class='ocrx_word' id='word_1_592' title='bbox 1488 1326 1588 1352; x_wconf 83' lang='lat' dir='ltr'><strong>autem,</strong></span> <span class='ocrx_word' id='word_1_593' title='bbox 1617 1321 1685 1346; x_wconf 72' lang='lat' dir='ltr'><strong>sicut</strong></span> 
     </span>
    </p>
   </div>
   <div class='ocr_carea' id='block_1_72' title="bbox 902 1366 1685 1401">
    <p class='ocr_par' dir='ltr' id='par_1_72' title="bbox 902 1366 1685 1401">
     <span class='ocr_line' id='line_1_72' title="bbox 902 1366 1685 1401; baseline 0.001 -9"><span class='ocrx_word' id='word_1_594' title='bbox 902 1374 946 1394; x_wconf 79' lang='lat' dir='ltr'><strong>nos</strong></span> <span class='ocrx_word' id='word_1_595' title='bbox 957 1366 1109 1394; x_wconf 84' lang='lat' dir='ltr'><strong>nihilaliud</strong></span> <span class='ocrx_word' id='word_1_596' title='bbox 1129 1366 1272 1401; x_wconf 77' lang='lat' dir='ltr'><strong>signiﬁcat,</strong></span> <span class='ocrx_word' id='word_1_597' title='bbox 1287 1366 1340 1393; x_wconf 79' lang='lat' dir='ltr'><strong>nisi</strong></span> <span class='ocrx_word' id='word_1_598' title='bbox 1353 1371 1381 1393; x_wconf 90' lang='lat' dir='ltr'><strong>ut</strong></span> <span class='ocrx_word' id='word_1_599' title='bbox 1406 1374 1436 1393; x_wconf 85' lang='lat' dir='ltr'><strong>ea</strong></span> <span class='ocrx_word' id='word_1_600' title='bbox 1452 1368 1536 1400; x_wconf 79' lang='lat' dir='ltr'><strong>gratia</strong></span> <span class='ocrx_word' id='word_1_601' title='bbox 1569 1367 1685 1401; x_wconf 72' lang='lat' dir='ltr'><strong>Spiritus</strong></span> 
     </span>
    </p>
   </div>
   <div class='ocr_carea' id='block_1_73' title="bbox 895 1412 1685 1447">
    <p class='ocr_par' dir='ltr' id='par_1_73' title="bbox 895 1412 1685 1447">
     <span class='ocr_line' id='line_1_73' title="bbox 895 1412 1685 1447; baseline -0.001 -8"><span class='ocrx_word' id='word_1_602' title='bbox 895 1413 922 1439; x_wconf 92' lang='lat' dir='ltr'><strong>in</strong></span> <span class='ocrx_word' id='word_1_603' title='bbox 938 1412 1086 1447; x_wconf 81' lang='lat' dir='ltr'><strong>discipulos</strong></span> <span class='ocrx_word' id='word_1_604' title='bbox 1101 1413 1246 1440; x_wconf 86' lang='lat' dir='ltr'><strong>distributa</strong></span> <span class='ocrx_word' id='word_1_605' title='bbox 1263 1421 1400 1447; x_wconf 83' lang='lat' dir='ltr'><strong>nunquam</strong></span> <span class='ocrx_word' id='word_1_606' title='bbox 1413 1413 1530 1444; x_wconf 60' lang='lat' dir='ltr'><strong>excidat,</strong></span> <span class='ocrx_word' id='word_1_607' title='bbox 1545 1420 1685 1445; x_wconf 76' lang='lat' dir='ltr'><strong>nunquam</strong></span> 
     </span>
    </p>
   </div>
   <div class='ocr_carea' id='block_1_74' title="bbox 894 1458 1683 1494">
    <p class='ocr_par' dir='ltr' id='par_1_74' title="bbox 894 1458 1683 1494">
     <span class='ocr_line' id='line_1_74' title="bbox 894 1458 1683 1494; baseline 0 -9"><span class='ocrx_word' id='word_1_608' title='bbox 894 1459 1039 1486; x_wconf 60' lang='lat' dir='ltr'><strong>adimatur}</strong></span> <span class='ocrx_word' id='word_1_609' title='bbox 1055 1458 1082 1486; x_wconf 93' lang='lat' dir='ltr'><strong>ld</strong></span> <span class='ocrx_word' id='word_1_610' title='bbox 1098 1459 1171 1494; x_wconf 86' lang='lat' dir='ltr'><strong>quod</strong></span> <span class='ocrx_word' id='word_1_611' title='bbox 1187 1459 1335 1493; x_wconf 83' lang='lat' dir='ltr'><strong>Apostolus</strong></span> <span class='ocrx_word' id='word_1_612' title='bbox 1361 1459 1446 1490; x_wconf 81' lang='lat' dir='ltr'><strong>novit,</strong></span> <span class='ocrx_word' id='word_1_613' title='bbox 1471 1466 1532 1484; x_wconf 90' lang='lat' dir='ltr'><strong>cum</strong></span> <span class='ocrx_word' id='word_1_614' title='bbox 1554 1458 1659 1485; x_wconf 67' lang='lat' dir='ltr'><strong>diceret</strong></span> <span class='ocrx_word' id='word_1_615' title='bbox 1675 1466 1683 1485; x_wconf 88' lang='lat'><strong>:</strong></span> 
     </span>
    </p>
   </div>
   <div class='ocr_carea' id='block_1_75' title="bbox 895 1503 1683 1538">
    <p class='ocr_par' dir='ltr' id='par_1_75' title="bbox 895 1503 1683 1538">
     <span class='ocr_line' id='line_1_75' title="bbox 895 1503 1683 1538; baseline -0.001 -8"><span class='ocrx_word' id='word_1_616' title='bbox 895 1504 958 1536; x_wconf 82' lang='lat' dir='ltr'><strong>Quis</strong></span> <span class='ocrx_word' id='word_1_617' title='bbox 971 1512 1015 1531; x_wconf 74' lang='lat' dir='ltr'><strong>nos</strong></span> <span class='ocrx_word' id='word_1_618' title='bbox 1024 1505 1157 1538; x_wconf 77' lang='lat' dir='ltr'><strong>separabit</strong></span> <span class='ocrx_word' id='word_1_619' title='bbox 1181 1513 1196 1530; x_wconf 84' lang='grc' dir='ltr'><strong>α</strong></span> <span class='ocrx_word' id='word_1_620' title='bbox 1209 1505 1337 1530; x_wconf 77' lang='grc' dir='ltr'><strong>τΙιανίιαιε</strong></span> <span class='ocrx_word' id='word_1_621' title='bbox 1350 1503 1396 1530; x_wconf 84' lang='lat' dir='ltr'><strong>Dei</strong></span> <span class='ocrx_word' id='word_1_622' title='bbox 1411 1505 1421 1520; x_wconf 89' lang='grc'>³</span> <span class='ocrx_word' id='word_1_623' title='bbox 1431 1504 1441 1530; x_wconf 78' lang='lat'><strong>‘.’</strong></span> <span class='ocrx_word' id='word_1_624' title='bbox 1453 1503 1595 1538; x_wconf 77' lang='lat' dir='ltr'><strong>Nunquam</strong></span> <span class='ocrx_word' id='word_1_625' title='bbox 1610 1504 1683 1529; x_wconf 85' lang='lat' dir='ltr'><strong>enim</strong></span> 
     </span>
    </p>
   </div>
   <div class='ocr_carea' id='block_1_76' title="bbox 897 1549 1686 1585">
    <p class='ocr_par' dir='ltr' id='par_1_76' title="bbox 897 1549 1686 1585">
     <span class='ocr_line' id='line_1_76' title="bbox 897 1549 1686 1585; baseline -0.005 -8"><span class='ocrx_word' id='word_1_626' title='bbox 897 1551 1011 1585; x_wconf 68' lang='lat' dir='ltr'><strong>pmnitet</strong></span> <span class='ocrx_word' id='word_1_627' title='bbox 1023 1549 1104 1577; x_wconf 89' lang='lat' dir='ltr'><strong>Deum</strong></span> <span class='ocrx_word' id='word_1_628' title='bbox 1115 1557 1228 1577; x_wconf 89' lang='lat' dir='ltr'><strong>munera</strong></span> <span class='ocrx_word' id='word_1_629' title='bbox 1238 1557 1285 1576; x_wconf 87' lang='lat' dir='ltr'><strong>sua</strong></span> <span class='ocrx_word' id='word_1_630' title='bbox 1296 1549 1418 1584; x_wconf 83' lang='lat' dir='ltr'><strong>largitum</strong></span> <span class='ocrx_word' id='word_1_631' title='bbox 1433 1556 1504 1581; x_wconf 81' lang='lat' dir='ltr'><strong>esse,</strong></span> <span class='ocrx_word' id='word_1_632' title='bbox 1514 1554 1542 1575; x_wconf 88' lang='lat' dir='ltr'><strong>et</strong></span> <span class='ocrx_word' id='word_1_633' title='bbox 1565 1549 1686 1575; x_wconf 76' lang='lat' dir='ltr'><strong>vocalia.</strong></span> 
     </span>
    </p>
   </div>
   <div class='ocr_carea' id='block_1_77' title="bbox 897 1594 1684 1632">
    <p class='ocr_par' dir='ltr' id='par_1_77' title="bbox 897 1594 1684 1632">
     <span class='ocr_line' id='line_1_77' title="bbox 897 1594 1684 1632; baseline -0.004 -8"><span class='ocrx_word' id='word_1_634' title='bbox 897 1598 940 1624; x_wconf 87' lang='lat' dir='ltr'><strong>nis</strong></span> <span class='ocrx_word' id='word_1_635' title='bbox 951 1597 1064 1632; x_wconf 77' lang='lat' dir='ltr'><strong>gratiam</strong></span> <span class='ocrx_word' id='word_1_636' title='bbox 1077 1597 1215 1624; x_wconf 85' lang='lat' dir='ltr'><strong>tribuisse.</strong></span> <span class='ocrx_word' id='word_1_637' title='bbox 1228 1595 1347 1631; x_wconf 87' lang='lat' dir='ltr'><strong>Spiritus</strong></span> <span class='ocrx_word' id='word_1_638' title='bbox 1362 1595 1435 1622; x_wconf 87' lang='lat' dir='ltr'><strong>enim</strong></span> <span class='ocrx_word' id='word_1_639' title='bbox 1460 1599 1512 1627; x_wconf 86' lang='lat' dir='ltr'><strong>est,</strong></span> <span class='ocrx_word' id='word_1_640' title='bbox 1529 1595 1574 1629; x_wconf 87' lang='lat' dir='ltr'><strong>qui</strong></span> <span class='ocrx_word' id='word_1_641' title='bbox 1586 1595 1613 1621; x_wconf 92' lang='lat' dir='ltr'><strong>in</strong></span> <span class='ocrx_word' id='word_1_642' title='bbox 1630 1594 1684 1621; x_wconf 83' lang='lat' dir='ltr'><strong>Deo</strong></span> 
     </span>
    </p>
   </div>
   <div class='ocr_carea' id='block_1_78' title="bbox 898 1641 1682 1676">
    <p class='ocr_par' dir='ltr' id='par_1_78' title="bbox 898 1641 1682 1676">
     <span class='ocr_line' id='line_1_78' title="bbox 898 1641 1682 1676; baseline -0.006 -5"><span class='ocrx_word' id='word_1_643' title='bbox 898 1643 1014 1675; x_wconf 74' lang='lat' dir='ltr'><strong>exsistit,</strong></span> <span class='ocrx_word' id='word_1_644' title='bbox 1032 1651 1086 1670; x_wconf 91' lang='lat' dir='ltr'><strong>non</strong></span> <span class='ocrx_word' id='word_1_645' title='bbox 1098 1649 1186 1670; x_wconf 88' lang='lat' dir='ltr'><strong>autem</strong></span> <span class='ocrx_word' id='word_1_646' title='bbox 1196 1650 1246 1669; x_wconf 90' lang='lat' dir='ltr'><strong>nos</strong></span> <span class='ocrx_word' id='word_1_647' title='bbox 1273 1650 1321 1676; x_wconf 85' lang='lat' dir='ltr'><strong>per</strong></span> <span class='ocrx_word' id='word_1_648' title='bbox 1334 1649 1396 1668; x_wconf 89' lang='lat' dir='ltr'><strong>nos.</strong></span> <span class='ocrx_word' id='word_1_649' title='bbox 1411 1642 1443 1668; x_wconf 85' lang='lat' dir='ltr'><strong>Et</strong></span> <span class='ocrx_word' id='word_1_650' title='bbox 1455 1641 1682 1675; x_wconf 87' lang='lat' dir='ltr'><strong>quemadmodum</strong></span> 
     </span>
    </p>
   </div>
   <div class='ocr_carea' id='block_1_79' title="bbox 899 1687 1683 1722">
    <p class='ocr_par' dir='ltr' id='par_1_79' title="bbox 899 1687 1683 1722">
     <span class='ocr_line' id='line_1_79' title="bbox 899 1687 1683 1722; baseline -0.006 -5"><span class='ocrx_word' id='word_1_651' title='bbox 899 1690 944 1717; x_wconf 82' lang='lat' dir='ltr'><strong>ﬁlii</strong></span> <span class='ocrx_word' id='word_1_652' title='bbox 954 1694 983 1718; x_wconf 86' lang='lat' dir='ltr'><strong>et</strong></span> <span class='ocrx_word' id='word_1_653' title='bbox 997 1690 1033 1717; x_wconf 91' lang='lat' dir='ltr'><strong>dii</strong></span> <span class='ocrx_word' id='word_1_654' title='bbox 1048 1689 1179 1716; x_wconf 77' lang='lat' dir='ltr'><strong>eiiicimur</strong></span> <span class='ocrx_word' id='word_1_655' title='bbox 1189 1689 1223 1715; x_wconf 87' lang='lat' dir='ltr'><strong>ob</strong></span> <span class='ocrx_word' id='word_1_656' title='bbox 1235 1688 1352 1715; x_wconf 87' lang='lat' dir='ltr'><strong>Verbum</strong></span> <span class='ocrx_word' id='word_1_657' title='bbox 1364 1688 1436 1722; x_wconf 84' lang='lat' dir='ltr'><strong>quod</strong></span> <span class='ocrx_word' id='word_1_658' title='bbox 1451 1688 1476 1714; x_wconf 91' lang='lat' dir='ltr'><strong>iu</strong></span> <span class='ocrx_word' id='word_1_659' title='bbox 1492 1687 1570 1714; x_wconf 89' lang='lat' dir='ltr'><strong>nobis</strong></span> <span class='ocrx_word' id='word_1_660' title='bbox 1582 1692 1632 1717; x_wconf 85' lang='lat' dir='ltr'><strong>est.</strong></span> <span class='ocrx_word' id='word_1_661' title='bbox 1645 1688 1683 1713; x_wconf 85' lang='lat' dir='ltr'><strong>sic</strong></span> 
     </span>
    </p>
   </div>
   <div class='ocr_carea' id='block_1_80' title="bbox 897 1733 1681 1771">
    <p class='ocr_par' dir='ltr' id='par_1_80' title="bbox 897 1733 1681 1771">
     <span class='ocr_line' id='line_1_80' title="bbox 897 1733 1681 1771; baseline -0.005 -8"><span class='ocrx_word' id='word_1_662' title='bbox 897 1744 946 1771; x_wconf 88' lang='lat' dir='ltr'><strong>per</strong></span> <span class='ocrx_word' id='word_1_663' title='bbox 958 1735 1087 1771; x_wconf 82' lang='lat' dir='ltr'><strong>Spiritum</strong></span> <span class='ocrx_word' id='word_1_664' title='bbox 1097 1735 1124 1762; x_wconf 88' lang='lat' dir='ltr'><strong>in</strong></span> <span class='ocrx_word' id='word_1_665' title='bbox 1141 1735 1219 1762; x_wconf 85' lang='lat' dir='ltr'><strong>nobis</strong></span> <span class='ocrx_word' id='word_1_666' title='bbox 1232 1735 1420 1766; x_wconf 81' lang='lat' dir='ltr'><strong>exsistentem,</strong></span> <span class='ocrx_word' id='word_1_667' title='bbox 1432 1734 1476 1768; x_wconf 91' lang='lat' dir='ltr'><strong>qui</strong></span> <span class='ocrx_word' id='word_1_668' title='bbox 1491 1739 1532 1760; x_wconf 87' lang='lat' dir='ltr'><strong>est</strong></span> <span class='ocrx_word' id='word_1_669' title='bbox 1544 1734 1569 1759; x_wconf 92' lang='lat' dir='ltr'><strong>in</strong></span> <span class='ocrx_word' id='word_1_670' title='bbox 1584 1733 1681 1763; x_wconf 86' lang='lat' dir='ltr'><strong>Verbo.</strong></span> 
     </span>
    </p>
   </div>
   <div class='ocr_carea' id='block_1_81' title="bbox 898 1779 1684 1817">
    <p class='ocr_par' dir='ltr' id='par_1_81' title="bbox 898 1779 1684 1817">
     <span class='ocr_line' id='line_1_81' title="bbox 898 1779 1684 1817; baseline -0.005 -8"><span class='ocrx_word' id='word_1_671' title='bbox 898 1782 970 1817; x_wconf 89' lang='lat' dir='ltr'><strong>quod</strong></span> <span class='ocrx_word' id='word_1_672' title='bbox 985 1787 1028 1809; x_wconf 85' lang='lat' dir='ltr'><strong>est</strong></span> <span class='ocrx_word' id='word_1_673' title='bbox 1040 1783 1066 1808; x_wconf 92' lang='lat' dir='ltr'><strong>in</strong></span> <span class='ocrx_word' id='word_1_674' title='bbox 1083 1781 1173 1812; x_wconf 84' lang='lat' dir='ltr'><strong>Patre,</strong></span> <span class='ocrx_word' id='word_1_675' title='bbox 1185 1788 1270 1807; x_wconf 87' lang='lat' dir='ltr'><strong>unum</strong></span> <span class='ocrx_word' id='word_1_676' title='bbox 1283 1780 1310 1807; x_wconf 93' lang='lat' dir='ltr'><strong>in</strong></span> <span class='ocrx_word' id='word_1_677' title='bbox 1326 1780 1393 1807; x_wconf 83' lang='lat' dir='ltr'><strong>Filio</strong></span> <span class='ocrx_word' id='word_1_678' title='bbox 1405 1785 1431 1807; x_wconf 82' lang='lat' dir='ltr'><strong>et</strong></span> <span class='ocrx_word' id='word_1_679' title='bbox 1448 1779 1526 1806; x_wconf 85' lang='lat' dir='ltr'><strong>Patre</strong></span> <span class='ocrx_word' id='word_1_680' title='bbox 1539 1780 1640 1806; x_wconf 82' lang='lat' dir='ltr'><strong>erimus</strong></span> <span class='ocrx_word' id='word_1_681' title='bbox 1657 1785 1684 1805; x_wconf 90' lang='lat' dir='ltr'><strong>et</strong></span> 
     </span>
    </p>
   </div>
   <div class='ocr_carea' id='block_1_82' title="bbox 899 1825 1684 1860">
    <p class='ocr_par' dir='ltr' id='par_1_82' title="bbox 899 1825 1684 1860">
     <span class='ocr_line' id='line_1_82' title="bbox 899 1825 1684 1860; baseline -0.006 -5"><span class='ocrx_word' id='word_1_682' title='bbox 899 1836 958 1855; x_wconf 83' lang='lat' dir='ltr'><strong>esse</strong></span> <span class='ocrx_word' id='word_1_683' title='bbox 965 1827 1188 1855; x_wconf 72' lang='lat' dir='ltr'><strong>existimabimur.</strong></span> <span class='ocrx_word' id='word_1_684' title='bbox 1200 1826 1314 1859; x_wconf 86' lang='lat' dir='ltr'><strong>Quando</strong></span> <span class='ocrx_word' id='word_1_685' title='bbox 1323 1826 1403 1859; x_wconf 74' lang='lat' dir='ltr'><strong>igitur</strong></span> <span class='ocrx_word' id='word_1_686' title='bbox 1413 1825 1510 1860; x_wconf 85' lang='lat' dir='ltr'><strong>aliquis</strong></span> <span class='ocrx_word' id='word_1_687' title='bbox 1526 1832 1574 1859; x_wconf 90' lang='lat' dir='ltr'><strong>per</strong></span> <span class='ocrx_word' id='word_1_688' title='bbox 1585 1831 1684 1858; x_wconf 62' lang='lat' dir='ltr'><strong>prcca-</strong></span> 
     </span>
    </p>
   </div>
   <div class='ocr_carea' id='block_1_83' title="bbox 897 1870 1682 1909">
    <p class='ocr_par' dir='ltr' id='par_1_83' title="bbox 897 1870 1682 1909">
     <span class='ocr_line' id='line_1_83' title="bbox 897 1870 1682 1909; baseline -0.008 -7"><span class='ocrx_word' id='word_1_689' title='bbox 897 1879 953 1902; x_wconf 88' lang='lat' dir='ltr'><strong>tum</strong></span> <span class='ocrx_word' id='word_1_690' title='bbox 967 1874 1074 1909; x_wconf 87' lang='lat' dir='ltr'><strong>aliquod</strong></span> <span class='ocrx_word' id='word_1_691' title='bbox 1093 1874 1192 1901; x_wconf 85' lang='lat' dir='ltr'><strong>excidit</strong></span> <span class='ocrx_word' id='word_1_692' title='bbox 1208 1881 1221 1900; x_wconf 82' lang='lat' dir='ltr'><strong>a</strong></span> <span class='ocrx_word' id='word_1_693' title='bbox 1238 1873 1352 1908; x_wconf 71' lang='lat' dir='ltr'><strong>Spiritu,</strong></span> <span class='ocrx_word' id='word_1_694' title='bbox 1366 1872 1389 1899; x_wconf 88' lang='lat' dir='ltr'><strong>is</strong></span> <span class='ocrx_word' id='word_1_695' title='bbox 1401 1880 1453 1899; x_wconf 92' lang='lat' dir='ltr'><strong>non</strong></span> <span class='ocrx_word' id='word_1_696' title='bbox 1473 1876 1515 1899; x_wconf 83' lang='lat' dir='ltr'><strong>cst</strong></span> <span class='ocrx_word' id='word_1_697' title='bbox 1528 1871 1643 1905; x_wconf 75' lang='lat' dir='ltr'><strong>amplius</strong></span> <span class='ocrx_word' id='word_1_698' title='bbox 1657 1870 1682 1896; x_wconf 93' lang='lat' dir='ltr'><strong>in</strong></span> 
     </span>
    </p>
   </div>
   <div class='ocr_carea' id='block_1_84' title="bbox 897 1917 1685 1954">
    <p class='ocr_par' dir='ltr' id='par_1_84' title="bbox 897 1917 1685 1954">
     <span class='ocr_line' id='line_1_84' title="bbox 897 1917 1685 1954; baseline -0.005 -8"><span class='ocrx_word' id='word_1_699' title='bbox 897 1919 1181 1954; x_wconf 81' lang='lat' dir='ltr'><strong>Deo,quaudoquidem</strong></span> <span class='ocrx_word' id='word_1_700' title='bbox 1192 1919 1225 1946; x_wconf 87' lang='lat' dir='ltr'><strong>ab</strong></span> <span class='ocrx_word' id='word_1_701' title='bbox 1238 1926 1269 1946; x_wconf 83' lang='lat' dir='ltr'><strong>eo</strong></span> <span class='ocrx_word' id='word_1_702' title='bbox 1279 1919 1391 1945; x_wconf 78' lang='lat' dir='ltr'><strong>recessit</strong></span> <span class='ocrx_word' id='word_1_703' title='bbox 1401 1917 1519 1952; x_wconf 89' lang='lat' dir='ltr'><strong>Spiritus</strong></span> <span class='ocrx_word' id='word_1_704' title='bbox 1537 1921 1647 1943; x_wconf 71' lang='lat' dir='ltr'><strong>sanctus</strong></span> <span class='ocrx_word' id='word_1_705' title='bbox 1659 1921 1685 1942; x_wconf 86' lang='lat' dir='ltr'><strong>ct</strong></span> 
     </span>
    </p>
   </div>
   <div class='ocr_carea' id='block_1_85' title="bbox 895 1962 1685 1998">
    <p class='ocr_par' dir='ltr' id='par_1_85' title="bbox 895 1962 1685 1998">
     <span class='ocr_line' id='line_1_85' title="bbox 895 1962 1685 1998; baseline -0.005 -6"><span class='ocrx_word' id='word_1_706' title='bbox 895 1968 1059 1997; x_wconf 82' lang='lat' dir='ltr'><strong>consolator,</strong></span> <span class='ocrx_word' id='word_1_707' title='bbox 1087 1965 1134 1992; x_wconf 81' lang='lat' dir='ltr'><strong>sed</strong></span> <span class='ocrx_word' id='word_1_708' title='bbox 1152 1966 1204 1992; x_wconf 82' lang='lat' dir='ltr'><strong>erit</strong></span> <span class='ocrx_word' id='word_1_709' title='bbox 1219 1965 1245 1991; x_wconf 92' lang='lat' dir='ltr'><strong>in</strong></span> <span class='ocrx_word' id='word_1_710' title='bbox 1274 1965 1319 1991; x_wconf 82' lang='lat' dir='ltr'><strong>illo</strong></span> <span class='ocrx_word' id='word_1_711' title='bbox 1336 1965 1379 1990; x_wconf 92' lang='lat' dir='ltr'><strong>cui</strong></span> <span class='ocrx_word' id='word_1_712' title='bbox 1407 1965 1526 1998; x_wconf 84' lang='lat' dir='ltr'><strong>seipsum</strong></span> <span class='ocrx_word' id='word_1_713' title='bbox 1546 1962 1685 1996; x_wconf 76' lang='lat' dir='ltr'><strong>peccando</strong></span> 
     </span>
    </p>
   </div>
   <div class='ocr_carea' id='block_1_86' title="bbox 897 2009 1685 2044">
    <p class='ocr_par' dir='ltr' id='par_1_86' title="bbox 897 2009 1685 2044">
     <span class='ocr_line' id='line_1_86' title="bbox 897 2009 1685 2044; baseline -0.006 -6"><span class='ocrx_word' id='word_1_714' title='bbox 897 2011 1022 2044; x_wconf 79' lang='lat' dir='ltr'><strong>subjecit.</strong></span> <span class='ocrx_word' id='word_1_715' title='bbox 1033 2010 1264 2043; x_wconf 83' lang='lat' dir='ltr'><strong>Quemadmodum</strong></span> <span class='ocrx_word' id='word_1_716' title='bbox 1278 2010 1350 2037; x_wconf 87' lang='lat' dir='ltr'><strong>Sauli</strong></span> <span class='ocrx_word' id='word_1_717' title='bbox 1368 2009 1491 2043; x_wconf 79' lang='lat' dir='ltr'><strong>contigit,</strong></span> <span class='ocrx_word' id='word_1_718' title='bbox 1501 2016 1515 2034; x_wconf 68' lang='grc' dir='ltr'><strong>ιι</strong></span> <span class='ocrx_word' id='word_1_719' title='bbox 1531 2016 1584 2042; x_wconf 86' lang='lat' dir='ltr'><strong>quo</strong></span> <span class='ocrx_word' id='word_1_720' title='bbox 1596 2015 1685 2034; x_wconf 82' lang='lat' dir='ltr'><strong>reces-</strong></span> 
     </span>
    </p>
   </div>
   <div class='ocr_carea' id='block_1_87' title="bbox 55 2052 841 2093">
    <p class='ocr_par' dir='ltr' id='par_1_87' title="bbox 55 2055 841 2093">
     <span class='ocr_line' id='line_1_87' title="bbox 55 2055 841 2093; baseline -0.004 -8"><span class='ocrx_word' id='word_1_721' title='bbox 55 2059 124 2092; x_wconf 85' lang='grc' dir='ltr'><strong>Θεῷ</strong></span> <span class='ocrx_word' id='word_1_722' title='bbox 139 2058 286 2093; x_wconf 83' lang='grc' dir='ltr'><strong>τυγχάνον,</strong></span> <span class='ocrx_word' id='word_1_723' title='bbox 316 2057 364 2083; x_wconf 84' lang='grc' dir='ltr'><strong>καὶ</strong></span> <span class='ocrx_word' id='word_1_724' title='bbox 390 2056 438 2091; x_wconf 82' lang='grc' dir='ltr'><strong>οὺχ</strong></span> <span class='ocrx_word' id='word_1_725' title='bbox 467 2057 546 2090; x_wconf 85' lang='grc' dir='ltr'><strong>ἡμεῖς</strong></span> <span class='ocrx_word' id='word_1_726' title='bbox 566 2055 628 2082; x_wconf 76' lang='grc' dir='ltr'><strong>καθ’</strong></span> <span class='ocrx_word' id='word_1_727' title='bbox 652 2055 777 2087; x_wconf 77' lang='grc' dir='ltr'><strong>ἑαυτούς.</strong></span> <span class='ocrx_word' id='word_1_728' title='bbox 794 2055 841 2082; x_wconf 69' lang='lat' dir='ltr'><strong>Ka‘</strong></span> 
     </span>
    </p>
   </div>
   <div class='ocr_carea' id='block_1_88' title="bbox 898 2052 1685 2093">
    <p class='ocr_par' dir='ltr' id='par_1_88' title="bbox 898 2052 1685 2092">
     <span class='ocr_line' id='line_1_88' title="bbox 898 2052 1685 2092; baseline -0.006 -10"><span class='ocrx_word' id='word_1_729' title='bbox 898 2056 934 2082; x_wconf 88' lang='lat' dir='ltr'><strong>sit</strong></span> <span class='ocrx_word' id='word_1_730' title='bbox 955 2057 1074 2092; x_wconf 83' lang='lat' dir='ltr'><strong>Spiritus</strong></span> <span class='ocrx_word' id='word_1_731' title='bbox 1101 2057 1156 2089; x_wconf 83' lang='lat' dir='ltr'><strong>Dei,</strong></span> <span class='ocrx_word' id='word_1_732' title='bbox 1177 2062 1204 2083; x_wconf 86' lang='lat' dir='ltr'><strong>et</strong></span> <span class='ocrx_word' id='word_1_733' title='bbox 1217 2056 1331 2083; x_wconf 77' lang='lat' dir='ltr'><strong>vexabat</strong></span> <span class='ocrx_word' id='word_1_734' title='bbox 1356 2063 1419 2082; x_wconf 84' lang='lat' dir='ltr'><strong>cum</strong></span> <span class='ocrx_word' id='word_1_735' title='bbox 1449 2054 1564 2089; x_wconf 82' lang='lat' dir='ltr'><strong>spiritus</strong></span> <span class='ocrx_word' id='word_1_736' title='bbox 1587 2052 1685 2079; x_wconf 85' lang='lat' dir='ltr'><strong>malus.</strong></span> 
     </span>
    </p>
   </div>
   <div class='ocr_carea' id='block_1_89' title="bbox 55 2096 1685 2139">
    <p class='ocr_par' dir='ltr' id='par_1_89' title="bbox 55 2096 1685 2139">
     <span class='ocr_line' id='line_1_89' title="bbox 55 2096 1685 2139; baseline -0.006 -8"><span class='ocrx_word' id='word_1_737' title='bbox 55 2105 163 2139; x_wconf 80' lang='grc' dir='ltr'><strong>ὥσπερ</strong></span> <span class='ocrx_word' id='word_1_738' title='bbox 187 2104 239 2129; x_wconf 79' lang='grc' dir='ltr'><strong>υἱοὶ</strong></span> <span class='ocrx_word' id='word_1_739' title='bbox 253 2104 301 2128; x_wconf 81' lang='grc' dir='ltr'><strong>καὶ</strong></span> <span class='ocrx_word' id='word_1_740' title='bbox 334 2102 390 2128; x_wconf 78' lang='grc' dir='ltr'><strong>Θεοὶ</strong></span> <span class='ocrx_word' id='word_1_741' title='bbox 411 2101 455 2128; x_wconf 83' lang='grc' dir='ltr'><strong>διὰ</strong></span> <span class='ocrx_word' id='word_1_742' title='bbox 479 2101 525 2127; x_wconf 76' lang='grc' dir='ltr'><strong>τὸν</strong></span> <span class='ocrx_word' id='word_1_743' title='bbox 548 2102 576 2127; x_wconf 80' lang='grc' dir='ltr'><strong>ὲν</strong></span> <span class='ocrx_word' id='word_1_744' title='bbox 608 2102 676 2135; x_wconf 84' lang='grc' dir='ltr'><strong>ἡμῖν</strong></span> <span class='ocrx_word' id='word_1_745' title='bbox 691 2101 781 2135; x_wconf 71' lang='grc' dir='ltr'><strong>λόγον,</strong></span> <span class='ocrx_word' id='word_1_746' title='bbox 797 2101 883 2132; x_wconf 79' lang='grc' dir='ltr'><strong>οὕτως</strong></span> <span class='ocrx_word' id='word_1_747' title='bbox 904 2102 931 2127; x_wconf 84' lang='grc' dir='ltr'><strong>ὲν</strong></span> <span class='ocrx_word' id='word_1_748' title='bbox 949 2102 988 2136; x_wconf 85' lang='grc' dir='ltr'><strong>τῷ</strong></span> <span class='ocrx_word' id='word_1_749' title='bbox 1001 2101 1058 2136; x_wconf 83' lang='grc' dir='ltr'><strong>Υἰῷ</strong></span> <span class='ocrx_word' id='word_1_750' title='bbox 1074 2102 1122 2128; x_wconf 76' lang='grc' dir='ltr'><strong>καὶ</strong></span> <span class='ocrx_word' id='word_1_751' title='bbox 1137 2103 1165 2127; x_wconf 83' lang='grc' dir='ltr'><strong>ἐν</strong></span> <span class='ocrx_word' id='word_1_752' title='bbox 1179 2102 1218 2136; x_wconf 85' lang='grc' dir='ltr'><strong>τῷ</strong></span> <span class='ocrx_word' id='word_1_753' title='bbox 1237 2102 1322 2135; x_wconf 81' lang='grc' dir='ltr'><strong>Πατρῖ</strong></span> <span class='ocrx_word' id='word_1_754' title='bbox 1338 2099 1468 2134; x_wconf 67' lang='grc' dir='ltr'><strong>ἐσόμεθα,</strong></span> <span class='ocrx_word' id='word_1_755' title='bbox 1494 2099 1540 2132; x_wconf 66' lang='grc' dir='ltr'><strong>καὶ</strong></span> <span class='ocrx_word' id='word_1_756' title='bbox 1557 2096 1685 2131; x_wconf 80' lang='grc' dir='ltr'><strong>νομισθη-</strong></span> 
     </span>
    </p>
   </div>
   <div class='ocr_carea' id='block_1_90' title="bbox 56 2142 1685 2184">
    <p class='ocr_par' dir='ltr' id='par_1_90' title="bbox 56 2142 1685 2184">
     <span class='ocr_line' id='line_1_90' title="bbox 56 2142 1685 2184; baseline -0.006 -7"><span class='ocrx_word' id='word_1_757' title='bbox 56 2149 172 2184; x_wconf 73' lang='grc' dir='ltr'><strong>σόμεθα</strong></span> <span class='ocrx_word' id='word_1_758' title='bbox 192 2149 220 2175; x_wconf 84' lang='grc' dir='ltr'><strong>ἓν</strong></span> <span class='ocrx_word' id='word_1_759' title='bbox 241 2147 424 2182; x_wconf 77' lang='grc' dir='ltr'><strong>γεγενῆσθαι,</strong></span> <span class='ocrx_word' id='word_1_760' title='bbox 455 2147 497 2173; x_wconf 87' lang='grc' dir='ltr'><strong>διὰ</strong></span> <span class='ocrx_word' id='word_1_761' title='bbox 523 2146 553 2172; x_wconf 83' lang='grc' dir='ltr'><strong>τὸ</strong></span> <span class='ocrx_word' id='word_1_762' title='bbox 582 2146 610 2172; x_wconf 80' lang='grc' dir='ltr'><strong>ὲν</strong></span> <span class='ocrx_word' id='word_1_763' title='bbox 631 2147 697 2181; x_wconf 82' lang='grc' dir='ltr'><strong>ἡμῖν</strong></span> <span class='ocrx_word' id='word_1_764' title='bbox 726 2145 798 2173; x_wconf 85' lang='grc' dir='ltr'><strong>εἶναι</strong></span> <span class='ocrx_word' id='word_1_765' title='bbox 821 2146 850 2172; x_wconf 82' lang='grc' dir='ltr'><strong>τὸ</strong></span> <span class='ocrx_word' id='word_1_766' title='bbox 871 2146 994 2180; x_wconf 78' lang='grc' dir='ltr'><strong>Πνεῦμα,</strong></span> <span class='ocrx_word' id='word_1_767' title='bbox 1019 2147 1114 2182; x_wconf 85' lang='grc' dir='ltr'><strong>ὥσπερ</strong></span> <span class='ocrx_word' id='word_1_768' title='bbox 1139 2148 1211 2173; x_wconf 75' lang='grc' dir='ltr'><strong>ἐστὶν</strong></span> <span class='ocrx_word' id='word_1_769' title='bbox 1237 2147 1265 2173; x_wconf 81' lang='grc' dir='ltr'><strong>ὲν</strong></span> <span class='ocrx_word' id='word_1_770' title='bbox 1290 2146 1329 2180; x_wconf 85' lang='grc' dir='ltr'><strong>τῷ</strong></span> <span class='ocrx_word' id='word_1_771' title='bbox 1357 2146 1435 2178; x_wconf 81' lang='grc' dir='ltr'><strong>Λόγῳ</strong></span> <span class='ocrx_word' id='word_1_772' title='bbox 1455 2144 1492 2178; x_wconf 85' lang='grc' dir='ltr'><strong>τῷ</strong></span> <span class='ocrx_word' id='word_1_773' title='bbox 1514 2144 1569 2170; x_wconf 68' lang='grc' dir='ltr'><strong>ὄντι</strong></span> <span class='ocrx_word' id='word_1_774' title='bbox 1586 2143 1614 2168; x_wconf 82' lang='grc' dir='ltr'><strong>ἐν</strong></span> <span class='ocrx_word' id='word_1_775' title='bbox 1647 2142 1685 2176; x_wconf 59' lang='grc' dir='ltr'><strong>τῷ</strong></span> 
     </span>
    </p>
   </div>
   <div class='ocr_carea' id='block_1_91' title="bbox 55 2190 1684 2231">
    <p class='ocr_par' dir='ltr' id='par_1_91' title="bbox 55 2190 1684 2231">
     <span class='ocr_line' id='line_1_91' title="bbox 55 2190 1684 2231; baseline -0.004 -9"><span class='ocrx_word' id='word_1_776' title='bbox 55 2195 166 2231; x_wconf 70' lang='lat' dir='ltr'><strong>“arpi.</strong></span> <span class='ocrx_word' id='word_1_777' title='bbox 180 2195 244 2221; x_wconf 83' lang='grc' dir='ltr'><strong>Ὅτε</strong></span> <span class='ocrx_word' id='word_1_778' title='bbox 260 2193 326 2225; x_wconf 84' lang='grc' dir='ltr'><strong>γοῦν</strong></span> <span class='ocrx_word' id='word_1_779' title='bbox 342 2194 470 2219; x_wconf 73' lang='grc' dir='ltr'><strong>ἐκπίπτει</strong></span> <span class='ocrx_word' id='word_1_780' title='bbox 495 2201 539 2224; x_wconf 80' lang='grc' dir='ltr'><strong>τις</strong></span> <span class='ocrx_word' id='word_1_781' title='bbox 555 2192 608 2219; x_wconf 80' lang='grc' dir='ltr'><strong>ἀπὸ</strong></span> <span class='ocrx_word' id='word_1_782' title='bbox 632 2192 678 2218; x_wconf 86' lang='grc' dir='ltr'><strong>τοῦ</strong></span> <span class='ocrx_word' id='word_1_783' title='bbox 694 2192 852 2227; x_wconf 84' lang='grc' dir='ltr'><strong>Πνεύματος</strong></span> <span class='ocrx_word' id='word_1_784' title='bbox 876 2193 920 2219; x_wconf 84' lang='grc' dir='ltr'><strong>διά</strong></span> <span class='ocrx_word' id='word_1_785' title='bbox 931 2201 991 2220; x_wconf 87' lang='grc' dir='ltr'><strong>τινα</strong></span> <span class='ocrx_word' id='word_1_786' title='bbox 1006 2193 1115 2224; x_wconf 79' lang='grc' dir='ltr'><strong>κακίαν,</strong></span> <span class='ocrx_word' id='word_1_787' title='bbox 1133 2193 1182 2219; x_wconf 70' lang='grc' dir='ltr'><strong>οὐκ</strong></span> <span class='ocrx_word' id='word_1_788' title='bbox 1199 2192 1239 2218; x_wconf 78' lang='grc' dir='ltr'><strong>ἔτι</strong></span> <span class='ocrx_word' id='word_1_789' title='bbox 1255 2193 1283 2218; x_wconf 75' lang='grc' dir='ltr'><strong>ἐν</strong></span> <span class='ocrx_word' id='word_1_790' title='bbox 1305 2192 1343 2226; x_wconf 79' lang='grc' dir='ltr'><strong>τῷ</strong></span> <span class='ocrx_word' id='word_1_791' title='bbox 1357 2192 1416 2225; x_wconf 85' lang='grc' dir='ltr'><strong>Θεῷ</strong></span> <span class='ocrx_word' id='word_1_792' title='bbox 1435 2192 1508 2216; x_wconf 76' lang='grc' dir='ltr'><strong>ἐστιν</strong></span> <span class='ocrx_word' id='word_1_793' title='bbox 1536 2191 1639 2219; x_wconf 79' lang='grc' dir='ltr'><strong>ἐκεῖνος</strong></span> <span class='ocrx_word' id='word_1_794' title='bbox 1671 2190 1684 2215; x_wconf 83' lang='lat'><em>6</em></span> 
     </span>
    </p>
   </div>
   <div class='ocr_carea' id='block_1_92' title="bbox 56 2236 1684 2274">
    <p class='ocr_par' dir='ltr' id='par_1_92' title="bbox 56 2236 1684 2274">
     <span class='ocr_line' id='line_1_92' title="bbox 56 2236 1684 2274; baseline -0.005 -5"><span class='ocrx_word' id='word_1_795' title='bbox 56 2242 171 2272; x_wconf 78' lang='grc' dir='ltr'><strong>πεσὼν,</strong></span> <span class='ocrx_word' id='word_1_796' title='bbox 186 2241 229 2268; x_wconf 76' lang='grc' dir='ltr'><strong>διὰ</strong></span> <span class='ocrx_word' id='word_1_797' title='bbox 240 2240 271 2266; x_wconf 75' lang='grc' dir='ltr'><strong>τὸ</strong></span> <span class='ocrx_word' id='word_1_798' title='bbox 297 2239 449 2274; x_wconf 78' lang='grc' dir='ltr'><strong>ἀποστῆναι</strong></span> <span class='ocrx_word' id='word_1_799' title='bbox 473 2239 519 2265; x_wconf 85' lang='grc' dir='ltr'><strong>ἀπ’</strong></span> <span class='ocrx_word' id='word_1_800' title='bbox 544 2238 626 2265; x_wconf 79' lang='grc' dir='ltr'><strong>αὐτοῦ</strong></span> <span class='ocrx_word' id='word_1_801' title='bbox 646 2238 677 2264; x_wconf 77' lang='grc' dir='ltr'><strong>τὸ</strong></span> <span class='ocrx_word' id='word_1_802' title='bbox 689 2240 717 2265; x_wconf 81' lang='grc' dir='ltr'><strong>ὲν</strong></span> <span class='ocrx_word' id='word_1_803' title='bbox 729 2238 766 2273; x_wconf 83' lang='grc' dir='ltr'><strong>τῷ</strong></span> <span class='ocrx_word' id='word_1_804' title='bbox 789 2238 848 2273; x_wconf 82' lang='grc' dir='ltr'><strong>Θεῷ</strong></span> <span class='ocrx_word' id='word_1_805' title='bbox 868 2238 945 2272; x_wconf 79' lang='grc' dir='ltr'><strong>ἅγιον</strong></span> <span class='ocrx_word' id='word_1_806' title='bbox 954 2240 1000 2265; x_wconf 79' lang='grc' dir='ltr'><strong>καὶ</strong></span> <span class='ocrx_word' id='word_1_807' title='bbox 1015 2239 1188 2273; x_wconf 75' lang='grc' dir='ltr'><strong>παράκλητον</strong></span> <span class='ocrx_word' id='word_1_808' title='bbox 1203 2238 1316 2272; x_wconf 78' lang='grc' dir='ltr'><strong>Πνεῦμα</strong></span> <span class='ocrx_word' id='word_1_809' title='bbox 1327 2247 1333 2252; x_wconf 95' lang='grc'><strong><em>-</em></strong></span> <span class='ocrx_word' id='word_1_810' title='bbox 1348 2237 1405 2263; x_wconf 82' lang='grc' dir='ltr'><strong>ἀλλ’</strong></span> <span class='ocrx_word' id='word_1_811' title='bbox 1422 2239 1449 2262; x_wconf 76' lang='grc' dir='ltr'><strong>ὲν</strong></span> <span class='ocrx_word' id='word_1_812' title='bbox 1476 2236 1572 2270; x_wconf 82' lang='grc' dir='ltr'><strong>ἐκείνῳ</strong></span> <span class='ocrx_word' id='word_1_813' title='bbox 1599 2236 1684 2269; x_wconf 75' lang='grc' dir='ltr'><strong>ἔσται,</strong></span> 
     </span>
    </p>
   </div>
   <div class='ocr_carea' id='block_1_93' title="bbox 55 2279 1685 2324">
    <p class='ocr_par' dir='ltr' id='par_1_93' title="bbox 55 2279 1685 2324">
     <span class='ocr_line' id='line_1_93' title="bbox 55 2279 1685 2324; baseline -0.006 -9"><span class='ocrx_word' id='word_1_814' title='bbox 55 2289 82 2324; x_wconf 83' lang='grc' dir='ltr'>ᾧ</span> <span class='ocrx_word' id='word_1_815' title='bbox 105 2288 204 2315; x_wconf 79' lang='grc' dir='ltr'><strong>ἑαυτὸν</strong></span> <span class='ocrx_word' id='word_1_816' title='bbox 232 2285 363 2318; x_wconf 78' lang='grc' dir='ltr'><strong>ὑπέταξεν</strong></span> <span class='ocrx_word' id='word_1_817' title='bbox 393 2285 570 2319; x_wconf 78' lang='grc' dir='ltr'><strong>ἁμαρτάνων,</strong></span> <span class='ocrx_word' id='word_1_818' title='bbox 592 2285 630 2315; x_wconf 87' lang='grc' dir='ltr'><strong>ὡς</strong></span> <span class='ocrx_word' id='word_1_819' title='bbox 649 2285 695 2310; x_wconf 76' lang='grc' dir='ltr'><strong>ἐπὶ</strong></span> <span class='ocrx_word' id='word_1_820' title='bbox 727 2284 775 2310; x_wconf 79' lang='grc' dir='ltr'><strong>τοῦ</strong></span> <span class='ocrx_word' id='word_1_821' title='bbox 796 2284 882 2311; x_wconf 86' lang='grc' dir='ltr'><strong>Σαοὺλ</strong></span> <span class='ocrx_word' id='word_1_822' title='bbox 902 2285 1021 2318; x_wconf 86' lang='grc' dir='ltr'><strong>γέγονεν.</strong></span> <span class='ocrx_word' id='word_1_823' title='bbox 1050 2284 1166 2317; x_wconf 81' lang='grc' dir='ltr'><strong>Ἀπέστη</strong></span> <span class='ocrx_word' id='word_1_824' title='bbox 1194 2284 1247 2317; x_wconf 78' lang='grc' dir='ltr'><strong>γὰρ</strong></span> <span class='ocrx_word' id='word_1_825' title='bbox 1273 2283 1320 2308; x_wconf 81' lang='grc' dir='ltr'><strong>ἀπ’</strong></span> <span class='ocrx_word' id='word_1_826' title='bbox 1346 2281 1427 2308; x_wconf 85' lang='grc' dir='ltr'><strong>αὑτοῦ</strong></span> <span class='ocrx_word' id='word_1_827' title='bbox 1446 2281 1476 2307; x_wconf 77' lang='grc' dir='ltr'><strong>τὸ</strong></span> <span class='ocrx_word' id='word_1_828' title='bbox 1504 2280 1617 2316; x_wconf 81' lang='grc' dir='ltr'><strong>Πνεῦμα</strong></span> <span class='ocrx_word' id='word_1_829' title='bbox 1636 2279 1685 2306; x_wconf 83' lang='grc' dir='ltr'><strong>τοῦ</strong></span> 
     </span>
    </p>
   </div>
   <div class='ocr_carea' id='block_1_94' title="bbox 57 2331 697 2366">
    <p class='ocr_par' dir='ltr' id='par_1_94' title="bbox 57 2331 697 2366">
     <span class='ocr_line' id='line_1_94' title="bbox 57 2331 697 2366; baseline -0.011 -3"><span class='ocrx_word' id='word_1_830' title='bbox 57 2335 148 2366; x_wconf 83' lang='grc' dir='ltr'><strong>Θεοῦ,</strong></span> <span class='ocrx_word' id='word_1_831' title='bbox 166 2334 213 2360; x_wconf 80' lang='grc' dir='ltr'><strong>καὶ</strong></span> <span class='ocrx_word' id='word_1_832' title='bbox 225 2333 329 2359; x_wconf 79' lang='grc' dir='ltr'><strong>ἕθλιὸεν</strong></span> <span class='ocrx_word' id='word_1_833' title='bbox 344 2331 425 2358; x_wconf 75' lang='grc' dir='ltr'><strong>αὑτὸν</strong></span> <span class='ocrx_word' id='word_1_834' title='bbox 445 2331 554 2365; x_wconf 83' lang='grc' dir='ltr'><strong>πνεῦμα</strong></span> <span class='ocrx_word' id='word_1_835' title='bbox 569 2331 697 2365; x_wconf 84' lang='grc' dir='ltr'><strong>πονηρόν.</strong></span> 
     </span>
    </p>
   </div>
   <div class='ocr_carea' id='block_1_95' title="bbox 286 2378 629 2412">
    <p class='ocr_par' dir='ltr' id='par_1_95' title="bbox 286 2378 629 2412">
     <span class='ocr_line' id='line_1_95' title="bbox 286 2378 629 2412; baseline -0.006 -5"><span class='ocrx_word' id='word_1_836' title='bbox 286 2381 336 2407; x_wconf 83' lang='grc' dir='ltr'><strong>Ἐκ</strong></span> <span class='ocrx_word' id='word_1_837' title='bbox 348 2379 402 2406; x_wconf 84' lang='grc' dir='ltr'><strong>τοῦ</strong></span> <span class='ocrx_word' id='word_1_838' title='bbox 414 2378 506 2406; x_wconf 81' lang='grc' dir='ltr'><strong>αὑτοῦ</strong></span> <span class='ocrx_word' id='word_1_839' title='bbox 525 2379 629 2412; x_wconf 74' lang='grc' dir='ltr'><strong>λόγου.</strong></span> 
     </span>
    </p>
   </div>
   <div class='ocr_carea' id='block_1_96' title="bbox 105 2422 851 2459">
    <p class='ocr_par' dir='ltr' id='par_1_96' title="bbox 105 2422 851 2459">
     <span class='ocr_line' id='line_1_96' title="bbox 105 2422 851 2459; baseline -0.004 -6"><span class='ocrx_word' id='word_1_840' title='bbox 105 2427 168 2456; x_wconf 77' lang='grc' dir='ltr'><strong>Πῶς</strong></span> <span class='ocrx_word' id='word_1_841' title='bbox 191 2426 302 2452; x_wconf 73' lang='grc' dir='ltr'><strong>δύναται</strong></span> <span class='ocrx_word' id='word_1_842' title='bbox 322 2426 336 2451; x_wconf 82' lang='grc' dir='ltr'>ὁ</span> <span class='ocrx_word' id='word_1_843' title='bbox 352 2425 416 2454; x_wconf 78' lang='grc' dir='ltr'><strong>Υἱὸς</strong></span> <span class='ocrx_word' id='word_1_844' title='bbox 436 2426 468 2450; x_wconf 81' lang='grc' dir='ltr'>ἐκ</span> <span class='ocrx_word' id='word_1_845' title='bbox 491 2424 537 2450; x_wconf 92' lang='grc' dir='ltr'><strong>τοῦ</strong></span> <span class='ocrx_word' id='word_1_846' title='bbox 563 2424 668 2459; x_wconf 82' lang='grc' dir='ltr'><strong>Πατρὺς</strong></span> <span class='ocrx_word' id='word_1_847' title='bbox 690 2422 758 2451; x_wconf 78' lang='grc' dir='ltr'><strong>εἴναι</strong></span> <span class='ocrx_word' id='word_1_848' title='bbox 770 2423 851 2458; x_wconf 80' lang='grc' dir='ltr'><strong>φύσει</strong></span> 
     </span>
    </p>
   </div>
   <div class='ocr_carea' id='block_1_97' title="bbox 61 2470 851 2507">
    <p class='ocr_par' dir='ltr' id='par_1_97' title="bbox 61 2470 851 2507">
     <span class='ocr_line' id='line_1_97' title="bbox 61 2470 851 2507; baseline -0.004 -8"><span class='ocrx_word' id='word_1_849' title='bbox 61 2475 116 2500; x_wconf 67' lang='grc' dir='ltr'><strong>καὶ</strong></span> <span class='ocrx_word' id='word_1_850' title='bbox 134 2474 226 2507; x_wconf 74' lang='grc' dir='ltr'><strong>ὅμοιος</strong></span> <span class='ocrx_word' id='word_1_851' title='bbox 244 2472 319 2505; x_wconf 83' lang='grc' dir='ltr'><strong>αὐτῷ</strong></span> <span class='ocrx_word' id='word_1_852' title='bbox 338 2471 399 2498; x_wconf 70' lang='grc' dir='ltr'><strong>κατ’</strong></span> <span class='ocrx_word' id='word_1_853' title='bbox 414 2471 508 2497; x_wconf 81' lang='grc' dir='ltr'><strong>οὐσίαν</strong></span> <span class='ocrx_word' id='word_1_854' title='bbox 522 2472 536 2497; x_wconf 85' lang='grc' dir='ltr'>ὀ</span> <span class='ocrx_word' id='word_1_855' title='bbox 548 2470 634 2504; x_wconf 85' lang='grc' dir='ltr'><strong>λέγων</strong></span> <span class='ocrx_word' id='word_1_856' title='bbox 647 2478 654 2485; x_wconf 90' lang='grc'>·</span> <span class='ocrx_word' id='word_1_857' title='bbox 681 2470 785 2503; x_wconf 84' lang='grc' dir='ltr'><strong>Ἐδόθη</strong></span> <span class='ocrx_word' id='word_1_858' title='bbox 800 2478 851 2503; x_wconf 85' lang='grc' dir='ltr'><strong>μοι</strong></span> 
     </span>
    </p>
   </div>
   <div class='ocr_carea' id='block_1_98' title="bbox 61 2514 850 2551">
    <p class='ocr_par' dir='ltr' id='par_1_98' title="bbox 61 2514 850 2551">
     <span class='ocr_line' id='line_1_98' title="bbox 61 2514 850 2551; baseline -0.008 -4"><span class='ocrx_word' id='word_1_859' title='bbox 61 2521 155 2547; x_wconf 80' lang='grc' dir='ltr'><strong>πᾶσα</strong></span> <span class='ocrx_word' id='word_1_860' title='bbox 167 2518 314 2550; x_wconf 75' lang='grc' dir='ltr'><strong>ἐξουσ1α;</strong></span> <span class='ocrx_word' id='word_1_861' title='bbox 331 2517 378 2544; x_wconf 82' lang='grc' dir='ltr'><strong>καί</strong></span> <span class='ocrx_word' id='word_1_862' title='bbox 392 2526 398 2533; x_wconf 90' lang='grc'><strong>·</strong></span> <span class='ocrx_word' id='word_1_863' title='bbox 415 2517 444 2544; x_wconf 89' lang='lat'><strong>&#39;0</strong></span> <span class='ocrx_word' id='word_1_864' title='bbox 459 2516 552 2551; x_wconf 85' lang='grc' dir='ltr'><strong>Πατὴρ</strong></span> <span class='ocrx_word' id='word_1_865' title='bbox 568 2516 661 2543; x_wconf 78' lang='grc' dir='ltr'><strong>οὐδένα</strong></span> <span class='ocrx_word' id='word_1_866' title='bbox 671 2515 768 2551; x_wconf 77' lang='grc' dir='ltr'><strong>κρίνει,</strong></span> <span class='ocrx_word' id='word_1_867' title='bbox 783 2514 850 2541; x_wconf 76' lang='grc' dir='ltr'><strong>ἀλλὰ</strong></span> 
     </span>
    </p>
   </div>
   <div class='ocr_carea' id='block_1_99' title="bbox 60 2561 850 2600">
    <p class='ocr_par' dir='ltr' id='par_1_99' title="bbox 60 2561 850 2600">
     <span class='ocr_line' id='line_1_99' title="bbox 60 2561 850 2600; baseline -0.008 -8"><span class='ocrx_word' id='word_1_868' title='bbox 60 2567 119 2600; x_wconf 76' lang='grc' dir='ltr'><strong>τὴν</strong></span> <span class='ocrx_word' id='word_1_869' title='bbox 139 2565 231 2599; x_wconf 76' lang='grc' dir='ltr'><strong>κρίσιν</strong></span> <span class='ocrx_word' id='word_1_870' title='bbox 246 2564 338 2590; x_wconf 81' lang='grc' dir='ltr'><strong>πᾶσαν</strong></span> <span class='ocrx_word' id='word_1_871' title='bbox 348 2563 465 2590; x_wconf 80' lang='grc' dir='ltr'><strong>δέδωκεν</strong></span> <span class='ocrx_word' id='word_1_872' title='bbox 479 2563 518 2596; x_wconf 86' lang='grc' dir='ltr'><strong>τῷ</strong></span> <span class='ocrx_word' id='word_1_873' title='bbox 533 2562 604 2597; x_wconf 84' lang='grc' dir='ltr'><strong>Υῑῷ;</strong></span> <span class='ocrx_word' id='word_1_874' title='bbox 625 2562 672 2588; x_wconf 86' lang='grc' dir='ltr'><strong>καί</strong></span> <span class='ocrx_word' id='word_1_875' title='bbox 687 2568 694 2576; x_wconf 87' lang='lat'><strong>&#39;</strong></span> <span class='ocrx_word' id='word_1_876' title='bbox 716 2561 744 2587; x_wconf 92' lang='lat'><strong>&#39;0</strong></span> <span class='ocrx_word' id='word_1_877' title='bbox 758 2561 850 2595; x_wconf 83' lang='grc' dir='ltr'><strong>Πατὴρ</strong></span> 
     </span>
    </p>
   </div>
   <div class='ocr_carea' id='block_1_100' title="bbox 60 2608 851 2646">
    <p class='ocr_par' dir='ltr' id='par_1_100' title="bbox 60 2608 851 2646">
     <span class='ocr_line' id='line_1_100' title="bbox 60 2608 851 2646; baseline -0.005 -9"><span class='ocrx_word' id='word_1_878' title='bbox 60 2611 166 2646; x_wconf 80' lang='grc' dir='ltr'><strong>ἀγαπᾷ</strong></span> <span class='ocrx_word' id='word_1_879' title='bbox 190 2610 236 2637; x_wconf 73' lang='grc' dir='ltr'><strong>τὸν</strong></span> <span class='ocrx_word' id='word_1_880' title='bbox 261 2609 336 2641; x_wconf 80' lang='grc' dir='ltr'><strong>Υἱδν,</strong></span> <span class='ocrx_word' id='word_1_881' title='bbox 361 2609 407 2635; x_wconf 81' lang='grc' dir='ltr'><strong>καὶ</strong></span> <span class='ocrx_word' id='word_1_882' title='bbox 432 2608 521 2635; x_wconf 81' lang='grc' dir='ltr'><strong>πάντα</strong></span> <span class='ocrx_word' id='word_1_883' title='bbox 545 2608 660 2634; x_wconf 77' lang='grc' dir='ltr'><strong>δέδωκεν</strong></span> <span class='ocrx_word' id='word_1_884' title='bbox 685 2608 714 2634; x_wconf 84' lang='grc' dir='ltr'><strong>ὲν</strong></span> <span class='ocrx_word' id='word_1_885' title='bbox 730 2609 762 2643; x_wconf 82' lang='grc' dir='ltr'><strong>τῇ</strong></span> <span class='ocrx_word' id='word_1_886' title='bbox 778 2608 851 2642; x_wconf 70' lang='grc' dir='ltr'><strong>χειρὶ</strong></span> 
     </span>
    </p>
   </div>
   <div class='ocr_carea' id='block_1_101' title="bbox 58 2652 852 2688">
    <p class='ocr_par' dir='ltr' id='par_1_101' title="bbox 58 2652 852 2688">
     <span class='ocr_line' id='line_1_101' title="bbox 58 2652 852 2688; baseline -0.008 -5"><span class='ocrx_word' id='word_1_887' title='bbox 58 2656 169 2688; x_wconf 80' lang='grc' dir='ltr'><strong>αὑτοῦ;</strong></span> <span class='ocrx_word' id='word_1_888' title='bbox 185 2655 233 2682; x_wconf 72' lang='grc' dir='ltr'><strong>καὶ</strong></span> <span class='ocrx_word' id='word_1_889' title='bbox 247 2655 345 2681; x_wconf 74' lang='grc' dir='ltr'><strong>πάλιν·</strong></span> <span class='ocrx_word' id='word_1_890' title='bbox 364 2654 465 2680; x_wconf 74' lang='grc' dir='ltr'><strong>Πάντα</strong></span> <span class='ocrx_word' id='word_1_891' title='bbox 478 2661 525 2687; x_wconf 86' lang='grc' dir='ltr'><strong>μοι</strong></span> <span class='ocrx_word' id='word_1_892' title='bbox 552 2653 700 2686; x_wconf 76' lang='grc' dir='ltr'><strong>παρεδόθη</strong></span> <span class='ocrx_word' id='word_1_893' title='bbox 718 2652 774 2679; x_wconf 81' lang='grc' dir='ltr'><strong>ὑπὸ</strong></span> <span class='ocrx_word' id='word_1_894' title='bbox 801 2652 852 2678; x_wconf 76' lang='grc' dir='ltr'><strong>τοῦ</strong></span> 
     </span>
    </p>
   </div>
   <div class='ocr_carea' id='block_1_102' title="bbox 58 2699 854 2736">
    <p class='ocr_par' dir='ltr' id='par_1_102' title="bbox 58 2699 854 2736">
     <span class='ocr_line' id='line_1_102' title="bbox 58 2699 854 2736; baseline -0.013 -4"><span class='ocrx_word' id='word_1_895' title='bbox 58 2704 186 2736; x_wconf 80' lang='grc' dir='ltr'><strong>ΙΙατρός</strong></span> <span class='ocrx_word' id='word_1_896' title='bbox 198 2710 269 2736; x_wconf 83' lang='grc' dir='ltr'><strong>μου;</strong></span> <span class='ocrx_word' id='word_1_897' title='bbox 285 2702 331 2728; x_wconf 76' lang='grc' dir='ltr'><strong>καὶ</strong></span> <span class='ocrx_word' id='word_1_898' title='bbox 345 2701 427 2728; x_wconf 87' lang='grc' dir='ltr'><strong>πάλιν</strong></span> <span class='ocrx_word' id='word_1_899' title='bbox 442 2708 449 2716; x_wconf 93' lang='grc'><strong>·</strong></span> <span class='ocrx_word' id='word_1_900' title='bbox 462 2699 527 2727; x_wconf 79' lang='grc' dir='ltr'><strong>Πᾶν</strong></span> <span class='ocrx_word' id='word_1_901' title='bbox 546 2699 561 2725; x_wconf 80' lang='grc' dir='ltr'><em>ὃ</em></span> <span class='ocrx_word' id='word_1_902' title='bbox 577 2699 686 2725; x_wconf 73' lang='grc' dir='ltr'><strong>δέδωκέ</strong></span> <span class='ocrx_word' id='word_1_903' title='bbox 703 2707 754 2730; x_wconf 82' lang='grc' dir='ltr'><strong>μοι</strong></span> <span class='ocrx_word' id='word_1_904' title='bbox 768 2699 782 2724; x_wconf 83' lang='grc' dir='ltr'><em>ὁ</em></span> <span class='ocrx_word' id='word_1_905' title='bbox 799 2699 854 2723; x_wconf 83' lang='lat' dir='ltr'><strong>Ilu-</strong></span> 
     </span>
    </p>
   </div>
   <div class='ocr_carea' id='block_1_103' title="bbox 57 2740 853 2782">
    <p class='ocr_par' dir='ltr' id='par_1_103' title="bbox 57 2740 853 2782">
     <span class='ocr_line' id='line_1_103' title="bbox 57 2740 853 2782; baseline -0.011 -6"><span class='ocrx_word' id='word_1_906' title='bbox 57 2750 124 2782; x_wconf 80' lang='grc' dir='ltr'><strong>τὴρ</strong></span> <span class='ocrx_word' id='word_1_907' title='bbox 146 2748 222 2782; x_wconf 81' lang='grc' dir='ltr'><strong>πρὸς</strong></span> <span class='ocrx_word' id='word_1_908' title='bbox 240 2747 292 2781; x_wconf 76' lang='grc' dir='ltr'><strong>ἐμὲ</strong></span> <span class='ocrx_word' id='word_1_909' title='bbox 310 2746 386 2780; x_wconf 71' lang='grc' dir='ltr'><strong>ἣξει.</strong></span> <span class='ocrx_word' id='word_1_910' title='bbox 407 2742 471 2772; x_wconf 67' lang='grc' dir='ltr'><strong>Εἶτα</strong></span> <span class='ocrx_word' id='word_1_911' title='bbox 487 2744 668 2778; x_wconf 76' lang='grc' dir='ltr'><strong>ἐπιλέγουσιν,</strong></span> <span class='ocrx_word' id='word_1_912' title='bbox 699 2743 731 2769; x_wconf 83' lang='grc' dir='ltr'>Εἰ</span> <span class='ocrx_word' id='word_1_913' title='bbox 747 2740 790 2777; x_wconf 77' lang='grc' dir='ltr'><strong>ἦν,</strong></span> <span class='ocrx_word' id='word_1_914' title='bbox 816 2741 853 2772; x_wconf 80' lang='grc' dir='ltr'><strong>ὡς</strong></span> 
     </span>
    </p>
   </div>
   <div class='ocr_carea' id='block_1_104' title="bbox 105 2811 854 2847">
    <p class='ocr_par' dir='ltr' id='par_1_104' title="bbox 105 2811 854 2847">
     <span class='ocr_line' id='line_1_104' title="bbox 105 2811 854 2847; baseline -0.011 -4"><span class='ocrx_word' id='word_1_915' title='bbox 105 2819 112 2832; x_wconf 94' lang='grc'>¹</span> <span class='ocrx_word' id='word_1_916' title='bbox 126 2816 207 2843; x_wconf 76' lang='lat' dir='ltr'><strong>Jnan.</strong></span> <span class='ocrx_word' id='word_1_917' title='bbox 226 2825 261 2847; x_wconf 82' lang='grc' dir='ltr'><strong>ιν,</strong></span> <span class='ocrx_word' id='word_1_918' title='bbox 281 2816 324 2844; x_wconf 75' lang='lat' dir='ltr'><strong>l5.</strong></span> <span class='ocrx_word' id='word_1_919' title='bbox 373 2816 382 2830; x_wconf 80' lang='lat'>&#39;</span> <span class='ocrx_word' id='word_1_920' title='bbox 401 2814 479 2843; x_wconf 81' lang='lat' dir='ltr'><strong>Joan.</strong></span> <span class='ocrx_word' id='word_1_921' title='bbox 498 2822 564 2846; x_wconf 73' lang='lat' dir='ltr'><strong>wn,</strong></span> <span class='ocrx_word' id='word_1_922' title='bbox 594 2814 638 2839; x_wconf 72' lang='lat' dir='ltr'><strong>2i.</strong></span> <span class='ocrx_word' id='word_1_923' title='bbox 690 2811 785 2838; x_wconf 77' lang='lat' dir='ltr'><strong>&#39;Rom.</strong></span> <span class='ocrx_word' id='word_1_924' title='bbox 798 2819 854 2840; x_wconf 72' lang='lat' dir='ltr'><strong>rzn,</strong></span> 
     </span>
    </p>
   </div>
   <div class='ocr_carea' id='block_1_105' title="bbox 57 2853 167 2883">
    <p class='ocr_par' dir='ltr' id='par_1_105' title="bbox 57 2853 167 2883">
     <span class='ocr_line' id='line_1_105' title="bbox 57 2853 167 2883; baseline -0.027 -1"><span class='ocrx_word' id='word_1_925' title='bbox 57 2861 106 2883; x_wconf 66' lang='grc' dir='ltr'><strong>τι,</strong></span> <span class='ocrx_word' id='word_1_926' title='bbox 122 2853 167 2880; x_wconf 76' lang='lat'><strong>57.</strong></span> 
     </span>
    </p>
   </div>
   <div class='ocr_carea' id='block_1_106' title="bbox 876 2808 1261 2841">
    <p class='ocr_par' dir='ltr' id='par_1_106' title="bbox 876 2808 1261 2841">
     <span class='ocr_line' id='line_1_106' title="bbox 876 2808 1261 2841; baseline 0.003 -6"><span class='ocrx_word' id='word_1_927' title='bbox 876 2809 919 2835; x_wconf 69' lang='lat'><strong>32$.</strong></span> <span class='ocrx_word' id='word_1_928' title='bbox 959 2809 969 2824; x_wconf 70' lang='grc'>⁸</span> <span class='ocrx_word' id='word_1_929' title='bbox 985 2808 1078 2836; x_wconf 77' lang='lat' dir='ltr'><strong>Matth.</strong></span> <span class='ocrx_word' id='word_1_930' title='bbox 1107 2817 1199 2841; x_wconf 64' lang='grc' dir='ltr'><strong>χχι-ιιι,</strong></span> <span class='ocrx_word' id='word_1_931' title='bbox 1220 2809 1261 2836; x_wconf 74' lang='grc'><strong>18.</strong></span> 
     </span>
    </p>
   </div>
   <div class='ocr_carea' id='block_1_107' title="bbox 1172 2372 1412 2400">
    <p class='ocr_par' dir='ltr' id='par_1_107' title="bbox 1172 2372 1412 2400">
     <span class='ocr_line' id='line_1_107' title="bbox 1172 2372 1412 2400; baseline -0.004 0"><span class='ocrx_word' id='word_1_932' title='bbox 1172 2374 1213 2400; x_wconf 69' lang='lat' dir='ltr'><strong>E1:</strong></span> <span class='ocrx_word' id='word_1_933' title='bbox 1231 2374 1320 2399; x_wconf 64' lang='lat' dir='ltr'><strong>eodem</strong></span> <span class='ocrx_word' id='word_1_934' title='bbox 1336 2372 1412 2399; x_wconf 82' lang='lat' dir='ltr'><strong>libro.</strong></span> 
     </span>
    </p>
   </div>
   <div class='ocr_carea' id='block_1_108' title="bbox 942 2418 1685 2455">
    <p class='ocr_par' dir='ltr' id='par_1_108' title="bbox 942 2418 1685 2455">
     <span class='ocr_line' id='line_1_108' title="bbox 942 2418 1685 2455; baseline 0 -7"><span class='ocrx_word' id='word_1_935' title='bbox 942 2421 993 2454; x_wconf 85' lang='lat' dir='ltr'><strong>Qui</strong></span> <span class='ocrx_word' id='word_1_936' title='bbox 1014 2420 1072 2448; x_wconf 83' lang='lat' dir='ltr'><strong>ﬁeri</strong></span> <span class='ocrx_word' id='word_1_937' title='bbox 1087 2424 1186 2455; x_wconf 86' lang='lat' dir='ltr'><strong>potest,</strong></span> <span class='ocrx_word' id='word_1_938' title='bbox 1208 2419 1306 2453; x_wconf 78' lang='lat' dir='ltr'><strong>inquit,</strong></span> <span class='ocrx_word' id='word_1_939' title='bbox 1332 2423 1360 2445; x_wconf 89' lang='lat' dir='ltr'><strong>ut</strong></span> <span class='ocrx_word' id='word_1_940' title='bbox 1379 2418 1463 2446; x_wconf 86' lang='lat' dir='ltr'><strong>Filius</strong></span> <span class='ocrx_word' id='word_1_941' title='bbox 1480 2419 1516 2446; x_wconf 86' lang='lat' dir='ltr'><strong>sit</strong></span> <span class='ocrx_word' id='word_1_942' title='bbox 1536 2425 1631 2447; x_wconf 88' lang='lat' dir='ltr'><strong>natura</strong></span> <span class='ocrx_word' id='word_1_943' title='bbox 1652 2429 1685 2448; x_wconf 81' lang='lat' dir='ltr'><strong>ex</strong></span> 
     </span>
    </p>
   </div>
   <div class='ocr_carea' id='block_1_109' title="bbox 905 2465 1685 2497">
    <p class='ocr_par' dir='ltr' id='par_1_109' title="bbox 905 2465 1685 2497">
     <span class='ocr_line' id='line_1_109' title="bbox 905 2465 1685 2497; baseline -0.003 -3"><span class='ocrx_word' id='word_1_944' title='bbox 905 2468 994 2497; x_wconf 85' lang='lat' dir='ltr'><strong>Patre.</strong></span> <span class='ocrx_word' id='word_1_945' title='bbox 1007 2467 1048 2494; x_wconf 81' lang='lat' dir='ltr'><strong>vel</strong></span> <span class='ocrx_word' id='word_1_946' title='bbox 1072 2466 1142 2493; x_wconf 82' lang='lat' dir='ltr'><strong>Patri</strong></span> <span class='ocrx_word' id='word_1_947' title='bbox 1168 2465 1315 2492; x_wconf 82' lang='lat' dir='ltr'><strong>secundum</strong></span> <span class='ocrx_word' id='word_1_948' title='bbox 1341 2470 1464 2491; x_wconf 83' lang='lat' dir='ltr'><strong>naturam</strong></span> <span class='ocrx_word' id='word_1_949' title='bbox 1491 2465 1596 2497; x_wconf 88' lang='lat' dir='ltr'><strong>similis,</strong></span> <span class='ocrx_word' id='word_1_950' title='bbox 1623 2474 1685 2492; x_wconf 92' lang='lat' dir='ltr'><strong>cum</strong></span> 
     </span>
    </p>
   </div>
   <div class='ocr_carea' id='block_1_110' title="bbox 904 2511 1684 2548">
    <p class='ocr_par' dir='ltr' id='par_1_110' title="bbox 904 2511 1684 2548">
     <span class='ocr_line' id='line_1_110' title="bbox 904 2511 1684 2548; baseline -0.003 -8"><span class='ocrx_word' id='word_1_951' title='bbox 904 2513 964 2548; x_wconf 83' lang='lat' dir='ltr'><strong>ipso</strong></span> <span class='ocrx_word' id='word_1_952' title='bbox 989 2513 1082 2540; x_wconf 89' lang='lat' dir='ltr'><strong>dicat:</strong></span> <span class='ocrx_word' id='word_1_953' title='bbox 1100 2512 1169 2539; x_wconf 85' lang='lat' dir='ltr'><strong>Data</strong></span> <span class='ocrx_word' id='word_1_954' title='bbox 1188 2515 1226 2539; x_wconf 80' lang='lat' dir='ltr'><strong>est</strong></span> <span class='ocrx_word' id='word_1_955' title='bbox 1251 2511 1315 2538; x_wconf 81' lang='lat' dir='ltr'><strong>mihi</strong></span> <span class='ocrx_word' id='word_1_956' title='bbox 1345 2512 1428 2538; x_wconf 74' lang='lat' dir='ltr'><strong>omnis</strong></span> <span class='ocrx_word' id='word_1_957' title='bbox 1453 2515 1565 2545; x_wconf 77' lang='lat' dir='ltr'><strong>potestas</strong></span> <span class='ocrx_word' id='word_1_958' title='bbox 1581 2511 1608 2543; x_wconf 67' lang='lat'><strong>‘;</strong></span> <span class='ocrx_word' id='word_1_959' title='bbox 1638 2516 1684 2538; x_wconf 83' lang='lat' dir='ltr'><strong>et:</strong></span> 
     </span>
    </p>
   </div>
   <div class='ocr_carea' id='block_1_111' title="bbox 906 2557 1687 2592">
    <p class='ocr_par' dir='ltr' id='par_1_111' title="bbox 906 2557 1687 2592">
     <span class='ocr_line' id='line_1_111' title="bbox 906 2557 1687 2592; baseline -0.005 -6"><span class='ocrx_word' id='word_1_960' title='bbox 906 2561 988 2587; x_wconf 86' lang='lat' dir='ltr'><strong>Pater</strong></span> <span class='ocrx_word' id='word_1_961' title='bbox 1017 2559 1142 2586; x_wconf 83' lang='lat' dir='ltr'><strong>neminem</strong></span> <span class='ocrx_word' id='word_1_962' title='bbox 1162 2557 1283 2592; x_wconf 75' lang='lat' dir='ltr'><strong>judicat,</strong></span> <span class='ocrx_word' id='word_1_963' title='bbox 1298 2558 1342 2584; x_wconf 81' lang='lat' dir='ltr'><strong>sed</strong></span> <span class='ocrx_word' id='word_1_964' title='bbox 1366 2565 1441 2584; x_wconf 80' lang='lat' dir='ltr'><strong>autne</strong></span> <span class='ocrx_word' id='word_1_965' title='bbox 1465 2557 1594 2591; x_wconf 74' lang='lat' dir='ltr'><strong>judicium</strong></span> <span class='ocrx_word' id='word_1_966' title='bbox 1618 2557 1687 2583; x_wconf 76' lang='lat' dir='ltr'><strong>dedit</strong></span> 
     </span>
    </p>
   </div>
   <div class='ocr_carea' id='block_1_112' title="bbox 905 2601 1687 2637">
    <p class='ocr_par' dir='ltr' id='par_1_112' title="bbox 905 2601 1687 2637">
     <span class='ocr_line' id='line_1_112' title="bbox 905 2601 1687 2637; baseline -0.006 -6"><span class='ocrx_word' id='word_1_967' title='bbox 905 2605 970 2631; x_wconf 85' lang='lat' dir='ltr'><strong>Filio</strong></span> <span class='ocrx_word' id='word_1_968' title='bbox 987 2605 996 2620; x_wconf 92' lang='lat'><strong>&#39;</strong></span> <span class='ocrx_word' id='word_1_969' title='bbox 1014 2609 1058 2636; x_wconf 92' lang='lat' dir='ltr'><strong>et,</strong></span> <span class='ocrx_word' id='word_1_970' title='bbox 1080 2604 1159 2630; x_wconf 78' lang='lat' dir='ltr'><strong>Pater</strong></span> <span class='ocrx_word' id='word_1_971' title='bbox 1189 2602 1274 2637; x_wconf 75' lang='lat' dir='ltr'><strong>diligit</strong></span> <span class='ocrx_word' id='word_1_972' title='bbox 1304 2601 1404 2628; x_wconf 80' lang='lat' dir='ltr'><strong>Filium</strong></span> <span class='ocrx_word' id='word_1_973' title='bbox 1426 2606 1449 2628; x_wconf 90' lang='lat' dir='ltr'><strong>et</strong></span> <span class='ocrx_word' id='word_1_974' title='bbox 1470 2602 1557 2627; x_wconf 84' lang='lat' dir='ltr'><strong>omnia</strong></span> <span class='ocrx_word' id='word_1_975' title='bbox 1578 2602 1687 2627; x_wconf 76' lang='lat' dir='ltr'><strong>tradidit</strong></span> 
     </span>
    </p>
   </div>
   <div class='ocr_carea' id='block_1_113' title="bbox 904 2646 1685 2682">
    <p class='ocr_par' dir='ltr' id='par_1_113' title="bbox 904 2646 1685 2682">
     <span class='ocr_line' id='line_1_113' title="bbox 904 2646 1685 2682; baseline -0.006 -5"><span class='ocrx_word' id='word_1_976' title='bbox 904 2653 931 2677; x_wconf 81' lang='lat' dir='ltr'><strong>in</strong></span> <span class='ocrx_word' id='word_1_977' title='bbox 961 2659 1040 2677; x_wconf 81' lang='lat' dir='ltr'><strong>manu</strong></span> <span class='ocrx_word' id='word_1_978' title='bbox 1074 2650 1142 2682; x_wconf 83' lang='lat' dir='ltr'><strong>eius.</strong></span> <span class='ocrx_word' id='word_1_979' title='bbox 1171 2648 1205 2676; x_wconf 85' lang='lat' dir='ltr'><strong>Et</strong></span> <span class='ocrx_word' id='word_1_980' title='bbox 1232 2649 1351 2675; x_wconf 78' lang='lat' dir='ltr'><strong>iterum:</strong></span> <span class='ocrx_word' id='word_1_981' title='bbox 1380 2647 1472 2674; x_wconf 76' lang='lat' dir='ltr'><strong>Omnia</strong></span> <span class='ocrx_word' id='word_1_982' title='bbox 1501 2647 1563 2673; x_wconf 69' lang='lat' dir='ltr'><strong>milii</strong></span> <span class='ocrx_word' id='word_1_983' title='bbox 1588 2646 1685 2672; x_wconf 78' lang='lat' dir='ltr'><strong>tradita</strong></span> 
     </span>
    </p>
   </div>
   <div class='ocr_carea' id='block_1_114' title="bbox 907 2693 1687 2727">
    <p class='ocr_par' dir='ltr' id='par_1_114' title="bbox 907 2693 1687 2727">
     <span class='ocr_line' id='line_1_114' title="bbox 907 2693 1687 2727; baseline -0.006 -4"><span class='ocrx_word' id='word_1_984' title='bbox 907 2701 965 2723; x_wconf 74' lang='lat' dir='ltr'><strong>sunt</strong></span> <span class='ocrx_word' id='word_1_985' title='bbox 993 2705 1007 2721; x_wconf 80' lang='grc' dir='ltr'><strong>α</strong></span> <span class='ocrx_word' id='word_1_986' title='bbox 1040 2695 1119 2722; x_wconf 84' lang='lat' dir='ltr'><strong>I&#39;utre</strong></span> <span class='ocrx_word' id='word_1_987' title='bbox 1137 2704 1193 2721; x_wconf 87' lang='lat' dir='ltr'><strong>meo</strong></span> <span class='ocrx_word' id='word_1_988' title='bbox 1207 2704 1215 2721; x_wconf 91' lang='lat'><strong><em>:</em></strong></span> <span class='ocrx_word' id='word_1_989' title='bbox 1231 2699 1257 2721; x_wconf 88' lang='lat' dir='ltr'><strong>et</strong></span> <span class='ocrx_word' id='word_1_990' title='bbox 1273 2702 1366 2721; x_wconf 87' lang='lat' dir='ltr'><strong>rursus</strong></span> <span class='ocrx_word' id='word_1_991' title='bbox 1383 2703 1389 2720; x_wconf 90' lang='lat'>:</span> <span class='ocrx_word' id='word_1_992' title='bbox 1416 2694 1496 2721; x_wconf 88' lang='lat' dir='ltr'><strong>Omne</strong></span> <span class='ocrx_word' id='word_1_993' title='bbox 1527 2693 1595 2727; x_wconf 78' lang='lat' dir='ltr'><strong>quod</strong></span> <span class='ocrx_word' id='word_1_994' title='bbox 1617 2693 1687 2719; x_wconf 70' lang='lat' dir='ltr'><strong>dedit</strong></span> 
     </span>
    </p>
   </div>
   <div class='ocr_carea' id='block_1_115' title="bbox 906 2737 1687 2771">
    <p class='ocr_par' dir='ltr' id='par_1_115' title="bbox 906 2737 1687 2771">
     <span class='ocr_line' id='line_1_115' title="bbox 906 2737 1687 2771; baseline -0.005 -4"><span class='ocrx_word' id='word_1_995' title='bbox 906 2742 969 2767; x_wconf 82' lang='lat' dir='ltr'><strong>mihi</strong></span> <span class='ocrx_word' id='word_1_996' title='bbox 984 2740 1075 2771; x_wconf 77' lang='lat' dir='ltr'><strong>Palcr,</strong></span> <span class='ocrx_word' id='word_1_997' title='bbox 1094 2740 1129 2766; x_wconf 80' lang='lat' dir='ltr'><strong>ad</strong></span> <span class='ocrx_word' id='word_1_998' title='bbox 1154 2749 1194 2766; x_wconf 82' lang='lat' dir='ltr'><strong>me</strong></span> <span class='ocrx_word' id='word_1_999' title='bbox 1227 2741 1307 2767; x_wconf 74' lang='lat' dir='ltr'><strong>veniet</strong></span> <span class='ocrx_word' id='word_1_1000' title='bbox 1329 2740 1348 2767; x_wconf 88' lang='lat'><strong>&#39;.</strong></span> <span class='ocrx_word' id='word_1_1001' title='bbox 1383 2738 1451 2766; x_wconf 88' lang='lat' dir='ltr'><strong>Tum</strong></span> <span class='ocrx_word' id='word_1_1002' title='bbox 1469 2739 1507 2765; x_wconf 87' lang='lat' dir='ltr'><strong>ita</strong></span> <span class='ocrx_word' id='word_1_1003' title='bbox 1524 2737 1687 2764; x_wconf 86' lang='lat' dir='ltr'><strong>ratiocinan-</strong></span> 
     </span>
    </p>
   </div>
   <div class='ocr_carea' id='block_1_116' title="bbox 1313 2805 1703 2843">
    <p class='ocr_par' dir='ltr' id='par_1_116' title="bbox 1313 2805 1703 2843">
     <span class='ocr_line' id='line_1_116' title="bbox 1313 2805 1703 2843; baseline -0.008 -8"><span class='ocrx_word' id='word_1_1004' title='bbox 1313 2808 1412 2835; x_wconf 70' lang='lat' dir='ltr'><strong>“Joan.</strong></span> <span class='ocrx_word' id='word_1_1005' title='bbox 1435 2816 1468 2839; x_wconf 68' lang='grc' dir='ltr'><strong>γ,</strong></span> <span class='ocrx_word' id='word_1_1006' title='bbox 1487 2806 1532 2832; x_wconf 69' lang='lat'><strong>2‘2.</strong></span> <span class='ocrx_word' id='word_1_1007' title='bbox 1586 2805 1703 2843; x_wconf 52' lang='lat' dir='ltr'><strong>&#39;Joau..</strong></span> 
     </span>
    </p>
   </div>
  </div>
