1902 3078
43 214 103 245 πηὸς
122 211 165 243 οὓς
180 210 300 244 ἐγένετο,
323 206 484 242 διακοσμῶν
502 214 532 232 τε
557 205 627 233 κατὰ
641 205 672 232 τὸ
694 203 821 240 βούλημα
837 209 856 233 Α

43 246 83 286 τοῦ
95 258 196 293 lla-.96;
213 257 248 283 τὰ
260 256 360 288 πάντα,
375 254 438 281 ὖστε
443 262 491 290 ρον
504 253 551 280 καὶ
566 251 600 279 δι’
615 252 690 288 ἡμᾶς
706 251 821 286 γέγονεν

43 305 181 339 ἄνθρωπος,
195 302 244 329 καὶ
258 300 434 336 σωματικῶς,
451 299 489 331 ὥς
506 307 591 334 φησιν
610 299 624 326 ὸ
646 297 823 331 ’Δπόστολος,

44 349 188 385 κατῴκησεν
211 348 229 382 ή
243 347 338 382 θεότης
353 347 382 372 ἐν
407 345 441 380 τῇ
461 344 545 379 σαρκί
558 351 566 361 ο
587 344 645 371 ἴσον
670 343 711 379 τῷ
725 344 824 379 φάναι,

43 397 100 426 θεὸς
116 393 163 427 ῶν,
189 393 255 420 ίδιυν
281 393 345 428 ἔσχε
372 391 465 427 σῶμα,
486 392 535 418 καὶ
563 389 652 426 τούτῳ
679 389 823 425 χρώμενος

44 441 149 478 ὀργάνῳ,
168 440 280 475 γέγονεν
295 440 439 475 ἅνθρωπος
455 437 489 465 δι“
505 438 591 474 ἡμᾶς.

238 486 297 521 Τῆς
313 485 410 520 αὐτῆς
423 485 620 518 ἀκολουθίας.

74 533 123 568 Τῆς
151 532 251 568 σαρκὸς
282 529 453 565 πασχούσης,
477 529 528 556 οὐκ
552 527 587 565 ἦν
616 527 695 560 ἐκτὸς
720 527 823 563 ταύτης

498 150 687 182 PANOPLIA
709 149 942 181 DOGMATICA.
955 161 989 169 —
1002 148 1081 180 ΤΠ.
1103 147 1154 181 XI.

1620 145 1674 179 426

873 201 1023 237 omniaque
1046 200 1127 237 juxta
1160 201 1252 230 Patris
1280 201 1448 232 voluntatem
1486 202 1674 241 administrat,

875 253 988 285 propter
1009 255 1060 276 nos
1076 248 1215 276 hominem
1233 253 1329 284 postea
1352 249 1455 278 factum
1478 250 1564 279 fuisse
1576 257 1670 288 atque.

876 300 906 324 ut
932 294 1055 330 loquitur
1067 294 1226 330 Apostolus,
1251 295 1421 323 divinitatem
1445 298 1625 332 eorpomliter
1642 298 1672 326 in

876 349 960 370 carne
982 341 1120 369 habitasse
1138 341 1160 374 ',
1176 341 1249 377 quod
1278 341 1349 370 idem
1375 347 1418 371 est
1443 350 1475 371 ac
1502 343 1527 372 si
1555 344 1670 378 diceret,

876 387 946 415 Cum
962 386 1035 414 Deus
1055 392 1140 419 esset,
1157 387 1298 423 proprium
1324 388 1421 417 habuit
1436 396 1548 425 corpus,
1567 399 1623 426 quo
1640 396 1671 420 ut

874 434 1059 462 instrumento
1073 438 1165 466 utens,
1179 433 1261 461 homo
1277 438 1390 469 propter
1402 441 1454 463 nos
1467 434 1557 465 factus
1571 442 1626 465 est.

1110 480 1148 508 De
1168 481 1258 508 eodem
1272 487 1441 516 argumento.

912 526 983 554 Hinc
1007 534 1071 555 cum
1099 534 1164 555 caro
1186 532 1336 563 pateretur,
1347 533 1423 556 extra
1441 536 1502 557 eam
1527 537 1584 558 non
1612 535 1672 560 erat

46 579 57 604 ὸ
87 578 165 612 Λόγος
182 584 191 594 ·
218 577 264 604 διὰ
287 575 367 603 τοῦτο
388 577 444 610 γὰρ
470 574 554 602 αὑτοῦ
577 573 689 608 λέγεται
716 573 764 599 καὶ
790 573 815 600 τί

878 572 1004 605 Verbum,
1024 580 1085 608 quae
1099 580 1182 601 causa
1199 577 1243 601 est
1253 581 1302 601 cur
1316 574 1377 609 ejus
1399 582 1460 603 esse
1479 575 1572 611 passio
1596 577 1674 605 diea.

46 616 131 647 πάθος·
147 615 193 642 καὶ
210 615 309 647 θεῖκῶς
325 615 354 642 δέ
371 615 510 647 ποιοῦντος
529 616 612 643 αὑτοῦ
632 616 666 644 τὰ
678 616 746 653 ἔργα
761 615 809 643 τοῦ

45 662 144 697 Πατρὸς,
158 662 207 688 οὐκ
220 660 254 698 ἢν
264 661 363 694 ἔξωθεν
379 661 461 688 αὐτοῦ
474 663 491 698 ἠ
505 662 573 698 σάρξ
585 670 593 679 ⁸
607 662 665 690 ἀλλ’
685 663 714 691 ἐν
736 663 810 700 αὐτῷ

43 707 74 742 τῷ
84 707 180 742 σώματι
200 707 286 734 ταῦτα
298 707 380 735 πάλιν
397 707 411 734 ὁ
428 707 528 744 Κύριος
545 708 651 736 ἐποίει·
667 708 713 736 διὰ
730 709 812 736 τοῦτο

44 751 88 787 γὰρ
100 751 142 777 καὶ
152 750 295 786 ἄνθρωπος
309 749 453 785 γενόμενος
467 749 560 783 ἔλεγεν
571 757 577 764 ·
594 750 629 776 El
640 750 675 776 οὐ
687 749 760 776 ποιῶ
776 749 814 776 τὰ

43 798 103 832 ἔργα
115 797 164 825 τοῦ
176 797 294 831 Πατρός
313 805 384 831 μου,
402 795 447 830 μὴ
468 794 623 823 πιστεύετέ
634 803 685 830 μοι
703 803 711 810 ·
731 795 758 823 el
777 793 813 823 δὲ

43 843 112 876 ποιῶ,
129 842 184 870 κᾶν
201 842 267 877 ἐμοὶ
285 842 329 877 μὴ
350 842 527 876 πιστεύητε,
551 841 614 874 τοῖς
639 841 739 877 ἔργοις
764 849 813 869 πι-

43 890 157 921 στεύετε,
170 889 221 916 ἵνα
234 887 402 923 γινώσκητε
419 905 427 919 ,
486 887 531 914 ὅτι
542 887 577 915 ἐν
590 886 655 921 ἐμοὶ
668 888 685 914 ὁ
698 886 812 921 Πατὴρ,

43 935 110 970 κάγὼ
121 935 154 962 ἐν
167 934 259 967 αὐτῷ.
283 934 391 969 ’Δμέλει
413 933 457 960 ὅτε
475 933 554 969 χρεία
571 933 667 968 γέγονε
682 932 732 968 τὴν
746 941 812 960 πεν-

44 980 112 1015 θερὰν
120 980 163 1007 τοῦ
177 980 284 1016 Πέτρου
296 979 485 1012 πυρέσσουσαν
503 979 618 1015 ἐγεῖραι,
634 978 812 1014 ἀνθρωπίνως

45 1027 84 1062 μὲν
96 1026 202 1059 ἐξέτεινε
216 1026 267 1062 τὴν
281 1027 370 1062 χεῖρα,
389 1025 488 1058 θεῖκῶς
504 1025 532 1053 δὲ
544 1023 580 1062 ἦν
594 1025 689 1053 παύων
706 1025 756 1061 τὴν
769 1024 814 1053 νό-

45 1081 88 1098 σον.
99 1073 149 1100 Καὶ
163 1072 209 1099 ἐπὶ
221 1072 273 1108 μὲν
288 1071 335 1099 τοῦ
351 1072 383 1098 ἐκ
397 1072 509 1108 γενετῆς
584 1070 685 1106 τυφλοῦ
706 1070 814 1107 ἀνθρώ.

45 1126 108 1145 πινον
121 1118 172 1145 ἀπὸ
190 1117 241 1153 τῆς
267 1117 368 1153 σαρκὸς
387 1117 462 1153 ἠφίει
476 1117 508 1143 τὸ
526 1116 649 1152 πτύσμα,
669 1116 769 1149 θεῖκῶς
783 1115 814 1143 δὲ

43 1165 95 1195 τοὺς
108 1164 260 1199 ὀφθαλμοὺς
273 1164 364 1199 ῆνοιγε
384 1163 430 1191 διὰ
447 1162 494 1190 τοῦ
518 1163 622 1199 πηλοῦ·
642 1163 689 1190 ἐπὶ
712 1163 742 1190 δέ
765 1161 814 1190 τοῦ

42 1209 151 1245 Λαζάρου
162 1209 254 1245 φωνὴν
266 1209 324 1244 μὲν,
336 1209 375 1241 ὡς
386 1209 538 1245 ἄνθρωπος,
547 1208 720 1245 ἀνθρωπίνην
727 1207 813 1244 ἠφίει·

43 1255 124 1287 θεῖκῶς
135 1256 171 1288 δὲ,
186 1255 223 1288 ὡς
242 1255 319 1288 Θεὸς,
334 1255 379 1282 τὸν
392 1255 517 1292 Λάζαρον
529 1255 639 1292 ἤγειρεν
651 1255 684 1282 ἐκ
698 1254 814 1290 νεκρῶν.

42 1301 121 1329 Ταῦτα
131 1302 158 1329 δὲ
174 1302 261 1334 οὕτως
277 1301 383 1336 ἐγίνετο
402 1317 412 1331 ν
474 1302 521 1329 καὶ
541 1301 688 1334 ἐδείκνυτο,
710 1301 752 1328 ὅτι
776 1299 814 1336 μὴ

43 1349 161 1384 φαντασίᾳ
178 1348 248 1376 ἀλλὰ
266 1347 374 1383 ἀληθῶς
393 1344 428 1384 ἦν
449 1347 519 1384 ἔχων
539 1347 635 1383 σῶμα·
659 1347 763 1384 ιπρεπι
784 1346 814 1373 δέ

43 1394 80 1420 τὸν
93 1394 198 1430 Κύριον,
213 1393 434 1429 ἐνδιδυσκόμενον
447 1394 622 1431 ἀνθρωπίνην
634 1393 734 1430 σάρκα,
752 1393 816 1430 ταύ-

43 1447 83 1474 την
105 1439 169 1474 μετὰ
190 1440 247 1467 τῶν
269 1439 341 1466 ίδίων
367 1439 462 1467 παθῶν
485 1440 570 1476 αὐτῆς
591 1439 654 1475 ὃλην
735 1436 812 1465 ἐνδύς

45 1485 141 1518 σασθαι,
164 1486 221 1519 ἵνα,
248 1485 343 1522 ὥσπερ
366 1485 431 1513 ῐδιον
453 1486 536 1514 αὐτοῦ
563 1486 678 1522 λέγομεν
697 1483 814 1513 εἷναιτδ

44 1529 119 1565 σῶμα,
134 1530 202 1557 οὕτω
218 1531 267 1558 καὶ
282 1531 317 1558 τὰ
339 1530 387 1558 τοῦ
411 1530 537 1566 σώματος
555 1531 628 1566 πάθη
655 1530 710 1557 ῐδια
733 1529 815 1566 μόνον

43 1575 112 1602 αὗτοῦ
126 1576 247 1612 λέγηται,
267 1577 292 1603 ει
312 1577 359 1603 καὶ
379 1576 416 1612 μὴ
433 1577 535 1612 ἥπτετο
605 1576 676 1604 κατὰ
692 1576 742 1612 τὴν
757 1574 815 1603 θοό-

42 1629 100 1655 τητα
114 1622 203 1649 αὐτοῦ.
221 1623 254 1649 Et
272 1621 322 1657 μὲν
341 1619 386 1648 οὖν
399 1621 492 1657 ἐτέρου
506 1620 539 1658 ἦν
555 1621 587 1649 τὸ
602 1621 691 1657 σῶμα,
706 1621 813 1649 ἐκείνου

43 1666 69 1692 ἂν
82 1666 178 1702 λέγοιτο
198 1668 246 1696 καὶ
263 1667 298 1694 τὰ
318 1667 406 1703 πάθη·
430 1667 455 1693 εί
475 1667 505 1694 δὲ
527 1666 576 1694 τοῦ
597 1667 685 1701 Λόγου
707 1667 724 1703 ὴ
745 1666 815 1704 σὰρξ
842 1695 846 1700 _

44 1712 68 1746 (ό
80 1713 126 1748 γὰρ
138 1714 231 1750 Λόγος
246 1713 325 1749 σὰρξ
345 1713 492 1749 ἐγένετο),
511 1713 617 1749 ἀνάγκη
709 1713 756 1740 καὶ
777 1713 814 1741 τὰ

42 1758 82 1793 τῆς
103 1760 198 1795 σαρκὸς
223 1759 298 1795 πάθη
321 1759 448 1794 λέγεσθαι
464 1758 559 1792 αὑτοῦ,
582 1756 613 1786 οὗ
635 1759 684 1786 καὶ
705 1759 722 1795 ἠ
744 1759 812 1795 σάρξ

42 1803 112 1831 ἐστιν.
126 1802 161 1832 Οὖ
175 1806 203 1833 δὲ
218 1806 328 1840 λέγεται
348 1805 383 1833 τὰ
398 1805 484 1841 πάθη,
501 1804 546 1833 οἷά
562 1806 621 1833 ἐστι
700 1803 816 1839 μάλιστα

41 1849 66 1875 τὸ
77 1851 277 1887 κατακριθῆναι,
294 1851 325 1878 τὸ
342 1850 556 1887 μαστιγωθῆναι,
583 1851 614 1878 τὸ
635 1850 725 1886 διψᾷν,
739 1851 786 1878 καὶ
799 1851 814 1878 ό

42 1897 152 1933 σταυρὸς,
162 1898 209 1925 καὶ
223 1899 238 1926 6
258 1898 387 1931 Θάνατος,
405 1898 452 1925 καὶ
472 1899 501 1925 αί
522 1898 601 1925 ἄλλαι
619 1897 666 1925 τοῦ
688 1897 813 1934 σώματος

39 1940 172 1975 ἀσθένειαι,
194 1943 291 1970 τούτου
312 1943 360 1970 καὶ
381 1943 412 1970 τὸ
435 1942 602 1979 κατόρθωμα
626 1943 674 1970 καὶ
695 1944 711 1979 ἡ
733 1943 814 1979 χάρις

40 1987 96 2014 ἐστὶ.
111 1988 157 2015 Διὰ
172 1989 253 2017 τοῦτο
267 1990 356 2016 τοίνυν
366 1989 521 2021 ἀκολούθως
532 1989 579 2016 καὶ
594 1989 752 2024 πρεπόντως
763 1988 813 2016 οὐκ

40 2033 117 2067 ἄλλου,
130 2034 194 2062 ἀλλὰ
207 2035 256 2062 τοῦ
276 2035 380 2069 Κυρίου
404 2034 512 2069 λέγεται
532 2034 567 2063 τὰ
589 2034 701 2061 τοιαῦτα
717 2033 790 2071 πάθη
803 2041 811 2050 ·

40 2078 75 2104 ἵνα
89 2080 132 2106 καὶ
145 2081 162 2115 ἡ
182 2079 264 2116 χάρις
281 2079 344 2115 παρ’
364 2079 447 2106 αὑτοῦ
495 2078 541 2105 καὶ
560 2079 597 2114 μὴ
617 2079 697 2106 ἄλλου
715 2079 812 2114 λάτραι

40 2123 163 2159 γινώμεθα
183 2143 191 2155 .
265 2124 334 2152 ἀλλὰ
354 2125 461 2160 ἀληθῶς
481 2124 633 2157 θεοσεϐεῖς,
649 2125 690 2152 ὄτι
711 2125 812 2161 μηδένα

40 2168 84 2195 τῶν
96 2171 228 2205 γενητῶν,
247 2171 314 2206 μηδέ
333 2171 422 2198 κοινόν
440 2179 501 2198 τινα
517 2170 671 2208 ἄνθρωπον,
687 2171 755 2198 ἀλλὰ
766 2171 811 2199 τὸν

41 2213 65 2240 ἐκ
76 2216 116 2242 τοῦ
131 2216 198 2243 Θεοῦ
213 2217 293 2252 φύσει
306 2217 353 2244 καὶ
367 2217 493 2253 ἀληθινὸν
506 2217 571 2244 Υίδν
655 2217 749 2245 τοῦτον
764 2217 812 2245 καὶ

42 2260 166 2296 γενόμενον
186 2262 341 2298 ἄνθρωπον,
356 2263 432 2290 οὐδὲν
447 2261 529 2300 ἦττον
544 2263 647 2301 Κύριον
661 2264 743 2292 αὐτὸν
763 2264 812 2293 καὶ

41 2304 94 2330 Θεὸν
107 2308 150 2333 καὶ
161 2307 275 2342 Σωτῆρα
289 2308 502 2343 ἐπικαλούμεθα.

76 2348 152 2375 Τοῦτο
164 2349 193 2376 δέ
213 2348 256 2380 τίς
274 2349 324 2376 οὐκ
339 2349 373 2376 ἂν
397 2349 583 2384 θαυμάσειενς
609 2349 626 2384 ἢ
649 2358 690 2381 τις
712 2349 762 2378 οὐκ
784 2350 819 2377 ἂν

46 2392 156 2421 civilem
179 2395 251 2428 θεῖον
266 2394 375 2430 ἀληθῶς
396 2393 468 2422 εἶναι
495 2395 526 2421 τὸ
551 2395 688 2430 «pansa;
705 2396 736 2423 Et
763 2396 818 2432 γὰρ

46 2438 73 2464 τὰ
84 2440 129 2474 τῆς
142 2440 269 2475 θεότητος
290 2439 337 2467 τοῦ
353 2441 441 2475 Λόγου
458 2440 527 2477 ἔργα
542 2441 580 2477 μὴ
593 2441 637 2469 διὰ
660 2441 708 2469 τοῦ
722 2442 818 2477 σώμα-

45 2491 84 2516 τος
108 2486 228 2520 ἐγίνετο,
255 2487 306 2513 οὐκ
332 2487 367 2514 ἂν
395 2487 555 2523 ἐοεοποιήθη
584 2487 746 2523 ἄνθρωπος·
772 2487 819 2514 καὶ

46 2530 126 2562 πάλιν,
144 2532 168 2558 εί
192 2533 227 2559 τὰ
242 2532 297 2560 ῐδια
313 2533 363 2568 τῆς
389 2533 490 2569 σαρκὸς
511 2534 562 2561 οὐκ
576 2534 685 2567 ἐλέγετο
707 2533 755 2560 τοῦ
769 2533 820 2561 Λό-

45 2584 97 2609 γου,
120 2579 169 2605 οὐκ
190 2579 223 2607 ἂν
245 2579 422 2615 ἠλευθερώθη
445 2579 586 2611 παντελῶς
606 2580 661 2607 ἀπὸ
685 2580 788 2607 τούτων
805 2580 819 2607 ό

46 2621 178 2658 ἄνθρωπος
190 2634 197 2640 ·
217 2625 275 2653 ἀλλ’
287 2626 311 2652 εί
329 2627 382 2662 ἄρα
399 2627 468 2662 πρὸς
482 2627 570 2661 ὀλίγον
588 2626 638 2662 μὲν
653 2626 818 2661 ἀνεπαύετο,

48 2669 119 2696 πάλιν
133 2671 160 2697 δὲ
185 2671 280 2707 ἔμενεν
304 2673 321 2708 ἡ
336 2673 460 2708 ἁμαρτία
482 2673 512 2699 ἐν
523 2673 598 2708 αὐτῷ
619 2668 669 2700 ’καὶ
686 2673 702 2708 ὴ
719 2673 818 2708 φθορὰ,

47 2712 131 2750 ὥσπερ
146 2717 192 2743 ἐπὶ
213 2718 268 2744 τῶν
296 2718 451 2754 ἔμπροσθεν
473 2718 624 2754 ἀνθρώπων
641 2719 748 2753 γέγονε,
772 2720 818 2745 καὶ

47 2760 117 2788 τοῦτο
138 2762 286 2806 δείκνυται.
312 2765 407 2791 Πολλοὶ
431 2764 496 2800 γοῦν
522 2765 595 2800 ἅγιοι
619 2765 747 2800 γεγόνασι
772 2764 820 2792 καὶ

832 2303 852 2330 D

886 625 938 648 tur.
964 618 1032 646 Cum
1053 618 1115 646 item
1136 617 1194 653 ipse
1218 616 1308 645 Patris
1327 624 1410 652 opera
1431 618 1522 646 divine
1542 618 1672 647 alliceret.

883 669 960 692 extra
974 665 1062 700 ipsum
1080 671 1134 691 non
1147 669 1205 692 erat
1219 671 1294 696 caro,
1309 664 1356 692 sed
1368 664 1394 691 in
1411 664 1470 699 ipso
1485 671 1601 700 corpore
1615 665 1673 693 haec

884 709 1016 738 eilieiebat
1031 709 1172 737 Dominus.
1188 709 1291 737 Idcirco
1311 710 1383 737 enim
1402 709 1490 738 factus
1512 710 1594 738 homo
1616 711 1672 738 aie-

879 751 926 779 bat
940 761 946 779 :
962 750 991 778 Si
1007 751 1095 778 Patris
1108 751 1160 778 mei
1171 759 1248 785 opera
1263 759 1315 778 non
1330 751 1412 786 facio,
1431 751 1495 778 mihi
1506 752 1610 779 credere
1621 760 1672 779 ito-

877 796 924 824 lt'te
940 805 949 824 :
966 797 990 824 ei
1007 801 1095 824 autem
1114 796 1201 831 facio,
1219 797 1243 823 si
1263 796 1328 823 mihi
1341 796 1446 824 credere
1466 796 1568 830 nolitis,
1581 797 1670 831 operi-

879 843 926 870 bus
937 842 1032 870 saltem
1043 843 1152 875 credite,
1167 847 1195 869 ut
1209 842 1372 877 cognoscatis
1387 842 1496 870 Patrem
1508 843 1536 870 in
1549 850 1589 869 me
1601 842 1669 872 este;

878 894 902 917 et
915 897 955 917 me
968 889 997 917 in
1015 889 1063 916 illo
1087 892 1108 917 ’.
1127 888 1206 917 Certe
1226 895 1289 917 cum
1310 895 1380 924 opus
1401 888 1452 916 fuit
1472 897 1580 917 socrum
1596 888 1669 916 Petri

879 935 946 964 febri
971 935 1139 963 laborantem
1161 942 1258 962 curare
1282 935 1306 968 ³,
1323 934 1444 963 humano
1467 935 1577 970 quidem
1594 942 1668 963 more

879 991 991 1012 manum
1010 983 1141 1016 extendit,
1164 985 1212 1013 sed
1230 982 1357 1010 morbum
1376 982 1508 1010 divinitus
1528 981 1666 1016 repressit.

879 1029 1011 1057 Similiter
1038 1036 1101 1057 cum
1120 1036 1221 1056 caecum
1244 1033 1338 1056 natum
1364 1028 1490 1061 sanavit,
1516 1027 1668 1054 humanum

878 1078 989 1110 sputum
1010 1081 1026 1102 e
1049 1081 1132 1103 carne
1153 1073 1253 1108 emisit,
1271 1073 1318 1102 sed
1333 1071 1381 1109 per
1395 1073 1482 1101 lutum
1498 1073 1593 1101 oculos
1609 1072 1669 1108 ejus

877 1119 969 1148 divine
993 1120 1107 1155 aperuit.
1121 1119 1150 1147 ln
1166 1119 1270 1147 Lazaro
1293 1127 1402 1155 quoque
1425 1127 1441 1147 a
1464 1119 1580 1147 mortuis
1592 1119 1668 1146 exci-

877 1164 962 1192 tando
977 1165 1126 1192 humanam
1142 1164 1252 1200 quidem
1278 1171 1384 1197 vocem,
1402 1167 1433 1191 ut
1453 1163 1547 1196 homo,
1562 1163 1667 1191 edidit:

877 1209 924 1238 sed
939 1209 1042 1243 divine,
1063 1213 1094 1237 ut
1114 1209 1196 1243 Deus,
1212 1209 1347 1236 Lazarum
1368 1209 1402 1235 ad
1420 1209 1502 1236 vitam
1519 1208 1667 1236 revocavit.

877 1255 1046 1284 llaeeautem
1067 1255 1168 1283 idcirco
1193 1255 1231 1282 ita
1259 1255 1348 1290 palam
1375 1254 1482 1286 ﬁebant,
1512 1255 1585 1289 quod
1611 1261 1668 1281 non

878 1301 968 1336 specie
989 1301 1037 1329 sed
1057 1308 1152 1329 revera
1170 1308 1270 1336 corpus
1286 1299 1409 1327 haberet.
1434 1298 1535 1334 Nempe
1555 1298 1668 1326 decebat

879 1347 1039 1379 Dominum,
1064 1346 1211 1374 humanam
1237 1354 1347 1374 carnem
1377 1346 1554 1378 induentem,
1582 1348 1666 1372 totam

876 1400 937 1422 eam
961 1400 1023 1424 cum
1043 1392 1162 1428 propriis
1179 1391 1370 1419 affectionibus
1387 1391 1508 1421 induere,
1525 1394 1554 1417 ut
1570 1397 1668 1425 quem-

876 1437 1024 1466 admodum
1044 1437 1184 1473 proprium
1201 1437 1261 1472 ejus
1285 1443 1344 1464 esse
1364 1443 1465 1470 corpus
1485 1434 1613 1467 dicimus,
1629 1434 1666 1461 ita

876 1483 959 1511 etiam
979 1486 1102 1518 corporis
1126 1482 1295 1515 all'ectiones,
1310 1482 1431 1517 ejusdem
1445 1481 1535 1508 solum
1551 1480 1664 1515 propria

875 1536 938 1557 esse
959 1528 1126 1561 dicerentur,
1141 1528 1249 1556 tametsi
1266 1527 1326 1562 ejus
1339 1534 1393 1554 non
1407 1525 1577 1561 attingebant
1597 1525 1668 1552 divi-

877 1574 1000 1601 nitatem.
1013 1572 1107 1608 ltaque
1122 1573 1144 1601 si
1160 1572 1274 1600 alterius
1287 1575 1360 1600 esset
1372 1577 1483 1606 corpus,
1496 1571 1571 1598 illius
1583 1570 1666 1597 etiam

876 1627 938 1648 esse
958 1619 1115 1647 aﬂ'ectiones
1135 1618 1312 1647 dicerentur:
1332 1617 1380 1645 sed
1405 1617 1429 1645 si
1449 1616 1529 1643 Verbi
1545 1623 1609 1643 caro
1625 1621 1667 1642 est

877 1663 1006 1701 (Verbum
1023 1664 1095 1692 enim
1112 1671 1174 1691 caro
1185 1664 1288 1699 factum
1304 1667 1343 1690 ett
1361 1662 1371 1677 ⁸
1387 1662 1407 1698 ),
1424 1668 1535 1689 necesse
1549 1665 1591 1688 est
1604 1667 1666 1687 car-

878 1711 921 1738 nis
935 1710 1091 1738 all'ectiones
1109 1710 1182 1738 illius
1193 1710 1248 1738 dici
1262 1709 1342 1745 cujus
1365 1709 1423 1744 ipsa
1437 1715 1501 1736 caro
1513 1711 1565 1735 est.
1582 1706 1667 1742 Cujus

878 1763 960 1791 porro
985 1756 1114 1783 dicuntur
1132 1755 1302 1788 ali‘ectiones,
1317 1755 1412 1791 quales
1431 1755 1459 1782 in
1474 1754 1570 1790 primis
1585 1759 1666 1787 sunt,

878 1801 1056 1830 condemnari
1066 1822 1073 1836 ,
1086 1801 1199 1838 ﬂagellis
1215 1802 1281 1830 caedi
1291 1822 1299 1834 ,
1317 1801 1403 1834 sitire,
1418 1800 1494 1829 cruci
1508 1799 1588 1835 alligi,
1606 1807 1666 1827 mo-

878 1849 912 1882 ri,
928 1849 1043 1883 aliaeque
1061 1848 1186 1883 corporis
1206 1848 1390 1881 inﬁrmitates,
1413 1847 1535 1881 ejusdem
1557 1853 1667 1881 quoque

877 1897 942 1922 sunt
953 1898 1012 1921 tum
1027 1893 1156 1929 praclare
1170 1898 1245 1928 gesta
1264 1897 1320 1920 tum
1342 1893 1438 1928 gratia.
1454 1891 1520 1919 Eam
1537 1891 1618 1926 igitur
1630 1890 1667 1918 ob

876 1947 934 1968 rem
960 1944 1142 1976 congruenter
1166 1943 1194 1967 et
1213 1938 1406 1967 convenienter
1424 1937 1580 1973 huiusmodi
1597 1936 1665 1965 εσθ-

877 1985 982 2012 ctiones
1002 1992 1057 2012 non
1072 1983 1200 2016 alterius,
1216 1983 1264 2011 sed
1280 1982 1388 2010 Domini
1404 1989 1466 2010 esse
1479 1981 1619 2015 dicuntur,
1635 1985 1666 2009 ut

876 2033 905 2056 et
917 2030 1004 2065 gratia
1018 2029 1053 2057 ab
1068 2030 1114 2057 illo
1131 2029 1183 2063 sit,
1204 2033 1231 2057 et
1251 2029 1352 2056 nullius
1367 2029 1454 2061 alius,
1469 2028 1517 2056 sed
1534 2035 1597 2055 vero
1616 2026 1664 2055 Dei

876 2074 995 2103 cultores
1009 2082 1149 2107 essemus,
1165 2074 1264 2110 quippe
1279 2074 1325 2109 qui
1341 2073 1444 2101 nullam
1461 2081 1477 2101 e
1492 2074 1574 2101 rebus
1586 2072 1665 2100 factis

877 2127 928 2148 nec
941 2119 1080 2155 vulgarem
1098 2120 1216 2155 aliquem
1232 2119 1381 2153 hominem,
1398 2120 1444 2147 sed
1459 2126 1553 2146 verum
1575 2123 1602 2146 et
1615 2126 1666 2146 na-

877 2169 937 2194 tura
953 2173 988 2193 ex
1006 2165 1062 2193 Deo
1084 2166 1205 2201 genitum
1230 2164 1328 2192 Filium
1348 2165 1518 2198 invocemus,
1532 2164 1579 2199 qui
1595 2163 1665 2191 idem

877 2211 985 2239 tametsi
1007 2211 1096 2239 factus
1119 2215 1160 2238 est
1185 2211 1279 2242 homo,
1295 2211 1474 2238 nihilominus
1493 2214 1520 2237 et
1535 2209 1666 2237 Dominus

876 2261 902 2286 et
919 2256 991 2284 Deus
1003 2261 1030 2283 et
1043 2255 1168 2283 Salvator
1181 2259 1232 2284 est.

906 2347 957 2375 Cui
978 2354 1060 2383 porro
1081 2347 1108 2375 id
1123 2347 1283 2375 admirabile
1307 2353 1362 2375 non
1378 2345 1525 2379 videbitur,
1539 2345 1579 2373 vel
1593 2345 1656 2380 quis

872 2401 929 2421 rem
948 2401 1009 2421 vere
1023 2393 1144 2421 divinam
1162 2401 1224 2422 esse
1240 2401 1294 2421 non
1311 2392 1498 2421 consenserit?
1515 2392 1572 2420 Nisi
1585 2392 1658 2419 enim

871 2439 1024 2468 divinitatis
1049 2439 1132 2468 Verbi
1151 2446 1233 2475 opera
1251 2446 1299 2475 per
1325 2445 1428 2474 corpus
1454 2443 1544 2466 essent
1573 2437 1658 2470 facta,

872 2493 1012 2521 nunquam
1041 2485 1123 2513 homo
1155 2485 1265 2513 divinus
1287 2485 1402 2513 effectus
1422 2484 1542 2513 fuisset:
1562 2489 1590 2511 et
1615 2483 1658 2510 vi-

872 2532 965 2560 cissim
992 2532 1044 2560 nisi
1068 2539 1130 2567 quae
1153 2532 1244 2559 carnis
1261 2531 1371 2567 propria
1395 2536 1470 2563 sunt,
1497 2529 1577 2558 Verbi
1598 2537 1660 2557 esse

872 2579 1039 2610 dicerentur,
1068 2578 1103 2606 ab
1129 2578 1173 2606 his
1190 2579 1274 2607 homo
1299 2584 1353 2605 non
1375 2577 1483 2612 penitus
1508 2575 1607 2603 fuisset
1629 2575 1659 2602 li-

872 2625 995 2653 beratus.
1023 2625 1122 2653 Verum
1149 2625 1173 2653 si
1207 2624 1319 2660 aliquod
1350 2629 1457 2659 tempus
1491 2625 1658 2653 cessassent,

873 2680 970 2700 rursus
998 2677 1091 2700 tamen
1116 2671 1142 2699 in
1160 2670 1270 2699 homine
1295 2673 1440 2706 peccatum
1466 2671 1494 2696 ct
1518 2667 1659 2702 corruptio

873 2718 1060 2751 remansisset,
1089 2718 1128 2745 uti
1156 2721 1233 2745 antea
1257 2716 1372 2752 contigit
1398 2713 1578 2742 hominibus:
1607 2719 1657 2739 ne-

871 2771 925 2799 que
940 2765 966 2792 id
981 2765 1098 2800 probatu
1113 2768 1156 2793 est
1176 2763 1294 2792 dimcile.
1312 2761 1390 2791 Multi
1414 2767 1511 2796 nempe
1529 2758 1614 2787 sancti
1631 2761 1658 2786 ct

79 2853 88 2869 ⁸
103 2852 206 2883 Coloss.
224 2862 252 2888 ιι,
268 2855 295 2883 9.
333 2857 344 2873 ¹
359 2855 439 2884 Joan.
456 2865 483 2888 x,
502 2858 546 2890 :57,
558 2858 603 2885 58.
642 2858 651 2874 ³
666 2857 763 2886 Matth.
782 2864 815 2885 vn

878 2855 900 2884 Ι.
937 2855 946 2873 ⁸
960 2855 1038 2885 Joan.
1056 2855 1133 2890 1,“.

228 2905 362 2937 Panos.
381 2907 441 2938 Gs.
459 2907 588 2939 CXXX.

1381 2901 1418 2933 iis
