1902 3078
228 126 281 157 ιε’]

229 235 298 262 mins
321 234 355 262 ab
378 239 455 261 utero
472 239 584 262 sanctus
607 239 649 261 est
670 233 782 261 eﬁ‘ectus
803 234 826 266 ‘,
848 237 876 261 et
898 233 1017 262 Joannes

228 289 289 308 cum
315 281 341 307 in
360 280 455 307 matris
472 286 550 308 utero
565 280 655 307 adhuc
669 284 830 315 gestarctur,
847 280 880 307 ad
896 279 1017 315 Deipara:

228 326 319 352 Maria:
331 333 424 353 vocem
444 326 536 353 laetitia
550 326 696 353 exsultavit
722 326 745 354 '.
759 325 952 353 Verumtamen
967 325 1017 352 Re-

229 373 317 407 gnavit
339 381 410 399 mors
432 371 466 398 ab
485 372 572 399 Adam
589 381 670 408 usque
687 372 722 398 ad
744 371 870 407 Moysen,
888 372 968 399 etiam
988 372 1015 398 in

227 428 281 451 eos,
295 419 338 454 qui
352 427 402 446 non
413 424 595 455 peccaverunt,
607 420 634 446 in
647 419 847 446 similitudinem
857 419 1018 453 prarvarica-

229 465 309 492 tionis
323 465 387 493 Adae
404 468 429 497 ³,
444 470 526 500 atque
547 466 583 492 ita
604 464 727 492 homines
747 463 924 491 nihilominus
944 470 1017 490 mor-

229 511 295 538 tales
315 515 343 538 et
361 511 482 545 corrupti
504 510 677 546 propriisque
702 514 806 538 naturae
827 508 1016 536 aﬂ'cctionibus

227 557 341 592 subjecti
363 564 546 591 permansere.
569 555 628 583 1am
650 563 714 583 vero
733 560 876 591 postquam
896 555 1014 582 Verbum

228 601 310 627 homo
325 599 413 628 factus
429 604 480 632 est,
499 604 526 627 et
546 607 607 635 quae
626 600 715 627 carnis
737 605 810 632 sunt,
830 599 941 634 pr0pria
963 598 1015 626 sibi

226 653 287 672 esse
300 645 396 677 voluit,
416 646 474 673 haec
496 653 550 672 non
571 645 687 680 amplius
701 653 800 680 corpus
816 644 963 679 attingunt,
980 643 1016 670 ob

227 689 346 719 Verbum
363 691 435 726 quod
458 690 485 718 in
509 691 568 726 ipso
589 690 690 718 factum
707 694 763 724 est,
784 689 831 718 sed
853 692 1015 723 consumpta

195 738 198 741 ’
227 735 319 764 abillo
334 740 409 768 sunt,
426 743 476 763 nec
487 736 544 772 jam
559 736 682 764 homines
697 744 760 763 suas
774 739 883 771 propter
895 733 1016 762 adectio-

227 790 277 809 nes
294 786 453 817 peccatores
469 786 495 810 et
509 782 608 810 mortui
621 786 741 815 manent,
754 781 802 809 sed
821 780 899 808 Verbi
916 780 1015 808 virtute

227 827 430 860 reviviscentes,
453 827 621 855 immortales
643 831 723 862 atque
746 826 898 861 incorrupti
919 832 1015 861 perpe-

228 877 274 900 tuo
291 873 400 901 durant.
417 872 550 906 Quocirca
566 880 627 900 cum
652 879 718 900 caro
736 879 770 899 ex
793 871 908 906 Deipara
928 870 1014 898 Maria

227 918 361 952 nascitur,
385 918 444 953 ipse
467 921 556 946 tamen
576 922 656 946 natus
675 924 736 946 esse
756 917 865 951 dicitur,
889 925 943 952 quo
963 917 1014 945 do-

228 969 310 992 nante
333 964 379 991 alii
401 968 553 992 nascuntur
574 968 606 991 ut
627 964 697 997 sint,
717 968 747 991 ut
766 963 869 991 scilicet
889 967 1014 991 nostrum

227 1011 287 1046 ipsc
310 1014 399 1038 ortum
415 1011 442 1037 in
463 1017 493 1038 se
514 1009 670 1043 transferat,
684 1009 802 1044 hincque
814 1015 866 1036 nos
879 1015 933 1035 nou
944 1007 1012 1043 jam,

228 1060 259 1084 ut
280 1061 352 1084 terra
370 1055 440 1088 sola,
455 1055 483 1082 in
503 1059 604 1083 terram
624 1058 802 1087 revertamur,
818 1052 865 1081 sed
886 1058 1014 1088 tanquam

228 1109 292 1130 cum
317 1101 423 1129 caelesti
444 1100 534 1128 Verbo
561 1099 716 1135 conjuncti,
741 1098 769 1126 in
793 1098 878 1126 caelos
899 1097 933 1125 ab
953 1098 1013 1132 ipso

226 1147 420 1182 pcrducamur.
446 1145 577 1173 Similiter
598 1145 680 1180 igitur
694 1143 767 1171 haud
792 1142 894 1178 absque
908 1141 1012 1169 ratione

226 1193 294 1220 alias
315 1192 439 1228 corporis
461 1190 618 1218 atrectioncs
637 1190 665 1217 in
680 1189 799 1224 seipsum
815 1187 965 1220 transtulit,
983 1191 1014 1215 ut

225 1237 358 1270 videlicet,
374 1244 427 1264 non
442 1235 498 1271 jam
520 1240 549 1263 ut
571 1235 708 1269 homines,
735 1234 781 1262 sed
804 1238 834 1261 ut
853 1233 963 1269 proprie
979 1232 1013 1260 ad

225 1283 314 1318 ipsum
333 1281 452 1310 Verbum
468 1282 643 1317 pertinentes,
663 1285 771 1308 aeternae
784 1280 847 1308 vitae
866 1279 1013 1315 participes

225 1328 411 1355 redderemur.
424 1326 479 1355 Nec
493 1327 565 1354 enim
582 1326 721 1362 deinceps,
738 1331 768 1354 ut
783 1326 811 1353 in
828 1324 913 1361 priori
929 1325 1014 1361 origi-

225 1380 270 1405 ne,
284 1372 310 1399 in
325 1372 411 1400 Adam
425 1372 567 1404 morimur,
582 1371 629 1399 sed
642 1376 736 1399 nostra
750 1371 857 1406 origine
872 1370 1013 1398 omnibus-

225 1425 278 1452 que
293 1418 384 1446 carnis
405 1417 610 1445 inﬁrmitatibus
625 1417 653 1444 in
668 1416 786 1444 Verbum
809 1416 899 1451 ipsum
921 1420 1011 1444 trans-

227 1457 300 1490 latis,
312 1465 328 1486 e
341 1463 413 1486 terra
424 1460 585 1493 excitamur,
599 1461 688 1489 soluta
701 1463 804 1497 peccati
815 1463 1014 1495 maledictione,

227 1502 288 1536 ejus
303 1505 412 1538 merito,
429 1506 476 1541 qui
493 1506 520 1533 in
536 1507 628 1539 nobis,
641 1507 729 1535 nostri
744 1508 841 1543 gratia,
863 1508 1014 1536 maledictio

228 1547 317 1574 tactus
341 1553 383 1575 est
401 1569 408 1581 ,
438 1549 519 1584 idque
542 1551 689 1578 admodum
717 1551 918 1580 convenienter.
945 1551 1013 1579 Nam

832 125 1025 156 EUTIIYMll
1052 125 1232 157 ZlGABENl

228 191 262 218 ab
277 189 351 217 omni
373 193 484 224 peccato
502 189 563 225 puri
581 189 710 219 exstitere
738 198 744 216 :
769 189 917 224 quinetiam
938 188 1014 217 lere-

1067 187 1180 224 καθαροὶ
1194 188 1285 224 πάσης
1294 186 1430 224 ἁμαρτίας
1448 196 1455 203 ·

1034 885 1053 913 Β
1068 870 1150 898 Ὅθεν
1162 872 1210 898 καὶ
1220 872 1395 908 γεννωμένης

1803 126 1852 158 423

1515 186 1651 223 Ἱερεμίας
1658 187 1686 215 δὲ
1694 187 1739 215 καὶ
1747 188 1780 216 ὲκ
1799 197 1851 216 κοι-

1065 235 1126 267 λίας
1141 233 1275 270 ἡγιάσθη·
1293 234 1340 261 καὶ
1364 233 1489 269 Ἰωάννης
1507 233 1548 261 ἔτι
1636 235 1850 270 κυοφορούμενος

1066 281 1227 316 ἐσκίρτησεν
1237 280 1266 306 ὲν
1278 279 1436 314 ἀγαλλιάσει
1457 280 1503 305 ἐπὶ
1519 281 1553 315 τῇ
1571 281 1646 315 φωνῇ
1657 281 1706 315 τῆς
1720 281 1849 307 Θεοτόκου

1066 327 1196 361 Μαρίας”
1212 327 1259 353 καὶ
1282 326 1357 361 ὅμως
1379 326 1592 352 Ἐϐασίλευσεν
1613 327 1629 352 ό
1649 325 1775 358 θάνατος
1795 327 1850 353 ἀπὸ

1071 371 1162 406 Ἀδὰμ
1173 371 1261 406 μέχρι
1277 370 1415 403 Μωσέως,
1443 370 1492 397 καὶ
1516 370 1566 397 ἐπὶ
1580 370 1650 403 τοὺς
1660 371 1704 405 μὴ
1723 372 1852 406 ἁμαρτήι

1066 423 1190 449 σαντας,
1209 416 1257 442 ἐπὶ
1276 415 1315 448 τῷ
1331 415 1488 450 ὁμοιώματι
1508 414 1564 449 τῆς
1581 415 1777 449 παραϐάσεως
1806 417 1850 443 Ἀ-

1065 462 1142 496 δάμ·
1165 462 1211 488 καὶ
1233 461 1320 493 οὕτως
1344 461 1440 496 ἔμενον
1462 461 1536 488 οὐδὲν
1558 459 1639 497 ἦττον
1663 462 1688 487 οἱ
1714 462 1848 497 ἄνθρωποι

1066 507 1158 542 θνητοὶ
1174 507 1221 534 καὶ
1241 507 1366 542 φθαρτοὶ,
1381 507 1500 534 δεκτικοὶ
1517 507 1571 534 τῶν
1590 507 1662 534 ἰδίων
1681 507 1730 542 τῆς
1746 507 1849 541 φύσεως

1065 553 1170 579 παθῶν.
1185 553 1242 579 Νῦν
1255 553 1283 580 δὲ
1301 553 1349 579 τοῦ
1364 553 1450 587 Λόγου
1464 552 1613 587 γενομένου
1696 553 1745 579 ἀνθ
1751 553 1848 588 ρώπου,

1065 599 1112 625 καὶ
1131 598 1341 634 ίδιοποιουμένου
1355 598 1389 625 τὰ
1403 600 1453 634 τῆς
1468 599 1578 634 σαρκὸς,
1593 598 1685 626 οὐκέτι
1706 599 1793 626 ταῦτα
1807 600 1849 626 τοῦ

1067 642 1192 679 σώματος
1210 644 1324 671 ἆπτεται
1349 644 1394 671 διὰ
1404 645 1449 671 τὸν
1460 645 1490 670 ὲν
1506 644 1579 680 αὐτῷ
1595 645 1740 680 γενόμενον
1756 645 1848 679 Λόγον·

1065 688 1122 715 ἀλλ’
1136 689 1181 715 ὑπ’
1199 689 1282 716 αὑτοῦ
1295 689 1344 724 μὲν
1358 689 1495 725 ἀνήλωται
1515 705 1523 719 .
1599 689 1693 716 λοιπὸν
1710 690 1740 716 δὲ
1762 692 1787 717 οἱ
1808 692 1851 718 ἆν-

1068 733 1172 770 θρωποι
1191 735 1283 762 οὐκέτι
1303 735 1374 762 κατά
1393 735 1426 762 τὰ
1443 735 1497 762 ῐδια
1518 735 1591 771 πάθη
1615 735 1741 770 μένουσιν
1765 737 1853 772 ἁμαρ-

1066 779 1147 806 τωλοὶ
1159 780 1207 808 καὶ
1217 781 1320 816 νεκροὶ,
1336 780 1405 808 ἀλλὰ
1424 781 1496 809 κατὰ
1507 782 1557 816 τὴν
1574 781 1621 808 τοῦ
1640 782 1725 816 Λόγω
1739 782 1853 818 δύναμιν

1067 825 1242 858 ἀναστάντες,
1258 826 1387 853 ἀθάνατοι
1404 827 1451 854 καὶ
1466 827 1598 863 ἄφθαρτοι
1609 827 1654 854 ἀεὶ
1668 827 1850 864 διαμένουσιν.

1477 873 1526 908 τῆς
1542 874 1642 909 σαρκὸς
1654 875 1686 900 ὲκ
1697 874 1748 909 τῆς
1759 874 1853 901 Θεοπό-

1069 925 1116 944 κου
1130 917 1248 953 Μαρίας.
1266 918 1347 949 αὐτὸς
1366 918 1474 953 λέγεται
1493 919 1684 954 γεγεννῆσθαι,
1706 921 1721 947 ὁ
1734 921 1791 952 τοῖς
1809 920 1854 947 ἄλ-

1066 962 1124 995 λοις
1134 963 1242 998 γένεσιν
1253 964 1293 996 εἰς
1304 964 1334 991 τὺ
1345 962 1414 992 εἶναι
1428 964 1558 1001 παρέχων
1570 973 1577 980 '
1597 966 1640 992 ἵνα
1652 966 1703 1001 τὴν
1717 966 1798 1002 ἡμῶν
1816 968 1855 998 είς

1068 1009 1164 1036 ἑαυτὸν
1180 1010 1283 1046 μεταθῇ
1297 1010 1404 1045 γένεσιν
1422 1031 1430 1044 ,
1497 1012 1544 1038 καὶ
1559 1012 1658 1047 μηκέτι
1670 1012 1709 1044 ὡς
1727 1013 1764 1047 γῆ
1785 1013 1853 1048 μόνη

1067 1053 1143 1086 ὅντες
1162 1055 1202 1086 είς
1225 1055 1277 1091 γῆν
1299 1055 1470 1091 ἀπέλθωμεν,
1490 1055 1547 1083 ἀλλ’
1568 1056 1606 1088 ὡς
1628 1056 1668 1092 τῷ
1690 1057 1719 1089 ὲξ
1739 1058 1854 1093 οὐρανοῦ

1066 1099 1145 1136 Λόγῳ
1159 1101 1337 1135 συναφθέντες
1347 1122 1354 1134 ,
1371 1102 1411 1133 είς
1423 1102 1553 1138 οὐρανοὺς
1691 1103 1854 1138 ἁναχθῶμεν

1067 1147 1134 1182 παρ’
1150 1146 1243 1173 αὐτοῦ.
1257 1146 1362 1173 Οὐκοῦν
1377 1146 1448 1174 οὕτω
1461 1148 1507 1174 καὶ
1518 1147 1552 1174 τὰ
1566 1147 1635 1174 ἀλλα
1651 1148 1724 1184 πάθη
1739 1149 1787 1175 τοῦ
1803 1149 1854 1176 σώ-

1069 1199 1152 1226 ματος
1165 1191 1216 1217 οὐκ
1225 1191 1377 1224 ἀπεικότως
1392 1193 1432 1223 είς
1448 1192 1543 1219 ἑαυτὸν
1563 1192 1725 1228 μετέθηκεν·
1740 1193 1785 1220 ἶνα
1803 1203 1854 1229 μη-

1067 1236 1126 1263 κέτι
1142 1236 1180 1268 ὡς
1191 1237 1339 1274 ἄνθρωποι,
1357 1238 1413 1264 ἀλλ’
1428 1237 1465 1270 ὡς
1481 1238 1541 1265 ῐδιοι
1553 1238 1599 1265 τοῦ
1610 1238 1707 1272 Λόγου,
1722 1239 1774 1275 τῆς
1786 1241 1855 1267 αἰω-

1067 1281 1122 1309 νίου
1137 1281 1208 1318 ζωῆς
1224 1282 1413 1318 μετάσχωμεν.
1429 1284 1527 1310 Οὐκέτι
1539 1283 1594 1319 γὰρ
1605 1284 1675 1311 κατὰ
1689 1284 1739 1320 τὴν
1755 1285 1855 1320 προτέ-

1067 1334 1118 1362 ραν
1133 1326 1239 1361 γένεσιν
1263 1327 1291 1354 ὲν
1310 1327 1348 1362 τῷ
1370 1327 1454 1363 ’Δδὰμ
1473 1327 1681 1364 ἀποθνήσκομεν
1694 1336 1701 1343 ·
1717 1329 1786 1356 ἀλλὰ
1801 1329 1857 1356 λοι-

1067 1370 1118 1398 πὺν
1138 1373 1187 1407 τὴς
1209 1372 1342 1406 γενέσεως
1363 1372 1441 1408 ἡμῶν
1461 1373 1508 1400 καὶ
1530 1373 1622 1408 πάσης
1644 1374 1695 1408 τῆς
1720 1375 1856 1410 σαρκικῆς

1067 1417 1209 1450 ἀσθενείας
1231 1419 1432 1453 μετατεθέντων
1451 1420 1491 1451 εἰς
1512 1419 1559 1445 τὸν
1581 1419 1677 1453 Λόγον,
1691 1420 1858 1456 ὲγειρόμεθα

1065 1461 1119 1488 ἀπὸ
1134 1461 1185 1496 γῆς
1197 1480 1205 1494 ,
1226 1459 1355 1495 λυθείσης
1373 1460 1423 1495 τῆς
1446 1460 1479 1486 δι’
1500 1460 1638 1495 ἁμαρτίαν
1733 1462 1857 1496 κατάρας

1063 1507 1107 1533 διὰ
1123 1506 1169 1533 τὸν
1183 1507 1212 1532 ὲν
1229 1506 1296 1541 ἡμῖν
1313 1505 1383 1541 ὑπὲρ
1398 1505 1477 1541 ἡμῶν
1493 1506 1637 1540 γενόμενον
1650 1507 1793 1541 κατάραν·
1812 1507 1858 1534 καὶ

1064 1552 1178 1583 εἰκότως
1192 1560 1235 1585 γε.
1254 1551 1360 1586 ’Ὠσπερ
1376 1551 1431 1586 γὰρ
1444 1551 1476 1577 ὲκ
1489 1552 1542 1587 γῆς
1555 1551 1631 1582 ὄντες
1651 1552 1755 1583 πάντες
1776 1553 1806 1579 ὲν
1821 1552 1859 1587 τῷ

227 1593 455 1627 quemadmodum
469 1603 519 1624 nos
536 1603 642 1629 omnes,
656 1601 687 1624 ut
703 1596 749 1632 qui
767 1604 801 1624 ex
815 1601 887 1625 terra
900 1605 996 1625 sumus
1006 1619 1013 1632 ,

1071 1598 1156 1634 ’Λδὰμ
1169 1585 1378 1632 ἀποθνήσκομεν
1390 1617 1398 1629 ,
1415 1585 1506 1629 οὕτως
1520 1585 1632 1624 ’ἀνωθεν
1648 1597 1677 1629 ιε
1694 1597 1792 1629 ὕδατος
1813 1585 1860 1625 καὶ

226 1636 253 1662 in
274 1635 359 1664 Adam
375 1639 510 1667 morimur
530 1649 536 1668 :
560 1640 596 1668 ita
611 1648 643 1668 ex
658 1649 728 1676 aqua
744 1645 771 1668 et
791 1642 889 1676 spiritu
905 1649 1014 1670 sursum

226 1683 375 1715 regenerati
389 1703 396 1716 ,
415 1690 511 1712 omnes
529 1685 556 1712 in
573 1685 683 1713 Christo
699 1686 753 1713 vita
775 1686 921 1715 donamur.

327 1730 364 1758 Ut
389 1735 481 1759 autem
503 1732 660 1760 accuratius
678 1732 807 1768 cognosci
827 1732 915 1768 possit
936 1736 1017 1760 natu-

225 1784 284 1804 ram
300 1775 381 1805 Verbi
402 1777 457 1812 pati
477 1777 545 1804 nihil
561 1785 652 1813 posse,
675 1777 820 1813 carnisque
843 1778 1016 1805 inﬁrmitates

226 1827 334 1858 propter
345 1831 454 1851 carnem
470 1823 520 1858 ipsi
533 1823 654 1855 attribui,
669 1823 738 1850 haud
752 1824 831 1851 absre
844 1823 895 1850 erit
907 1823 1015 1851 beatum

225 1867 336 1896 Petrum
353 1869 448 1896 audire
463 1877 469 1895 :
486 1869 585 1903 dignus
601 1868 734 1904 siquidem
758 1869 835 1896 testis
854 1873 897 1896 est
916 1869 959 1896 cui
981 1868 1015 1895 de

227 1914 369 1941 Salvatorc
382 1914 480 1941 dicenti
497 1914 564 1941 ﬂues
586 1914 729 1941 habeatur.
754 1913 801 1941 Sic
820 1922 885 1950 ergo
907 1915 933 1941 in
951 1914 1014 1949 Epi-

226 1959 295 1987 stola
309 1959 422 1986 scribit:
437 1959 541 1986 Christo
555 1960 637 1994 igitur
652 1968 699 1994 pro
713 1959 786 1986 nobis
803 1967 881 1987 carne
896 1968 973 1994 pauo
991 1964 1013 1988 δ.

226 2004 343 2032 Proinde
354 2012 415 2032 cum
428 2005 533 2032 esurire
544 2005 643 2032 dicitur
654 2008 681 2032 et
692 2004 779 2037 sitire,
791 2004 927 2038 laborare,
940 2005 1017 2040 igno—

226 2058 298 2083 rare,
311 2050 441 2083 dormire,
456 2049 529 2082 ﬂere,
551 2049 700 2085 postulare,
717 2049 822 2085 fugere,
847 2053 935 2084 nasci,
952 2051 1018 2078 cali-

226 2103 284 2123 cem
295 2095 445 2130 deprecari,
456 2103 487 2122 ac
495 2095 611 2130 denique
621 2103 793 2131 quascunque
805 2096 896 2124 carnis
909 2096 1017 2131 propria

227 2146 300 2172 sunt,
313 2141 345 2168 de
353 2140 466 2176 singulis
477 2145 550 2168 recte
557 2141 608 2168 dici
620 2141 722 2176 possit:
734 2141 846 2169 Christo
857 2142 950 2176 igitur,
961 2149 1020 2170 car-

229 2194 263 2214 ne.
271 2195 320 2222 pro
330 2186 418 2219 nobis,
431 2186 569 2214 esuriente
580 2191 606 2214 et
618 2186 737 2219 sitiente,
749 2194 833 2222 seque
844 2188 971 2222 ignorare
981 2188 1019 2216 di-

229 2238 318 2261 cente.
333 2232 455 2267 colaphis
469 2239 551 2264 caeso,
561 2236 588 2259 et
608 2232 749 2260 laborante
760 2241 809 2268 pro
824 2233 903 2261 nobis
914 2241 996 2261 carne
1009 2242 1016 2261 :

226 2278 345 2305 exaltato
357 2279 431 2311 item,
444 2284 582 2311 nascente,
591 2283 743 2311 crescente,
757 2286 857 2313 carne;
870 2279 982 2307 timente
992 2284 1014 2308 et

1067 2288 1146 2325 ήμῶν
1163 2287 1264 2323 σαρκί·
1287 2287 1334 2314 καὶ
1353 2287 1390 2323 μὴ
1406 2287 1505 2313 ειδέναι
1518 2286 1644 2320 λέγοντος

224 2323 336 2356 latente,
345 2331 436 2358 carne;
446 2331 477 2351 ac
484 2323 729 2358 dicentesimiliter,
739 2323 770 2351 Si
776 2324 834 2359 ﬁeri
914 2330 996 2359 potest
1009 2346 1017 2359 ,

228 2375 344 2397 transeat
355 2379 371 2397 a
384 2378 425 2397 me
432 2369 559 2397 calixiste
575 2375 585 2391 I
593 2370 757 2405 ,vapulante
768 2375 795 2397 et
807 2370 959 2406 accipiente
969 2378 1018 2405 pro

228 2416 307 2443 nobis
318 2423 401 2443 carne
416 2425 422 2442 :
437 2415 464 2442 in
477 2415 582 2443 caeteris
606 2414 717 2443 demum
734 2415 871 2443 similibus
890 2416 942 2443 rite
955 2415 1018 2443 addi

228 2466 319 2497 queat,
334 2470 381 2496 pro
395 2462 468 2488 nobis
480 2470 568 2489 carne.
585 2461 689 2490 Idcirco
706 2463 779 2489 enim
795 2467 821 2489 et
835 2462 892 2497 ipse
903 2462 1018 2498 Aposto-

225 2507 272 2534 ~ius
282 2508 356 2539 dicit,
375 2506 481 2534 Christo
506 2508 588 2542 igitur
608 2515 698 2542 passo,
719 2515 774 2534 non
797 2508 954 2539 divinitate.
970 2508 1018 2535 sed

224 2559 276 2587 φνο
291 2553 364 2579 nobis
380 2560 468 2585 carne,
477 2558 507 2579 ut
521 2553 573 2579 illa:
584 2552 741 2580 affectiones
751 2560 803 2579 nou
814 2553 929 2588 propriae
937 2553 1018 2581 Verbi

223 2603 344 2631 .naturze,
367 2599 414 2626 sed
436 2599 528 2626 carnis
551 2603 648 2626 natura
670 2598 788 2634 propria:
813 2607 873 2626 esse
888 2607 1019 2634 agnosce-

225 2649 333 2672 rentur.
358 2644 463 2671 Nemini
485 2645 569 2680 igitur
589 2646 646 2672 lucc
670 2645 788 2672 humana
811 2645 866 2672 sint
881 2645 1017 2679 seandalo,

226 2690 276 2718 scd
291 2697 387 2717 omnes
402 2690 492 2724 potius
509 2697 691 2725 agnoscamus
708 2688 826 2716 Verbum
842 2690 950 2724 quidem
969 2698 1018 2726 pro

228 2741 334 2764 natura;
349 2744 405 2764 suae
421 2736 577 2764 conditione
594 2735 661 2762 nihil
675 2735 731 2770 pali
745 2743 836 2770 posse,
852 2737 898 2764 sed
910 2742 1019 2772 propter

1065 1644 1219 1679 πνεύματος
1236 1643 1483 1679 ἀναγεννηοέντες,
1511 1644 1540 1670 ἐν
1562 1643 1601 1678 τῷ
1622 1643 1733 1678 Χριστῷ
1758 1645 1860 1675 πάντες

1065 1689 1281 1724 ξωοποιούμεθα.

1166 1741 1226 1767 Ἵνα
1239 1740 1268 1766 δὲ
1279 1740 1327 1767 καὶ
1339 1739 1369 1766 τὸ
1386 1738 1490 1770 ἀπαθὲς
1502 1738 1551 1773 τῆς
1565 1737 1614 1764 τοῦ
1630 1737 1718 1770 Λόγου
1734 1736 1859 1771 φύσεως,

1065 1786 1173 1819 καὶτὰς
1192 1786 1236 1813 διὰ
1256 1786 1306 1821 τὴν
1328 1785 1416 1820 σάρκα
1436 1783 1582 1819 λεγομένας
1605 1782 1749 1814 ἀσθενείας
1772 1783 1859 1809 αὐτοῦ

1065 1831 1209 1867 γινώσκειν
1226 1839 1266 1862 τις
1282 1829 1475 1865 ἀκριϐέστερον
1490 1828 1540 1863 ἔχῃ
1556 1847 1565 1860 ,
1639 1825 1721 1852 καλὸν
1739 1825 1860 1851 ἀκοῦσαι

1064 1878 1111 1905 τοῦ
1127 1877 1262 1914 μακαρίου
1283 1876 1398 1911 Πέτρου·
1412 1874 1566 1907 ἀξιόπιστος
1585 1871 1639 1907 γὰρ
1662 1868 1742 1903 οὗτος
1757 1871 1860 1905 γένοιτ’

1064 1922 1097 1950 ἂν
1116 1922 1220 1958 μάρτυς
1234 1920 1298 1956 περὶ
1313 1920 1359 1947 τοῦ
1375 1919 1500 1954 Σωτῆρος
1511 1926 1517 1933 ·
1538 1917 1639 1952 γράφει
1657 1916 1748 1943 τοίνυν
1772 1918 1803 1942 ὲν
1824 1917 1859 1951 τῇ

1071 1967 1214 2003 Ἐπιστολῇ
1229 1967 1325 2001 λέγων·
1338 1965 1465 2001 Χριστοῦ
1545 1962 1602 1991 οὖν
1614 1963 1765 1996 παθόντος
1780 1963 1861 1996 ὑπὲρ

1067 2013 1151 2049 ἡμῶν
1169 2013 1269 2047 σαρκί.
1295 2011 1400 2039 Οὐκοῦν
1414 2011 1460 2038 καὶ
1478 2011 1541 2037 ὅταν
1558 2009 1670 2045 λέγηται
1686 2010 1793 2043 πεινᾷν,
1809 2009 1861 2035 καὶ

1067 2059 1147 2095 διψᾷν
1159 2079 1166 2091 ,
1182 2058 1230 2085 καὶ
1256 2058 1373 2093 κάμνειν
1385 2078 1394 2090 ,
1410 2056 1458 2083 καὶ
1483 2056 1520 2091 μὴ
1548 2054 1646 2081 ειδέναι
1661 2073 1668 2086 ,
1690 2054 1738 2080 καὶ
1760 2053 1863 2080 καθεύ-

1067 2105 1122 2131 δειν
1135 2123 1143 2135 ,
1221 2103 1269 2130 καὶ
1284 2102 1399 2135 κλαίειν,
1420 2101 1467 2128 καὶ
1491 2101 1587 2132 αἰτεῖν,
1604 2101 1651 2126 καὶ
1668 2099 1792 2134 φεύγειν,
1811 2099 1862 2125 καὶ

1066 2149 1223 2184 γεννᾶσθαι,
1234 2149 1281 2176 καὶ
1295 2146 1488 2183 παραιτεῖσθαι
1504 2145 1534 2172 τὸ
1550 2146 1690 2180 ποτήριον,
1701 2145 1750 2171 καὶ
1764 2144 1860 2176 ἀπ’.λῶς

1067 2195 1156 2223 πάντα
1174 2195 1209 2223 τὰ
1231 2195 1281 2230 τῆς
1301 2193 1401 2230 σαρκὸς
1414 2212 1422 2225 ,
1443 2193 1553 2228 λεχθείη
1579 2192 1611 2218 ἂν
1636 2190 1792 2223 ἀκολούθως
1816 2190 1859 2224 ἐφ’

1067 2242 1198 2269 ἑκάστουο
1217 2239 1336 2277 Χριστοῦ
1353 2237 1399 2267 οὖν
1416 2239 1562 2270 πεινῶντος
1581 2239 1629 2265 καὶ
1642 2237 1775 2273 διψῶντος
1788 2238 1864 2272 ὑπὲρ

1741 2285 1790 2311 καὶ
1810 2287 1864 2321 ῥα-

1068 2333 1217 2368 πιζομένου
1230 2353 1237 2365 ,
1255 2333 1303 2359 καὶ
1323 2333 1472 2368 κάμνοντος
1495 2332 1565 2367 ὑπὲρ
1587 2331 1664 2366 ἡμῶν
1689 2330 1791 2365 σαρκί*
1816 2330 1866 2357 καὶ

1067 2379 1220 2414 ὑψουμένου
1244 2378 1336 2411 πάλιν,
1363 2379 1409 2405 καὶ
1424 2377 1610 2412 γεννωμένου,
1634 2376 1681 2403 καὶ
1697 2376 1866 2408 αὑξάνοντος

1069 2425 1151 2461 σαρκί
1165 2433 1171 2440 ·
1194 2425 1242 2452 καὶ
1265 2423 1451 2459 φοϐουμένου,
1473 2422 1520 2449 καὶ
1540 2421 1728 2457 κρυπτομένου
1759 2422 1863 2457 σαρκί·

1067 2471 1115 2497 καὶ
1126 2470 1260 2505 λέγοντος,
1271 2471 1305 2497 Εἰ
1317 2469 1457 2499 δυνατὸν.
1472 2467 1642 2502 παρελθέτω
1653 2467 1703 2493 ἀπ’
1786 2468 1863 2502 ἐμοῦ

1067 2515 1100 2542 τὸ
1122 2513 1263 2548 ποτήριον
1283 2513 1389 2546 τοῦτο,
1411 2512 1460 2539 καὶ
1484 2511 1664 2546 τυπτομένου,
1683 2511 1731 2538 καὶ
1754 2511 1865 2547 lup.“-

1069 2568 1158 2592 νοντος
1189 2559 1259 2595 ὑπὲρ
1273 2558 1351 2594 ἡμῶν
1365 2557 1447 2593 σαρκί
1456 2566 1462 2573 ·
1481 2557 1527 2584 καὶ
1541 2557 1608 2588 ὅλως
1622 2556 1710 2583 πάντα
1721 2556 1758 2584 τὰ
1768 2557 1863 2585 τοιαῦ·

1067 2614 1104 2632 τα
1197 2605 1273 2639 ὑπὲρ
1300 2603 1386 2639 ἡμῶν
1402 2604 1503 2639 σαρκί.
1533 2604 1589 2630 Καὶ
1604 2604 1658 2639 γὰρ
1677 2603 1725 2630 καὶ
1746 2603 1831 2634 αὐτὸς
1849 2604 1864 2629 ό

1076 2651 1235 2683 Ἀπόστολος
1251 2650 1295 2677 διὰ
1310 2649 1383 2677 τοῦτ’
1400 2650 1504 2685 εῐρηκε,
1524 2650 1653 2684 Χριστοῦ
1672 2647 1729 2677 οὖν
1750 2650 1863 2677 ,παθόν-

1068 2705 1119 2729 τος
1138 2697 1175 2723 οὺ
1192 2697 1318 2730 θεότητι,
1333 2696 1403 2723 ἀλλ’
1419 2694 1496 2729 ὑπὲρ
1518 2694 1604 2729 ἡμῶν
1628 2695 1730 2728 σαρκὶ,
1754 2695 1799 2722 ἵνα
1823 2694 1863 2730 μὴ

1069 2742 1153 2769 αὐτοῦ
1168 2741 1215 2768 τοῦ
1234 2741 1321 2776 Λόγου
1339 2741 1392 2768 ίδια
1414 2741 1485 2768 κατὰ
1508 2739 1599 2775 φύσιν,
1624 2740 1683 2767 ἀλλ’
1707 2740 1794 2776 αὐτῆς
1809 2739 1863 2775 τῆς

267 2831 274 2845 ¹
291 2829 394 2857 .lt-rem.
410 2837 429 2863 ι,
443 2832 471 2858 5.
510 2829 520 2845 '
534 2828 601 2857 Luc.
619 2837 639 2863 I,
652 2828 697 2858 M.
734 2826 878 2861 ‘Bom.v,
897 2828 940 2856 Η.
979 2829 990 2846 ⁸
1007 2828 1014 2856 1

1068 2835 1103 2857 tr.
1120 2838 1156 2864 Iv,
1172 2831 1198 2858 i.
1237 2831 1247 2848 ⁸
1264 2830 1358 2858 Matth.
1379 2839 1452 2863 xxu,
1470 2830 1514 2859 59.
