1902 3078
63 161 120 205 te?)

562 176 751 208 PANOPLIA
771 175 1005 207 DOGMATICA.
1019 188 1052 194 --
1067 175 1144 206 Tl'l‘.
1162 175 1216 206 XI.

1643 176 1697 209 430

61 242 167 279 σαρκδς
184 242 239 269 ἴδια
264 241 344 277 φύσει
362 241 397 269 τά
419 241 493 278 πάθη
520 242 684 278 ἐπιγνωσθῇ.
703 242 749 278 Μὴ
764 242 853 270 τοίνυν

907 247 1016 269 carnem
1037 247 1119 276 quam
1143 239 1231 267 induit
1255 240 1307 267 ista
1327 239 1366 267 illi
1381 240 1505 273 attribui,
1521 241 1585 276 quia
1599 250 1697 278 nempe

59 289 96 315 ἐκ
110 288 166 315 τῶν
182 288 361 324 ἀνθρωπίνων
385 296 428 319 τις
447 286 680 320 σκανδαλιζέσθω,
696 287 764 314 ἀλλὰ
787 287 856 323 μᾶλ-

59 333 108 359 λον
123 333 292 367 γινωσκέτω,
313 333 351 364 ὡς
369 333 419 368 τὴν
439 332 520 366 φύσιν
533 332 614 364 αὐτὸς
639 332 653 358 ὁ
676 332 761 367 Λόγος
784 333 856 361 άπα-

62 378 116 412 θής
132 379 201 409 ἐστι,
221 379 267 405 καὶ
283 378 363 413 ὅμως,
435 377 471 404 δι’
486 378 519 413 ῆν
535 377 678 404 ἐνεδύσατο
696 378 794 413 σάρκα,
812 378 856 405 λέ.

61 431 144 456 γεται
177 423 238 458 περὶ
255 423 338 449 αὑτοῦ
359 423 464 455 ταῦτα,
491 423 584 458 ἐπειδὴ
606 423 657 458 τῆς
679 424 728 458 μὲν
752 423 855 459 σαρκὸς

62 469 120 495 ἴδια
136 469 234 501 ταῦτα,
247 469 294 496 τοῦ
308 469 336 496 δὲ
353 470 479 505 Σωτῆρος
493 469 557 496 ἴδιον
571 470 636 496 αὐτὸ
649 469 679 496 τὸ
693 469 781 504 σῶμα.
799 471 855 497 Καὶ

62 515 149 547 αὐτὸς
168 516 217 551 μὲν
232 515 341 551 ἀπαθὴς
363 515 412 551 τὴν
428 515 520 550 φύσιν,
542 516 580 547 ὠς
596 515 654 542 ἔστι
666 535 674 546 ,
759 515 854 551 διαμέ-

59 569 115 592 νει,
135 560 173 596 μὴ
195 560 382 596 βλαπτόμενος
399 561 452 589 ἀπὸ
478 561 591 592 τούτων,
608 560 676 588 ἀλλὰ
695 561 793 597 μᾶλλον
810 561 855 596 ἑξ-

60 606 206 645 αφανίςων
217 606 264 632 καὶ
279 606 420 633 ἀπολλύων
429 607 507 634 αὑτά·
516 607 541 633 οἱ
552 607 580 633 δὲ
591 607 740 642 ἅνθρωποι,
816 607 855 640 ὡς

61 653 104 683 εἰς
120 653 167 679 τὸν
189 652 283 688 ἀπαθῆ
308 652 483 688 μετασάντων
499 653 588 680 αὐτῶν
612 652 666 679 τῶν
693 653 785 680 ταθῶν
807 653 855 680 καὶ

60 692 289 727 άπηλειμμένων,
305 692 420 723 ἀπαθεῖς
432 692 479 718 καὶ
492 690 629 727 ἐλεύθεροι
645 691 746 719 τούτων
761 691 852 718 λοιπὸν

60 737 111 763 καὶ
127 737 205 764 αὐτοὶ
219 738 259 769 εἰς
269 738 332 769 τοὺς
342 737 443 768 αἰῶνας
457 736 605 771 γίγνονται,
622 736 714 768 καθὼς
735 737 853 771 ἐδίδαξεν

59 783 74 808 ὁ
98 782 226 818 Ἰωάννης
246 782 333 818 λέγων
346 791 354 798 ·
374 781 430 809 Kal
445 781 570 814 οῖδατεγ
582 781 627 808 ὅτι
648 781 764 815 ἐκεῖνος
781 782 853 817 ἐφα-

58 828 189 861 νερώθη,
210 827 261 855 Ira
280 827 335 861 τὰς
357 827 502 862 ἁμαρτιας
599 825 685 862 ἡμῶν
703 826 759 861 ἄρῃ
771 834 778 842 ·
803 827 852 854 καὶ

59 873 193 907 ἁμαρτία
206 873 241 900 ἐν
250 872 330 906 αὐτῷ
341 873 397 900 οὐκ
413 872 489 900 ἐστι.
506 871 608 899 Τούτου
625 871 654 899 δὲ
667 871 753 904 οὕτως
765 871 851 905 ὄντος,

59 919 113 945 οὐκ
129 918 273 953 ἐγκαλέσει
285 928 327 952 τις
341 919 489 955 αίρετικὺς,
498 918 548 945 Διὰ
561 919 587 945 τί
599 918 741 945 ἀνίσταται
751 919 768 954 ἡ
785 917 854 953 σὰρξ

60 965 145 998 φύσει
157 964 241 1001 θνητὴ
257 964 428 1000 τυγχάνουσα
444 971 452 996 ς

59 1011 106 1037 διὰ
123 1010 150 1037 τί
179 1011 216 1047 μὴ
241 1011 323 1038 πάλιν
348 1011 428 1046 πεινᾷ
450 1010 498 1037 καὶ
513 1010 587 1046 διψᾷ,
607 1009 655 1037 καὶ
678 1009 788 1045 πάσχει,
806 1009 854 1036 καὶ

61 1057 141 1092 μένει
158 1056 261 1092 θνητῆς
285 1057 332 1084 Ἐκ
345 1057 400 1093 γὰρ
415 1056 465 1092 τῆς
478 1056 532 1092 γῆς
545 1056 652 1091 γέγονε,
673 1056 762 1083 καὶτὸ
782 1056 853 1083 κατὰ

60 1101 146 1136 φύσιν
163 1102 221 1134 πῶς
235 1101 268 1129 ἂν
289 1103 335 1129 ἀπ’
351 1102 435 1138 αὐτῆς
449 1102 598 1132 mdo-ouo;
616 1101 773 1136 Δυναμένης
791 1101 852 1128 τότε

59 1147 113 1182 τῆς
133 1147 235 1183 σαρκὸς
248 1147 446 1183 ἀποκρίνεσθαι
534 1146 602 1182 πρὸς
622 1145 668 1172 τὸν
686 1145 758 1173 οὕτω
779 1145 852 1180 φιλό-

59 1202 154 1220 νεικον
167 1193 320 1229 αἰρετικόν·
333 1193 399 1228 Εἰμὶ
412 1193 461 1229 μὲν
473 1192 506 1219 ὲκ
518 1192 570 1228 γῆς
582 1192 653 1219 κατὰ
667 1191 746 1226 φύσιν
757 1191 851 1227 θνητὴ,

58 1239 121 1266 ἀλλ’
147 1239 260 1275 ὕστερον
288 1239 334 1266 τοῦ
361 1239 448 1273 Λόγου
466 1238 568 1273 γέγονα
592 1237 672 1274 σὰρξ,
698 1237 747 1275 καὶ
771 1237 852 1269 αὐτὸς

59 1284 197 1317 ὲδὰσταξέ
215 1268 222 1275 ’
286 1293 337 1320 μου
352 1284 387 1311 τὰ
401 1268 486 1320 seen,
500 1268 590 1311 {eam
602 1268 779 1319 ἀπαθὴςίῶνσ
796 1268 852 1317 ἐγω

58 1331 87 1358 δὲ
98 1331 201 1365 γέγονα
213 1329 315 1357 τούτων
329 1330 459 1366 ἐλευθέρα
472 1350 479 1363 ,
494 1329 545 1356 οὐκ
561 1328 694 1365 ἁφιεμένη
717 1328 852 1355 δουλεύειν

60 1376 102 1402 ἔτι
117 1376 223 1408 τούτοις
241 1376 286 1403 διὰ
310 1375 355 1401 τὸν
375 1372 598 1409 ὲλευθερώσαντά
619 1381 654 1408 με
675 1371 779 1408 Κύρων
799 1371 854 1398 ἀπὸ

59 1422 175 1449 τούτων.
190 1422 221 1448 Εἰ
234 1421 287 1458 γὰρ
302 1421 439 1456 ἐγκαλεῖς,
458 1420 498 1446 ὅτι
516 1420 565 1455 τῆς
578 1418 648 1446 κατὰ
665 1417 745 1452 φύσιν
763 1417 852 1454 ἀπηλ-

60 1467 148 1503 λάγην
163 1467 274 1503 φθορᾶς,
286 1466 336 1502 ὅρα
422 1465 458 1501 μὴ
473 1464 634 1499 ἐγκαλέσῃς,
650 1464 692 1490 ὅτι
704 1463 772 1490 ότοῦ
783 1460 850 1490 Θεοῦ

60 1513 147 1547 Λόγος
159 1513 209 1549 τὴν
224 1512 294 1548 ἐμὴν
304 1512 354 1548 τῆς
366 1511 487 1543 δουλείας
504 1510 584 1538 ἔλαϐε
598 1509 715 1545 μορφήν.
808 1509 852 1541 ὀς

908 287 966 314 Ιιιιιθ
981 287 1074 314 carnis
1086 286 1195 322 propria
1215 290 1280 313 sunt
1296 286 1440 321 ipsumque
1455 294 1556 322 corpus
1572 287 1696 316 Salvato-

907 331 946 358 ris
965 336 1008 358 est
1029 331 1182 366 proprium.
1199 329 1333 363 Quocirca
1358 330 1403 357 ille
1425 330 1545 365 quidem,
1561 332 1642 359 nullis
1662 340 1697 360 ex

908 381 1005 403 natura
1015 383 1064 404 sua
1077 376 1213 403 obnoxius
1221 375 1423 409 aﬂ‘ectionibus,
1439 376 1520 403 sicuti
1534 381 1575 403 est
1590 385 1697 412 perma-

907 426 963 455 net,
980 429 1030 449 nec
1045 422 1080 449 ab
1099 422 1141 449 his
1160 421 1276 454 laeditur,
1293 422 1339 448 sed
1355 429 1402 448 eas
1415 422 1506 456 potius
1521 422 1592 449 delet
1607 428 1634 450 et
1649 431 1697 450 cx-

907 468 1035 495 terminat
1057 477 1063 494 :
1093 467 1217 494 homines
1243 471 1343 498 autem,
1367 466 1433 501 ipsis
1459 467 1648 495 ati‘ectionihus
1668 469 1696 496 in

908 514 995 546 illum,
1010 513 1056 549 qui
1071 520 1164 540 earum
1178 520 1276 548 expers
1290 517 1341 544 est,
1355 513 1438 540 veluti
1454 513 1593 541 translatis
1609 520 1636 541 et
1649 515 1698 542 de-

908 559 980 593 letis,
998 560 1032 587 iis
1044 564 1072 587 et
1091 559 1143 594 ipsi
1165 558 1243 586 liberi
1267 559 1368 593 pariter
1389 558 1416 585 in
1439 563 1599 594 perpetuum
1615 560 1695 593 llunt,

907 605 1137 642 quemadmodum
1157 604 1200 632 his
1214 604 1304 632 verbis
1319 603 1439 631 Joannes
1455 604 1554 632 docet:
1573 604 1607 631 Et
1622 606 1696 633 scitis

908 651 978 687 quod
996 650 1040 677 ille
1054 649 1189 685 apparuit,
1201 654 1230 676 ut
1245 653 1353 684 peccata
1368 653 1459 676 nostra
1470 649 1582 681 tolle-rel,
1597 655 1622 678 et
1635 659 1698 686 pec.

902 692 1027 718 catumin
1040 699 1070 719 eo
1085 699 1135 718 non
1149 696 1189 719 est
1212 692 1232 718 ί.
1245 692 1311 726 Quae
1325 701 1386 721 cum
1402 694 1438 720 ita
1452 694 1610 726 sint,nullus
1623 700 1698 722 certe

907 737 985 765 locus
1006 738 1133 766 haeretico
1153 739 1317 774 relinquitur
1332 740 1384 768 hoc
1407 741 1488 768 modo
1503 742 1694 771 obtrectandi:

905 783 996 817 Quare
1005 791 1070 812 caro
1077 792 1138 820 qua
1151 790 1247 813 natura
1259 786 1382 814 mortalis
1390 791 1432 814 est
1445 786 1601 815 reviviscit?
1616 787 1696 821 Quod

906 831 929 856 si
945 829 1093 862 reviviseit,
1109 837 1160 857 cur
1175 837 1229 858 non
1249 831 1347 858 iterum
1361 832 1450 859 esurit
1466 836 1493 860 ct
1506 832 1573 864 sitit,
1587 838 1613 860 et
1624 833 1697 868 pali-

906 879 960 906 tur,
975 873 1153 910 mortalisque
1164 879 1256 903 manet
1266 883 1328 903 cum
1339 883 1372 904 ex
1386 881 1456 904 terra
1469 877 1506 905 sit
1521 877 1610 904 facta?
1623 877 1698 911 Quo-

906 921 988 948 modo
1005 928 1070 949 vero
1093 921 1167 957 quod
1195 921 1233 949 illi
1257 922 1381 950 naturale
1396 927 1438 950 est
1455 922 1490 950 ab
1504 930 1536 950 ea
1550 923 1696 951 discessit!

535 964 567 991 Εἰ
588 963 617 990 δὲ
639 964 687 991 καὶ
700 963 852 995 ἀνίσταται,

906 964 983 994 Tunc
996 967 1068 994 enim
1084 974 1148 995 caro
1165 967 1200 994 ad
1215 967 1372 1002 huiusmodi
1388 975 1521 1003 nugacem
1536 968 1697 997 haereticum

905 1017 998 1046 posset
1014 1013 1201 1048 respondere:
1217 1012 1273 1048 Ego
1292 1013 1402 1049 quidem
1425 1021 1458 1041 cx
1483 1018 1555 1041 terra
1573 1022 1632 1042 sum
1653 1022 1697 1042 se-

904 1058 1025 1086 cundum
1045 1063 1172 1086 naturam
1195 1058 1329 1090 mortalis.
1343 1058 1390 1086 sed
1414 1062 1508 1093 postea
1530 1057 1612 1086 Verbi
1631 1067 1697 1087 caro

905 1101 976 1130 facta
985 1109 1058 1134 sum,
1070 1102 1143 1138 quod
1153 1110 1229 1130 meas
1241 1102 1408 1135 ati‘ectiones,
1421 1103 1528 1130 tametsi
1539 1111 1634 1131 earum
1645 1111 1696 1131 ex-

904 1156 977 1182 pers,
995 1148 1124 1183 portavit,
1141 1148 1239 1184 hisque
1260 1149 1317 1183 ipsa
1338 1148 1422 1176 libera
1443 1148 1539 1176 elfecta
1557 1157 1630 1181 sum,
1646 1157 1697 1177 nec

902 1193 959 1228 jam
981 1193 1113 1228 deinceps
1130 1194 1184 1222 illis
1207 1194 1298 1221 servio
1319 1193 1354 1221 ob
1374 1193 1520 1221 Dominum
1535 1194 1582 1229 qui
1601 1201 1644 1222 me
1661 1194 1696 1222 ab

905 1239 999 1266 iisdem
1014 1239 1149 1267 liberavit.
1160 1238 1229 1266 Nam
1243 1239 1266 1267 si
1280 1246 1323 1266 me
1337 1239 1515 1274 reprehendis
1527 1239 1600 1274 quod
1611 1247 1631 1267 a
1646 1247 1696 1266 na-

904 1285 985 1313 turali
1005 1285 1180 1320 corruptione
1203 1285 1301 1313 l'uerim
1328 1284 1442 1312 liberata
1457 1293 1463 1311 :
1478 1284 1540 1312 vide
1559 1292 1593 1312 ne
1611 1284 1694 1312 etiam

904 1330 1096 1365 reprehendas,
1107 1331 1179 1365 quod
1190 1330 1238 1358 Dei
1253 1330 1371 1358 Verbum
1384 1337 1472 1358 meam
1487 1329 1625 1357 servitutis
1637 1330 1696 1357 for-

903 1383 975 1403 mam
989 1376 1134 1411 acceperit.
1155 1375 1191 1404 Ut
1206 1376 1278 1404 enim
1296 1375 1438 1407 Dominus,
1454 1375 1549 1403 induto
1566 1383 1692 1411 corpore,

904 1421 987 1449 homo
999 1427 1041 1450 est
1057 1422 1161 1454 iactus;
1176 1422 1213 1450 ita
1230 1429 1280 1450 nos
1296 1422 1420 1449 homines
1429 1429 1478 1457 per
1486 1421 1567 1449 Verbi
1580 1429 1692 1450 carnem

904 1467 1049 1502 assumpti,
1069 1467 1154 1494 divini
1175 1468 1210 1495 ab
1234 1475 1265 1496 eo
1286 1466 1429 1499 elﬁcimur,
1453 1471 1615 1502 aeternaeque
1630 1467 1694 1495 vita:

904 1511 1024 1540 haeredes
1048 1513 1075 1540 in
1091 1518 1230 1548 posterum
1246 1520 1353 1540 sumus.

59 1559 115 1595 γὰρ
125 1559 139 1585 ό
155 1557 452 1595 Κύριος,ὶνδυσάμενος
467 1556 498 1583 τὺ
511 1556 600 1591 σῶμα,
615 1556 726 1591 γέγονεν
742 1555 894 1591 ἄνθρωπος,
907 1556 995 1590 οὕτως
1010 1559 1090 1594 ἡμεῖς
1106 1559 1132 1585 οι
1155 1558 1294 1594 ἄνθρωποι
1311 1558 1386 1594 παρὰ
1402 1557 1449 1585 τοῦ
1473 1558 1559 1593 Λόγου
1584 1567 1614 1585 τι
1634 1557 1693 1586 θεο-

59 1605 213 1642 ’ποιούμεθα

58 1698 109 1724 ἐὰν
138 1696 238 1732 ῑδωμεν
268 1696 348 1723 αὑτὸν
367 1696 400 1722 δι’
416 1695 531 1731 ὀργάνου
559 1695 607 1722 τοῦ
636 1694 700 1721 ἰδίου
727 1693 854 1730 σώματος

60 1741 161 1773 θεῖκῶς
172 1741 323 1777 πράττοντά
347 1749 373 1767 τι
404 1741 421 1776 ἢ
446 1740 569 1774 λέγοντα,
593 1738 783 1774 γινώσκωμεν,
812 1739 853 1767 ὅτι

60 1786 128 1817 Θεὸς
138 1785 185 1817 ὢν,
202 1785 288 1812 ταῦτα
301 1784 457 1821 ἐργάζεται·
473 1785 519 1811 καὶ
532 1784 623 1816 πάλιν,
635 1783 682 1811 ἐὰν
699 1784 797 1819 ἴδωμεν
808 1783 854 1811 αὒ-

61 1831 107 1858 τδν
124 1830 302 1867 ἀνθρωπίνως
323 1830 493 1866 λαλοῦντα,ἢ
517 1830 667 1868 πάσχοντα,
689 1829 726 1866 μὴ
751 1829 854 1864 ἀγνοῶ-

63 1887 126 1914 μεν,
139 1879 181 1905 ὅτι
199 1878 287 1914 σάρκα
301 1877 391 1913 φορῶν
413 1878 522 1912 γέγονεν
548 1877 699 1912 ἄνθρωπος,
725 1876 771 1903 καὶ
783 1876 854 1903 οὕτω

62 1923 150 1951 ταῦτα
169 1925 240 1950 ποιεῖ
256 1924 304 1950 καὶ
318 1923 402 1950 λαλεῖ.
425 1923 555 1950 Ἐκάστου
568 1922 623 1958 γὰρ
648 1922 679 1948 τδ
694 1922 759 1949 ῐδιον
772 1922 854 1957 γινώ-

62 1977 182 2001 σκοντες,
194 1969 241 1996 καὶ
254 1969 395 2005 ἀμφότερα
407 1967 437 2001 ὲξ
448 1968 506 2000 ἐνὸς
519 1967 694 2003 πραττόμενα
707 1967 852 2002 βλέποντες

62 2014 110 2040 καὶ
122 2014 255 2047 νοοῦντες,
267 2014 354 2049 ὀρθῶς
369 2014 541 2048 πιστεύομεν,
557 2013 604 2040 καὶ
614 2013 664 2039 οὐκ
677 2013 709 2040 ἄν
787 2021 853 2041 ποτε

62 2058 301 2095 πλανηθησόμεθα.
324 2059 387 2086 Ἐάν
405 2058 434 2085 δέ
459 2067 511 2090 τις,
536 2057 634 2090 θεῖχῶς
660 2057 695 2084 τά
711 2058 787 2093 παρὰ
805 2057 852 2084 τοῦ

61 2105 149 2139 Λόγου
165 2105 295 2140 γινόμενα
309 2104 425 2140 βλέπων,
442 2104 593 2140 ἀρνήσηται
610 2103 641 2129 τὸ
663 2103 782 2139 σῶμα,ἢ
804 2103 851 2130 καὶ

58 2150 94 2177 τὰ
112 2150 159 2177 τοῦ
179 2149 304 2185 σώματος
336 2150 390 2177 ῐδια
413 2150 530 2185 βλέπων,
557 2149 710 2185 ἀρνήσηται
734 2148 783 2184 τὴν
802 2148 850 2175 τοῦ

58 2199 147 2232 Λόγου
235 2198 365 2234 ένσαρκον
380 2197 539 2234 παρουσίαν,
554 2196 570 2232 ἢ
591 2197 623 2223 ἐκ
643 2195 698 2222 τῶν
715 2195 852 2231 ἀνθρωπί-

59 2253 114 2271 νων
129 2244 244 2271 ταπεινὰ
255 2245 318 2280 περὶ
331 2243 379 2270 τοῦ
388 2244 473 2277 Λόγου
485 2243 607 2279 φρονήσῃ
621 2262 631 2276 ,
693 2243 708 2269 ὁ
720 2242 850 2274 τοιοῦτος,

57 2289 98 2322 ὡς
114 2290 165 2325 μὲν
185 2290 326 2322 Ἰουδαῖκδς
341 2289 461 2324 κάπηλος
485 2289 589 2324 μίσγων
615 2289 661 2315 τὸν
676 2286 746 2315 οἶνον
762 2288 849 2322 ὕδατι,

58 2334 208 2362 σκάνδαλον
233 2334 339 2369 νομίσει

59 2380 166 2416 μωρίαν
180 2380 312 2415 ἡγήσεται
324 2379 354 2405 τὸ
365 2380 507 2415 κήρυγμα,
522 2376 566 2406 οἷα
577 2379 609 2416 δὴ
625 2378 672 2406 καὶ
685 2380 710 2406 oi
724 2379 853 2416 θεομάχοι

67 2426 202 2461 ’Δρειανοὶ
214 2425 373 2453 πεπόνθασι.
400 2425 440 2452 Τὰ
460 2425 514 2462 γὰρ
533 2425 691 2462 ἀνθρώπινα
709 2426 853 2462 βλέποντες

59 2471 109 2498 τοῦ
127 2471 253 2508 Σωτῆρος
280 2471 408 2507 ἐνόμισαν
422 2472 503 2500 αὐτὸν
527 2470 597 2499 εἶναι
616 2473 730 2508 κτίσμα.
747 2473 853 2500 Οὐκοῦν

61 2518 116 2545 ἔδει
131 2518 177 2545 καὶ
191 2517 225 2544 τὰ
244 2517 323 2544 θεῖκὰ
338 2517 486 2553 βλέποντας
510 2518 609 2550 αὐτοὺς
635 2518 704 2554 ἔργα
728 2518 775 2545 τοῦ
801 2519 853 2546 Λό-

60 2571 112 2598 γου
131 2581 139 2592 ,
213 2563 382 2599 ἀρνήσασθαι
398 2563 446 2590 τοῦ
472 2563 597 2598 σώματος
612 2563 694 2590 αὐτοῦ
709 2563 758 2599 τὴν
774 2562 852 2597 γένε-

62 2617 121 2640 σιν,
152 2609 199 2636 καὶ
222 2609 315 2636 λοιπὸν
343 2609 390 2636 καὶ
410 2609 574 2645 Μανιχαίοις
597 2609 711 2641 ἑαυτοὺς
736 2617 855 2643 συγκατ-

61 2654 125 2690 αριθ
129 2656 199 2690 μεῖν.
215 2655 284 2682 Ἀλλ’
296 2656 394 2682 ἐκεῖνοι
410 2655 460 2691 μὲν
477 2655 529 2682 κᾶν
539 2655 588 2690 ὀψέ
602 2664 668 2682 ποτε
751 2654 854 2690 μανθα-

61 2701 195 2734 νέτωσαν,
217 2701 258 2728 ὅτι
280 2701 391 2736 όΛόγος
417 2701 486 2737 σὰρξ
512 2702 629 2736 ἐγένετο
645 2703 729 2737 ἡμεῖς
742 2701 781 2734 δὲ,
809 2701 853 2728 τὸν

61 2747 164 2774 σκοπὸν
174 2748 224 2782 τῆς
244 2747 359 2780 πίστεως
381 2747 496 2783 ἔχοντες.
519 2746 745 2783 ὲπιγινώσκωμεν
836 2747 854 2774 ἃ

59 2792 228 2821 διανοοῦνται
243 2790 316 2820 οὗτοι
332 2793 436 2828 κακῶς,
450 2793 534 2830 ὀρθὴν
546 2793 642 2829 ῑχοντα
655 2793 704 2829 τὴν
722 2793 853 2821 διάνοιαν.

105 2876 113 2892 ¹
131 2875 141 2903 1
156 2874 235 2904 Joan.
251 2883 292 2910 In,
307 2875 334 2904 5.
371 2876 381 2892 ¹
395 2875 448 2904 lsa.
463 2883 482 2909 ι,
496 2874 543 2902 22.
583 2876 593 2892 ³
609 2876 619 2903 l
636 2875 734 2908 σοι-γι,
748 2876 793 2904 23.

310 1604 529 1641 προσληφθέντες
555 1603 598 1630 διὰ
620 1603 670 1639 τῆς
692 1602 793 1639 σαρκὸς
811 1602 905 1636 αὑτοῦ.
921 1605 968 1632 καὶ
984 1605 1076 1632 λοιπὸν
1091 1605 1163 1642 ζωὴν
1174 1604 1283 1632 αἰώνιον
1300 1604 1533 1641 κληρονομοῦμεν.

226 1650 320 1678 Ταῦτα
344 1650 503 1684 ἀναγκαίως
534 1648 771 1685 προεξητάσαμεν,
796 1648 851 1682 ῑνα,
864 1660 884 1687 C

992 1650 1054 1679 llaec
1065 1652 1183 1686 primum
1192 1651 1342 1686 expendere
1355 1657 1468 1678 necesse
1485 1650 1546 1684 fuit,
1557 1655 1585 1678 ut
1597 1650 1620 1678 si
1639 1650 1692 1678 Do-

900 1695 1005 1723 minum
1016 1695 1176 1729 viderimus,
1193 1696 1236 1723 sui
1251 1695 1374 1731 corporis
1388 1696 1579 1729 instrumento,
1589 1696 1691 1731 aliquid

899 1740 990 1768 divine
1001 1746 1124 1777 agentem
1134 1742 1331 1773 autdicentem,
1340 1741 1545 1769 meminerimus
1553 1749 1616 1769 eum
1627 1750 1689 1769 cum

900 1783 971 1814 Deus
981 1786 1026 1819 sit,
1039 1786 1090 1814 ista
1100 1786 1214 1814 efﬁcere.
1230 1786 1257 1813 Si
1267 1793 1331 1813 vero
1345 1793 1440 1813 rursus
1455 1785 1581 1813 eumdem
1595 1786 1692 1814 videri-

904 1840 966 1859 mus
973 1833 1092 1859 humano
1103 1840 1178 1860 more
1186 1832 1260 1868 loqui
1268 1837 1295 1860 et
1303 1832 1429 1867 pati,non
1438 1832 1594 1866 ignoremus
1602 1832 1688 1862 illum.

903 1878 1102 1912 wneindula,
1114 1877 1215 1906 factum
1233 1886 1294 1906 esse
1314 1878 1464 1910 hominem,
1484 1877 1578 1912 sicque
1596 1877 1640 1904 illa
1663 1882 1690 1905 et

903 1931 983 1958 agere
994 1923 1111 1958 etloqui.
1123 1923 1152 1951 Si
1163 1923 1235 1950 enim
1251 1923 1325 1958 quod
1343 1923 1485 1958 utriusque
1498 1924 1636 1959 proprium
1647 1927 1690 1951 est

903 1969 1141 2004 perceperimus,et
1147 1976 1162 1995 ιι
1167 1973 1262 2002 traque
1268 1967 1303 1995 ab
1312 1974 1368 1994 uno
1375 1967 1418 2003 agi
1428 1968 1690 1998 consideraveriunis

903 2019 930 2042 et
938 2014 1162 2046 intellexerimus,
1171 2018 1245 2041 recta
1251 2013 1374 2048 profecto
1381 2013 1433 2042 erit
1442 2014 1509 2042 ﬁdes
1523 2019 1627 2048 nostra,
1639 2022 1690 2042 nec

903 2067 1022 2094 unquam
1032 2058 1153 2087 futurum
1165 2063 1207 2087 est
1218 2063 1247 2086 ut
1261 2066 1395 2087 erremus.
1406 2058 1471 2086 Διῆί
1487 2059 1560 2094 quis,
1577 2059 1620 2087 his
1628 2068 1690 2095 qua:

901 2113 916 2132 ιι
927 2103 1017 2132 Verbo
1028 2105 1119 2132 divine
1131 2105 1200 2132 liunt
1211 2105 1376 2140 conspectis,
1389 2104 1448 2139 ejus
1459 2111 1559 2139 corpus
1573 2112 1690 2140 negave-

904 2150 942 2177 rit
958 2159 964 2177 :
984 2150 1026 2178 vel
1043 2150 1066 2178 si
1081 2158 1113 2178 ea
1135 2158 1195 2186 quae
1207 2150 1330 2185 corporis
1354 2149 1461 2185 propria
1481 2155 1545 2177 sunt
1562 2150 1688 2184 intuitus.

901 2204 1062 2232 corporeum
1175 2195 1254 2224 Verbi
1269 2196 1416 2224 adventum
1431 2204 1516 2224 ausus
1530 2196 1611 2224 fuerit
1626 2197 1687 2225 inii-

901 2241 980 2274 ciari,
992 2246 1040 2268 aut
1053 2249 1085 2268 cx
1102 2241 1229 2268 humanis
1251 2241 1335 2276 gestis
1349 2241 1454 2276 abjecte
1475 2241 1509 2269 de
1522 2240 1611 2269 Verbo
1625 2250 1692 2270 scn-r

901 2287 977 2322 serit,
988 2287 1034 2315 isti
1051 2295 1105 2314 non
1118 2295 1198 2316 secus
1208 2295 1240 2315 ac
1251 2287 1366 2315 Judaico
1377 2287 1505 2322 cauponi,
1519 2288 1611 2316 vinum
1624 2297 1688 2317 eum

438 2333 482 2360 τὸν
500 2333 625 2368 σταυρὸν,
644 2333 682 2364 ὡς
697 2332 725 2359 δὲ
740 2333 849 2370 Ἕλλην,

903 2341 974 2368 aqua
991 2333 1116 2361 miscenti
1136 2334 1158 2366 ‘,
1170 2341 1235 2361 crux
1245 2333 1402 2361 scandalum
1415 2334 1475 2365 erit,
1486 2334 1611 2369 idemque
1623 2343 1688 2370 gen-
1735 2373 1738 2376 _

897 2380 939 2409 t'rli
948 2379 1057 2412 similis,
1066 2378 1283 2414 praedicationem
1295 2378 1439 2407 stultitiam
1449 2385 1510 2406 esse
1517 2376 1640 2406 censebit
1665 2379 1687 2408 ³.

897 2425 972 2459 quod
985 2425 1040 2461 jam
1053 2424 1100 2453 Dei
1113 2424 1239 2453 hostibus
1249 2424 1359 2452 Arianis
1371 2425 1481 2459 accidit,
1497 2425 1544 2460 qui
1556 2425 1689 2452 nimirum

897 2473 933 2501 ob
957 2472 1093 2500 humanos
1118 2470 1268 2499 Salvatoris
1289 2475 1378 2505 actus,
1398 2476 1523 2499 creatum
1541 2479 1604 2506 eum
1619 2478 1690 2501 .esse

898 2518 1022 2545 arbitrati
1041 2522 1114 2546 sunt.
1134 2517 1234 2551 Quidni
1254 2517 1337 2553 igitur
1351 2517 1435 2546 etiam
1453 2517 1489 2545 ob
1504 2512 1597 2545 divina
1614 2514 1689 2545 illius

897 2572 991 2600 opera,
1007 2566 1068 2599 ejus
1089 2564 1212 2600 corporis
1232 2564 1451 2599 procreationem
1471 2564 1630 2599 negaverint
1645 2571 1689 2591 se-

897 2606 981 2645 seque
995 2610 1122 2645 deinceps
1141 2609 1298 2638 Manichazis
1313 2609 1507 2645 adjunxerint?
1523 2607 1622 2637 Verum
1643 2608 1688 2636 vel

897 2656 992 2684 saltem
1004 2664 1065 2684 sero
1081 2656 1119 2684 illi
1132 2656 1241 2692 quidem
1250 2656 1358 2684 discant
1367 2655 1487 2684 Verbum
1503 2662 1613 2682 carnem
1625 2661 1688 2682 esse

897 2701 997 2730 factum
1014 2712 1021 2730 :
1040 2710 1090 2731 nos
1104 2707 1194 2731 autem
1212 2702 1273 2730 ﬁdei
1289 2710 1403 2737 scopum
1423 2702 1583 2735 retinentes,
1600 2707 1687 2736 agno—

895 2756 1006 2776 scamus
1019 2756 1126 2781 eorum,
1139 2756 1199 2784 quae
1208 2748 1323 2776 maleilli
1332 2747 1497 2783 intelligunt,
1510 2750 1613 2775 rectam
1625 2752 1686 2773 esse

895 2794 1130 2831 signiﬁcationem.
1139 2793 1207 2822 Nam
1220 2794 1278 2822 hac
1292 2794 1374 2827 dicta,
1387 2792 1469 2820 Pater
1482 2791 1573 2826 diligit
1581 2790 1684 2819 Filium
