1902 3078
223 133 269 166 Cll

815 132 978 164 EUTHYM
985 133 1012 164 ll
1039 133 1216 165 ZIGABENI

1805 137 1849 169 43?.

222 207 247 228 et
260 200 350 228 omnia
362 199 435 227 dedit
450 199 476 227 in
490 207 570 226 manu
585 198 642 234 ejus
665 197 676 213 ’¹
690 206 697 231 ς
711 202 748 230 et,
766 197 863 226 Omnia
881 198 946 225 mihi
958 204 994 226 ma

1067 197 1104 224 T6
1118 197 1183 233 γὰρ.
1199 198 1226 225 '0
1240 199 1342 234 Πατηρ
1360 197 1462 235 ἀγαπᾷ
1479 199 1534 227 τὸν
1563 200 1642 235 Υιὸν,
1670 201 1719 229 καὶ
1759 202 1849 231 πάντα

188 258 195 263 τ
223 247 279 273 dita
293 251 354 273 sunt
362 255 378 273 a
388 246 470 273 Patre
481 253 536 272 meo
557 246 583 278 ';
596 249 633 278 et,
644 243 705 271 Non
715 251 822 279 possunt
833 252 879 280 ego
888 252 904 270 α
916 245 1014 278 meipso

222 292 308 326 [ntere
327 292 480 328 quidquam,
492 291 538 318 sed
558 292 626 317 sicut
643 290 734 323 audio,
749 290 842 325 judico
869 294 889 323 ³,
905 290 1014 326 aliaque

222 339 248 366 id
266 346 531 374 genusnequaquam
545 337 736 365 demonstrant
751 336 851 364 Filium
864 337 1014 372 aliquando

221 385 273 412 ista
285 393 338 412 non
353 385 491 413 habuisse.
581 383 633 417 Qui
651 383 724 410 enim
744 383 802 411 ﬁeri
821 383 918 418 possit,
938 388 968 411 ut
980 390 1013 411 ea

221 439 281 466 qua:
294 430 375 458 Pater
390 431 480 462 habet.
494 430 538 457 ille
558 437 612 457 non
628 437 736 465 semper
751 429 889 463 habuerit,
904 430 951 465 qui
966 437 1012 457 so-

221 477 263 504 lus
278 480 375 504 natura
391 475 509 503 Verbum
530 480 557 503 et
581 475 722 510 Sapientia
743 473 833 502 Patris
849 479 892 503 est
908 484 914 501 :
931 474 1011 510 cujus

220 524 284 551 item
301 524 357 551 haec
374 528 439 551 sunt
452 523 550 550 verba:
567 522 665 550 Omnia
679 529 739 558 quia
754 521 831 549 habet
847 521 941 552 Pater.
954 530 1012 549 mea

219 574 280 597 sunt
297 576 320 603 ι,
332 574 369 602 et,
382 577 443 604 quae
465 577 525 596 mea
546 573 621 601 sunt,
638 568 727 596 Patris
740 570 821 596 etiam
839 571 905 596 sunt
930 567 964 594 ‘1
981 567 1011 595 Si

218 614 291 642 enim
305 623 366 650 qua?
386 614 476 642 Patris
495 619 570 646 sunt,
592 618 657 642 sunt
675 621 784 649 quoque
806 613 880 646 Filii,
900 614 1011 648 haecque

219 659 418 695 semper'Pater
435 660 526 693 habet,
546 660 722 695 perspicuum
737 667 804 688 sane
828 663 881 693 est,
903 667 934 687 ea
949 666 1012 695 quae

217 705 304 734 Filius
318 706 408 739 habet,
425 714 487 734 cum
503 705 598 733 eadem
615 705 669 733 sint
685 704 786 738 Patris,
798 713 906 740 semper
921 705 949 732 in
962 704 1010 732 illo

215 759 287 779 esse.
304 750 363 778 Non
379 751 462 787 igitur
477 751 529 778 ista
543 751 789 783 commemorabat,
804 750 886 786 quasi
903 757 935 778 ea
954 749 1008 777 ali-

216 795 327 830 quando
344 803 397 823 non
411 795 536 823 habuerit
551 804 559 823 :
572 795 619 823 sed
634 795 707 830 quod
719 795 815 829 Filius,
832 795 878 831 qui
896 802 929 822 ea
946 802 1009 830 quae

210 841 307 874 habet,
326 849 432 876 semper
446 841 536 873 habet,
553 841 612 876 ipsa
627 848 644 868 a
658 840 739 868 Patre
751 840 841 868 habet.

307 887 348 915 Ne
361 888 423 923 quis
437 887 510 915 enim
522 887 621 914 Filium
637 887 731 933 omnia
744 887 902 933 qiuaerhabot
914 885 1005 919 Pater,
1023 905 1043 933 Β

1066 243 1195 271 δέδωκεν
1210 245 1245 272 ἐν
1257 245 1294 280 τῇ
1308 246 1384 281 χειρὶ
1413 247 1518 274 αὐτοῦ’
1539 247 1586 274 καὶ
1611 248 1652 281 τὺ,
1680 248 1781 275 Πάντα
1806 258 1849 284 μοι

1067 290 1216 325 παρεδόθη
1229 291 1289 319 ὑπὸ
1301 292 1354 319 τοῦ
1366 293 1482 327 Πατρός
1502 302 1572 328 μου·
1592 294 1639 321 καὶ
1654 293 1694 326 16,
1709 296 1750 322 οὑ
1766 295 1849 322 δύνα-

1063 344 1117 370 μαι
1127 336 1185 372 ἐγὼ
1201 337 1298 364 ποιεῖν
1307 338 1359 366 ἀπ’
1369 338 1500 373 ἐμαυτοῦ
1515 339 1606 367 οὐδέν
1617 347 1625 356 ’
1681 351 1684 353 τ
1695 341 1775 368 ἀλλὰ
1789 344 1849 369 καθ-

1065 381 1106 414 ὼς
1127 383 1235 415 ἀκσύω,
1253 385 1356 418 κρίνω·
1374 386 1422 412 καὶ
1453 386 1503 412 ὅσα
1518 385 1634 413 τοιαῦτά
1652 386 1710 414 ἐστι
1729 388 1809 423 ῥητὰ,
1824 389 1850 414 οὗ

1062 428 1093 454 16
1109 429 1146 464 μὴ
1163 429 1309 465 ἐσχηκέναι
1323 431 1389 457 me
1406 431 1452 458 16v
1465 431 1529 458 Υἱδν
1546 432 1633 459 ταῦτα
1646 432 1776 460 δείκνυσι.
1796 433 1850 464 Πῶς

1062 472 1116 509 γὰρ
1127 473 1145 500 ἃ
1157 473 1213 509 ἔχει
1225 475 1239 501 ό
1256 475 1362 511 Πατὴρ,
1382 476 1432 502 οὐχ
1449 474 1521 512 εἶχεν
1549 477 1642 510 ἀῐδίως
1666 479 1680 504 6
1701 479 1781 514 μόνος
1797 480 1850 505 κατ’

1061 518 1155 545 οὐσίαν
1169 518 1216 545 τοῦ
1234 519 1340 555 Πατρὸς
1351 520 1438 555 Λόγος
1453 522 1501 548 καὶ
1511 522 1607 556 Σοφία,
1626 524 1640 549 6
1745 524 1794 550 καὶ
1814 523 1850 549 λέ-

1060 571 1118 598 γων
1128 571 1134 578 '
1149 563 1251 591 Πάντα
1261 564 1320 592 ὅσα
1333 565 1397 599 ἔχει
1411 568 1428 593 ό
1440 566 1552 601 Πατὴρ,
1570 567 1626 602 ἐμά
1644 567 1724 595 ἐστι·
1740 568 1799 600 καὶ,
1819 567 1849 594 τὰ

1060 608 1115 644 ὲμὰ
1128 609 1175 636 τοῦ
1193 610 1300 647 Πατρός
1324 611 1413 644 ὲστιν;
1434 611 1466 638 Εἰ
1479 613 1533 648 γὰρ
1555 612 1590 639 τὰ
1618 612 1666 639 τοῦ
1690 613 1797 649 Πατρὺς
1808 612 1849 640 τοῦ

1059 655 1126 683 Υῑοῠ
1142 656 1280 689 ὲστιν,ἁεὶ
1303 657 1332 683 δὲ
1354 657 1442 684 ταῦτα
1462 658 1519 693 ἔχει
1539 659 1554 685 6
1579 659 1686 694 Πατὴρ,
1778 661 1851 693 δῆλον

1059 702 1100 729 ὅτι
1116 701 1134 729 ἃ
1151 702 1207 737 ἔχει
1224 703 1238 729 6
1251 702 1326 736 Υἱὸς,
1346 702 1434 731 ταῦτα
1450 704 1515 731 ὄντα
1529 703 1576 731 τοῦ
1592 705 1710 741 Πατρδς,
1720 705 1764 731 ἀεί
1780 705 1850 731 ἐςτιν

1058 747 1088 774 ἐν
1099 747 1183 783 αὐτῷ.
1201 748 1238 774 Οὐ
1261 747 1306 775 διὰ,
1324 748 1354 779 16
1372 749 1410 785 μὴ
1435 749 1581 785 ἐσχηκέναι
1606 749 1654 777 οὖν
1677 759 1743 777 ποτε
1767 750 1851 776 ταῦτα

1058 793 1160 828 ἔλεγεν·
1176 794 1234 821 ἀλλ’
1244 791 1345 829 δ’ἔχων
1359 795 1451 828 ἀῖδίως
1470 797 1484 822 ό
1496 796 1561 828 Υἱὸς
1580 795 1599 823 ἃ
1619 795 1690 832 ἔχει,
1778 795 1850 831 παρὰ

1057 838 1104 865 τοῦ
1118 838 1226 874 Ιιατρὸς
1243 838 1309 874 ἔχει.

1170 885 1228 912 Ἵνα
1252 885 1307 921 γὰρ
1331 885 1368 921 μή
1390 894 1442 919 τις,
1469 886 1575 921 βλέπων
1598 887 1645 914 16v
1670 887 1735 914 Υἱὸν
1759 887 1852 922 ἔχοντα

209 933 316 962 habere
333 933 498 968 intelligens,
512 940 546 960 ex
554 940 666 960 summa
682 931 727 960 illa
745 932 934 965 similitudine,
947 939 994 966 qua

1062 930 1146 957 πάντα
1178 931 1227 957 ὅσα
1253 930 1309 966 ἔχει
1335 931 1349 957 6
1375 931 1480 968 Πατὴρ,
1500 934 1533 959 ὲκ
1561 933 1611 968 τῆς
1641 933 1851 968 ἀπαραλλάκτου

212 980 388 1016 absque‘adla
405 985 446 1008 est
462 970 631 1013 diﬁ‘erentia,
649 983 676 1007 et
688 986 722 1007 ex
737 979 888 1012 identitate,
909 982 938 1006 ut
954 978 1007 1006 hoc

213 1027 297 1054 verbo
318 1032 390 1060 utar,
412 1033 589 1061 eorum-quae
606 1025 697 1059 habet,
717 1032 751 1053 eo
775 1024 923 1060 impietatis
942 1031 1006 1051 cum

206 1071 334 1100 'Sabellio
351 1079 449 1099 errans
463 1071 613 1104 deveniret,
627 1075 656 1098 ut
667 1071 756 1106 ipsum
768 1078 830 1098 esse
842 1070 949 1098 Patrem
962 1077 1005 1097 ar-

213 1117 381 1145 bitraretur:
398 1117 501 1144 idcirco
525 1116 569 1144 his
581 1120 623 1143 est
644 1116 854 1149 usus'vocihus,
875 1115 947 1142 Data
963 1120 1001 1143 est

212 1163 278 1190 mihi
304 1167 324 1197 ',
334 1163 424 1198 accepi
435 1168 456 1196 ⁷,
472 1163 574 1190 tradita
585 1166 646 1190 sunt
658 1162 722 1188 mihi
734 1163 799 1195 ',-ut
813 1162 838 1189 id
852 1161 942 1189 solum
958 1168 1001 1189 os-

212 1209 398 1242 tenderetyse
416 1208 542 1236 videlicet
561 1207 670 1235 Patrem
685 1215 740 1235 non
755 1214 827 1239 esse,
845 1207 891 1234 sed
908 1206 1003 1234 Patris

211 1252 332 1281 Verbum
350 1259 538 1288 aeternumque
551 1260 612 1281 esse
625 1252 736 1286 Filium,
747 1252 838 1287 quiob
848 1259 925 1279 suam
941 1251 1002 1286 qui-

210 1299 271 1328 dem
288 1307 350 1328 cum
369 1299 449 1328 Patre
463 1299 670 1328 similitudinem
684 1305 791 1334 semper
802 1298 883 1326 habet
897 1305 959 1333 qua:
970 1296 1004 1324 ab

210 1354 243 1375 eo
261 1347 357 1381 habet;
372 1347 436 1382 quia
451 1354 516 1374 vero
532 1346 619 1374 Filius
631 1346 702 1373 idem
716 1345 774 1380 ipse
789 1349 840 1379 est,
855 1345 957 1372 ideirco
969 1351 1003 1371 ex

209 1391 291 1420 Patre
312 1392 394 1419 habet
416 1399 477 1427 quae
501 1398 609 1426 semper
636 1391 727 1418 habet.
749 1389 827 1422 Quod
850 1389 923 1417 enim
945 1388 1003 1416 haec

210 1438 304 1472 verba,
320 1438 386 1465 data
404 1442 455 1470 est,
473 1437 575 1464 tradita
596 1441 668 1468 sunt,
683 1435 791 1470 aliaque
809 1434 920 1467 similia,
933 1432 1001 1460 .Fih'i

209 1484 380 1512 divinitatem
402 1490 455 1510 non
467 1483 604 1514 minuant,
624 1481 671 1510 sed
689 1482 781 1516 potius
800 1487 862 1508 eum
877 1487 940 1508 vere
957 1479 1002 1506 Fi-

210 1531 277 1558 lium
289 1537 350 1557 esse
366 1533 527 1564 argumento
541 1529 609 1560 sint,
628 1535 660 1555 ex
678 1527 774 1555 iisdem
793 1527 847 1554 illis
859 1526 1002 1554 vocabulis

1055 976 1214 1012 ὁμοιότητος
1236 977 1284 1003 κα).
1307 977 1472 1013 ταυτότητος
1561 975 1600 1005 ὧν
1617 978 1684 1014 ἔχει,
1706 978 1853 1014 ulmi-.051;

1054 1021 1127 1050 κατὰ
1140 1022 1284 1050 Σαόέλλιον
1308 1023 1444 1060 ὰσεὸήσῃ,
1468 1025 1583 1060 νομίσας
1605 1024 1689 1052 αὑτὸν
1718 1023 1790 1051 εἶναι
1809 1024 1852 1051 16v

1056 1067 1176 1104 Πατέρα·
1196 1067 1241 1094 διὰ
1250 1068 1328 1094 τοῦτο
1349 1068 1391 1101 16,
1411 1068 1580 1111 ἐδόθηῖμοι,
1607 1070 1656 1097 καὶ
1668 1070 1709 1102 16,
1729 1070 1852 1103 ἔλαϐον,

1053 1114 1103 1139 καὶ
1119 1113 1160 1146 16,
1177 1113 1329 1148 παρεδόθη
1412 1123 1475 1148 μοι,
1491 1115 1601 1150 εἴρηκεν
1620 1116 1692 1151 ὑπὲρ
1707 1116 1757 1142 τοῦ
1773 1117 1853 1152 μόνον

1055 1158 1140 1192 δεῖξαι
1152 1160 1193 1186 ὃτι
1203 1159 1254 1186 οὐκ
1266 1159 1338 1186 ἐστιν
1351 1160 1432 1192 αὐτὸς
1446 1162 1460 1188 6
1477 1161 1582 1196 Πατὴρ,
1597 1162 1666 1189 ἀλλὰ
1686 1162 1734 1189 τοῦ
1747 1163 1854 1198 Πατρὺς

1055 1205 1070 1231 6
1084 1205 1180 1240 Λόγος,
1192 1205 1238 1232 καὶ
1261 1207 1275 1232 6
1286 1206 1441 1238 ἁῖδιοςΥίός
1453 1208 1523 1239 ἐστι,
1539 1207 1583 1234 διὰ
1598 1208 1647 1243 μὲν
1660 1208 1710 1243 τὴν
1725 1209 1855 1243 69.01.6111-

1054 1259 1090 1277 τα
1103 1250 1149 1277 τοῦ
1169 1251 1275 1288 Πατρὺς
1288 1251 1358 1287 ἔχων
1374 1252 1468 1285 ἀϊδίως
1492 1253 1563 1289 ἅπερ
1583 1253 1638 1289 ἔχει
1664 1254 1730 1289 παρ’
1754 1254 1853 1280 αὐτοῦ’

1055 1296 1100 1323 διὰ
1114 1297 1143 1323 δὲ
1156 1296 1186 1323 16
1198 1295 1268 1325 εῖναι
1284 1298 1365 1325 αὑτὸν
1380 1298 1445 1325 Υἰδν
1462 1316 1471 1330 ,
1547 1300 1579 1326 ἐκ
1602 1299 1650 1326 τοῦ
1671 1300 1779 1335 Πατρός
1797 1300 1854 1335 ἔχει

1057 1341 1128 1377 ᾇπερ
1142 1342 1235 1375 ἀῖδὶως
1250 1343 1315 1378 ἔχει.
1327 1344 1389 1370 Ὀτι
1402 1343 1457 1381 γὰρ
1471 1345 1512 1376 16,
1532 1344 1633 1378 ἐδόθη,
1655 1345 1704 1372 καὶ
1722 1344 1764 1377 16,
1776 1353 1855 1379 παρ-

1049 1388 1155 1423 εδόθη,
1171 1389 1219 1416 καὶ
1238 1389 1272 1416 τὰ
1290 1390 1371 1425 ὃμοια
1385 1390 1500 1423 τούτοις,
1522 1390 1572 1417 οὐκ
1594 1390 1703 1418 ἐλαττοῖ
1718 1391 1769 1427 τὴν
1792 1391 1854 1417 Θεό-

1053 1443 1122 1470 τητα
1137 1434 1185 1461 τοῦ
1200 1434 1278 1467 Υῑοῠ,
1287 1435 1356 1463 ἀλλὰ
1367 1436 1415 1463 καὶ
1429 1436 1527 1472 μᾶλλον
1541 1437 1676 1464 δείκνυσιν
1690 1436 1774 1464 αὑτὸν
1789 1438 1856 1472 ἁλη-

1054 1480 1109 1512 Θῶς
1122 1480 1197 1513 Υἱδν,
1214 1480 1303 1512 ἔξεστι
1317 1481 1365 1508 καὶ
1385 1482 1433 1508 ἀπ’
1446 1482 1536 1508 αὐτῶν
1551 1482 1606 1509 τῶν
1619 1483 1710 1518 ῥητῶν
1803 1492 1854 1511 κα-

1053 1525 1197 1561 ταμαθεῖν.
1214 1526 1245 1552 Εἰ
1259 1526 1314 1562 γὰρ
1327 1526 1417 1554 πάντα
1428 1527 1502 1563 αὑτῷ
1515 1528 1662 1563 παρεδόθη”
1676 1528 1788 1563 πρῶτον
1804 1530 1855 1565 μὲν

209 1575 274 1603 licet
282 1574 398 1602 discere.
407 1573 474 1600 Nam
486 1574 508 1600 si
518 1573 611 1600 omnia
625 1573 663 1600 illi
675 1573 774 1599 tradita
785 1576 861 1602 sunt.
879 1571 994 1606 primum

1062 1571 1132 1603 ιλλος
1143 1572 1201 1598 ἐστὶ
1217 1571 1271 1598 τῶν
1288 1573 1407 1605 πάντων,
1422 1570 1460 1600 ὧν
1480 1573 1642 1609 Μρέλαῦεψ
1660 1575 1768 1606 ἔπειτα,
1779 1577 1854 1602 πάν-

208 1615 336 1650 sequitur
356 1621 421 1641 eum
447 1613 531 1641 alium
549 1621 611 1642 esse
633 1614 669 1641 ab
692 1614 823 1643 Omnibus
840 1605 901 1651 qua:
926 1624 994 1645 acce

1062 1625 1101 1644 ων
1120 1615 1159 1642 ὢν
1186 1615 1367 1650 κληρονόμος,
1396 1615 1477 1650 μόνος
1500 1605 1599 1647 6-116;
1616 1617 1674 1642 ἐστι
1701 1616 1751 1643 καὶ
1781 1617 1854 1648 [ὄιος

209 1663 258 1698 pit.
277 1661 392 1694 Deinde,
417 1668 480 1688 cum
504 1661 629 1688 omnium
648 1662 685 1690 sit
711 1662 809 1693 haeres,
834 1667 910 1690 certe
929 1663 994 1691 solu:

1062 1662 1107 1689 :ct1’
1137 1662 1233 1689 οὐσίαν
1252 1662 1298 1688 τοῦ
1313 1661 1433 1697 Πατρός.
1451 1661 1483 1688 El.
1513 1663 1567 1698 γὰρ
1580 1660 1620 1694 εἷς
1641 1659 1676 1698 ἦν
1696 1662 1754 1688 τῶν
1772 1663 1852 1689 πάν-

209 1710 267 1744 ipse
284 1714 396 1743 quoque
430 1706 516 1735 Filius
539 1711 567 1734 et
584 1708 712 1743 proprius
735 1712 778 1736 est
801 1707 892 1736 Patris
912 1716 994 1736 secun

1063 1717 1112 1742 ων,
1137 1709 1169 1736 οὐ
1195 1708 1306 1735 πάντων
1334 1706 1368 1744 ἦν
1400 1707 1483 1740 αὐτὸς
1512 1708 1693 1744 κληρονόμος.
1718 1708 1780 1735 Νῦν
1811 1708 1855 1741 δὲ,

210 1755 274 1781 dum
301 1758 440 1781 naturam.
460 1752 488 1781 Si
513 1753 588 1780 enim
605 1761 620 1780 e
644 1761 758 1780 numero
772 1754 896 1781 omnium
921 1759 994 1782 esset

1062 1755 1140 1783 πάντα
1155 1754 1304 1790 λαμϐάνων
1317 1754 1410 1788 αὐτὸς,
1426 1753 1506 1786 ἄλλος
1529 1754 1589 1780 ἐστὶ
1604 1755 1658 1780 τῶν
1672 1754 1786 1780 πάντων
1804 1755 1857 1780 καὶ

210 1809 264 1827 non
291 1800 415 1827 omnium
451 1798 573 1834 profectu
600 1804 674 1826 esset
708 1799 804 1827 haeres.
833 1799 991 1835 Quapropte

1062 1800 1130 1831 ιόνος
1158 1799 1224 1831 ῐδιος
1234 1799 1281 1826 τοῦ
1294 1800 1411 1834 Πατρός.
1426 1799 1487 1826 Ὀτι
1501 1799 1529 1826 δὲ
1542 1799 1621 1825 πάλιν
1633 1800 1672 1830 16,
1686 1798 1792 1831 ἐδόθη,
1806 1806 1859 1825 και

210 1849 272 1868 cum
289 1842 380 1869 omnia
396 1843 454 1876 ipse
470 1843 595 1877 accipiat,
616 1843 686 1870 alius
702 1844 795 1878 utique
811 1848 852 1871 est
862 1844 896 1871 ab
907 1844 996 1872 omni-

210 1886 278 1919 bus,
302 1887 432 1922 solusque
455 1891 497 1915 est
519 1888 645 1922 proprius
661 1888 760 1917 Patris.
777 1889 853 1922 Quod
873 1897 937 1918 vero
953 1891 994 1918 his

208 1932 370 1959 verbisdata
383 1937 475 1966 est,et,
486 1934 586 1960 tradita
601 1938 672 1965 sunt.
688 1942 741 1962 non
757 1935 923 1970 signiﬁcetur
932 1943 995 1963 eum

210 1977 253 2004 his
267 1977 415 2012 aliquando
425 1978 556 2011 caruisse,
569 1987 601 2006 ex
613 1979 694 2006 simili
704 1980 764 2007 loco
773 1981 928 2015 perspicere
941 1988 995 2009 caa-

208 2029 319 2059 leraque
335 2025 398 2052 inde
413 2024 476 2052 licet
492 2024 653 2059 intelligere.
765 2026 810 2053 Ait
823 2034 919 2062 nempe
934 2027 995 2054 Sal-

206 2076 283 2098 vator
295 2072 352 2106 ipse
363 2081 370 2099 :
385 2071 460 2099 Sicut
475 2071 555 2099 Pater
566 2073 642 2099 habet
655 2073 736 2100 vitam
748 2074 774 2100 in
787 2075 924 2109 semetipso
935 2095 942 2106 ,
956 2075 995 2101 sic

203 2117 278 2144 dedit
295 2122 320 2145 et
332 2116 404 2145 Filio
419 2118 500 2144 vitam
514 2118 607 2145 habere
622 2119 649 2145 in
668 2119 834 2153 semetipso’.
847 2118 914 2146 Nam
931 2128 993 2146 cum

205 2163 280 2194 dicit.
294 2163 377 2195 dedit,
394 2171 423 2191 se
435 2171 493 2191 non
510 2171 571 2191 esse
582 2163 690 2191 Patrem
703 2164 823 2192 declarat
839 2174 846 2193 :
861 2165 993 2200 particula

204 2212 307 2239 autem.
326 2209 380 2241 sic,
393 2209 488 2241 utitur.
502 2213 532 2236 ut
545 2209 696 2237 naturalem
711 2209 772 2237 Filii
787 2218 849 2238 eum
863 2210 945 2239 Patre
955 2212 993 2239 si-

197 2254 383 2282 militudinem
399 2259 426 2282 et
436 2255 627 2290 proprietatem
641 2255 784 2291 signiﬁcet.
805 2256 833 2284 Si
849 2256 931 2291 igitur
943 2256 994 2284 fuit
1009 2262 1030 2290 Ι)

197 2299 349 2333 .aliquando
364 2308 426 2327 cum
441 2299 523 2328 Pater
544 2308 598 2328 non
624 2300 736 2329 haberet
754 2309 786 2329 ea
811 2310 873 2337 quae
888 2302 990 2331 habet:

203 2345 306 2373 nullum
323 2345 435 2372 dubium
450 2350 491 2373 est
509 2347 575 2380 quin
594 2346 675 2373 etiam
690 2347 771 2374 fuerit
787 2347 933 2383 aliquando
948 2348 993 2376 Fi-

203 2391 266 2424 lius,
281 2398 342 2419 cum
358 2391 400 2418 illa
418 2398 471 2418 non
481 2391 608 2419 haberet.
626 2391 693 2418 Nam
705 2398 742 2419 ιιι
760 2391 838 2419 Pater
854 2393 944 2426 habet,
956 2393 991 2420 ita

203 2441 230 2464 et
241 2436 335 2465 Filius.
344 2436 449 2464 “Verum
464 2438 486 2464 si
502 2438 528 2464 id
542 2438 658 2472 impium
671 2438 745 2466 dictu
758 2442 809 2470 est,
827 2446 841 2465 e
854 2439 991 2467 contrario

193 2486 292 2508 autem
309 2482 383 2516 pium
395 2486 435 2509 est
448 2483 591 2516 alllrmare,
606 2491 714 2518 semper
723 2482 836 2510 “Patrem
850 2484 989 2517 habuisse,

203 2535 237 2554 an
258 2535 311 2554 non
333 2527 528 2562 perabsurdum
547 2528 682 2559 est,'Filio
703 2534 875 2563 asseverante
895 2537 991 2564 quem-

194 2573 348 2600 admodum
372 2572 451 2600 Paler
472 2573 553 2600 habet
574 2573 610 2600 ita
628 2578 654 2601 et
677 2573 776 2606 Filium
799 2574 909 2608 habere,
930 2575 990 2602 illos

202 2619 380 2646 nihilominus
394 2619 556 2646 contendere
575 2627 630 2646 non
653 2619 689 2647 ita
710 2620 757 2647 sed
776 2620 856 2647 aliter
869 2620 990 2647 habere?

196 2664 300 2700 'Utique
320 2663 439 2692 Verbum
459 2665 545 2699 magis
561 2665 613 2691 fide
629 2665 740 2701 dignum
755 2669 806 2698 est,
822 2665 990 2700 proindeque

195 2712 293 2740 omnia
309 2719 369 2747 qua;
385 2719 414 2739 se
429 2719 443 2738 ο
455 2710 534 2738 Patre
544 2711 682 2746 accepisse
693 2716 820 2745 testalur,
836 2719 866 2739 ea
881 2719 990 2746 semper

1050 1843 1223 1878 παρεδόθη,
1239 1862 1247 1870 ..
1306 1842 1337 1869 οὐ
1354 1843 1385 1869 τό
1398 1851 1462 1869 ποτε
1477 1842 1515 1878 μὴ
1531 1842 1603 1877 ἔχειν
1617 1842 1699 1869 αὐτὸν
1714 1842 1857 1875 δείκνυσι,

1049 1887 1164 1915 δυνατὸν
1174 1888 1206 1913 ἐκ
1222 1886 1267 1913 τοῦ
1279 1887 1372 1922 ὁμοίου
1390 1887 1471 1923 ῥητοῦ
1489 1888 1535 1914 καὶ
1563 1887 1627 1923 περὶ
1655 1887 1766 1914 πάντων
1785 1897 1855 1916 σνν-

1052 1932 1118 1960 ιδεῖν
1135 1933 1166 1958 26
1179 1931 1307 1959 τοιοῦτον.
1326 1933 1394 1968 Φησὶ
1409 1933 1462 1968 γὰρ
1484 1933 1564 1965 αὐτὸς
1584 1933 1598 1960 6
1611 1933 1716 1969 Σωτήρ·
1733 1933 1858 1968 Ὠσπερ

1052 1979 1070 2005 ὀ
1083 1978 1185 2012 Πατὴρ
1210 1977 1286 2012 ζωὴν
1296 1979 1358 2013 ἔχει
1369 1979 1404 2005 ἐν
1419 1978 1524 2011 ἐαυτῷ,
1539 1979 1634 2012 οὕτως
1659 1979 1709 2006 καὶ
1738 1979 1779 2012 τῷ
1794 1981 1857 2014 Υἱῷ

1052 2023 1162 2050 δέδωκε
1176 2022 1251 2057 ζωὴν
1262 2025 1347 2058 ἔχειν
1358 2024 1394 2051 ἐν
1403 2024 1508 2057 ἐαυτῷ.
1601 2026 1649 2052 Ἐκ
1663 2025 1712 2060 μὲν
1728 2026 1785 2062 γὰρ
1803 2027 1858 2054 τοῦ

1052 2069 1152 2103 λέγειν,
1164 2069 1284 2101 δέδωκε,
1303 2070 1430 2105 σημαίνει
1457 2070 1552 2097 ἑαυτὸν
1571 2071 1607 2107 μὴ
1627 2069 1697 2098 εἶναι
1716 2072 1765 2098 16v
1791 2073 1857 2100 Πα-

1051 2115 1128 2151 τέρα·
1146 2115 1174 2142 ὲν
1189 2115 1216 2141 δὲ
1235 2115 1274 2150 τῷ
1286 2115 1386 2149 λέγειν,
1403 2116 1507 2148 οὕτως,
1519 2116 1640 2143 δείκνυσι
1656 2117 1705 2152 τὴν
1718 2118 1790 2153 πρὸς
1803 2120 1858 2145 τὸν

1052 2161 1163 2197 Πατέρι
1189 2161 1236 2188 τοῦ
1252 2161 1318 2188 Υῑοῦ
1345 2162 1462 2198 φυσικὴν
1482 2163 1628 2198 ὁμοιότητα
1650 2164 1697 2190 καὶ
1713 2165 1852 2200 ἰδιότητα.

1052 2207 1083 2234 El
1097 2207 1146 2243 μὲν
1159 2205 1204 2235 οὖν
1219 2206 1253 2244 ἦν
1268 2217 1333 2235 ποτε
1362 2209 1406 2235 61s
1423 2209 1473 2235 οὐκ
1489 2207 1561 2244 εἶχεν
1589 2210 1603 2235 6
1619 2210 1725 2246 Πατὴρ.
1754 2211 1856 2246 δῆλον,

1051 2253 1092 2280 ὅτι
1106 2254 1153 2281 καὶ
1163 2254 1178 2280 6
1190 2254 1254 2286 Υἱὸς
1268 2252 1301 2289 ἦν
1315 2255 1359 2281 ὅτε
1374 2255 1424 2281 οὐκ
1437 2252 1519 2289 εἶχεν.
1543 2256 1585 2287 Ὠς
1681 2256 1737 2292 γὰρ
1760 2258 1774 2284 6
1787 2259 1857 2284 Πα-

1050 2299 1112 2336 τὴρ,
1129 2299 1216 2332 οὕτως
1231 2300 1278 2327 καὶ
1290 2301 1304 2327 6
1318 2300 1383 2332 Υἱὸς
1396 2301 1461 2336 ἔχει.
1479 2301 1511 2327 Εἰ
1533 2301 1561 2327 δὲ
1583 2302 1679 2334 ἀσεϐὲς
1697 2302 1750 2337 μὲν
1766 2304 1860 2331 τοῦτο

1050 2344 1150 2379 λέγειν,
1169 2345 1280 2378 εὐσεϐὲς
1294 2345 1322 2372 δὲ
1339 2346 1437 2381 μᾶλλόν
1446 2347 1518 2373 ἐστιν
1533 2347 1630 2378 εἰπεῖν.
1647 2347 1688 2374 ὅτι
1700 2347 1748 2374 ἀεὶ
1759 2348 1825 2384 ἔχει
1844 2351 1859 2376 6

1050 2388 1157 2424 Πατήρ·
1184 2389 1242 2421 πῶς
1265 2390 1315 2416 οὐκ
1336 2390 1437 2417 ἄτοπον
1462 2390 1509 2417 τοῦ
1528 2391 1593 2418 Υἱοῦ
1623 2391 1764 2425 λέγοντος,
1794 2394 1859 2425 ὅτι,

1050 2433 1089 2466 ὡς
1099 2435 1113 2461 6
1124 2435 1219 2471 Πατὴρ
1230 2435 1296 2471 ἔχει,
1312 2435 1398 2468 οὕτως
1409 2436 1455 2463 καὶ
1470 2438 1483 2463 ὁ
1498 2437 1561 2469 Υἱὸς
1582 2437 1649 2472 ἔχει,
1671 2437 1789 2470 τούτους
1810 2439 1860 2466 λέ-

1049 2489 1108 2516 γειν
1123 2481 1159 2517 μὴ
1175 2481 1260 2514 οὕτως
1273 2482 1355 2517 ἔχειν,
1373 2483 1431 2509 ἀλλ’
1445 2483 1531 2515 ἄλλως
1560 2483 1649 2518 ἐχειν;
1673 2483 1786 2511 Μᾶλλον
1806 2484 1862 2512 οὖν

1049 2527 1064 2553 6
1075 2527 1160 2561 Λόγος
1172 2528 1268 2558 πιστός
1281 2527 1348 2560 ἐστι,
1364 2528 1411 2555 καὶ
1425 2529 1523 2561 πάντα,
1550 2528 1567 2555 ἃ
1585 2529 1660 2562 λέγει
1689 2528 1858 2565 εἰληφέναι,

1045 2572 1094 2599 ἀεὶ
1111 2573 1189 2608 ἔχων,
1202 2573 1271 2600 αὐτὰ
1285 2573 1342 2609 ἔχει
1452 2574 1527 2610 παρὰ
1548 2574 1594 2601 τοῦ
1623 2575 1743 2611 Πατρός·
1770 2577 1826 2604 καὶ
1846 2579 1861 2604 6

1050 2618 1102 2654 μὲν
1115 2619 1209 2654 Πατὴρ
1225 2619 1255 2646 οὐ
1270 2621 1345 2655 παρὰ
1366 2629 1448 2652 τινος,
1463 2621 1477 2647 6
1500 2620 1528 2648 δὲ
1541 2621 1606 2652 Υἱὸς
1620 2620 1697 2657 παρὰ
1713 2621 1765 2648 τοῦ
1787 2622 1858 2650 Πα-

1049 2665 1114 2701 τρδς
1125 2665 1190 2701 ἔχει.
1213 2666 1256 2698 Ὧς
1282 2667 1336 2702 γὰρ
1350 2667 1398 2694 καὶ
1423 2667 1468 2694 ἐπὶ
1498 2667 1544 2694 τοῦ
1570 2667 1807 2702 άπαιιγάσματος,
1832 2670 1860 2695 εἱ

1050 2711 1115 2737 αὐτὸ
1126 2711 1157 2738 τὺ
1170 2711 1340 2747 ἀπαύγασμα
1368 2711 1452 2747 λέγοι·
1470 2713 1562 2741 Πάντα
1585 2714 1668 2741 τόπον
1681 2714 1782 2741 δέδωκέ
1803 2724 1858 2749 μοι

237 2779 246 2813 ξ
262 2777 344 2805 ‘Joan.
358 2775 463 2813 ui,35._
481 2773 610 2813 _‘_Matth.
626 2773 738 2813 δεμ-Ἡ.Δ
761 2772 864 2813 ξιοθη.
880 2773 963 2813 νιξο.
1000 2774 1101 2802 ‘Joan.
1113 2783 1166 2810 nt,
1185 2775 1229 2803 l5.
1266 2775 1276 2792 '
1290 2774 1370 2803 Joan.
1387 2783 1454 2809 xvn,
1469 2775 1513 2803 10.
1551 2775 1561 2792 ⁸
1575 2776 1672 2806 Matth.
1692 2781 1862 2813 “nmis.

201 2815 214 2830 ‘
225 2812 308 2841 Joan.
327 2820 355 2845 ι,
371 2811 415 2839 18.
453 2810 465 2827 ⁸
479 2810 577 2838 Matth.
594 2817 632 2843 χι,
645 2808 691 2836 ‘27.
729 2809 739 2826 ⁹
757 2807 837 2837 Joan.
856 2817 881 2837 ν.
898 2809 943 2837 26.
