1902 3078
787 54 849 62 ιν.

65 109 119 141 433

586 109 775 141 PANOPLIA
795 108 1074 139 DOGMATICA‘.-—
1093 109 1158 139 TIT
1191 109 1241 140 Xl.

1649 106 1700 137 illi

65 175 94 202 rb
111 174 171 210 φῶς
189 174 329 210 φωτῖζεινο
343 175 390 203 καῖ
399 176 449 203 οὒκ
465 177 513 204 ἀπ’
531 177 652 213 ἐμαυτοῦ
664 177 784 213 φωτίζω,
799 177 857 205 ἀλλ’

915 173 1025 206 habens,
1039 180 1055 200 a
1071 172 1151 199 Patre
1170 171 1259 199 habet.
1280 170 1367 199 Porro
1387 170 1468 198 Pater
1492 169 1573 198 ill‘a.a
1591 170 1699 198 nemine

64 220 102 252 ὡς
118 220 150 247 τδ
163 220 221 255 φῶς
239 220 373 256 βούλεται·
387 220 466 248 τοῦτο
484 221 512 248 δὲ
526 221 605 256 λέγον
617 239 625 252 ν
702 223 732 249 οὒ
749 223 858 249 τόποτε

67 267 103 303 μὴ
119 267 193 302 ἔχειν
206 267 286 294 ἑαυτὸ
300 267 436 294 δείκνυσιν
446 288 454 301 ,
478 268 535 295 ἀλλ’
550 269 594 296 ὅτι
615 268 662 296 τοῦ
690 269 778 304 φωτὸς
795 270 858 297 ἴδιόν

65 312 136 347 εἰμι,
152 312 247 339 καὶτὰ
273 313 379 340 ἐκείνου
397 313 486 341 πάντα
515 314 569 349 ἐμά
594 315 677 341 ἐστιν.
703 315 795 347 Οὕτως
810 315 858 342 καὶ

64 357 149 384 πλέον
231 357 277 383 ἐπὶ
293 357 340 384 τοῦ
353 357 419 384 Υἱοῦ
436 359 506 384 νοεῖν
521 357 620 391 ἐξεστιι
635 358 690 385 Καὶ
701 358 756 395 γὰρ
770 359 860 386 πάντα

64 402 190 435 δεδωκὼς
205 404 220 430 ὸ
234 403 330 439 Πατὴρ
344 403 383 438 τῷ
398 403 465 439 Υἱῷ,
488 404 577 431 πάντα
596 404 677 432 πάλιν
690 405 704 431 ὸ
721 405 816 441 Πατὴρ
830 405 860 433 ἐν

64 449 106 485 τῷ
125 449 183 485 Υῐῷ
196 449 264 485 ἔχει·
277 450 327 476 κατ
338 450 384 476 τοῦ
402 449 468 477 Υἱοῦ
491 451 519 477 δὲ
534 450 652 486 ἔχοντος,
679 451 760 478 πάλιν
773 452 788 478 ὁ
803 452 860 478 Πα-

65 494 118 530 τὴρ
143 493 213 521 αὐτὰ
227 494 295 529 ἔχει.
389 494 424 521 Ἠ
441 494 495 530 γὰρ
527 494 574 522 τοῦ
595 495 660 522 Υἱοῦ
688 495 782 531 θεόλεης
811 495 860 522 τοῦ

67 540 174 576 Πατρὸς
186 540 282 576 θεάιης
297 540 364 567 ἑστί-
390 541 436 567 ml.
461 540 547 573 οὕτως
565 542 579 568 6
593 541 689 577 Πατὴρ
704 542 733 568 ὲν
748 541 787 577 τῷ
803 541 860 578 Υἱῷ

66 586 122 613 τῶν
137 586 248 613 πάντων
258 586 308 622 τὴν
325 587 450 622 πρόνοιαν
468 589 595 614 ποιεῖται.

912 221 1004 253 habet,
1020 220 1067 248 sed
1082 219 1167 246 Filius
1181 219 1262 246 habet
1281 227 1296 245 a
1309 217 1397 245 Patre.
1416 216 1484 244 Nam
1501 220 1532 244 ut
1547 216 1698 251 splendoris

912 266 1036 302 exemplo
1054 269 1125 298 utar,
1141 265 1163 292 si
1177 265 1233 299 ipse
1250 264 1378 299 splendor
1393 264 1430 290 ita
1438 263 1596 298 loqueretur
1610 272 1617 290 :
1633 262 1695 290 Om-

912 321 974 341 nem
987 312 1078 339 IOcum
1094 310 1160 338 mihi
1177 310 1222 338 lux
1237 309 1270 337 ad
1285 309 1495 337 illuminandum
1510 308 1594 340 dedit,
1610 315 1699 343 neque

911 366 944 386 ex
962 358 1065 393 meipso
1078 356 1213 388 illumino,
1227 355 1275 383 sed
1293 360 1323 382 ut
1338 355 1390 382 luci
1406 355 1514 390 placet:
1535 361 1602 382 sane
1622 353 1701 381 hisce

911 404 1001 432 verbis
1024 410 1077 430 non
1101 395 1233 429 indicaret
1257 408 1287 428 se
1310 400 1456 435 aliquando
1476 407 1531 426 non
1559 398 1700 432 habuisse,

913 451 959 478 sed
977 450 1066 485 potius
1086 456 1118 476 ea
1139 451 1210 476 esset
1223 446 1357 475 sententia
1374 445 1452 481 :Ego
1472 446 1542 473 lucis
1555 454 1615 474 sum
1632 453 1699 481 pro-

912 496 998 532 prius,
1014 495 1128 530 ejusque
1153 492 1244 521 omnia
1266 500 1326 520 mea
1345 496 1418 520 sunt.
1438 491 1510 519 fdem
1535 492 1661 520 similiter
1671 497 1700 520 et

913 542 999 569 multo
1015 542 1101 576 magis
1114 540 1147 568 de
1160 540 1226 567 Filio
1241 539 1444 574 intelligendum
1457 543 1506 566 est.
1520 538 1616 567 Omnia
1627 538 1699 566 enim

913 587 994 614 Pater
1018 586 1088 614 Filio
1109 586 1192 618 dedit,
1215 590 1242 613 et
1266 593 1362 613 rursus
1385 585 1455 612 idem
1473 585 1552 612 Pater
1568 584 1700 612 omniain

67 633 136 661 Filio
153 634 243 661 habet.
260 633 330 661 Filio
344 634 408 661 item
425 634 550 665 habente.
575 635 669 662 eadem
683 642 792 670 quoque
812 634 893 663 Pater
911 635 1002 662 habet.
1018 633 1158 669 Siquidem
1179 633 1241 661 Filii
1255 632 1393 665 divinitas,
1406 632 1495 661 Patris
1503 637 1545 660 est
1558 633 1700 664 divinitas.

66 684 151 715 atque
163 680 199 707 ita
213 679 293 707 Pater
305 680 332 707 in
352 680 420 707 Filio
440 687 483 707 res
498 687 594 708 omnes
609 680 777 716 providentia
788 681 856 716 gerit
873 685 901 709 et
915 680 1098 709 administrat.

169 727 230 754 Τῶν
246 727 295 763 μὲν
312 725 358 754 οὖν
372 726 500 754 τοιούτων
514 727 603 764 ῥητῶν
619 725 739 760 τοιοῦὲος
754 729 768 755 ὁ
784 728 856 760 νοῦς·

66 772 135 808 περὶ
150 772 180 799 δὲ
191 772 245 799 τῶν
257 772 434 807 ἀνθρωπίνως
441 771 595 807 λεγομένων
606 772 670 807 περὶ
677 771 723 798 τοῦ
802 772 859 798 Σω-

66 819 163 854 τῆρος,
185 819 237 845 καὶ
252 817 339 845 ταῦτα
364 817 445 845 πάλιν
464 817 562 853 εὗσεῆἦ
584 817 635 853 τὴν
655 816 774 844 διάνοιαν
789 816 856 852 ἔχει.

67 864 119 891 Διὰ
132 863 214 890 τοῦτο
222 863 277 899 γὰρ
288 863 336 890 καῖ

68 910 125 940 ἵνα.
138 908 187 936 ἐὰν
202 909 362 944 ἀκούσωμεν
378 908 570 944 ἐπερωτῶντος
584 906 677 939 αὑτοῦ,
705 906 757 933 ποῦ
768 907 859 939 Λάζα-

70 956 228 991 ροςκεῖται,
241 955 289 981 καὶ
301 955 364 981 ὅταν
380 954 420 985 εἰς
435 953 471 980 τὰ
492 953 562 990 μέρη
584 952 753 988 Καισαρείας
774 951 859 979 ἐλθὼν

70 999 239 1026 πυνθάνεται
259 1015 268 1027 .
336 996 407 1023 Τίνα
430 1003 469 1030 με
489 995 635 1028 λέγουσιν
659 995 686 1020 οι
712 993 861 1026 ἅνθρωποι

69 1043 164 1077 sirm;
179 1043 237 1075 καὶ,
254 1043 373 1074 Πόσους
386 1041 472 1076 ἔχετε
484 1040 611 1074 ἄρτους;
626 1039 683 1072 καὶ,
712 1039 745 1067 Tl
759 1039 862 1067 θέλετε
881 1061 885 1065 .

69 1090 122 1116 ἶνα
133 1088 251 1121 ποιήσω
262 1087 345 1122 '0in,-
352 1085 530 1121 γινώσκωμεν
543 1086 577 1112 ὲκ
587 1085 642 1112 τῶν
656 1087 862 1122 προειρημένων

69 1136 122 1170 τὴν
137 1134 223 1170 ὀρθὴν
236 1133 290 1160 τῶν
304 1131 393 1168 ῥητῶν
407 1131 536 1163 διάνοιαν,
553 1131 600 1158 καὶ
625 1130 662 1166 μὴ
678 1130 862 1162 σκανδαλιζώ-

72 1180 144 1216 μεθα
156 1177 235 1206 κατᾶ
257 1179 320 1210 τοὺς
346 1177 544 1215 χριστομάχους
566 1177 729 1212 Ἀρειανοὺς.
750 1176 862 1212 Πρῶτον

73 1226 124 1261 μὲν
137 1222 186 1251 οὖν
272 1225 328 1255 τοῖς
343 1222 471 1250 ἀσεϐοῦσι
497 1222 575 1249 τοῦτο
596 1222 701 1257 ῥητέον,
724 1221 804 1248 πόθεν
818 1230 863 1248 νος

73 1271 200 1306 μκουσιν
214 1269 320 1304 ἀγνοεῖν
334 1268 413 1296 αὐτόν
426 1277 435 1300 ;
449 1268 486 1296 Οὐ
498 1268 552 1304 γὰρ
563 1268 582 1294 ὁ
595 1267 740 1303 ἐπερωτῶν
753 1266 864 1299 πάντως

71 1317 121 1343 καὶ
134 1315 241 1350 ἀγνοῶν
255 1314 396 1349 ἐπερωτᾷν
403 1313 462 1341 ἀλλ’
475 1312 563 1346 ἔξεστι
575 1313 621 1339 τὸν
633 1312 723 1339 εἰδότα
734 1312 782 1339 καὶ
795 1313 864 1347 ὲρω-

71 1363 123 1397 τᾷν
137 1378 148 1392 .
219 1360 283 1396 περὶ
297 1356 334 1386 ὧν
348 1359 503 1386 ἐπίσταται.
513 1358 633 1394 ,Ἀμέλει
647 1358 695 1385 καὶ
706 1359 721 1385 ὁ
738 1357 864 1392 Ἰωάννης

73 1405 259 1442 ἐπερωτῶντα
272 1405 318 1432 τὸν
326 1404 453 1441 Χριστὸν,
461 1404 582 1437 Πόσους
593 1403 701 1438 ἄρτους
706 1403 800 1438 ἔχετε,
808 1400 864 1430 οῐδι

75 1453 114 1488 μὴ
123 1451 283 1487 ἀγνοοῦντα,
294 1450 362 1477 ἀλλὰ
372 1450 549 1485 γινώσκοντα·
564 1449 635 1484 φησι
641 1448 708 1485 γὰρ,
725 1448 816 1476 Τοῦτο
829 1448 865 1475 δὲ

73 1499 161 1533 ἔλεγε
177 1496 320 1532 πειράζων
329 1496 383 1523 τὸν
394 1496 556 1523 Φίλιππον·
571 1496 662 1528 αὐτὸς
677 1495 732 1530 τὰρ
746 1495 822 1529 ᾔδει,
835 1494 866 1521 τι

73 1543 186 1578 ἔμελλε
212 1541 319 1569 ποιεῖν.
349 1542 381 1568 Et
411 1541 440 1568 δὲ
463 1541 520 1576 ᾔδει
540 1541 610 1575 ὅπερ
634 1541 732 1572 ἐποίει,
746 1541 797 1567 οὐκ
810 1537 898 1577 ἄραο

74 1588 193 1623 ἀγνοῶν,
207 1587 275 1614 ἀλλὰ
284 1586 427 1621 γινώσκων
438 1587 575 1622 ἐπερωτᾷ.
671 1586 738 1612 ’Δπδ
756 1585 785 1612 δὲ
801 1585 865 1612 τού-

74 1644 122 1662 του
136 1635 185 1662 καὶ
205 1633 240 1661 τὰ
262 1635 343 1668 ὃμοια
363 1634 430 1660 νοεῖν
454 1632 568 1664 ἔξεστιν,
592 1632 644 1664 ὅτι,
661 1633 725 1659 ὅταν
739 1632 828 1667 ἐρωτᾷ
850 1632 864 1658 ό

75 1681 180 1716 Κύριος
194 1699 203 1712 ,
271 1679 322 1706 οὐκ
349 1678 464 1713 ἀγνοῶν,
479 1677 530 1704 ποῦ
543 1677 666 1713 Λάζαρος
690 1678 790 1709 κεῖται,
804 1677 865 1703 οὐδὲ

74 1726 135 1752 τίνα
151 1725 276 1758 λέγουσιν
300 1724 381 1751 αὐτὸν
404 1722 473 1750 εἶναι
499 1724 525 1750 οι
555 1723 703 1760 ἄνθρωποι,
728 1724 865 1758 ἐπερωτᾷ,

75 1771 143 1799 ἀλλὰ
156 1769 298 1805 γινώσκων
310 1770 379 1805 ὅπερ
402 1768 494 1805 ἠρώτα
518 1768 610 1800 αὐτὸς,
627 1768 704 1800 εἰδὼς
722 1768 749 1795 τι
774 1768 866 1804 μέλλει

76 1818 172 1844 ποιεῖν’
187 1817 234 1843 καὶ
251 1815 357 1850 ταχέως
373 1814 421 1850 μὲν
436 1815 527 1842 αὐτῶν
543 1814 613 1842 οὕτω
628 1815 660 1842 τὸ
675 1814 755 1849 σοφὸν
769 1814 868 1842 ὲκδάλ-

75 1862 160 1889 λεται.
176 1861 225 1888 Ἂν
238 1861 267 1887 δὲ
278 1860 464 1895 φιλονεικῶσιν
554 1860 595 1886 ἔτι
607 1859 651 1887 διὰ
672 1860 703 1886 τὺ
713 1860 866 1896 ὲπερυηᾷν,

74 1906 260 1938 ἀκουέτωσαν,
277 1907 319 1933 ὅτι
331 1907 360 1932 ὲν
373 1906 423 1941 μὲν
442 1907 476 1941 τῇ
491 1905 598 1940 θεότητι
610 1906 661 1932 οὐκ
674 1905 747 1933 ἐστιν
759 1906 866 1941 ἄγνοια,

75 1952 126 1987 τῆς
140 1951 170 1978 δὲ
189 1950 290 1986 σαρκὸς
303 1950 368 1977 ῐδιόν
386 1950 444 1977 ἐστι
459 1950 490 1977 τὺ
514 1950 631 1985 ἀγνοεῖν,
646 1949 772 1986 καθάπερ
787 1950 867 1986 εἴρη-

75 2006 132 2025 ται.
149 1996 205 2023 Καὶ
221 1996 348 2023 ὅτιτοῦτο
358 1995 456 2031 ἀληθές
472 1997 556 2028 ἐστιν,
572 1996 623 2031 ὅρα
649 1995 708 2028 πῶς
731 1997 746 2023 ό
765 1996 868 2032 Κύριος

77 2045 93 2070 ὀ
176 2042 387 2077 πυνθανόμενος,
401 2041 452 2069 ποῦ
461 2041 584 2078 Λάζαρος
597 2043 695 2075 κεῖται,
708 2042 790 2073 αὐτὸς
806 2040 867 2069 εἷπε

78 2089 116 2123 μὴ
132 2087 238 2124 παρὼν,
259 2087 327 2114 ἀλλὰ
347 2087 395 2114 καὶ
419 2086 527 2123 μακρὰν
539 2087 587 2119 ὢν,
599 2087 725 2123 Λάζαρος
736 2087 867 2121 ἀπέθανε,

76 2134 125 2160 καὶ
138 2133 191 2160 ποῦ
217 2132 362 2160 ἀπέθανεν.
399 2133 427 2159 '0
450 2132 478 2159 δὲ
502 2133 673 2164 κατάὑτοὺς
691 2132 867 2168 νομιζόμενος

76 2180 195 2213 ἀγνοεῖν,
213 2177 293 2210 αὐτός
304 2179 376 2204 ἐστιν
396 2178 410 2204 ό
430 2178 492 2209 τοὺς
507 2177 697 2213 διαλογισμοὺς
711 2178 766 2205 τῶν
781 2178 869 2214 μαθη-

74 2225 132 2251 τῶν
152 2223 355 2270 προγινώσκων,
367 2223 502 2270 natsle:
513 2223 550 2270 ἰὰ
569 2224 598 2251 ὲν
610 2225 644 2259 τῇ
663 2224 779 2270 ἑκάστου
801 2233 869 2260 καρ-
883 2244 903 2270 υ

74 2270 131 2305 δία,
144 2270 191 2296 καὶ
204 2269 231 2296 τι
246 2270 319 2296 ἐστιν
332 2269 362 2295 ὲν
384 2268 424 2304 τῷ
439 2267 585 2304 ἀνθρώπῳ·
599 2269 645 2296 καὶ
658 2269 689 2296 τό
710 2277 742 2303 γε
765 2270 872 2304 μεῖζον,

76 2314 162 2345 αὐτὸς
176 2313 254 2349 μόνος
269 2313 399 2348 γινώσκει
422 2312 469 2339 τὸν
489 2313 610 2349 Πατέρα,
625 2314 672 2340 καὶ
688 2313 770 2349 λέγει·
796 2313 870 2350 Ἐγὼ

75 2359 113 2386 ἐν
128 2357 168 2391 τῷ
183 2358 283 2393 Πατρὶ,
299 2358 348 2385 καὶ
365 2359 381 2386 ό
393 2357 494 2393 Πατὴρ
577 2359 612 2386 ἐν
623 2359 702 2394 ἐμοι.

176 2458 281 2486 Οὐκοῦν
292 2459 374 2486 παντὶ
386 2458 466 2486 τοῦτο
487 2458 566 2494 δῆλόν
581 2461 664 2492 ἐστιν,
687 2461 730 2487 ὅτι
748 2461 798 2496 τῆς
820 2461 871 2496 μὲν

78 2505 181 2540 σαρκός
194 2506 252 2532 ἐστι
269 2505 300 2532 τὸ
310 2505 428 2539 ἀγνοεῖν,
451 2506 531 2538 αὐτὸς
554 2506 583 2533 δὲ
598 2506 614 2532 ό
634 2506 731 2540 Λόγος,
752 2504 769 2544 ᾖ
785 2507 871 2541 Λόγος

77 2551 149 2582 ἐπὶ,
164 2549 198 2576 τὰ
212 2550 302 2577 πάντα
323 2549 375 2577 καὶ
397 2550 462 2586 πρὶν
488 2551 623 2584 γενέσεως
645 2551 784 2585 γινώσκει.
802 2552 870 2580 Οὐδὲ

78 2596 136 2631 γάρ
157 2615 166 2627 ,
236 2596 330 2631 ἐπειδὴ
350 2595 462 2630 γέγονεν
489 2596 642 2632 ἄνθρωπος,
667 2597 804 2625 πέπαυται
823 2597 871 2625 τοῦ

78 2638 151 2668 εἶναι
163 2641 239 2673 Θεός·
253 2641 324 2672 οὺδὲ,
340 2641 435 2677 ἐπειδὴ
451 2641 517 2673 Θεός
530 2642 599 2674 ἐστι,
613 2642 708 2677 φεύγει
723 2643 754 2670 τὸ
765 2643 871 2678 ἀνθρώ-

79 2694 169 2713 πινον·
190 2687 228 2722 μὴ
242 2687 361 2721 γένοιτοὶ
377 2688 445 2714 ἀλλὰ
462 2688 560 2724 μᾶλλον
578 2689 644 2721 Θεὸς
657 2689 706 2722 ὢν,
721 2689 874 2726 προσελάμ-

80 2733 150 2760 ϐανε
232 2732 282 2768 τὴν
296 2733 396 2769 σάρκα,
409 2735 456 2761 καὶ
479 2736 508 2761 ὲν
520 2736 602 2770 σαρκὶ
617 2734 656 2761 ὣν
669 2735 801 2763 ὲθεοποῖει
822 2735 873 2771 τὴν

119 2806 128 2822 ι
146 2803 226 2833 Joan.
241 2813 277 2839 xi,
291 2805 338 2834 3L
375 2804 386 2821 '
400 2803 495 2831 Matth.
513 2808 569 2833 1V1,
581 2801 624 2830 l5.
663 2801 673 2818 ⁸
687 2800 771 2829 Marc.
790 2810 825 2835 vn,
838 2802 882 2830 58.

1018 727 1081 756 Haec
1099 727 1181 764 igitur
1198 731 1240 755 est
1261 727 1372 755 illorum
1383 726 1527 755 verborum
1554 726 1697 754 sententia.

911 773 976 808 Quae
995 774 1096 809 pariter
1115 773 1149 801 de
1162 772 1302 800 Salvatore
1325 772 1445 799 humano
1463 778 1538 798 more
1560 770 1698 802 dicuntur,

910 828 1005 848 eorum
1020 826 1128 855 quoque
1144 819 1188 854 pia
1203 823 1245 846 est
1259 817 1433 853 signiﬁcatio.
1450 816 1554 844 Idcirco
1568 815 1640 844 enim
1654 817 1701 845 illa

420 862 645 899 προεξητάσαμεν
669 861 705 889 τὰ
728 862 840 889 τοιαῦτα
849 882 857 894 ,

915 867 986 901 prius
1001 865 1158 894 examinare
1168 865 1256 892 visum
1273 868 1325 896 est,
1335 867 1374 896 ut,
1391 863 1413 891 si
1429 863 1572 891 Dominum
1583 864 1699 891 interro-

903 917 1018 948 gantem
1043 910 1283 945 audierimus.ubi
1303 909 1423 937 Lazarus
1435 909 1542 945 jaceat'
1556 919 1563 938 :
1576 914 1603 938 et
1623 918 1695 942 cum,

910 957 957 985 ubi
973 957 1000 984 in
1016 961 1107 992 partes
1114 956 1245 984 Caesarem
1257 955 1331 984 venit
1343 958 1544 991 percunctatur,
1562 956 1644 989 Quem
1657 964 1698 983 me

908 995 1028 1022 nomine:
1044 1003 1099 1023 esse
1117 996 1248 1023 dicunt‘?
1263 1000 1301 1029 et,
1321 996 1392 1029 Quot
1416 1005 1495 1032 panes
1512 997 1612 1023 habetis
1624 997 1657 1024 '?
1672 1002 1699 1025 et

910 1041 982 1075 Quid
999 1041 1079 1069 vultis
1094 1047 1124 1069 ut
1141 1042 1239 1076 faciam
1256 1041 1327 1070 vobis
1341 1042 1376 1070 "2
1388 1050 1422 1070 ex
1444 1042 1488 1070 his
1501 1050 1562 1077 quat
1579 1042 1698 1077 explica—

910 1089 1011 1121 vimus.
1028 1088 1081 1116 ista
1098 1088 1180 1115 etiam
1192 1092 1266 1115 recte
1281 1089 1422 1123 possimus
1440 1088 1601 1123 intelligere,
1615 1089 1698 1115 mini~

911 1141 1018 1168 meque,
1034 1138 1065 1161 ut
1079 1133 1127 1161 Dei
1141 1133 1233 1162 hostes
1249 1134 1354 1166 Ariani,
1371 1135 1532 1162 scandalum
1550 1135 1697 1170 patiamur.

911 1178 1004 1215 Itaque
1016 1180 1133 1214 primum
1155 1180 1191 1208 ab
1208 1180 1290 1215 impie
1311 1181 1490 1208 sentientibus
1504 1180 1702 1215 requirendum

910 1229 961 1258 est,
977 1225 1111 1252 undenam
1126 1231 1188 1252 eum
1206 1224 1332 1260 ignorare
1348 1226 1536 1253 arbitrentur?
1553 1225 1608 1253 Nec
1626 1226 1698 1253 enim

911 1277 984 1302 eum,
998 1270 1045 1305 qui
1061 1270 1220 1305 interrogat.
1234 1278 1346 1298 necesse
1358 1275 1400 1299 est
1416 1271 1590 1306 ignorarede
1599 1271 1699 1306 quibus

911 1314 1060 1350 interrogat
1073 1324 1086 1343 τ
1097 1323 1192 1343 verum
1208 1316 1273 1344 licet
1286 1317 1367 1344 etiam
1386 1317 1516 1344 scientem
1535 1318 1568 1344 de
1581 1318 1624 1345 his
1638 1326 1700 1352 quae

912 1362 1054 1396 cognoscit
1062 1361 1209 1390 sciscitari.
1217 1361 1297 1389 Certe
1310 1362 1369 1397 ipse
1379 1361 1497 1390 Ioannes
1510 1363 1649 1391 Christum
1659 1364 1696 1390 in-

911 1411 1106 1442 terrogantem,
1130 1407 1200 1441 Quot
1220 1414 1300 1442 panes
1321 1408 1433 1441 habetis,
1457 1416 1510 1436 non
1535 1409 1699 1436 nescientem

913 1452 960 1481 sed
985 1452 1117 1481 scientem
1134 1454 1267 1488 agnoscit,
1286 1453 1349 1481 hinc
1368 1454 1440 1481 enim
1454 1454 1493 1481 ait
1509 1464 1516 1481 :
1538 1453 1596 1480 Hoc
1612 1459 1700 1481 autem

912 1498 1016 1526 dicebat
1032 1503 1136 1526 mltum
1160 1498 1315 1533 Philippum
1333 1507 1342 1525 :
1360 1499 1415 1534 ipse
1433 1498 1503 1525 enim
1520 1498 1617 1525 sciebat
1637 1498 1700 1532 quid

913 1548 980 1572 esset
994 1544 1113 1578 facturus
1126 1542 1148 1571 ⁸.
1163 1543 1243 1577 Quod
1260 1545 1283 1572 si
1305 1548 1420 1572 noverat
1438 1544 1504 1579 quid
1521 1543 1632 1576 faceret,
1647 1551 1701 1570 non

915 1593 998 1627 igitur
1011 1592 1134 1620 nesciens
1149 1591 1197 1619 sed
1212 1590 1304 1619 sciens
1324 1590 1518 1626 interrogabat.
1537 1589 1594 1617 Hoc
1611 1593 1701 1616 autem

915 1646 948 1665 ex
969 1637 1029 1665 loco
1053 1637 1105 1664 alia
1120 1644 1266 1672 possumus
1284 1635 1446 1671 intelligere.
1466 1636 1523 1663 Nec
1536 1635 1607 1662 enim
1623 1635 1702 1670 igno-

914 1690 979 1710 rans
987 1681 1120 1710 Dominus
1129 1681 1324 1716 interrogabat,
1335 1679 1447 1708 ubinam
1458 1679 1561 1714 jaceret
1569 1678 1700 1711 Lazarus,

917 1734 1104 1762 neque,quem
1113 1728 1202 1761 ipsum
1212 1726 1338 1754 homines
1347 1725 1478 1757 dicerent,
1488 1724 1535 1753 sed
1545 1724 1597 1751 hoc
1611 1725 1700 1759 ipsum

916 1772 990 1807 quod
1003 1771 1186 1807 interrogabat
1198 1777 1377 1807 cognoscens,
1393 1770 1537 1805 sciensque
1549 1769 1614 1805 quid
1629 1774 1702 1797 esset

918 1818 1041 1846 facturus
1051 1826 1059 1844 :
1070 1821 1152 1852 atque
1168 1817 1205 1844 ita
1222 1815 1351 1844 facillime
1467 1819 1577 1843 acutum
1592 1815 1707 1842 illorum-

916 1863 1055 1898 sophisma
1070 1862 1196 1889 diluitur.
1212 1861 1292 1895 Quod
1304 1862 1328 1890 si
1344 1861 1371 1888 in
1385 1868 1428 1894 eo,
1441 1861 1515 1897 quod
1535 1861 1703 1895 interrogare

915 1909 1026 1940 dicitur.
1034 1908 1120 1936 velint
1141 1908 1284 1941 insistere,
1308 1907 1423 1935 audiant
1445 1907 1547 1935 nullam
1562 1906 1590 1934 in
1602 1906 1705 1933 divini-

916 1959 972 1983 tate
994 1954 1174 1990 ignorantiam
1201 1953 1340 1987 esse,sed
1360 1953 1500 1988 proprium
1526 1959 1588 1980 esse
1613 1952 1709 1979 carnis

917 2001 1062 2037 ignorare,
1094 2001 1134 2028 uti
1158 2000 1264 2028 dictum
1292 2004 1343 2027 est.
1368 1999 1447 2033 Quod
1472 1999 1589 2034 quidem—
1608 2006 1703 2026 verum

915 2057 977 2077 esse
991 2049 1154 2084 comperies,
1168 2048 1193 2076 si
1204 2048 1333 2076 observrs
1348 2054 1403 2082 quo
1413 2051 1494 2082 pacto
1511 2046 1643 2075 Dominus
1656 2047 1709 2081 qu'r‘

917 2094 1094 2129 interrogavit
1110 2093 1156 2121 ubi
1174 2093 1278 2129 iaceret
1296 2091 1429 2125 Lazarus,
1445 2093 1570 2127 ipse-non
1584 2099 1707 2127 praesens

917 2140 965 2167 sed
979 2139 1074 2175 procul
1093 2138 1193 2166 absens
1212 2137 1312 2166 dixerit
1331 2136 1464 2164 Lazarum
1481 2141 1618 2164 mortuum
1633 2143 1704 2168 esse.

918 2191 1008 2219 quove
1022 2184 1051 2211 in
1061 2184 1123 2211 loco
1132 2187 1259 2210 mortuus
1268 2186 1350 2209 esset.
1364 2181 1398 2208 Et
1409 2189 1473 2209 vero
1488 2181 1533 2209 ille
1548 2182 1711 2216 ipse,quem-

919 2230 1043 2266 ignarum
1052 2236 1113 2256 esse
1120 2229 1288 2261 existimant,
1298 2228 1322 2255 is
1330 2231 1372 2255 est
1388 2227 1435 2262 qui
1449 2227 1629 2262 cogitationes
1638 2234 1708 2261 prte-

919 2274 1011 2303 uosc'tt
1030 2274 1237 2309 discipulorum,
1258 2277 1285 2301 et
1304 2281 1365 2309 quae
1386 2273 1415 2300 in
1435 2272 1607 2307 singulorum
1624 2273 1707 2300 corde

920 2325 1061 2357 geruntur,
1076 2320 1196 2355 quidque
1215 2319 1251 2347 sit
1265 2320 1293 2347 in
1304 2319 1414 2346 homine
1427 2323 1554 2346 accurate
1568 2319 1662 2346 novit:
1679 2323 1709 2345 et

919 2367 992 2402 quod
1003 2367 1092 2401 majus
1105 2370 1157 2398 est,
1166 2366 1241 2394 solus
1251 2366 1309 2401 ipse
1321 2364 1426 2393 Patrem
1440 2364 1616 2400 cognoscitet
1625 2364 1705 2392 dicit:

922 2413 977 2449 Ego
992 2414 1020 2440 tu
1035 2412 1127 2445 Patre,
1140 2416 1165 2439 et
1181 2411 1262 2439 Pater
1273 2412 1301 2438 in
1314 2419 1354 2438 me
1369 2415 1408 2438 est
1422 2413 1445 2438 '.

1016 2457 1110 2492 Itaque
1121 2457 1252 2485 omnibus
1262 2456 1444 2491 perspicuum
1452 2459 1497 2483 est
1508 2454 1711 2490 ignorationem

922 2505 955 2533 ad
969 2512 1077 2532 carnem
1090 2503 1235 2539 pertinere,
1252 2503 1342 2538 ipsum
1362 2507 1451 2530 autem
1467 2500 1597 2533 Verbum,
1611 2503 1709 2534 quate-

923 2559 975 2579 nus
988 2549 1105 2578 Verbum
1120 2553 1172 2583 est,
1187 2549 1278 2577 omnia
1290 2549 1367 2584 prius
1386 2548 1467 2577 etiam
1484 2554 1567 2581 quam
1586 2546 1711 2572 oriantur

923 2604 1097 2632 cognoscere.
1110 2594 1165 2623 Nec
1178 2596 1252 2623 enim
1261 2602 1295 2623 eo
1309 2594 1382 2630 quod
1394 2593 1476 2621 homo
1486 2592 1573 2620 factus
1585 2591 1630 2624 sit,
1641 2590 1711 2617 Deus

924 2651 984 2671 esse
992 2643 1073 2670 desiit
1086 2652 1094 2669 :
1107 2649 1196 2676 neque
1206 2641 1271 2676 quia
1285 2640 1357 2668 Deus
1367 2645 1420 2673 est,
1431 2640 1457 2666 id
1472 2637 1546 2673 quod
1561 2637 1711 2664 humanum

925 2694 966 2717 est
980 2688 1066 2723 fugit:
1081 2688 1170 2721 absit;
1185 2687 1232 2715 sed
1246 2687 1338 2722 potius
1347 2686 1417 2713 Deus
1430 2692 1492 2712 cum
1509 2685 1592 2713 esset,
1602 2687 1711 2708 carnem

925 2734 1084 2771 assumpsit,
1101 2739 1128 2762 et
1149 2741 1216 2762 cum
1234 2736 1308 2760 esset
1330 2732 1358 2759 in
1379 2737 1473 2763 carne,
1495 2734 1608 2756 carnem
1624 2725 1716 2760 ipsam

920 2803 929 2818 ⁸
943 2802 1036 2830 Matth.
1053 2812 1097 2836 xx,
1112 2803 1156 2832 52.
1196 2803 1206 2819 ⁸
1220 2802 1301 2830 Joan.
1318 2810 1353 2834 vi,
1371 2802 1396 2828 6.
1437 2801 1446 2816 θ
1459 2800 1537 2827 Joun.
1555 2804 1609 2829 xxv,
1632 2797 1675 2824 10.
