  <div class='ocr_page' id='page_1' title='image "/cluster/home/n/w/nwhite01/storage/ocr_20150623/130/njp.32101010942777/225.png"; bbox 0 0 1902 3078; ppageno 0'>
   <div class='ocr_carea' id='block_1_1' title="bbox 198 130 252 161">
    <p class='ocr_par' dir='ltr' id='par_1_1' title="bbox 198 130 252 161">
     <span class='ocr_line' id='line_1_1' title="bbox 198 130 252 161; baseline 0.019 -1"><span class='ocrx_word' id='word_1_1' title='bbox 198 130 252 161; x_wconf 74' lang='grc'><strong>435</strong></span> 
     </span>
    </p>
   </div>
   <div class='ocr_carea' id='block_1_2' title="bbox 197 179 1026 218">
    <p class='ocr_par' dir='ltr' id='par_1_2' title="bbox 197 179 1026 218">
     <span class='ocr_line' id='line_1_2' title="bbox 197 179 1026 218; baseline -0.01 -6"><span class='ocrx_word' id='word_1_2' title='bbox 197 185 318 213; x_wconf 79' lang='lat' dir='ltr'><strong>divinam</strong></span> <span class='ocrx_word' id='word_1_3' title='bbox 333 182 461 211; x_wconf 83' lang='lat' dir='ltr'><strong>reddidit.</strong></span> <span class='ocrx_word' id='word_1_4' title='bbox 473 181 540 210; x_wconf 80' lang='lat' dir='ltr'><strong>Nam</strong></span> <span class='ocrx_word' id='word_1_5' title='bbox 551 179 782 218; x_wconf 73' lang='lat' dir='ltr'><strong>quemadmodum</strong></span> <span class='ocrx_word' id='word_1_6' title='bbox 792 179 820 206; x_wconf 94' lang='lat' dir='ltr'><strong>in</strong></span> <span class='ocrx_word' id='word_1_7' title='bbox 835 179 892 214; x_wconf 90' lang='lat' dir='ltr'><strong>ipsa</strong></span> <span class='ocrx_word' id='word_1_8' title='bbox 905 179 989 205; x_wconf 85' lang='lat' dir='ltr'><strong>inter-</strong></span> <span class='ocrx_word' id='word_1_9' title='bbox 1003 181 1026 209; x_wconf 71' lang='grc' dir='ltr'><strong>Α</strong></span> 
     </span>
    </p>
   </div>
   <div class='ocr_carea' id='block_1_3' title="bbox 198 225 986 267">
    <p class='ocr_par' dir='ltr' id='par_1_3' title="bbox 198 225 986 267">
     <span class='ocr_line' id='line_1_3' title="bbox 198 225 986 267; baseline -0.01 -8"><span class='ocrx_word' id='word_1_10' title='bbox 198 231 322 267; x_wconf 70' lang='lat' dir='ltr'><strong>rogabat,</strong></span> <span class='ocrx_word' id='word_1_11' title='bbox 349 229 386 257; x_wconf 82' lang='lat' dir='ltr'><strong>ita</strong></span> <span class='ocrx_word' id='word_1_12' title='bbox 419 229 447 256; x_wconf 91' lang='lat' dir='ltr'><strong>in</strong></span> <span class='ocrx_word' id='word_1_13' title='bbox 463 229 560 256; x_wconf 85' lang='lat' dir='ltr'><strong>eadem</strong></span> <span class='ocrx_word' id='word_1_14' title='bbox 575 232 713 255; x_wconf 83' lang='lat' dir='ltr'><strong>mortuum</strong></span> <span class='ocrx_word' id='word_1_15' title='bbox 738 226 879 257; x_wconf 78' lang='lat' dir='ltr'><strong>excitavit,</strong></span> <span class='ocrx_word' id='word_1_16' title='bbox 896 225 986 252; x_wconf 90' lang='lat' dir='ltr'><strong>omni-</strong></span> 
     </span>
    </p>
   </div>
   <div class='ocr_carea' id='block_1_4' title="bbox 197 271 989 312">
    <p class='ocr_par' dir='ltr' id='par_1_4' title="bbox 197 271 989 312">
     <span class='ocr_line' id='line_1_4' title="bbox 197 271 989 312; baseline -0.01 -6"><span class='ocrx_word' id='word_1_17' title='bbox 197 279 304 312; x_wconf 81' lang='lat' dir='ltr'><strong>busque</strong></span> <span class='ocrx_word' id='word_1_18' title='bbox 320 280 416 311; x_wconf 87' lang='lat' dir='ltr'><strong>aperte</strong></span> <span class='ocrx_word' id='word_1_19' title='bbox 431 275 564 303; x_wconf 83' lang='lat' dir='ltr'><strong>indicavit</strong></span> <span class='ocrx_word' id='word_1_20' title='bbox 581 282 644 301; x_wconf 84' lang='lat' dir='ltr'><strong>eum</strong></span> <span class='ocrx_word' id='word_1_21' title='bbox 661 273 707 309; x_wconf 89' lang='lat' dir='ltr'><strong>qui</strong></span> <span class='ocrx_word' id='word_1_22' title='bbox 733 272 850 300; x_wconf 88' lang='lat' dir='ltr'><strong>mortuis</strong></span> <span class='ocrx_word' id='word_1_23' title='bbox 867 271 950 299; x_wconf 86' lang='lat' dir='ltr'><strong>vitam</strong></span> <span class='ocrx_word' id='word_1_24' title='bbox 962 275 989 298; x_wconf 91' lang='lat' dir='ltr'><strong>et</strong></span> 
     </span>
    </p>
   </div>
   <div class='ocr_carea' id='block_1_5' title="bbox 197 316 989 354">
    <p class='ocr_par' dir='ltr' id='par_1_5' title="bbox 197 316 989 354">
     <span class='ocr_line' id='line_1_5' title="bbox 197 316 989 354; baseline -0.01 -3"><span class='ocrx_word' id='word_1_25' title='bbox 197 325 317 352; x_wconf 85' lang='lat' dir='ltr'><strong>animam</strong></span> <span class='ocrx_word' id='word_1_26' title='bbox 331 321 461 354; x_wconf 85' lang='lat' dir='ltr'><strong>restituit,</strong></span> <span class='ocrx_word' id='word_1_27' title='bbox 488 320 574 348; x_wconf 90' lang='lat' dir='ltr'><strong>multo</strong></span> <span class='ocrx_word' id='word_1_28' title='bbox 604 319 689 354; x_wconf 75' lang='lat' dir='ltr'><strong>magis</strong></span> <span class='ocrx_word' id='word_1_29' title='bbox 703 326 746 346; x_wconf 86' lang='lat' dir='ltr'><strong>res</strong></span> <span class='ocrx_word' id='word_1_30' title='bbox 757 325 853 346; x_wconf 85' lang='lat' dir='ltr'><strong>omnes</strong></span> <span class='ocrx_word' id='word_1_31' title='bbox 867 316 989 344; x_wconf 85' lang='lat' dir='ltr'><strong>occultas</strong></span> 
     </span>
    </p>
   </div>
   <div class='ocr_carea' id='block_1_6' title="bbox 197 363 988 405">
    <p class='ocr_par' dir='ltr' id='par_1_6' title="bbox 197 363 988 405">
     <span class='ocr_line' id='line_1_6' title="bbox 197 363 988 405; baseline -0.009 -8"><span class='ocrx_word' id='word_1_32' title='bbox 197 370 300 405; x_wconf 87' lang='lat' dir='ltr'><strong>optime</strong></span> <span class='ocrx_word' id='word_1_33' title='bbox 319 376 412 396; x_wconf 88' lang='lat' dir='ltr'><strong>nosse.</strong></span> <span class='ocrx_word' id='word_1_34' title='bbox 431 366 541 399; x_wconf 86' lang='lat' dir='ltr'><strong>Sciebat</strong></span> <span class='ocrx_word' id='word_1_35' title='bbox 566 365 648 402; x_wconf 72' lang='lat' dir='ltr'><strong>igitur</strong></span> <span class='ocrx_word' id='word_1_36' title='bbox 667 365 712 393; x_wconf 91' lang='lat' dir='ltr'><strong>ubi</strong></span> <span class='ocrx_word' id='word_1_37' title='bbox 724 364 832 400; x_wconf 81' lang='lat' dir='ltr'><strong>jaceer</strong></span> <span class='ocrx_word' id='word_1_38' title='bbox 856 363 988 396; x_wconf 80' lang='lat' dir='ltr'><strong>Lazarus,</strong></span> 
     </span>
    </p>
   </div>
   <div class='ocr_carea' id='block_1_7' title="bbox 198 408 989 444">
    <p class='ocr_par' dir='ltr' id='par_1_7' title="bbox 198 408 989 444">
     <span class='ocr_line' id='line_1_7' title="bbox 198 408 989 444; baseline -0.011 -1"><span class='ocrx_word' id='word_1_39' title='bbox 198 417 246 444; x_wconf 84' lang='lat' dir='ltr'><strong>sed</strong></span> <span class='ocrx_word' id='word_1_40' title='bbox 260 420 351 443; x_wconf 85' lang='lat' dir='ltr'><strong>tamen</strong></span> <span class='ocrx_word' id='word_1_41' title='bbox 368 413 523 441; x_wconf 71' lang='lat' dir='ltr'><strong>sciscitatus</strong></span> <span class='ocrx_word' id='word_1_42' title='bbox 539 416 592 440; x_wconf 84' lang='lat' dir='ltr'><strong>est.</strong></span> <span class='ocrx_word' id='word_1_43' title='bbox 610 411 637 439; x_wconf 87' lang='lat' dir='ltr'><strong>Id</strong></span> <span class='ocrx_word' id='word_1_44' title='bbox 652 415 745 438; x_wconf 87' lang='lat' dir='ltr'><strong>autem</strong></span> <span class='ocrx_word' id='word_1_45' title='bbox 767 409 833 437; x_wconf 75' lang='lat' dir='ltr'><strong>fecit</strong></span> <span class='ocrx_word' id='word_1_46' title='bbox 847 408 989 436; x_wconf 82' lang='lat' dir='ltr'><strong>sanctissi-</strong></span> 
     </span>
    </p>
   </div>
   <div class='ocr_carea' id='block_1_8' title="bbox 198 455 989 494">
    <p class='ocr_par' dir='ltr' id='par_1_8' title="bbox 198 455 989 494">
     <span class='ocr_line' id='line_1_8' title="bbox 198 455 989 494; baseline -0.01 -5"><span class='ocrx_word' id='word_1_47' title='bbox 198 469 273 490; x_wconf 90' lang='lat' dir='ltr'><strong>mum</strong></span> <span class='ocrx_word' id='word_1_48' title='bbox 294 460 341 489; x_wconf 86' lang='lat' dir='ltr'><strong>Dei</strong></span> <span class='ocrx_word' id='word_1_49' title='bbox 357 459 487 492; x_wconf 82' lang='lat' dir='ltr'><strong>Verbum,</strong></span> <span class='ocrx_word' id='word_1_50' title='bbox 502 459 575 494; x_wconf 90' lang='lat' dir='ltr'><strong>quod</strong></span> <span class='ocrx_word' id='word_1_51' title='bbox 591 458 684 486; x_wconf 80' lang='lat' dir='ltr'><strong>omnia</strong></span> <span class='ocrx_word' id='word_1_52' title='bbox 700 456 786 485; x_wconf 78' lang='lat' dir='ltr'><strong>nostri</strong></span> <span class='ocrx_word' id='word_1_53' title='bbox 806 463 889 483; x_wconf 88' lang='lat' dir='ltr'><strong>causa</strong></span> <span class='ocrx_word' id='word_1_54' title='bbox 904 455 989 483; x_wconf 88' lang='lat' dir='ltr'><strong>susti-</strong></span> 
     </span>
    </p>
   </div>
   <div class='ocr_carea' id='block_1_9' title="bbox 202 501 989 541">
    <p class='ocr_par' dir='ltr' id='par_1_9' title="bbox 202 501 989 541">
     <span class='ocr_line' id='line_1_9' title="bbox 202 501 989 541; baseline -0.01 -6"><span class='ocrx_word' id='word_1_55' title='bbox 202 509 274 541; x_wconf 87' lang='lat' dir='ltr'><strong>nuit,</strong></span> <span class='ocrx_word' id='word_1_56' title='bbox 289 514 351 535; x_wconf 91' lang='lat' dir='ltr'><strong>cum</strong></span> <span class='ocrx_word' id='word_1_57' title='bbox 369 510 398 533; x_wconf 93' lang='lat' dir='ltr'><strong>ut</strong></span> <span class='ocrx_word' id='word_1_58' title='bbox 413 505 465 533; x_wconf 83' lang='lat' dir='ltr'><strong>hoc</strong></span> <span class='ocrx_word' id='word_1_59' title='bbox 481 505 563 533; x_wconf 86' lang='lat' dir='ltr'><strong>modo</strong></span> <span class='ocrx_word' id='word_1_60' title='bbox 581 509 704 532; x_wconf 85' lang='lat' dir='ltr'><strong>nostram</strong></span> <span class='ocrx_word' id='word_1_61' title='bbox 723 501 907 539; x_wconf 77' lang='lat' dir='ltr'><strong>ignorantiam</strong></span> <span class='ocrx_word' id='word_1_62' title='bbox 923 509 989 537; x_wconf 90' lang='lat' dir='ltr'><strong>por-</strong></span> 
     </span>
    </p>
   </div>
   <div class='ocr_carea' id='block_1_10' title="bbox 202 547 990 586">
    <p class='ocr_par' dir='ltr' id='par_1_10' title="bbox 202 547 990 586">
     <span class='ocr_line' id='line_1_10' title="bbox 202 547 990 586; baseline -0.009 -5"><span class='ocrx_word' id='word_1_63' title='bbox 202 559 275 586; x_wconf 86' lang='lat' dir='ltr'><strong>tans,</strong></span> <span class='ocrx_word' id='word_1_64' title='bbox 292 552 372 580; x_wconf 84' lang='lat' dir='ltr'><strong>nobis</strong></span> <span class='ocrx_word' id='word_1_65' title='bbox 385 551 472 580; x_wconf 86' lang='lat' dir='ltr'><strong>solius</strong></span> <span class='ocrx_word' id='word_1_66' title='bbox 485 551 542 578; x_wconf 85' lang='lat' dir='ltr'><strong>veri</strong></span> <span class='ocrx_word' id='word_1_67' title='bbox 559 550 601 577; x_wconf 86' lang='lat' dir='ltr'><strong>sui</strong></span> <span class='ocrx_word' id='word_1_68' title='bbox 621 550 710 577; x_wconf 78' lang='lat' dir='ltr'><strong>Patris</strong></span> <span class='ocrx_word' id='word_1_69' title='bbox 734 548 922 585; x_wconf 72' lang='lat' dir='ltr'><strong>cognitionem</strong></span> <span class='ocrx_word' id='word_1_70' title='bbox 938 547 990 574; x_wconf 87' lang='lat' dir='ltr'><strong>im-</strong></span> 
     </span>
    </p>
   </div>
   <div class='ocr_carea' id='block_1_11' title="bbox 198 593 991 635">
    <p class='ocr_par' dir='ltr' id='par_1_11' title="bbox 198 593 991 635">
     <span class='ocr_line' id='line_1_11' title="bbox 198 593 991 635; baseline -0.008 -8"><span class='ocrx_word' id='word_1_71' title='bbox 198 600 323 635; x_wconf 82' lang='lat' dir='ltr'><strong>pertiret,</strong></span> <span class='ocrx_word' id='word_1_72' title='bbox 339 603 395 626; x_wconf 91' lang='lat' dir='ltr'><strong>tum</strong></span> <span class='ocrx_word' id='word_1_73' title='bbox 413 602 500 625; x_wconf 82' lang='lat' dir='ltr'><strong>utnos</strong></span> <span class='ocrx_word' id='word_1_74' title='bbox 513 597 625 624; x_wconf 79' lang='lat' dir='ltr'><strong>doceret</strong></span> <span class='ocrx_word' id='word_1_75' title='bbox 637 596 756 632; x_wconf 86' lang='lat' dir='ltr'><strong>seipsum</strong></span> <span class='ocrx_word' id='word_1_76' title='bbox 770 599 882 630; x_wconf 82' lang='lat' dir='ltr'><strong>propter</strong></span> <span class='ocrx_word' id='word_1_77' title='bbox 895 601 945 622; x_wconf 78' lang='lat' dir='ltr'><strong>nos</strong></span> <span class='ocrx_word' id='word_1_78' title='bbox 955 593 991 622; x_wconf 84' lang='lat' dir='ltr'><strong>ad</strong></span> 
     </span>
    </p>
   </div>
   <div class='ocr_carea' id='block_1_12' title="bbox 197 639 991 675">
    <p class='ocr_par' dir='ltr' id='par_1_12' title="bbox 197 639 991 675">
     <span class='ocr_line' id='line_1_12' title="bbox 197 639 991 675; baseline -0.009 -2"><span class='ocrx_word' id='word_1_79' title='bbox 197 646 320 673; x_wconf 88' lang='lat' dir='ltr'><strong>omnium</strong></span> <span class='ocrx_word' id='word_1_80' title='bbox 346 644 460 672; x_wconf 84' lang='lat' dir='ltr'><strong>salutem</strong></span> <span class='ocrx_word' id='word_1_81' title='bbox 487 643 601 671; x_wconf 87' lang='lat' dir='ltr'><strong>missum</strong></span> <span class='ocrx_word' id='word_1_82' title='bbox 630 649 704 674; x_wconf 89' lang='lat' dir='ltr'><strong>esse,</strong></span> <span class='ocrx_word' id='word_1_83' title='bbox 728 648 780 675; x_wconf 88' lang='lat' dir='ltr'><strong>qua</strong></span> <span class='ocrx_word' id='word_1_84' title='bbox 805 640 891 673; x_wconf 75' lang='lat' dir='ltr'><strong>gratia</strong></span> <span class='ocrx_word' id='word_1_85' title='bbox 915 639 991 667; x_wconf 89' lang='lat' dir='ltr'><strong>nulla</strong></span> 
     </span>
    </p>
   </div>
   <div class='ocr_carea' id='block_1_13' title="bbox 198 685 991 726">
    <p class='ocr_par' dir='ltr' id='par_1_13' title="bbox 198 685 991 726">
     <span class='ocr_line' id='line_1_13' title="bbox 198 685 991 726; baseline -0.01 -6"><span class='ocrx_word' id='word_1_86' title='bbox 198 697 273 720; x_wconf 82' lang='lat' dir='ltr'><strong>certe</strong></span> <span class='ocrx_word' id='word_1_87' title='bbox 288 691 374 726; x_wconf 72' lang='lat' dir='ltr'><strong>major</strong></span> <span class='ocrx_word' id='word_1_88' title='bbox 387 691 473 726; x_wconf 82' lang='lat' dir='ltr'><strong>possit</strong></span> <span class='ocrx_word' id='word_1_89' title='bbox 488 697 560 717; x_wconf 87' lang='lat' dir='ltr'><strong>esse.</strong></span> <span class='ocrx_word' id='word_1_90' title='bbox 577 690 612 716; x_wconf 82' lang='lat' dir='ltr'><strong>At</strong></span> <span class='ocrx_word' id='word_1_91' title='bbox 627 688 649 715; x_wconf 88' lang='lat' dir='ltr'><strong>si</strong></span> <span class='ocrx_word' id='word_1_92' title='bbox 670 687 788 714; x_wconf 75' lang='lat' dir='ltr'><strong>Verbum</strong></span> <span class='ocrx_word' id='word_1_93' title='bbox 805 686 880 714; x_wconf 87' lang='lat' dir='ltr'><strong>venit</strong></span> <span class='ocrx_word' id='word_1_94' title='bbox 897 689 924 713; x_wconf 89' lang='lat' dir='ltr'><strong>ut</strong></span> <span class='ocrx_word' id='word_1_95' title='bbox 942 685 991 713; x_wconf 80' lang='lat' dir='ltr'><strong>lio-</strong></span> 
     </span>
    </p>
   </div>
   <div class='ocr_carea' id='block_1_14' title="bbox 197 730 992 773">
    <p class='ocr_par' dir='ltr' id='par_1_14' title="bbox 197 730 992 773">
     <span class='ocr_line' id='line_1_14' title="bbox 197 730 992 773; baseline -0.01 -8"><span class='ocrx_word' id='word_1_96' title='bbox 197 738 304 765; x_wconf 88' lang='lat' dir='ltr'><strong>minum</strong></span> <span class='ocrx_word' id='word_1_97' title='bbox 331 743 418 773; x_wconf 77' lang='lat' dir='ltr'><strong>genus</strong></span> <span class='ocrx_word' id='word_1_98' title='bbox 443 735 591 763; x_wconf 82' lang='lat' dir='ltr'><strong>redimeret</strong></span> <span class='ocrx_word' id='word_1_99' title='bbox 605 738 687 769; x_wconf 85' lang='lat' dir='ltr'><strong>atque</strong></span> <span class='ocrx_word' id='word_1_100' title='bbox 712 736 742 760; x_wconf 88' lang='lat' dir='ltr'><strong>ut</strong></span> <span class='ocrx_word' id='word_1_101' title='bbox 755 736 867 760; x_wconf 86' lang='lat' dir='ltr'><strong>sanctos</strong></span> <span class='ocrx_word' id='word_1_102' title='bbox 884 730 946 758; x_wconf 86' lang='lat' dir='ltr'><strong>illos</strong></span> <span class='ocrx_word' id='word_1_103' title='bbox 963 734 992 758; x_wconf 90' lang='lat' dir='ltr'><strong>et</strong></span> 
     </span>
    </p>
   </div>
   <div class='ocr_carea' id='block_1_15' title="bbox 198 777 992 812">
    <p class='ocr_par' dir='ltr' id='par_1_15' title="bbox 198 777 992 812">
     <span class='ocr_line' id='line_1_15' title="bbox 198 777 992 812; baseline -0.009 -1"><span class='ocrx_word' id='word_1_104' title='bbox 198 784 306 812; x_wconf 82' lang='lat' dir='ltr'><strong>divinos</strong></span> <span class='ocrx_word' id='word_1_105' title='bbox 325 782 456 810; x_wconf 82' lang='lat' dir='ltr'><strong>redderet</strong></span> <span class='ocrx_word' id='word_1_106' title='bbox 469 788 533 809; x_wconf 85' lang='lat' dir='ltr'><strong>caro</strong></span> <span class='ocrx_word' id='word_1_107' title='bbox 551 780 653 807; x_wconf 78' lang='lat' dir='ltr'><strong>factum</strong></span> <span class='ocrx_word' id='word_1_108' title='bbox 671 784 723 811; x_wconf 89' lang='lat' dir='ltr'><strong>est,</strong></span> <span class='ocrx_word' id='word_1_109' title='bbox 742 777 786 805; x_wconf 86' lang='lat' dir='ltr'><strong>cui</strong></span> <span class='ocrx_word' id='word_1_110' title='bbox 802 777 924 805; x_wconf 91' lang='lat' dir='ltr'><strong>nondum</strong></span> <span class='ocrx_word' id='word_1_111' title='bbox 944 784 992 804; x_wconf 82' lang='lat' dir='ltr'><strong>ex-</strong></span> 
     </span>
    </p>
   </div>
   <div class='ocr_carea' id='block_1_16' title="bbox 198 825 990 866">
    <p class='ocr_par' dir='ltr' id='par_1_16' title="bbox 198 825 990 866">
     <span class='ocr_line' id='line_1_16' title="bbox 198 825 990 866; baseline -0.009 -9"><span class='ocrx_word' id='word_1_112' title='bbox 198 830 334 866; x_wconf 88' lang='lat' dir='ltr'><strong>ploratum</strong></span> <span class='ocrx_word' id='word_1_113' title='bbox 352 833 397 856; x_wconf 81' lang='lat' dir='ltr'><strong>est</strong></span> <span class='ocrx_word' id='word_1_114' title='bbox 423 835 455 855; x_wconf 89' lang='lat' dir='ltr'><strong>ea</strong></span> <span class='ocrx_word' id='word_1_115' title='bbox 471 834 532 860; x_wconf 72' lang='lat' dir='ltr'><strong>quae</strong></span> <span class='ocrx_word' id='word_1_116' title='bbox 545 834 607 853; x_wconf 90' lang='lat' dir='ltr'><strong>cum</strong></span> <span class='ocrx_word' id='word_1_117' title='bbox 624 833 688 852; x_wconf 87' lang='lat' dir='ltr'><strong>caro</strong></span> <span class='ocrx_word' id='word_1_118' title='bbox 702 825 803 853; x_wconf 80' lang='lat' dir='ltr'><strong>factum</strong></span> <span class='ocrx_word' id='word_1_119' title='bbox 826 828 878 855; x_wconf 85' lang='lat' dir='ltr'><strong>est.</strong></span> <span class='ocrx_word' id='word_1_120' title='bbox 895 831 926 851; x_wconf 82' lang='lat' dir='ltr'><strong>se</strong></span> <span class='ocrx_word' id='word_1_121' title='bbox 945 831 990 851; x_wconf 86' lang='lat' dir='ltr'><strong>ac-</strong></span> 
     </span>
    </p>
   </div>
   <div class='ocr_carea' id='block_1_17' title="bbox 198 870 990 911">
    <p class='ocr_par' dir='ltr' id='par_1_17' title="bbox 198 870 990 911">
     <span class='ocr_line' id='line_1_17' title="bbox 198 870 990 911; baseline -0.009 -8"><span class='ocrx_word' id='word_1_122' title='bbox 198 876 304 911; x_wconf 70' lang='lat' dir='ltr'><strong>crpisse</strong></span> <span class='ocrx_word' id='word_1_123' title='bbox 321 878 448 907; x_wconf 80' lang='lat' dir='ltr'><strong>testatur,</strong></span> <span class='ocrx_word' id='word_1_124' title='bbox 468 881 523 900; x_wconf 93' lang='lat' dir='ltr'><strong>non</strong></span> <span class='ocrx_word' id='word_1_125' title='bbox 550 877 663 908; x_wconf 86' lang='lat' dir='ltr'><strong>propter</strong></span> <span class='ocrx_word' id='word_1_126' title='bbox 686 871 822 906; x_wconf 85' lang='lat' dir='ltr'><strong>seipsum,</strong></span> <span class='ocrx_word' id='word_1_127' title='bbox 841 870 890 898; x_wconf 87' lang='lat' dir='ltr'><strong>sed</strong></span> <span class='ocrx_word' id='word_1_128' title='bbox 923 877 990 905; x_wconf 90' lang='lat' dir='ltr'><strong>pro-</strong></span> 
     </span>
    </p>
   </div>
   <div class='ocr_carea' id='block_1_18' title="bbox 203 916 992 957">
    <p class='ocr_par' dir='ltr' id='par_1_18' title="bbox 203 916 992 957">
     <span class='ocr_line' id='line_1_18' title="bbox 203 916 992 957; baseline -0.008 -8"><span class='ocrx_word' id='word_1_129' title='bbox 203 926 267 957; x_wconf 83' lang='lat' dir='ltr'><strong>pter</strong></span> <span class='ocrx_word' id='word_1_130' title='bbox 293 928 404 949; x_wconf 89' lang='lat' dir='ltr'><strong>carnem</strong></span> <span class='ocrx_word' id='word_1_131' title='bbox 432 927 462 948; x_wconf 90' lang='lat' dir='ltr'><strong>se</strong></span> <span class='ocrx_word' id='word_1_132' title='bbox 487 920 627 955; x_wconf 81' lang='lat' dir='ltr'><strong>accepisse</strong></span> <span class='ocrx_word' id='word_1_133' title='bbox 653 917 825 955; x_wconf 76' lang='lat' dir='ltr'><strong>signiﬁcare?</strong></span> <span class='ocrx_word' id='word_1_134' title='bbox 851 916 992 952; x_wconf 83' lang='lat' dir='ltr'><strong>Siquidem</strong></span> 
     </span>
    </p>
   </div>
   <div class='ocr_carea' id='block_1_19' title="bbox 201 960 994 1004">
    <p class='ocr_par' dir='ltr' id='par_1_19' title="bbox 201 960 994 1004">
     <span class='ocr_line' id='line_1_19' title="bbox 201 960 994 1004; baseline -0.004 -11"><span class='ocrx_word' id='word_1_135' title='bbox 201 967 294 1004; x_wconf 62' lang='lat' dir='ltr'><strong>gratiae</strong></span> <span class='ocrx_word' id='word_1_136' title='bbox 305 975 354 1002; x_wconf 89' lang='lat' dir='ltr'><strong>per</strong></span> <span class='ocrx_word' id='word_1_137' title='bbox 369 966 457 1002; x_wconf 88' lang='lat' dir='ltr'><strong>ipsum</strong></span> <span class='ocrx_word' id='word_1_138' title='bbox 473 974 489 993; x_wconf 90' lang='lat' dir='ltr'><strong>a</strong></span> <span class='ocrx_word' id='word_1_139' title='bbox 503 966 585 993; x_wconf 84' lang='lat' dir='ltr'><strong>Patre</strong></span> <span class='ocrx_word' id='word_1_140' title='bbox 599 965 669 993; x_wconf 71' lang='lat' dir='ltr'><strong>data.-</strong></span> <span class='ocrx_word' id='word_1_141' title='bbox 677 960 713 992; x_wconf 74' lang='lat' dir='ltr'><strong>ad</strong></span> <span class='ocrx_word' id='word_1_142' title='bbox 728 964 801 992; x_wconf 84' lang='lat' dir='ltr'><strong>illam</strong></span> <span class='ocrx_word' id='word_1_143' title='bbox 817 963 994 999; x_wconf 82' lang='lat' dir='ltr'><strong>pertinebant</strong></span> 
     </span>
    </p>
   </div>
   <div class='ocr_carea' id='block_1_20' title="bbox 201 1009 991 1047">
    <p class='ocr_par' dir='ltr' id='par_1_20' title="bbox 201 1009 991 1047">
     <span class='ocr_line' id='line_1_20' title="bbox 201 1009 991 1047; baseline -0.004 -7"><span class='ocrx_word' id='word_1_144' title='bbox 201 1020 324 1046; x_wconf 75' lang='lat' dir='ltr'><strong>carnem,</strong></span> <span class='ocrx_word' id='word_1_145' title='bbox 345 1013 373 1040; x_wconf 92' lang='lat' dir='ltr'><strong>in</strong></span> <span class='ocrx_word' id='word_1_146' title='bbox 388 1020 442 1047; x_wconf 85' lang='lat' dir='ltr'><strong>qua</strong></span> <span class='ocrx_word' id='word_1_147' title='bbox 459 1011 506 1039; x_wconf 87' lang='lat' dir='ltr'><strong>ille</strong></span> <span class='ocrx_word' id='word_1_148' title='bbox 528 1012 587 1047; x_wconf 86' lang='lat' dir='ltr'><strong>ipse</strong></span> <span class='ocrx_word' id='word_1_149' title='bbox 601 1015 663 1039; x_wconf 84' lang='lat' dir='ltr'><strong>erat</strong></span> <span class='ocrx_word' id='word_1_150' title='bbox 678 1011 725 1046; x_wconf 80' lang='lat' dir='ltr'><strong>qui</strong></span> <span class='ocrx_word' id='word_1_151' title='bbox 743 1010 794 1038; x_wconf 86' lang='lat' dir='ltr'><strong>ista</strong></span> <span class='ocrx_word' id='word_1_152' title='bbox 821 1009 991 1045; x_wconf 85' lang='lat' dir='ltr'><strong>loquebatur.</strong></span> 
     </span>
    </p>
   </div>
   <div class='ocr_carea' id='block_1_21' title="bbox 202 1055 993 1094">
    <p class='ocr_par' dir='ltr' id='par_1_21' title="bbox 202 1055 993 1094">
     <span class='ocr_line' id='line_1_21' title="bbox 202 1055 993 1094; baseline -0.001 -10"><span class='ocrx_word' id='word_1_153' title='bbox 202 1058 350 1087; x_wconf 70' lang='lat' dir='ltr'><strong>Videamus</strong></span> <span class='ocrx_word' id='word_1_154' title='bbox 368 1063 460 1086; x_wconf 89' lang='lat' dir='ltr'><strong>autem</strong></span> <span class='ocrx_word' id='word_1_155' title='bbox 479 1065 606 1094; x_wconf 80' lang='lat' dir='ltr'><strong>quaenam</strong></span> <span class='ocrx_word' id='word_1_156' title='bbox 628 1057 750 1093; x_wconf 79' lang='lat' dir='ltr'><strong>petebat,</strong></span> <span class='ocrx_word' id='word_1_157' title='bbox 767 1060 794 1084; x_wconf 85' lang='lat' dir='ltr'><strong>et</strong></span> <span class='ocrx_word' id='word_1_158' title='bbox 804 1063 866 1092; x_wconf 69' lang='lat' dir='ltr'><strong>quae</strong></span> <span class='ocrx_word' id='word_1_159' title='bbox 882 1055 993 1083; x_wconf 88' lang='lat' dir='ltr'><strong>tandem</strong></span> 
     </span>
    </p>
   </div>
   <div class='ocr_carea' id='block_1_22' title="bbox 201 1100 993 1138">
    <p class='ocr_par' dir='ltr' id='par_1_22' title="bbox 201 1100 993 1138">
     <span class='ocr_line' id='line_1_22' title="bbox 201 1100 993 1138; baseline -0.005 -7"><span class='ocrx_word' id='word_1_160' title='bbox 201 1103 248 1131; x_wconf 87' lang='lat' dir='ltr'><strong>illa</strong></span> <span class='ocrx_word' id='word_1_161' title='bbox 285 1108 351 1132; x_wconf 86' lang='lat' dir='ltr'><strong>sunt</strong></span> <span class='ocrx_word' id='word_1_162' title='bbox 392 1111 454 1138; x_wconf 73' lang='lat' dir='ltr'><strong>qua:</strong></span> <span class='ocrx_word' id='word_1_163' title='bbox 480 1109 511 1130; x_wconf 87' lang='lat' dir='ltr'><strong>se</strong></span> <span class='ocrx_word' id='word_1_164' title='bbox 547 1102 689 1137; x_wconf 79' lang='lat' dir='ltr'><strong>accepisse</strong></span> <span class='ocrx_word' id='word_1_165' title='bbox 727 1101 806 1134; x_wconf 81' lang='lat' dir='ltr'><strong>dixit,</strong></span> <span class='ocrx_word' id='word_1_166' title='bbox 841 1105 871 1128; x_wconf 89' lang='lat' dir='ltr'><strong>ut</strong></span> <span class='ocrx_word' id='word_1_167' title='bbox 897 1100 993 1128; x_wconf 77' lang='lat' dir='ltr'><strong>saltent</strong></span> 
     </span>
    </p>
   </div>
   <div class='ocr_carea' id='block_1_23' title="bbox 201 1145 993 1182">
    <p class='ocr_par' dir='ltr' id='par_1_23' title="bbox 201 1145 993 1182">
     <span class='ocr_line' id='line_1_23' title="bbox 201 1145 993 1182; baseline -0.006 -5"><span class='ocrx_word' id='word_1_168' title='bbox 201 1149 239 1177; x_wconf 83' lang='lat' dir='ltr'><strong>ita</strong></span> <span class='ocrx_word' id='word_1_169' title='bbox 255 1148 292 1176; x_wconf 88' lang='lat' dir='ltr'><strong>illi</strong></span> <span class='ocrx_word' id='word_1_170' title='bbox 307 1148 480 1176; x_wconf 85' lang='lat' dir='ltr'><strong>erubescant.</strong></span> <span class='ocrx_word' id='word_1_171' title='bbox 490 1147 610 1176; x_wconf 86' lang='lat' dir='ltr'><strong>Gloriam</strong></span> <span class='ocrx_word' id='word_1_172' title='bbox 623 1147 706 1182; x_wconf 72' lang='lat' dir='ltr'><strong>igitur</strong></span> <span class='ocrx_word' id='word_1_173' title='bbox 716 1146 827 1182; x_wconf 83' lang='lat' dir='ltr'><strong>petebat</strong></span> <span class='ocrx_word' id='word_1_174' title='bbox 841 1146 849 1161; x_wconf 81' lang='grc'><strong>⁸</strong></span> <span class='ocrx_word' id='word_1_175' title='bbox 864 1164 872 1178; x_wconf 90' lang='grc'><strong>,</strong></span> <span class='ocrx_word' id='word_1_176' title='bbox 889 1145 993 1173; x_wconf 83' lang='lat' dir='ltr'><strong>aiebat-</strong></span> 
     </span>
    </p>
   </div>
   <div class='ocr_carea' id='block_1_24' title="bbox 202 1192 992 1231">
    <p class='ocr_par' dir='ltr' id='par_1_24' title="bbox 202 1192 992 1231">
     <span class='ocr_line' id='line_1_24' title="bbox 202 1192 992 1231; baseline -0.005 -8"><span class='ocrx_word' id='word_1_177' title='bbox 202 1203 265 1231; x_wconf 84' lang='lat' dir='ltr'><strong>que,</strong></span> <span class='ocrx_word' id='word_1_178' title='bbox 278 1194 374 1223; x_wconf 81' lang='lat' dir='ltr'><strong>Omnia</strong></span> <span class='ocrx_word' id='word_1_179' title='bbox 390 1195 453 1222; x_wconf 78' lang='lat' dir='ltr'><strong>milii</strong></span> <span class='ocrx_word' id='word_1_180' title='bbox 465 1194 565 1221; x_wconf 82' lang='lat' dir='ltr'><strong>tradita</strong></span> <span class='ocrx_word' id='word_1_181' title='bbox 578 1193 658 1220; x_wconf 74' lang='lat' dir='ltr'><strong>aunt&#39;</strong></span> <span class='ocrx_word' id='word_1_182' title='bbox 673 1202 680 1220; x_wconf 89' lang='lat'><strong>:</strong></span> <span class='ocrx_word' id='word_1_183' title='bbox 705 1197 767 1228; x_wconf 88' lang='lat' dir='ltr'><strong>post</strong></span> <span class='ocrx_word' id='word_1_184' title='bbox 781 1199 858 1220; x_wconf 79' lang='lat' dir='ltr'><strong>suam</strong></span> <span class='ocrx_word' id='word_1_185' title='bbox 874 1192 938 1219; x_wconf 87' lang='lat' dir='ltr'><strong>item</strong></span> <span class='ocrx_word' id='word_1_186' title='bbox 949 1199 992 1219; x_wconf 79' lang='lat' dir='ltr'><strong>ro-</strong></span> 
     </span>
    </p>
   </div>
   <div class='ocr_carea' id='block_1_25' title="bbox 201 1236 993 1274">
    <p class='ocr_par' dir='ltr' id='par_1_25' title="bbox 201 1236 993 1274">
     <span class='ocr_line' id='line_1_25' title="bbox 201 1236 993 1274; baseline -0.006 -5"><span class='ocrx_word' id='word_1_187' title='bbox 201 1241 403 1270; x_wconf 79' lang='lat' dir='ltr'><strong>surrectionem</strong></span> <span class='ocrx_word' id='word_1_188' title='bbox 419 1247 450 1268; x_wconf 89' lang='lat' dir='ltr'><strong>se</strong></span> <span class='ocrx_word' id='word_1_189' title='bbox 463 1246 572 1268; x_wconf 89' lang='lat' dir='ltr'><strong>omnem</strong></span> <span class='ocrx_word' id='word_1_190' title='bbox 584 1238 726 1274; x_wconf 83' lang='lat' dir='ltr'><strong>accepisse</strong></span> <span class='ocrx_word' id='word_1_191' title='bbox 743 1242 908 1274; x_wconf 85' lang='lat' dir='ltr'><strong>potestatem</strong></span> <span class='ocrx_word' id='word_1_192' title='bbox 919 1236 993 1265; x_wconf 79' lang='lat' dir='ltr'><strong>amr-</strong></span> 
     </span>
    </p>
   </div>
   <div class='ocr_carea' id='block_1_26' title="bbox 201 1284 994 1322">
    <p class='ocr_par' dir='ltr' id='par_1_26' title="bbox 201 1284 994 1322">
     <span class='ocr_line' id='line_1_26' title="bbox 201 1284 994 1322; baseline -0.006 -7"><span class='ocrx_word' id='word_1_193' title='bbox 201 1293 259 1316; x_wconf 81' lang='lat' dir='ltr'><strong>mat</strong></span> <span class='ocrx_word' id='word_1_194' title='bbox 268 1287 290 1314; x_wconf 88' lang='grc'>⁸.</span> <span class='ocrx_word' id='word_1_195' title='bbox 310 1286 394 1322; x_wconf 76' lang='lat' dir='ltr'><strong>Atqui</strong></span> <span class='ocrx_word' id='word_1_196' title='bbox 401 1292 547 1321; x_wconf 85' lang='lat' dir='ltr'><strong>antequam</strong></span> <span class='ocrx_word' id='word_1_197' title='bbox 556 1284 627 1313; x_wconf 76' lang='lat' dir='ltr'><strong>dixit</strong></span> <span class='ocrx_word' id='word_1_198' title='bbox 634 1284 739 1313; x_wconf 84' lang='lat' dir='ltr'><strong>:Omnia</strong></span> <span class='ocrx_word' id='word_1_199' title='bbox 747 1284 811 1312; x_wconf 84' lang='lat' dir='ltr'><strong>mihi</strong></span> <span class='ocrx_word' id='word_1_200' title='bbox 818 1284 994 1317; x_wconf 76' lang='lat' dir='ltr'><strong>tradilaaunt,</strong></span> 
     </span>
    </p>
   </div>
   <div class='ocr_carea' id='block_1_27' title="bbox 202 1328 995 1367">
    <p class='ocr_par' dir='ltr' id='par_1_27' title="bbox 202 1328 995 1367">
     <span class='ocr_line' id='line_1_27' title="bbox 202 1328 995 1367; baseline -0.006 -6"><span class='ocrx_word' id='word_1_201' title='bbox 202 1333 326 1361; x_wconf 86' lang='lat' dir='ltr'><strong>omnium</strong></span> <span class='ocrx_word' id='word_1_202' title='bbox 337 1336 396 1360; x_wconf 86' lang='lat' dir='ltr'><strong>erat</strong></span> <span class='ocrx_word' id='word_1_203' title='bbox 407 1331 550 1359; x_wconf 81' lang='lat' dir='ltr'><strong>Dominus:</strong></span> <span class='ocrx_word' id='word_1_204' title='bbox 561 1331 662 1367; x_wconf 81' lang='lat' dir='ltr'><strong>quippe</strong></span> <span class='ocrx_word' id='word_1_205' title='bbox 672 1337 734 1358; x_wconf 90' lang='lat' dir='ltr'><strong>cum</strong></span> <span class='ocrx_word' id='word_1_206' title='bbox 745 1329 836 1357; x_wconf 88' lang='lat' dir='ltr'><strong>omnia</strong></span> <span class='ocrx_word' id='word_1_207' title='bbox 847 1336 897 1364; x_wconf 89' lang='lat' dir='ltr'><strong>per</strong></span> <span class='ocrx_word' id='word_1_208' title='bbox 904 1328 995 1364; x_wconf 85' lang='lat' dir='ltr'><strong>ipsum</strong></span> 
     </span>
    </p>
   </div>
   <div class='ocr_carea' id='block_1_28' title="bbox 201 1376 996 1411">
    <p class='ocr_par' dir='ltr' id='par_1_28' title="bbox 201 1376 996 1411">
     <span class='ocr_line' id='line_1_28' title="bbox 201 1376 996 1411; baseline -0.004 -4"><span class='ocrx_word' id='word_1_209' title='bbox 201 1380 274 1407; x_wconf 77' lang='lat' dir='ltr'><strong>facta</strong></span> <span class='ocrx_word' id='word_1_210' title='bbox 307 1379 361 1407; x_wconf 87' lang='lat' dir='ltr'><strong>sint</strong></span> <span class='ocrx_word' id='word_1_211' title='bbox 374 1377 397 1410; x_wconf 73' lang='grc'>⁸,</span> <span class='ocrx_word' id='word_1_212' title='bbox 416 1383 447 1406; x_wconf 86' lang='lat' dir='ltr'><strong>et</strong></span> <span class='ocrx_word' id='word_1_213' title='bbox 471 1385 544 1406; x_wconf 79' lang='lat' dir='ltr'><strong>unus</strong></span> <span class='ocrx_word' id='word_1_214' title='bbox 572 1380 647 1405; x_wconf 83' lang='lat' dir='ltr'><strong>esset</strong></span> <span class='ocrx_word' id='word_1_215' title='bbox 673 1376 818 1408; x_wconf 85' lang='lat' dir='ltr'><strong>Dominus.</strong></span> <span class='ocrx_word' id='word_1_216' title='bbox 847 1383 898 1410; x_wconf 84' lang='lat' dir='ltr'><strong>per</strong></span> <span class='ocrx_word' id='word_1_217' title='bbox 911 1383 996 1411; x_wconf 83' lang='lat' dir='ltr'><strong>quem</strong></span> 
     </span>
    </p>
   </div>
   <div class='ocr_carea' id='block_1_29' title="bbox 203 1422 996 1459">
    <p class='ocr_par' dir='ltr' id='par_1_29' title="bbox 203 1422 996 1459">
     <span class='ocr_line' id='line_1_29' title="bbox 203 1422 996 1459; baseline -0.004 -6"><span class='ocrx_word' id='word_1_218' title='bbox 203 1425 294 1454; x_wconf 84' lang='lat' dir='ltr'><strong>omnia</strong></span> <span class='ocrx_word' id='word_1_219' title='bbox 312 1425 333 1452; x_wconf 85' lang='lat'><strong>&#39;.</strong></span> <span class='ocrx_word' id='word_1_220' title='bbox 363 1424 496 1452; x_wconf 88' lang='lat' dir='ltr'><strong>Similiter</strong></span> <span class='ocrx_word' id='word_1_221' title='bbox 511 1431 575 1451; x_wconf 90' lang='lat' dir='ltr'><strong>cum</strong></span> <span class='ocrx_word' id='word_1_222' title='bbox 595 1423 707 1459; x_wconf 71' lang='lat' dir='ltr'><strong>gloriam</strong></span> <span class='ocrx_word' id='word_1_223' title='bbox 725 1422 888 1458; x_wconf 81' lang='lat' dir='ltr'><strong>postularet.</strong></span> <span class='ocrx_word' id='word_1_224' title='bbox 903 1422 996 1450; x_wconf 88' lang='lat' dir='ltr'><strong>Domi-</strong></span> 
     </span>
    </p>
   </div>
   <div class='ocr_carea' id='block_1_30' title="bbox 203 1467 995 1506">
    <p class='ocr_par' dir='ltr' id='par_1_30' title="bbox 203 1467 995 1506">
     <span class='ocr_line' id='line_1_30' title="bbox 203 1467 995 1506; baseline -0.003 -8"><span class='ocrx_word' id='word_1_225' title='bbox 203 1478 258 1498; x_wconf 85' lang='lat' dir='ltr'><strong>nus</strong></span> <span class='ocrx_word' id='word_1_226' title='bbox 272 1470 370 1506; x_wconf 86' lang='lat' dir='ltr'><strong>utique</strong></span> <span class='ocrx_word' id='word_1_227' title='bbox 384 1469 478 1506; x_wconf 67' lang='lat' dir='ltr'><strong>gloria:</strong></span> <span class='ocrx_word' id='word_1_228' title='bbox 495 1474 522 1497; x_wconf 88' lang='lat' dir='ltr'><strong>et</strong></span> <span class='ocrx_word' id='word_1_229' title='bbox 537 1472 598 1496; x_wconf 87' lang='lat' dir='ltr'><strong>erat</strong></span> <span class='ocrx_word' id='word_1_230' title='bbox 611 1473 641 1496; x_wconf 86' lang='lat' dir='ltr'><strong>et</strong></span> <span class='ocrx_word' id='word_1_231' title='bbox 657 1472 711 1501; x_wconf 82' lang='lat' dir='ltr'><strong>est,</strong></span> <span class='ocrx_word' id='word_1_232' title='bbox 727 1468 766 1495; x_wconf 92' lang='lat' dir='ltr'><strong>uti</strong></span> <span class='ocrx_word' id='word_1_233' title='bbox 791 1467 893 1495; x_wconf 78' lang='lat' dir='ltr'><strong>Paulus</strong></span> <span class='ocrx_word' id='word_1_234' title='bbox 911 1472 995 1496; x_wconf 62' lang='grc' dir='ltr'>ωειλ-</span> 
     </span>
    </p>
   </div>
   <div class='ocr_carea' id='block_1_31' title="bbox 204 1513 1030 1557">
    <p class='ocr_par' dir='ltr' id='par_1_31' title="bbox 204 1513 1030 1557">
     <span class='ocr_line' id='line_1_31' title="bbox 204 1513 1030 1557; baseline -0.002 -15"><span class='ocrx_word' id='word_1_235' title='bbox 204 1521 249 1544; x_wconf 88' lang='lat' dir='ltr'><strong>tur</strong></span> <span class='ocrx_word' id='word_1_236' title='bbox 266 1525 273 1544; x_wconf 95' lang='lat'><strong>:</strong></span> <span class='ocrx_word' id='word_1_237' title='bbox 287 1515 316 1544; x_wconf 89' lang='lat' dir='ltr'><strong>Si</strong></span> <span class='ocrx_word' id='word_1_238' title='bbox 331 1515 402 1543; x_wconf 73' lang='lat' dir='ltr'><strong>enim</strong></span> <span class='ocrx_word' id='word_1_239' title='bbox 413 1515 604 1551; x_wconf 66' lang='lat' dir='ltr'><strong>cognovissent,</strong></span> <span class='ocrx_word' id='word_1_240' title='bbox 628 1522 763 1550; x_wconf 81' lang='lat' dir='ltr'><strong>nunquam</strong></span> <span class='ocrx_word' id='word_1_241' title='bbox 779 1513 922 1541; x_wconf 79' lang='lat' dir='ltr'><strong>Dominum</strong></span> <span class='ocrx_word' id='word_1_242' title='bbox 934 1515 994 1550; x_wconf 85' lang='lat' dir='ltr'><strong>glo-</strong></span> <span class='ocrx_word' id='word_1_243' title='bbox 1008 1527 1030 1557; x_wconf 66' lang='grc' dir='ltr'><em>ε</em></span> 
     </span>
    </p>
   </div>
   <div class='ocr_carea' id='block_1_32' title="bbox 203 1560 996 1596">
    <p class='ocr_par' dir='ltr' id='par_1_32' title="bbox 203 1560 996 1596">
     <span class='ocr_line' id='line_1_32' title="bbox 203 1560 996 1596; baseline -0.001 -7"><span class='ocrx_word' id='word_1_244' title='bbox 203 1561 485 1596; x_wconf 71' lang='grc' dir='ltr'>ιιίωενιισὶιίτὶεδεηισ.</span> <span class='ocrx_word' id='word_1_245' title='bbox 521 1561 644 1589; x_wconf 83' lang='lat' dir='ltr'><strong>Habebat</strong></span> <span class='ocrx_word' id='word_1_246' title='bbox 666 1560 803 1596; x_wconf 76' lang='lat' dir='ltr'><strong>siquidem</strong></span> <span class='ocrx_word' id='word_1_247' title='bbox 831 1568 915 1595; x_wconf 86' lang='lat' dir='ltr'><strong>quam</strong></span> <span class='ocrx_word' id='word_1_248' title='bbox 943 1560 996 1588; x_wconf 89' lang='lat' dir='ltr'><strong>hu-</strong></span> 
     </span>
    </p>
   </div>
   <div class='ocr_carea' id='block_1_33' title="bbox 203 1607 996 1643">
    <p class='ocr_par' dir='ltr' id='par_1_33' title="bbox 203 1607 996 1643">
     <span class='ocr_line' id='line_1_33' title="bbox 203 1607 996 1643; baseline -0.001 -9"><span class='ocrx_word' id='word_1_249' title='bbox 203 1607 326 1642; x_wconf 74' lang='lat' dir='ltr'><strong>iusmodi</strong></span> <span class='ocrx_word' id='word_1_250' title='bbox 341 1607 473 1643; x_wconf 80' lang='lat' dir='ltr'><strong>poscebat</strong></span> <span class='ocrx_word' id='word_1_251' title='bbox 487 1607 594 1636; x_wconf 82' lang='lat' dir='ltr'><strong>verbis:</strong></span> <span class='ocrx_word' id='word_1_252' title='bbox 610 1607 703 1634; x_wconf 79' lang='lat' dir='ltr'><strong>Gloria</strong></span> <span class='ocrx_word' id='word_1_253' title='bbox 718 1614 798 1642; x_wconf 83' lang='lat' dir='ltr'><strong>quam</strong></span> <span class='ocrx_word' id='word_1_254' title='bbox 805 1607 895 1638; x_wconf 79' lang='lat' dir='ltr'><strong>habui,</strong></span> <span class='ocrx_word' id='word_1_255' title='bbox 907 1607 996 1641; x_wconf 80' lang='lat' dir='ltr'><strong>priua-</strong></span> 
     </span>
    </p>
   </div>
   <div class='ocr_carea' id='block_1_34' title="bbox 204 1652 994 1689">
    <p class='ocr_par' dir='ltr' id='par_1_34' title="bbox 204 1652 994 1689">
     <span class='ocr_line' id='line_1_34' title="bbox 204 1652 994 1689; baseline 0.001 -9"><span class='ocrx_word' id='word_1_256' title='bbox 204 1661 286 1689; x_wconf 72' lang='grc' dir='ltr'>φιαιη</span> <span class='ocrx_word' id='word_1_257' title='bbox 298 1653 412 1681; x_wconf 73' lang='lat' dir='ltr'><strong>mundus</strong></span> <span class='ocrx_word' id='word_1_258' title='bbox 427 1658 504 1685; x_wconf 72' lang='lat' dir='ltr'><strong>esset,</strong></span> <span class='ocrx_word' id='word_1_259' title='bbox 520 1653 591 1687; x_wconf 79' lang='lat' dir='ltr'><strong>apud</strong></span> <span class='ocrx_word' id='word_1_260' title='bbox 602 1657 627 1680; x_wconf 74' lang='lat' dir='ltr'><strong>ta</strong></span> <span class='ocrx_word' id='word_1_261' title='bbox 643 1653 666 1680; x_wconf 87' lang='lat'><strong>&#39;.</strong></span> <span class='ocrx_word' id='word_1_262' title='bbox 695 1652 864 1680; x_wconf 83' lang='lat' dir='ltr'><strong>Potestatem</strong></span> <span class='ocrx_word' id='word_1_263' title='bbox 882 1653 994 1687; x_wconf 83' lang='lat' dir='ltr'><strong>pariter.</strong></span> 
     </span>
    </p>
   </div>
   <div class='ocr_carea' id='block_1_35' title="bbox 205 1698 997 1735">
    <p class='ocr_par' dir='ltr' id='par_1_35' title="bbox 205 1698 997 1735">
     <span class='ocr_line' id='line_1_35' title="bbox 205 1698 997 1735; baseline 0.001 -9"><span class='ocrx_word' id='word_1_264' title='bbox 205 1707 290 1735; x_wconf 87' lang='lat' dir='ltr'><strong>quam</strong></span> <span class='ocrx_word' id='word_1_265' title='bbox 315 1704 378 1735; x_wconf 83' lang='lat' dir='ltr'><strong>post</strong></span> <span class='ocrx_word' id='word_1_266' title='bbox 399 1698 631 1730; x_wconf 81' lang='lat' dir='ltr'><strong>resurrectionem</strong></span> <span class='ocrx_word' id='word_1_267' title='bbox 647 1699 788 1734; x_wconf 86' lang='lat' dir='ltr'><strong>accepisse</strong></span> <span class='ocrx_word' id='word_1_268' title='bbox 801 1699 879 1732; x_wconf 90' lang='lat' dir='ltr'><strong>dicit,</strong></span> <span class='ocrx_word' id='word_1_269' title='bbox 899 1698 997 1727; x_wconf 85' lang='lat' dir='ltr'><strong>habuit</strong></span> 
     </span>
    </p>
   </div>
   <div class='ocr_carea' id='block_1_36' title="bbox 206 1745 996 1782">
    <p class='ocr_par' dir='ltr' id='par_1_36' title="bbox 206 1745 996 1782">
     <span class='ocr_line' id='line_1_36' title="bbox 206 1745 996 1782; baseline 0 -8"><span class='ocrx_word' id='word_1_270' title='bbox 206 1745 294 1774; x_wconf 42' lang='lat' dir='ltr'><strong>etiam.</strong></span> <span class='ocrx_word' id='word_1_271' title='bbox 317 1746 480 1781; x_wconf 85' lang='lat' dir='ltr'><strong>priusquam</strong></span> <span class='ocrx_word' id='word_1_272' title='bbox 505 1753 566 1774; x_wconf 87' lang='lat' dir='ltr'><strong>eam</strong></span> <span class='ocrx_word' id='word_1_273' title='bbox 590 1745 737 1782; x_wconf 80' lang='lat' dir='ltr'><strong>acciperet.</strong></span> <span class='ocrx_word' id='word_1_274' title='bbox 765 1752 898 1780; x_wconf 79' lang='lat' dir='ltr'><strong>suamque</strong></span> <span class='ocrx_word' id='word_1_275' title='bbox 932 1750 996 1774; x_wconf 82' lang='lat' dir='ltr'><strong>ante</strong></span> 
     </span>
    </p>
   </div>
   <div class='ocr_carea' id='block_1_37' title="bbox 206 1791 996 1828">
    <p class='ocr_par' dir='ltr' id='par_1_37' title="bbox 206 1791 996 1828">
     <span class='ocr_line' id='line_1_37' title="bbox 206 1791 996 1828; baseline -0.001 -8"><span class='ocrx_word' id='word_1_276' title='bbox 206 1792 447 1821; x_wconf 76' lang='lat' dir='ltr'><strong>nesurrectionem.</strong></span> <span class='ocrx_word' id='word_1_277' title='bbox 460 1792 568 1820; x_wconf 81' lang='lat' dir='ltr'><strong>Etenim</strong></span> <span class='ocrx_word' id='word_1_278' title='bbox 583 1793 641 1828; x_wconf 82' lang='lat' dir='ltr'><strong>ipse</strong></span> <span class='ocrx_word' id='word_1_279' title='bbox 654 1799 704 1828; x_wconf 80' lang='lat' dir='ltr'><strong>per</strong></span> <span class='ocrx_word' id='word_1_280' title='bbox 713 1799 744 1819; x_wconf 86' lang='lat' dir='ltr'><strong>se</strong></span> <span class='ocrx_word' id='word_1_281' title='bbox 759 1791 849 1827; x_wconf 88' lang='lat' dir='ltr'><strong>ipsum</strong></span> <span class='ocrx_word' id='word_1_282' title='bbox 865 1791 996 1820; x_wconf 82' lang='lat' dir='ltr'><strong>Satanam</strong></span> 
     </span>
    </p>
   </div>
   <div class='ocr_carea' id='block_1_38' title="bbox 205 1837 995 1874">
    <p class='ocr_par' dir='ltr' id='par_1_38' title="bbox 205 1837 995 1874">
     <span class='ocr_line' id='line_1_38' title="bbox 205 1837 995 1874; baseline 0 -8"><span class='ocrx_word' id='word_1_283' title='bbox 205 1839 246 1866; x_wconf 74' lang='lat' dir='ltr'><strong>sic</strong></span> <span class='ocrx_word' id='word_1_284' title='bbox 260 1838 436 1874; x_wconf 84' lang='lat' dir='ltr'><strong>increpabat:</strong></span> <span class='ocrx_word' id='word_1_285' title='bbox 451 1839 549 1866; x_wconf 74' lang='lat' dir='ltr'><strong>Recede</strong></span> <span class='ocrx_word' id='word_1_286' title='bbox 563 1847 580 1866; x_wconf 84' lang='grc' dir='ltr'><strong>α</strong></span> <span class='ocrx_word' id='word_1_287' title='bbox 597 1847 647 1871; x_wconf 79' lang='lat' dir='ltr'><strong>me,</strong></span> <span class='ocrx_word' id='word_1_288' title='bbox 663 1838 768 1866; x_wconf 77' lang='lat' dir='ltr'><strong>Satuna</strong></span> <span class='ocrx_word' id='word_1_289' title='bbox 786 1838 817 1872; x_wconf 83' lang='lat'><strong>&#39;;</strong></span> <span class='ocrx_word' id='word_1_290' title='bbox 839 1837 898 1866; x_wconf 82' lang='lat' dir='ltr'><strong>suis</strong></span> <span class='ocrx_word' id='word_1_291' title='bbox 928 1838 995 1866; x_wconf 86' lang='lat' dir='ltr'><strong>item</strong></span> 
     </span>
    </p>
   </div>
   <div class='ocr_carea' id='block_1_39' title="bbox 205 1884 995 1920">
    <p class='ocr_par' dir='ltr' id='par_1_39' title="bbox 205 1884 995 1920">
     <span class='ocr_line' id='line_1_39' title="bbox 205 1884 995 1920; baseline 0 -8"><span class='ocrx_word' id='word_1_292' title='bbox 205 1885 349 1920; x_wconf 74' lang='lat' dir='ltr'><strong>discipulis</strong></span> <span class='ocrx_word' id='word_1_293' title='bbox 366 1889 532 1920; x_wconf 86' lang='lat' dir='ltr'><strong>potestatem</strong></span> <span class='ocrx_word' id='word_1_294' title='bbox 546 1884 679 1913; x_wconf 81' lang='lat' dir='ltr'><strong>adversus</strong></span> <span class='ocrx_word' id='word_1_295' title='bbox 701 1884 776 1912; x_wconf 90' lang='lat' dir='ltr'><strong>illum</strong></span> <span class='ocrx_word' id='word_1_296' title='bbox 791 1884 899 1918; x_wconf 87' lang='lat' dir='ltr'><strong>dedit’,</strong></span> <span class='ocrx_word' id='word_1_297' title='bbox 932 1891 995 1912; x_wconf 85' lang='lat' dir='ltr'><strong>cum</strong></span> 
     </span>
    </p>
   </div>
   <div class='ocr_carea' id='block_1_40' title="bbox 205 1929 996 1967">
    <p class='ocr_par' dir='ltr' id='par_1_40' title="bbox 205 1929 996 1967">
     <span class='ocr_line' id='line_1_40' title="bbox 205 1929 996 1967; baseline 0 -8"><span class='ocrx_word' id='word_1_298' title='bbox 205 1932 260 1959; x_wconf 84' lang='lat' dir='ltr'><strong>illis</strong></span> <span class='ocrx_word' id='word_1_299' title='bbox 277 1931 397 1959; x_wconf 82' lang='lat' dir='ltr'><strong>reversis</strong></span> <span class='ocrx_word' id='word_1_300' title='bbox 412 1931 471 1959; x_wconf 83' lang='lat' dir='ltr'><strong>ait:</strong></span> <span class='ocrx_word' id='word_1_301' title='bbox 493 1930 618 1959; x_wconf 73' lang='lat' dir='ltr'><strong>Videbam</strong></span> <span class='ocrx_word' id='word_1_302' title='bbox 633 1929 767 1959; x_wconf 79' lang='lat' dir='ltr'><strong>Satanam</strong></span> <span class='ocrx_word' id='word_1_303' title='bbox 779 1932 847 1958; x_wconf 74' lang='lat' dir='ltr'><strong>sicut</strong></span> <span class='ocrx_word' id='word_1_304' title='bbox 861 1931 952 1967; x_wconf 80' lang='lat' dir='ltr'><strong>fulgur</strong></span> <span class='ocrx_word' id='word_1_305' title='bbox 962 1931 996 1959; x_wconf 79' lang='lat' dir='ltr'><strong>de</strong></span> 
     </span>
    </p>
   </div>
   <div class='ocr_carea' id='block_1_41' title="bbox 206 1976 995 2005">
    <p class='ocr_par' dir='ltr' id='par_1_41' title="bbox 206 1976 995 2005">
     <span class='ocr_line' id='line_1_41' title="bbox 206 1976 995 2005; baseline 0 -1"><span class='ocrx_word' id='word_1_306' title='bbox 206 1978 270 2005; x_wconf 76' lang='grc' dir='ltr'>εωίο</span> <span class='ocrx_word' id='word_1_307' title='bbox 291 1977 431 2004; x_wconf 77' lang='lat' dir='ltr'><strong>cadentem</strong></span> <span class='ocrx_word' id='word_1_308' title='bbox 459 1977 493 2004; x_wconf 71' lang='lat'><strong>*°.</strong></span> <span class='ocrx_word' id='word_1_309' title='bbox 508 1976 609 2005; x_wconf 83' lang='lat' dir='ltr'><strong>Verum</strong></span> <span class='ocrx_word' id='word_1_310' title='bbox 627 1977 727 2004; x_wconf 91' lang='lat' dir='ltr'><strong>iterum</strong></span> <span class='ocrx_word' id='word_1_311' title='bbox 752 1977 908 2005; x_wconf 81' lang='lat' dir='ltr'><strong>ostenditur</strong></span> <span class='ocrx_word' id='word_1_312' title='bbox 928 1977 995 2005; x_wconf 89' lang='lat' dir='ltr'><strong>illud</strong></span> 
     </span>
    </p>
   </div>
   <div class='ocr_carea' id='block_1_42' title="bbox 204 2023 995 2059">
    <p class='ocr_par' dir='ltr' id='par_1_42' title="bbox 204 2023 995 2059">
     <span class='ocr_line' id='line_1_42' title="bbox 204 2023 995 2059; baseline 0 -8"><span class='ocrx_word' id='word_1_313' title='bbox 204 2023 278 2059; x_wconf 87' lang='lat' dir='ltr'><strong>quod</strong></span> <span class='ocrx_word' id='word_1_314' title='bbox 290 2023 431 2059; x_wconf 78' lang='lat' dir='ltr'><strong>accepisse</strong></span> <span class='ocrx_word' id='word_1_315' title='bbox 445 2023 522 2056; x_wconf 80' lang='lat' dir='ltr'><strong>dicit,</strong></span> <span class='ocrx_word' id='word_1_316' title='bbox 537 2023 620 2051; x_wconf 87' lang='lat' dir='ltr'><strong>etiam</strong></span> <span class='ocrx_word' id='word_1_317' title='bbox 634 2023 764 2051; x_wconf 85' lang='lat' dir='ltr'><strong>habuisse</strong></span> <span class='ocrx_word' id='word_1_318' title='bbox 778 2024 935 2059; x_wconf 81' lang='lat' dir='ltr'><strong>priusquam</strong></span> <span class='ocrx_word' id='word_1_319' title='bbox 946 2031 995 2052; x_wconf 86' lang='lat' dir='ltr'><strong>ac-</strong></span> 
     </span>
    </p>
   </div>
   <div class='ocr_carea' id='block_1_43' title="bbox 204 2069 996 2106">
    <p class='ocr_par' dir='ltr' id='par_1_43' title="bbox 204 2069 996 2106">
     <span class='ocr_line' id='line_1_43' title="bbox 204 2069 996 2106; baseline 0 -9"><span class='ocrx_word' id='word_1_320' title='bbox 204 2070 321 2105; x_wconf 83' lang='lat' dir='ltr'><strong>ciperet.</strong></span> <span class='ocrx_word' id='word_1_321' title='bbox 338 2069 480 2105; x_wconf 86' lang='lat' dir='ltr'><strong>Siquidem</strong></span> <span class='ocrx_word' id='word_1_322' title='bbox 493 2069 632 2097; x_wconf 62' lang='lat' dir='ltr'><strong>daemones</strong></span> <span class='ocrx_word' id='word_1_323' title='bbox 645 2069 783 2106; x_wconf 70' lang='lat' dir='ltr'><strong>abigebat,</strong></span> <span class='ocrx_word' id='word_1_324' title='bbox 811 2075 837 2097; x_wconf 86' lang='lat' dir='ltr'><strong>et</strong></span> <span class='ocrx_word' id='word_1_325' title='bbox 852 2077 912 2105; x_wconf 71' lang='lat' dir='ltr'><strong>quae</strong></span> <span class='ocrx_word' id='word_1_326' title='bbox 930 2069 996 2106; x_wconf 74' lang='lat' dir='ltr'><strong>liga-</strong></span> 
     </span>
    </p>
   </div>
   <div class='ocr_carea' id='block_1_44' title="bbox 204 2115 994 2150">
    <p class='ocr_par' dir='ltr' id='par_1_44' title="bbox 204 2115 994 2150">
     <span class='ocr_line' id='line_1_44' title="bbox 204 2115 994 2150; baseline 0.001 -7"><span class='ocrx_word' id='word_1_327' title='bbox 204 2120 283 2143; x_wconf 81' lang='lat' dir='ltr'><strong>verat</strong></span> <span class='ocrx_word' id='word_1_328' title='bbox 298 2115 424 2148; x_wconf 86' lang='lat' dir='ltr'><strong>Satanas.</strong></span> <span class='ocrx_word' id='word_1_329' title='bbox 439 2115 498 2150; x_wconf 83' lang='lat' dir='ltr'><strong>ipse</strong></span> <span class='ocrx_word' id='word_1_330' title='bbox 514 2115 649 2146; x_wconf 83' lang='lat' dir='ltr'><strong>solvebat.</strong></span> <span class='ocrx_word' id='word_1_331' title='bbox 668 2119 698 2142; x_wconf 91' lang='lat' dir='ltr'><strong>ut</strong></span> <span class='ocrx_word' id='word_1_332' title='bbox 714 2119 788 2150; x_wconf 86' lang='lat' dir='ltr'><strong>patet</strong></span> <span class='ocrx_word' id='word_1_333' title='bbox 805 2115 832 2142; x_wconf 90' lang='lat' dir='ltr'><strong>in</strong></span> <span class='ocrx_word' id='word_1_334' title='bbox 848 2115 892 2143; x_wconf 88' lang='lat' dir='ltr'><strong>illa</strong></span> <span class='ocrx_word' id='word_1_335' title='bbox 906 2116 994 2144; x_wconf 79' lang='lat' dir='ltr'><strong>Abra-</strong></span> 
     </span>
    </p>
   </div>
   <div class='ocr_carea' id='block_1_45' title="bbox 205 2161 994 2197">
    <p class='ocr_par' dir='ltr' id='par_1_45' title="bbox 205 2161 994 2197">
     <span class='ocr_line' id='line_1_45' title="bbox 205 2161 994 2197; baseline 0 -8"><span class='ocrx_word' id='word_1_336' title='bbox 205 2161 249 2189; x_wconf 73' lang='lat' dir='ltr'><strong>hae</strong></span> <span class='ocrx_word' id='word_1_337' title='bbox 263 2161 316 2189; x_wconf 81' lang='lat' dir='ltr'><strong>tilia</strong></span> <span class='ocrx_word' id='word_1_338' title='bbox 329 2161 363 2188; x_wconf 83' lang='grc'><strong>⁸¹.</strong></span> <span class='ocrx_word' id='word_1_339' title='bbox 387 2161 501 2189; x_wconf 83' lang='lat' dir='ltr'><strong>Peccata</strong></span> <span class='ocrx_word' id='word_1_340' title='bbox 513 2161 586 2190; x_wconf 84' lang='lat' dir='ltr'><strong>idem</strong></span> <span class='ocrx_word' id='word_1_341' title='bbox 613 2161 788 2194; x_wconf 81' lang='lat' dir='ltr'><strong>condonavit,</strong></span> <span class='ocrx_word' id='word_1_342' title='bbox 804 2169 866 2189; x_wconf 92' lang='lat' dir='ltr'><strong>cum</strong></span> <span class='ocrx_word' id='word_1_343' title='bbox 888 2162 994 2197; x_wconf 79' lang='lat' dir='ltr'><strong>paraly-</strong></span> 
     </span>
    </p>
   </div>
   <div class='ocr_carea' id='block_1_46' title="bbox 205 2197 1032 2242">
    <p class='ocr_par' dir='ltr' id='par_1_46' title="bbox 205 2197 1032 2242">
     <span class='ocr_line' id='line_1_46' title="bbox 205 2197 1032 2242; baseline 0 -7"><span class='ocrx_word' id='word_1_344' title='bbox 205 2208 264 2236; x_wconf 83' lang='lat' dir='ltr'><strong>tico</strong></span> <span class='ocrx_word' id='word_1_345' title='bbox 296 2211 326 2236; x_wconf 89' lang='lat' dir='ltr'><strong>et</strong></span> <span class='ocrx_word' id='word_1_346' title='bbox 354 2207 465 2235; x_wconf 88' lang='lat' dir='ltr'><strong>mulieri</strong></span> <span class='ocrx_word' id='word_1_347' title='bbox 490 2215 552 2242; x_wconf 73' lang='lat' dir='ltr'><strong>quae</strong></span> <span class='ocrx_word' id='word_1_348' title='bbox 574 2207 662 2242; x_wconf 82' lang='lat' dir='ltr'><strong>ipsius</strong></span> <span class='ocrx_word' id='word_1_349' title='bbox 685 2206 764 2234; x_wconf 77' lang='lat' dir='ltr'><strong>unxit</strong></span> <span class='ocrx_word' id='word_1_350' title='bbox 788 2206 882 2242; x_wconf 81' lang='lat' dir='ltr'><strong>pedes.</strong></span> <span class='ocrx_word' id='word_1_351' title='bbox 903 2207 990 2235; x_wconf 81' lang='lat' dir='ltr'><strong>dixit:</strong></span> <span class='ocrx_word' id='word_1_352' title='bbox 1005 2197 1032 2228; x_wconf 82' lang='lat' dir='ltr'><strong>D</strong></span> 
     </span>
    </p>
   </div>
   <div class='ocr_carea' id='block_1_47' title="bbox 203 2252 991 2288">
    <p class='ocr_par' dir='ltr' id='par_1_47' title="bbox 203 2252 991 2288">
     <span class='ocr_line' id='line_1_47' title="bbox 203 2252 991 2288; baseline -0.001 -6"><span class='ocrx_word' id='word_1_353' title='bbox 203 2254 385 2282; x_wconf 77' lang='lat' dir='ltr'><strong>Remittuntur</strong></span> <span class='ocrx_word' id='word_1_354' title='bbox 399 2253 446 2281; x_wconf 79' lang='lat' dir='ltr'><strong>tibi</strong></span> <span class='ocrx_word' id='word_1_355' title='bbox 457 2258 567 2288; x_wconf 77' lang='lat' dir='ltr'><strong>peccata</strong></span> <span class='ocrx_word' id='word_1_356' title='bbox 581 2252 616 2280; x_wconf 83' lang='lat'><strong>“.</strong></span> <span class='ocrx_word' id='word_1_357' title='bbox 631 2252 745 2280; x_wconf 74' lang='lat' dir='ltr'><strong>Mortuis</strong></span> <span class='ocrx_word' id='word_1_358' title='bbox 762 2256 897 2286; x_wconf 76' lang='lat' dir='ltr'><strong>pneterea</strong></span> <span class='ocrx_word' id='word_1_359' title='bbox 907 2252 991 2281; x_wconf 81' lang='lat' dir='ltr'><strong>vitam</strong></span> 
     </span>
    </p>
   </div>
   <div class='ocr_carea' id='block_1_48' title="bbox 204 2298 993 2335">
    <p class='ocr_par' dir='ltr' id='par_1_48' title="bbox 204 2298 993 2335">
     <span class='ocr_line' id='line_1_48' title="bbox 204 2298 993 2335; baseline -0.004 -6"><span class='ocrx_word' id='word_1_360' title='bbox 204 2301 334 2332; x_wconf 83' lang='lat' dir='ltr'><strong>reddidit.</strong></span> <span class='ocrx_word' id='word_1_361' title='bbox 345 2301 488 2335; x_wconf 80' lang='lat' dir='ltr'><strong>visumque</strong></span> <span class='ocrx_word' id='word_1_362' title='bbox 497 2307 569 2327; x_wconf 62' lang='grc' dir='ltr'><strong>(που</strong></span> <span class='ocrx_word' id='word_1_363' title='bbox 580 2303 645 2327; x_wconf 87' lang='lat' dir='ltr'><strong>nato</strong></span> <span class='ocrx_word' id='word_1_364' title='bbox 654 2298 777 2326; x_wconf 85' lang='lat' dir='ltr'><strong>restituit</strong></span> <span class='ocrx_word' id='word_1_365' title='bbox 793 2308 799 2326; x_wconf 90' lang='lat'><strong>:</strong></span> <span class='ocrx_word' id='word_1_366' title='bbox 812 2306 871 2333; x_wconf 70' lang='lat' dir='ltr'><strong>qua:</strong></span> <span class='ocrx_word' id='word_1_367' title='bbox 881 2298 993 2334; x_wconf 83' lang='lat' dir='ltr'><strong>quidem</strong></span> 
     </span>
    </p>
   </div>
   <div class='ocr_carea' id='block_1_49' title="bbox 204 2345 993 2381">
    <p class='ocr_par' dir='ltr' id='par_1_49' title="bbox 204 2345 993 2381">
     <span class='ocr_line' id='line_1_49' title="bbox 204 2345 993 2381; baseline -0.003 -7"><span class='ocrx_word' id='word_1_368' title='bbox 204 2347 297 2374; x_wconf 82' lang='lat' dir='ltr'><strong>omnia</strong></span> <span class='ocrx_word' id='word_1_369' title='bbox 308 2346 400 2374; x_wconf 74' lang='lat' dir='ltr'><strong>eﬂ‘eeit</strong></span> <span class='ocrx_word' id='word_1_370' title='bbox 410 2353 464 2373; x_wconf 92' lang='lat' dir='ltr'><strong>non</strong></span> <span class='ocrx_word' id='word_1_371' title='bbox 482 2345 653 2381; x_wconf 71' lang='lat' dir='ltr'><strong>pmstolatus</strong></span> <span class='ocrx_word' id='word_1_372' title='bbox 665 2345 752 2373; x_wconf 84' lang='lat' dir='ltr'><strong>donec</strong></span> <span class='ocrx_word' id='word_1_373' title='bbox 765 2352 795 2372; x_wconf 82' lang='lat' dir='ltr'><strong>ea</strong></span> <span class='ocrx_word' id='word_1_374' title='bbox 812 2346 910 2380; x_wconf 75' lang='lat' dir='ltr'><strong>agendi</strong></span> <span class='ocrx_word' id='word_1_375' title='bbox 919 2345 993 2373; x_wconf 85' lang='lat' dir='ltr'><strong>acci-</strong></span> 
     </span>
    </p>
   </div>
   <div class='ocr_carea' id='block_1_50' title="bbox 204 2389 991 2427">
    <p class='ocr_par' dir='ltr' id='par_1_50' title="bbox 204 2389 991 2427">
     <span class='ocr_line' id='line_1_50' title="bbox 204 2389 991 2427; baseline -0.001 -8"><span class='ocrx_word' id='word_1_376' title='bbox 204 2396 284 2427; x_wconf 80' lang='lat' dir='ltr'><strong>peret</strong></span> <span class='ocrx_word' id='word_1_377' title='bbox 314 2395 494 2426; x_wconf 87' lang='lat' dir='ltr'><strong>potestatem,</strong></span> <span class='ocrx_word' id='word_1_378' title='bbox 529 2390 581 2418; x_wconf 86' lang='lat' dir='ltr'><strong>sed</strong></span> <span class='ocrx_word' id='word_1_379' title='bbox 610 2394 640 2416; x_wconf 88' lang='lat' dir='ltr'><strong>ut</strong></span> <span class='ocrx_word' id='word_1_380' title='bbox 669 2389 827 2424; x_wconf 73' lang='lat' dir='ltr'><strong>huiusmodi</strong></span> <span class='ocrx_word' id='word_1_381' title='bbox 857 2395 991 2424; x_wconf 79' lang='lat' dir='ltr'><strong>potestate</strong></span> 
     </span>
    </p>
   </div>
   <div class='ocr_carea' id='block_1_51' title="bbox 202 2434 993 2472">
    <p class='ocr_par' dir='ltr' id='par_1_51' title="bbox 202 2434 993 2472">
     <span class='ocr_line' id='line_1_51' title="bbox 202 2434 993 2472; baseline 0 -8"><span class='ocrx_word' id='word_1_382' title='bbox 202 2438 258 2472; x_wconf 85' lang='lat' dir='ltr'><strong>jam</strong></span> <span class='ocrx_word' id='word_1_383' title='bbox 276 2436 414 2470; x_wconf 83' lang='lat' dir='ltr'><strong>praeditus.</strong></span> <span class='ocrx_word' id='word_1_384' title='bbox 442 2434 481 2462; x_wconf 78' lang='lat' dir='ltr'><strong>Ex</strong></span> <span class='ocrx_word' id='word_1_385' title='bbox 505 2435 604 2470; x_wconf 90' lang='lat' dir='ltr'><strong>quibus</strong></span> <span class='ocrx_word' id='word_1_386' title='bbox 625 2434 777 2462; x_wconf 88' lang='lat' dir='ltr'><strong>dilucidum</strong></span> <span class='ocrx_word' id='word_1_387' title='bbox 808 2440 851 2463; x_wconf 90' lang='lat' dir='ltr'><strong>est</strong></span> <span class='ocrx_word' id='word_1_388' title='bbox 870 2443 931 2470; x_wconf 66' lang='lat' dir='ltr'><strong>quae</strong></span> <span class='ocrx_word' id='word_1_389' title='bbox 962 2442 993 2464; x_wconf 92' lang='lat' dir='ltr'><strong>ut</strong></span> 
     </span>
    </p>
   </div>
   <div class='ocr_carea' id='block_1_52' title="bbox 203 2480 990 2516">
    <p class='ocr_par' dir='ltr' id='par_1_52' title="bbox 203 2480 990 2516">
     <span class='ocr_line' id='line_1_52' title="bbox 203 2480 990 2516; baseline 0 -7"><span class='ocrx_word' id='word_1_390' title='bbox 203 2483 323 2510; x_wconf 82' lang='lat' dir='ltr'><strong>Verbum</strong></span> <span class='ocrx_word' id='word_1_391' title='bbox 337 2482 444 2514; x_wconf 87' lang='lat' dir='ltr'><strong>habuit.</strong></span> <span class='ocrx_word' id='word_1_392' title='bbox 460 2482 555 2509; x_wconf 82' lang='lat' dir='ltr'><strong>eadem</strong></span> <span class='ocrx_word' id='word_1_393' title='bbox 569 2485 597 2508; x_wconf 82' lang='lat' dir='ltr'><strong>et</strong></span> <span class='ocrx_word' id='word_1_394' title='bbox 611 2480 712 2508; x_wconf 80' lang='lat' dir='ltr'><strong>factum</strong></span> <span class='ocrx_word' id='word_1_395' title='bbox 729 2480 867 2509; x_wconf 82' lang='lat' dir='ltr'><strong>hominem</strong></span> <span class='ocrx_word' id='word_1_396' title='bbox 877 2487 904 2509; x_wconf 89' lang='lat' dir='ltr'><strong>et</strong></span> <span class='ocrx_word' id='word_1_397' title='bbox 918 2488 990 2516; x_wconf 90' lang='lat' dir='ltr'><strong>post-</strong></span> 
     </span>
    </p>
   </div>
   <div class='ocr_carea' id='block_1_53' title="bbox 202 2526 992 2562">
    <p class='ocr_par' dir='ltr' id='par_1_53' title="bbox 202 2526 992 2562">
     <span class='ocr_line' id='line_1_53' title="bbox 202 2526 992 2562; baseline 0.001 -9"><span class='ocrx_word' id='word_1_398' title='bbox 202 2535 284 2562; x_wconf 88' lang='lat' dir='ltr'><strong>quam</strong></span> <span class='ocrx_word' id='word_1_399' title='bbox 314 2527 412 2555; x_wconf 71' lang='lat' dir='ltr'><strong>reviait</strong></span> <span class='ocrx_word' id='word_1_400' title='bbox 439 2534 469 2554; x_wconf 85' lang='lat' dir='ltr'><strong>se</strong></span> <span class='ocrx_word' id='word_1_401' title='bbox 493 2527 633 2561; x_wconf 87' lang='lat' dir='ltr'><strong>accepisse</strong></span> <span class='ocrx_word' id='word_1_402' title='bbox 651 2526 742 2554; x_wconf 84' lang='lat' dir='ltr'><strong>dicere</strong></span> <span class='ocrx_word' id='word_1_403' title='bbox 765 2535 887 2562; x_wconf 88' lang='lat' dir='ltr'><strong>:nempe</strong></span> <span class='ocrx_word' id='word_1_404' title='bbox 902 2533 930 2554; x_wconf 91' lang='lat' dir='ltr'><strong>ut</strong></span> <span class='ocrx_word' id='word_1_405' title='bbox 947 2529 992 2555; x_wconf 85' lang='lat' dir='ltr'><strong>lio-</strong></span> 
     </span>
    </p>
   </div>
   <div class='ocr_carea' id='block_1_54' title="bbox 204 2572 991 2608">
    <p class='ocr_par' dir='ltr' id='par_1_54' title="bbox 204 2572 991 2608">
     <span class='ocr_line' id='line_1_54' title="bbox 204 2572 991 2608; baseline 0.003 -9"><span class='ocrx_word' id='word_1_406' title='bbox 204 2573 295 2600; x_wconf 86' lang='lat' dir='ltr'><strong>mines</strong></span> <span class='ocrx_word' id='word_1_407' title='bbox 311 2573 340 2600; x_wconf 90' lang='lat' dir='ltr'><strong>in</strong></span> <span class='ocrx_word' id='word_1_408' title='bbox 369 2573 452 2600; x_wconf 86' lang='lat' dir='ltr'><strong>terris</strong></span> <span class='ocrx_word' id='word_1_409' title='bbox 468 2572 591 2607; x_wconf 84' lang='lat' dir='ltr'><strong>quidem,</strong></span> <span class='ocrx_word' id='word_1_410' title='bbox 616 2577 745 2608; x_wconf 84' lang='lat' dir='ltr'><strong>tanquam</strong></span> <span class='ocrx_word' id='word_1_411' title='bbox 770 2573 869 2601; x_wconf 67' lang='lat' dir='ltr'><strong>divina:</strong></span> <span class='ocrx_word' id='word_1_412' title='bbox 884 2577 991 2601; x_wconf 65' lang='lat' dir='ltr'><strong>naturae</strong></span> 
     </span>
    </p>
   </div>
   <div class='ocr_carea' id='block_1_55' title="bbox 204 2617 991 2654">
    <p class='ocr_par' dir='ltr' id='par_1_55' title="bbox 204 2617 991 2654">
     <span class='ocr_line' id='line_1_55' title="bbox 204 2617 991 2654; baseline 0.004 -10"><span class='ocrx_word' id='word_1_413' title='bbox 204 2617 349 2654; x_wconf 86' lang='lat' dir='ltr'><strong>participes</strong></span> <span class='ocrx_word' id='word_1_414' title='bbox 373 2625 420 2652; x_wconf 86' lang='lat' dir='ltr'><strong>per</strong></span> <span class='ocrx_word' id='word_1_415' title='bbox 438 2617 526 2653; x_wconf 88' lang='lat' dir='ltr'><strong>ipsum</strong></span> <span class='ocrx_word' id='word_1_416' title='bbox 543 2617 643 2651; x_wconf 79' lang='lat' dir='ltr'><strong>eil‘ccti,</strong></span> <span class='ocrx_word' id='word_1_417' title='bbox 672 2622 834 2654; x_wconf 84' lang='lat' dir='ltr'><strong>potestatem</strong></span> <span class='ocrx_word' id='word_1_418' title='bbox 858 2619 991 2647; x_wconf 89' lang='lat' dir='ltr'><strong>adversus</strong></span> 
     </span>
    </p>
   </div>
   <div class='ocr_carea' id='block_1_56' title="bbox 203 2663 987 2697">
    <p class='ocr_par' dir='ltr' id='par_1_56' title="bbox 203 2663 987 2697">
     <span class='ocr_line' id='line_1_56' title="bbox 203 2663 987 2697; baseline -0.001 -6"><span class='ocrx_word' id='word_1_419' title='bbox 203 2663 343 2691; x_wconf 55' lang='lat' dir='ltr'><strong>daemones</strong></span> <span class='ocrx_word' id='word_1_420' title='bbox 363 2667 606 2697; x_wconf 78' lang='lat' dir='ltr'><strong>consequerentur,</strong></span> <span class='ocrx_word' id='word_1_421' title='bbox 622 2663 650 2691; x_wconf 89' lang='lat' dir='ltr'><strong>in</strong></span> <span class='ocrx_word' id='word_1_422' title='bbox 665 2664 743 2692; x_wconf 73' lang='lat' dir='ltr'><strong>cmlis</strong></span> <span class='ocrx_word' id='word_1_423' title='bbox 756 2671 830 2696; x_wconf 86' lang='lat' dir='ltr'><strong>vero,</strong></span> <span class='ocrx_word' id='word_1_424' title='bbox 857 2669 987 2697; x_wconf 82' lang='lat' dir='ltr'><strong>tanquam</strong></span> 
     </span>
    </p>
   </div>
   <div class='ocr_carea' id='block_1_57' title="bbox 257 2752 749 2786">
    <p class='ocr_par' dir='ltr' id='par_1_57' title="bbox 257 2752 749 2786">
     <span class='ocr_line' id='line_1_57' title="bbox 257 2752 749 2786; baseline -0.004 -4"><span class='ocrx_word' id='word_1_425' title='bbox 257 2754 267 2770; x_wconf 79' lang='grc'><strong><em>³</em></strong></span> <span class='ocrx_word' id='word_1_426' title='bbox 282 2754 361 2782; x_wconf 83' lang='lat' dir='ltr'><strong>Joan.</strong></span> <span class='ocrx_word' id='word_1_427' title='bbox 377 2760 443 2785; x_wconf 82' lang='lat' dir='ltr'><strong>xvn.</strong></span> <span class='ocrx_word' id='word_1_428' title='bbox 459 2752 484 2779; x_wconf 78' lang='grc' dir='ltr'>ί.</span> <span class='ocrx_word' id='word_1_429' title='bbox 531 2753 541 2769; x_wconf 84' lang='grc'>³</span> <span class='ocrx_word' id='word_1_430' title='bbox 560 2752 625 2781; x_wconf 84' lang='lat' dir='ltr'><strong>Luc.</strong></span> <span class='ocrx_word' id='word_1_431' title='bbox 651 2761 678 2786; x_wconf 77' lang='grc' dir='ltr'><strong>ιι,</strong></span> <span class='ocrx_word' id='word_1_432' title='bbox 703 2753 749 2780; x_wconf 73' lang='lat'><strong>22.</strong></span> 
     </span>
    </p>
   </div>
   <div class='ocr_carea' id='block_1_58' title="bbox 204 2787 769 2821">
    <p class='ocr_par' dir='ltr' id='par_1_58' title="bbox 204 2787 769 2821">
     <span class='ocr_line' id='line_1_58' title="bbox 204 2787 769 2821; baseline -0.002 -4"><span class='ocrx_word' id='word_1_433' title='bbox 204 2790 232 2817; x_wconf 77' lang='lat'><strong>8.</strong></span> <span class='ocrx_word' id='word_1_434' title='bbox 265 2790 275 2806; x_wconf 84' lang='lat'>&#39;</span> <span class='ocrx_word' id='word_1_435' title='bbox 290 2789 369 2817; x_wconf 79' lang='lat' dir='ltr'><strong>Joan.</strong></span> <span class='ocrx_word' id='word_1_436' title='bbox 387 2795 450 2821; x_wconf 79' lang='lat' dir='ltr'><strong>xvn,</strong></span> <span class='ocrx_word' id='word_1_437' title='bbox 467 2787 493 2815; x_wconf 84' lang='lat'><strong>5.</strong></span> <span class='ocrx_word' id='word_1_438' title='bbox 532 2787 543 2803; x_wconf 83' lang='grc'><strong>⁸</strong></span> <span class='ocrx_word' id='word_1_439' title='bbox 559 2788 653 2816; x_wconf 87' lang='lat' dir='ltr'><strong>Matth.</strong></span> <span class='ocrx_word' id='word_1_440' title='bbox 668 2796 705 2821; x_wconf 84' lang='lat' dir='ltr'><strong>tv,</strong></span> <span class='ocrx_word' id='word_1_441' title='bbox 726 2789 769 2816; x_wconf 75' lang='lat' dir='ltr'><strong>l0.</strong></span> 
     </span>
    </p>
   </div>
   <div class='ocr_carea' id='block_1_59' title="bbox 818 2790 1020 2823">
    <p class='ocr_par' dir='ltr' id='par_1_59' title="bbox 818 2790 1020 2823">
     <span class='ocr_line' id='line_1_59' title="bbox 818 2790 1020 2823; baseline 0.01 -5"><span class='ocrx_word' id='word_1_442' title='bbox 818 2791 828 2806; x_wconf 84' lang='lat'><strong>&#39;</strong></span> <span class='ocrx_word' id='word_1_443' title='bbox 845 2790 911 2818; x_wconf 89' lang='lat' dir='ltr'><strong>Luc.</strong></span> <span class='ocrx_word' id='word_1_444' title='bbox 925 2799 951 2823; x_wconf 77' lang='grc' dir='ltr'><strong>ιι,</strong></span> <span class='ocrx_word' id='word_1_445' title='bbox 977 2792 1020 2820; x_wconf 79' lang='lat' dir='ltr'><strong>i9.</strong></span> 
     </span>
    </p>
   </div>
   <div class='ocr_carea' id='block_1_60' title="bbox 204 2823 406 2859">
    <p class='ocr_par' dir='ltr' id='par_1_60' title="bbox 204 2823 406 2859">
     <span class='ocr_line' id='line_1_60' title="bbox 204 2823 406 2859; baseline -0.015 -6"><span class='ocrx_word' id='word_1_446' title='bbox 204 2825 271 2854; x_wconf 67' lang='lat' dir='ltr'><strong>hic.</strong></span> <span class='ocrx_word' id='word_1_447' title='bbox 291 2833 341 2859; x_wconf 77' lang='lat' dir='ltr'><strong>vn,</strong></span> <span class='ocrx_word' id='word_1_448' title='bbox 359 2823 406 2852; x_wconf 72' lang='grc' dir='ltr'>ιθ.</span> 
     </span>
    </p>
   </div>
   <div class='ocr_carea' id='block_1_61' title="bbox 812 121 1206 153">
    <p class='ocr_par' dir='ltr' id='par_1_61' title="bbox 812 121 1206 153">
     <span class='ocr_line' id='line_1_61' title="bbox 812 121 1206 153; baseline -0.003 -1"><span class='ocrx_word' id='word_1_449' title='bbox 812 121 1004 153; x_wconf 73' lang='grc' dir='ltr'><strong>ΕΠΤΠΥΜΠ</strong></span> <span class='ocrx_word' id='word_1_450' title='bbox 1025 121 1206 152; x_wconf 69' lang='lat' dir='ltr'><strong>ZIGABENI</strong></span> 
     </span>
    </p>
   </div>
   <div class='ocr_carea' id='block_1_62' title="bbox 805 2754 1038 2789">
    <p class='ocr_par' dir='ltr' id='par_1_62' title="bbox 805 2754 1038 2789">
     <span class='ocr_line' id='line_1_62' title="bbox 805 2754 1038 2789; baseline 0.004 -8"><span class='ocrx_word' id='word_1_451' title='bbox 805 2754 815 2770; x_wconf 91' lang='grc'>³</span> <span class='ocrx_word' id='word_1_452' title='bbox 833 2754 930 2782; x_wconf 79' lang='lat' dir='ltr'><strong>Matth.</strong></span> <span class='ocrx_word' id='word_1_453' title='bbox 945 2762 1038 2789; x_wconf 73' lang='lat' dir='ltr'><strong>Inui,</strong></span> 
     </span>
    </p>
   </div>
   <div class='ocr_carea' id='block_1_63' title="bbox 1041 175 1830 214">
    <p class='ocr_par' dir='ltr' id='par_1_63' title="bbox 1041 175 1830 214">
     <span class='ocr_line' id='line_1_63' title="bbox 1041 175 1830 214; baseline -0.006 -8"><span class='ocrx_word' id='word_1_454' title='bbox 1041 179 1140 214; x_wconf 74' lang='grc' dir='ltr'>σάρκα.</span> <span class='ocrx_word' id='word_1_455' title='bbox 1151 179 1206 206; x_wconf 80' lang='grc' dir='ltr'><strong>Καὶ</strong></span> <span class='ocrx_word' id='word_1_456' title='bbox 1218 178 1271 214; x_wconf 65' lang='grc' dir='ltr'><strong>γὰρ</strong></span> <span class='ocrx_word' id='word_1_457' title='bbox 1285 178 1380 213; x_wconf 82' lang='grc' dir='ltr'>ὥσπερ</span> <span class='ocrx_word' id='word_1_458' title='bbox 1393 178 1422 203; x_wconf 81' lang='grc' dir='ltr'>ὲν</span> <span class='ocrx_word' id='word_1_459' title='bbox 1436 176 1505 212; x_wconf 70' lang='grc' dir='ltr'><strong>αὐτῇ</strong></span> <span class='ocrx_word' id='word_1_460' title='bbox 1517 175 1690 208; x_wconf 81' lang='grc' dir='ltr'>ἐπυνθάνετο,</span> <span class='ocrx_word' id='word_1_461' title='bbox 1697 175 1772 202; x_wconf 68' lang='grc' dir='ltr'>οὕτω</span> <span class='ocrx_word' id='word_1_462' title='bbox 1783 177 1830 202; x_wconf 76' lang='grc' dir='ltr'><strong>καὶ</strong></span> 
     </span>
    </p>
   </div>
   <div class='ocr_carea' id='block_1_64' title="bbox 1041 222 1832 260">
    <p class='ocr_par' dir='ltr' id='par_1_64' title="bbox 1041 222 1832 260">
     <span class='ocr_line' id='line_1_64' title="bbox 1041 222 1832 260; baseline -0.005 -8"><span class='ocrx_word' id='word_1_463' title='bbox 1041 227 1070 252; x_wconf 85' lang='grc' dir='ltr'><strong>ἐν</strong></span> <span class='ocrx_word' id='word_1_464' title='bbox 1078 225 1147 260; x_wconf 69' lang='grc' dir='ltr'>αὐτῇ</span> <span class='ocrx_word' id='word_1_465' title='bbox 1160 225 1205 252; x_wconf 82' lang='grc' dir='ltr'><strong>τδν</strong></span> <span class='ocrx_word' id='word_1_466' title='bbox 1216 224 1311 260; x_wconf 69' lang='grc' dir='ltr'>νεκρὸν</span> <span class='ocrx_word' id='word_1_467' title='bbox 1322 225 1416 260; x_wconf 76' lang='grc' dir='ltr'>ἤγειρε</span> <span class='ocrx_word' id='word_1_468' title='bbox 1426 230 1433 237; x_wconf 91' lang='grc'><strong>·</strong></span> <span class='ocrx_word' id='word_1_469' title='bbox 1448 222 1495 249; x_wconf 76' lang='grc' dir='ltr'><strong>καὶ</strong></span> <span class='ocrx_word' id='word_1_470' title='bbox 1506 223 1545 249; x_wconf 81' lang='grc' dir='ltr'>πᾶ</span> <span class='ocrx_word' id='word_1_471' title='bbox 1551 231 1589 249; x_wconf 67' lang='grc' dir='ltr'>τιν</span> <span class='ocrx_word' id='word_1_472' title='bbox 1598 222 1698 254; x_wconf 74' lang='grc' dir='ltr'>ἔδειξεν</span> <span class='ocrx_word' id='word_1_473' title='bbox 1710 223 1753 249; x_wconf 73' lang='grc' dir='ltr'><strong>ὅτι</strong></span> <span class='ocrx_word' id='word_1_474' title='bbox 1764 223 1778 248; x_wconf 71' lang='grc' dir='ltr'><strong>ὁ</strong></span> <span class='ocrx_word' id='word_1_475' title='bbox 1790 230 1832 248; x_wconf 80' lang='grc' dir='ltr'>νε-</span> 
     </span>
    </p>
   </div>
   <div class='ocr_carea' id='block_1_65' title="bbox 1040 267 1832 306">
    <p class='ocr_par' dir='ltr' id='par_1_65' title="bbox 1040 267 1832 306">
     <span class='ocr_line' id='line_1_65' title="bbox 1040 267 1832 306; baseline -0.005 -9"><span class='ocrx_word' id='word_1_476' title='bbox 1040 271 1123 306; x_wconf 62' lang='grc' dir='ltr'>κρνιὺς</span> <span class='ocrx_word' id='word_1_477' title='bbox 1132 269 1273 302; x_wconf 79' lang='grc' dir='ltr'>ζωοποιῶν</span> <span class='ocrx_word' id='word_1_478' title='bbox 1281 270 1329 295; x_wconf 69' lang='grc' dir='ltr'><strong>καὶ</strong></span> <span class='ocrx_word' id='word_1_479' title='bbox 1338 268 1388 302; x_wconf 80' lang='grc' dir='ltr'>τὴν</span> <span class='ocrx_word' id='word_1_480' title='bbox 1399 267 1488 303; x_wconf 83' lang='grc' dir='ltr'>ψυχὴν</span> <span class='ocrx_word' id='word_1_481' title='bbox 1499 267 1727 302; x_wconf 73' lang='grc' dir='ltr'>ἀνακαλούμενος,</span> <span class='ocrx_word' id='word_1_482' title='bbox 1740 267 1832 302; x_wconf 60' lang='grc' dir='ltr'>πολ)γῷ</span> 
     </span>
    </p>
   </div>
   <div class='ocr_carea' id='block_1_66' title="bbox 1043 313 1833 352">
    <p class='ocr_par' dir='ltr' id='par_1_66' title="bbox 1043 313 1833 352">
     <span class='ocr_line' id='line_1_66' title="bbox 1043 313 1833 352; baseline -0.004 -9"><span class='ocrx_word' id='word_1_483' title='bbox 1043 315 1144 352; x_wconf 86' lang='grc' dir='ltr'>μᾶλλον</span> <span class='ocrx_word' id='word_1_484' title='bbox 1152 315 1186 342; x_wconf 72' lang='grc' dir='ltr'>τὰ</span> <span class='ocrx_word' id='word_1_485' title='bbox 1201 315 1312 351; x_wconf 73' lang='grc' dir='ltr'>κρυπτὰ</span> <span class='ocrx_word' id='word_1_486' title='bbox 1323 315 1433 342; x_wconf 86' lang='grc' dir='ltr'>πάντων</span> <span class='ocrx_word' id='word_1_487' title='bbox 1449 313 1626 348; x_wconf 81' lang='grc' dir='ltr'>ἐπιγινώσκει</span> <span class='ocrx_word' id='word_1_488' title='bbox 1642 314 1688 341; x_wconf 76' lang='grc' dir='ltr'><strong>καὶ</strong></span> <span class='ocrx_word' id='word_1_489' title='bbox 1699 314 1833 347; x_wconf 71' lang='grc' dir='ltr'>ἐγίνωσκε</span> 
     </span>
    </p>
   </div>
   <div class='ocr_carea' id='block_1_67' title="bbox 1041 359 1835 397">
    <p class='ocr_par' dir='ltr' id='par_1_67' title="bbox 1041 359 1835 397">
     <span class='ocr_line' id='line_1_67' title="bbox 1041 359 1835 397; baseline -0.005 -7"><span class='ocrx_word' id='word_1_490' title='bbox 1041 363 1093 390; x_wconf 75' lang='grc' dir='ltr'>ποῦ</span> <span class='ocrx_word' id='word_1_491' title='bbox 1104 363 1194 390; x_wconf 82' lang='grc' dir='ltr'>κεῖται</span> <span class='ocrx_word' id='word_1_492' title='bbox 1205 361 1330 397; x_wconf 76' lang='grc' dir='ltr'><strong>Λάζαρος</strong></span> <span class='ocrx_word' id='word_1_493' title='bbox 1339 369 1346 377; x_wconf 89' lang='grc'><strong>·</strong></span> <span class='ocrx_word' id='word_1_494' title='bbox 1356 361 1412 388; x_wconf 81' lang='grc' dir='ltr'>ἀλλ’</span> <span class='ocrx_word' id='word_1_495' title='bbox 1422 361 1600 388; x_wconf 78' lang='grc' dir='ltr'>ἐπυνθάνετο·</span> <span class='ocrx_word' id='word_1_496' title='bbox 1616 359 1702 387; x_wconf 75' lang='grc' dir='ltr'>ἐποίει</span> <span class='ocrx_word' id='word_1_497' title='bbox 1719 360 1776 396; x_wconf 86' lang='grc' dir='ltr'><strong>γάρ</strong></span> <span class='ocrx_word' id='word_1_498' title='bbox 1787 360 1835 386; x_wconf 78' lang='grc' dir='ltr'><strong>καὶ</strong></span> 
     </span>
    </p>
   </div>
   <div class='ocr_carea' id='block_1_68' title="bbox 1041 407 1834 442">
    <p class='ocr_par' dir='ltr' id='par_1_68' title="bbox 1041 407 1834 442">
     <span class='ocr_line' id='line_1_68' title="bbox 1041 407 1834 442; baseline -0.004 -6"><span class='ocrx_word' id='word_1_499' title='bbox 1041 409 1143 436; x_wconf 73' lang='grc' dir='ltr'>τοῦτοό</span> <span class='ocrx_word' id='word_1_500' title='bbox 1154 409 1286 442; x_wconf 83' lang='grc' dir='ltr'>πανάγιος</span> <span class='ocrx_word' id='word_1_501' title='bbox 1303 408 1351 435; x_wconf 74' lang='grc' dir='ltr'>τοῦ</span> <span class='ocrx_word' id='word_1_502' title='bbox 1366 407 1434 434; x_wconf 84' lang='grc' dir='ltr'><strong>Θεοῦ</strong></span> <span class='ocrx_word' id='word_1_503' title='bbox 1450 407 1548 442; x_wconf 86' lang='grc' dir='ltr'>Λόγος,</span> <span class='ocrx_word' id='word_1_504' title='bbox 1566 407 1677 434; x_wconf 74' lang='grc' dir='ltr'>όπάντα</span> <span class='ocrx_word' id='word_1_505' title='bbox 1699 407 1733 433; x_wconf 79' lang='grc' dir='ltr'>δι’</span> <span class='ocrx_word' id='word_1_506' title='bbox 1756 407 1834 441; x_wconf 78' lang='grc' dir='ltr'><strong>ἡμᾶς</strong></span> 
     </span>
    </p>
   </div>
   <div class='ocr_carea' id='block_1_69' title="bbox 1042 452 1833 490">
    <p class='ocr_par' dir='ltr' id='par_1_69' title="bbox 1042 452 1833 490">
     <span class='ocr_line' id='line_1_69' title="bbox 1042 452 1833 490; baseline -0.004 -9"><span class='ocrx_word' id='word_1_507' title='bbox 1042 455 1204 490; x_wconf 82' lang='grc' dir='ltr'>ὑπομείνας,</span> <span class='ocrx_word' id='word_1_508' title='bbox 1222 454 1264 481; x_wconf 76' lang='grc' dir='ltr'><strong>ἵνα</strong></span> <span class='ocrx_word' id='word_1_509' title='bbox 1277 454 1324 480; x_wconf 80' lang='grc' dir='ltr'><strong>καὶ</strong></span> <span class='ocrx_word' id='word_1_510' title='bbox 1332 452 1403 480; x_wconf 82' lang='grc' dir='ltr'>οὕτω</span> <span class='ocrx_word' id='word_1_511' title='bbox 1412 453 1462 488; x_wconf 77' lang='grc' dir='ltr'>τὴν</span> <span class='ocrx_word' id='word_1_512' title='bbox 1472 454 1583 487; x_wconf 75' lang='grc' dir='ltr'>ἄγνοιαν</span> <span class='ocrx_word' id='word_1_513' title='bbox 1594 452 1672 489; x_wconf 75' lang='grc' dir='ltr'>ἡμῶν</span> <span class='ocrx_word' id='word_1_514' title='bbox 1682 452 1833 488; x_wconf 73' lang='grc' dir='ltr'>βιστάξας,</span> 
     </span>
    </p>
   </div>
   <div class='ocr_carea' id='block_1_70' title="bbox 1041 498 1835 538">
    <p class='ocr_par' dir='ltr' id='par_1_70' title="bbox 1041 498 1835 538">
     <span class='ocr_line' id='line_1_70' title="bbox 1041 498 1835 538; baseline -0.005 -10"><span class='ocrx_word' id='word_1_515' title='bbox 1041 500 1191 538; x_wconf 78' lang='grc' dir='ltr'><strong>χαρίσηται</strong></span> <span class='ocrx_word' id='word_1_516' title='bbox 1218 499 1364 535; x_wconf 79' lang='grc' dir='ltr'><strong>γινώσκειν</strong></span> <span class='ocrx_word' id='word_1_517' title='bbox 1389 500 1435 526; x_wconf 79' lang='grc' dir='ltr'>τὸν</span> <span class='ocrx_word' id='word_1_518' title='bbox 1471 499 1550 535; x_wconf 88' lang='grc' dir='ltr'>μόνον</span> <span class='ocrx_word' id='word_1_519' title='bbox 1578 499 1677 525; x_wconf 77' lang='grc' dir='ltr'>ἑαυτοῦ</span> <span class='ocrx_word' id='word_1_520' title='bbox 1704 498 1835 534; x_wconf 75' lang='grc' dir='ltr'>ἀληθινὸν</span> 
     </span>
    </p>
   </div>
   <div class='ocr_carea' id='block_1_71' title="bbox 1041 546 1835 583">
    <p class='ocr_par' dir='ltr' id='par_1_71' title="bbox 1041 546 1835 583">
     <span class='ocr_line' id='line_1_71' title="bbox 1041 546 1835 583; baseline -0.003 -9"><span class='ocrx_word' id='word_1_521' title='bbox 1041 547 1153 583; x_wconf 72' lang='grc' dir='ltr'>Πατέρα</span> <span class='ocrx_word' id='word_1_522' title='bbox 1168 548 1215 574; x_wconf 82' lang='grc' dir='ltr'><strong>καὶ</strong></span> <span class='ocrx_word' id='word_1_523' title='bbox 1229 547 1325 573; x_wconf 73' lang='grc' dir='ltr'>ἑαυτὸν</span> <span class='ocrx_word' id='word_1_524' title='bbox 1341 546 1386 573; x_wconf 83' lang='grc' dir='ltr'>τὸν</span> <span class='ocrx_word' id='word_1_525' title='bbox 1401 546 1436 573; x_wconf 82' lang='grc' dir='ltr'>δι’</span> <span class='ocrx_word' id='word_1_526' title='bbox 1451 546 1527 581; x_wconf 78' lang='grc' dir='ltr'><strong>ἡμᾶς</strong></span> <span class='ocrx_word' id='word_1_527' title='bbox 1545 546 1592 572; x_wconf 73' lang='grc' dir='ltr'>ἐπὶ</span> <span class='ocrx_word' id='word_1_528' title='bbox 1620 546 1742 581; x_wconf 74' lang='grc' dir='ltr'>σωτηρίᾳ</span> <span class='ocrx_word' id='word_1_529' title='bbox 1767 547 1835 572; x_wconf 76' lang='grc' dir='ltr'>πάν-</span> 
     </span>
    </p>
   </div>
   <div class='ocr_carea' id='block_1_72' title="bbox 1040 590 1832 628">
    <p class='ocr_par' dir='ltr' id='par_1_72' title="bbox 1040 590 1832 628">
     <span class='ocr_line' id='line_1_72' title="bbox 1040 590 1832 628; baseline -0.003 -7"><span class='ocrx_word' id='word_1_530' title='bbox 1040 603 1096 622; x_wconf 83' lang='grc' dir='ltr'><strong>των</strong></span> <span class='ocrx_word' id='word_1_531' title='bbox 1110 593 1308 624; x_wconf 72' lang='grc' dir='ltr'><strong>ἀποσταλέντα,</strong></span> <span class='ocrx_word' id='word_1_532' title='bbox 1325 590 1360 628; x_wconf 84' lang='grc' dir='ltr'>ἧς</span> <span class='ocrx_word' id='word_1_533' title='bbox 1377 591 1478 628; x_wconf 71' lang='grc' dir='ltr'>μείζων</span> <span class='ocrx_word' id='word_1_534' title='bbox 1494 594 1545 619; x_wconf 79' lang='grc' dir='ltr'><strong>οὐκ</strong></span> <span class='ocrx_word' id='word_1_535' title='bbox 1559 591 1593 618; x_wconf 80' lang='grc' dir='ltr'>ἂν</span> <span class='ocrx_word' id='word_1_536' title='bbox 1611 592 1716 626; x_wconf 82' lang='grc' dir='ltr'>γένοιτο</span> <span class='ocrx_word' id='word_1_537' title='bbox 1739 593 1832 627; x_wconf 78' lang='grc' dir='ltr'>χάρις.</span> 
     </span>
    </p>
   </div>
   <div class='ocr_carea' id='block_1_73' title="bbox 1042 639 1833 676">
    <p class='ocr_par' dir='ltr' id='par_1_73' title="bbox 1042 639 1833 676">
     <span class='ocr_line' id='line_1_73' title="bbox 1042 639 1833 676; baseline -0.006 -7"><span class='ocrx_word' id='word_1_538' title='bbox 1042 641 1119 674; x_wconf 79' lang='grc' dir='ltr'>Είδὲ,</span> <span class='ocrx_word' id='word_1_539' title='bbox 1129 641 1173 668; x_wconf 77' lang='grc' dir='ltr'>ἵνα</span> <span class='ocrx_word' id='word_1_540' title='bbox 1184 639 1310 676; x_wconf 84' lang='grc' dir='ltr'>λυτρωθῇ</span> <span class='ocrx_word' id='word_1_541' title='bbox 1323 641 1353 666; x_wconf 75' lang='grc' dir='ltr'><strong>τὺ</strong></span> <span class='ocrx_word' id='word_1_542' title='bbox 1365 640 1442 674; x_wconf 81' lang='grc' dir='ltr'>γένος</span> <span class='ocrx_word' id='word_1_543' title='bbox 1453 640 1484 666; x_wconf 74' lang='grc' dir='ltr'>τὸ</span> <span class='ocrx_word' id='word_1_544' title='bbox 1497 639 1680 673; x_wconf 81' lang='grc' dir='ltr'>ἀνθρώπινον,</span> <span class='ocrx_word' id='word_1_545' title='bbox 1693 639 1833 673; x_wconf 72' lang='grc' dir='ltr'>ἐπεδήμη-</span> 
     </span>
    </p>
   </div>
   <div class='ocr_carea' id='block_1_74' title="bbox 1042 684 1837 722">
    <p class='ocr_par' dir='ltr' id='par_1_74' title="bbox 1042 684 1837 722">
     <span class='ocr_line' id='line_1_74' title="bbox 1042 684 1837 722; baseline -0.005 -7"><span class='ocrx_word' id='word_1_546' title='bbox 1042 697 1088 715; x_wconf 86' lang='grc' dir='ltr'><strong>σεν</strong></span> <span class='ocrx_word' id='word_1_547' title='bbox 1101 688 1115 714; x_wconf 86' lang='grc' dir='ltr'><strong>ό</strong></span> <span class='ocrx_word' id='word_1_548' title='bbox 1129 688 1215 721; x_wconf 83' lang='grc' dir='ltr'><strong>Λόγος</strong></span> <span class='ocrx_word' id='word_1_549' title='bbox 1226 706 1234 719; x_wconf 85' lang='grc'><strong>,</strong></span> <span class='ocrx_word' id='word_1_550' title='bbox 1249 687 1296 713; x_wconf 75' lang='grc' dir='ltr'><strong>καὶ</strong></span> <span class='ocrx_word' id='word_1_551' title='bbox 1314 686 1358 713; x_wconf 76' lang='grc' dir='ltr'>ἵνα</span> <span class='ocrx_word' id='word_1_552' title='bbox 1374 686 1472 717; x_wconf 75' lang='grc' dir='ltr'>αὐτοὺς</span> <span class='ocrx_word' id='word_1_553' title='bbox 1500 684 1604 722; x_wconf 72' lang='grc' dir='ltr'>ἁγιάσῃ</span> <span class='ocrx_word' id='word_1_554' title='bbox 1625 686 1672 712; x_wconf 78' lang='grc' dir='ltr'><strong>καὶ</strong></span> <span class='ocrx_word' id='word_1_555' title='bbox 1686 684 1837 721; x_wconf 53' lang='lat' dir='ltr'><strong>Geminos;</strong></span> 
     </span>
    </p>
   </div>
   <div class='ocr_carea' id='block_1_75' title="bbox 1043 730 1836 769">
    <p class='ocr_par' dir='ltr' id='par_1_75' title="bbox 1043 730 1836 769">
     <span class='ocr_line' id='line_1_75' title="bbox 1043 730 1836 769; baseline -0.006 -9"><span class='ocrx_word' id='word_1_556' title='bbox 1043 734 1154 769; x_wconf 78' lang='grc' dir='ltr'>γέγονεν</span> <span class='ocrx_word' id='word_1_557' title='bbox 1168 733 1181 760; x_wconf 92' lang='grc' dir='ltr'><strong>ό</strong></span> <span class='ocrx_word' id='word_1_558' title='bbox 1195 732 1282 766; x_wconf 82' lang='grc' dir='ltr'>Λόγος</span> <span class='ocrx_word' id='word_1_559' title='bbox 1296 731 1376 767; x_wconf 75' lang='grc' dir='ltr'>σὰρξ,</span> <span class='ocrx_word' id='word_1_560' title='bbox 1390 731 1445 758; x_wconf 86' lang='grc' dir='ltr'>τίνι</span> <span class='ocrx_word' id='word_1_561' title='bbox 1457 731 1554 758; x_wconf 80' lang='grc' dir='ltr'>λοιπὸν</span> <span class='ocrx_word' id='word_1_562' title='bbox 1566 730 1617 757; x_wconf 81' lang='grc' dir='ltr'><strong>οὐκ</strong></span> <span class='ocrx_word' id='word_1_563' title='bbox 1631 730 1690 757; x_wconf 72' lang='grc' dir='ltr'>ἐστι</span> <span class='ocrx_word' id='word_1_564' title='bbox 1704 730 1836 765; x_wconf 71' lang='grc' dir='ltr'>φανερὸν,</span> 
     </span>
    </p>
   </div>
   <div class='ocr_carea' id='block_1_76' title="bbox 1041 776 1836 814">
    <p class='ocr_par' dir='ltr' id='par_1_76' title="bbox 1041 776 1836 814">
     <span class='ocr_line' id='line_1_76' title="bbox 1041 776 1836 814; baseline -0.006 -7"><span class='ocrx_word' id='word_1_565' title='bbox 1041 781 1083 807; x_wconf 87' lang='grc' dir='ltr'>ὅτι</span> <span class='ocrx_word' id='word_1_566' title='bbox 1099 780 1187 807; x_wconf 79' lang='grc' dir='ltr'>ταίτα</span> <span class='ocrx_word' id='word_1_567' title='bbox 1206 779 1280 814; x_wconf 73' lang='grc' dir='ltr'>ἃπερ</span> <span class='ocrx_word' id='word_1_568' title='bbox 1298 777 1441 813; x_wconf 73' lang='grc' dir='ltr'><strong>εἰληφέναι</strong></span> <span class='ocrx_word' id='word_1_569' title='bbox 1460 777 1550 811; x_wconf 80' lang='grc' dir='ltr'><strong>λέγει,</strong></span> <span class='ocrx_word' id='word_1_570' title='bbox 1568 777 1612 803; x_wconf 83' lang='grc' dir='ltr'>ὅτε</span> <span class='ocrx_word' id='word_1_571' title='bbox 1631 776 1727 810; x_wconf 84' lang='grc' dir='ltr'>γέγονε</span> <span class='ocrx_word' id='word_1_572' title='bbox 1749 776 1836 811; x_wconf 76' lang='grc' dir='ltr'>σὰρξ,</span> 
     </span>
    </p>
   </div>
   <div class='ocr_carea' id='block_1_77' title="bbox 1042 820 1838 859">
    <p class='ocr_par' dir='ltr' id='par_1_77' title="bbox 1042 820 1838 859">
     <span class='ocr_line' id='line_1_77' title="bbox 1042 820 1838 859; baseline -0.008 -5"><span class='ocrx_word' id='word_1_573' title='bbox 1042 828 1072 854; x_wconf 77' lang='grc' dir='ltr'>οὐ</span> <span class='ocrx_word' id='word_1_574' title='bbox 1090 826 1123 854; x_wconf 84' lang='grc' dir='ltr'>δι’</span> <span class='ocrx_word' id='word_1_575' title='bbox 1133 826 1241 858; x_wconf 63' lang='grc' dir='ltr'>ἑαυτὸν,</span> <span class='ocrx_word' id='word_1_576' title='bbox 1257 825 1327 852; x_wconf 78' lang='grc' dir='ltr'>ἀλλὰ</span> <span class='ocrx_word' id='word_1_577' title='bbox 1342 825 1388 852; x_wconf 81' lang='grc' dir='ltr'>διὰ</span> <span class='ocrx_word' id='word_1_578' title='bbox 1402 825 1452 859; x_wconf 83' lang='grc' dir='ltr'>τὴν</span> <span class='ocrx_word' id='word_1_579' title='bbox 1470 824 1562 859; x_wconf 81' lang='grc' dir='ltr'><strong>σάρκα.</strong></span> <span class='ocrx_word' id='word_1_580' title='bbox 1577 823 1669 857; x_wconf 78' lang='grc' dir='ltr'>λέγεις</span> <span class='ocrx_word' id='word_1_581' title='bbox 1687 824 1732 849; x_wconf 85' lang='grc' dir='ltr'>Ἐν</span> <span class='ocrx_word' id='word_1_582' title='bbox 1782 824 1838 857; x_wconf 67' lang='grc' dir='ltr'>γὰρ</span> 
     </span>
    </p>
   </div>
   <div class='ocr_carea' id='block_1_78' title="bbox 1042 869 1838 910">
    <p class='ocr_par' dir='ltr' id='par_1_78' title="bbox 1042 869 1838 910">
     <span class='ocr_line' id='line_1_78' title="bbox 1042 869 1838 910; baseline -0.008 -9"><span class='ocrx_word' id='word_1_583' title='bbox 1042 872 1087 910; x_wconf 78' lang='grc' dir='ltr'>ἦν,</span> <span class='ocrx_word' id='word_1_584' title='bbox 1107 873 1207 908; x_wconf 78' lang='grc' dir='ltr'>λέγων,</span> <span class='ocrx_word' id='word_1_585' title='bbox 1226 873 1330 908; x_wconf 79' lang='grc' dir='ltr'><strong>ταύτης</strong></span> <span class='ocrx_word' id='word_1_586' title='bbox 1350 869 1384 907; x_wconf 83' lang='grc' dir='ltr'>ἦν</span> <span class='ocrx_word' id='word_1_587' title='bbox 1404 872 1453 898; x_wconf 75' lang='grc' dir='ltr'><strong>καὶ</strong></span> <span class='ocrx_word' id='word_1_588' title='bbox 1474 871 1508 898; x_wconf 82' lang='grc' dir='ltr'>τὰ</span> <span class='ocrx_word' id='word_1_589' title='bbox 1529 870 1655 906; x_wconf 78' lang='grc' dir='ltr'><strong>διδόμενα</strong></span> <span class='ocrx_word' id='word_1_590' title='bbox 1676 870 1838 904; x_wconf 76' lang='grc' dir='ltr'>χαρίσματα</span> 
     </span>
    </p>
   </div>
   <div class='ocr_carea' id='block_1_79' title="bbox 1042 914 1838 954">
    <p class='ocr_par' dir='ltr' id='par_1_79' title="bbox 1042 914 1838 954">
     <span class='ocr_line' id='line_1_79' title="bbox 1042 914 1838 954; baseline -0.009 -6"><span class='ocrx_word' id='word_1_591' title='bbox 1042 921 1077 949; x_wconf 82' lang='grc' dir='ltr'>δι’</span> <span class='ocrx_word' id='word_1_592' title='bbox 1090 919 1174 947; x_wconf 83' lang='grc' dir='ltr'>αὐτοῦ</span> <span class='ocrx_word' id='word_1_593' title='bbox 1195 919 1273 954; x_wconf 84' lang='grc' dir='ltr'>παρὰ</span> <span class='ocrx_word' id='word_1_594' title='bbox 1291 918 1337 946; x_wconf 82' lang='grc' dir='ltr'><strong>τοῦ</strong></span> <span class='ocrx_word' id='word_1_595' title='bbox 1359 917 1475 953; x_wconf 80' lang='grc' dir='ltr'>Πατρός.</span> <span class='ocrx_word' id='word_1_596' title='bbox 1494 917 1564 943; x_wconf 83' lang='grc' dir='ltr'>Τίνα</span> <span class='ocrx_word' id='word_1_597' title='bbox 1583 916 1611 942; x_wconf 65' lang='grc' dir='ltr'>δὲ</span> <span class='ocrx_word' id='word_1_598' title='bbox 1630 914 1663 950; x_wconf 84' lang='grc' dir='ltr'>ἦν</span> <span class='ocrx_word' id='word_1_599' title='bbox 1680 915 1699 942; x_wconf 76' lang='grc' dir='ltr'>ἃ</span> <span class='ocrx_word' id='word_1_600' title='bbox 1720 916 1838 950; x_wconf 80' lang='grc' dir='ltr'>ἡγεῖτο,</span> 
     </span>
    </p>
   </div>
   <div class='ocr_carea' id='block_1_80' title="bbox 1043 959 1839 1002">
    <p class='ocr_par' dir='ltr' id='par_1_80' title="bbox 1043 959 1839 1002">
     <span class='ocr_line' id='line_1_80' title="bbox 1043 959 1839 1002; baseline -0.009 -8"><span class='ocrx_word' id='word_1_601' title='bbox 1043 966 1156 1002; x_wconf 81' lang='grc' dir='ltr'>ῐδωμεν,</span> <span class='ocrx_word' id='word_1_602' title='bbox 1174 967 1222 994; x_wconf 78' lang='grc' dir='ltr'><strong>καὶ</strong></span> <span class='ocrx_word' id='word_1_603' title='bbox 1241 965 1303 992; x_wconf 85' lang='grc' dir='ltr'>τίνα</span> <span class='ocrx_word' id='word_1_604' title='bbox 1323 962 1357 1000; x_wconf 80' lang='grc' dir='ltr'>ἦν</span> <span class='ocrx_word' id='word_1_605' title='bbox 1376 965 1445 996; x_wconf 80' lang='grc' dir='ltr'>ὅλως</span> <span class='ocrx_word' id='word_1_606' title='bbox 1464 959 1598 997; x_wconf 62' lang='grc' dir='ltr'>ἃἚλεγεν</span> <span class='ocrx_word' id='word_1_607' title='bbox 1618 962 1771 997; x_wconf 74' lang='grc' dir='ltr'>είληφέναι.</span> <span class='ocrx_word' id='word_1_608' title='bbox 1793 961 1839 988; x_wconf 81' lang='grc' dir='ltr'>ῐνα</span> 
     </span>
    </p>
   </div>
   <div class='ocr_carea' id='block_1_81' title="bbox 1044 1007 1838 1044">
    <p class='ocr_par' dir='ltr' id='par_1_81' title="bbox 1044 1007 1838 1044">
     <span class='ocr_line' id='line_1_81' title="bbox 1044 1007 1838 1044; baseline -0.01 -3"><span class='ocrx_word' id='word_1_609' title='bbox 1044 1014 1097 1042; x_wconf 73' lang='grc' dir='ltr'>κᾶν</span> <span class='ocrx_word' id='word_1_610' title='bbox 1118 1012 1205 1044; x_wconf 78' lang='grc' dir='ltr'>οὕτως</span> <span class='ocrx_word' id='word_1_611' title='bbox 1230 1011 1411 1040; x_wconf 72' lang='grc' dir='ltr'>αἰσθάνεσθαι</span> <span class='ocrx_word' id='word_1_612' title='bbox 1435 1009 1587 1044; x_wconf 63' lang='grc' dir='ltr'>δυνηθῶσιν</span> <span class='ocrx_word' id='word_1_613' title='bbox 1611 1009 1723 1036; x_wconf 78' lang='grc' dir='ltr'>ἐκεῖνοι.</span> <span class='ocrx_word' id='word_1_614' title='bbox 1747 1007 1838 1040; x_wconf 78' lang='grc' dir='ltr'><strong>Δόξιν</strong></span> 
     </span>
    </p>
   </div>
   <div class='ocr_carea' id='block_1_82' title="bbox 1042 1053 1838 1094">
    <p class='ocr_par' dir='ltr' id='par_1_82' title="bbox 1042 1053 1838 1094">
     <span class='ocr_line' id='line_1_82' title="bbox 1042 1053 1838 1094; baseline -0.009 -9"><span class='ocrx_word' id='word_1_615' title='bbox 1042 1058 1134 1086; x_wconf 83' lang='grc' dir='ltr'>τοίνυν</span> <span class='ocrx_word' id='word_1_616' title='bbox 1147 1059 1250 1094; x_wconf 73' lang='grc' dir='ltr'>ἠγεῖτο,</span> <span class='ocrx_word' id='word_1_617' title='bbox 1265 1058 1311 1084; x_wconf 79' lang='grc' dir='ltr'><strong>καὶ</strong></span> <span class='ocrx_word' id='word_1_618' title='bbox 1326 1056 1414 1091; x_wconf 83' lang='grc' dir='ltr'>ἐλεγε·</span> <span class='ocrx_word' id='word_1_619' title='bbox 1430 1054 1532 1083; x_wconf 82' lang='grc' dir='ltr'><em>Πάντα</em></span> <span class='ocrx_word' id='word_1_620' title='bbox 1544 1063 1596 1090; x_wconf 86' lang='grc' dir='ltr'>μοι</span> <span class='ocrx_word' id='word_1_621' title='bbox 1610 1053 1772 1088; x_wconf 75' lang='grc' dir='ltr'>παρεδόθη,</span> <span class='ocrx_word' id='word_1_622' title='bbox 1790 1054 1838 1079; x_wconf 76' lang='grc' dir='ltr'><strong>καὶ</strong></span> 
     </span>
    </p>
   </div>
   <div class='ocr_carea' id='block_1_83' title="bbox 1045 1098 1839 1140">
    <p class='ocr_par' dir='ltr' id='par_1_83' title="bbox 1045 1098 1839 1140">
     <span class='ocr_line' id='line_1_83' title="bbox 1045 1098 1839 1140; baseline -0.01 -9"><span class='ocrx_word' id='word_1_623' title='bbox 1045 1104 1116 1139; x_wconf 79' lang='grc' dir='ltr'>μετὰ</span> <span class='ocrx_word' id='word_1_624' title='bbox 1132 1104 1181 1140; x_wconf 80' lang='grc' dir='ltr'>τὴν</span> <span class='ocrx_word' id='word_1_625' title='bbox 1198 1104 1349 1131; x_wconf 81' lang='grc' dir='ltr'>ἀνάστασιν</span> <span class='ocrx_word' id='word_1_626' title='bbox 1366 1101 1492 1135; x_wconf 73' lang='grc' dir='ltr'>ἐξουσίαν</span> <span class='ocrx_word' id='word_1_627' title='bbox 1510 1101 1603 1128; x_wconf 80' lang='grc' dir='ltr'>πᾶσάν</span> <span class='ocrx_word' id='word_1_628' title='bbox 1620 1107 1705 1134; x_wconf 86' lang='grc' dir='ltr'>φησιν</span> <span class='ocrx_word' id='word_1_629' title='bbox 1724 1098 1839 1133; x_wconf 72' lang='grc' dir='ltr'>εἰληφέ-</span> 
     </span>
    </p>
   </div>
   <div class='ocr_carea' id='block_1_84' title="bbox 1044 1144 1837 1184">
    <p class='ocr_par' dir='ltr' id='par_1_84' title="bbox 1044 1144 1837 1184">
     <span class='ocr_line' id='line_1_84' title="bbox 1044 1144 1837 1184; baseline -0.009 -7"><span class='ocrx_word' id='word_1_630' title='bbox 1044 1159 1099 1177; x_wconf 87' lang='grc' dir='ltr'>ναι.</span> <span class='ocrx_word' id='word_1_631' title='bbox 1118 1149 1202 1176; x_wconf 74' lang='grc' dir='ltr'>’Δλλὰ</span> <span class='ocrx_word' id='word_1_632' title='bbox 1223 1149 1272 1176; x_wconf 73' lang='grc' dir='ltr'><strong>καὶ</strong></span> <span class='ocrx_word' id='word_1_633' title='bbox 1292 1149 1358 1184; x_wconf 78' lang='grc' dir='ltr'>πρὶν</span> <span class='ocrx_word' id='word_1_634' title='bbox 1379 1148 1455 1183; x_wconf 65' lang='lat' dir='ltr'><strong>sirm,</strong></span> <span class='ocrx_word' id='word_1_635' title='bbox 1478 1146 1581 1174; x_wconf 81' lang='grc' dir='ltr'>Πάντα</span> <span class='ocrx_word' id='word_1_636' title='bbox 1598 1154 1648 1181; x_wconf 81' lang='grc' dir='ltr'>μοι</span> <span class='ocrx_word' id='word_1_637' title='bbox 1667 1144 1837 1179; x_wconf 78' lang='grc' dir='ltr'><strong>παρεδόθη,</strong></span> 
     </span>
    </p>
   </div>
   <div class='ocr_carea' id='block_1_85' title="bbox 1044 1190 1838 1230">
    <p class='ocr_par' dir='ltr' id='par_1_85' title="bbox 1044 1190 1838 1230">
     <span class='ocr_line' id='line_1_85' title="bbox 1044 1190 1838 1230; baseline -0.01 -8"><span class='ocrx_word' id='word_1_638' title='bbox 1044 1195 1156 1222; x_wconf 78' lang='grc' dir='ltr'>πάντων</span> <span class='ocrx_word' id='word_1_639' title='bbox 1167 1192 1201 1229; x_wconf 83' lang='grc' dir='ltr'>ἦν</span> <span class='ocrx_word' id='word_1_640' title='bbox 1214 1194 1326 1230; x_wconf 82' lang='grc' dir='ltr'>Κύριος.</span> <span class='ocrx_word' id='word_1_641' title='bbox 1341 1193 1433 1220; x_wconf 79' lang='grc' dir='ltr'>Πάντα</span> <span class='ocrx_word' id='word_1_642' title='bbox 1446 1193 1500 1228; x_wconf 76' lang='grc' dir='ltr'><strong>γὰρ</strong></span> <span class='ocrx_word' id='word_1_643' title='bbox 1508 1191 1542 1220; x_wconf 83' lang='grc' dir='ltr'>δι’</span> <span class='ocrx_word' id='word_1_644' title='bbox 1555 1191 1639 1218; x_wconf 80' lang='grc' dir='ltr'>αὑτοῦ</span> <span class='ocrx_word' id='word_1_645' title='bbox 1653 1190 1772 1225; x_wconf 74' lang='grc' dir='ltr'>ἐγένετο,</span> <span class='ocrx_word' id='word_1_646' title='bbox 1789 1190 1838 1216; x_wconf 69' lang='grc' dir='ltr'><strong>καὶ</strong></span> 
     </span>
    </p>
   </div>
   <div class='ocr_carea' id='block_1_86' title="bbox 1044 1234 1838 1276">
    <p class='ocr_par' dir='ltr' id='par_1_86' title="bbox 1044 1234 1838 1276">
     <span class='ocr_line' id='line_1_86' title="bbox 1044 1234 1838 1276; baseline -0.01 -8"><span class='ocrx_word' id='word_1_647' title='bbox 1044 1238 1084 1272; x_wconf 73' lang='grc' dir='ltr'>εἷς</span> <span class='ocrx_word' id='word_1_648' title='bbox 1100 1240 1203 1276; x_wconf 78' lang='grc' dir='ltr'>Κύριος</span> <span class='ocrx_word' id='word_1_649' title='bbox 1218 1237 1252 1276; x_wconf 69' lang='grc' dir='ltr'>ἦν</span> <span class='ocrx_word' id='word_1_650' title='bbox 1265 1239 1299 1268; x_wconf 83' lang='grc' dir='ltr'>δι’</span> <span class='ocrx_word' id='word_1_651' title='bbox 1310 1237 1341 1267; x_wconf 77' lang='grc' dir='ltr'><strong>οὗ</strong></span> <span class='ocrx_word' id='word_1_652' title='bbox 1354 1239 1390 1268; x_wconf 79' lang='grc' dir='ltr'>τὰ</span> <span class='ocrx_word' id='word_1_653' title='bbox 1403 1239 1502 1266; x_wconf 73' lang='grc' dir='ltr'>πάντα.</span> <span class='ocrx_word' id='word_1_654' title='bbox 1517 1238 1573 1265; x_wconf 80' lang='grc' dir='ltr'><strong>Καὶ</strong></span> <span class='ocrx_word' id='word_1_655' title='bbox 1587 1237 1666 1271; x_wconf 79' lang='grc' dir='ltr'>δόξαν</span> <span class='ocrx_word' id='word_1_656' title='bbox 1686 1237 1736 1271; x_wconf 81' lang='grc' dir='ltr'><strong>μὲν</strong></span> <span class='ocrx_word' id='word_1_657' title='bbox 1750 1234 1838 1270; x_wconf 77' lang='grc' dir='ltr'>εἶχεν,</span> 
     </span>
    </p>
   </div>
   <div class='ocr_carea' id='block_1_87' title="bbox 1043 1282 1840 1323">
    <p class='ocr_par' dir='ltr' id='par_1_87' title="bbox 1043 1282 1840 1323">
     <span class='ocr_line' id='line_1_87' title="bbox 1043 1282 1840 1323; baseline -0.008 -9"><span class='ocrx_word' id='word_1_658' title='bbox 1043 1284 1077 1323; x_wconf 81' lang='grc' dir='ltr'>ἦς</span> <span class='ocrx_word' id='word_1_659' title='bbox 1090 1287 1192 1322; x_wconf 80' lang='grc' dir='ltr'>Κύριος</span> <span class='ocrx_word' id='word_1_660' title='bbox 1204 1284 1238 1322; x_wconf 84' lang='grc' dir='ltr'>ἦν</span> <span class='ocrx_word' id='word_1_661' title='bbox 1261 1287 1309 1313; x_wconf 77' lang='grc' dir='ltr'><strong>καὶ</strong></span> <span class='ocrx_word' id='word_1_662' title='bbox 1323 1285 1408 1318; x_wconf 77' lang='grc' dir='ltr'>ἐστιν,</span> <span class='ocrx_word' id='word_1_663' title='bbox 1421 1286 1458 1317; x_wconf 85' lang='grc' dir='ltr'>ὼς</span> <span class='ocrx_word' id='word_1_664' title='bbox 1472 1286 1486 1312; x_wconf 83' lang='grc' dir='ltr'><strong>ό</strong></span> <span class='ocrx_word' id='word_1_665' title='bbox 1503 1284 1608 1315; x_wconf 67' lang='lat' dir='ltr'><strong>nam;</strong></span> <span class='ocrx_word' id='word_1_666' title='bbox 1623 1290 1707 1318; x_wconf 80' lang='grc' dir='ltr'>φησιν</span> <span class='ocrx_word' id='word_1_667' title='bbox 1721 1283 1768 1310; x_wconf 81' lang='grc' dir='ltr'>Ἐί</span> <span class='ocrx_word' id='word_1_668' title='bbox 1783 1282 1840 1316; x_wconf 78' lang='grc' dir='ltr'>γὰρ</span> 
     </span>
    </p>
   </div>
   <div class='ocr_carea' id='block_1_88' title="bbox 1044 1328 1840 1368">
    <p class='ocr_par' dir='ltr' id='par_1_88' title="bbox 1044 1328 1840 1368">
     <span class='ocr_line' id='line_1_88' title="bbox 1044 1328 1840 1368; baseline -0.008 -8"><span class='ocrx_word' id='word_1_669' title='bbox 1044 1333 1194 1368; x_wconf 64' lang='grc' dir='ltr'>ἔγνωσαν,</span> <span class='ocrx_word' id='word_1_670' title='bbox 1207 1332 1308 1360; x_wconf 82' lang='grc' dir='ltr'>οὐκᾶν</span> <span class='ocrx_word' id='word_1_671' title='bbox 1323 1331 1376 1358; x_wconf 83' lang='grc' dir='ltr'>τὸν</span> <span class='ocrx_word' id='word_1_672' title='bbox 1382 1332 1493 1365; x_wconf 79' lang='grc' dir='ltr'>Κύριον</span> <span class='ocrx_word' id='word_1_673' title='bbox 1505 1330 1559 1364; x_wconf 82' lang='grc' dir='ltr'><strong>τῆς</strong></span> <span class='ocrx_word' id='word_1_674' title='bbox 1576 1329 1670 1363; x_wconf 81' lang='grc' dir='ltr'><strong>δόξης</strong></span> <span class='ocrx_word' id='word_1_675' title='bbox 1684 1328 1840 1362; x_wconf 78' lang='grc' dir='ltr'>ἐσταύρω-</span> 
     </span>
    </p>
   </div>
   <div class='ocr_carea' id='block_1_89' title="bbox 1044 1372 1840 1414">
    <p class='ocr_par' dir='ltr' id='par_1_89' title="bbox 1044 1372 1840 1414">
     <span class='ocr_line' id='line_1_89' title="bbox 1044 1372 1840 1414; baseline -0.009 -8"><span class='ocrx_word' id='word_1_676' title='bbox 1044 1386 1116 1407; x_wconf 77' lang='grc' dir='ltr'>σαν.</span> <span class='ocrx_word' id='word_1_677' title='bbox 1125 1375 1190 1414; x_wconf 81' lang='grc' dir='ltr'><strong>Εῐχε</strong></span> <span class='ocrx_word' id='word_1_678' title='bbox 1196 1378 1289 1413; x_wconf 73' lang='grc' dir='ltr'>γὰρῆν</span> <span class='ocrx_word' id='word_1_679' title='bbox 1297 1378 1390 1413; x_wconf 70' lang='grc' dir='ltr'>ἡγεῖτο</span> <span class='ocrx_word' id='word_1_680' title='bbox 1400 1377 1488 1410; x_wconf 71' lang='grc' dir='ltr'>λέγων</span> <span class='ocrx_word' id='word_1_681' title='bbox 1499 1384 1506 1391; x_wconf 92' lang='grc'>·</span> <span class='ocrx_word' id='word_1_682' title='bbox 1516 1376 1556 1411; x_wconf 77' lang='grc' dir='ltr'><strong>Τῇ</strong></span> <span class='ocrx_word' id='word_1_683' title='bbox 1566 1372 1665 1411; x_wconf 80' lang='grc' dir='ltr'>δόξῃῇ</span> <span class='ocrx_word' id='word_1_684' title='bbox 1672 1372 1772 1409; x_wconf 76' lang='grc' dir='ltr'>εἶχον,</span> <span class='ocrx_word' id='word_1_685' title='bbox 1780 1373 1840 1407; x_wconf 72' lang='grc' dir='ltr'><strong>πρὸ</strong></span> 
     </span>
    </p>
   </div>
   <div class='ocr_carea' id='block_1_90' title="bbox 1044 1421 1840 1459">
    <p class='ocr_par' dir='ltr' id='par_1_90' title="bbox 1044 1421 1840 1459">
     <span class='ocr_line' id='line_1_90' title="bbox 1044 1421 1840 1459; baseline -0.006 -7"><span class='ocrx_word' id='word_1_686' title='bbox 1044 1424 1100 1452; x_wconf 79' lang='grc' dir='ltr'><strong>τοῦ</strong></span> <span class='ocrx_word' id='word_1_687' title='bbox 1114 1425 1168 1452; x_wconf 84' lang='grc' dir='ltr'>τὸν</span> <span class='ocrx_word' id='word_1_688' title='bbox 1181 1425 1299 1459; x_wconf 79' lang='grc' dir='ltr'>κόσμον</span> <span class='ocrx_word' id='word_1_689' title='bbox 1306 1422 1395 1456; x_wconf 75' lang='grc' dir='ltr'>εἶναι,</span> <span class='ocrx_word' id='word_1_690' title='bbox 1409 1423 1490 1457; x_wconf 77' lang='grc' dir='ltr'>παρὰ</span> <span class='ocrx_word' id='word_1_691' title='bbox 1496 1423 1557 1450; x_wconf 86' lang='grc' dir='ltr'>σοί.</span> <span class='ocrx_word' id='word_1_692' title='bbox 1573 1423 1631 1449; x_wconf 78' lang='grc' dir='ltr'><strong>Καὶ</strong></span> <span class='ocrx_word' id='word_1_693' title='bbox 1646 1421 1696 1457; x_wconf 78' lang='grc' dir='ltr'>τὴν</span> <span class='ocrx_word' id='word_1_694' title='bbox 1711 1421 1840 1454; x_wconf 71' lang='grc' dir='ltr'>ἐξουσίαν</span> 
     </span>
    </p>
   </div>
   <div class='ocr_carea' id='block_1_91' title="bbox 1044 1468 1840 1508">
    <p class='ocr_par' dir='ltr' id='par_1_91' title="bbox 1044 1468 1840 1508">
     <span class='ocr_line' id='line_1_91' title="bbox 1044 1468 1840 1508; baseline -0.005 -10"><span class='ocrx_word' id='word_1_695' title='bbox 1044 1471 1086 1504; x_wconf 76' lang='grc' dir='ltr'>δὲ,</span> <span class='ocrx_word' id='word_1_696' title='bbox 1101 1471 1136 1508; x_wconf 68' lang='grc' dir='ltr'>ἢν</span> <span class='ocrx_word' id='word_1_697' title='bbox 1151 1470 1229 1505; x_wconf 69' lang='grc' dir='ltr'>ἔλεγε</span> <span class='ocrx_word' id='word_1_698' title='bbox 1247 1469 1317 1506; x_wconf 80' lang='grc' dir='ltr'>μετὰ</span> <span class='ocrx_word' id='word_1_699' title='bbox 1331 1469 1382 1505; x_wconf 78' lang='grc' dir='ltr'>τὴν</span> <span class='ocrx_word' id='word_1_700' title='bbox 1397 1469 1547 1497; x_wconf 78' lang='grc' dir='ltr'>ἀνάστασιν</span> <span class='ocrx_word' id='word_1_701' title='bbox 1564 1468 1716 1504; x_wconf 78' lang='grc' dir='ltr'>είληφέναι,</span> <span class='ocrx_word' id='word_1_702' title='bbox 1733 1468 1840 1503; x_wconf 77' lang='grc' dir='ltr'>ταύτην</span> 
     </span>
    </p>
   </div>
   <div class='ocr_carea' id='block_1_92' title="bbox 1046 1515 1839 1554">
    <p class='ocr_par' dir='ltr' id='par_1_92' title="bbox 1046 1515 1839 1554">
     <span class='ocr_line' id='line_1_92' title="bbox 1046 1515 1839 1554; baseline -0.006 -8"><span class='ocrx_word' id='word_1_703' title='bbox 1046 1517 1104 1554; x_wconf 66' lang='lat' dir='ltr'><strong>nixa</strong></span> <span class='ocrx_word' id='word_1_704' title='bbox 1119 1517 1168 1546; x_wconf 80' lang='grc' dir='ltr'><strong>καὶ</strong></span> <span class='ocrx_word' id='word_1_705' title='bbox 1186 1517 1240 1554; x_wconf 76' lang='grc' dir='ltr'><strong>πρὸ</strong></span> <span class='ocrx_word' id='word_1_706' title='bbox 1255 1517 1304 1544; x_wconf 83' lang='grc' dir='ltr'>τοῦ</span> <span class='ocrx_word' id='word_1_707' title='bbox 1319 1516 1427 1549; x_wconf 73' lang='grc' dir='ltr'>λαϐεῖν,</span> <span class='ocrx_word' id='word_1_708' title='bbox 1446 1517 1494 1544; x_wconf 75' lang='grc' dir='ltr'><strong>καὶ</strong></span> <span class='ocrx_word' id='word_1_709' title='bbox 1511 1515 1564 1551; x_wconf 81' lang='grc' dir='ltr'><strong>πρὸ</strong></span> <span class='ocrx_word' id='word_1_710' title='bbox 1579 1516 1628 1550; x_wconf 83' lang='grc' dir='ltr'>τῆς</span> <span class='ocrx_word' id='word_1_711' title='bbox 1645 1515 1839 1548; x_wconf 67' lang='grc' dir='ltr'>ἀναστάσεως.</span> 
     </span>
    </p>
   </div>
   <div class='ocr_carea' id='block_1_93' title="bbox 1045 1561 1841 1600">
    <p class='ocr_par' dir='ltr' id='par_1_93' title="bbox 1045 1561 1841 1600">
     <span class='ocr_line' id='line_1_93' title="bbox 1045 1561 1841 1600; baseline -0.006 -7"><span class='ocrx_word' id='word_1_712' title='bbox 1045 1566 1133 1598; x_wconf 77' lang='grc' dir='ltr'>Αὐτὸς</span> <span class='ocrx_word' id='word_1_713' title='bbox 1154 1565 1204 1600; x_wconf 69' lang='grc' dir='ltr'><strong>μιν</strong></span> <span class='ocrx_word' id='word_1_714' title='bbox 1222 1564 1278 1599; x_wconf 82' lang='grc' dir='ltr'><strong>γὰρ</strong></span> <span class='ocrx_word' id='word_1_715' title='bbox 1298 1563 1417 1599; x_wconf 83' lang='grc' dir='ltr'>ἐπετίμα</span> <span class='ocrx_word' id='word_1_716' title='bbox 1436 1563 1471 1590; x_wconf 82' lang='grc' dir='ltr'>δι’</span> <span class='ocrx_word' id='word_1_717' title='bbox 1487 1562 1585 1590; x_wconf 78' lang='grc' dir='ltr'>ἐαυτοῦ</span> <span class='ocrx_word' id='word_1_718' title='bbox 1606 1561 1705 1597; x_wconf 79' lang='grc' dir='ltr'>λέγων,</span> <span class='ocrx_word' id='word_1_719' title='bbox 1719 1562 1841 1596; x_wconf 65' lang='grc' dir='ltr'><strong>’Υκατσ</strong></span> 
     </span>
    </p>
   </div>
   <div class='ocr_carea' id='block_1_94' title="bbox 1046 1609 1840 1646">
    <p class='ocr_par' dir='ltr' id='par_1_94' title="bbox 1046 1609 1840 1646">
     <span class='ocr_line' id='line_1_94' title="bbox 1046 1609 1840 1646; baseline -0.004 -8"><span class='ocrx_word' id='word_1_720' title='bbox 1046 1611 1144 1639; x_wconf 72' lang='grc' dir='ltr'>ὀπίσω</span> <span class='ocrx_word' id='word_1_721' title='bbox 1154 1620 1225 1646; x_wconf 87' lang='grc' dir='ltr'>μου,</span> <span class='ocrx_word' id='word_1_722' title='bbox 1238 1609 1368 1638; x_wconf 80' lang='grc' dir='ltr'><strong>Σατανᾶ.</strong></span> <span class='ocrx_word' id='word_1_723' title='bbox 1384 1609 1439 1636; x_wconf 77' lang='grc' dir='ltr'><strong>Καὶ</strong></span> <span class='ocrx_word' id='word_1_724' title='bbox 1451 1610 1507 1641; x_wconf 69' lang='grc' dir='ltr'>τοῖς</span> <span class='ocrx_word' id='word_1_725' title='bbox 1523 1609 1659 1644; x_wconf 75' lang='grc' dir='ltr'><strong>μαθηταῖς</strong></span> <span class='ocrx_word' id='word_1_726' title='bbox 1671 1609 1762 1635; x_wconf 88' lang='grc' dir='ltr'>ἐδίδου</span> <span class='ocrx_word' id='word_1_727' title='bbox 1776 1609 1840 1635; x_wconf 78' lang='grc' dir='ltr'>κατ’</span> 
     </span>
    </p>
   </div>
   <div class='ocr_carea' id='block_1_95' title="bbox 1045 1654 1842 1693">
    <p class='ocr_par' dir='ltr' id='par_1_95' title="bbox 1045 1654 1842 1693">
     <span class='ocr_line' id='line_1_95' title="bbox 1045 1654 1842 1693; baseline -0.001 -10"><span class='ocrx_word' id='word_1_728' title='bbox 1045 1656 1130 1684; x_wconf 79' lang='grc' dir='ltr'>αὑτοῦ</span> <span class='ocrx_word' id='word_1_729' title='bbox 1152 1656 1204 1693; x_wconf 73' lang='grc' dir='ltr'><strong>τὴν</strong></span> <span class='ocrx_word' id='word_1_730' title='bbox 1227 1654 1366 1690; x_wconf 84' lang='grc' dir='ltr'>ἐξουσίαν,</span> <span class='ocrx_word' id='word_1_731' title='bbox 1378 1656 1424 1682; x_wconf 79' lang='grc' dir='ltr'>ὅτε</span> <span class='ocrx_word' id='word_1_732' title='bbox 1440 1655 1488 1682; x_wconf 79' lang='grc' dir='ltr'><strong>καὶ</strong></span> <span class='ocrx_word' id='word_1_733' title='bbox 1502 1654 1736 1690; x_wconf 79' lang='grc' dir='ltr'>ὑποστρεψάντων</span> <span class='ocrx_word' id='word_1_734' title='bbox 1748 1655 1842 1682; x_wconf 80' lang='grc' dir='ltr'>αὐτῶν</span> 
     </span>
    </p>
   </div>
   <div class='ocr_carea' id='block_1_96' title="bbox 1044 1700 1841 1737">
    <p class='ocr_par' dir='ltr' id='par_1_96' title="bbox 1044 1700 1841 1737">
     <span class='ocr_line' id='line_1_96' title="bbox 1044 1700 1841 1737; baseline -0.003 -8"><span class='ocrx_word' id='word_1_735' title='bbox 1044 1702 1139 1737; x_wconf 72' lang='grc' dir='ltr'>ἔλεγεν</span> <span class='ocrx_word' id='word_1_736' title='bbox 1153 1702 1332 1736; x_wconf 75' lang='grc' dir='ltr'><strong>’Ἐθεώρουν</strong></span> <span class='ocrx_word' id='word_1_737' title='bbox 1346 1702 1401 1729; x_wconf 76' lang='grc' dir='ltr'><strong>τόν</strong></span> <span class='ocrx_word' id='word_1_738' title='bbox 1415 1700 1554 1728; x_wconf 79' lang='grc' dir='ltr'>Σατανᾶν</span> <span class='ocrx_word' id='word_1_739' title='bbox 1568 1701 1608 1734; x_wconf 83' lang='grc' dir='ltr'>ὡς</span> <span class='ocrx_word' id='word_1_740' title='bbox 1622 1701 1790 1736; x_wconf 75' lang='grc' dir='ltr'>ἀστραπὴν</span> <span class='ocrx_word' id='word_1_741' title='bbox 1805 1702 1841 1728; x_wconf 77' lang='grc' dir='ltr'>ἐκ</span> 
     </span>
    </p>
   </div>
   <div class='ocr_carea' id='block_1_97' title="bbox 1045 1746 1841 1782">
    <p class='ocr_par' dir='ltr' id='par_1_97' title="bbox 1045 1746 1841 1782">
     <span class='ocr_line' id='line_1_97' title="bbox 1045 1746 1841 1782; baseline -0.005 -6"><span class='ocrx_word' id='word_1_742' title='bbox 1045 1747 1099 1776; x_wconf 75' lang='grc' dir='ltr'>τοῦ</span> <span class='ocrx_word' id='word_1_743' title='bbox 1114 1747 1246 1782; x_wconf 82' lang='grc' dir='ltr'>οὐρανοῦ</span> <span class='ocrx_word' id='word_1_744' title='bbox 1262 1749 1407 1775; x_wconf 69' lang='grc' dir='ltr'>πεσόντα.</span> <span class='ocrx_word' id='word_1_745' title='bbox 1426 1746 1509 1773; x_wconf 77' lang='grc' dir='ltr'>Ἀλλὰ</span> <span class='ocrx_word' id='word_1_746' title='bbox 1525 1747 1572 1773; x_wconf 79' lang='grc' dir='ltr'><strong>καὶ</strong></span> <span class='ocrx_word' id='word_1_747' title='bbox 1589 1746 1672 1773; x_wconf 81' lang='grc' dir='ltr'>πάλιν</span> <span class='ocrx_word' id='word_1_748' title='bbox 1688 1747 1760 1781; x_wconf 76' lang='grc' dir='ltr'>ὅπερ</span> <span class='ocrx_word' id='word_1_749' title='bbox 1777 1746 1841 1773; x_wconf 71' lang='grc' dir='ltr'>ελε-</span> 
     </span>
    </p>
   </div>
   <div class='ocr_carea' id='block_1_98' title="bbox 1045 1791 1842 1830">
    <p class='ocr_par' dir='ltr' id='par_1_98' title="bbox 1045 1791 1842 1830">
     <span class='ocr_line' id='line_1_98' title="bbox 1045 1791 1842 1830; baseline -0.004 -9"><span class='ocrx_word' id='word_1_750' title='bbox 1045 1802 1094 1829; x_wconf 75' lang='grc' dir='ltr'>τσν</span> <span class='ocrx_word' id='word_1_751' title='bbox 1111 1793 1265 1830; x_wconf 72' lang='grc' dir='ltr'>εἰληφέναι,</span> <span class='ocrx_word' id='word_1_752' title='bbox 1281 1793 1361 1821; x_wconf 84' lang='grc' dir='ltr'>τοῦτο</span> <span class='ocrx_word' id='word_1_753' title='bbox 1381 1793 1429 1820; x_wconf 80' lang='grc' dir='ltr'>καὶ</span> <span class='ocrx_word' id='word_1_754' title='bbox 1448 1792 1502 1827; x_wconf 77' lang='grc' dir='ltr'>πρὸ</span> <span class='ocrx_word' id='word_1_755' title='bbox 1518 1791 1566 1819; x_wconf 81' lang='grc' dir='ltr'>τοῦ</span> <span class='ocrx_word' id='word_1_756' title='bbox 1583 1792 1677 1819; x_wconf 73' lang='grc' dir='ltr'>λαϐεῖν</span> <span class='ocrx_word' id='word_1_757' title='bbox 1693 1791 1768 1827; x_wconf 74' lang='grc' dir='ltr'>ἔχων</span> <span class='ocrx_word' id='word_1_758' title='bbox 1785 1792 1842 1819; x_wconf 81' lang='grc' dir='ltr'>δεί-</span> 
     </span>
    </p>
   </div>
   <div class='ocr_carea' id='block_1_99' title="bbox 1045 1838 1840 1876">
    <p class='ocr_par' dir='ltr' id='par_1_99' title="bbox 1045 1838 1840 1876">
     <span class='ocr_line' id='line_1_99' title="bbox 1045 1838 1840 1876; baseline -0.004 -8"><span class='ocrx_word' id='word_1_759' title='bbox 1045 1849 1153 1868; x_wconf 73' lang='grc' dir='ltr'>κνυται.</span> <span class='ocrx_word' id='word_1_760' title='bbox 1170 1839 1241 1872; x_wconf 79' lang='grc' dir='ltr'>Τούς</span> <span class='ocrx_word' id='word_1_761' title='bbox 1259 1848 1290 1868; x_wconf 72' lang='grc' dir='ltr'><strong>τε</strong></span> <span class='ocrx_word' id='word_1_762' title='bbox 1306 1839 1363 1876; x_wconf 73' lang='grc' dir='ltr'>γὰρ</span> <span class='ocrx_word' id='word_1_763' title='bbox 1377 1839 1508 1873; x_wconf 86' lang='grc' dir='ltr'>δαίμονας</span> <span class='ocrx_word' id='word_1_764' title='bbox 1527 1838 1679 1875; x_wconf 73' lang='grc' dir='ltr'>ἀπήλαυνε,</span> <span class='ocrx_word' id='word_1_765' title='bbox 1697 1840 1747 1866; x_wconf 80' lang='grc' dir='ltr'><strong>καὶ</strong></span> <span class='ocrx_word' id='word_1_766' title='bbox 1764 1839 1840 1875; x_wconf 75' lang='grc' dir='ltr'>ᾇπερ</span> 
     </span>
    </p>
   </div>
   <div class='ocr_carea' id='block_1_100' title="bbox 1044 1885 1841 1922">
    <p class='ocr_par' dir='ltr' id='par_1_100' title="bbox 1044 1885 1841 1922">
     <span class='ocr_line' id='line_1_100' title="bbox 1044 1885 1841 1922; baseline -0.004 -8"><span class='ocrx_word' id='word_1_767' title='bbox 1044 1886 1079 1922; x_wconf 77' lang='grc' dir='ltr'>ἦν</span> <span class='ocrx_word' id='word_1_768' title='bbox 1092 1887 1177 1922; x_wconf 84' lang='grc' dir='ltr'>δήσας</span> <span class='ocrx_word' id='word_1_769' title='bbox 1191 1887 1205 1914; x_wconf 79' lang='grc' dir='ltr'><strong>ὀ</strong></span> <span class='ocrx_word' id='word_1_770' title='bbox 1219 1887 1353 1919; x_wconf 75' lang='grc' dir='ltr'>Σατανᾶς,</span> <span class='ocrx_word' id='word_1_771' title='bbox 1369 1885 1447 1913; x_wconf 80' lang='grc' dir='ltr'>Ελυεν</span> <span class='ocrx_word' id='word_1_772' title='bbox 1454 1886 1544 1919; x_wconf 78' lang='grc' dir='ltr'>αὐτὸς,</span> <span class='ocrx_word' id='word_1_773' title='bbox 1557 1886 1595 1917; x_wconf 82' lang='grc' dir='ltr'>ὡς</span> <span class='ocrx_word' id='word_1_774' title='bbox 1605 1886 1650 1912; x_wconf 82' lang='grc' dir='ltr'>ἐπὶ</span> <span class='ocrx_word' id='word_1_775' title='bbox 1665 1887 1716 1920; x_wconf 77' lang='grc' dir='ltr'>τῆς</span> <span class='ocrx_word' id='word_1_776' title='bbox 1736 1885 1841 1922; x_wconf 74' lang='grc' dir='ltr'>Ἀδρα-</span> 
     </span>
    </p>
   </div>
   <div class='ocr_carea' id='block_1_101' title="bbox 1046 1932 1841 1969">
    <p class='ocr_par' dir='ltr' id='par_1_101' title="bbox 1046 1932 1841 1969">
     <span class='ocr_line' id='line_1_101' title="bbox 1046 1932 1841 1969; baseline -0.001 -9"><span class='ocrx_word' id='word_1_777' title='bbox 1046 1933 1142 1968; x_wconf 86' lang='grc' dir='ltr'>μιαίας</span> <span class='ocrx_word' id='word_1_778' title='bbox 1159 1933 1296 1969; x_wconf 81' lang='grc' dir='ltr'>θυγατρὸς</span> <span class='ocrx_word' id='word_1_779' title='bbox 1312 1933 1442 1969; x_wconf 65' lang='grc' dir='ltr'>ἐποίησε,</span> <span class='ocrx_word' id='word_1_780' title='bbox 1458 1933 1507 1960; x_wconf 71' lang='grc' dir='ltr'><strong>καὶ</strong></span> <span class='ocrx_word' id='word_1_781' title='bbox 1524 1932 1663 1968; x_wconf 74' lang='grc' dir='ltr'>ἁμαρτίας</span> <span class='ocrx_word' id='word_1_782' title='bbox 1679 1932 1760 1968; x_wconf 64' lang='grc' dir='ltr'><strong>⁴ἠφίει</strong></span> <span class='ocrx_word' id='word_1_783' title='bbox 1771 1953 1778 1966; x_wconf 87' lang='grc'><strong>,</strong></span> <span class='ocrx_word' id='word_1_784' title='bbox 1795 1933 1841 1959; x_wconf 79' lang='grc' dir='ltr'><strong>λέ-</strong></span> 
     </span>
    </p>
   </div>
   <div class='ocr_carea' id='block_1_102' title="bbox 1046 1978 1839 2014">
    <p class='ocr_par' dir='ltr' id='par_1_102' title="bbox 1046 1978 1839 2014">
     <span class='ocr_line' id='line_1_102' title="bbox 1046 1978 1839 2014; baseline -0.003 -8"><span class='ocrx_word' id='word_1_785' title='bbox 1046 1987 1103 2014; x_wconf 87' lang='grc' dir='ltr'><strong>γων</strong></span> <span class='ocrx_word' id='word_1_786' title='bbox 1118 1979 1157 2014; x_wconf 77' lang='grc' dir='ltr'>τῷ</span> <span class='ocrx_word' id='word_1_787' title='bbox 1177 1978 1376 2014; x_wconf 82' lang='grc' dir='ltr'>παραλυτικῷ,</span> <span class='ocrx_word' id='word_1_788' title='bbox 1394 1978 1443 2005; x_wconf 81' lang='grc' dir='ltr'><strong>καὶ</strong></span> <span class='ocrx_word' id='word_1_789' title='bbox 1458 1979 1491 2013; x_wconf 82' lang='grc' dir='ltr'><strong>τῇ</strong></span> <span class='ocrx_word' id='word_1_790' title='bbox 1508 1979 1572 2009; x_wconf 81' lang='grc' dir='ltr'>τοὺς</span> <span class='ocrx_word' id='word_1_791' title='bbox 1592 1978 1675 2009; x_wconf 84' lang='grc' dir='ltr'>πόδας</span> <span class='ocrx_word' id='word_1_792' title='bbox 1696 1979 1839 2014; x_wconf 78' lang='grc' dir='ltr'>ἀλειψάσῃ</span> 
     </span>
    </p>
   </div>
   <div class='ocr_carea' id='block_1_103' title="bbox 1045 2022 1840 2058">
    <p class='ocr_par' dir='ltr' id='par_1_103' title="bbox 1045 2022 1840 2058">
     <span class='ocr_line' id='line_1_103' title="bbox 1045 2022 1840 2058; baseline 0 -8"><span class='ocrx_word' id='word_1_793' title='bbox 1045 2022 1171 2058; x_wconf 72' lang='grc' dir='ltr'>γυναικί-ο</span> <span class='ocrx_word' id='word_1_794' title='bbox 1188 2023 1353 2058; x_wconf 73' lang='grc' dir='ltr'>Ἀφέωνταί</span> <span class='ocrx_word' id='word_1_795' title='bbox 1369 2029 1419 2050; x_wconf 86' lang='grc' dir='ltr'>σοι</span> <span class='ocrx_word' id='word_1_796' title='bbox 1435 2024 1465 2050; x_wconf 82' lang='lat' dir='ltr'><strong>al</strong></span> <span class='ocrx_word' id='word_1_797' title='bbox 1481 2023 1630 2058; x_wconf 80' lang='grc' dir='ltr'>ἁμαρτίαι.</span> <span class='ocrx_word' id='word_1_798' title='bbox 1647 2023 1702 2049; x_wconf 80' lang='grc' dir='ltr'><strong>Καὶ</strong></span> <span class='ocrx_word' id='word_1_799' title='bbox 1719 2025 1840 2058; x_wconf 70' lang='grc' dir='ltr'>νεκροὺς</span> 
     </span>
    </p>
   </div>
   <div class='ocr_carea' id='block_1_104' title="bbox 1047 2068 1837 2106">
    <p class='ocr_par' dir='ltr' id='par_1_104' title="bbox 1047 2068 1837 2106">
     <span class='ocr_line' id='line_1_104' title="bbox 1047 2068 1837 2106; baseline -0.001 -9"><span class='ocrx_word' id='word_1_800' title='bbox 1047 2069 1096 2105; x_wconf 70' lang='grc' dir='ltr'><strong>μὲν</strong></span> <span class='ocrx_word' id='word_1_801' title='bbox 1104 2070 1217 2106; x_wconf 76' lang='grc' dir='ltr'>ἧγειρσ,</span> <span class='ocrx_word' id='word_1_802' title='bbox 1233 2069 1281 2096; x_wconf 74' lang='grc' dir='ltr'><strong>τοῦ</strong></span> <span class='ocrx_word' id='word_1_803' title='bbox 1296 2069 1398 2104; x_wconf 76' lang='grc' dir='ltr'>τυφλοῦ</span> <span class='ocrx_word' id='word_1_804' title='bbox 1414 2069 1442 2096; x_wconf 61' lang='grc' dir='ltr'><strong>δέ</strong></span> <span class='ocrx_word' id='word_1_805' title='bbox 1457 2069 1508 2104; x_wconf 79' lang='grc' dir='ltr'>τὴν</span> <span class='ocrx_word' id='word_1_806' title='bbox 1523 2068 1632 2103; x_wconf 77' lang='grc' dir='ltr'>γένεσιν</span> <span class='ocrx_word' id='word_1_807' title='bbox 1647 2069 1837 2105; x_wconf 69' lang='grc' dir='ltr'>ἀποκαθιστᾷ,</span> 
     </span>
    </p>
   </div>
   <div class='ocr_carea' id='block_1_105' title="bbox 1046 2114 1836 2150">
    <p class='ocr_par' dir='ltr' id='par_1_105' title="bbox 1046 2114 1836 2150">
     <span class='ocr_line' id='line_1_105' title="bbox 1046 2114 1836 2150; baseline 0.001 -9"><span class='ocrx_word' id='word_1_808' title='bbox 1046 2115 1228 2150; x_wconf 80' lang='grc' dir='ltr'>χαριζόμενος</span> <span class='ocrx_word' id='word_1_809' title='bbox 1244 2114 1320 2150; x_wconf 78' lang='grc' dir='ltr'><strong>αὺτῷ</strong></span> <span class='ocrx_word' id='word_1_810' title='bbox 1334 2115 1365 2141; x_wconf 78' lang='grc' dir='ltr'><strong>τὸ</strong></span> <span class='ocrx_word' id='word_1_811' title='bbox 1381 2114 1502 2149; x_wconf 79' lang='grc' dir='ltr'>βλέπειν.</span> <span class='ocrx_word' id='word_1_812' title='bbox 1519 2114 1576 2141; x_wconf 75' lang='grc' dir='ltr'><strong>Καὶ</strong></span> <span class='ocrx_word' id='word_1_813' title='bbox 1592 2114 1678 2142; x_wconf 81' lang='grc' dir='ltr'>ταῦτα</span> <span class='ocrx_word' id='word_1_814' title='bbox 1696 2115 1788 2141; x_wconf 66' lang='grc' dir='ltr'>λποίει</span> <span class='ocrx_word' id='word_1_815' title='bbox 1805 2117 1836 2142; x_wconf 86' lang='grc' dir='ltr'>οὐ</span> 
     </span>
    </p>
   </div>
   <div class='ocr_carea' id='block_1_106' title="bbox 1047 2160 1838 2197">
    <p class='ocr_par' dir='ltr' id='par_1_106' title="bbox 1047 2160 1838 2197">
     <span class='ocr_line' id='line_1_106' title="bbox 1047 2160 1838 2197; baseline -0.001 -9"><span class='ocrx_word' id='word_1_816' title='bbox 1047 2161 1138 2196; x_wconf 70' lang='grc' dir='ltr'>μόνων</span> <span class='ocrx_word' id='word_1_817' title='bbox 1154 2161 1206 2193; x_wconf 65' lang='grc' dir='ltr'>ἕως</span> <span class='ocrx_word' id='word_1_818' title='bbox 1222 2160 1307 2197; x_wconf 76' lang='grc' dir='ltr'>λάϐῃ,</span> <span class='ocrx_word' id='word_1_819' title='bbox 1323 2161 1383 2188; x_wconf 70' lang='grc' dir='ltr'>ἀλλ’</span> <span class='ocrx_word' id='word_1_820' title='bbox 1395 2161 1575 2196; x_wconf 69' lang='grc' dir='ltr'>ἐξςυσιαστὴς</span> <span class='ocrx_word' id='word_1_821' title='bbox 1589 2160 1638 2187; x_wconf 82' lang='grc' dir='ltr'>ὥν.</span> <span class='ocrx_word' id='word_1_822' title='bbox 1659 2160 1705 2192; x_wconf 82' lang='grc' dir='ltr'>Ὦς</span> <span class='ocrx_word' id='word_1_823' title='bbox 1722 2161 1756 2187; x_wconf 78' lang='grc' dir='ltr'>ἐκ</span> <span class='ocrx_word' id='word_1_824' title='bbox 1774 2162 1838 2188; x_wconf 77' lang='grc' dir='ltr'><strong>τοὺ-</strong></span> 
     </span>
    </p>
   </div>
   <div class='ocr_carea' id='block_1_107' title="bbox 1044 2205 1839 2243">
    <p class='ocr_par' dir='ltr' id='par_1_107' title="bbox 1044 2205 1839 2243">
     <span class='ocr_line' id='line_1_107' title="bbox 1044 2205 1839 2243; baseline 0 -9"><span class='ocrx_word' id='word_1_825' title='bbox 1044 2216 1099 2235; x_wconf 76' lang='grc' dir='ltr'><strong>των</strong></span> <span class='ocrx_word' id='word_1_826' title='bbox 1111 2207 1190 2243; x_wconf 86' lang='grc' dir='ltr'>δῆλον</span> <span class='ocrx_word' id='word_1_827' title='bbox 1203 2205 1284 2240; x_wconf 78' lang='grc' dir='ltr'>εἶναι,</span> <span class='ocrx_word' id='word_1_828' title='bbox 1298 2208 1339 2234; x_wconf 79' lang='grc' dir='ltr'>ὅτι</span> <span class='ocrx_word' id='word_1_829' title='bbox 1352 2207 1371 2235; x_wconf 74' lang='grc' dir='ltr'>ἃ</span> <span class='ocrx_word' id='word_1_830' title='bbox 1385 2205 1443 2242; x_wconf 78' lang='grc' dir='ltr'>εἷχε</span> <span class='ocrx_word' id='word_1_831' title='bbox 1458 2207 1544 2241; x_wconf 80' lang='grc' dir='ltr'>Λόγος</span> <span class='ocrx_word' id='word_1_832' title='bbox 1559 2206 1609 2240; x_wconf 83' lang='grc' dir='ltr'>ὢν,</span> <span class='ocrx_word' id='word_1_833' title='bbox 1623 2207 1710 2234; x_wconf 74' lang='grc' dir='ltr'>ταῦτα</span> <span class='ocrx_word' id='word_1_834' title='bbox 1725 2208 1776 2234; x_wconf 79' lang='grc' dir='ltr'>καὶ</span> <span class='ocrx_word' id='word_1_835' title='bbox 1791 2216 1839 2242; x_wconf 78' lang='grc' dir='ltr'>γε-</span> 
     </span>
    </p>
   </div>
   <div class='ocr_carea' id='block_1_108' title="bbox 1044 2253 1840 2289">
    <p class='ocr_par' dir='ltr' id='par_1_108' title="bbox 1044 2253 1840 2289">
     <span class='ocr_line' id='line_1_108' title="bbox 1044 2253 1840 2289; baseline 0.001 -9"><span class='ocrx_word' id='word_1_836' title='bbox 1044 2254 1156 2289; x_wconf 81' lang='grc' dir='ltr'>νόμενος</span> <span class='ocrx_word' id='word_1_837' title='bbox 1173 2253 1333 2288; x_wconf 73' lang='grc' dir='ltr'>ἄνθρωπος,</span> <span class='ocrx_word' id='word_1_838' title='bbox 1349 2254 1396 2281; x_wconf 80' lang='grc' dir='ltr'>καὶ</span> <span class='ocrx_word' id='word_1_839' title='bbox 1413 2254 1483 2289; x_wconf 85' lang='grc' dir='ltr'><strong>μετά</strong></span> <span class='ocrx_word' id='word_1_840' title='bbox 1497 2254 1547 2288; x_wconf 83' lang='grc' dir='ltr'>τὴν</span> <span class='ocrx_word' id='word_1_841' title='bbox 1562 2253 1710 2281; x_wconf 79' lang='grc' dir='ltr'>ἀνάστασιν</span> <span class='ocrx_word' id='word_1_842' title='bbox 1726 2254 1840 2289; x_wconf 75' lang='grc' dir='ltr'>ἀνθρω-</span> 
     </span>
    </p>
   </div>
   <div class='ocr_carea' id='block_1_109' title="bbox 1044 2299 1837 2336">
    <p class='ocr_par' dir='ltr' id='par_1_109' title="bbox 1044 2299 1837 2336">
     <span class='ocr_line' id='line_1_109' title="bbox 1044 2299 1837 2336; baseline 0 -10"><span class='ocrx_word' id='word_1_843' title='bbox 1044 2299 1129 2332; x_wconf 82' lang='grc' dir='ltr'>πίνως</span> <span class='ocrx_word' id='word_1_844' title='bbox 1144 2299 1284 2336; x_wconf 79' lang='grc' dir='ltr'>εἰληφέναι</span> <span class='ocrx_word' id='word_1_845' title='bbox 1299 2300 1420 2334; x_wconf 80' lang='grc' dir='ltr'>λέγεται,</span> <span class='ocrx_word' id='word_1_846' title='bbox 1439 2300 1482 2327; x_wconf 78' lang='grc' dir='ltr'>ἵνα</span> <span class='ocrx_word' id='word_1_847' title='bbox 1500 2300 1533 2327; x_wconf 85' lang='grc' dir='ltr'>δι’</span> <span class='ocrx_word' id='word_1_848' title='bbox 1549 2299 1631 2326; x_wconf 76' lang='grc' dir='ltr'>αὑτὸν</span> <span class='ocrx_word' id='word_1_849' title='bbox 1648 2300 1671 2326; x_wconf 79' lang='lat' dir='ltr'><strong>oi</strong></span> <span class='ocrx_word' id='word_1_850' title='bbox 1689 2299 1837 2334; x_wconf 78' lang='grc' dir='ltr'>ἄνθρωποι</span> 
     </span>
    </p>
   </div>
   <div class='ocr_carea' id='block_1_110' title="bbox 1043 2345 1838 2381">
    <p class='ocr_par' dir='ltr' id='par_1_110' title="bbox 1043 2345 1838 2381">
     <span class='ocr_line' id='line_1_110' title="bbox 1043 2345 1838 2381; baseline -0.003 -8"><span class='ocrx_word' id='word_1_851' title='bbox 1043 2347 1091 2373; x_wconf 73' lang='grc' dir='ltr'>ἐπὶ</span> <span class='ocrx_word' id='word_1_852' title='bbox 1112 2346 1163 2381; x_wconf 81' lang='grc' dir='ltr'><strong>μὲν</strong></span> <span class='ocrx_word' id='word_1_853' title='bbox 1179 2347 1229 2381; x_wconf 78' lang='grc' dir='ltr'>τῆς</span> <span class='ocrx_word' id='word_1_854' title='bbox 1249 2346 1302 2381; x_wconf 85' lang='grc' dir='ltr'>γῆς</span> <span class='ocrx_word' id='word_1_855' title='bbox 1320 2346 1358 2378; x_wconf 84' lang='grc' dir='ltr'><strong>ὡς</strong></span> <span class='ocrx_word' id='word_1_856' title='bbox 1377 2348 1502 2373; x_wconf 79' lang='grc' dir='ltr'>κοινωνοὶ</span> <span class='ocrx_word' id='word_1_857' title='bbox 1523 2347 1663 2381; x_wconf 85' lang='grc' dir='ltr'>γενόμενοι</span> <span class='ocrx_word' id='word_1_858' title='bbox 1682 2345 1761 2377; x_wconf 80' lang='grc' dir='ltr'>Θείας</span> <span class='ocrx_word' id='word_1_859' title='bbox 1785 2347 1838 2380; x_wconf 76' lang='grc' dir='ltr'><strong>φύ-</strong></span> 
     </span>
    </p>
   </div>
   <div class='ocr_carea' id='block_1_111' title="bbox 1044 2391 1835 2428">
    <p class='ocr_par' dir='ltr' id='par_1_111' title="bbox 1044 2391 1835 2428">
     <span class='ocr_line' id='line_1_111' title="bbox 1044 2391 1835 2428; baseline -0.001 -9"><span class='ocrx_word' id='word_1_860' title='bbox 1044 2401 1112 2424; x_wconf 86' lang='grc' dir='ltr'>σεως</span> <span class='ocrx_word' id='word_1_861' title='bbox 1128 2392 1221 2421; x_wconf 75' lang='grc' dir='ltr'>λοιπὸν</span> <span class='ocrx_word' id='word_1_862' title='bbox 1235 2391 1361 2426; x_wconf 78' lang='grc' dir='ltr'>ἐξουσίαν</span> <span class='ocrx_word' id='word_1_863' title='bbox 1374 2392 1458 2428; x_wconf 72' lang='grc' dir='ltr'>ἔχωσι</span> <span class='ocrx_word' id='word_1_864' title='bbox 1474 2392 1545 2419; x_wconf 81' lang='grc' dir='ltr'>κατὰ</span> <span class='ocrx_word' id='word_1_865' title='bbox 1558 2393 1612 2418; x_wconf 79' lang='grc' dir='ltr'>τῶν</span> <span class='ocrx_word' id='word_1_866' title='bbox 1627 2392 1767 2427; x_wconf 79' lang='grc' dir='ltr'>δαιμόνων</span> <span class='ocrx_word' id='word_1_867' title='bbox 1780 2400 1788 2407; x_wconf 75' lang='grc' dir='ltr'><strong>ο</strong></span> <span class='ocrx_word' id='word_1_868' title='bbox 1805 2395 1835 2419; x_wconf 80' lang='grc' dir='ltr'><strong>ἐν</strong></span> 
     </span>
    </p>
   </div>
   <div class='ocr_carea' id='block_1_112' title="bbox 1042 2437 1835 2473">
    <p class='ocr_par' dir='ltr' id='par_1_112' title="bbox 1042 2437 1835 2473">
     <span class='ocr_line' id='line_1_112' title="bbox 1042 2437 1835 2473; baseline -0.003 -8"><span class='ocrx_word' id='word_1_869' title='bbox 1042 2438 1073 2465; x_wconf 71' lang='grc' dir='ltr'>δὲ</span> <span class='ocrx_word' id='word_1_870' title='bbox 1086 2439 1142 2470; x_wconf 73' lang='grc' dir='ltr'>τιϊς</span> <span class='ocrx_word' id='word_1_871' title='bbox 1156 2438 1280 2473; x_wconf 82' lang='grc' dir='ltr'>οὐρανοῖς</span> <span class='ocrx_word' id='word_1_872' title='bbox 1293 2438 1331 2469; x_wconf 83' lang='grc' dir='ltr'><strong>ὡς</strong></span> <span class='ocrx_word' id='word_1_873' title='bbox 1346 2437 1574 2473; x_wconf 78' lang='grc' dir='ltr'>ἐλευθερωθέντες</span> <span class='ocrx_word' id='word_1_874' title='bbox 1591 2437 1646 2464; x_wconf 76' lang='grc' dir='ltr'>ἀπὸ</span> <span class='ocrx_word' id='word_1_875' title='bbox 1658 2437 1707 2472; x_wconf 81' lang='grc' dir='ltr'>τῆς</span> <span class='ocrx_word' id='word_1_876' title='bbox 1721 2437 1835 2473; x_wconf 76' lang='grc' dir='ltr'>φθορᾶς</span> 
     </span>
    </p>
   </div>
   <div class='ocr_carea' id='block_1_113' title="bbox 1044 2483 1835 2518">
    <p class='ocr_par' dir='ltr' id='par_1_113' title="bbox 1044 2483 1835 2518">
     <span class='ocr_line' id='line_1_113' title="bbox 1044 2483 1835 2518; baseline -0.004 -7"><span class='ocrx_word' id='word_1_877' title='bbox 1044 2484 1161 2515; x_wconf 81' lang='grc' dir='ltr'>αίωνίως</span> <span class='ocrx_word' id='word_1_878' title='bbox 1178 2483 1351 2518; x_wconf 85' lang='grc' dir='ltr'>βασιλεύωσι.</span> <span class='ocrx_word' id='word_1_879' title='bbox 1368 2483 1492 2510; x_wconf 82' lang='grc' dir='ltr'>Καθόλου</span> <span class='ocrx_word' id='word_1_880' title='bbox 1509 2483 1565 2518; x_wconf 82' lang='grc' dir='ltr'><strong>γὰρ</strong></span> <span class='ocrx_word' id='word_1_881' title='bbox 1581 2483 1633 2518; x_wconf 81' lang='grc' dir='ltr'><strong>χρὴ</strong></span> <span class='ocrx_word' id='word_1_882' title='bbox 1649 2483 1727 2508; x_wconf 83' lang='grc' dir='ltr'>τοῦτο</span> <span class='ocrx_word' id='word_1_883' title='bbox 1744 2484 1835 2516; x_wconf 84' lang='grc' dir='ltr'>γινὼ-</span> 
     </span>
    </p>
   </div>
   <div class='ocr_carea' id='block_1_114' title="bbox 1045 2525 1834 2564">
    <p class='ocr_par' dir='ltr' id='par_1_114' title="bbox 1045 2525 1834 2564">
     <span class='ocr_line' id='line_1_114' title="bbox 1045 2525 1834 2564; baseline -0.004 -8"><span class='ocrx_word' id='word_1_884' title='bbox 1045 2538 1131 2562; x_wconf 83' lang='grc' dir='ltr'>σκειν,</span> <span class='ocrx_word' id='word_1_885' title='bbox 1152 2530 1194 2556; x_wconf 82' lang='grc' dir='ltr'><strong>δτι</strong></span> <span class='ocrx_word' id='word_1_886' title='bbox 1215 2529 1292 2556; x_wconf 73' lang='grc' dir='ltr'>οὐδὲν</span> <span class='ocrx_word' id='word_1_887' title='bbox 1313 2525 1350 2556; x_wconf 82' lang='grc' dir='ltr'>ὧν</span> <span class='ocrx_word' id='word_1_888' title='bbox 1368 2529 1443 2564; x_wconf 79' lang='grc' dir='ltr'>λέγει</span> <span class='ocrx_word' id='word_1_889' title='bbox 1466 2528 1616 2563; x_wconf 80' lang='grc' dir='ltr'>εἰληφέναι,</span> <span class='ocrx_word' id='word_1_890' title='bbox 1635 2527 1673 2558; x_wconf 82' lang='grc' dir='ltr'>ὡς</span> <span class='ocrx_word' id='word_1_891' title='bbox 1697 2528 1735 2562; x_wconf 81' lang='grc' dir='ltr'><strong>μὴ</strong></span> <span class='ocrx_word' id='word_1_892' title='bbox 1761 2527 1834 2562; x_wconf 69' lang='grc' dir='ltr'>ἔχων</span> 
     </span>
    </p>
   </div>
   <div class='ocr_carea' id='block_1_115' title="bbox 1044 2573 1836 2611">
    <p class='ocr_par' dir='ltr' id='par_1_115' title="bbox 1044 2573 1836 2611">
     <span class='ocr_line' id='line_1_115' title="bbox 1044 2573 1836 2611; baseline -0.003 -9"><span class='ocrx_word' id='word_1_893' title='bbox 1044 2575 1156 2608; x_wconf 76' lang='grc' dir='ltr'>ἔλασιν,</span> <span class='ocrx_word' id='word_1_894' title='bbox 1172 2575 1217 2602; x_wconf 81' lang='grc' dir='ltr'><strong>ῑνα</strong></span> <span class='ocrx_word' id='word_1_895' title='bbox 1232 2576 1282 2611; x_wconf 80' lang='grc' dir='ltr'>τῆς</span> <span class='ocrx_word' id='word_1_896' title='bbox 1299 2575 1400 2610; x_wconf 71' lang='grc' dir='ltr'>σαρκὸς</span> <span class='ocrx_word' id='word_1_897' title='bbox 1414 2575 1443 2601; x_wconf 72' lang='grc' dir='ltr'><strong>ἐν</strong></span> <span class='ocrx_word' id='word_1_898' title='bbox 1457 2574 1531 2609; x_wconf 83' lang='grc' dir='ltr'>αὐτῷ</span> <span class='ocrx_word' id='word_1_899' title='bbox 1546 2573 1741 2608; x_wconf 73' lang='grc' dir='ltr'>λαμϐανούσης</span> <span class='ocrx_word' id='word_1_900' title='bbox 1752 2593 1761 2605; x_wconf 89' lang='grc'><strong>,</strong></span> <span class='ocrx_word' id='word_1_901' title='bbox 1779 2574 1836 2600; x_wconf 82' lang='grc' dir='ltr'>λοι-</span> 
     </span>
    </p>
   </div>
   <div class='ocr_carea' id='block_1_116' title="bbox 1044 2619 1834 2656">
    <p class='ocr_par' dir='ltr' id='par_1_116' title="bbox 1044 2619 1834 2656">
     <span class='ocr_line' id='line_1_116' title="bbox 1044 2619 1834 2656; baseline 0 -10"><span class='ocrx_word' id='word_1_902' title='bbox 1044 2620 1096 2646; x_wconf 77' lang='grc' dir='ltr'>πὸν</span> <span class='ocrx_word' id='word_1_903' title='bbox 1113 2621 1142 2654; x_wconf 82' lang='grc' dir='ltr'>ἐξ</span> <span class='ocrx_word' id='word_1_904' title='bbox 1160 2621 1267 2656; x_wconf 73' lang='grc' dir='ltr'>ἐκείνης</span> <span class='ocrx_word' id='word_1_905' title='bbox 1287 2621 1334 2648; x_wconf 71' lang='grc' dir='ltr'><strong>καὶ</strong></span> <span class='ocrx_word' id='word_1_906' title='bbox 1351 2620 1395 2655; x_wconf 76' lang='grc' dir='ltr'>ἐφ’</span> <span class='ocrx_word' id='word_1_907' title='bbox 1407 2621 1482 2656; x_wconf 82' lang='grc' dir='ltr'><strong>ἡμᾶς</strong></span> <span class='ocrx_word' id='word_1_908' title='bbox 1502 2620 1519 2655; x_wconf 82' lang='grc' dir='ltr'><strong>ἡ</strong></span> <span class='ocrx_word' id='word_1_909' title='bbox 1536 2619 1618 2655; x_wconf 81' lang='grc' dir='ltr'>χάρις</span> <span class='ocrx_word' id='word_1_910' title='bbox 1636 2619 1768 2656; x_wconf 78' lang='grc' dir='ltr'>διαὸαίνῃ</span> <span class='ocrx_word' id='word_1_911' title='bbox 1787 2620 1834 2655; x_wconf 80' lang='grc' dir='ltr'><strong>βε-</strong></span> 
     </span>
    </p>
   </div>
   <div class='ocr_carea' id='block_1_117' title="bbox 1044 2666 1140 2698">
    <p class='ocr_par' dir='ltr' id='par_1_117' title="bbox 1044 2666 1140 2698">
     <span class='ocr_line' id='line_1_117' title="bbox 1044 2666 1140 2698; baseline 0.021 -6"><span class='ocrx_word' id='word_1_912' title='bbox 1044 2666 1140 2698; x_wconf 78' lang='grc' dir='ltr'>ὃαίως.</span> 
     </span>
    </p>
   </div>
   <div class='ocr_carea' id='block_1_118' title="bbox 1049 2754 1617 2788">
    <p class='ocr_par' dir='ltr' id='par_1_118' title="bbox 1049 2754 1617 2788">
     <span class='ocr_line' id='line_1_118' title="bbox 1049 2754 1617 2788; baseline -0.004 -5"><span class='ocrx_word' id='word_1_913' title='bbox 1049 2755 1093 2783; x_wconf 77' lang='grc'><strong>18.</strong></span> <span class='ocrx_word' id='word_1_914' title='bbox 1143 2757 1153 2772; x_wconf 78' lang='grc'>⁸</span> <span class='ocrx_word' id='word_1_915' title='bbox 1170 2755 1250 2783; x_wconf 83' lang='lat' dir='ltr'><strong>Joan.</strong></span> <span class='ocrx_word' id='word_1_916' title='bbox 1269 2764 1289 2788; x_wconf 82' lang='grc' dir='ltr'><strong>ι,</strong></span> <span class='ocrx_word' id='word_1_917' title='bbox 1306 2756 1333 2784; x_wconf 77' lang='lat'><strong>5.</strong></span> <span class='ocrx_word' id='word_1_918' title='bbox 1382 2757 1394 2773; x_wconf 84' lang='lat'><strong><em>&#39;</em></strong></span> <span class='ocrx_word' id='word_1_919' title='bbox 1411 2755 1420 2782; x_wconf 98' lang='lat' dir='ltr'><strong>l</strong></span> <span class='ocrx_word' id='word_1_920' title='bbox 1437 2755 1500 2782; x_wconf 84' lang='lat' dir='ltr'><strong>Cor.</strong></span> <span class='ocrx_word' id='word_1_921' title='bbox 1512 2762 1570 2788; x_wconf 83' lang='lat' dir='ltr'><strong>vni,</strong></span> <span class='ocrx_word' id='word_1_922' title='bbox 1589 2754 1617 2785; x_wconf 83' lang='grc' dir='ltr'><strong>ϐ.</strong></span> 
     </span>
    </p>
   </div>
   <div class='ocr_carea' id='block_1_119' title="bbox 1079 2790 1536 2824">
    <p class='ocr_par' dir='ltr' id='par_1_119' title="bbox 1079 2790 1536 2824">
     <span class='ocr_line' id='line_1_119' title="bbox 1079 2790 1536 2824; baseline -0.004 -6"><span class='ocrx_word' id='word_1_923' title='bbox 1079 2791 1101 2807; x_wconf 82' lang='grc'><strong>¹⁰</strong></span> <span class='ocrx_word' id='word_1_924' title='bbox 1124 2791 1190 2819; x_wconf 79' lang='lat' dir='ltr'><strong>ibid.</strong></span> <span class='ocrx_word' id='word_1_925' title='bbox 1211 2792 1254 2819; x_wconf 73' lang='grc'><strong>18.</strong></span> <span class='ocrx_word' id='word_1_926' title='bbox 1309 2792 1330 2807; x_wconf 81' lang='grc'><strong>¹¹</strong></span> <span class='ocrx_word' id='word_1_927' title='bbox 1344 2791 1409 2820; x_wconf 85' lang='lat' dir='ltr'><strong>Luc.</strong></span> <span class='ocrx_word' id='word_1_928' title='bbox 1426 2799 1474 2824; x_wconf 76' lang='lat' dir='ltr'><strong>xu,</strong></span> <span class='ocrx_word' id='word_1_929' title='bbox 1493 2790 1536 2818; x_wconf 79' lang='grc'>16.</span> 
     </span>
    </p>
   </div>
   <div class='ocr_carea' id='block_1_120' title="bbox 1668 2755 1831 2789">
    <p class='ocr_par' dir='ltr' id='par_1_120' title="bbox 1668 2755 1831 2789">
     <span class='ocr_line' id='line_1_120' title="bbox 1668 2755 1831 2789; baseline 0 -5"><span class='ocrx_word' id='word_1_930' title='bbox 1668 2755 1678 2771; x_wconf 89' lang='grc'>⁶</span> <span class='ocrx_word' id='word_1_931' title='bbox 1694 2755 1705 2784; x_wconf 84' lang='grc'><strong>1</strong></span> <span class='ocrx_word' id='word_1_932' title='bbox 1721 2756 1786 2784; x_wconf 88' lang='lat' dir='ltr'><strong>Cor.</strong></span> <span class='ocrx_word' id='word_1_933' title='bbox 1801 2765 1831 2789; x_wconf 82' lang='grc' dir='ltr'><strong>ιι,</strong></span> 
     </span>
    </p>
   </div>
   <div class='ocr_carea' id='block_1_121' title="bbox 1594 2789 1832 2827">
    <p class='ocr_par' dir='ltr' id='par_1_121' title="bbox 1594 2789 1832 2827">
     <span class='ocr_line' id='line_1_121' title="bbox 1594 2789 1832 2827; baseline 0.004 -8"><span class='ocrx_word' id='word_1_934' title='bbox 1594 2790 1616 2806; x_wconf 87' lang='grc'><strong>¹²</strong></span> <span class='ocrx_word' id='word_1_935' title='bbox 1631 2789 1727 2820; x_wconf 75' lang='lat' dir='ltr'><strong>Matth.</strong></span> <span class='ocrx_word' id='word_1_936' title='bbox 1743 2800 1783 2826; x_wconf 80' lang='lat' dir='ltr'><strong>ix,</strong></span> <span class='ocrx_word' id='word_1_937' title='bbox 1799 2793 1832 2827; x_wconf 81' lang='lat'><strong>5;</strong></span> 
     </span>
    </p>
   </div>
  </div>
