1902 3078
56 132 114 163 427

555 136 743 167 PANOPLIA
761 134 991 170 DOGMATICA.
1011 147 1047 154 —
1062 135 1136 166 TIT.
1155 134 1210 166 XI.

1644 137 1698 169 438

58 189 245 224 corruptione
263 190 383 224 liberati,
399 196 533 228 perpetuo
548 200 663 229 regnare
678 191 795 227 possint.
811 190 841 217 id
862 191 935 218 enim
949 190 1100 226 generatim
1114 191 1255 219 sciendum
1270 195 1324 225 est,
1337 191 1409 220 nihil
1422 200 1518 221 eorum
1542 201 1603 229 quae
1622 202 1703 225 acce-

61 238 140 273 pisse
152 237 311 272 dicit.quasi
331 246 363 266 ea
378 247 434 266 non
449 239 561 268 haberet
579 239 740 275 accepisse:
755 244 820 264 nam
836 234 971 269 Verbum,
995 241 1089 273 utpote
1103 237 1187 272 Deus,
1211 237 1256 266 illa
1281 245 1390 274 semper
1408 239 1513 269 habuit.
1537 241 1638 270 Verum
1656 250 1702 272 se-

60 285 186 312 cundum
205 286 354 313 humanam
373 291 498 314 naturam
514 287 654 322 accepisse
664 293 739 314 nunc
760 283 873 318 dicitur,
886 287 927 318 ut,
940 291 1023 313 carne
1035 284 1063 313 in
1083 285 1143 321 ipso
1151 285 1314 321 accipiente,
1335 286 1398 315 inde
1414 286 1443 315 in
1458 288 1538 318 nobis
1565 297 1625 326 qua:
1640 291 1703 320 data

60 337 130 360 δυιιι
151 339 312 362 constanter
331 340 533 370 permanerent.

220 380 278 415 Τῆς
293 380 389 416 αὐτῆς
406 383 516 417 ὁμοίως
534 380 584 409 καί
600 381 704 410 ταῦτα.

96 425 180 458 Τίνος
190 426 219 454 δὲ
237 428 318 462 χάριν
336 428 480 462 γινώσκων
496 429 598 463 ἔλεγεν,
614 429 655 456 ὅτι
672 426 743 455 οὐδὲ
756 427 773 454 δ
790 425 858 460 Υἱὸς

60 470 146 499 οἶδεν
157 480 169 505 ;
185 472 287 500 Οὐδένα
308 473 363 501 τῶν
377 473 482 500 πιστῶν
504 475 613 509 ἀγνοεῖν
635 471 725 509 οἶμαι.
746 472 787 500 ὅτι
810 472 857 499 καὶ

61 518 143 544 τοῦτο
159 517 237 545 οὐδὲν
251 516 333 554 ἦττον
349 519 394 546 διὰ
408 519 458 555 τὴν
475 520 565 555 σάρκα
581 519 619 551 ὡς
636 518 780 554 ἄνθρωπος
797 517 857 544 ἐλε-

62 573 124 598 γεν.
147 565 216 592 Οὕδὲ
241 564 296 600 γὰρ
319 565 398 593 τοῦτο
421 565 566 601 ἐλάττωμα
586 565 635 592 τοῦ
658 565 745 599 Λόγου
770 564 855 597 ἐστὶν,

60 611 132 638 αλλά
155 612 206 647 τῆς
229 612 404 647 ἀνθρωπίνης
430 611 538 646 φύσεώς
563 612 638 638 ἐστιν
663 609 729 638 ἴδιον
755 608 803 637 καὶ
825 609 856 636 τὺ

59 657 183 690 ἀγνοεῖν.
201 656 311 691 ’Δμέλει
332 655 420 690 λέγων
437 657 466 683 ὲν
483 656 521 691 τῷ
546 655 706 690 Εὐαγγελίῳ
726 654 791 690 περὶ
808 653 855 681 τοῦ

60 702 134 728 κατὰ
157 700 188 728 τὺ
212 701 384 736 ἀνθρώπινον
408 701 493 728 αὐτοῦ
508 708 514 716 ·
528 701 636 734 Πάτερ,
659 699 813 734 ἐλήλυθεν
835 700 855 734 ἠ

58 747 133 782 ὥρα,
155 747 292 780 δόξασόν
310 755 370 775 σου
389 747 443 774 τὸν
467 747 546 781 Υίὸν,
567 747 658 782 δῆλον,
677 746 718 774 ὅτι
739 746 787 773 καὶ
805 745 855 782 τὴν

58 793 109 820 τοῦ
132 793 236 825 παντὸς
269 793 362 826 τέλους
383 793 458 828 ὥραν
476 793 514 825 ὡς
537 793 587 828 μὲν
606 792 692 827 Λόγος
712 791 853 827 γινώσκει,

58 840 98 870 ὼς
123 839 153 866 δὲ
177 840 322 875 ἄνθρωπος
346 841 449 874 ἀγνοεῖ.
470 840 627 875 1Ανθρώποο
653 840 708 875 γὰρ
735 839 801 867 [διον
824 839 855 866 τὺ

56 884 182 918 ἀγνοεῖν,
202 885 250 912 καὶ
276 885 393 920 μάλιστα
415 885 513 913 ταῦτα,
532 885 613 912 Ἀλλά
634 886 684 912 καὶ
707 884 785 912 τοῦτο
806 885 854 920 τῆς

58 929 272 965 φιλανθρωπίας
286 930 353 956 ίδιον
366 930 413 956 τοῦ
429 930 566 966 Σωτῆρος.
582 930 693 966 Ἐπειδὴ
705 930 761 965 γὰρ
774 930 855 965 γέγο-

55 983 104 1001 νεν
124 974 281 1009 ἄνθρωπος,
303 976 354 1002 οὐκ
373 976 544 1011 ὲπῃοχύνετο
562 976 606 1004 διὰ
624 977 675 1013 τὴν
695 978 786 1012 σάρκα
804 976 853 1012 τὴν

55 1020 214 1054 ἀγνοοῦσαν
231 1022 395 1055 είπεϊν,οὐκ
412 1021 481 1054 οἴδα,
500 1022 543 1049 ῑνα
558 1022 645 1060 δείξῃ,
662 1024 703 1050 ὅτι
719 1023 798 1055 εἰδὼς
814 1023 853 1055 ὡς

55 1067 138 1099 Θεὸς,
153 1068 248 1102 ἀγνοεῖ
263 1069 416 1104 σαρκικῶς.
432 1069 489 1096 Οὐκ
504 1070 599 1105 είρηκε
614 1070 689 1104 γοῦν,
703 1069 822 1098 ὃτιοὺδὲ
837 1071 851 1097 6

55 1113 124 1143 IE6;
140 1112 188 1139 τοῦ
203 1113 282 1145 Θεοῦ,
299 1114 342 1140 ἵνα
360 1115 397 1150 μὴ
412 1115 427 1149 ἡ
446 1115 542 1149 θεότης
557 1114 691 1149 ἀγνοοῦσα
707 1114 849 1151 φαίνηται,

53 1158 120 1185 ἀλλ’
129 1158 315 1193 ἁπλῶς,οὑδὶ
329 1160 343 1186 ὁ
360 1160 432 1192 Υἱὸς,
444 1160 487 1187 ἵνα
502 1161 549 1188 τοῦ
563 1161 592 1194 ἐξ
608 1161 759 1199 ἀνθρώπων
773 1170 850 1197 γενο‹

55 1205 143 1239 μένου
160 1205 225 1232 Υἱοῦ
241 1207 257 1240 ἡ
273 1206 368 1240 ἄγνοια
424 1207 474 1234 Διά
486 1208 566 1234 τοῦτο
581 1208 627 1235 καὶ
643 1209 706 1243 περὶ
722 1208 849 1243 ἀγγέλων

54 1250 146 1277 εἰπὼν
159 1250 209 1277 οὑκ
222 1250 334 1286 εἴρηκεν
343 1253 544 1286 ἑπαναϐαίνων,
557 1254 598 1280 ὅτι
613 1254 681 1281 Οὐδὲ
694 1255 723 1281 τὺ
737 1255 849 1290 Πνεῦμα

51 1297 85 1323 τὸ
105 1295 204 1330 ἅγιον.
223 1297 281 1324 ἀλλ’
294 1298 430 1332 ἐσιώπησε
447 1299 554 1331 δεικνὺς
571 1302 605 1326 τὰ
621 1300 668 1327 δύο
685 1300 789 1334 ταῦτα,
806 1301 848 1328 ὅτι

52 1343 80 1369 εἰ
97 1343 130 1369 τὸ
148 1343 261 1379 Πνεῦμα
278 1342 332 1370 οἶδε
344 1365 351 1378 ,
370 1345 460 1381 πο).λῷ
479 1345 580 1381 μᾶλλον
595 1347 609 1373 ὁ
624 1347 709 1382 Λόγος
760 1347 848 1382 Λόγος

51 1387 124 1422 οἶδε,
142 1389 208 1425 παρ’
220 1388 250 1416 06
266 1392 312 1417 καὶ
326 1391 357 1417 τὸ
374 1392 486 1427 Πνεῦμα
499 1392 650 1428 λαμὸἀνει,
666 1394 712 1421 καὶ
727 1395 768 1422 ὅτι
783 1395 847 1431 περὶ

51 1435 104 1462 106
129 1436 290 1472 Πνεύματος
314 1439 456 1473 σιωπήσας
481 1440 598 1474 φανερὸν
619 1441 782 1477 πεποίηκεν,
805 1443 846 1470 ὅτι

52 1483 124 1517 περὶ
149 1482 200 1518 τῆς
226 1483 401 1519 ἀνθρωπίνης
426 1484 510 1511 αὑτοῦ
536 1485 709 1522 λειτουργίας
733 1488 846 1523 ἔλεγεν,

52 1528 136 1554 Οὐδὲ
154 1530 171 1555 ό
192 1529 268 1562 Υἱός.
287 1529 345 1561 Πᾶς
361 1530 390 1556 δὲ
407 1529 477 1562 πλὴν
493 1531 548 1558 τῶν
566 1531 712 1568 Ἀρειανῶν
729 1543 847 1570 συνομο-

49 1574 213 1608 λογήσειεν,
225 1574 261 1606 ὡς
275 1575 289 1601 6
301 1576 346 1602 τὸν
359 1575 469 1611 Πατέρα
483 1577 625 1611 γινώσκων
639 1578 731 1615 πολλῷ
747 1581 847 1616 μᾶλλον

48 1618 109 1646 οἶδε
125 1621 177 1655 τῆς
192 1620 307 1652 κτίσεως
321 1621 352 1648 τὺ
365 1621 437 1656 ὅλον,
452 1624 480 1649 ὲν
495 1623 524 1651 δὲ
538 1623 577 1660 τῷ
592 1625 646 1660 ὅλῳ
660 1625 707 1653 καὶ
721 1627 751 1653 τὺ
768 1627 847 1660 τέλος

47 1665 171 1700 ταὺτης.
189 1666 242 1692 Καὶ
260 1667 284 1692 εί
301 1667 418 1702 ὥρισται
451 1669 468 1704 ἡ
488 1668 547 1704 ὥρα
563 1671 610 1699 καὶ
626 1673 643 1706 ὴ
662 1673 754 1708 ἡμέρα
771 1674 846 1709 παρὰ

1103 375 1146 403 Ea:
1173 377 1261 404 eodem
1284 377 1339 404 loco
1357 381 1382 405 et
1406 380 1471 406 hate.

943 422 1000 451 Cur
1020 425 1111 450 autem
1124 430 1291 459 cognoscens
1305 424 1416 459 dixerit,
1434 433 1467 453 ne
1483 425 1586 456 Filium
1598 430 1703 466 quidem

908 475 1004 503 noue,
1034 468 1170 496 neminem
1198 468 1319 496 ﬁdelium
1352 470 1470 498 arbitror
1502 472 1638 508 ignorare.
1674 478 1703 505 Id

909 515 983 542 enim
997 521 1108 550 quoque
1121 518 1231 550 propter
1272 521 1393 550 carnem,
1431 522 1462 545 ut
1478 517 1573 554 homo,
1613 520 1701 557 dixit;

908 567 940 588 ea
955 568 1074 596 namque
1088 568 1118 588 re
1133 559 1224 589 Verbo
1238 559 1306 589 nihil
1315 562 1479 597 detrahitur,
1493 572 1555 593 cum
1576 567 1702 598 humana:

908 611 1014 634 naturae
1043 607 1183 642 proprium
1213 606 1249 634 sit
1295 609 1413 637 nescire.
1440 610 1550 646 Alioqui
1578 620 1641 642 cum
1672 615 1701 643 in

907 651 1054 689 Evangelia
1069 653 1103 680 de
1119 660 1149 681 se
1165 657 1195 681 ut
1219 654 1254 681 de
1270 654 1381 683 homine
1404 656 1477 686 dicat
1496 667 1503 686 :
1519 658 1614 694 Pater,
1632 663 1701 690 venit

906 697 1109 733 hora,clariﬁca
1120 697 1220 726 Filium
1234 704 1308 727 tuum
1318 700 1338 734 ί,
1347 703 1520 738 perspicuum
1534 710 1577 734 est
1590 715 1653 736 eum
1674 713 1702 737 et

907 745 1002 772 mundi
1031 745 1093 774 ﬁnis
1123 746 1216 774 horam
1241 747 1280 774 uti
1314 747 1433 776 Verbum
1462 758 1640 788 COgnosccre,
1672 760 1702 782 ut

910 790 1052 818 hominem
1073 796 1164 819 autem
1189 793 1324 827 ignorare.
1338 793 1396 821 Hoc
1417 795 1491 823 enim
1506 802 1547 825 est
1580 797 1701 827 hominis

910 837 1065 872 proprium,
1091 843 1121 865 ut
1138 839 1255 874 ignoret,
1268 845 1297 867 et
1329 841 1448 869 maxime
1478 850 1522 870 res
1552 845 1698 880 ejusmodi.

906 881 965 915 Quo
982 885 1074 910 tamen
1090 882 1150 910 loco
1160 888 1187 911 et
1201 883 1353 912 Servatoris
1387 885 1580 922 benignitatem
1602 897 1700 925 agnos-

905 928 1009 961 cimus,
1029 929 1075 964 qui
1092 936 1154 956 cum
1168 935 1241 957 esset
1257 931 1338 958 etiam
1366 932 1447 960 homo
1462 941 1517 961 non
1532 935 1700 964 erubuit-di-

904 981 975 1007 cere.
1004 981 1034 1002 se
1051 976 1168 1008 nescire,
1195 980 1225 1003 ut
1241 976 1403 1011 declararet,
1433 986 1474 1013 se,
1502 981 1627 1015 quamvis
1660 983 1699 1010 uti

903 1019 974 1048 Dens
990 1021 1084 1054 sciret,
1100 1026 1128 1050 ut
1144 1022 1284 1050 hominem
1299 1023 1434 1058 ignorare.
1445 1024 1506 1053 Non
1516 1027 1581 1055 dixit
1594 1033 1697 1061 autem,

903 1066 944 1094 Ne
962 1067 1049 1095 Filius
1062 1067 1173 1103 quidem
1193 1067 1240 1097 Dei
1253 1069 1341 1103 novit,
1362 1078 1395 1098 ne
1412 1070 1540 1100 divinitas
1555 1074 1647 1110 ignara
1660 1076 1699 1103 vi-

901 1112 1012 1141 deretur
1027 1123 1033 1142 :
1051 1114 1100 1142 sed
1119 1114 1290 1150 simpliciter,
1305 1115 1345 1143 Ne
1355 1115 1439 1145 Filius
1457 1119 1580 1153 quidem,
1594 1126 1624 1148 ut
1637 1121 1697 1149 Filii

900 1166 932 1186 ex
949 1159 1063 1187 homine
1076 1160 1140 1188 facti
1155 1160 1336 1196 ignorantiam
1345 1170 1406 1191 esse
1428 1170 1574 1193 constaret.
1592 1167 1698 1196 Idcirco

900 1210 928 1232 et
945 1204 979 1233 de
990 1205 1094 1241 angelis
1104 1206 1244 1235 allirmans
1253 1215 1307 1235 non
1321 1209 1444 1237 ascendit
1453 1218 1497 1244 eo,
1510 1216 1540 1239 ut
1550 1212 1662 1247 diceret,
1670 1219 1697 1242 et

901 1250 1036 1286 Spiritum
1061 1257 1188 1281 sanctum
1208 1254 1327 1287 nescire,
1356 1256 1405 1283 sed
1433 1258 1529 1289 tacuit,
1556 1259 1614 1287 haec
1641 1261 1696 1288 duo

898 1298 1064 1334 significans,
1080 1299 1198 1334 primum
1215 1300 1237 1328 si
1254 1300 1374 1335 Spiritus
1395 1303 1482 1335 novit,
1498 1305 1583 1333 multo
1610 1307 1696 1342 magis

899 1344 1028 1378 Verbum,
1045 1349 1075 1372 ut
1093 1345 1210 1373 Verbum
1227 1354 1321 1378 nosse,
1335 1355 1350 1374 a
1377 1355 1432 1383 quo
1452 1348 1569 1384 Spiritus
1584 1352 1694 1387 accipit,

898 1391 997 1419 deinde
1012 1399 1074 1419 cum
1089 1391 1124 1419 de
1138 1391 1241 1426 Spiritu
1252 1392 1384 1428 siluisset,
1395 1396 1478 1424 verba
1489 1397 1543 1430 illa,
1555 1397 1594 1426 Ne
1608 1399 1694 1428 Filius

902 1437 1026 1472 quidem,
1043 1436 1076 1464 de
1092 1438 1244 1465 ministerio
1260 1446 1311 1466 suo
1325 1440 1444 1470 humano
1464 1443 1578 1472 dixisse.
1595 1444 1693 1474 Nullus

899 1488 990 1511 autem
1007 1487 1059 1516 est,
1076 1484 1199 1520 exceptis
1231 1485 1352 1520 Arianis,
1381 1488 1428 1523 qui
1452 1496 1508 1517 non
1530 1491 1693 1520 conﬁteatur

899 1537 975 1563 eum,
991 1530 1037 1565 qui
1056 1528 1165 1558 Patrem
1183 1531 1270 1565 novit,
1290 1533 1376 1560 multo
1390 1534 1475 1570 magis
1492 1543 1573 1564 nosse
1597 1545 1691 1566 rerum

898 1580 1103 1610 procreatarum
1122 1575 1336 1611 universitatem,
1354 1579 1381 1604 in
1394 1586 1446 1613 qua
1471 1585 1499 1608 et
1514 1581 1602 1616 ipsius
1616 1584 1691 1614 orbis

899 1620 961 1648 ﬁnis
986 1621 1154 1648 continetur.
1185 1621 1263 1655 Quod
1278 1622 1301 1649 si
1330 1622 1389 1652 dies
1409 1629 1437 1652 et
1464 1625 1530 1654 hora
1557 1629 1690 1663 praeﬁnita

897 1671 963 1694 esta
979 1666 1070 1698 Patre.
1096 1668 1271 1702 perspicuum
1295 1674 1348 1702 est.
1363 1678 1423 1698 eam
1435 1679 1485 1707 per
1496 1672 1594 1702 Filium
1627 1684 1690 1705 esse

46 1710 100 1736 τοῦ
121 1709 240 1746 Πατρὺς,
256 1711 335 1746 δῆλόν
350 1713 435 1746 ἐστιν,
452 1714 493 1740 ὅτι
510 1715 554 1742 διὰ
568 1716 615 1742 τοῦ
633 1716 698 1744 Υἰυῦ
714 1718 842 1753 ὥρισται,

896 1712 1066 1748 praeﬁnitam.
1091 1712 1169 1747 Quod
1190 1720 1283 1741 autem
1310 1723 1360 1750 per
1380 1725 1410 1745 se
1444 1721 1608 1754 praeﬁnitum
1635 1728 1688 1757 est,

47 1757 100 1782 καὶ
116 1753 189 1782 οἶδεν
201 1756 282 1788 αὐτὸς
295 1757 325 1784 τὸ
339 1757 463 1786 διἀὺτοῦ
477 1761 595 1795 όρισθέν.
609 1763 693 1791 Οὐδὲν
704 1764 758 1801 γάρ
771 1765 845 1793 ἐστιν

46 1802 61 1829 ὃ
79 1802 122 1837 μὴ
138 1802 184 1828 διὰ
198 1801 244 1829 τοῦ
259 1802 324 1830 Υἱοῦ
340 1805 435 1838 γέγονέ
450 1814 480 1832 τε
495 1806 543 1833 καὶ
558 1806 686 1843 ὥρισται.

84 1846 178 1874 Πάλιν
198 1856 239 1881 τε,
262 1848 287 1874 εἰ
309 1849 399 1877 πάντα
419 1851 467 1877 τοῦ
491 1852 599 1887 Πατρὺς
618 1854 665 1880 τοῦ
686 1855 751 1882 Υίοῠ
772 1856 843 1891 ἔστι,

45 1892 135 1920 τοῦτο
150 1892 206 1927 γὰρ
222 1894 304 1926 αὐτὸς
321 1894 416 1931 εῐρηκε
428 1915 436 1928 ,
451 1896 498 1923 τοῦ
515 1898 543 1924 δὲ
560 1899 667 1935 Πατρός
684 1901 743 1928 ἐστι
758 1902 788 1928 τὸ
805 1905 844 1930 εί-

45 1940 128 1967 δὲναι
144 1939 326 1976 τὴνσήμέραν,
342 1942 421 1978 δῆλόν
436 1943 521 1977 ἐστιν,
537 1945 578 1972 ὅτι
594 1946 640 1973 καὶ
655 1947 669 1973 6
685 1948 748 1979 Υίδς
761 1947 842 1983 οἶδεν,

46 1986 120 2012 tau”
137 1985 208 2020 ἔχων
223 1988 270 2012 καὶ
286 1988 366 2014 τοῦτο
383 1989 414 2015 ἐκ
429 1989 476 2016 τοῦ
495 1990 611 2027 Πατρός.
628 1993 684 2020 Καὶ
702 1995 801 2028 πάλιν,
817 1997 842 2023 ει

45 2032 60 2057 ὁ
78 2030 149 2062 Υἱὸς
167 2033 195 2057 ὲν
211 2031 250 2067 τῷ
267 2033 375 2068 Πατρὶ,
391 2034 438 2062 καὶ
453 2035 467 2061 6
484 2036 577 2073 Πατὴρ
595 2039 624 2065 ὲν
640 2039 679 2075 τῷ
697 2039 770 2077 Υίῷ,
787 2039 841 2069 οἶδε

45 2077 75 2103 δὲ
92 2077 109 2103 6
127 2077 223 2113 Πατὴρ
238 2078 288 2114 τὴν
302 2080 410 2115 ἡμέραν
425 2081 472 2108 καὶ
486 2082 535 2118 τὴν
550 2082 642 2119 ὥραν,
655 2088 788 2122 φανερὸν,
800 2089 840 2116 ὅτι

44 2124 97 2150 καὶ
114 2123 130 2149 6
144 2122 208 2155 Υἱὸς
225 2124 254 2151 ἐν
269 2124 306 2159 τῷ
321 2125 408 2161 [Iath
423 2125 471 2160 ὢν,
486 2129 535 2155 καὶ
549 2129 626 2161 εἰδὼς
642 2131 676 2158 τὰ
690 2133 719 2159 ἐν
734 2133 772 2168 τῷ
785 2135 841 2161 Πα-

43 2169 92 2204 τρὶ
104 2188 113 2200 ,
129 2165 185 2195 οἶδε
199 2169 248 2195 καὶ
264 2169 345 2201 αὐτὸς
360 2170 409 2206 τὴν
423 2171 530 2208 ἡμέραν
545 2175 591 2201 καὶ
603 2174 652 2210 τὴν
665 2165 798 2213 (imam-El
811 2179 839 2206 δὲ

44 2213 96 2239 καὶ
113 2212 197 2240 είκών
213 2214 288 2242 ἐστιν
303 2215 419 2251 ἀληθινὴ
433 2217 478 2243 τοῦ
496 2219 602 2255 Πατρὸς
618 2222 631 2247 6
647 2221 725 2256 Υίδς,
740 2221 796 2250 οἶδε
809 2224 839 2252 δὲ

43 2260 57 2284 ὁ
81 2258 182 2293 Πατὴρ
193 2279 200 2291 ,
215 2259 295 2293 δῆλον
310 2260 352 2287 ὅτι
369 2261 416 2288 καὶ
430 2262 495 2297 περὶ
509 2264 556 2290 τοῦ
573 2266 672 2293 είδὲναι
688 2268 774 2295 ταῦτα
788 2269 839 2306 τὴν

41 2303 198 2338 ὁμοιότητα
215 2304 263 2330 τοῦ
282 2306 388 2341 Πατρὸς
405 2308 420 2333 6
440 2307 500 2340 Υἱὸς
517 2308 584 2344 ἔχει.
602 2303 838 2349 Συναριθμοῦντες

898 1758 926 1786 id
943 1759 1001 1794 ipse
1025 1758 1154 1786 nimirum
1173 1761 1261 1788 novit.
1277 1760 1350 1789 Nihil
1382 1763 1457 1792 enim
1482 1767 1555 1801 quod
1571 1775 1626 1796 non
1639 1777 1688 1805 per

896 1803 994 1832 Filium
1006 1805 1041 1832 sit
1052 1805 1155 1833 factum
1169 1811 1196 1834 et
1221 1807 1395 1842 praeﬁnitum.

930 1861 1063 1889 Praeterea
1075 1862 1100 1890 si
1112 1860 1203 1890 omnia
1218 1865 1375 1898 qutePatris
1396 1872 1471 1902 sunt,
1487 1868 1546 1898 Filii
1566 1877 1640 1905 sunt.
1657 1879 1687 1902 ut

896 1907 955 1942 ipse
969 1907 1146 1941 dixit,l’atris
1155 1913 1304 1943 autemest,
1313 1912 1384 1940 scire
1397 1913 1468 1941 diem
1482 1914 1565 1947 illam,
1579 1920 1686 1954 perspi-

894 1961 977 1981 cuum
996 1958 1049 1985 est.
1066 1961 1125 1981 eam
1140 1959 1169 1982 et
1188 1954 1288 1983 Filium
1307 1965 1400 1992 nosse,
1417 1967 1478 1988 cum
1495 1961 1522 1989 id
1533 1963 1614 1991 etiam
1623 1973 1686 2000 pro-

893 2002 982 2036 prium
996 2001 1095 2030 habeat
1106 2009 1138 2029 ex
1148 2001 1240 2031 Patre.
1250 2004 1291 2032 Ad
1302 2004 1388 2033 haecsi
1398 2006 1482 2035 Filius
1498 2009 1525 2036 in
1535 2011 1616 2040 Patre
1630 2017 1683 2045 est.

892 2053 917 2074 et
931 2047 1045 2075 Peterin
1059 2047 1138 2079 Filio.
1153 2049 1232 2077 novit
1243 2055 1334 2078 autem
1349 2052 1432 2081 Pater
1445 2054 1517 2083 diem
1533 2061 1561 2084 et
1575 2058 1681 2094 horam,

893 2099 947 2120 non
959 2097 1000 2120 est
1012 2092 1201 2126 dubitandum.
1224 2096 1292 2130 quin
1307 2095 1394 2126 Filius
1405 2098 1432 2126 in
1441 2100 1523 2129 Patre
1535 2092 1681 2138 exsistens,

891 2143 920 2166 et
933 2138 1025 2166 sciens
1041 2146 1102 2174 quas
1120 2145 1185 2167 sunt
1212 2141 1239 2168 in
1254 2142 1346 2176 Patre,
1370 2145 1477 2173 noverit
1502 2147 1584 2175 etiam
1621 2149 1682 2184 ipse

890 2183 962 2211 diem
987 2189 1015 2212 et
1035 2184 1142 2214 horam.
1167 2185 1289 2222 Denique
1314 2195 1377 2216 cum
1408 2197 1472 2219 vera
1503 2192 1594 2222 Patris
1611 2183 1680 2223 inia-

891 2237 925 2264 go
948 2229 984 2256 sit
1015 2229 1111 2264 Filius,
1139 2233 1214 2259 norit
1242 2238 1332 2261 autem
1355 2235 1444 2269 Pater,
1480 2243 1556 2273 patet
1569 2240 1596 2267 in
1627 2241 1680 2271 hoc

889 2284 999 2312 quoque
1015 2277 1115 2306 Filium
1145 2277 1218 2307 Patri
1245 2280 1361 2309 similem
1388 2290 1458 2310 esse.
1485 2285 1579 2313 Ariani
1611 2295 1677 2316 vero

891 2322 937 2350 Dei
953 2322 1050 2350 Filium
1069 2323 1097 2350 in
1112 2331 1203 2352 rerum
1234 2331 1436 2360 procreatarum
1464 2337 1578 2359 numero
1592 2333 1678 2361 collo-

41 2350 71 2375 δὲ
87 2350 146 2380 τοῖς
164 2351 284 2384 γενητοῖς
300 2351 325 2377 οι
343 2351 477 2386 Ἀρειανοὶ
492 2355 537 2382 τὸν
552 2356 614 2384 Υἰδν
627 2359 673 2384 τοῦ
689 2359 758 2386 Θεοῦ
773 2361 836 2388 κατ’

41 2395 67 2408 1‘.
76 2395 138 2408 In-..
154 2394 200 2408 ..-ὶ
221 2396 302 2408 -.ἱ-ιη
318 2397 344 2408 -1
381 2397 413 2408 ην
425 2399 466 2408 ,1,
507 2400 527 2406 -~
543 2401 549 2408 ι
668 2405 681 2408 ..
757 2406 761 2408 .

1131 2350 1151 2351 η
1187 2350 1202 2352 α
1234 2350 1436 2360 τηρ-μη...
1464 2350 1578 2359 .......υ.υ
1592 2350 1677 2361 ww—

896 2373 999 2402 :antes,
1035 2369 1169 2404 paulatim
1204 2371 1370 2400 meditantur
1396 2375 1532 2408 quomodo
1568 2377 1677 2407 Patrem

40 2395 138 2428 ὀλίγον
154 2394 202 2421 καὶ
220 2396 302 2422 αὑτὸν
318 2397 362 2423 τὸν
380 2397 488 2434 Πατέρα
505 2400 635 2430 ὄλάττονα
650 2405 700 2439 τῆς
718 2406 834 2439 κτίσεως

42 2440 184 2474 μελετῶσι
206 2440 306 2474 λέγειν.
330 2443 361 2469 Et
383 2445 438 2480 γὰρ
458 2446 472 2472 6
494 2447 603 2483 Πατέρα
623 2451 763 2482 γινώσκων
783 2453 833 2480 οὐκ

39 2484 97 2511 οἶδε
115 2484 167 2520 τὴν
183 2486 299 2522 ἡμέραν,
316 2489 376 2515 οὐδὲ
393 2491 442 2526 τὴν
458 2491 541 2527 ὥραν,
561 2495 697 2531 φοϐοῦμαι
716 2498 754 2534 μὴ
772 2500 832 2534 μεί-

39 2530 97 2561 ζων
116 2531 212 2564 ἔσται,
230 2532 267 2563 ώς
284 2532 317 2559 ἂν
335 2535 433 2562 ἐκεῖνοι
451 2539 583 2571 μανέντες
600 2530 722 2575 εἴποιενί
767 2530 833 2580 περὶ

36 2576 90 2624 της
106 2576 236 2624 κτίσεως,
251 2579 353 2613 μᾶλλον
365 2580 392 2607 δὲ
406 2583 422 2617 ἡ
438 2585 501 2618 περὶ
515 2586 561 2611 τοῦ
577 2585 717 2620 ἐλάττονος
732 2576 832 2624 μέροῦς

35 2620 90 2654 τῆς
108 2620 225 2653 κτίσεως
243 2624 342 2657 γνῶσις
358 2625 408 2661 τῆς
424 2628 489 2662 περὶ
505 2629 551 2655 τοῦ
570 2631 677 2667 Πατρὸς
692 2620 828 2667 γνώσεωςξ

128 2667 182 2693 οὐκ
196 2667 300 2702 ἀγνοῶν
314 2670 418 2705 ελιγεν,
432 2674 489 2701 Οὐκ
501 2673 569 2709 οἴδα,
585 2665 653 2704 ἀλλά
667 2665 773 2712 δεικνὺς
788 2665 830 2709 ὅτι

34 2711 129 2744 σάρκα
139 2713 291 2760 ἀγνοοῦσαν
304 2717 453 2746 ἐνεδύσατο.
464 2719 531 2747 Τότε
544 2722 608 2755 γοῦν
619 2724 748 2760 εἰρηκὼς,
761 2711 828 2756 Οὐδὲ

31 2757 47 2783 ὁ
71 2758 134 2791 Υἱὸς
151 2755 208 2785 οῐδε
218 2779 226 2791 ,
244 2761 293 2787 καὶ
308 2763 362 2790 τῶν
379 2765 449 2793 κατὰ
465 2767 511 2794 τδν
527 2767 588 2795 Νῶε
606 2755 759 2807 ἀνθρώπων
775 2755 827 2811 τὴν

70 2844 175 2874 'Joau.
191 2854 258 2881 xvu,
280 2849 304 2878 l.

887 2414 976 2449 ipsum
995 2414 1078 2442 rebus
1105 2417 1256 2450 procreatis
1286 2418 1419 2447 minorem
1435 2422 1539 2455 dicant;
1555 2424 1576 2451 si
1603 2426 1676 2452 enim
1701 2412 1707 2418 ί

886 2461 932 2494 qui
955 2461 1065 2489 Patrem
1081 2462 1159 2490 novit
1175 2463 1246 2491 diem
1279 2469 1306 2492 et
1325 2465 1419 2494 horam
1450 2468 1522 2496 illam
1560 2471 1675 2506 ignorat,

884 2514 992 2539 vereor,
1007 2515 1042 2535 ne
1058 2508 1144 2544 major
1165 2508 1211 2542 sit,
1229 2513 1259 2537 ut
1277 2510 1443 2541 insanientes
1470 2515 1515 2542 isti
1541 2516 1674 2550 dicerent,

884 2553 1015 2587 cognitio,
1030 2562 1092 2588 qua:
1119 2554 1153 2582 ad
1182 2563 1226 2583 res
1243 2563 1408 2591 procreatas,
1445 2559 1500 2588 imo
1517 2569 1581 2589 vero
1612 2571 1674 2597 quas

887 2598 920 2624 ad
933 2598 1065 2626 minorem
1097 2606 1191 2627 earum
1214 2606 1330 2635 partem,
1344 2611 1426 2637 quam
1446 2611 1505 2638 qua:
1519 2606 1551 2632 ad
1564 2605 1672 2635 Patrem

887 2647 1033 2678 pertinent.
1048 2643 1182 2672 Caeterum
1217 2653 1271 2673 non
1290 2647 1417 2682 ignorans
1431 2649 1508 2683 dixit,
1537 2651 1595 2679 Non
1620 2661 1671 2684 n0-

884 2687 922 2719 vi,
956 2688 1004 2715 sed
1029 2689 1164 2724 indicans,
1189 2696 1219 2718 se
1246 2699 1357 2719 carnem
1385 2695 1508 2729 ignarum
1536 2697 1670 2731 induisse,

883 2733 961 2766 dixit,
984 2733 1024 2762 Ne
1041 2734 1126 2762 Filius
1151 2736 1262 2771 quidem
1287 2740 1372 2766 novit.
1387 2740 1421 2767 Et
1450 2741 1602 2778 hominum,
1624 2747 1670 2780 qui

881 2783 959 2806 erant
998 2784 1120 2816 tempore
1152 2782 1221 2817 Noe,
1250 2783 1429 2819 ignorantiam
1452 2795 1670 2818 connnemorans
