  <div class='ocr_page' id='page_1' title='image "/cluster/home/n/w/nwhite01/storage/ocr_20150623/130/njp.32101010942777/228.png"; bbox 0 0 1902 3078; ppageno 0'>
   <div class='ocr_carea' id='block_1_1' title="bbox 54 98 109 132">
    <p class='ocr_par' dir='ltr' id='par_1_1' title="bbox 54 98 109 132">
     <span class='ocr_line' id='line_1_1' title="bbox 54 98 109 132; baseline 0.036 -2"><span class='ocrx_word' id='word_1_1' title='bbox 54 98 109 132; x_wconf 73' lang='lat' dir='ltr'><strong>HI</strong></span> 
     </span>
    </p>
   </div>
   <div class='ocr_carea' id='block_1_2' title="bbox 539 101 1196 141">
    <p class='ocr_par' dir='ltr' id='par_1_2' title="bbox 539 101 1196 141">
     <span class='ocr_line' id='line_1_2' title="bbox 539 101 1196 141; baseline 0.012 -8"><span class='ocrx_word' id='word_1_2' title='bbox 539 101 726 135; x_wconf 79' lang='lat' dir='ltr'><strong>PANOPLIA</strong></span> <span class='ocrx_word' id='word_1_3' title='bbox 744 106 976 140; x_wconf 78' lang='lat' dir='ltr'><strong>DOGMATICA.</strong></span> <span class='ocrx_word' id='word_1_4' title='bbox 997 121 1032 128; x_wconf 90' lang='lat'><strong>-</strong></span> <span class='ocrx_word' id='word_1_5' title='bbox 1049 109 1123 141; x_wconf 89' lang='lat' dir='ltr'><strong>TlT.</strong></span> <span class='ocrx_word' id='word_1_6' title='bbox 1143 110 1196 141; x_wconf 88' lang='lat' dir='ltr'><strong>XI.</strong></span> 
     </span>
    </p>
   </div>
   <div class='ocr_carea' id='block_1_3' title="bbox 1636 112 1688 144">
    <p class='ocr_par' dir='ltr' id='par_1_3' title="bbox 1636 112 1688 144">
     <span class='ocr_line' id='line_1_3' title="bbox 1636 112 1688 144; baseline 0.038 -3"><span class='ocrx_word' id='word_1_7' title='bbox 1636 112 1688 144; x_wconf 67' lang='lat'><strong>512</strong></span> 
     </span>
    </p>
   </div>
   <div class='ocr_carea' id='block_1_4' title="bbox 54 157 858 201">
    <p class='ocr_par' dir='ltr' id='par_1_4' title="bbox 54 157 850 198">
     <span class='ocr_line' id='line_1_4' title="bbox 54 157 850 198; baseline 0.003 -11"><span class='ocrx_word' id='word_1_8' title='bbox 54 168 157 196; x_wconf 80' lang='grc' dir='ltr'>γοντα,</span> <span class='ocrx_word' id='word_1_9' title='bbox 170 159 228 187; x_wconf 81' lang='grc' dir='ltr'><strong>Οὐκ</strong></span> <span class='ocrx_word' id='word_1_10' title='bbox 244 157 316 193; x_wconf 71' lang='grc' dir='ltr'>οἶδα,</span> <span class='ocrx_word' id='word_1_11' title='bbox 339 159 449 194; x_wconf 76' lang='grc' dir='ltr'>λέγουσι</span> <span class='ocrx_word' id='word_1_12' title='bbox 473 160 512 196; x_wconf 76' lang='grc' dir='ltr'><strong>μή</strong></span> <span class='ocrx_word' id='word_1_13' title='bbox 530 161 648 194; x_wconf 70' lang='grc' dir='ltr'>ειδέναις</span> <span class='ocrx_word' id='word_1_14' title='bbox 679 161 709 189; x_wconf 89' lang='lat'><strong>&#39;0</strong></span> <span class='ocrx_word' id='word_1_15' title='bbox 727 162 778 198; x_wconf 66' lang='grc' dir='ltr'>μὲν</span> <span class='ocrx_word' id='word_1_16' title='bbox 802 161 850 189; x_wconf 77' lang='grc' dir='ltr'>οὖν</span> 
     </span>
    </p>
   </div>
   <div class='ocr_carea' id='block_1_5' title="bbox 909 157 1689 201">
    <p class='ocr_par' dir='ltr' id='par_1_5' title="bbox 909 161 1689 201">
     <span class='ocr_line' id='line_1_5' title="bbox 909 161 1689 201; baseline 0.008 -10"><span class='ocrx_word' id='word_1_17' title='bbox 909 161 970 192; x_wconf 57' lang='lat' dir='ltr'><strong>Filio</strong></span> <span class='ocrx_word' id='word_1_18' title='bbox 984 166 1070 198; x_wconf 81' lang='lat' dir='ltr'><strong>novit,</strong></span> <span class='ocrx_word' id='word_1_19' title='bbox 1089 166 1154 201; x_wconf 87' lang='lat' dir='ltr'><strong>quid</strong></span> <span class='ocrx_word' id='word_1_20' title='bbox 1167 166 1219 194; x_wconf 89' lang='lat' dir='ltr'><strong>sibi</strong></span> <span class='ocrx_word' id='word_1_21' title='bbox 1241 167 1382 196; x_wconf 83' lang='lat' dir='ltr'><strong>acciderit.</strong></span> <span class='ocrx_word' id='word_1_22' title='bbox 1396 166 1429 196; x_wconf 78' lang='lat' dir='ltr'><strong>Et</strong></span> <span class='ocrx_word' id='word_1_23' title='bbox 1448 168 1508 196; x_wconf 86' lang='lat' dir='ltr'><strong>ideo</strong></span> <span class='ocrx_word' id='word_1_24' title='bbox 1521 169 1589 197; x_wconf 91' lang='lat' dir='ltr'><strong>dicit</strong></span> <span class='ocrx_word' id='word_1_25' title='bbox 1604 179 1611 197; x_wconf 92' lang='lat'>:</span> <span class='ocrx_word' id='word_1_26' title='bbox 1628 169 1689 198; x_wconf 79' lang='lat' dir='ltr'><strong>Scia</strong></span> 
     </span>
    </p>
   </div>
   <div class='ocr_carea' id='block_1_6' title="bbox 61 206 848 243">
    <p class='ocr_par' dir='ltr' id='par_1_6' title="bbox 61 206 848 243">
     <span class='ocr_line' id='line_1_6' title="bbox 61 206 848 243; baseline 0.005 -11"><span class='ocrx_word' id='word_1_27' title='bbox 61 206 242 239; x_wconf 60' lang='lat' dir='ltr'><strong>1mm,</strong></span> <span class='ocrx_word' id='word_1_28' title='bbox 258 206 497 239; x_wconf 70' lang='grc' dir='ltr'><strong>ἀποκαλύπτοντας</strong></span> <span class='ocrx_word' id='word_1_29' title='bbox 510 207 584 243; x_wconf 83' lang='grc' dir='ltr'><strong>αὒτῷ</strong></span> <span class='ocrx_word' id='word_1_30' title='bbox 595 208 642 235; x_wconf 79' lang='grc' dir='ltr'>τοῦ</span> <span class='ocrx_word' id='word_1_31' title='bbox 654 208 732 240; x_wconf 82' lang='grc' dir='ltr'><strong>Υιοῦ.</strong></span> <span class='ocrx_word' id='word_1_32' title='bbox 749 207 820 236; x_wconf 73' lang='grc' dir='ltr'>οἶδεν</span> <span class='ocrx_word' id='word_1_33' title='bbox 833 209 848 236; x_wconf 76' lang='grc' dir='ltr'><strong>ὃ</strong></span> 
     </span>
    </p>
   </div>
   <div class='ocr_carea' id='block_1_7' title="bbox 55 252 850 289">
    <p class='ocr_par' dir='ltr' id='par_1_7' title="bbox 55 252 850 289">
     <span class='ocr_line' id='line_1_7' title="bbox 55 252 850 289; baseline 0.003 -9"><span class='ocrx_word' id='word_1_34' title='bbox 55 252 192 281; x_wconf 74' lang='grc' dir='ltr'>πέπονθε.</span> <span class='ocrx_word' id='word_1_35' title='bbox 208 253 259 280; x_wconf 80' lang='grc' dir='ltr'>Διὰ</span> <span class='ocrx_word' id='word_1_36' title='bbox 275 253 354 280; x_wconf 82' lang='grc' dir='ltr'>τοῦτο</span> <span class='ocrx_word' id='word_1_37' title='bbox 368 254 423 288; x_wconf 75' lang='grc' dir='ltr'>γάρ</span> <span class='ocrx_word' id='word_1_38' title='bbox 440 261 524 289; x_wconf 81' lang='grc' dir='ltr'>φησιν</span> <span class='ocrx_word' id='word_1_39' title='bbox 537 261 546 270; x_wconf 94' lang='grc'><strong>·</strong></span> <span class='ocrx_word' id='word_1_40' title='bbox 562 252 635 282; x_wconf 73' lang='grc' dir='ltr'>οῖδα</span> <span class='ocrx_word' id='word_1_41' title='bbox 646 254 803 289; x_wconf 75' lang='grc' dir='ltr'>ἄνθρωπον</span> <span class='ocrx_word' id='word_1_42' title='bbox 814 255 850 282; x_wconf 63' lang='grc' dir='ltr'>ἂν</span> 
     </span>
    </p>
   </div>
   <div class='ocr_carea' id='block_1_8' title="bbox 56 299 850 338">
    <p class='ocr_par' dir='ltr' id='par_1_8' title="bbox 56 299 850 338">
     <span class='ocr_line' id='line_1_8' title="bbox 56 299 850 338; baseline 0.001 -11"><span class='ocrx_word' id='word_1_43' title='bbox 56 299 186 334; x_wconf 75' lang='grc' dir='ltr'>Χριστῷ.</span> <span class='ocrx_word' id='word_1_44' title='bbox 202 300 287 332; x_wconf 73' lang='grc' dir='ltr'><strong>Εἰδὼς</strong></span> <span class='ocrx_word' id='word_1_45' title='bbox 305 300 333 328; x_wconf 73' lang='grc' dir='ltr'><strong>δι</strong></span> <span class='ocrx_word' id='word_1_46' title='bbox 350 301 396 327; x_wconf 66' lang='grc' dir='ltr'>τὶν</span> <span class='ocrx_word' id='word_1_47' title='bbox 409 301 562 338; x_wconf 74' lang='grc' dir='ltr'>ἄνθρωπον,</span> <span class='ocrx_word' id='word_1_48' title='bbox 576 300 631 329; x_wconf 71' lang='lat' dir='ltr'><strong>tich</strong></span> <span class='ocrx_word' id='word_1_49' title='bbox 641 302 689 329; x_wconf 80' lang='grc' dir='ltr'><strong>καὶ</strong></span> <span class='ocrx_word' id='word_1_50' title='bbox 704 302 761 333; x_wconf 86' lang='grc' dir='ltr'>πῶς</span> <span class='ocrx_word' id='word_1_51' title='bbox 774 303 788 328; x_wconf 79' lang='grc' dir='ltr'><strong>ό</strong></span> <span class='ocrx_word' id='word_1_52' title='bbox 803 302 850 330; x_wconf 83' lang='grc' dir='ltr'>ἀν-</span> 
     </span>
    </p>
   </div>
   <div class='ocr_carea' id='block_1_9' title="bbox 57 345 848 383">
    <p class='ocr_par' dir='ltr' id='par_1_9' title="bbox 57 345 848 383">
     <span class='ocr_line' id='line_1_9' title="bbox 57 345 848 383; baseline 0.003 -11"><span class='ocrx_word' id='word_1_53' title='bbox 57 346 171 380; x_wconf 85' lang='grc' dir='ltr'>θρωπος</span> <span class='ocrx_word' id='word_1_54' title='bbox 181 347 304 381; x_wconf 74' lang='grc' dir='ltr'>ἡρπάγη.</span> <span class='ocrx_word' id='word_1_55' title='bbox 323 345 354 374; x_wconf 92' lang='lat'><strong>&#39;0</strong></span> <span class='ocrx_word' id='word_1_56' title='bbox 361 346 390 373; x_wconf 78' lang='grc' dir='ltr'>δι</span> <span class='ocrx_word' id='word_1_57' title='bbox 406 347 555 379; x_wconf 77' lang='grc' dir='ltr'>Ἐλισσαῖος</span> <span class='ocrx_word' id='word_1_58' title='bbox 566 347 673 383; x_wconf 67' lang='grc' dir='ltr'>βλέπων</span> <span class='ocrx_word' id='word_1_59' title='bbox 683 348 727 375; x_wconf 55' lang='lat' dir='ltr'><strong>etv</strong></span> <span class='ocrx_word' id='word_1_60' title='bbox 745 347 848 381; x_wconf 83' lang='grc' dir='ltr'>Ἠλίαν,</span> 
     </span>
    </p>
   </div>
   <div class='ocr_carea' id='block_1_10' title="bbox 57 389 848 428">
    <p class='ocr_par' dir='ltr' id='par_1_10' title="bbox 57 389 848 428">
     <span class='ocr_line' id='line_1_10' title="bbox 57 389 848 428; baseline 0.003 -11"><span class='ocrx_word' id='word_1_61' title='bbox 57 389 118 418; x_wconf 78' lang='grc' dir='ltr'>οἶδε</span> <span class='ocrx_word' id='word_1_62' title='bbox 145 391 192 418; x_wconf 71' lang='grc' dir='ltr'><strong>καὶ</strong></span> <span class='ocrx_word' id='word_1_63' title='bbox 216 391 276 422; x_wconf 79' lang='grc' dir='ltr'><strong>πῶς</strong></span> <span class='ocrx_word' id='word_1_64' title='bbox 294 391 445 428; x_wconf 77' lang='grc' dir='ltr'><strong>ἀνελήφθη.</strong></span> <span class='ocrx_word' id='word_1_65' title='bbox 474 392 554 420; x_wconf 78' lang='grc' dir='ltr'>Ἀλλὰ</span> <span class='ocrx_word' id='word_1_66' title='bbox 575 392 675 428; x_wconf 75' lang='grc' dir='ltr'>καίπερ</span> <span class='ocrx_word' id='word_1_67' title='bbox 696 392 848 427; x_wconf 61' lang='grc' dir='ltr'>γινώσκων,</span> 
     </span>
    </p>
   </div>
   <div class='ocr_carea' id='block_1_11' title="bbox 57 436 850 474">
    <p class='ocr_par' dir='ltr' id='par_1_11' title="bbox 57 436 850 474">
     <span class='ocr_line' id='line_1_11' title="bbox 57 436 850 474; baseline 0.001 -11"><span class='ocrx_word' id='word_1_68' title='bbox 57 437 137 471; x_wconf 76' lang='grc' dir='ltr'>ὅμως</span> <span class='ocrx_word' id='word_1_69' title='bbox 147 436 203 464; x_wconf 86' lang='grc' dir='ltr'><strong>τῶν</strong></span> <span class='ocrx_word' id='word_1_70' title='bbox 215 437 281 464; x_wconf 85' lang='grc' dir='ltr'><strong>υίῶν</strong></span> <span class='ocrx_word' id='word_1_71' title='bbox 288 437 343 464; x_wconf 85' lang='grc' dir='ltr'>τῶν</span> <span class='ocrx_word' id='word_1_72' title='bbox 354 437 502 474; x_wconf 65' lang='grc' dir='ltr'>προτητῶν</span> <span class='ocrx_word' id='word_1_73' title='bbox 512 437 677 472; x_wconf 78' lang='grc' dir='ltr'><strong>νομιζόντων</strong></span> <span class='ocrx_word' id='word_1_74' title='bbox 699 437 746 464; x_wconf 67' lang='grc' dir='ltr'><strong>τὸν</strong></span> <span class='ocrx_word' id='word_1_75' title='bbox 755 438 850 464; x_wconf 84' lang='grc' dir='ltr'>Ἠλίαν</span> 
     </span>
    </p>
   </div>
   <div class='ocr_carea' id='block_1_12' title="bbox 57 481 851 518">
    <p class='ocr_par' dir='ltr' id='par_1_12' title="bbox 57 481 851 518">
     <span class='ocr_line' id='line_1_12' title="bbox 57 481 851 518; baseline 0.003 -10"><span class='ocrx_word' id='word_1_76' title='bbox 57 483 103 513; x_wconf 71' lang='grc' dir='ltr'><strong>εἰς</strong></span> <span class='ocrx_word' id='word_1_77' title='bbox 113 481 144 508; x_wconf 81' lang='grc' dir='ltr'>ἒν</span> <span class='ocrx_word' id='word_1_78' title='bbox 156 482 210 508; x_wconf 83' lang='grc' dir='ltr'><strong>τῶν</strong></span> <span class='ocrx_word' id='word_1_79' title='bbox 222 482 306 517; x_wconf 77' lang='grc' dir='ltr'>ὀρέων</span> <span class='ocrx_word' id='word_1_80' title='bbox 318 482 370 509; x_wconf 75' lang='grc' dir='ltr'><strong>ὐπδ</strong></span> <span class='ocrx_word' id='word_1_81' title='bbox 382 482 431 509; x_wconf 77' lang='grc' dir='ltr'>τοῦ</span> <span class='ocrx_word' id='word_1_82' title='bbox 449 483 605 518; x_wconf 73' lang='grc' dir='ltr'>Πνιύματος</span> <span class='ocrx_word' id='word_1_83' title='bbox 616 483 754 518; x_wconf 49' lang='lat' dir='ltr'><strong>teat-seat,</strong></span> <span class='ocrx_word' id='word_1_84' title='bbox 770 483 851 515; x_wconf 68' lang='grc' dir='ltr'>αὐτὸς</span> 
     </span>
    </p>
   </div>
   <div class='ocr_carea' id='block_1_13' title="bbox 56 528 851 566">
    <p class='ocr_par' dir='ltr' id='par_1_13' title="bbox 56 528 851 566">
     <span class='ocr_line' id='line_1_13' title="bbox 56 528 851 566; baseline 0.003 -12"><span class='ocrx_word' id='word_1_85' title='bbox 56 528 110 563; x_wconf 84' lang='grc' dir='ltr'>τὴν</span> <span class='ocrx_word' id='word_1_86' title='bbox 125 528 176 564; x_wconf 64' lang='grc' dir='ltr'>μιν</span> <span class='ocrx_word' id='word_1_87' title='bbox 189 529 277 564; x_wconf 80' lang='grc' dir='ltr'>ἀρχὴν</span> <span class='ocrx_word' id='word_1_88' title='bbox 287 529 432 564; x_wconf 83' lang='grc' dir='ltr'><strong>γινώσκων</strong></span> <span class='ocrx_word' id='word_1_89' title='bbox 447 529 461 556; x_wconf 79' lang='grc' dir='ltr'><strong>ὃ</strong></span> <span class='ocrx_word' id='word_1_90' title='bbox 473 530 606 566; x_wconf 70' lang='grc' dir='ltr'>ἑώρακεν,</span> <span class='ocrx_word' id='word_1_91' title='bbox 622 529 714 557; x_wconf 70' lang='lat' dir='ltr'><strong>[uetes</strong></span> <span class='ocrx_word' id='word_1_92' title='bbox 727 529 790 561; x_wconf 74' lang='grc' dir='ltr'>τοὺς</span> <span class='ocrx_word' id='word_1_93' title='bbox 803 530 851 557; x_wconf 84' lang='grc' dir='ltr'>ἀν-</span> 
     </span>
    </p>
   </div>
   <div class='ocr_carea' id='block_1_14' title="bbox 56 575 850 611">
    <p class='ocr_par' dir='ltr' id='par_1_14' title="bbox 56 575 850 611">
     <span class='ocr_line' id='line_1_14' title="bbox 56 575 850 611; baseline 0.001 -10"><span class='ocrx_word' id='word_1_94' title='bbox 56 575 138 608; x_wconf 74' lang='grc' dir='ltr'>δρας,</span> <span class='ocrx_word' id='word_1_95' title='bbox 159 575 327 610; x_wconf 77' lang='grc' dir='ltr'><strong>βιαζομένων</strong></span> <span class='ocrx_word' id='word_1_96' title='bbox 343 575 371 602; x_wconf 77' lang='grc' dir='ltr'><strong>δὲ</strong></span> <span class='ocrx_word' id='word_1_97' title='bbox 390 576 502 603; x_wconf 74' lang='grc' dir='ltr'>ἐκείνων</span> <span class='ocrx_word' id='word_1_98' title='bbox 517 577 686 611; x_wconf 76' lang='grc' dir='ltr'>σεσιώπηκε,</span> <span class='ocrx_word' id='word_1_99' title='bbox 704 576 753 602; x_wconf 76' lang='grc' dir='ltr'><strong>καὶ</strong></span> <span class='ocrx_word' id='word_1_100' title='bbox 785 583 850 602; x_wconf 83' lang='grc' dir='ltr'><strong>συν-</strong></span> 
     </span>
    </p>
   </div>
   <div class='ocr_carea' id='block_1_15' title="bbox 59 619 852 658">
    <p class='ocr_par' dir='ltr' id='par_1_15' title="bbox 59 619 852 658">
     <span class='ocr_line' id='line_1_15' title="bbox 59 619 852 658; baseline 0.001 -11"><span class='ocrx_word' id='word_1_101' title='bbox 59 620 208 656; x_wconf 74' lang='grc' dir='ltr'>εχώρησεν</span> <span class='ocrx_word' id='word_1_102' title='bbox 225 621 363 649; x_wconf 73' lang='grc' dir='ltr'>ἀπελθεῖν.</span> <span class='ocrx_word' id='word_1_103' title='bbox 381 619 445 658; x_wconf 71' lang='grc' dir='ltr'><strong>Ἆρ’</strong></span> <span class='ocrx_word' id='word_1_104' title='bbox 459 621 506 649; x_wconf 79' lang='grc' dir='ltr'>οὖν</span> <span class='ocrx_word' id='word_1_105' title='bbox 520 622 613 658; x_wconf 64' lang='lat' dir='ltr'><strong>bulbi;</strong></span> <span class='ocrx_word' id='word_1_106' title='bbox 630 621 852 657; x_wconf 75' lang='grc' dir='ltr'>σεσιώπηκε,οὑκ</span> 
     </span>
    </p>
   </div>
   <div class='ocr_carea' id='block_1_16' title="bbox 59 666 851 703">
    <p class='ocr_par' dir='ltr' id='par_1_16' title="bbox 59 666 851 703">
     <span class='ocr_line' id='line_1_16' title="bbox 59 666 851 703; baseline 0.001 -10"><span class='ocrx_word' id='word_1_107' title='bbox 59 667 234 701; x_wconf 76' lang='grc' dir='ltr'>ἑγὶνωσκεν;</span> <span class='ocrx_word' id='word_1_108' title='bbox 259 667 393 702; x_wconf 67' lang='grc' dir='ltr'>ὶγίνωσκε</span> <span class='ocrx_word' id='word_1_109' title='bbox 418 668 467 703; x_wconf 85' lang='grc' dir='ltr'>μὲν</span> <span class='ocrx_word' id='word_1_110' title='bbox 487 666 543 699; x_wconf 81' lang='grc' dir='ltr'>οὖν,</span> <span class='ocrx_word' id='word_1_111' title='bbox 565 668 624 695; x_wconf 77' lang='grc' dir='ltr'>ἀλλ’</span> <span class='ocrx_word' id='word_1_112' title='bbox 644 668 683 700; x_wconf 82' lang='grc' dir='ltr'><strong>ὡς</strong></span> <span class='ocrx_word' id='word_1_113' title='bbox 702 668 753 695; x_wconf 82' lang='grc' dir='ltr'>οὐκ</span> <span class='ocrx_word' id='word_1_114' title='bbox 773 668 851 700; x_wconf 82' lang='grc' dir='ltr'>είδὼς</span> 
     </span>
    </p>
   </div>
   <div class='ocr_carea' id='block_1_17' title="bbox 59 714 852 750">
    <p class='ocr_par' dir='ltr' id='par_1_17' title="bbox 59 714 852 750">
     <span class='ocr_line' id='line_1_17' title="bbox 59 714 852 750; baseline 0.003 -10"><span class='ocrx_word' id='word_1_115' title='bbox 59 714 273 749; x_wconf 74' lang='grc' dir='ltr'>συνεχώρησεν,</span> <span class='ocrx_word' id='word_1_116' title='bbox 292 715 335 742; x_wconf 81' lang='grc' dir='ltr'>ἵνα</span> <span class='ocrx_word' id='word_1_117' title='bbox 352 715 450 743; x_wconf 70' lang='grc' dir='ltr'>ἐκεῖνοι</span> <span class='ocrx_word' id='word_1_118' title='bbox 467 715 625 746; x_wconf 70' lang='grc' dir='ltr'>πεισθέντες</span> <span class='ocrx_word' id='word_1_119' title='bbox 645 715 744 750; x_wconf 79' lang='grc' dir='ltr'><strong>μηκέτι</strong></span> <span class='ocrx_word' id='word_1_120' title='bbox 760 715 852 742; x_wconf 81' lang='grc' dir='ltr'>διστά-</span> 
     </span>
    </p>
   </div>
   <div class='ocr_carea' id='block_1_18' title="bbox 60 761 852 797">
    <p class='ocr_par' dir='ltr' id='par_1_18' title="bbox 60 761 852 797">
     <span class='ocr_line' id='line_1_18' title="bbox 60 761 852 797; baseline 0.003 -11"><span class='ocrx_word' id='word_1_121' title='bbox 60 768 132 786; x_wconf 88' lang='grc' dir='ltr'>σωσι</span> <span class='ocrx_word' id='word_1_122' title='bbox 158 761 222 796; x_wconf 80' lang='grc' dir='ltr'>περὶ</span> <span class='ocrx_word' id='word_1_123' title='bbox 246 761 295 795; x_wconf 82' lang='grc' dir='ltr'>τῆς</span> <span class='ocrx_word' id='word_1_124' title='bbox 320 761 480 797; x_wconf 83' lang='grc' dir='ltr'>ἀναλήψεως</span> <span class='ocrx_word' id='word_1_125' title='bbox 508 761 610 789; x_wconf 84' lang='grc' dir='ltr'>Ἠλίου.</span> <span class='ocrx_word' id='word_1_126' title='bbox 632 761 738 790; x_wconf 68' lang='grc' dir='ltr'>Οὐκοῦν</span> <span class='ocrx_word' id='word_1_127' title='bbox 761 761 852 797; x_wconf 86' lang='grc' dir='ltr'>πολλῷ</span> 
     </span>
    </p>
   </div>
   <div class='ocr_carea' id='block_1_19' title="bbox 60 805 852 843">
    <p class='ocr_par' dir='ltr' id='par_1_19' title="bbox 60 805 852 843">
     <span class='ocr_line' id='line_1_19' title="bbox 60 805 852 843; baseline 0.003 -11"><span class='ocrx_word' id='word_1_128' title='bbox 60 805 166 840; x_wconf 75' lang='grc' dir='ltr'>μᾶλλον</span> <span class='ocrx_word' id='word_1_129' title='bbox 181 806 195 832; x_wconf 78' lang='grc' dir='ltr'>ὁ</span> <span class='ocrx_word' id='word_1_130' title='bbox 212 807 329 839; x_wconf 78' lang='grc' dir='ltr'><strong>Παῦλος,</strong></span> <span class='ocrx_word' id='word_1_131' title='bbox 342 807 422 839; x_wconf 73' lang='grc' dir='ltr'>αὐτὸς</span> <span class='ocrx_word' id='word_1_132' title='bbox 429 807 467 834; x_wconf 82' lang='grc' dir='ltr'>ὢν</span> <span class='ocrx_word' id='word_1_133' title='bbox 477 808 492 834; x_wconf 81' lang='grc' dir='ltr'><strong>ὁ</strong></span> <span class='ocrx_word' id='word_1_134' title='bbox 508 807 653 843; x_wconf 76' lang='grc' dir='ltr'>ἁρπαγιὶς,</span> <span class='ocrx_word' id='word_1_135' title='bbox 665 806 720 835; x_wconf 83' lang='grc' dir='ltr'>οῐδε</span> <span class='ocrx_word' id='word_1_136' title='bbox 733 808 780 836; x_wconf 79' lang='grc' dir='ltr'><strong>καὶ</strong></span> <span class='ocrx_word' id='word_1_137' title='bbox 792 808 852 840; x_wconf 83' lang='grc' dir='ltr'>πῶς</span> 
     </span>
    </p>
   </div>
   <div class='ocr_carea' id='block_1_20' title="bbox 61 843 891 889">
    <p class='ocr_par' dir='ltr' id='par_1_20' title="bbox 61 843 891 889">
     <span class='ocr_line' id='line_1_20' title="bbox 61 843 891 889; baseline 0.005 -12"><span class='ocrx_word' id='word_1_138' title='bbox 61 851 192 886; x_wconf 75' lang='grc' dir='ltr'>ἡρπάγη.</span> <span class='ocrx_word' id='word_1_139' title='bbox 210 852 265 879; x_wconf 79' lang='grc' dir='ltr'><strong>Καὶ</strong></span> <span class='ocrx_word' id='word_1_140' title='bbox 281 853 336 889; x_wconf 74' lang='grc' dir='ltr'><strong>γὰρ</strong></span> <span class='ocrx_word' id='word_1_141' title='bbox 358 853 451 886; x_wconf 79' lang='grc' dir='ltr'>Ἠλίας</span> <span class='ocrx_word' id='word_1_142' title='bbox 466 854 609 888; x_wconf 69' lang='grc' dir='ltr'>ἐγίνωσκε,</span> <span class='ocrx_word' id='word_1_143' title='bbox 627 857 675 881; x_wconf 75' lang='grc' dir='ltr'><strong>καὶ</strong></span> <span class='ocrx_word' id='word_1_144' title='bbox 692 854 716 881; x_wconf 78' lang='grc' dir='ltr'>ει</span> <span class='ocrx_word' id='word_1_145' title='bbox 733 853 853 882; x_wconf 74' lang='grc' dir='ltr'>ιπυνθά-</span> <span class='ocrx_word' id='word_1_146' title='bbox 871 843 891 871; x_wconf 73' lang='grc' dir='ltr'><strong><em>Β</em></strong></span> 
     </span>
    </p>
   </div>
   <div class='ocr_carea' id='block_1_21' title="bbox 60 896 856 935">
    <p class='ocr_par' dir='ltr' id='par_1_21' title="bbox 60 896 856 935">
     <span class='ocr_line' id='line_1_21' title="bbox 60 896 856 935; baseline 0.004 -12"><span class='ocrx_word' id='word_1_147' title='bbox 60 898 126 924; x_wconf 59' lang='lat' dir='ltr'><strong>vero</strong></span> <span class='ocrx_word' id='word_1_148' title='bbox 141 906 196 930; x_wconf 87' lang='grc' dir='ltr'>τις,</span> <span class='ocrx_word' id='word_1_149' title='bbox 213 896 290 925; x_wconf 65' lang='grc' dir='ltr'>εἶπεν</span> <span class='ocrx_word' id='word_1_150' title='bbox 306 898 351 932; x_wconf 75' lang='grc' dir='ltr'>ἂν,</span> <span class='ocrx_word' id='word_1_151' title='bbox 370 899 427 930; x_wconf 84' lang='grc' dir='ltr'><strong>πῶς</strong></span> <span class='ocrx_word' id='word_1_152' title='bbox 442 899 591 934; x_wconf 74' lang='grc' dir='ltr'>ἀνελήφθη.</span> <span class='ocrx_word' id='word_1_153' title='bbox 610 899 692 934; x_wconf 80' lang='grc' dir='ltr'><strong>Λέγει</strong></span> <span class='ocrx_word' id='word_1_154' title='bbox 708 899 735 926; x_wconf 67' lang='grc' dir='ltr'><strong>δὲ</strong></span> <span class='ocrx_word' id='word_1_155' title='bbox 750 900 825 935; x_wconf 81' lang='grc' dir='ltr'>ὅμως</span> <span class='ocrx_word' id='word_1_156' title='bbox 841 899 856 925; x_wconf 77' lang='grc' dir='ltr'>ὁ</span> 
     </span>
    </p>
   </div>
   <div class='ocr_carea' id='block_1_22' title="bbox 61 943 854 981">
    <p class='ocr_par' dir='ltr' id='par_1_22' title="bbox 61 943 854 981">
     <span class='ocr_line' id='line_1_22' title="bbox 61 943 854 981; baseline 0.003 -11"><span class='ocrx_word' id='word_1_157' title='bbox 61 943 185 977; x_wconf 77' lang='grc' dir='ltr'>Παῦλος,</span> <span class='ocrx_word' id='word_1_158' title='bbox 201 945 257 972; x_wconf 81' lang='grc' dir='ltr'><strong>Οὐκ</strong></span> <span class='ocrx_word' id='word_1_159' title='bbox 272 943 342 978; x_wconf 78' lang='grc' dir='ltr'>οἶδα,</span> <span class='ocrx_word' id='word_1_160' title='bbox 352 945 398 972; x_wconf 83' lang='grc' dir='ltr'><strong>δύο</strong></span> <span class='ocrx_word' id='word_1_161' title='bbox 414 944 515 972; x_wconf 80' lang='grc' dir='ltr'>τούτων</span> <span class='ocrx_word' id='word_1_162' title='bbox 529 946 617 981; x_wconf 85' lang='grc' dir='ltr'>χάριν,</span> <span class='ocrx_word' id='word_1_163' title='bbox 632 945 670 977; x_wconf 82' lang='grc' dir='ltr'>ὣς</span> <span class='ocrx_word' id='word_1_164' title='bbox 684 953 717 980; x_wconf 77' lang='grc' dir='ltr'><strong>γε</strong></span> <span class='ocrx_word' id='word_1_165' title='bbox 733 945 835 981; x_wconf 79' lang='grc' dir='ltr'>νομίζω</span> <span class='ocrx_word' id='word_1_166' title='bbox 846 965 854 977; x_wconf 92' lang='grc'><strong>,</strong></span> 
     </span>
    </p>
   </div>
   <div class='ocr_carea' id='block_1_23' title="bbox 61 990 856 1027">
    <p class='ocr_par' dir='ltr' id='par_1_23' title="bbox 61 990 856 1027">
     <span class='ocr_line' id='line_1_23' title="bbox 61 990 856 1027; baseline 0.004 -11"><span class='ocrx_word' id='word_1_167' title='bbox 61 990 124 1022; x_wconf 76' lang='grc' dir='ltr'>ἑνὸς</span> <span class='ocrx_word' id='word_1_168' title='bbox 146 991 196 1026; x_wconf 72' lang='grc' dir='ltr'>μὲν</span> <span class='ocrx_word' id='word_1_169' title='bbox 211 991 249 1023; x_wconf 84' lang='grc' dir='ltr'><strong>ὡς</strong></span> <span class='ocrx_word' id='word_1_170' title='bbox 264 991 345 1023; x_wconf 71' lang='grc' dir='ltr'>αὐτὸς</span> <span class='ocrx_word' id='word_1_171' title='bbox 359 990 447 1025; x_wconf 74' lang='grc' dir='ltr'>εἶπεν,</span> <span class='ocrx_word' id='word_1_172' title='bbox 463 991 507 1019; x_wconf 79' lang='grc' dir='ltr'>ινα</span> <span class='ocrx_word' id='word_1_173' title='bbox 524 993 561 1027; x_wconf 84' lang='grc' dir='ltr'>μὴ</span> <span class='ocrx_word' id='word_1_174' title='bbox 575 992 620 1019; x_wconf 74' lang='grc' dir='ltr'><strong>διὰ</strong></span> <span class='ocrx_word' id='word_1_175' title='bbox 636 991 687 1027; x_wconf 83' lang='grc' dir='ltr'>τὴν</span> <span class='ocrx_word' id='word_1_176' title='bbox 703 992 856 1027; x_wconf 76' lang='grc' dir='ltr'>ὑπερϐολὴν</span> 
     </span>
    </p>
   </div>
   <div class='ocr_carea' id='block_1_24' title="bbox 61 1036 856 1074">
    <p class='ocr_par' dir='ltr' id='par_1_24' title="bbox 61 1036 856 1074">
     <span class='ocr_line' id='line_1_24' title="bbox 61 1036 856 1074; baseline 0.005 -12"><span class='ocrx_word' id='word_1_177' title='bbox 61 1036 120 1062; x_wconf 82' lang='grc' dir='ltr'><strong>τῶν</strong></span> <span class='ocrx_word' id='word_1_178' title='bbox 134 1037 338 1071; x_wconf 76' lang='grc' dir='ltr'>ἀποκαλύψεων</span> <span class='ocrx_word' id='word_1_179' title='bbox 355 1038 450 1072; x_wconf 68' lang='grc' dir='ltr'>ιτερόν</span> <span class='ocrx_word' id='word_1_180' title='bbox 467 1047 508 1070; x_wconf 86' lang='grc' dir='ltr'><strong>τις</strong></span> <span class='ocrx_word' id='word_1_181' title='bbox 525 1038 607 1065; x_wconf 79' lang='grc' dir='ltr'>αὐτὸν</span> <span class='ocrx_word' id='word_1_182' title='bbox 623 1038 768 1074; x_wconf 83' lang='grc' dir='ltr'>λογίσηται</span> <span class='ocrx_word' id='word_1_183' title='bbox 784 1039 856 1074; x_wconf 77' lang='grc' dir='ltr'>ὑπὲρ</span> 
     </span>
    </p>
   </div>
   <div class='ocr_carea' id='block_1_25' title="bbox 61 1081 857 1119">
    <p class='ocr_par' dir='ltr' id='par_1_25' title="bbox 61 1081 857 1119">
     <span class='ocr_line' id='line_1_25' title="bbox 61 1081 857 1119; baseline 0.004 -11"><span class='ocrx_word' id='word_1_184' title='bbox 61 1081 76 1108; x_wconf 74' lang='grc'>8</span> <span class='ocrx_word' id='word_1_185' title='bbox 93 1082 189 1117; x_wconf 77' lang='grc' dir='ltr'>βλέπει</span> <span class='ocrx_word' id='word_1_186' title='bbox 204 1090 212 1098; x_wconf 71' lang='grc' dir='ltr'><strong>ο</strong></span> <span class='ocrx_word' id='word_1_187' title='bbox 224 1083 319 1118; x_wconf 66' lang='grc' dir='ltr'>ἑτέρου</span> <span class='ocrx_word' id='word_1_188' title='bbox 331 1083 371 1117; x_wconf 78' lang='grc' dir='ltr'><strong>δὲ,</strong></span> <span class='ocrx_word' id='word_1_189' title='bbox 386 1083 427 1111; x_wconf 77' lang='grc' dir='ltr'>ὅτι</span> <span class='ocrx_word' id='word_1_190' title='bbox 442 1084 491 1112; x_wconf 80' lang='grc' dir='ltr'><strong>τοῦ</strong></span> <span class='ocrx_word' id='word_1_191' title='bbox 506 1084 633 1119; x_wconf 79' lang='grc' dir='ltr'><strong>Σωτῆρος</strong></span> <span class='ocrx_word' id='word_1_192' title='bbox 647 1085 784 1119; x_wconf 75' lang='grc' dir='ltr'>εἰπόντος,</span> <span class='ocrx_word' id='word_1_193' title='bbox 799 1085 857 1112; x_wconf 78' lang='grc' dir='ltr'><strong>Οὐκ</strong></span> 
     </span>
    </p>
   </div>
   <div class='ocr_carea' id='block_1_26' title="bbox 62 1126 858 1164">
    <p class='ocr_par' dir='ltr' id='par_1_26' title="bbox 62 1126 858 1164">
     <span class='ocr_line' id='line_1_26' title="bbox 62 1126 858 1164; baseline 0.004 -10"><span class='ocrx_word' id='word_1_194' title='bbox 62 1126 137 1161; x_wconf 65' lang='grc' dir='ltr'>οἶδα,</span> <span class='ocrx_word' id='word_1_195' title='bbox 150 1128 255 1163; x_wconf 75' lang='grc' dir='ltr'>ἔπρεπε</span> <span class='ocrx_word' id='word_1_196' title='bbox 271 1129 318 1156; x_wconf 69' lang='grc' dir='ltr'><strong>καὶ</strong></span> <span class='ocrx_word' id='word_1_197' title='bbox 334 1129 414 1156; x_wconf 79' lang='grc' dir='ltr'>αὑτὸν</span> <span class='ocrx_word' id='word_1_198' title='bbox 430 1130 528 1163; x_wconf 78' lang='grc' dir='ltr'>ιίπεϊν,</span> <span class='ocrx_word' id='word_1_199' title='bbox 542 1128 601 1158; x_wconf 81' lang='grc' dir='ltr'><strong>Οὐκ</strong></span> <span class='ocrx_word' id='word_1_200' title='bbox 611 1129 681 1163; x_wconf 79' lang='grc' dir='ltr'>οἶδα,</span> <span class='ocrx_word' id='word_1_201' title='bbox 696 1130 741 1158; x_wconf 63' lang='lat' dir='ltr'><strong>[va</strong></span> <span class='ocrx_word' id='word_1_202' title='bbox 748 1131 784 1163; x_wconf 82' lang='grc' dir='ltr'>μὴ</span> <span class='ocrx_word' id='word_1_203' title='bbox 796 1129 858 1164; x_wconf 81' lang='grc' dir='ltr'>φαί-</span> 
     </span>
    </p>
   </div>
   <div class='ocr_carea' id='block_1_27' title="bbox 64 1173 858 1213">
    <p class='ocr_par' dir='ltr' id='par_1_27' title="bbox 64 1173 858 1213">
     <span class='ocr_line' id='line_1_27' title="bbox 64 1173 858 1213; baseline 0.005 -13"><span class='ocrx_word' id='word_1_204' title='bbox 64 1181 148 1209; x_wconf 86' lang='grc' dir='ltr'>νηται</span> <span class='ocrx_word' id='word_1_205' title='bbox 163 1173 254 1207; x_wconf 83' lang='grc' dir='ltr'>δοῦλος</span> <span class='ocrx_word' id='word_1_206' title='bbox 269 1174 307 1202; x_wconf 84' lang='grc' dir='ltr'>ὢν</span> <span class='ocrx_word' id='word_1_207' title='bbox 327 1175 397 1210; x_wconf 73' lang='grc' dir='ltr'>ὐπὶρ</span> <span class='ocrx_word' id='word_1_208' title='bbox 411 1175 456 1203; x_wconf 75' lang='grc' dir='ltr'><strong>τὸν</strong></span> <span class='ocrx_word' id='word_1_209' title='bbox 471 1175 573 1213; x_wconf 78' lang='grc' dir='ltr'>Κύριον</span> <span class='ocrx_word' id='word_1_210' title='bbox 588 1176 670 1203; x_wconf 82' lang='grc' dir='ltr'>αὑτοῦ</span> <span class='ocrx_word' id='word_1_211' title='bbox 681 1196 688 1210; x_wconf 88' lang='grc'><strong>,</strong></span> <span class='ocrx_word' id='word_1_212' title='bbox 708 1177 756 1204; x_wconf 76' lang='grc' dir='ltr'><strong>καὶ</strong></span> <span class='ocrx_word' id='word_1_213' title='bbox 771 1176 858 1212; x_wconf 77' lang='grc' dir='ltr'>μαθη-</span> 
     </span>
    </p>
   </div>
   <div class='ocr_carea' id='block_1_28' title="bbox 64 1219 452 1255">
    <p class='ocr_par' dir='ltr' id='par_1_28' title="bbox 64 1219 452 1255">
     <span class='ocr_line' id='line_1_28' title="bbox 64 1219 452 1255; baseline 0.008 -10"><span class='ocrx_word' id='word_1_214' title='bbox 64 1219 116 1255; x_wconf 78' lang='grc' dir='ltr'>τὴς</span> <span class='ocrx_word' id='word_1_215' title='bbox 132 1219 204 1255; x_wconf 79' lang='grc' dir='ltr'>ὑπὲρ</span> <span class='ocrx_word' id='word_1_216' title='bbox 221 1221 266 1248; x_wconf 71' lang='grc' dir='ltr'>τὶν</span> <span class='ocrx_word' id='word_1_217' title='bbox 282 1221 452 1251; x_wconf 74' lang='grc' dir='ltr'>διδάσκαλον,</span> 
     </span>
    </p>
   </div>
   <div class='ocr_carea' id='block_1_29' title="bbox 102 1265 857 1306">
    <p class='ocr_par' dir='ltr' id='par_1_29' title="bbox 102 1265 857 1306">
     <span class='ocr_line' id='line_1_29' title="bbox 102 1265 857 1306; baseline 0.005 -14"><span class='ocrx_word' id='word_1_218' title='bbox 102 1265 212 1297; x_wconf 74' lang='grc' dir='ltr'>Οὐκοῦν</span> <span class='ocrx_word' id='word_1_219' title='bbox 225 1267 239 1293; x_wconf 84' lang='grc' dir='ltr'><strong>ό</strong></span> <span class='ocrx_word' id='word_1_220' title='bbox 252 1266 291 1303; x_wconf 81' lang='grc' dir='ltr'>τῷ</span> <span class='ocrx_word' id='word_1_221' title='bbox 305 1267 404 1301; x_wconf 80' lang='grc' dir='ltr'>Παύλῳ</span> <span class='ocrx_word' id='word_1_222' title='bbox 417 1267 541 1301; x_wconf 76' lang='grc' dir='ltr'>δεδωκὼς</span> <span class='ocrx_word' id='word_1_223' title='bbox 562 1268 663 1296; x_wconf 71' lang='grc' dir='ltr'>ειδέναι</span> <span class='ocrx_word' id='word_1_224' title='bbox 680 1269 771 1306; x_wconf 84' lang='grc' dir='ltr'>πολλῷ</span> <span class='ocrx_word' id='word_1_225' title='bbox 788 1269 857 1304; x_wconf 79' lang='grc' dir='ltr'>μᾶλ-</span> 
     </span>
    </p>
   </div>
   <div class='ocr_carea' id='block_1_30' title="bbox 63 1311 856 1350">
    <p class='ocr_par' dir='ltr' id='par_1_30' title="bbox 63 1311 856 1350">
     <span class='ocr_line' id='line_1_30' title="bbox 63 1311 856 1350; baseline 0.003 -10"><span class='ocrx_word' id='word_1_226' title='bbox 63 1312 112 1340; x_wconf 86' lang='grc' dir='ltr'><strong>λον</strong></span> <span class='ocrx_word' id='word_1_227' title='bbox 137 1314 220 1346; x_wconf 73' lang='grc' dir='ltr'>αὐτὸς</span> <span class='ocrx_word' id='word_1_228' title='bbox 230 1311 294 1341; x_wconf 67' lang='grc' dir='ltr'>οῖδα.</span> <span class='ocrx_word' id='word_1_229' title='bbox 310 1314 388 1346; x_wconf 83' lang='grc' dir='ltr'>Τίνος</span> <span class='ocrx_word' id='word_1_230' title='bbox 402 1315 453 1350; x_wconf 78' lang='grc' dir='ltr'>μὲν</span> <span class='ocrx_word' id='word_1_231' title='bbox 467 1314 514 1342; x_wconf 78' lang='grc' dir='ltr'>οὖν</span> <span class='ocrx_word' id='word_1_232' title='bbox 527 1315 608 1350; x_wconf 83' lang='grc' dir='ltr'>χάριν</span> <span class='ocrx_word' id='word_1_233' title='bbox 627 1313 688 1342; x_wconf 71' lang='grc' dir='ltr'>εἶπε</span> <span class='ocrx_word' id='word_1_234' title='bbox 704 1316 777 1349; x_wconf 80' lang='grc' dir='ltr'>τότε,</span> <span class='ocrx_word' id='word_1_235' title='bbox 798 1316 856 1343; x_wconf 71' lang='grc' dir='ltr'><strong>Οὐκ</strong></span> 
     </span>
    </p>
   </div>
   <div class='ocr_carea' id='block_1_31' title="bbox 64 1356 858 1396">
    <p class='ocr_par' dir='ltr' id='par_1_31' title="bbox 64 1356 858 1396">
     <span class='ocr_line' id='line_1_31' title="bbox 64 1356 858 1396; baseline 0.003 -12"><span class='ocrx_word' id='word_1_236' title='bbox 64 1356 137 1390; x_wconf 75' lang='grc' dir='ltr'>οἴδα,</span> <span class='ocrx_word' id='word_1_237' title='bbox 147 1360 171 1385; x_wconf 87' lang='grc' dir='ltr'><strong>εί</strong></span> <span class='ocrx_word' id='word_1_238' title='bbox 180 1359 259 1390; x_wconf 72' lang='grc' dir='ltr'>αὐτὸς</span> <span class='ocrx_word' id='word_1_239' title='bbox 268 1358 305 1390; x_wconf 74' lang='grc' dir='ltr'><strong>ὡς</strong></span> <span class='ocrx_word' id='word_1_240' title='bbox 318 1360 457 1396; x_wconf 74' lang='grc' dir='ltr'><strong>Δεσπότης</strong></span> <span class='ocrx_word' id='word_1_241' title='bbox 464 1357 535 1386; x_wconf 77' lang='grc' dir='ltr'>οἶδεν</span> <span class='ocrx_word' id='word_1_242' title='bbox 547 1367 555 1392; x_wconf 78' lang='grc' dir='ltr'><strong>ς</strong></span> <span class='ocrx_word' id='word_1_243' title='bbox 569 1359 612 1391; x_wconf 77' lang='grc' dir='ltr'>Ὧς</span> <span class='ocrx_word' id='word_1_244' title='bbox 621 1359 649 1386; x_wconf 79' lang='grc' dir='ltr'><strong>δὲ</strong></span> <span class='ocrx_word' id='word_1_245' title='bbox 660 1359 858 1394; x_wconf 78' lang='grc' dir='ltr'>διερευνῶντας</span> 
     </span>
    </p>
   </div>
   <div class='ocr_carea' id='block_1_32' title="bbox 67 1405 858 1441">
    <p class='ocr_par' dir='ltr' id='par_1_32' title="bbox 67 1405 858 1441">
     <span class='ocr_line' id='line_1_32' title="bbox 67 1405 858 1441; baseline 0 -9"><span class='ocrx_word' id='word_1_246' title='bbox 67 1405 249 1440; x_wconf 77' lang='grc' dir='ltr'>στοχάζεσθαι</span> <span class='ocrx_word' id='word_1_247' title='bbox 261 1405 326 1441; x_wconf 81' lang='grc' dir='ltr'>χρὴ,</span> <span class='ocrx_word' id='word_1_248' title='bbox 341 1407 391 1441; x_wconf 82' lang='grc' dir='ltr'><strong>τῆς</strong></span> <span class='ocrx_word' id='word_1_249' title='bbox 403 1407 420 1440; x_wconf 91' lang='grc' dir='ltr'><strong>ή</strong></span> <span class='ocrx_word' id='word_1_250' title='bbox 425 1406 483 1441; x_wconf 83' lang='grc' dir='ltr'><strong>μῶν</strong></span> <span class='ocrx_word' id='word_1_251' title='bbox 491 1405 573 1433; x_wconf 68' lang='grc' dir='ltr'>ἕνεκα</span> <span class='ocrx_word' id='word_1_252' title='bbox 586 1405 764 1437; x_wconf 78' lang='grc' dir='ltr'>λυσιτιλιίας,</span> <span class='ocrx_word' id='word_1_253' title='bbox 776 1405 814 1437; x_wconf 87' lang='grc' dir='ltr'>ὥς</span> <span class='ocrx_word' id='word_1_254' title='bbox 825 1414 858 1440; x_wconf 78' lang='grc' dir='ltr'>γι</span> 
     </span>
    </p>
   </div>
   <div class='ocr_carea' id='block_1_33' title="bbox 65 1451 857 1488">
    <p class='ocr_par' dir='ltr' id='par_1_33' title="bbox 65 1451 857 1488">
     <span class='ocr_line' id='line_1_33' title="bbox 65 1451 857 1488; baseline 0 -10"><span class='ocrx_word' id='word_1_255' title='bbox 65 1451 184 1486; x_wconf 73' lang='grc' dir='ltr'>νομίζω,</span> <span class='ocrx_word' id='word_1_256' title='bbox 209 1451 288 1478; x_wconf 81' lang='grc' dir='ltr'>τοῦτο</span> <span class='ocrx_word' id='word_1_257' title='bbox 313 1452 457 1487; x_wconf 70' lang='grc' dir='ltr'>πεποίηκε.</span> <span class='ocrx_word' id='word_1_258' title='bbox 472 1452 527 1480; x_wconf 80' lang='grc' dir='ltr'><strong>Καὶ</strong></span> <span class='ocrx_word' id='word_1_259' title='bbox 549 1453 603 1487; x_wconf 82' lang='grc' dir='ltr'><strong>γὰρ</strong></span> <span class='ocrx_word' id='word_1_260' title='bbox 617 1454 652 1479; x_wconf 80' lang='grc' dir='ltr'>τὰ</span> <span class='ocrx_word' id='word_1_261' title='bbox 670 1452 721 1488; x_wconf 65' lang='grc' dir='ltr'>μὲν</span> <span class='ocrx_word' id='word_1_262' title='bbox 741 1452 794 1488; x_wconf 73' lang='grc' dir='ltr'><strong>πρὸ</strong></span> <span class='ocrx_word' id='word_1_263' title='bbox 808 1451 857 1479; x_wconf 80' lang='grc' dir='ltr'><strong>τοῦ</strong></span> 
     </span>
    </p>
   </div>
   <div class='ocr_carea' id='block_1_34' title="bbox 64 1496 894 1546">
    <p class='ocr_par' dir='ltr' id='par_1_34' title="bbox 64 1496 894 1546">
     <span class='ocr_line' id='line_1_34' title="bbox 64 1496 894 1546; baseline 0.002 -22"><span class='ocrx_word' id='word_1_264' title='bbox 64 1498 164 1530; x_wconf 73' lang='grc' dir='ltr'>τέλους</span> <span class='ocrx_word' id='word_1_265' title='bbox 195 1497 357 1525; x_wconf 74' lang='grc' dir='ltr'>ἀπαντῶντα</span> <span class='ocrx_word' id='word_1_266' title='bbox 372 1497 533 1532; x_wconf 73' lang='grc' dir='ltr'>δεδήλωκεν,</span> <span class='ocrx_word' id='word_1_267' title='bbox 549 1498 606 1531; x_wconf 85' lang='grc' dir='ltr'>ίνα,</span> <span class='ocrx_word' id='word_1_268' title='bbox 620 1498 659 1530; x_wconf 78' lang='grc' dir='ltr'>ὼς</span> <span class='ocrx_word' id='word_1_269' title='bbox 672 1496 749 1526; x_wconf 74' lang='grc' dir='ltr'>εἶπεν</span> <span class='ocrx_word' id='word_1_270' title='bbox 763 1498 856 1531; x_wconf 77' lang='grc' dir='ltr'>αὐτὸς,</span> <span class='ocrx_word' id='word_1_271' title='bbox 872 1515 894 1546; x_wconf 78' lang='lat' dir='ltr'><strong>c</strong></span> 
     </span>
    </p>
   </div>
   <div class='ocr_carea' id='block_1_35' title="bbox 67 1544 858 1580">
    <p class='ocr_par' dir='ltr' id='par_1_35' title="bbox 67 1544 858 1580">
     <span class='ocr_line' id='line_1_35' title="bbox 67 1544 858 1580; baseline 0.003 -10"><span class='ocrx_word' id='word_1_272' title='bbox 67 1544 108 1580; x_wconf 82' lang='grc' dir='ltr'>μὴ</span> <span class='ocrx_word' id='word_1_273' title='bbox 123 1544 302 1579; x_wconf 78' lang='grc' dir='ltr'>ξενισθῶμεν,</span> <span class='ocrx_word' id='word_1_274' title='bbox 317 1545 467 1580; x_wconf 82' lang='grc' dir='ltr'>γινομένων</span> <span class='ocrx_word' id='word_1_275' title='bbox 480 1545 586 1577; x_wconf 76' lang='grc' dir='ltr'>αὐτῶν,</span> <span class='ocrx_word' id='word_1_276' title='bbox 603 1545 670 1572; x_wconf 84' lang='grc' dir='ltr'>ἀλλὰ</span> <span class='ocrx_word' id='word_1_277' title='bbox 687 1547 733 1572; x_wconf 78' lang='grc' dir='ltr'><strong>καὶ</strong></span> <span class='ocrx_word' id='word_1_278' title='bbox 747 1546 780 1573; x_wconf 79' lang='grc' dir='ltr'><strong>ὲκ</strong></span> <span class='ocrx_word' id='word_1_279' title='bbox 793 1548 858 1572; x_wconf 76' lang='grc' dir='ltr'>τού-</span> 
     </span>
    </p>
   </div>
   <div class='ocr_carea' id='block_1_36' title="bbox 66 1590 859 1628">
    <p class='ocr_par' dir='ltr' id='par_1_36' title="bbox 66 1590 859 1628">
     <span class='ocr_line' id='line_1_36' title="bbox 66 1590 859 1628; baseline 0.004 -11"><span class='ocrx_word' id='word_1_280' title='bbox 66 1599 124 1618; x_wconf 72' lang='grc' dir='ltr'><strong>Ιτων</strong></span> <span class='ocrx_word' id='word_1_281' title='bbox 141 1591 174 1618; x_wconf 77' lang='grc' dir='ltr'>τὸ</span> <span class='ocrx_word' id='word_1_282' title='bbox 189 1591 260 1626; x_wconf 83' lang='grc' dir='ltr'>μετὰ</span> <span class='ocrx_word' id='word_1_283' title='bbox 274 1590 362 1618; x_wconf 79' lang='grc' dir='ltr'>ταῦτα</span> <span class='ocrx_word' id='word_1_284' title='bbox 374 1591 450 1623; x_wconf 68' lang='grc' dir='ltr'>τέλος</span> <span class='ocrx_word' id='word_1_285' title='bbox 465 1591 672 1627; x_wconf 82' lang='grc' dir='ltr'>προσδοκῶμεν.</span> <span class='ocrx_word' id='word_1_286' title='bbox 690 1592 757 1624; x_wconf 80' lang='grc' dir='ltr'>Περὶ</span> <span class='ocrx_word' id='word_1_287' title='bbox 768 1593 796 1620; x_wconf 64' lang='grc' dir='ltr'><strong>δὲ</strong></span> <span class='ocrx_word' id='word_1_288' title='bbox 809 1593 859 1628; x_wconf 72' lang='grc' dir='ltr'>τῆς</span> 
     </span>
    </p>
   </div>
   <div class='ocr_carea' id='block_1_37' title="bbox 67 1637 857 1674">
    <p class='ocr_par' dir='ltr' id='par_1_37' title="bbox 67 1637 857 1674">
     <span class='ocr_line' id='line_1_37' title="bbox 67 1637 857 1674; baseline 0.005 -11"><span class='ocrx_word' id='word_1_289' title='bbox 67 1637 179 1672; x_wconf 76' lang='grc' dir='ltr'>ἡμέρας</span> <span class='ocrx_word' id='word_1_290' title='bbox 191 1637 238 1664; x_wconf 73' lang='grc' dir='ltr'><strong>καὶ</strong></span> <span class='ocrx_word' id='word_1_291' title='bbox 249 1638 299 1673; x_wconf 84' lang='grc' dir='ltr'>τῆς</span> <span class='ocrx_word' id='word_1_292' title='bbox 311 1637 385 1673; x_wconf 82' lang='grc' dir='ltr'>ὥρας</span> <span class='ocrx_word' id='word_1_293' title='bbox 400 1638 450 1665; x_wconf 81' lang='grc' dir='ltr'><strong>οὐκ</strong></span> <span class='ocrx_word' id='word_1_294' title='bbox 463 1638 580 1674; x_wconf 74' lang='grc' dir='ltr'><strong>ἠθέλησε</strong></span> <span class='ocrx_word' id='word_1_295' title='bbox 595 1639 694 1671; x_wconf 81' lang='grc' dir='ltr'><strong>θεῖκῶς</strong></span> <span class='ocrx_word' id='word_1_296' title='bbox 705 1641 803 1672; x_wconf 73' lang='grc' dir='ltr'>εἰπεῖν,</span> <span class='ocrx_word' id='word_1_297' title='bbox 817 1640 857 1667; x_wconf 74' lang='grc' dir='ltr'>δτι</span> 
     </span>
    </p>
   </div>
   <div class='ocr_carea' id='block_1_38' title="bbox 67 1680 858 1720">
    <p class='ocr_par' dir='ltr' id='par_1_38' title="bbox 67 1680 858 1720">
     <span class='ocr_line' id='line_1_38' title="bbox 67 1680 858 1720; baseline 0.001 -10"><span class='ocrx_word' id='word_1_298' title='bbox 67 1680 146 1714; x_wconf 78' lang='grc' dir='ltr'>οἶδα,</span> <span class='ocrx_word' id='word_1_299' title='bbox 165 1682 232 1709; x_wconf 84' lang='grc' dir='ltr'>ἀλλὰ</span> <span class='ocrx_word' id='word_1_300' title='bbox 248 1683 398 1717; x_wconf 80' lang='grc' dir='ltr'>σαρκικῶς,</span> <span class='ocrx_word' id='word_1_301' title='bbox 412 1683 453 1710; x_wconf 79' lang='grc' dir='ltr'>δτι</span> <span class='ocrx_word' id='word_1_302' title='bbox 466 1683 523 1710; x_wconf 78' lang='grc' dir='ltr'><strong>Οὐκ</strong></span> <span class='ocrx_word' id='word_1_303' title='bbox 537 1681 605 1716; x_wconf 73' lang='grc' dir='ltr'>οῖδα,</span> <span class='ocrx_word' id='word_1_304' title='bbox 624 1684 666 1711; x_wconf 80' lang='grc' dir='ltr'>ἵνα</span> <span class='ocrx_word' id='word_1_305' title='bbox 682 1684 781 1720; x_wconf 70' lang='grc' dir='ltr'>μηκέτι</span> <span class='ocrx_word' id='word_1_306' title='bbox 809 1685 858 1711; x_wconf 69' lang='grc' dir='ltr'><strong>ἱπ-</strong></span> 
     </span>
    </p>
   </div>
   <div class='ocr_carea' id='block_1_39' title="bbox 67 1729 858 1766">
    <p class='ocr_par' dir='ltr' id='par_1_39' title="bbox 67 1729 858 1766">
     <span class='ocr_line' id='line_1_39' title="bbox 67 1729 858 1766; baseline 0.004 -12"><span class='ocrx_word' id='word_1_307' title='bbox 67 1729 247 1764; x_wconf 78' lang='grc' dir='ltr'>ερωτήσωσιν</span> <span class='ocrx_word' id='word_1_308' title='bbox 261 1729 353 1760; x_wconf 79' lang='grc' dir='ltr'>αὑτὸν,</span> <span class='ocrx_word' id='word_1_309' title='bbox 373 1729 421 1756; x_wconf 74' lang='grc' dir='ltr'>καὶ</span> <span class='ocrx_word' id='word_1_310' title='bbox 433 1729 553 1765; x_wconf 77' lang='grc' dir='ltr'>λοιπὸνῆ</span> <span class='ocrx_word' id='word_1_311' title='bbox 568 1729 604 1765; x_wconf 85' lang='grc' dir='ltr'>μὴ</span> <span class='ocrx_word' id='word_1_312' title='bbox 618 1730 736 1765; x_wconf 75' lang='grc' dir='ltr'>εἰρηκὼς</span> <span class='ocrx_word' id='word_1_313' title='bbox 751 1730 858 1766; x_wconf 79' lang='grc' dir='ltr'>λυπήσῃ</span> 
     </span>
    </p>
   </div>
   <div class='ocr_carea' id='block_1_40' title="bbox 66 1774 859 1811">
    <p class='ocr_par' dir='ltr' id='par_1_40' title="bbox 66 1774 859 1811">
     <span class='ocr_line' id='line_1_40' title="bbox 66 1774 859 1811; baseline 0.003 -10"><span class='ocrx_word' id='word_1_314' title='bbox 66 1774 133 1806; x_wconf 74' lang='grc' dir='ltr'>τοὺς</span> <span class='ocrx_word' id='word_1_315' title='bbox 150 1774 313 1810; x_wconf 83' lang='grc' dir='ltr'>μαθητὰς,ῆ</span> <span class='ocrx_word' id='word_1_316' title='bbox 328 1774 446 1810; x_wconf 62' lang='lat' dir='ltr'><strong>simul);</strong></span> <span class='ocrx_word' id='word_1_317' title='bbox 461 1775 537 1810; x_wconf 74' lang='grc' dir='ltr'>παρὰ</span> <span class='ocrx_word' id='word_1_318' title='bbox 550 1775 581 1803; x_wconf 81' lang='grc' dir='ltr'>τδ</span> <span class='ocrx_word' id='word_1_319' title='bbox 609 1776 747 1811; x_wconf 83' lang='grc' dir='ltr'>συμφέρον</span> <span class='ocrx_word' id='word_1_320' title='bbox 766 1777 859 1808; x_wconf 75' lang='grc' dir='ltr'>αὐτοῖς</span> 
     </span>
    </p>
   </div>
   <div class='ocr_carea' id='block_1_41' title="bbox 68 1820 861 1857">
    <p class='ocr_par' dir='ltr' id='par_1_41' title="bbox 68 1820 861 1857">
     <span class='ocr_line' id='line_1_41' title="bbox 68 1820 861 1857; baseline 0.001 -10"><span class='ocrx_word' id='word_1_321' title='bbox 68 1821 120 1848; x_wconf 79' lang='grc' dir='ltr'><strong>καὶ</strong></span> <span class='ocrx_word' id='word_1_322' title='bbox 137 1821 223 1849; x_wconf 75' lang='grc' dir='ltr'>πᾶσιν</span> <span class='ocrx_word' id='word_1_323' title='bbox 238 1821 304 1856; x_wconf 80' lang='grc' dir='ltr'>ἡμῖν</span> <span class='ocrx_word' id='word_1_324' title='bbox 320 1822 432 1856; x_wconf 79' lang='grc' dir='ltr'>ποιήσῃ.</span> <span class='ocrx_word' id='word_1_325' title='bbox 448 1821 481 1848; x_wconf 89' lang='grc' dir='ltr'><strong>Ὃ</strong></span> <span class='ocrx_word' id='word_1_326' title='bbox 496 1820 551 1856; x_wconf 85' lang='grc' dir='ltr'><strong>γὰρ</strong></span> <span class='ocrx_word' id='word_1_327' title='bbox 567 1822 600 1848; x_wconf 85' lang='grc' dir='ltr'><strong>ἃν</strong></span> <span class='ocrx_word' id='word_1_328' title='bbox 612 1823 688 1857; x_wconf 81' lang='grc' dir='ltr'>ποιῇ,</span> <span class='ocrx_word' id='word_1_329' title='bbox 699 1821 777 1850; x_wconf 79' lang='grc' dir='ltr'>τοῦτο</span> <span class='ocrx_word' id='word_1_330' title='bbox 792 1822 861 1850; x_wconf 72' lang='grc' dir='ltr'>πάν-</span> 
     </span>
    </p>
   </div>
   <div class='ocr_carea' id='block_1_42' title="bbox 68 1866 860 1903">
    <p class='ocr_par' dir='ltr' id='par_1_42' title="bbox 68 1866 860 1903">
     <span class='ocr_line' id='line_1_42' title="bbox 68 1866 860 1903; baseline 0.001 -9"><span class='ocrx_word' id='word_1_331' title='bbox 68 1875 126 1898; x_wconf 83' lang='grc' dir='ltr'><strong>τως</strong></span> <span class='ocrx_word' id='word_1_332' title='bbox 141 1867 212 1900; x_wconf 66' lang='grc' dir='ltr'>ὑπὲρ</span> <span class='ocrx_word' id='word_1_333' title='bbox 226 1866 306 1901; x_wconf 87' lang='grc' dir='ltr'>ήμῶν</span> <span class='ocrx_word' id='word_1_334' title='bbox 321 1867 414 1898; x_wconf 72' lang='grc' dir='ltr'>ἔστιν,</span> <span class='ocrx_word' id='word_1_335' title='bbox 433 1867 528 1903; x_wconf 74' lang='grc' dir='ltr'>ἐπειδὴ</span> <span class='ocrx_word' id='word_1_336' title='bbox 542 1868 589 1894; x_wconf 82' lang='grc' dir='ltr'><strong>καὶ</strong></span> <span class='ocrx_word' id='word_1_337' title='bbox 605 1868 638 1894; x_wconf 80' lang='grc' dir='ltr'><strong>δι’</strong></span> <span class='ocrx_word' id='word_1_338' title='bbox 654 1868 727 1903; x_wconf 77' lang='grc' dir='ltr'>ήμᾱς</span> <span class='ocrx_word' id='word_1_339' title='bbox 744 1868 759 1895; x_wconf 78' lang='lat'><strong><em>6</em></strong></span> <span class='ocrx_word' id='word_1_340' title='bbox 774 1869 860 1902; x_wconf 84' lang='grc' dir='ltr'>Λόγος</span> 
     </span>
    </p>
   </div>
   <div class='ocr_carea' id='block_1_43' title="bbox 68 1911 860 1948">
    <p class='ocr_par' dir='ltr' id='par_1_43' title="bbox 68 1911 860 1948">
     <span class='ocr_line' id='line_1_43' title="bbox 68 1911 860 1948; baseline 0.003 -9"><span class='ocrx_word' id='word_1_341' title='bbox 68 1913 141 1947; x_wconf 74' lang='grc' dir='ltr'>σὰρξ</span> <span class='ocrx_word' id='word_1_342' title='bbox 157 1913 278 1946; x_wconf 67' lang='grc' dir='ltr'>ἐγένετο,</span> <span class='ocrx_word' id='word_1_343' title='bbox 296 1912 335 1940; x_wconf 86' lang='grc' dir='ltr'><strong>Δι’</strong></span> <span class='ocrx_word' id='word_1_344' title='bbox 352 1913 428 1948; x_wconf 73' lang='grc' dir='ltr'>ήμᾶς</span> <span class='ocrx_word' id='word_1_345' title='bbox 443 1913 532 1941; x_wconf 85' lang='grc' dir='ltr'>τοίνυν</span> <span class='ocrx_word' id='word_1_346' title='bbox 551 1911 647 1941; x_wconf 71' lang='grc' dir='ltr'>εἶπεν·</span> <span class='ocrx_word' id='word_1_347' title='bbox 665 1914 742 1941; x_wconf 78' lang='grc' dir='ltr'><strong>Οὐδὲ</strong></span> <span class='ocrx_word' id='word_1_348' title='bbox 758 1915 776 1941; x_wconf 84' lang='grc' dir='ltr'><em>ὀ</em></span> <span class='ocrx_word' id='word_1_349' title='bbox 794 1915 860 1947; x_wconf 77' lang='grc' dir='ltr'><strong>Υιὸς</strong></span> 
     </span>
    </p>
   </div>
   <div class='ocr_carea' id='block_1_44' title="bbox 69 1957 860 1996">
    <p class='ocr_par' dir='ltr' id='par_1_44' title="bbox 69 1957 860 1996">
     <span class='ocr_line' id='line_1_44' title="bbox 69 1957 860 1996; baseline 0.001 -10"><span class='ocrx_word' id='word_1_350' title='bbox 69 1957 133 1986; x_wconf 75' lang='grc' dir='ltr'><strong>οἵδε</strong></span> <span class='ocrx_word' id='word_1_351' title='bbox 145 1979 153 1992; x_wconf 84' lang='lat'><strong>,</strong></span> <span class='ocrx_word' id='word_1_352' title='bbox 171 1960 219 1986; x_wconf 77' lang='grc' dir='ltr'><strong>καὶ</strong></span> <span class='ocrx_word' id='word_1_353' title='bbox 233 1959 297 1986; x_wconf 78' lang='grc' dir='ltr'>οὔτε</span> <span class='ocrx_word' id='word_1_354' title='bbox 315 1959 450 1995; x_wconf 70' lang='grc' dir='ltr'>ἐψεύσατο</span> <span class='ocrx_word' id='word_1_355' title='bbox 466 1959 596 1995; x_wconf 77' lang='grc' dir='ltr'>εἰρηκὼς,</span> <span class='ocrx_word' id='word_1_356' title='bbox 609 1959 789 1996; x_wconf 80' lang='grc' dir='ltr'>ἀνθρωπίνως</span> <span class='ocrx_word' id='word_1_357' title='bbox 806 1961 860 1995; x_wconf 87' lang='grc' dir='ltr'>γὰρ</span> 
     </span>
    </p>
   </div>
   <div class='ocr_carea' id='block_1_45' title="bbox 70 2003 861 2041">
    <p class='ocr_par' dir='ltr' id='par_1_45' title="bbox 70 2003 861 2041">
     <span class='ocr_line' id='line_1_45' title="bbox 70 2003 861 2041; baseline 0 -9"><span class='ocrx_word' id='word_1_358' title='bbox 70 2004 148 2033; x_wconf 74' lang='grc' dir='ltr'>εἶπεν</span> <span class='ocrx_word' id='word_1_359' title='bbox 162 2006 200 2037; x_wconf 86' lang='grc' dir='ltr'><strong>ὡς</strong></span> <span class='ocrx_word' id='word_1_360' title='bbox 213 2005 369 2041; x_wconf 81' lang='grc' dir='ltr'>ἄνθρωπος,</span> <span class='ocrx_word' id='word_1_361' title='bbox 384 2005 441 2032; x_wconf 77' lang='grc' dir='ltr'><strong>Οὐκ</strong></span> <span class='ocrx_word' id='word_1_362' title='bbox 454 2003 523 2038; x_wconf 78' lang='grc' dir='ltr'>οἶδα,</span> <span class='ocrx_word' id='word_1_363' title='bbox 541 2005 604 2033; x_wconf 73' lang='grc' dir='ltr'>οὔτε</span> <span class='ocrx_word' id='word_1_364' title='bbox 620 2006 711 2040; x_wconf 71' lang='grc' dir='ltr'>ἀφῆκε</span> <span class='ocrx_word' id='word_1_365' title='bbox 726 2007 790 2038; x_wconf 76' lang='grc' dir='ltr'>τοὺς</span> <span class='ocrx_word' id='word_1_366' title='bbox 806 2015 861 2041; x_wconf 76' lang='grc' dir='ltr'>μασι</span> 
     </span>
    </p>
   </div>
   <div class='ocr_carea' id='block_1_46' title="bbox 71 2049 860 2088">
    <p class='ocr_par' dir='ltr' id='par_1_46' title="bbox 71 2049 860 2088">
     <span class='ocr_line' id='line_1_46' title="bbox 71 2049 860 2088; baseline 0 -10"><span class='ocrx_word' id='word_1_367' title='bbox 71 2052 157 2087; x_wconf 62' lang='lat' dir='ltr'><strong>om;</strong></span> <span class='ocrx_word' id='word_1_368' title='bbox 183 2051 265 2079; x_wconf 76' lang='grc' dir='ltr'>αὑτὸν</span> <span class='ocrx_word' id='word_1_369' title='bbox 291 2051 445 2087; x_wconf 77' lang='grc' dir='ltr'>βιάσασθαι.</span> <span class='ocrx_word' id='word_1_370' title='bbox 472 2051 599 2088; x_wconf 82' lang='grc' dir='ltr'>Είρηιιὼς</span> <span class='ocrx_word' id='word_1_371' title='bbox 623 2051 689 2088; x_wconf 79' lang='grc' dir='ltr'>γὰρ,</span> <span class='ocrx_word' id='word_1_372' title='bbox 705 2052 762 2079; x_wconf 83' lang='grc' dir='ltr'><strong>Οὐκ</strong></span> <span class='ocrx_word' id='word_1_373' title='bbox 790 2049 860 2084; x_wconf 77' lang='grc' dir='ltr'>οῖδα,</span> 
     </span>
    </p>
   </div>
   <div class='ocr_carea' id='block_1_47' title="bbox 71 2097 859 2134">
    <p class='ocr_par' dir='ltr' id='par_1_47' title="bbox 71 2097 859 2134">
     <span class='ocr_line' id='line_1_47' title="bbox 71 2097 859 2134; baseline 0 -10"><span class='ocrx_word' id='word_1_374' title='bbox 71 2098 172 2132; x_wconf 78' lang='grc' dir='ltr'><strong>ἔστησε</strong></span> <span class='ocrx_word' id='word_1_375' title='bbox 191 2097 327 2124; x_wconf 80' lang='grc' dir='ltr'>κάκείνων</span> <span class='ocrx_word' id='word_1_376' title='bbox 343 2097 393 2134; x_wconf 81' lang='grc' dir='ltr'>τὴν</span> <span class='ocrx_word' id='word_1_377' title='bbox 409 2097 556 2133; x_wconf 77' lang='grc' dir='ltr'>ἐρώτησιν.</span> <span class='ocrx_word' id='word_1_378' title='bbox 577 2098 622 2124; x_wconf 81' lang='grc' dir='ltr'><strong>Ἐν</strong></span> <span class='ocrx_word' id='word_1_379' title='bbox 632 2097 697 2132; x_wconf 80' lang='grc' dir='ltr'>γοῦν</span> <span class='ocrx_word' id='word_1_380' title='bbox 711 2098 771 2130; x_wconf 79' lang='grc' dir='ltr'>ταῖς</span> <span class='ocrx_word' id='word_1_381' title='bbox 785 2098 859 2134; x_wconf 74' lang='grc' dir='ltr'>Πρά-</span> 
     </span>
    </p>
   </div>
   <div class='ocr_carea' id='block_1_48' title="bbox 72 2141 861 2178">
    <p class='ocr_par' dir='ltr' id='par_1_48' title="bbox 72 2141 861 2178">
     <span class='ocr_line' id='line_1_48' title="bbox 72 2141 861 2178; baseline 0.001 -10"><span class='ocrx_word' id='word_1_382' title='bbox 72 2141 130 2174; x_wconf 83' lang='grc' dir='ltr'>ξεσι</span> <span class='ocrx_word' id='word_1_383' title='bbox 143 2141 199 2168; x_wconf 79' lang='grc' dir='ltr'><strong>τῶν</strong></span> <span class='ocrx_word' id='word_1_384' title='bbox 210 2141 366 2169; x_wconf 79' lang='grc' dir='ltr'>ἀποστόλων</span> <span class='ocrx_word' id='word_1_385' title='bbox 379 2143 437 2169; x_wconf 70' lang='grc' dir='ltr'><strong>ἐστὶ</strong></span> <span class='ocrx_word' id='word_1_386' title='bbox 451 2142 655 2178; x_wconf 73' lang='grc' dir='ltr'>γεγραμμένον,</span> <span class='ocrx_word' id='word_1_387' title='bbox 678 2143 718 2170; x_wconf 82' lang='grc' dir='ltr'>ὃτι</span> <span class='ocrx_word' id='word_1_388' title='bbox 745 2143 861 2178; x_wconf 75' lang='grc' dir='ltr'>ἠρώτων</span> 
     </span>
    </p>
   </div>
   <div class='ocr_carea' id='block_1_49' title="bbox 901 210 1688 249">
    <p class='ocr_par' dir='ltr' id='par_1_49' title="bbox 901 210 1688 249">
     <span class='ocr_line' id='line_1_49' title="bbox 901 210 1688 249; baseline 0.009 -13"><span class='ocrx_word' id='word_1_389' title='bbox 901 210 1034 238; x_wconf 75' lang='lat' dir='ltr'><strong>hominem</strong></span> <span class='ocrx_word' id='word_1_390' title='bbox 1051 212 1079 240; x_wconf 80' lang='lat' dir='ltr'><strong>in</strong></span> <span class='ocrx_word' id='word_1_391' title='bbox 1105 213 1219 242; x_wconf 76' lang='lat' dir='ltr'><strong>Christo.</strong></span> <span class='ocrx_word' id='word_1_392' title='bbox 1236 213 1411 249; x_wconf 80' lang='lat' dir='ltr'><strong>Cognosoens</strong></span> <span class='ocrx_word' id='word_1_393' title='bbox 1422 219 1513 242; x_wconf 85' lang='lat' dir='ltr'><strong>autem</strong></span> <span class='ocrx_word' id='word_1_394' title='bbox 1537 215 1688 248; x_wconf 85' lang='lat' dir='ltr'><strong>hominem.</strong></span> 
     </span>
    </p>
   </div>
   <div class='ocr_carea' id='block_1_50' title="bbox 901 256 1691 293">
    <p class='ocr_par' dir='ltr' id='par_1_50' title="bbox 901 256 1691 293">
     <span class='ocr_line' id='line_1_50' title="bbox 901 256 1691 293; baseline 0.006 -11"><span class='ocrx_word' id='word_1_395' title='bbox 901 256 977 283; x_wconf 86' lang='lat' dir='ltr'><strong>novit</strong></span> <span class='ocrx_word' id='word_1_396' title='bbox 999 256 1080 284; x_wconf 88' lang='lat' dir='ltr'><strong>etiam</strong></span> <span class='ocrx_word' id='word_1_397' title='bbox 1101 257 1239 292; x_wconf 91' lang='lat' dir='ltr'><strong>quomodo</strong></span> <span class='ocrx_word' id='word_1_398' title='bbox 1262 262 1355 293; x_wconf 84' lang='lat' dir='ltr'><strong>raptus</strong></span> <span class='ocrx_word' id='word_1_399' title='bbox 1390 258 1483 287; x_wconf 78' lang='lat' dir='ltr'><strong>fuerit.</strong></span> <span class='ocrx_word' id='word_1_400' title='bbox 1524 259 1558 286; x_wconf 90' lang='lat' dir='ltr'><strong>Et</strong></span> <span class='ocrx_word' id='word_1_401' title='bbox 1578 259 1691 288; x_wconf 64' lang='lat' dir='ltr'><strong>Elisa&#39;us</strong></span> 
     </span>
    </p>
   </div>
   <div class='ocr_carea' id='block_1_51' title="bbox 902 302 1689 338">
    <p class='ocr_par' dir='ltr' id='par_1_51' title="bbox 902 302 1689 338">
     <span class='ocr_line' id='line_1_51' title="bbox 902 302 1689 338; baseline 0.005 -10"><span class='ocrx_word' id='word_1_402' title='bbox 902 302 1054 336; x_wconf 81' lang='lat' dir='ltr'><strong>suspiciens</strong></span> <span class='ocrx_word' id='word_1_403' title='bbox 1079 302 1178 335; x_wconf 86' lang='lat' dir='ltr'><strong>Eliam.</strong></span> <span class='ocrx_word' id='word_1_404' title='bbox 1216 303 1283 331; x_wconf 83' lang='lat' dir='ltr'><strong>vidit</strong></span> <span class='ocrx_word' id='word_1_405' title='bbox 1326 304 1463 338; x_wconf 87' lang='lat' dir='ltr'><strong>quomodo</strong></span> <span class='ocrx_word' id='word_1_406' title='bbox 1492 309 1589 338; x_wconf 84' lang='lat' dir='ltr'><strong>raptus</strong></span> <span class='ocrx_word' id='word_1_407' title='bbox 1626 305 1689 333; x_wconf 80' lang='lat' dir='ltr'><strong>fuit.</strong></span> 
     </span>
    </p>
   </div>
   <div class='ocr_carea' id='block_1_52' title="bbox 903 347 1690 384">
    <p class='ocr_par' dir='ltr' id='par_1_52' title="bbox 903 347 1690 384">
     <span class='ocr_line' id='line_1_52' title="bbox 903 347 1690 384; baseline 0.003 -10"><span class='ocrx_word' id='word_1_408' title='bbox 903 347 1030 375; x_wconf 80' lang='lat' dir='ltr'><strong>Attamen</strong></span> <span class='ocrx_word' id='word_1_409' title='bbox 1044 347 1070 375; x_wconf 88' lang='lat' dir='ltr'><strong>id</strong></span> <span class='ocrx_word' id='word_1_410' title='bbox 1084 348 1175 376; x_wconf 80' lang='lat' dir='ltr'><strong>sciens</strong></span> <span class='ocrx_word' id='word_1_411' title='bbox 1208 356 1270 376; x_wconf 92' lang='lat' dir='ltr'><strong>cum</strong></span> <span class='ocrx_word' id='word_1_412' title='bbox 1310 348 1372 376; x_wconf 82' lang='lat' dir='ltr'><strong>ﬁliis</strong></span> <span class='ocrx_word' id='word_1_413' title='bbox 1404 350 1614 384; x_wconf 84' lang='lat' dir='ltr'><strong>prophetarum,</strong></span> <span class='ocrx_word' id='word_1_414' title='bbox 1643 349 1690 384; x_wconf 91' lang='lat' dir='ltr'><strong>qui</strong></span> 
     </span>
    </p>
   </div>
   <div class='ocr_carea' id='block_1_53' title="bbox 902 393 1690 430">
    <p class='ocr_par' dir='ltr' id='par_1_53' title="bbox 902 393 1690 430">
     <span class='ocr_line' id='line_1_53' title="bbox 902 393 1690 430; baseline 0.003 -9"><span class='ocrx_word' id='word_1_415' title='bbox 902 394 1107 421; x_wconf 72' lang='lat' dir='ltr'><strong>arbitrabantur</strong></span> <span class='ocrx_word' id='word_1_416' title='bbox 1136 393 1220 421; x_wconf 85' lang='lat' dir='ltr'><strong>Etiam</strong></span> <span class='ocrx_word' id='word_1_417' title='bbox 1238 394 1265 421; x_wconf 89' lang='lat' dir='ltr'><strong>in</strong></span> <span class='ocrx_word' id='word_1_418' title='bbox 1282 394 1400 429; x_wconf 77' lang='lat' dir='ltr'><strong>aliquem</strong></span> <span class='ocrx_word' id='word_1_419' title='bbox 1415 400 1535 422; x_wconf 89' lang='lat' dir='ltr'><strong>montem</strong></span> <span class='ocrx_word' id='word_1_420' title='bbox 1552 403 1567 422; x_wconf 63' lang='grc' dir='ltr'><strong>ο</strong></span> <span class='ocrx_word' id='word_1_421' title='bbox 1586 395 1690 430; x_wconf 75' lang='lat' dir='ltr'><strong>Spiritu</strong></span> 
     </span>
    </p>
   </div>
   <div class='ocr_carea' id='block_1_54' title="bbox 902 439 1692 476">
    <p class='ocr_par' dir='ltr' id='par_1_54' title="bbox 902 439 1692 476">
     <span class='ocr_line' id='line_1_54' title="bbox 902 439 1692 476; baseline 0.005 -11"><span class='ocrx_word' id='word_1_422' title='bbox 902 439 1055 474; x_wconf 89' lang='lat' dir='ltr'><strong>projectum</strong></span> <span class='ocrx_word' id='word_1_423' title='bbox 1070 447 1140 473; x_wconf 87' lang='lat' dir='ltr'><strong>esse,</strong></span> <span class='ocrx_word' id='word_1_424' title='bbox 1165 440 1329 474; x_wconf 84' lang='lat' dir='ltr'><strong>persuadere</strong></span> <span class='ocrx_word' id='word_1_425' title='bbox 1354 448 1409 468; x_wconf 92' lang='lat' dir='ltr'><strong>non</strong></span> <span class='ocrx_word' id='word_1_426' title='bbox 1439 446 1541 476; x_wconf 81' lang='lat' dir='ltr'><strong>posset,</strong></span> <span class='ocrx_word' id='word_1_427' title='bbox 1566 442 1632 476; x_wconf 85' lang='lat' dir='ltr'><strong>quin</strong></span> <span class='ocrx_word' id='word_1_428' title='bbox 1661 443 1692 470; x_wconf 90' lang='lat' dir='ltr'><strong>il-</strong></span> 
     </span>
    </p>
   </div>
   <div class='ocr_carea' id='block_1_55' title="bbox 903 484 1692 522">
    <p class='ocr_par' dir='ltr' id='par_1_55' title="bbox 903 484 1692 522">
     <span class='ocr_line' id='line_1_55' title="bbox 903 484 1692 522; baseline 0.005 -11"><span class='ocrx_word' id='word_1_429' title='bbox 903 484 959 512; x_wconf 89' lang='lat' dir='ltr'><strong>lum</strong></span> <span class='ocrx_word' id='word_1_430' title='bbox 974 485 1088 512; x_wconf 87' lang='lat' dir='ltr'><strong>omnino</strong></span> <span class='ocrx_word' id='word_1_431' title='bbox 1102 485 1200 513; x_wconf 87' lang='lat' dir='ltr'><strong>vellent</strong></span> <span class='ocrx_word' id='word_1_432' title='bbox 1224 485 1374 520; x_wconf 86' lang='lat' dir='ltr'><strong>inquirere,</strong></span> <span class='ocrx_word' id='word_1_433' title='bbox 1403 487 1496 519; x_wconf 84' lang='lat' dir='ltr'><strong>tacuit,</strong></span> <span class='ocrx_word' id='word_1_434' title='bbox 1526 491 1553 515; x_wconf 88' lang='lat' dir='ltr'><strong>et</strong></span> <span class='ocrx_word' id='word_1_435' title='bbox 1580 487 1692 522; x_wconf 87' lang='lat' dir='ltr'><strong>acquie-</strong></span> 
     </span>
    </p>
   </div>
   <div class='ocr_carea' id='block_1_56' title="bbox 903 530 1691 567">
    <p class='ocr_par' dir='ltr' id='par_1_56' title="bbox 903 530 1691 567">
     <span class='ocr_line' id='line_1_56' title="bbox 903 530 1691 567; baseline 0.003 -9"><span class='ocrx_word' id='word_1_436' title='bbox 903 530 942 558; x_wconf 86' lang='lat' dir='ltr'><strong>vit</strong></span> <span class='ocrx_word' id='word_1_437' title='bbox 957 538 1052 558; x_wconf 89' lang='lat' dir='ltr'><strong>eorum</strong></span> <span class='ocrx_word' id='word_1_438' title='bbox 1066 531 1190 559; x_wconf 88' lang='lat' dir='ltr'><strong>consilio.</strong></span> <span class='ocrx_word' id='word_1_439' title='bbox 1209 530 1278 559; x_wconf 83' lang='lat' dir='ltr'><strong>Num</strong></span> <span class='ocrx_word' id='word_1_440' title='bbox 1312 532 1395 567; x_wconf 83' lang='lat' dir='ltr'><strong>igitur</strong></span> <span class='ocrx_word' id='word_1_441' title='bbox 1419 532 1483 567; x_wconf 84' lang='lat' dir='ltr'><strong>quia</strong></span> <span class='ocrx_word' id='word_1_442' title='bbox 1509 533 1605 565; x_wconf 82' lang='lat' dir='ltr'><strong>tacuit.</strong></span> <span class='ocrx_word' id='word_1_443' title='bbox 1629 533 1691 560; x_wconf 89' lang='lat' dir='ltr'><strong>ideo</strong></span> 
     </span>
    </p>
   </div>
   <div class='ocr_carea' id='block_1_57' title="bbox 905 576 1690 612">
    <p class='ocr_par' dir='ltr' id='par_1_57' title="bbox 905 576 1690 612">
     <span class='ocr_line' id='line_1_57' title="bbox 905 576 1690 612; baseline 0.001 -8"><span class='ocrx_word' id='word_1_444' title='bbox 905 585 960 604; x_wconf 92' lang='lat' dir='ltr'><strong>non</strong></span> <span class='ocrx_word' id='word_1_445' title='bbox 972 577 1068 604; x_wconf 74' lang='lat' dir='ltr'><strong>novit?</strong></span> <span class='ocrx_word' id='word_1_446' title='bbox 1083 576 1165 605; x_wconf 85' lang='lat' dir='ltr'><strong>Norat</strong></span> <span class='ocrx_word' id='word_1_447' title='bbox 1195 577 1240 604; x_wconf 90' lang='lat' dir='ltr'><strong>ille</strong></span> <span class='ocrx_word' id='word_1_448' title='bbox 1258 577 1377 612; x_wconf 86' lang='lat' dir='ltr'><strong>quidem,</strong></span> <span class='ocrx_word' id='word_1_449' title='bbox 1406 578 1453 605; x_wconf 84' lang='lat' dir='ltr'><strong>sed</strong></span> <span class='ocrx_word' id='word_1_450' title='bbox 1479 583 1607 612; x_wconf 86' lang='lat' dir='ltr'><strong>tanquam</strong></span> <span class='ocrx_word' id='word_1_451' title='bbox 1635 586 1690 606; x_wconf 92' lang='lat' dir='ltr'><strong>non</strong></span> 
     </span>
    </p>
   </div>
   <div class='ocr_carea' id='block_1_58' title="bbox 903 623 1691 659">
    <p class='ocr_par' dir='ltr' id='par_1_58' title="bbox 903 623 1691 659">
     <span class='ocr_line' id='line_1_58' title="bbox 903 623 1691 659; baseline 0.003 -10"><span class='ocrx_word' id='word_1_452' title='bbox 903 627 1011 657; x_wconf 86' lang='lat' dir='ltr'><strong>nosset,</strong></span> <span class='ocrx_word' id='word_1_453' title='bbox 1029 623 1165 650; x_wconf 74' lang='lat' dir='ltr'><strong>concessit</strong></span> <span class='ocrx_word' id='word_1_454' title='bbox 1193 627 1222 650; x_wconf 91' lang='lat' dir='ltr'><strong>ut</strong></span> <span class='ocrx_word' id='word_1_455' title='bbox 1237 628 1402 658; x_wconf 67' lang='lat' dir='ltr'><strong>quaererent.</strong></span> <span class='ocrx_word' id='word_1_456' title='bbox 1418 631 1454 651; x_wconf 89' lang='lat' dir='ltr'><strong>ne</strong></span> <span class='ocrx_word' id='word_1_457' title='bbox 1469 626 1502 651; x_wconf 90' lang='lat' dir='ltr'><strong>de</strong></span> <span class='ocrx_word' id='word_1_458' title='bbox 1531 629 1610 659; x_wconf 86' lang='lat' dir='ltr'><strong>raptu</strong></span> <span class='ocrx_word' id='word_1_459' title='bbox 1625 624 1691 652; x_wconf 58' lang='lat' dir='ltr'><strong>Elius</strong></span> 
     </span>
    </p>
   </div>
   <div class='ocr_carea' id='block_1_59' title="bbox 905 668 1690 706">
    <p class='ocr_par' dir='ltr' id='par_1_59' title="bbox 905 668 1690 706">
     <span class='ocr_line' id='line_1_59' title="bbox 905 668 1690 706; baseline 0.003 -10"><span class='ocrx_word' id='word_1_460' title='bbox 905 669 1020 704; x_wconf 81' lang='lat' dir='ltr'><strong>amplius</strong></span> <span class='ocrx_word' id='word_1_461' title='bbox 1034 669 1213 704; x_wconf 82' lang='lat' dir='ltr'><strong>ambigerem.</strong></span> <span class='ocrx_word' id='word_1_462' title='bbox 1229 668 1306 702; x_wconf 86' lang='lat' dir='ltr'><strong>Quod</strong></span> <span class='ocrx_word' id='word_1_463' title='bbox 1330 670 1439 705; x_wconf 84' lang='lat' dir='ltr'><strong>quidem</strong></span> <span class='ocrx_word' id='word_1_464' title='bbox 1458 671 1491 698; x_wconf 92' lang='lat' dir='ltr'><strong>de</strong></span> <span class='ocrx_word' id='word_1_465' title='bbox 1521 671 1617 703; x_wconf 79' lang='lat' dir='ltr'><strong>Paulo.</strong></span> <span class='ocrx_word' id='word_1_466' title='bbox 1642 671 1690 706; x_wconf 87' lang='lat' dir='ltr'><strong>qui</strong></span> 
     </span>
    </p>
   </div>
   <div class='ocr_carea' id='block_1_60' title="bbox 906 714 1692 750">
    <p class='ocr_par' dir='ltr' id='par_1_60' title="bbox 906 714 1692 750">
     <span class='ocr_line' id='line_1_60' title="bbox 906 714 1692 750; baseline 0.001 -9"><span class='ocrx_word' id='word_1_467' title='bbox 906 714 964 749; x_wconf 80' lang='lat' dir='ltr'><strong>ipse</strong></span> <span class='ocrx_word' id='word_1_468' title='bbox 982 718 1075 749; x_wconf 88' lang='lat' dir='ltr'><strong>raptus</strong></span> <span class='ocrx_word' id='word_1_469' title='bbox 1087 714 1148 746; x_wconf 78' lang='lat' dir='ltr'><strong>fuit,</strong></span> <span class='ocrx_word' id='word_1_470' title='bbox 1167 715 1254 742; x_wconf 91' lang='lat' dir='ltr'><strong>multo</strong></span> <span class='ocrx_word' id='word_1_471' title='bbox 1267 715 1353 750; x_wconf 82' lang='lat' dir='ltr'><strong>magis</strong></span> <span class='ocrx_word' id='word_1_472' title='bbox 1374 714 1551 742; x_wconf 83' lang='lat' dir='ltr'><strong>asserendqu</strong></span> <span class='ocrx_word' id='word_1_473' title='bbox 1566 719 1619 742; x_wconf 90' lang='lat' dir='ltr'><strong>est.</strong></span> <span class='ocrx_word' id='word_1_474' title='bbox 1635 715 1692 742; x_wconf 84' lang='lat' dir='ltr'><strong>No-</strong></span> 
     </span>
    </p>
   </div>
   <div class='ocr_carea' id='block_1_61' title="bbox 904 760 1691 796">
    <p class='ocr_par' dir='ltr' id='par_1_61' title="bbox 904 760 1691 796">
     <span class='ocr_line' id='line_1_61' title="bbox 904 760 1691 796; baseline 0 -8"><span class='ocrx_word' id='word_1_475' title='bbox 904 760 945 788; x_wconf 79' lang='lat' dir='ltr'><strong>vit</strong></span> <span class='ocrx_word' id='word_1_476' title='bbox 970 760 1051 795; x_wconf 85' lang='lat' dir='ltr'><strong>igitur</strong></span> <span class='ocrx_word' id='word_1_477' title='bbox 1062 761 1200 795; x_wconf 89' lang='lat' dir='ltr'><strong>quomodo</strong></span> <span class='ocrx_word' id='word_1_478' title='bbox 1231 765 1325 796; x_wconf 87' lang='lat' dir='ltr'><strong>raptus</strong></span> <span class='ocrx_word' id='word_1_479' title='bbox 1336 760 1398 788; x_wconf 83' lang='lat' dir='ltr'><strong>fuit.</strong></span> <span class='ocrx_word' id='word_1_480' title='bbox 1417 760 1483 788; x_wconf 89' lang='lat' dir='ltr'><strong>Nam</strong></span> <span class='ocrx_word' id='word_1_481' title='bbox 1500 765 1528 788; x_wconf 91' lang='lat' dir='ltr'><strong>et</strong></span> <span class='ocrx_word' id='word_1_482' title='bbox 1554 760 1691 788; x_wconf 79' lang='lat' dir='ltr'><strong>Eliasno—</strong></span> 
     </span>
    </p>
   </div>
   <div class='ocr_carea' id='block_1_62' title="bbox 906 806 1691 842">
    <p class='ocr_par' dir='ltr' id='par_1_62' title="bbox 906 806 1691 842">
     <span class='ocr_line' id='line_1_62' title="bbox 906 806 1691 842; baseline 0.001 -9"><span class='ocrx_word' id='word_1_483' title='bbox 906 806 957 834; x_wconf 84' lang='lat' dir='ltr'><strong>vit.</strong></span> <span class='ocrx_word' id='word_1_484' title='bbox 977 806 1004 833; x_wconf 89' lang='lat' dir='ltr'><strong>Si</strong></span> <span class='ocrx_word' id='word_1_485' title='bbox 1018 806 1079 841; x_wconf 90' lang='lat' dir='ltr'><strong>quis</strong></span> <span class='ocrx_word' id='word_1_486' title='bbox 1089 811 1190 839; x_wconf 88' lang='lat' dir='ltr'><strong>tamen,</strong></span> <span class='ocrx_word' id='word_1_487' title='bbox 1203 807 1338 841; x_wconf 85' lang='lat' dir='ltr'><strong>quomodo</strong></span> <span class='ocrx_word' id='word_1_488' title='bbox 1362 811 1456 842; x_wconf 75' lang='lat' dir='ltr'><strong>raptus</strong></span> <span class='ocrx_word' id='word_1_489' title='bbox 1471 807 1563 840; x_wconf 74' lang='lat' dir='ltr'><strong>fuerit.</strong></span> <span class='ocrx_word' id='word_1_490' title='bbox 1578 807 1691 834; x_wconf 85' lang='lat' dir='ltr'><strong>Paulum</strong></span> 
     </span>
    </p>
   </div>
   <div class='ocr_carea' id='block_1_63' title="bbox 906 851 1692 889">
    <p class='ocr_par' dir='ltr' id='par_1_63' title="bbox 906 851 1692 889">
     <span class='ocr_line' id='line_1_63' title="bbox 906 851 1692 889; baseline 0.004 -11"><span class='ocrx_word' id='word_1_491' title='bbox 906 851 1096 888; x_wconf 85' lang='lat' dir='ltr'><strong>interrogaret.</strong></span> <span class='ocrx_word' id='word_1_492' title='bbox 1122 853 1227 880; x_wconf 82' lang='lat' dir='ltr'><strong>duabus</strong></span> <span class='ocrx_word' id='word_1_493' title='bbox 1265 853 1299 880; x_wconf 91' lang='lat' dir='ltr'><strong>de</strong></span> <span class='ocrx_word' id='word_1_494' title='bbox 1323 853 1424 886; x_wconf 82' lang='lat' dir='ltr'><strong>causis,</strong></span> <span class='ocrx_word' id='word_1_495' title='bbox 1454 857 1483 881; x_wconf 91' lang='lat' dir='ltr'><strong>ut</strong></span> <span class='ocrx_word' id='word_1_496' title='bbox 1509 861 1559 889; x_wconf 80' lang='lat' dir='ltr'><strong>ego</strong></span> <span class='ocrx_word' id='word_1_497' title='bbox 1583 854 1692 889; x_wconf 92' lang='lat' dir='ltr'><strong>quidem</strong></span> 
     </span>
    </p>
   </div>
   <div class='ocr_carea' id='block_1_64' title="bbox 906 898 1694 934">
    <p class='ocr_par' dir='ltr' id='par_1_64' title="bbox 906 898 1694 934">
     <span class='ocr_line' id='line_1_64' title="bbox 906 898 1694 934; baseline 0.004 -10"><span class='ocrx_word' id='word_1_498' title='bbox 906 898 1044 932; x_wconf 87' lang='lat' dir='ltr'><strong>existimo,</strong></span> <span class='ocrx_word' id='word_1_499' title='bbox 1076 898 1134 925; x_wconf 86' lang='lat' dir='ltr'><strong>Non</strong></span> <span class='ocrx_word' id='word_1_500' title='bbox 1153 900 1224 930; x_wconf 78' lang='lat' dir='ltr'><strong>novi,</strong></span> <span class='ocrx_word' id='word_1_501' title='bbox 1240 899 1428 933; x_wconf 78' lang='lat' dir='ltr'><strong>responderet.</strong></span> <span class='ocrx_word' id='word_1_502' title='bbox 1445 898 1565 926; x_wconf 88' lang='lat' dir='ltr'><strong>Primum</strong></span> <span class='ocrx_word' id='word_1_503' title='bbox 1581 907 1616 927; x_wconf 90' lang='lat' dir='ltr'><strong>ne</strong></span> <span class='ocrx_word' id='word_1_504' title='bbox 1630 901 1694 934; x_wconf 83' lang='lat' dir='ltr'><strong>quis</strong></span> 
     </span>
    </p>
   </div>
   <div class='ocr_carea' id='block_1_65' title="bbox 909 944 1694 979">
    <p class='ocr_par' dir='ltr' id='par_1_65' title="bbox 909 944 1694 979">
     <span class='ocr_line' id='line_1_65' title="bbox 909 944 1694 979; baseline 0.003 -9"><span class='ocrx_word' id='word_1_505' title='bbox 909 947 1023 979; x_wconf 77' lang='lat' dir='ltr'><strong>propter</strong></span> <span class='ocrx_word' id='word_1_506' title='bbox 1058 944 1248 972; x_wconf 73' lang='lat' dir='ltr'><strong>excellentiam</strong></span> <span class='ocrx_word' id='word_1_507' title='bbox 1279 944 1477 972; x_wconf 82' lang='lat' dir='ltr'><strong>rcvelationum</strong></span> <span class='ocrx_word' id='word_1_508' title='bbox 1508 945 1621 972; x_wconf 87' lang='lat' dir='ltr'><strong>duceret</strong></span> <span class='ocrx_word' id='word_1_509' title='bbox 1653 945 1694 979; x_wconf 85' lang='lat' dir='ltr'><strong>ip-</strong></span> 
     </span>
    </p>
   </div>
   <div class='ocr_carea' id='block_1_66' title="bbox 906 990 1694 1026">
    <p class='ocr_par' dir='ltr' id='par_1_66' title="bbox 906 990 1694 1026">
     <span class='ocr_line' id='line_1_66' title="bbox 906 990 1694 1026; baseline 0.003 -10"><span class='ocrx_word' id='word_1_510' title='bbox 906 996 967 1016; x_wconf 89' lang='lat' dir='ltr'><strong>sum</strong></span> <span class='ocrx_word' id='word_1_511' title='bbox 1001 997 1061 1017; x_wconf 87' lang='lat' dir='ltr'><strong>esse</strong></span> <span class='ocrx_word' id='word_1_512' title='bbox 1088 997 1171 1024; x_wconf 87' lang='lat' dir='ltr'><strong>supra</strong></span> <span class='ocrx_word' id='word_1_513' title='bbox 1197 990 1223 1018; x_wconf 88' lang='lat' dir='ltr'><strong>id</strong></span> <span class='ocrx_word' id='word_1_514' title='bbox 1249 990 1322 1024; x_wconf 91' lang='lat' dir='ltr'><strong>quod</strong></span> <span class='ocrx_word' id='word_1_515' title='bbox 1346 990 1463 1018; x_wconf 79' lang='lat' dir='ltr'><strong>videret.</strong></span> <span class='ocrx_word' id='word_1_516' title='bbox 1496 990 1600 1018; x_wconf 87' lang='lat' dir='ltr'><strong>Deinde</strong></span> <span class='ocrx_word' id='word_1_517' title='bbox 1630 991 1694 1026; x_wconf 85' lang='lat' dir='ltr'><strong>quia</strong></span> 
     </span>
    </p>
   </div>
   <div class='ocr_carea' id='block_1_67' title="bbox 907 1034 1696 1071">
    <p class='ocr_par' dir='ltr' id='par_1_67' title="bbox 907 1034 1696 1071">
     <span class='ocr_line' id='line_1_67' title="bbox 907 1034 1696 1071; baseline 0 -8"><span class='ocrx_word' id='word_1_518' title='bbox 907 1034 1054 1063; x_wconf 73' lang='lat' dir='ltr'><strong>Servatore</strong></span> <span class='ocrx_word' id='word_1_519' title='bbox 1070 1041 1197 1071; x_wconf 79' lang='lat' dir='ltr'><strong>negante,</strong></span> <span class='ocrx_word' id='word_1_520' title='bbox 1211 1043 1241 1064; x_wconf 84' lang='lat' dir='ltr'><strong>se</strong></span> <span class='ocrx_word' id='word_1_521' title='bbox 1257 1044 1351 1070; x_wconf 84' lang='lat' dir='ltr'><strong>nosse,</strong></span> <span class='ocrx_word' id='word_1_522' title='bbox 1369 1037 1485 1065; x_wconf 85' lang='lat' dir='ltr'><strong>debebat</strong></span> <span class='ocrx_word' id='word_1_523' title='bbox 1498 1040 1525 1064; x_wconf 87' lang='lat' dir='ltr'><strong>et</strong></span> <span class='ocrx_word' id='word_1_524' title='bbox 1541 1036 1629 1071; x_wconf 90' lang='lat' dir='ltr'><strong>ipsum</strong></span> <span class='ocrx_word' id='word_1_525' title='bbox 1654 1036 1696 1063; x_wconf 93' lang='lat' dir='ltr'><strong>di-</strong></span> 
     </span>
    </p>
   </div>
   <div class='ocr_carea' id='block_1_68' title="bbox 906 1081 1694 1118">
    <p class='ocr_par' dir='ltr' id='par_1_68' title="bbox 906 1081 1694 1118">
     <span class='ocr_line' id='line_1_68' title="bbox 906 1081 1694 1118; baseline 0.001 -10"><span class='ocrx_word' id='word_1_526' title='bbox 906 1089 980 1114; x_wconf 78' lang='lat' dir='ltr'><strong>cere,</strong></span> <span class='ocrx_word' id='word_1_527' title='bbox 994 1081 1102 1113; x_wconf 82' lang='lat' dir='ltr'><strong>Nescio,</strong></span> <span class='ocrx_word' id='word_1_528' title='bbox 1119 1089 1154 1109; x_wconf 87' lang='lat' dir='ltr'><strong>ne</strong></span> <span class='ocrx_word' id='word_1_529' title='bbox 1176 1089 1238 1109; x_wconf 90' lang='lat' dir='ltr'><strong>cum</strong></span> <span class='ocrx_word' id='word_1_530' title='bbox 1261 1085 1335 1110; x_wconf 76' lang='lat' dir='ltr'><strong>esset</strong></span> <span class='ocrx_word' id='word_1_531' title='bbox 1357 1089 1454 1110; x_wconf 84' lang='lat' dir='ltr'><strong>servus</strong></span> <span class='ocrx_word' id='word_1_532' title='bbox 1477 1087 1505 1110; x_wconf 92' lang='lat' dir='ltr'><strong>et</strong></span> <span class='ocrx_word' id='word_1_533' title='bbox 1531 1081 1694 1118; x_wconf 86' lang='lat' dir='ltr'><strong>discipulus,</strong></span> 
     </span>
    </p>
   </div>
   <div class='ocr_carea' id='block_1_69' title="bbox 907 1127 1516 1165">
    <p class='ocr_par' dir='ltr' id='par_1_69' title="bbox 907 1127 1516 1165">
     <span class='ocr_line' id='line_1_69' title="bbox 907 1127 1516 1165; baseline 0.005 -10"><span class='ocrx_word' id='word_1_534' title='bbox 907 1127 1022 1156; x_wconf 88' lang='lat' dir='ltr'><strong>Domino</strong></span> <span class='ocrx_word' id='word_1_535' title='bbox 1033 1131 1061 1156; x_wconf 91' lang='lat' dir='ltr'><strong>et</strong></span> <span class='ocrx_word' id='word_1_536' title='bbox 1078 1132 1246 1164; x_wconf 68' lang='lat' dir='ltr'><strong>praceptore</strong></span> <span class='ocrx_word' id='word_1_537' title='bbox 1261 1129 1349 1165; x_wconf 85' lang='lat' dir='ltr'><strong>major</strong></span> <span class='ocrx_word' id='word_1_538' title='bbox 1368 1129 1516 1158; x_wconf 83' lang='lat' dir='ltr'><strong>videretur.</strong></span> 
     </span>
    </p>
   </div>
   <div class='ocr_carea' id='block_1_70' title="bbox 942 1269 1696 1308">
    <p class='ocr_par' dir='ltr' id='par_1_70' title="bbox 942 1269 1696 1308">
     <span class='ocr_line' id='line_1_70' title="bbox 942 1269 1696 1308; baseline 0.004 -11"><span class='ocrx_word' id='word_1_539' title='bbox 942 1270 1032 1304; x_wconf 83' lang='lat' dir='ltr'><strong>Quare</strong></span> <span class='ocrx_word' id='word_1_540' title='bbox 1047 1270 1093 1306; x_wconf 89' lang='lat' dir='ltr'><strong>qui</strong></span> <span class='ocrx_word' id='word_1_541' title='bbox 1117 1269 1201 1298; x_wconf 86' lang='lat' dir='ltr'><strong>Paulo</strong></span> <span class='ocrx_word' id='word_1_542' title='bbox 1215 1271 1300 1304; x_wconf 82' lang='lat' dir='ltr'><strong>dedit,</strong></span> <span class='ocrx_word' id='word_1_543' title='bbox 1313 1276 1343 1300; x_wconf 91' lang='lat' dir='ltr'><strong>ut</strong></span> <span class='ocrx_word' id='word_1_544' title='bbox 1367 1272 1459 1304; x_wconf 88' lang='lat' dir='ltr'><strong>sciret.</strong></span> <span class='ocrx_word' id='word_1_545' title='bbox 1493 1272 1580 1300; x_wconf 87' lang='lat' dir='ltr'><strong>multo</strong></span> <span class='ocrx_word' id='word_1_546' title='bbox 1610 1273 1696 1308; x_wconf 84' lang='lat' dir='ltr'><strong>magis</strong></span> 
     </span>
    </p>
   </div>
   <div class='ocr_carea' id='block_1_71' title="bbox 908 1315 1696 1353">
    <p class='ocr_par' dir='ltr' id='par_1_71' title="bbox 908 1315 1696 1353">
     <span class='ocr_line' id='line_1_71' title="bbox 908 1315 1696 1353; baseline 0.004 -11"><span class='ocrx_word' id='word_1_547' title='bbox 908 1315 965 1351; x_wconf 86' lang='lat' dir='ltr'><strong>ipse</strong></span> <span class='ocrx_word' id='word_1_548' title='bbox 979 1316 1065 1343; x_wconf 91' lang='lat' dir='ltr'><strong>novit.</strong></span> <span class='ocrx_word' id='word_1_549' title='bbox 1082 1315 1137 1343; x_wconf 89' lang='lat' dir='ltr'><strong>Cur</strong></span> <span class='ocrx_word' id='word_1_550' title='bbox 1148 1316 1231 1351; x_wconf 80' lang='lat' dir='ltr'><strong>igitur</strong></span> <span class='ocrx_word' id='word_1_551' title='bbox 1243 1321 1307 1344; x_wconf 91' lang='lat' dir='ltr'><strong>tunc</strong></span> <span class='ocrx_word' id='word_1_552' title='bbox 1324 1317 1443 1353; x_wconf 82' lang='lat' dir='ltr'><strong>negavit,</strong></span> <span class='ocrx_word' id='word_1_553' title='bbox 1454 1325 1484 1345; x_wconf 86' lang='lat' dir='ltr'><strong>se</strong></span> <span class='ocrx_word' id='word_1_554' title='bbox 1498 1325 1592 1350; x_wconf 83' lang='lat' dir='ltr'><strong>nosse,</strong></span> <span class='ocrx_word' id='word_1_555' title='bbox 1606 1318 1651 1353; x_wconf 89' lang='lat' dir='ltr'><strong>qui</strong></span> <span class='ocrx_word' id='word_1_556' title='bbox 1666 1323 1696 1345; x_wconf 90' lang='lat' dir='ltr'><strong>ut</strong></span> 
     </span>
    </p>
   </div>
   <div class='ocr_carea' id='block_1_72' title="bbox 908 1362 1695 1391">
    <p class='ocr_par' dir='ltr' id='par_1_72' title="bbox 908 1362 1695 1391">
     <span class='ocr_line' id='line_1_72' title="bbox 908 1362 1695 1391; baseline 0 -1"><span class='ocrx_word' id='word_1_557' title='bbox 908 1362 1039 1390; x_wconf 86' lang='lat' dir='ltr'><strong>Dominus</strong></span> <span class='ocrx_word' id='word_1_558' title='bbox 1064 1362 1158 1389; x_wconf 77' lang='lat' dir='ltr'><strong>novit?</strong></span> <span class='ocrx_word' id='word_1_559' title='bbox 1187 1362 1290 1390; x_wconf 65' lang='lat' dir='ltr'><strong>Nostra</strong></span> <span class='ocrx_word' id='word_1_560' title='bbox 1305 1363 1436 1391; x_wconf 87' lang='lat' dir='ltr'><strong>nimirum</strong></span> <span class='ocrx_word' id='word_1_561' title='bbox 1462 1363 1586 1391; x_wconf 84' lang='lat' dir='ltr'><strong>utilitatis</strong></span> <span class='ocrx_word' id='word_1_562' title='bbox 1613 1371 1695 1391; x_wconf 87' lang='lat' dir='ltr'><strong>causa</strong></span> 
     </span>
    </p>
   </div>
   <div class='ocr_carea' id='block_1_73' title="bbox 908 1407 1696 1445">
    <p class='ocr_par' dir='ltr' id='par_1_73' title="bbox 908 1407 1696 1445">
     <span class='ocr_line' id='line_1_73' title="bbox 908 1407 1696 1445; baseline 0.001 -11"><span class='ocrx_word' id='word_1_563' title='bbox 908 1407 934 1435; x_wconf 82' lang='lat' dir='ltr'><strong>id</strong></span> <span class='ocrx_word' id='word_1_564' title='bbox 949 1408 1025 1440; x_wconf 81' lang='lat' dir='ltr'><strong>fecit,</strong></span> <span class='ocrx_word' id='word_1_565' title='bbox 1038 1407 1061 1435; x_wconf 89' lang='lat' dir='ltr'><strong>si</strong></span> <span class='ocrx_word' id='word_1_566' title='bbox 1080 1412 1171 1435; x_wconf 91' lang='lat' dir='ltr'><strong>tamen</strong></span> <span class='ocrx_word' id='word_1_567' title='bbox 1193 1408 1260 1435; x_wconf 85' lang='lat' dir='ltr'><strong>licet</strong></span> <span class='ocrx_word' id='word_1_568' title='bbox 1283 1409 1452 1445; x_wconf 83' lang='lat' dir='ltr'><strong>vestigantes</strong></span> <span class='ocrx_word' id='word_1_569' title='bbox 1475 1409 1577 1445; x_wconf 89' lang='lat' dir='ltr'><strong>aliquid</strong></span> <span class='ocrx_word' id='word_1_570' title='bbox 1605 1409 1696 1443; x_wconf 82' lang='lat' dir='ltr'><strong>conji-</strong></span> 
     </span>
    </p>
   </div>
   <div class='ocr_carea' id='block_1_74' title="bbox 909 1454 1697 1491">
    <p class='ocr_par' dir='ltr' id='par_1_74' title="bbox 909 1454 1697 1491">
     <span class='ocr_line' id='line_1_74' title="bbox 909 1454 1697 1491; baseline 0 -9"><span class='ocrx_word' id='word_1_571' title='bbox 909 1462 982 1482; x_wconf 88' lang='lat' dir='ltr'><strong>cere.</strong></span> <span class='ocrx_word' id='word_1_572' title='bbox 995 1454 1061 1482; x_wconf 80' lang='lat' dir='ltr'><strong>Nam</strong></span> <span class='ocrx_word' id='word_1_573' title='bbox 1075 1458 1102 1482; x_wconf 90' lang='lat' dir='ltr'><strong>et</strong></span> <span class='ocrx_word' id='word_1_574' title='bbox 1114 1458 1248 1482; x_wconf 81' lang='lat' dir='ltr'><strong>eventura</strong></span> <span class='ocrx_word' id='word_1_575' title='bbox 1264 1459 1328 1482; x_wconf 85' lang='lat' dir='ltr'><strong>ante</strong></span> <span class='ocrx_word' id='word_1_576' title='bbox 1342 1455 1436 1483; x_wconf 91' lang='lat' dir='ltr'><strong>mundi</strong></span> <span class='ocrx_word' id='word_1_577' title='bbox 1462 1456 1543 1483; x_wconf 84' lang='lat' dir='ltr'><strong>linem</strong></span> <span class='ocrx_word' id='word_1_578' title='bbox 1559 1455 1697 1491; x_wconf 82' lang='lat' dir='ltr'><strong>signiﬁca-</strong></span> 
     </span>
    </p>
   </div>
   <div class='ocr_carea' id='block_1_75' title="bbox 910 1499 1697 1536">
    <p class='ocr_par' dir='ltr' id='par_1_75' title="bbox 910 1499 1697 1536">
     <span class='ocr_line' id='line_1_75' title="bbox 910 1499 1697 1536; baseline 0 -8"><span class='ocrx_word' id='word_1_579' title='bbox 910 1501 961 1532; x_wconf 83' lang='lat' dir='ltr'><strong>vit.</strong></span> <span class='ocrx_word' id='word_1_580' title='bbox 978 1507 1013 1528; x_wconf 90' lang='lat' dir='ltr'><strong>ne</strong></span> <span class='ocrx_word' id='word_1_581' title='bbox 1034 1507 1096 1527; x_wconf 90' lang='lat' dir='ltr'><strong>cum</strong></span> <span class='ocrx_word' id='word_1_582' title='bbox 1119 1507 1151 1527; x_wconf 85' lang='lat' dir='ltr'><strong>ea</strong></span> <span class='ocrx_word' id='word_1_583' title='bbox 1174 1499 1376 1535; x_wconf 84' lang='lat' dir='ltr'><strong>contingerent,</strong></span> <span class='ocrx_word' id='word_1_584' title='bbox 1407 1508 1457 1528; x_wconf 88' lang='lat' dir='ltr'><strong>nos</strong></span> <span class='ocrx_word' id='word_1_585' title='bbox 1484 1504 1514 1528; x_wconf 89' lang='lat' dir='ltr'><strong>ut</strong></span> <span class='ocrx_word' id='word_1_586' title='bbox 1537 1500 1697 1536; x_wconf 75' lang='lat' dir='ltr'><strong>peregrinos</strong></span> 
     </span>
    </p>
   </div>
   <div class='ocr_carea' id='block_1_76' title="bbox 908 1546 1697 1582">
    <p class='ocr_par' dir='ltr' id='par_1_76' title="bbox 908 1546 1697 1582">
     <span class='ocr_line' id='line_1_76' title="bbox 908 1546 1697 1582; baseline -0.001 -8"><span class='ocrx_word' id='word_1_587' title='bbox 908 1551 937 1575; x_wconf 88' lang='lat' dir='ltr'><strong>et</strong></span> <span class='ocrx_word' id='word_1_588' title='bbox 952 1547 1142 1582; x_wconf 85' lang='lat' dir='ltr'><strong>imprudentes</strong></span> <span class='ocrx_word' id='word_1_589' title='bbox 1166 1546 1364 1581; x_wconf 88' lang='lat' dir='ltr'><strong>opprimerent,</strong></span> <span class='ocrx_word' id='word_1_590' title='bbox 1389 1547 1437 1574; x_wconf 87' lang='lat' dir='ltr'><strong>sed</strong></span> <span class='ocrx_word' id='word_1_591' title='bbox 1455 1551 1487 1574; x_wconf 90' lang='lat' dir='ltr'><strong>ut</strong></span> <span class='ocrx_word' id='word_1_592' title='bbox 1507 1554 1539 1574; x_wconf 81' lang='lat' dir='ltr'><strong>ex</strong></span> <span class='ocrx_word' id='word_1_593' title='bbox 1559 1546 1621 1579; x_wconf 86' lang='lat' dir='ltr'><strong>illis,</strong></span> <span class='ocrx_word' id='word_1_594' title='bbox 1636 1553 1697 1581; x_wconf 69' lang='lat' dir='ltr'><strong>qua!</strong></span> 
     </span>
    </p>
   </div>
   <div class='ocr_carea' id='block_1_77' title="bbox 909 1591 1696 1628">
    <p class='ocr_par' dir='ltr' id='par_1_77' title="bbox 909 1591 1696 1628">
     <span class='ocr_line' id='line_1_77' title="bbox 909 1591 1696 1628; baseline -0.003 -8"><span class='ocrx_word' id='word_1_595' title='bbox 909 1596 972 1628; x_wconf 88' lang='lat' dir='ltr'><strong>post</strong></span> <span class='ocrx_word' id='word_1_596' title='bbox 998 1592 1081 1621; x_wconf 85' lang='lat' dir='ltr'><strong>etiam</strong></span> <span class='ocrx_word' id='word_1_597' title='bbox 1106 1592 1197 1619; x_wconf 79' lang='lat' dir='ltr'><strong>futura</strong></span> <span class='ocrx_word' id='word_1_598' title='bbox 1218 1597 1321 1625; x_wconf 86' lang='lat' dir='ltr'><strong>essent,</strong></span> <span class='ocrx_word' id='word_1_599' title='bbox 1350 1597 1586 1628; x_wconf 79' lang='lat' dir='ltr'><strong>exspectaremus.</strong></span> <span class='ocrx_word' id='word_1_600' title='bbox 1619 1591 1696 1619; x_wconf 87' lang='lat' dir='ltr'><strong>Diem</strong></span> 
     </span>
    </p>
   </div>
   <div class='ocr_carea' id='block_1_78' title="bbox 909 1637 1696 1670">
    <p class='ocr_par' dir='ltr' id='par_1_78' title="bbox 909 1637 1696 1670">
     <span class='ocr_line' id='line_1_78' title="bbox 909 1637 1696 1670; baseline -0.003 -4"><span class='ocrx_word' id='word_1_601' title='bbox 909 1643 1001 1666; x_wconf 81' lang='lat' dir='ltr'><strong>autem</strong></span> <span class='ocrx_word' id='word_1_602' title='bbox 1019 1643 1047 1666; x_wconf 90' lang='lat' dir='ltr'><strong>et</strong></span> <span class='ocrx_word' id='word_1_603' title='bbox 1063 1639 1159 1665; x_wconf 86' lang='lat' dir='ltr'><strong>horam</strong></span> <span class='ocrx_word' id='word_1_604' title='bbox 1174 1637 1263 1665; x_wconf 90' lang='lat' dir='ltr'><strong>noluit</strong></span> <span class='ocrx_word' id='word_1_605' title='bbox 1278 1642 1308 1664; x_wconf 91' lang='lat' dir='ltr'><strong>ut</strong></span> <span class='ocrx_word' id='word_1_606' title='bbox 1331 1637 1404 1665; x_wconf 82' lang='lat' dir='ltr'><strong>Deus</strong></span> <span class='ocrx_word' id='word_1_607' title='bbox 1425 1638 1518 1665; x_wconf 84' lang='lat' dir='ltr'><strong>dicere</strong></span> <span class='ocrx_word' id='word_1_608' title='bbox 1545 1645 1574 1665; x_wconf 88' lang='lat' dir='ltr'><strong>se</strong></span> <span class='ocrx_word' id='word_1_609' title='bbox 1601 1644 1696 1670; x_wconf 88' lang='lat' dir='ltr'><strong>nosse,</strong></span> 
     </span>
    </p>
   </div>
   <div class='ocr_carea' id='block_1_79' title="bbox 909 1683 1698 1719">
    <p class='ocr_par' dir='ltr' id='par_1_79' title="bbox 909 1683 1698 1719">
     <span class='ocr_line' id='line_1_79' title="bbox 909 1683 1698 1719; baseline -0.004 -6"><span class='ocrx_word' id='word_1_610' title='bbox 909 1685 957 1713; x_wconf 89' lang='lat' dir='ltr'><strong>sed</strong></span> <span class='ocrx_word' id='word_1_611' title='bbox 981 1689 1011 1712; x_wconf 90' lang='lat' dir='ltr'><strong>ut</strong></span> <span class='ocrx_word' id='word_1_612' title='bbox 1028 1685 1110 1712; x_wconf 93' lang='lat' dir='ltr'><strong>homo</strong></span> <span class='ocrx_word' id='word_1_613' title='bbox 1126 1692 1155 1712; x_wconf 85' lang='lat' dir='ltr'><strong>se</strong></span> <span class='ocrx_word' id='word_1_614' title='bbox 1170 1684 1279 1719; x_wconf 80' lang='lat' dir='ltr'><strong>negavit</strong></span> <span class='ocrx_word' id='word_1_615' title='bbox 1297 1684 1378 1716; x_wconf 87' lang='lat' dir='ltr'><strong>scire,</strong></span> <span class='ocrx_word' id='word_1_616' title='bbox 1393 1692 1427 1712; x_wconf 92' lang='lat' dir='ltr'><strong>ne</strong></span> <span class='ocrx_word' id='word_1_617' title='bbox 1444 1684 1562 1719; x_wconf 83' lang='lat' dir='ltr'><strong>amplius</strong></span> <span class='ocrx_word' id='word_1_618' title='bbox 1578 1683 1698 1711; x_wconf 88' lang='lat' dir='ltr'><strong>interro-</strong></span> 
     </span>
    </p>
   </div>
   <div class='ocr_carea' id='block_1_80' title="bbox 909 1730 1697 1766">
    <p class='ocr_par' dir='ltr' id='par_1_80' title="bbox 909 1730 1697 1766">
     <span class='ocr_line' id='line_1_80' title="bbox 909 1730 1697 1766; baseline -0.004 -8"><span class='ocrx_word' id='word_1_619' title='bbox 909 1736 1015 1766; x_wconf 80' lang='lat' dir='ltr'><strong>garent.</strong></span> <span class='ocrx_word' id='word_1_620' title='bbox 1031 1730 1076 1758; x_wconf 88' lang='lat' dir='ltr'><strong>Sic</strong></span> <span class='ocrx_word' id='word_1_621' title='bbox 1088 1731 1171 1766; x_wconf 81' lang='lat' dir='ltr'><strong>igitur</strong></span> <span class='ocrx_word' id='word_1_622' title='bbox 1185 1738 1242 1758; x_wconf 91' lang='lat' dir='ltr'><strong>rem</strong></span> <span class='ocrx_word' id='word_1_623' title='bbox 1253 1732 1426 1766; x_wconf 82' lang='lat' dir='ltr'><strong>temperavit,</strong></span> <span class='ocrx_word' id='word_1_624' title='bbox 1442 1737 1477 1757; x_wconf 88' lang='lat' dir='ltr'><strong>ne</strong></span> <span class='ocrx_word' id='word_1_625' title='bbox 1494 1730 1516 1757; x_wconf 89' lang='lat' dir='ltr'><strong>si</strong></span> <span class='ocrx_word' id='word_1_626' title='bbox 1532 1730 1574 1757; x_wconf 86' lang='lat' dir='ltr'><strong>vel</strong></span> <span class='ocrx_word' id='word_1_627' title='bbox 1586 1730 1697 1757; x_wconf 92' lang='lat' dir='ltr'><strong>omnino</strong></span> 
     </span>
    </p>
   </div>
   <div class='ocr_carea' id='block_1_81' title="bbox 911 1774 1698 1810">
    <p class='ocr_par' dir='ltr' id='par_1_81' title="bbox 911 1774 1698 1810">
     <span class='ocr_line' id='line_1_81' title="bbox 911 1774 1698 1810; baseline -0.005 -6"><span class='ocrx_word' id='word_1_628' title='bbox 911 1781 1023 1809; x_wconf 83' lang='lat' dir='ltr'><strong>taceret,</strong></span> <span class='ocrx_word' id='word_1_629' title='bbox 1039 1775 1150 1803; x_wconf 85' lang='lat' dir='ltr'><strong>tristitia</strong></span> <span class='ocrx_word' id='word_1_630' title='bbox 1163 1775 1312 1810; x_wconf 87' lang='lat' dir='ltr'><strong>discipulos</strong></span> <span class='ocrx_word' id='word_1_631' title='bbox 1343 1774 1473 1808; x_wconf 70' lang='lat' dir='ltr'><strong>alliceret,</strong></span> <span class='ocrx_word' id='word_1_632' title='bbox 1499 1774 1542 1801; x_wconf 83' lang='lat' dir='ltr'><strong>vel</strong></span> <span class='ocrx_word' id='word_1_633' title='bbox 1566 1774 1589 1801; x_wconf 88' lang='lat' dir='ltr'><strong>si</strong></span> <span class='ocrx_word' id='word_1_634' title='bbox 1616 1774 1698 1810; x_wconf 86' lang='lat' dir='ltr'><strong>plane</strong></span> 
     </span>
    </p>
   </div>
   <div class='ocr_carea' id='block_1_82' title="bbox 910 1820 1698 1858">
    <p class='ocr_par' dir='ltr' id='par_1_82' title="bbox 910 1820 1698 1858">
     <span class='ocr_line' id='line_1_82' title="bbox 910 1820 1698 1858; baseline -0.001 -8"><span class='ocrx_word' id='word_1_635' title='bbox 910 1822 1086 1858; x_wconf 79' lang='lat' dir='ltr'><strong>patefaceret.</strong></span> <span class='ocrx_word' id='word_1_636' title='bbox 1104 1826 1197 1857; x_wconf 82' lang='lat' dir='ltr'><strong>ageret</strong></span> <span class='ocrx_word' id='word_1_637' title='bbox 1223 1825 1319 1849; x_wconf 87' lang='lat' dir='ltr'><strong>contra</strong></span> <span class='ocrx_word' id='word_1_638' title='bbox 1333 1828 1414 1856; x_wconf 89' lang='lat' dir='ltr'><strong>quam</strong></span> <span class='ocrx_word' id='word_1_639' title='bbox 1438 1825 1467 1848; x_wconf 90' lang='lat' dir='ltr'><strong>et</strong></span> <span class='ocrx_word' id='word_1_640' title='bbox 1491 1820 1584 1848; x_wconf 87' lang='lat' dir='ltr'><strong>illiset</strong></span> <span class='ocrx_word' id='word_1_641' title='bbox 1617 1820 1698 1849; x_wconf 90' lang='lat' dir='ltr'><strong>nobis</strong></span> 
     </span>
    </p>
   </div>
   <div class='ocr_carea' id='block_1_83' title="bbox 910 1865 1696 1906">
    <p class='ocr_par' dir='ltr' id='par_1_83' title="bbox 910 1865 1696 1906">
     <span class='ocr_line' id='line_1_83' title="bbox 910 1865 1696 1906; baseline -0.005 -11"><span class='ocrx_word' id='word_1_642' title='bbox 910 1869 982 1895; x_wconf 74' lang='lat' dir='ltr'><strong>foret</strong></span> <span class='ocrx_word' id='word_1_643' title='bbox 994 1868 1074 1895; x_wconf 88' lang='lat' dir='ltr'><strong>utile.</strong></span> <span class='ocrx_word' id='word_1_644' title='bbox 1096 1867 1231 1900; x_wconf 89' lang='lat' dir='ltr'><strong>Quoniam</strong></span> <span class='ocrx_word' id='word_1_645' title='bbox 1258 1867 1341 1902; x_wconf 81' lang='lat' dir='ltr'><strong>igitur</strong></span> <span class='ocrx_word' id='word_1_646' title='bbox 1356 1870 1470 1902; x_wconf 86' lang='lat' dir='ltr'><strong>propter</strong></span> <span class='ocrx_word' id='word_1_647' title='bbox 1492 1873 1543 1906; x_wconf 50' lang='lat' dir='ltr'><strong>no.5</strong></span> <span class='ocrx_word' id='word_1_648' title='bbox 1578 1865 1696 1892; x_wconf 87' lang='lat' dir='ltr'><strong>Verbum</strong></span> 
     </span>
    </p>
   </div>
   <div class='ocr_carea' id='block_1_84' title="bbox 910 1909 1698 1948">
    <p class='ocr_par' dir='ltr' id='par_1_84' title="bbox 910 1909 1698 1948">
     <span class='ocr_line' id='line_1_84' title="bbox 910 1909 1698 1948; baseline -0.005 -7"><span class='ocrx_word' id='word_1_649' title='bbox 910 1921 973 1941; x_wconf 88' lang='lat' dir='ltr'><strong>caro</strong></span> <span class='ocrx_word' id='word_1_650' title='bbox 988 1913 1089 1941; x_wconf 82' lang='lat' dir='ltr'><strong>factum</strong></span> <span class='ocrx_word' id='word_1_651' title='bbox 1102 1917 1153 1944; x_wconf 89' lang='lat' dir='ltr'><strong>est.</strong></span> <span class='ocrx_word' id='word_1_652' title='bbox 1166 1909 1279 1948; x_wconf 79' lang='lat' dir='ltr'><strong>propter</strong></span> <span class='ocrx_word' id='word_1_653' title='bbox 1288 1920 1337 1939; x_wconf 88' lang='lat' dir='ltr'><strong>nos</strong></span> <span class='ocrx_word' id='word_1_654' title='bbox 1353 1912 1435 1940; x_wconf 87' lang='lat' dir='ltr'><strong>etiam</strong></span> <span class='ocrx_word' id='word_1_655' title='bbox 1456 1911 1542 1940; x_wconf 81' lang='lat' dir='ltr'><strong>dixit:</strong></span> <span class='ocrx_word' id='word_1_656' title='bbox 1558 1911 1596 1939; x_wconf 83' lang='lat' dir='ltr'><strong>Ne</strong></span> <span class='ocrx_word' id='word_1_657' title='bbox 1611 1911 1698 1938; x_wconf 87' lang='lat' dir='ltr'><strong>Filius</strong></span> 
     </span>
    </p>
   </div>
   <div class='ocr_carea' id='block_1_85' title="bbox 911 1957 1698 1995">
    <p class='ocr_par' dir='ltr' id='par_1_85' title="bbox 911 1957 1698 1995">
     <span class='ocr_line' id='line_1_85' title="bbox 911 1957 1698 1995; baseline -0.004 -8"><span class='ocrx_word' id='word_1_658' title='bbox 911 1960 1021 1995; x_wconf 87' lang='lat' dir='ltr'><strong>quidem</strong></span> <span class='ocrx_word' id='word_1_659' title='bbox 1035 1959 1124 1986; x_wconf 90' lang='lat' dir='ltr'><strong>novit.</strong></span> <span class='ocrx_word' id='word_1_660' title='bbox 1138 1958 1232 1994; x_wconf 85' lang='lat' dir='ltr'><strong>Neque</strong></span> <span class='ocrx_word' id='word_1_661' title='bbox 1247 1958 1284 1985; x_wconf 88' lang='lat' dir='ltr'><strong>ita</strong></span> <span class='ocrx_word' id='word_1_662' title='bbox 1311 1958 1405 1986; x_wconf 90' lang='lat' dir='ltr'><strong>dicens</strong></span> <span class='ocrx_word' id='word_1_663' title='bbox 1421 1959 1553 1985; x_wconf 87' lang='lat' dir='ltr'><strong>mentitus</strong></span> <span class='ocrx_word' id='word_1_664' title='bbox 1570 1962 1622 1984; x_wconf 75' lang='lat' dir='ltr'><strong>est.</strong></span> <span class='ocrx_word' id='word_1_665' title='bbox 1639 1957 1698 1984; x_wconf 87' lang='lat' dir='ltr'><strong>Hu-</strong></span> 
     </span>
    </p>
   </div>
   <div class='ocr_carea' id='block_1_86' title="bbox 911 2005 1698 2040">
    <p class='ocr_par' dir='ltr' id='par_1_86' title="bbox 911 2005 1698 2040">
     <span class='ocr_line' id='line_1_86' title="bbox 911 2005 1698 2040; baseline -0.005 -6"><span class='ocrx_word' id='word_1_666' title='bbox 911 2013 994 2034; x_wconf 80' lang='lat' dir='ltr'><strong>mano</strong></span> <span class='ocrx_word' id='word_1_667' title='bbox 1010 2005 1084 2033; x_wconf 85' lang='lat' dir='ltr'><strong>enim</strong></span> <span class='ocrx_word' id='word_1_668' title='bbox 1097 2013 1185 2038; x_wconf 86' lang='lat' dir='ltr'><strong>more,</strong></span> <span class='ocrx_word' id='word_1_669' title='bbox 1201 2008 1232 2032; x_wconf 88' lang='lat' dir='ltr'><strong>ut</strong></span> <span class='ocrx_word' id='word_1_670' title='bbox 1251 2005 1343 2038; x_wconf 86' lang='lat' dir='ltr'><strong>homo,</strong></span> <span class='ocrx_word' id='word_1_671' title='bbox 1362 2005 1472 2040; x_wconf 83' lang='lat' dir='ltr'><strong>negavit</strong></span> <span class='ocrx_word' id='word_1_672' title='bbox 1503 2011 1533 2032; x_wconf 86' lang='lat' dir='ltr'><strong>se</strong></span> <span class='ocrx_word' id='word_1_673' title='bbox 1549 2005 1631 2036; x_wconf 90' lang='lat' dir='ltr'><strong>scire,</strong></span> <span class='ocrx_word' id='word_1_674' title='bbox 1647 2011 1698 2031; x_wconf 87' lang='lat' dir='ltr'><strong>nec</strong></span> 
     </span>
    </p>
   </div>
   <div class='ocr_carea' id='block_1_87' title="bbox 912 2051 1699 2088">
    <p class='ocr_par' dir='ltr' id='par_1_87' title="bbox 912 2051 1699 2088">
     <span class='ocr_line' id='line_1_87' title="bbox 912 2051 1699 2088; baseline -0.003 -8"><span class='ocrx_word' id='word_1_675' title='bbox 912 2053 1052 2088; x_wconf 87' lang='lat' dir='ltr'><strong>permisit,</strong></span> <span class='ocrx_word' id='word_1_676' title='bbox 1067 2056 1098 2080; x_wconf 90' lang='lat' dir='ltr'><strong>ut</strong></span> <span class='ocrx_word' id='word_1_677' title='bbox 1115 2051 1241 2086; x_wconf 85' lang='lat' dir='ltr'><strong>discipuli</strong></span> <span class='ocrx_word' id='word_1_678' title='bbox 1267 2058 1297 2079; x_wconf 85' lang='lat' dir='ltr'><strong>se</strong></span> <span class='ocrx_word' id='word_1_679' title='bbox 1328 2052 1446 2086; x_wconf 76' lang='lat' dir='ltr'><strong>amplius</strong></span> <span class='ocrx_word' id='word_1_680' title='bbox 1470 2055 1618 2086; x_wconf 84' lang='lat' dir='ltr'><strong>urgerent;</strong></span> <span class='ocrx_word' id='word_1_681' title='bbox 1649 2058 1699 2078; x_wconf 88' lang='lat' dir='ltr'><strong>ne-</strong></span> 
     </span>
    </p>
   </div>
   <div class='ocr_carea' id='block_1_88' title="bbox 911 2096 1699 2134">
    <p class='ocr_par' dir='ltr' id='par_1_88' title="bbox 911 2096 1699 2134">
     <span class='ocr_line' id='line_1_88' title="bbox 911 2096 1699 2134; baseline -0.003 -8"><span class='ocrx_word' id='word_1_682' title='bbox 911 2099 1001 2134; x_wconf 89' lang='lat' dir='ltr'><strong>gando</strong></span> <span class='ocrx_word' id='word_1_683' title='bbox 1015 2098 1088 2126; x_wconf 91' lang='lat' dir='ltr'><strong>enim</strong></span> <span class='ocrx_word' id='word_1_684' title='bbox 1119 2098 1239 2130; x_wconf 84' lang='lat' dir='ltr'><strong>sescire,</strong></span> <span class='ocrx_word' id='word_1_685' title='bbox 1260 2096 1326 2125; x_wconf 80' lang='lat' dir='ltr'><strong>fecit</strong></span> <span class='ocrx_word' id='word_1_686' title='bbox 1350 2097 1593 2133; x_wconf 77' lang='lat' dir='ltr'><strong>interrogationem</strong></span> <span class='ocrx_word' id='word_1_687' title='bbox 1627 2097 1699 2132; x_wconf 85' lang='lat' dir='ltr'><strong>ipso-</strong></span> 
     </span>
    </p>
   </div>
   <div class='ocr_carea' id='block_1_89' title="bbox 913 2141 1699 2176">
    <p class='ocr_par' dir='ltr' id='par_1_89' title="bbox 913 2141 1699 2176">
     <span class='ocr_line' id='line_1_89' title="bbox 913 2141 1699 2176; baseline -0.005 -6"><span class='ocrx_word' id='word_1_688' title='bbox 913 2151 974 2170; x_wconf 91' lang='lat' dir='ltr'><strong>rum</strong></span> <span class='ocrx_word' id='word_1_689' title='bbox 990 2143 1156 2170; x_wconf 88' lang='lat' dir='ltr'><strong>consistere.</strong></span> <span class='ocrx_word' id='word_1_690' title='bbox 1172 2142 1208 2169; x_wconf 80' lang='lat' dir='ltr'><strong>At</strong></span> <span class='ocrx_word' id='word_1_691' title='bbox 1229 2141 1255 2168; x_wconf 92' lang='lat' dir='ltr'><strong>in</strong></span> <span class='ocrx_word' id='word_1_692' title='bbox 1270 2148 1303 2168; x_wconf 89' lang='lat' dir='ltr'><strong>eo</strong></span> <span class='ocrx_word' id='word_1_693' title='bbox 1315 2141 1396 2174; x_wconf 86' lang='lat' dir='ltr'><strong>libro,</strong></span> <span class='ocrx_word' id='word_1_694' title='bbox 1409 2149 1463 2176; x_wconf 90' lang='lat' dir='ltr'><strong>quo</strong></span> <span class='ocrx_word' id='word_1_695' title='bbox 1486 2148 1529 2169; x_wconf 91' lang='lat' dir='ltr'><strong>res</strong></span> <span class='ocrx_word' id='word_1_696' title='bbox 1543 2141 1576 2167; x_wconf 86' lang='lat' dir='ltr'><strong>ab</strong></span> <span class='ocrx_word' id='word_1_697' title='bbox 1587 2144 1699 2175; x_wconf 79' lang='lat' dir='ltr'><strong>aposto-</strong></span> 
     </span>
    </p>
   </div>
   <div class='ocr_carea' id='block_1_90' title="bbox 71 2182 858 2224">
    <p class='ocr_par' dir='ltr' id='par_1_90' title="bbox 71 2187 858 2223">
     <span class='ocr_line' id='line_1_90' title="bbox 71 2187 858 2223; baseline 0.003 -9"><span class='ocrx_word' id='word_1_698' title='bbox 71 2187 153 2214; x_wconf 73' lang='grc' dir='ltr'>αὒτδν</span> <span class='ocrx_word' id='word_1_699' title='bbox 175 2187 256 2215; x_wconf 79' lang='grc' dir='ltr'>πάλιν</span> <span class='ocrx_word' id='word_1_700' title='bbox 275 2189 300 2214; x_wconf 81' lang='lat' dir='ltr'><strong>ot</strong></span> <span class='ocrx_word' id='word_1_701' title='bbox 322 2189 453 2223; x_wconf 78' lang='grc' dir='ltr'>μαθηταὶ,</span> <span class='ocrx_word' id='word_1_702' title='bbox 474 2188 539 2216; x_wconf 79' lang='grc' dir='ltr'>πότι</span> <span class='ocrx_word' id='word_1_703' title='bbox 557 2189 588 2216; x_wconf 78' lang='grc' dir='ltr'><strong>τὸ</strong></span> <span class='ocrx_word' id='word_1_704' title='bbox 606 2189 682 2221; x_wconf 76' lang='grc' dir='ltr'>τέλος</span> <span class='ocrx_word' id='word_1_705' title='bbox 705 2189 792 2221; x_wconf 76' lang='grc' dir='ltr'>ισται,</span> <span class='ocrx_word' id='word_1_706' title='bbox 814 2190 858 2216; x_wconf 70' lang='grc' dir='ltr'>καὶ</span> 
     </span>
    </p>
   </div>
   <div class='ocr_carea' id='block_1_91' title="bbox 909 2182 1699 2224">
    <p class='ocr_par' dir='ltr' id='par_1_91' title="bbox 913 2186 1699 2224">
     <span class='ocr_line' id='line_1_91' title="bbox 913 2186 1699 2224; baseline -0.004 -8"><span class='ocrx_word' id='word_1_707' title='bbox 913 2189 946 2216; x_wconf 81' lang='lat' dir='ltr'><strong>lis</strong></span> <span class='ocrx_word' id='word_1_708' title='bbox 962 2193 1044 2224; x_wconf 60' lang='lat' dir='ltr'><strong>gestae</strong></span> <span class='ocrx_word' id='word_1_709' title='bbox 1056 2188 1241 2221; x_wconf 83' lang='lat' dir='ltr'><strong>continentur,</strong></span> <span class='ocrx_word' id='word_1_710' title='bbox 1262 2187 1392 2222; x_wconf 89' lang='lat' dir='ltr'><strong>scriptum</strong></span> <span class='ocrx_word' id='word_1_711' title='bbox 1415 2192 1466 2221; x_wconf 88' lang='lat' dir='ltr'><strong>est,</strong></span> <span class='ocrx_word' id='word_1_712' title='bbox 1479 2186 1628 2222; x_wconf 86' lang='lat' dir='ltr'><strong>discipulos</strong></span> <span class='ocrx_word' id='word_1_713' title='bbox 1646 2186 1699 2213; x_wconf 86' lang='lat' dir='ltr'><strong>ile-</strong></span> 
     </span>
    </p>
   </div>
   <div class='ocr_carea' id='block_1_92' title="bbox 72 2233 862 2270">
    <p class='ocr_par' dir='ltr' id='par_1_92' title="bbox 72 2233 862 2270">
     <span class='ocr_line' id='line_1_92' title="bbox 72 2233 862 2270; baseline 0.005 -12"><span class='ocrx_word' id='word_1_714' title='bbox 72 2233 140 2259; x_wconf 81' lang='grc' dir='ltr'>πότε</span> <span class='ocrx_word' id='word_1_715' title='bbox 155 2233 308 2269; x_wconf 80' lang='grc' dir='ltr'>παραγίνῃ,</span> <span class='ocrx_word' id='word_1_716' title='bbox 324 2234 371 2261; x_wconf 78' lang='grc' dir='ltr'><strong>καὶ</strong></span> <span class='ocrx_word' id='word_1_717' title='bbox 385 2233 462 2261; x_wconf 73' lang='grc' dir='ltr'>εἷπεν</span> <span class='ocrx_word' id='word_1_718' title='bbox 478 2235 569 2266; x_wconf 77' lang='grc' dir='ltr'>αὐτοῖς</span> <span class='ocrx_word' id='word_1_719' title='bbox 585 2234 785 2270; x_wconf 74' lang='grc' dir='ltr'>φανερώτερον·</span> <span class='ocrx_word' id='word_1_720' title='bbox 798 2236 862 2269; x_wconf 83' lang='grc' dir='ltr'><strong>οὐχ</strong></span> 
     </span>
    </p>
   </div>
   <div class='ocr_carea' id='block_1_93' title="bbox 70 2277 863 2315">
    <p class='ocr_par' dir='ltr' id='par_1_93' title="bbox 70 2277 863 2315">
     <span class='ocr_line' id='line_1_93' title="bbox 70 2277 863 2315; baseline 0.005 -11"><span class='ocrx_word' id='word_1_721' title='bbox 70 2277 158 2313; x_wconf 77' lang='grc' dir='ltr'><strong>ὑμῶν</strong></span> <span class='ocrx_word' id='word_1_722' title='bbox 173 2278 238 2306; x_wconf 71' lang='grc' dir='ltr'>ἐστι</span> <span class='ocrx_word' id='word_1_723' title='bbox 252 2278 361 2313; x_wconf 74' lang='grc' dir='ltr'>γνῶναι</span> <span class='ocrx_word' id='word_1_724' title='bbox 376 2280 508 2314; x_wconf 74' lang='grc' dir='ltr'>χρόνους</span> <span class='ocrx_word' id='word_1_725' title='bbox 523 2280 542 2315; x_wconf 81' lang='grc' dir='ltr'><strong><em>ἣ</em></strong></span> <span class='ocrx_word' id='word_1_726' title='bbox 557 2280 691 2315; x_wconf 75' lang='grc' dir='ltr'>καιροὺς,</span> <span class='ocrx_word' id='word_1_727' title='bbox 707 2281 760 2314; x_wconf 88' lang='grc' dir='ltr'>οὓς</span> <span class='ocrx_word' id='word_1_728' title='bbox 773 2282 790 2308; x_wconf 83' lang='grc' dir='ltr'><em>ὀ</em></span> <span class='ocrx_word' id='word_1_729' title='bbox 804 2282 863 2308; x_wconf 81' lang='grc' dir='ltr'>Πα-</span> 
     </span>
    </p>
   </div>
   <div class='ocr_carea' id='block_1_94' title="bbox 70 2324 861 2361">
    <p class='ocr_par' dir='ltr' id='par_1_94' title="bbox 70 2324 861 2361">
     <span class='ocr_line' id='line_1_94' title="bbox 70 2324 861 2361; baseline 0.003 -10"><span class='ocrx_word' id='word_1_730' title='bbox 70 2325 128 2358; x_wconf 73' lang='grc' dir='ltr'><strong>τὴρ</strong></span> <span class='ocrx_word' id='word_1_731' title='bbox 142 2325 226 2351; x_wconf 69' lang='grc' dir='ltr'>ἔθετο</span> <span class='ocrx_word' id='word_1_732' title='bbox 242 2324 278 2352; x_wconf 72' lang='grc' dir='ltr'><strong>ἐν</strong></span> <span class='ocrx_word' id='word_1_733' title='bbox 294 2324 332 2360; x_wconf 78' lang='grc' dir='ltr'>τῇ</span> <span class='ocrx_word' id='word_1_734' title='bbox 352 2325 412 2360; x_wconf 81' lang='grc' dir='ltr'><strong>ιδίᾳ</strong></span> <span class='ocrx_word' id='word_1_735' title='bbox 425 2325 562 2361; x_wconf 77' lang='grc' dir='ltr'>ἐξουσίᾳ.</span> <span class='ocrx_word' id='word_1_736' title='bbox 581 2327 636 2354; x_wconf 73' lang='grc' dir='ltr'><strong>Καὶ</strong></span> <span class='ocrx_word' id='word_1_737' title='bbox 648 2326 698 2353; x_wconf 79' lang='grc' dir='ltr'><strong>οὐκ</strong></span> <span class='ocrx_word' id='word_1_738' title='bbox 714 2325 775 2354; x_wconf 81' lang='grc' dir='ltr'>εῐπε</span> <span class='ocrx_word' id='word_1_739' title='bbox 790 2327 861 2359; x_wconf 80' lang='grc' dir='ltr'>τότε,</span> 
     </span>
    </p>
   </div>
   <div class='ocr_carea' id='block_1_95' title="bbox 72 2368 862 2409">
    <p class='ocr_par' dir='ltr' id='par_1_95' title="bbox 72 2368 862 2409">
     <span class='ocr_line' id='line_1_95' title="bbox 72 2368 862 2409; baseline 0.003 -11"><span class='ocrx_word' id='word_1_740' title='bbox 72 2371 132 2398; x_wconf 73' lang='grc' dir='ltr'><strong>Οὐκ</strong></span> <span class='ocrx_word' id='word_1_741' title='bbox 146 2368 217 2398; x_wconf 78' lang='grc' dir='ltr'>οἶδεν</span> <span class='ocrx_word' id='word_1_742' title='bbox 231 2371 291 2398; x_wconf 75' lang='grc' dir='ltr'><strong>οὐδὲ</strong></span> <span class='ocrx_word' id='word_1_743' title='bbox 308 2373 321 2398; x_wconf 78' lang='lat' dir='ltr'><strong>tl</strong></span> <span class='ocrx_word' id='word_1_744' title='bbox 337 2371 416 2406; x_wconf 75' lang='grc' dir='ltr'>Υίὸς,</span> <span class='ocrx_word' id='word_1_745' title='bbox 434 2372 529 2407; x_wconf 83' lang='grc' dir='ltr'>ὥσπερ</span> <span class='ocrx_word' id='word_1_746' title='bbox 545 2373 598 2408; x_wconf 80' lang='grc' dir='ltr'><strong>πρὸ</strong></span> <span class='ocrx_word' id='word_1_747' title='bbox 611 2373 708 2400; x_wconf 82' lang='grc' dir='ltr'>τούτου</span> <span class='ocrx_word' id='word_1_748' title='bbox 724 2373 862 2409; x_wconf 76' lang='grc' dir='ltr'>ἀνθρωπί-</span> 
     </span>
    </p>
   </div>
   <div class='ocr_carea' id='block_1_96' title="bbox 71 2416 862 2454">
    <p class='ocr_par' dir='ltr' id='par_1_96' title="bbox 71 2416 862 2454">
     <span class='ocr_line' id='line_1_96' title="bbox 71 2416 862 2454; baseline 0.001 -10"><span class='ocrx_word' id='word_1_749' title='bbox 71 2426 139 2448; x_wconf 79' lang='grc' dir='ltr'>νως.</span> <span class='ocrx_word' id='word_1_750' title='bbox 158 2417 259 2444; x_wconf 88' lang='grc' dir='ltr'>Λοιπδν</span> <span class='ocrx_word' id='word_1_751' title='bbox 274 2418 328 2453; x_wconf 79' lang='grc' dir='ltr'><strong>γὰρ</strong></span> <span class='ocrx_word' id='word_1_752' title='bbox 348 2416 382 2454; x_wconf 78' lang='grc' dir='ltr'>ἦν</span> <span class='ocrx_word' id='word_1_753' title='bbox 404 2419 419 2453; x_wconf 80' lang='grc' dir='ltr'><strong>ἡ</strong></span> <span class='ocrx_word' id='word_1_754' title='bbox 437 2418 505 2453; x_wconf 80' lang='grc' dir='ltr'>σὰρξ</span> <span class='ocrx_word' id='word_1_755' title='bbox 526 2419 677 2453; x_wconf 75' lang='grc' dir='ltr'>ἀναστᾶσα,</span> <span class='ocrx_word' id='word_1_756' title='bbox 695 2420 742 2446; x_wconf 72' lang='grc' dir='ltr'><strong>καὶ</strong></span> <span class='ocrx_word' id='word_1_757' title='bbox 761 2419 862 2446; x_wconf 77' lang='grc' dir='ltr'>ἀποθε-</span> 
     </span>
    </p>
   </div>
   <div class='ocr_carea' id='block_1_97' title="bbox 75 2463 860 2501">
    <p class='ocr_par' dir='ltr' id='par_1_97' title="bbox 75 2463 860 2501">
     <span class='ocr_line' id='line_1_97' title="bbox 75 2463 860 2501; baseline 0.004 -12"><span class='ocrx_word' id='word_1_758' title='bbox 75 2465 147 2499; x_wconf 80' lang='grc' dir='ltr'>μένη</span> <span class='ocrx_word' id='word_1_759' title='bbox 165 2464 216 2499; x_wconf 80' lang='grc' dir='ltr'>τὴν</span> <span class='ocrx_word' id='word_1_760' title='bbox 232 2463 366 2499; x_wconf 68' lang='grc' dir='ltr'>νέκρωσιν</span> <span class='ocrx_word' id='word_1_761' title='bbox 377 2484 383 2496; x_wconf 90' lang='grc'><strong>,</strong></span> <span class='ocrx_word' id='word_1_762' title='bbox 401 2465 448 2492; x_wconf 74' lang='grc' dir='ltr'><strong>καὶ</strong></span> <span class='ocrx_word' id='word_1_763' title='bbox 464 2465 656 2501; x_wconf 77' lang='grc' dir='ltr'>θεοποιηῠεϊσα</span> <span class='ocrx_word' id='word_1_764' title='bbox 667 2486 674 2498; x_wconf 95' lang='grc'><strong>,</strong></span> <span class='ocrx_word' id='word_1_765' title='bbox 694 2466 741 2492; x_wconf 80' lang='grc' dir='ltr'><strong>καὶ</strong></span> <span class='ocrx_word' id='word_1_766' title='bbox 755 2466 805 2492; x_wconf 86' lang='grc' dir='ltr'>οὒκ</span> <span class='ocrx_word' id='word_1_767' title='bbox 819 2465 860 2492; x_wconf 77' lang='grc' dir='ltr'>ἔτι</span> 
     </span>
    </p>
   </div>
   <div class='ocr_carea' id='block_1_98' title="bbox 73 2510 861 2547">
    <p class='ocr_par' dir='ltr' id='par_1_98' title="bbox 73 2510 861 2547">
     <span class='ocr_line' id='line_1_98' title="bbox 73 2510 861 2547; baseline 0.003 -11"><span class='ocrx_word' id='word_1_768' title='bbox 73 2510 182 2544; x_wconf 71' lang='grc' dir='ltr'>ἔπρεπε</span> <span class='ocrx_word' id='word_1_769' title='bbox 203 2510 344 2545; x_wconf 81' lang='grc' dir='ltr'>σαρκικῶς</span> <span class='ocrx_word' id='word_1_770' title='bbox 362 2510 444 2537; x_wconf 82' lang='grc' dir='ltr'>αὑτὸν</span> <span class='ocrx_word' id='word_1_771' title='bbox 461 2511 660 2546; x_wconf 71' lang='grc' dir='ltr'>ἀποκρίνασθαι</span> <span class='ocrx_word' id='word_1_772' title='bbox 680 2512 861 2547; x_wconf 83' lang='grc' dir='ltr'>ἀνερχόμενον</span> 
     </span>
    </p>
   </div>
   <div class='ocr_carea' id='block_1_99' title="bbox 73 2554 861 2589">
    <p class='ocr_par' dir='ltr' id='par_1_99' title="bbox 73 2554 861 2589">
     <span class='ocr_line' id='line_1_99' title="bbox 73 2554 861 2589; baseline 0.001 -9"><span class='ocrx_word' id='word_1_773' title='bbox 73 2556 115 2586; x_wconf 84' lang='grc' dir='ltr'><strong>είς</strong></span> <span class='ocrx_word' id='word_1_774' title='bbox 132 2555 196 2586; x_wconf 67' lang='grc' dir='ltr'>τοὺς</span> <span class='ocrx_word' id='word_1_775' title='bbox 215 2554 358 2589; x_wconf 79' lang='grc' dir='ltr'>οὐρανοὺς,</span> <span class='ocrx_word' id='word_1_776' title='bbox 374 2554 442 2581; x_wconf 76' lang='grc' dir='ltr'>ἀλλὰ</span> <span class='ocrx_word' id='word_1_777' title='bbox 458 2555 549 2581; x_wconf 83' lang='grc' dir='ltr'>λοιπὸν</span> <span class='ocrx_word' id='word_1_778' title='bbox 567 2555 664 2586; x_wconf 85' lang='grc' dir='ltr'>θεῖκῶς</span> <span class='ocrx_word' id='word_1_779' title='bbox 682 2555 804 2588; x_wconf 76' lang='grc' dir='ltr'>διδάξαι,</span> <span class='ocrx_word' id='word_1_780' title='bbox 818 2555 861 2582; x_wconf 76' lang='grc' dir='ltr'>ὅτι</span> 
     </span>
    </p>
   </div>
   <div class='ocr_carea' id='block_1_100' title="bbox 70 2598 861 2635">
    <p class='ocr_par' dir='ltr' id='par_1_100' title="bbox 70 2598 861 2635">
     <span class='ocr_line' id='line_1_100' title="bbox 70 2598 861 2635; baseline 0 -9"><span class='ocrx_word' id='word_1_781' title='bbox 70 2599 135 2633; x_wconf 78' lang='grc' dir='ltr'><strong>Οὐχ</strong></span> <span class='ocrx_word' id='word_1_782' title='bbox 150 2598 233 2634; x_wconf 76' lang='grc' dir='ltr'><strong>ὑμῶν</strong></span> <span class='ocrx_word' id='word_1_783' title='bbox 246 2599 312 2626; x_wconf 81' lang='grc' dir='ltr'>ἐστι</span> <span class='ocrx_word' id='word_1_784' title='bbox 323 2599 433 2634; x_wconf 76' lang='grc' dir='ltr'>γνῶναι</span> <span class='ocrx_word' id='word_1_785' title='bbox 447 2601 576 2634; x_wconf 79' lang='grc' dir='ltr'>χρόνους</span> <span class='ocrx_word' id='word_1_786' title='bbox 599 2601 619 2635; x_wconf 79' lang='grc' dir='ltr'><strong>ἢ</strong></span> <span class='ocrx_word' id='word_1_787' title='bbox 633 2600 764 2633; x_wconf 77' lang='grc' dir='ltr'>καιροὺς,</span> <span class='ocrx_word' id='word_1_788' title='bbox 778 2599 831 2633; x_wconf 84' lang='grc' dir='ltr'>οὓς</span> <span class='ocrx_word' id='word_1_789' title='bbox 845 2601 861 2627; x_wconf 87' lang='grc' dir='ltr'><strong><em>ὀ</em></strong></span> 
     </span>
    </p>
   </div>
   <div class='ocr_carea' id='block_1_101' title="bbox 72 2645 860 2682">
    <p class='ocr_par' dir='ltr' id='par_1_101' title="bbox 72 2645 860 2682">
     <span class='ocr_line' id='line_1_101' title="bbox 72 2645 860 2682; baseline 0 -10"><span class='ocrx_word' id='word_1_790' title='bbox 72 2645 178 2680; x_wconf 75' lang='grc' dir='ltr'>Πατὴρ</span> <span class='ocrx_word' id='word_1_791' title='bbox 194 2645 278 2672; x_wconf 73' lang='grc' dir='ltr'>ἔθετο</span> <span class='ocrx_word' id='word_1_792' title='bbox 293 2645 328 2672; x_wconf 76' lang='grc' dir='ltr'><strong>ἐν</strong></span> <span class='ocrx_word' id='word_1_793' title='bbox 339 2646 378 2681; x_wconf 80' lang='grc' dir='ltr'>τῇ</span> <span class='ocrx_word' id='word_1_794' title='bbox 393 2646 450 2679; x_wconf 62' lang='lat' dir='ltr'><strong>tota</strong></span> <span class='ocrx_word' id='word_1_795' title='bbox 465 2646 601 2680; x_wconf 79' lang='grc' dir='ltr'><strong>ἐξουσίᾳ.</strong></span> <span class='ocrx_word' id='word_1_796' title='bbox 615 2646 662 2678; x_wconf 86' lang='grc' dir='ltr'>Τίς</span> <span class='ocrx_word' id='word_1_797' title='bbox 677 2646 705 2673; x_wconf 82' lang='grc' dir='ltr'>δὲ</span> <span class='ocrx_word' id='word_1_798' title='bbox 718 2647 734 2682; x_wconf 85' lang='grc' dir='ltr'><strong>ή</strong></span> <span class='ocrx_word' id='word_1_799' title='bbox 745 2647 860 2682; x_wconf 66' lang='grc' dir='ltr'>δύναμις</span> 
     </span>
    </p>
   </div>
   <div class='ocr_carea' id='block_1_102' title="bbox 72 2691 860 2728">
    <p class='ocr_par' dir='ltr' id='par_1_102' title="bbox 72 2691 860 2728">
     <span class='ocr_line' id='line_1_102' title="bbox 72 2691 860 2728; baseline 0.003 -10"><span class='ocrx_word' id='word_1_800' title='bbox 72 2691 122 2718; x_wconf 79' lang='grc' dir='ltr'><strong>τοῦ</strong></span> <span class='ocrx_word' id='word_1_801' title='bbox 134 2692 240 2726; x_wconf 82' lang='grc' dir='ltr'>Πατρὺς</span> <span class='ocrx_word' id='word_1_802' title='bbox 256 2691 272 2727; x_wconf 86' lang='grc' dir='ltr'>ἢ</span> <span class='ocrx_word' id='word_1_803' title='bbox 286 2693 427 2728; x_wconf 52' lang='lat' dir='ltr'><strong>omne;</strong></span> <span class='ocrx_word' id='word_1_804' title='bbox 440 2700 448 2726; x_wconf 84' lang='lat'><strong>;</strong></span> <span class='ocrx_word' id='word_1_805' title='bbox 463 2693 579 2728; x_wconf 70' lang='grc' dir='ltr'>Χριστὸς</span> <span class='ocrx_word' id='word_1_806' title='bbox 591 2692 644 2727; x_wconf 81' lang='grc' dir='ltr'>γὰρ</span> <span class='ocrx_word' id='word_1_807' title='bbox 657 2692 723 2720; x_wconf 84' lang='grc' dir='ltr'>Θεοῦ</span> <span class='ocrx_word' id='word_1_808' title='bbox 747 2691 860 2728; x_wconf 84' lang='grc' dir='ltr'>δύναμις</span> 
     </span>
    </p>
   </div>
   <div class='ocr_carea' id='block_1_103' title="bbox 72 2737 320 2771">
    <p class='ocr_par' dir='ltr' id='par_1_103' title="bbox 72 2737 320 2771">
     <span class='ocr_line' id='line_1_103' title="bbox 72 2737 320 2771; baseline 0 -7"><span class='ocrx_word' id='word_1_809' title='bbox 72 2738 122 2765; x_wconf 77' lang='grc' dir='ltr'><strong>καὶ</strong></span> <span class='ocrx_word' id='word_1_810' title='bbox 141 2737 209 2764; x_wconf 75' lang='grc' dir='ltr'>Θεοῦ</span> <span class='ocrx_word' id='word_1_811' title='bbox 230 2738 320 2771; x_wconf 71' lang='grc' dir='ltr'>σοφία.</span> 
     </span>
    </p>
   </div>
   <div class='ocr_carea' id='block_1_104' title="bbox 118 2825 522 2859">
    <p class='ocr_par' dir='ltr' id='par_1_104' title="bbox 118 2825 522 2859">
     <span class='ocr_line' id='line_1_104' title="bbox 118 2825 522 2859; baseline 0.005 -6"><span class='ocrx_word' id='word_1_812' title='bbox 118 2825 198 2854; x_wconf 78' lang='lat' dir='ltr'><strong>&#39;Act.</strong></span> <span class='ocrx_word' id='word_1_813' title='bbox 215 2833 235 2859; x_wconf 83' lang='grc' dir='ltr'><strong>ι,</strong></span> <span class='ocrx_word' id='word_1_814' title='bbox 250 2825 277 2854; x_wconf 92' lang='grc'><strong>7.</strong></span> <span class='ocrx_word' id='word_1_815' title='bbox 315 2827 325 2842; x_wconf 91' lang='lat'>&#39;</span> <span class='ocrx_word' id='word_1_816' title='bbox 338 2826 347 2854; x_wconf 86' lang='grc' dir='ltr'><strong>Ι</strong></span> <span class='ocrx_word' id='word_1_817' title='bbox 361 2826 424 2855; x_wconf 91' lang='lat' dir='ltr'><strong>Cor.</strong></span> <span class='ocrx_word' id='word_1_818' title='bbox 442 2835 461 2859; x_wconf 83' lang='grc' dir='ltr'><strong>ι,</strong></span> <span class='ocrx_word' id='word_1_819' title='bbox 478 2827 522 2855; x_wconf 73' lang='grc'><strong>24.</strong></span> 
     </span>
    </p>
   </div>
   <div class='ocr_carea' id='block_1_105' title="bbox 913 2233 1698 2268">
    <p class='ocr_par' dir='ltr' id='par_1_105' title="bbox 913 2233 1698 2268">
     <span class='ocr_line' id='line_1_105' title="bbox 913 2233 1698 2268; baseline -0.004 -6"><span class='ocrx_word' id='word_1_820' title='bbox 913 2243 973 2262; x_wconf 86' lang='lat' dir='ltr'><strong>rum</strong></span> <span class='ocrx_word' id='word_1_821' title='bbox 1003 2234 1197 2267; x_wconf 84' lang='lat' dir='ltr'><strong>interrogasse,</strong></span> <span class='ocrx_word' id='word_1_822' title='bbox 1231 2233 1342 2268; x_wconf 86' lang='lat' dir='ltr'><strong>quando</strong></span> <span class='ocrx_word' id='word_1_823' title='bbox 1365 2233 1428 2260; x_wconf 86' lang='lat' dir='ltr'><strong>linis</strong></span> <span class='ocrx_word' id='word_1_824' title='bbox 1453 2237 1526 2260; x_wconf 81' lang='lat' dir='ltr'><strong>esset</strong></span> <span class='ocrx_word' id='word_1_825' title='bbox 1553 2237 1698 2265; x_wconf 86' lang='lat' dir='ltr'><strong>venturus,</strong></span> 
     </span>
    </p>
   </div>
   <div class='ocr_carea' id='block_1_106' title="bbox 911 2278 1698 2315">
    <p class='ocr_par' dir='ltr' id='par_1_106' title="bbox 911 2278 1698 2315">
     <span class='ocr_line' id='line_1_106' title="bbox 911 2278 1698 2315; baseline -0.005 -6"><span class='ocrx_word' id='word_1_826' title='bbox 911 2287 1032 2315; x_wconf 88' lang='lat' dir='ltr'><strong>eumque</strong></span> <span class='ocrx_word' id='word_1_827' title='bbox 1046 2279 1146 2307; x_wconf 84' lang='lat' dir='ltr'><strong>clarius</strong></span> <span class='ocrx_word' id='word_1_828' title='bbox 1157 2279 1210 2305; x_wconf 85' lang='lat' dir='ltr'><strong>illis</strong></span> <span class='ocrx_word' id='word_1_829' title='bbox 1241 2279 1274 2306; x_wconf 86' lang='lat' dir='ltr'><strong>ad</strong></span> <span class='ocrx_word' id='word_1_830' title='bbox 1287 2279 1361 2306; x_wconf 89' lang='lat' dir='ltr'><strong>hunc</strong></span> <span class='ocrx_word' id='word_1_831' title='bbox 1375 2278 1485 2306; x_wconf 89' lang='lat' dir='ltr'><strong>modum</strong></span> <span class='ocrx_word' id='word_1_832' title='bbox 1499 2278 1698 2313; x_wconf 86' lang='lat' dir='ltr'><strong>respondisse:</strong></span> 
     </span>
    </p>
   </div>
   <div class='ocr_carea' id='block_1_107' title="bbox 916 2325 1701 2359">
    <p class='ocr_par' dir='ltr' id='par_1_107' title="bbox 916 2325 1701 2359">
     <span class='ocr_line' id='line_1_107' title="bbox 916 2325 1701 2359; baseline -0.005 -5"><span class='ocrx_word' id='word_1_833' title='bbox 916 2327 977 2354; x_wconf 83' lang='lat' dir='ltr'><strong>Non</strong></span> <span class='ocrx_word' id='word_1_834' title='bbox 992 2331 1168 2357; x_wconf 77' lang='lat' dir='ltr'><strong>utvestrum,</strong></span> <span class='ocrx_word' id='word_1_835' title='bbox 1188 2333 1263 2352; x_wconf 73' lang='lat' dir='ltr'><strong>nosse</strong></span> <span class='ocrx_word' id='word_1_836' title='bbox 1280 2329 1398 2358; x_wconf 75' lang='lat' dir='ltr'><strong>tempora</strong></span> <span class='ocrx_word' id='word_1_837' title='bbox 1421 2325 1462 2351; x_wconf 72' lang='lat' dir='ltr'><strong>vel</strong></span> <span class='ocrx_word' id='word_1_838' title='bbox 1483 2329 1624 2356; x_wconf 86' lang='lat' dir='ltr'><strong>momenta,</strong></span> <span class='ocrx_word' id='word_1_839' title='bbox 1641 2332 1701 2359; x_wconf 65' lang='lat' dir='ltr'><strong>quia</strong></span> 
     </span>
    </p>
   </div>
   <div class='ocr_carea' id='block_1_108' title="bbox 914 2372 1710 2409">
    <p class='ocr_par' dir='ltr' id='par_1_108' title="bbox 914 2372 1710 2409">
     <span class='ocr_line' id='line_1_108' title="bbox 914 2372 1710 2409; baseline -0.004 -7"><span class='ocrx_word' id='word_1_840' title='bbox 914 2375 997 2403; x_wconf 80' lang='lat' dir='ltr'><strong>Pater</strong></span> <span class='ocrx_word' id='word_1_841' title='bbox 1015 2374 1101 2409; x_wconf 77' lang='lat' dir='ltr'><strong>posui!</strong></span> <span class='ocrx_word' id='word_1_842' title='bbox 1124 2373 1151 2401; x_wconf 82' lang='lat' dir='ltr'><strong>in</strong></span> <span class='ocrx_word' id='word_1_843' title='bbox 1164 2382 1213 2401; x_wconf 72' lang='lat' dir='ltr'><strong>sua</strong></span> <span class='ocrx_word' id='word_1_844' title='bbox 1246 2377 1374 2407; x_wconf 80' lang='lat' dir='ltr'><strong>potestate</strong></span> <span class='ocrx_word' id='word_1_845' title='bbox 1390 2372 1410 2399; x_wconf 86' lang='lat'><strong>‘.</strong></span> <span class='ocrx_word' id='word_1_846' title='bbox 1434 2372 1493 2400; x_wconf 82' lang='lat' dir='ltr'><strong>Non</strong></span> <span class='ocrx_word' id='word_1_847' title='bbox 1520 2373 1589 2400; x_wconf 80' lang='lat' dir='ltr'><strong>dixit</strong></span> <span class='ocrx_word' id='word_1_848' title='bbox 1615 2376 1680 2399; x_wconf 90' lang='lat' dir='ltr'><strong>tunc</strong></span> <span class='ocrx_word' id='word_1_849' title='bbox 1693 2382 1710 2400; x_wconf 86' lang='lat'><strong>:-</strong></span> 
     </span>
    </p>
   </div>
   <div class='ocr_carea' id='block_1_109' title="bbox 914 2416 1701 2452">
    <p class='ocr_par' dir='ltr' id='par_1_109' title="bbox 914 2416 1701 2452">
     <span class='ocr_line' id='line_1_109' title="bbox 914 2416 1701 2452; baseline -0.003 -7"><span class='ocrx_word' id='word_1_850' title='bbox 914 2417 954 2445; x_wconf 83' lang='lat' dir='ltr'><strong>Ne</strong></span> <span class='ocrx_word' id='word_1_851' title='bbox 965 2417 1052 2445; x_wconf 88' lang='lat' dir='ltr'><strong>Filius</strong></span> <span class='ocrx_word' id='word_1_852' title='bbox 1066 2417 1174 2452; x_wconf 89' lang='lat' dir='ltr'><strong>quidem</strong></span> <span class='ocrx_word' id='word_1_853' title='bbox 1196 2416 1281 2449; x_wconf 82' lang='lat' dir='ltr'><strong>novit,</strong></span> <span class='ocrx_word' id='word_1_854' title='bbox 1296 2420 1325 2443; x_wconf 87' lang='grc' dir='ltr'><strong>ιιι</strong></span> <span class='ocrx_word' id='word_1_855' title='bbox 1342 2421 1421 2444; x_wconf 83' lang='lat' dir='ltr'><strong>antea</strong></span> <span class='ocrx_word' id='word_1_856' title='bbox 1438 2417 1555 2449; x_wconf 77' lang='lat' dir='ltr'><strong>dixerat,</strong></span> <span class='ocrx_word' id='word_1_857' title='bbox 1571 2422 1701 2452; x_wconf 78' lang='lat' dir='ltr'><strong>tanquam</strong></span> 
     </span>
    </p>
   </div>
   <div class='ocr_carea' id='block_1_110' title="bbox 916 2463 1701 2498">
    <p class='ocr_par' dir='ltr' id='par_1_110' title="bbox 916 2463 1701 2498">
     <span class='ocr_line' id='line_1_110' title="bbox 916 2463 1701 2498; baseline -0.001 -7"><span class='ocrx_word' id='word_1_858' title='bbox 916 2463 1086 2492; x_wconf 72' lang='lat' dir='ltr'><strong>homoJam</strong></span> <span class='ocrx_word' id='word_1_859' title='bbox 1120 2463 1193 2490; x_wconf 89' lang='lat' dir='ltr'><strong>enim</strong></span> <span class='ocrx_word' id='word_1_860' title='bbox 1225 2468 1385 2491; x_wconf 75' lang='lat' dir='ltr'><strong>surrexerat</strong></span> <span class='ocrx_word' id='word_1_861' title='bbox 1416 2470 1491 2496; x_wconf 83' lang='lat' dir='ltr'><strong>caro,</strong></span> <span class='ocrx_word' id='word_1_862' title='bbox 1522 2463 1701 2498; x_wconf 85' lang='lat' dir='ltr'><strong>depositaque</strong></span> 
     </span>
    </p>
   </div>
   <div class='ocr_carea' id='block_1_111' title="bbox 916 2510 1703 2545">
    <p class='ocr_par' dir='ltr' id='par_1_111' title="bbox 916 2510 1703 2545">
     <span class='ocr_line' id='line_1_111' title="bbox 916 2510 1703 2545; baseline 0 -8"><span class='ocrx_word' id='word_1_863' title='bbox 916 2510 1082 2538; x_wconf 83' lang='lat' dir='ltr'><strong>mortalitate</strong></span> <span class='ocrx_word' id='word_1_864' title='bbox 1096 2510 1188 2538; x_wconf 82' lang='lat' dir='ltr'><strong>divina</strong></span> <span class='ocrx_word' id='word_1_865' title='bbox 1204 2515 1264 2538; x_wconf 78' lang='lat' dir='ltr'><strong>erat</strong></span> <span class='ocrx_word' id='word_1_866' title='bbox 1290 2510 1410 2538; x_wconf 85' lang='lat' dir='ltr'><strong>reddita.</strong></span> <span class='ocrx_word' id='word_1_867' title='bbox 1429 2510 1482 2537; x_wconf 79' lang='lat' dir='ltr'><strong>Nec</strong></span> <span class='ocrx_word' id='word_1_868' title='bbox 1510 2511 1628 2545; x_wconf 86' lang='lat' dir='ltr'><strong>amplius</strong></span> <span class='ocrx_word' id='word_1_869' title='bbox 1655 2511 1703 2537; x_wconf 92' lang='lat' dir='ltr'><strong>de-</strong></span> 
     </span>
    </p>
   </div>
   <div class='ocr_carea' id='block_1_112' title="bbox 916 2556 1699 2591">
    <p class='ocr_par' dir='ltr' id='par_1_112' title="bbox 916 2556 1699 2591">
     <span class='ocr_line' id='line_1_112' title="bbox 916 2556 1699 2591; baseline 0 -8"><span class='ocrx_word' id='word_1_870' title='bbox 916 2556 1005 2586; x_wconf 83' lang='lat' dir='ltr'><strong>cebat.</strong></span> <span class='ocrx_word' id='word_1_871' title='bbox 1018 2560 1046 2584; x_wconf 90' lang='lat' dir='ltr'><strong>ut</strong></span> <span class='ocrx_word' id='word_1_872' title='bbox 1060 2556 1116 2591; x_wconf 85' lang='lat' dir='ltr'><strong>jam</strong></span> <span class='ocrx_word' id='word_1_873' title='bbox 1135 2556 1162 2583; x_wconf 88' lang='lat' dir='ltr'><strong>in</strong></span> <span class='ocrx_word' id='word_1_874' title='bbox 1180 2556 1278 2583; x_wconf 70' lang='lat' dir='ltr'><strong>ctrlum</strong></span> <span class='ocrx_word' id='word_1_875' title='bbox 1295 2556 1382 2583; x_wconf 89' lang='lat' dir='ltr'><strong>iturus</strong></span> <span class='ocrx_word' id='word_1_876' title='bbox 1397 2556 1588 2591; x_wconf 86' lang='lat' dir='ltr'><strong>responderet,</strong></span> <span class='ocrx_word' id='word_1_877' title='bbox 1602 2560 1633 2583; x_wconf 86' lang='lat' dir='ltr'><strong>ut</strong></span> <span class='ocrx_word' id='word_1_878' title='bbox 1650 2556 1699 2583; x_wconf 90' lang='lat' dir='ltr'><strong>ho-</strong></span> 
     </span>
    </p>
   </div>
   <div class='ocr_carea' id='block_1_113' title="bbox 916 2602 1699 2638">
    <p class='ocr_par' dir='ltr' id='par_1_113' title="bbox 916 2602 1699 2638">
     <span class='ocr_line' id='line_1_113' title="bbox 916 2602 1699 2638; baseline -0.001 -8"><span class='ocrx_word' id='word_1_879' title='bbox 916 2610 972 2634; x_wconf 88' lang='lat' dir='ltr'><strong>mo,</strong></span> <span class='ocrx_word' id='word_1_880' title='bbox 982 2602 1030 2630; x_wconf 88' lang='lat' dir='ltr'><strong>sed</strong></span> <span class='ocrx_word' id='word_1_881' title='bbox 1040 2602 1152 2630; x_wconf 83' lang='lat' dir='ltr'><strong>doceret</strong></span> <span class='ocrx_word' id='word_1_882' title='bbox 1164 2607 1194 2629; x_wconf 90' lang='lat' dir='ltr'><strong>ut</strong></span> <span class='ocrx_word' id='word_1_883' title='bbox 1209 2602 1290 2634; x_wconf 81' lang='lat' dir='ltr'><strong>Deus,</strong></span> <span class='ocrx_word' id='word_1_884' title='bbox 1305 2602 1366 2629; x_wconf 86' lang='lat' dir='ltr'><strong>Non</strong></span> <span class='ocrx_word' id='word_1_885' title='bbox 1374 2606 1545 2635; x_wconf 76' lang='lat' dir='ltr'><strong>estuestrum,</strong></span> <span class='ocrx_word' id='word_1_886' title='bbox 1559 2603 1699 2638; x_wconf 85' lang='lat' dir='ltr'><strong>inquiens,</strong></span> 
     </span>
    </p>
   </div>
   <div class='ocr_carea' id='block_1_114' title="bbox 916 2648 1702 2684">
    <p class='ocr_par' dir='ltr' id='par_1_114' title="bbox 916 2648 1702 2684">
     <span class='ocr_line' id='line_1_114' title="bbox 916 2648 1702 2684; baseline -0.001 -8"><span class='ocrx_word' id='word_1_887' title='bbox 916 2657 990 2676; x_wconf 74' lang='lat' dir='ltr'><strong>nosse</strong></span> <span class='ocrx_word' id='word_1_888' title='bbox 1007 2653 1124 2683; x_wconf 86' lang='lat' dir='ltr'><strong>tempora</strong></span> <span class='ocrx_word' id='word_1_889' title='bbox 1136 2648 1177 2676; x_wconf 78' lang='lat' dir='ltr'><strong>vel</strong></span> <span class='ocrx_word' id='word_1_890' title='bbox 1191 2654 1334 2680; x_wconf 84' lang='lat' dir='ltr'><strong>momenta,</strong></span> <span class='ocrx_word' id='word_1_891' title='bbox 1345 2657 1402 2683; x_wconf 77' lang='lat' dir='ltr'><strong>qua:</strong></span> <span class='ocrx_word' id='word_1_892' title='bbox 1415 2648 1498 2676; x_wconf 78' lang='lat' dir='ltr'><strong>Pater</strong></span> <span class='ocrx_word' id='word_1_893' title='bbox 1512 2649 1599 2684; x_wconf 74' lang='lat' dir='ltr'><strong>posuit</strong></span> <span class='ocrx_word' id='word_1_894' title='bbox 1614 2649 1641 2674; x_wconf 84' lang='lat' dir='ltr'><strong>in</strong></span> <span class='ocrx_word' id='word_1_895' title='bbox 1651 2657 1702 2675; x_wconf 75' lang='lat' dir='ltr'><strong>sua</strong></span> 
     </span>
    </p>
   </div>
   <div class='ocr_carea' id='block_1_115' title="bbox 914 2693 1702 2729">
    <p class='ocr_par' dir='ltr' id='par_1_115' title="bbox 914 2693 1702 2729">
     <span class='ocr_line' id='line_1_115' title="bbox 914 2693 1702 2729; baseline -0.001 -8"><span class='ocrx_word' id='word_1_896' title='bbox 914 2697 1053 2729; x_wconf 79' lang='lat' dir='ltr'><strong>potestate.</strong></span> <span class='ocrx_word' id='word_1_897' title='bbox 1064 2693 1129 2727; x_wconf 68' lang='lat' dir='ltr'><strong>Quae</strong></span> <span class='ocrx_word' id='word_1_898' title='bbox 1139 2698 1230 2721; x_wconf 84' lang='lat' dir='ltr'><strong>autem</strong></span> <span class='ocrx_word' id='word_1_899' title='bbox 1241 2693 1329 2722; x_wconf 86' lang='lat' dir='ltr'><strong>Patris</strong></span> <span class='ocrx_word' id='word_1_900' title='bbox 1344 2699 1475 2729; x_wconf 82' lang='lat' dir='ltr'><strong>potestas,</strong></span> <span class='ocrx_word' id='word_1_901' title='bbox 1485 2694 1536 2721; x_wconf 86' lang='lat' dir='ltr'><strong>nisi</strong></span> <span class='ocrx_word' id='word_1_902' title='bbox 1551 2694 1679 2722; x_wconf 85' lang='lat' dir='ltr'><strong>Christus</strong></span> <span class='ocrx_word' id='word_1_903' title='bbox 1689 2693 1702 2720; x_wconf 72' lang='grc'>2</span> 
     </span>
    </p>
   </div>
   <div class='ocr_carea' id='block_1_116' title="bbox 914 2734 1560 2775">
    <p class='ocr_par' dir='ltr' id='par_1_116' title="bbox 914 2734 1560 2775">
     <span class='ocr_line' id='line_1_116' title="bbox 914 2734 1560 2775; baseline 0 -8"><span class='ocrx_word' id='word_1_904' title='bbox 914 2739 1042 2768; x_wconf 83' lang='lat' dir='ltr'><strong>Christus</strong></span> <span class='ocrx_word' id='word_1_905' title='bbox 1054 2739 1128 2768; x_wconf 86' lang='lat' dir='ltr'><strong>enim</strong></span> <span class='ocrx_word' id='word_1_906' title='bbox 1156 2739 1204 2768; x_wconf 90' lang='lat' dir='ltr'><strong>Dei</strong></span> <span class='ocrx_word' id='word_1_907' title='bbox 1236 2739 1324 2768; x_wconf 89' lang='lat' dir='ltr'><strong>virtus</strong></span> <span class='ocrx_word' id='word_1_908' title='bbox 1350 2743 1377 2767; x_wconf 90' lang='lat' dir='ltr'><strong>et</strong></span> <span class='ocrx_word' id='word_1_909' title='bbox 1390 2734 1524 2775; x_wconf 83' lang='lat' dir='ltr'><strong>sapientia</strong></span> <span class='ocrx_word' id='word_1_910' title='bbox 1539 2739 1560 2767; x_wconf 90' lang='lat'><strong>&#39;.</strong></span> 
     </span>
    </p>
   </div>
  </div>
