1902 3078
209 116 264 147 443

825 117 1016 147 EUTHYMII
1036 116 1214 147 ZlGABEVi

1779 109 1836 140 ιιι

245 162 355 200 Séiebat
368 171 462 207 utique
481 170 579 204 Filius,
595 171 634 199 uti
653 169 783 199 Verbum.
808 170 854 198 Sic
865 171 937 198 enim
954 171 979 196 ιη

1081 169 1160 198 οἶδεν
1171 172 1224 206 ἄρα
1239 170 1253 196 6
1265 168 1327 201 Υἱὸς
1343 169 1428 201 Λόγος
1445 168 1492 195 ῶν.
1509 167 1596 194 Τοῦτο
1606 167 1660 202 γὰρ
1671 166 1760 201 λέγων
1770 168 1839 201 ἐσή-

209 225 295 252 quens
303 216 465 253 signiﬁcavit
481 223 510 244 se
522 215 604 249 scire,
614 215 661 244 sed
677 216 710 243 ad
725 223 772 243 eos
788 223 844 243 non
856 215 995 249 pertinere

208 270 384 298 cognoscere,
395 267 421 290 ut
430 262 537 290 etiamsi
550 262 689 290 daemones
698 262 816 296 speciem
825 265 998 289 assumereut

209 310 380 344 angelorum,
401 315 429 335 et
453 312 620 336 conarentur
647 307 742 335 mundi
757 308 837 334 ﬁnem
851 306 996 335 denuntia-

212 364 251 387 re,
268 363 324 390 quo
339 355 481 382 audientes
506 354 677 389 deciperent,
699 362 735 381 ne
763 353 815 381 illis
829 353 989 385 crederent,

211 409 272 428 cum
289 401 364 428 vocis
382 400 491 427 Domini
515 400 701 427 testimonium
729 399 874 427 haberent.
906 398 995 431 Quan-

212 454 292 481 quam
306 454 341 473 ne
366 445 474 480 expedit
497 445 605 480 quidem
635 445 792 472 hominibus
808 444 889 471 ﬁnem
920 444 995 470 illum

213 499 304 523 nosse,
325 498 360 518 ne
388 499 421 519 eo
446 491 554 527 cognito
578 491 746 526 negligentes
773 490 883 518 interim
915 489 992 517 ﬁant.

218 537 402 570 Quamobrem
428 541 576 571 utrumque
602 537 695 568 nobis:
712 537 794 564 ﬁnem
825 541 883 562 tum
906 535 994 566 orbis.

216 586 272 608 tum
288 589 343 609 sum
355 581 487 616 cujusque
505 581 568 608 vitae
588 585 682 608 notum
710 588 770 607 esse
800 580 899 607 noluit.
927 579 994 606 Nam

216 627 279 654 etin
300 627 487 654 universitatis
504 627 559 654 ﬁne
587 626 755 661 singulorum
776 625 837 653 ﬁis
868 631 996 659 compre-

217 672 355 704 henditur,
370 676 399 699 et
411 672 578 707 singulorum
606 673 660 698 ilne
686 671 792 706 cogitur
806 670 868 698 ﬁnis
884 670 995 698 univcr-

217 718 311 751 sitatis,
327 724 356 745 ut
371 726 431 746 cum
445 718 566 745 incertus
581 717 627 747 sit.
647 717 767 752 quotidie
799 717 884 752 magis
900 717 927 743 in
942 716 996 743 vir-

216 764 282 791 tutis
296 763 386 791 studio
401 764 585 798 proﬁciamus.
604 763 638 791 Et
650 763 713 790 ideo
740 763 869 790 Servator
894 761 994 795 adjun-

214 811 253 844 git
271 818 278 836 :
294 809 411 845 Vigilate
429 810 523 844 igitur,
538 810 601 845 quia
628 809 743 841 nescitis,
774 818 826 844 qua
840 809 904 836 hora
938 808 994 835 Do-

1049 225 1142 252 μανεν,
1160 217 1202 243 ὅτι
1213 216 1288 250 Ἐγὼ
1300 213 1369 248 οῐδα,
1381 213 1438 241 ἀλλ’
1456 213 1506 240 οὐκ
1526 213 1601 240 ἐστιν
1618 212 1695 247 ὑμῶν
1716 211 1837 246 γνῶναι,

1047 262 1090 288 ἶνα
1099 260 1150 288 κᾶν
1158 260 1195 292 ὡς
1208 261 1317 294 άγγιλοι
1331 267 1453 295 μετασχη
1458 257 1625 293 ματίζωνται
1637 256 1778 291 δαίμονες,
1791 257 1839 283 καὶ

1046 307 1111 341 περὶ
1130 306 1179 340 τῆς
1200 305 1356 336 συντελείας
1377 304 1573 339 ἐπιχειρήσωσι
1596 303 1686 336 λέγειν
1711 302 1786 337 πρὸς
1808 302 1840 328 τὺ

1046 353 1186 388 πλανῆσαι
1205 352 1268 383 τοὺς
1292 351 1453 384 ἀκούοντας,
1478 350 1516 385 μὴ
1541 349 1703 383 πιστεύσητε
1721 348 1841 383 ἔχοντες

1047 398 1125 433 ὑμεῖς
1141 397 1207 433 παρ’
1223 397 1291 432 ὶμοῦ
1306 397 1355 432 τὴν
1371 396 1475 431 φωνήν.
1497 395 1602 426 Ἀλλως
1614 403 1643 421 τε
1657 394 1717 420 οὐδὲ
1728 394 1839 420 ειδέναι

1046 445 1103 476 τοῖς
1119 442 1272 479 ἀνθρώποις
1290 442 1321 469 τδ
1336 442 1412 472 τέλος
1430 441 1582 476 συμφέρει,
1603 440 1648 467 ἵνα
1666 441 1703 476 μὴ
1720 440 1840 474 γνόντες

1046 490 1254 525 καταφρονηταὶ
1269 488 1317 516 τοῦ
1333 488 1435 523 μεταξὺ
1450 487 1548 523 χρόνου
1563 486 1708 520 γένωνται.
1727 485 1839 520 Ἀμφό-

1044 545 1112 573 τερα
1133 536 1166 572 δὴ
1185 534 1233 563 οὖν
1245 535 1292 562 καὶ
1313 535 1343 561 τὸ
1357 534 1470 560 καθόλου
1491 533 1578 564 τέλος,
1596 532 1644 558 καὶ
1665 531 1697 557 τδ
1713 531 1837 558 ἑκάστου

1045 580 1205 616 ἀπέκρυψεν
1217 580 1265 614 ἀφ’
1278 578 1356 614 ἡμῶν
1368 578 1383 604 6
1399 578 1495 612 Λόγος.
1512 576 1569 603 Καὶ
1583 575 1638 610 γὰρ
1654 576 1682 601 έν
1695 574 1735 610 τῷ
1749 575 1839 601 καθό-

1045 626 1092 653 λου
1106 626 1136 652 τδ
1150 625 1267 652 ἑκάστου
1281 623 1357 654 τέλος
1374 622 1434 649 ἐστὶ
1443 641 1451 654 ,
1469 621 1516 648 καὶ⁸
1529 621 1559 647 ἐν
1572 620 1611 655 τῷ
1625 619 1740 646 ἑκάστου
1759 618 1839 645 τέλει

1044 671 1076 698 τὸ
1091 671 1205 698 καθόλου
1222 669 1381 703 συνάγεται,
1399 668 1443 695 ινα
1458 666 1557 701 ἀδήλου
1576 664 1658 691 αὐτοῦ
1677 665 1765 696 ὄντος,
1788 664 1839 689 καὶ

1045 717 1090 745 ἀεὶ
1105 716 1343 752 προσδοκωμένου,
1358 713 1420 741 καθ’
1435 713 1542 748 ἡμέραν
1557 711 1769 745 προκόπτωμεν.
1784 711 1839 735 Δια

1045 762 1124 789 τοῦτο
1139 762 1194 796 γὰρ
1216 761 1349 794 ἐπέφερεν
1368 759 1383 785 ὁ
1397 758 1492 793 Σωτὴρ
1513 756 1600 791 λέγων
1622 763 1630 772 ·
1652 753 1839 788 Γρηγορεῖτε

1048 806 1106 836 οὖν
1121 807 1165 834 ὅτι
1178 808 1233 834 οὐκ
1245 805 1344 833 οιδατε
1369 803 1441 830 οὐδὲ
1452 803 1536 838 ὑμεῖς
1550 803 1623 836 ποίᾳ
1637 800 1730 836 ἡμέρᾳ
1744 801 1759 826 ό
1776 799 1840 826 Κύ-

213 855 299 881 minus
310 859 393 882 vester
406 860 530 882 venturus
543 855 577 882 sit
595 855 614 882 '.
640 854 754 889 Propter
783 854 927 882 utilitatem
956 862 998 881 cr-

1051 863 1111 888 ριος
1128 852 1211 888 ὑμῶν
1225 852 1353 886 ἄρχεται.
1369 850 1418 877 Διὰ
1431 849 1463 876 τὸ
1476 848 1616 884 συμφέρον
1631 848 1684 882 ἄρα
1695 846 1726 872 τὸ
1738 847 1771 872 ἐκ
1785 845 1838 878 τῆς

212 908 245 935 gn
258 899 460 934 proVenientem
490 907 522 926 ex
543 900 593 926 hac
617 899 723 926 inscitia
746 899 782 926 ita
814 898 920 925 locutus
947 901 997 924 est.

213 946 273 973 iam
289 953 352 973 cum
370 946 396 972 in
415 946 541 980 paradiso
558 944 689 972 Dominus
715 944 756 971 sic
768 943 852 971 Adam
876 943 998 970 interro-

212 998 276 1027 get:
293 993 388 1025 Adam,
406 992 450 1018 ubi
473 999 498 1018 es
512 991 544 1018 ’Ἰ
563 995 590 1018 et
612 998 644 1017 ex
663 990 729 1018 Cain
746 993 859 1024 quaerat.
889 989 935 1016 ubi
964 987 1000 1015 sit

213 1041 296 1067 frater
321 1040 390 1074 ejus,
409 1037 476 1073 quid
494 1037 538 1064 hic
571 1037 693 1064 dicetis?
728 1036 831 1062 Eumne
863 1035 998 1070 ignorate,

212 1091 295 1120 atque
313 1085 374 1112 ideo
388 1085 427 1112 sic
445 1084 620 1119 percoalari?
637 1083 672 1110 At
691 1081 854 1109 Manichacus
867 1081 919 1108 hoc
938 1088 998 1107 mo-

216 1131 253 1158 do
267 1138 315 1157 vos
329 1137 390 1157 esse
404 1128 588 1157 declarabitis.
603 1127 703 1155 Eorum
721 1127 795 1154 enim
812 1125 923 1161 propria
942 1125 999 1153 haec

216 1181 258 1203 est
271 1176 398 1203 audacia.
425 1175 502 1207 Quod
517 1175 540 1201 si
567 1178 704 1205 verentes,
731 1180 766 1200 ne
791 1176 884 1207 aperte
909 1170 999 1198 Mani-

214 1223 281 1250 chaei
297 1220 486 1252 notninemini,
505 1219 581 1247 vobis
595 1219 664 1253 ipsis
680 1218 736 1246 νίιιι
754 1217 867 1250 οίϊειιὶε,
881 1221 911 1244 ιιι
926 1216 1000 1244 dica-

217 1269 263 1300 tis,
281 1275 344 1296 eum
367 1271 578 1303 cognoscentem
610 1264 778 1300 percontari,
809 1263 875 1298 quid
905 1262 1000 1289 absur-

214 1315 279 1342 dum
309 1318 356 1340 aut
373 1320 472 1340 novum
484 1309 837 1347 muspicitis,quamobrem
855 1307 998 1339 excidatis,

215 1360 236 1386 si
253 1359 347 1391 Filius,
367 1359 395 1385 in
415 1366 469 1393 quo
494 1362 558 1385 tunc
586 1356 658 1384 Deus
689 1354 911 1391 percontabatur,
942 1353 1000 1386 ipse

216 1413 288 1432 nunc
306 1411 415 1432 carnem
432 1402 544 1430 indutus
573 1407 604 1429 ut
620 1402 701 1428 homo
712 1399 912 1436 percontatur?
940 1398 998 1426 Nisi

217 1456 246 1478 ut
259 1459 321 1479 cum
343 1450 484 1477 Manichaai
500 1450 571 1482 sitis,
598 1448 834 1484 percontationem
865 1446 947 1473 etiam
964 1445 998 1472 il-

217 1499 270 1525 lam
284 1497 412 1532 carpatis,
428 1501 454 1523 et
467 1495 683 1526 calumniemini,
701 1498 732 1521 ut
760 1493 848 1521 solum
863 1493 892 1520 in
919 1491 999 1519 malis

215 1543 425 1580 cogitationibus
441 1542 539 1570 vestris
554 1549 603 1568 vos
615 1540 745 1567 audacter
769 1539 880 1574 geratis.
906 1537 941 1566 At
970 1538 999 1565 in

216 1588 341 1615 omnibus
360 1587 491 1614 cmifutati
517 1594 626 1614 rursum
653 1585 855 1613 tumultuamini
888 1588 1000 1619 propter

217 1635 262 1662 illa
298 1635 391 1666 verba,
409 1642 469 1667 quae
489 1641 503 1660 a
529 1633 602 1662 Luca
628 1633 729 1667 scripta
750 1636 836 1659 sunt:
861 1631 896 1658 Et
923 1631 999 1658 Iesu:

216 1680 519 1715 proﬁciebatsapientia,
531 1684 556 1706 et
567 1683 691 1711 wtate,et
707 1679 796 1713 gratia
819 1679 889 1713 apud
916 1677 998 1704 Deum

216 1731 240 1753 et
253 1727 366 1753 homines
382 1726 403 1753 ³.
423 1725 611 1754 Necessarium
623 1726 705 1760 igitur
716 1731 767 1758 est,
782 1729 809 1752 ut
827 1731 874 1751 vos
901 1724 998 1750 iterum

218 1778 345 1807 tanquam
356 1772 519 1800 Sadducteos
536 1777 564 1800 et
573 1772 722 1799 Pbarisazos
731 1771 906 1806 interrogem,
920 1768 1000 1796 Jcsus

218 1819 344 1846 Christus
365 1819 446 1846 homo
462 1822 557 1851 esl,ut
572 1817 776 1851 reliquiomnes
804 1815 940 1847 homines,
965 1822 1000 1841 an
1023 1845 1025 1847 γ

219 1863 290 1890 Deus
299 1867 340 1890 est
355 1870 467 1890 carnem
483 1863 604 1896 gerens?
618 1862 646 1889 Si
665 1863 747 1889 homo
767 1860 922 1889 communis
947 1865 998 1893 est,

219 1915 248 1936 ιιι
259 1909 350 1936 caeteri
367 1909 502 1941 homines,
518 1908 652 1943 proﬁciat,
670 1913 698 1935 ut
714 1908 807 1939 homo.
820 1915 880 1942 quae
889 1907 1000 1941 quidem

218 1960 260 1982 est
274 1954 476 1982 Samosatensis
489 1954 636 1987 sententia,
663 1961 744 1989 quam
759 1961 808 1981 vos
833 1953 899 1980 item
917 1961 947 1980 re
960 1960 1001 1979 se-

217 1999 343 2034 quimini,
360 1999 423 2027 licet
436 2000 576 2027 hominum
599 2000 678 2027 veriti
706 2000 739 2026 de
758 1999 836 2026 vobis
859 1998 1002 2026 existima-

218 2047 333 2079 tionem,
346 2046 533 2073 dissimuletis.
544 2046 590 2073 Sin
607 2046 679 2073 Deus
701 2050 742 2073 est
757 2053 867 2073 carnem
893 2051 1000 2078 gerens,

216 2092 437 2127 quandoquidem
452 2096 479 2119 et
491 2092 542 2119 hoc
559 2099 652 2119 verum
666 2097 718 2123 est,
730 2091 794 2126 quid
811 2091 930 2126 proﬁcit,
940 2099 1000 2119 cum

217 2145 251 2166 sit
265 2139 378 2173 aequalis
395 2139 462 2169 Deo,
479 2144 526 2165 aut
540 2138 677 2173 quomodo
689 2143 801 2173 augetur
830 2137 926 2170 Filius,
954 2138 1000 2172 qui

217 2172 324 2219 semper
332 2188 374 2211 est
385 2184 412 2211 in
423 2172 558 2211 Patre?
576 2184 648 2211 enim
658 2172 766 2218 semper
780 2183 807 2210 in
825 2183 902 2211 Patre
930 2184 1002 2211 exsi-
1018 2172 1040 2200 θ

216 2235 290 2256 stens
305 2229 410 2265 proﬁcit
425 2234 452 2257 et
467 2230 575 2262 crescit,
591 2229 693 2264 aliquid
707 2229 835 2256 nimirum
853 2233 896 2256 est
920 2236 1001 2263 supra

216 2275 338 2308 Patrem,
353 2275 386 2302 ad
401 2276 474 2310 quod
490 2275 534 2303 ille
559 2283 686 2303 crescens
708 2275 861 2309 perveniat.
897 2274 1001 2303 Deinde

216 2322 239 2349 si
258 2322 338 2349 homo
349 2321 438 2358 iactus
454 2322 623 2357 proﬁciebat,
638 2327 698 2350 erat
712 2326 785 2354 ante,
814 2331 894 2357 quam
919 2324 1001 2351 homo

218 2367 305 2400 ﬁeret,
318 2367 503 2403 imperfectus.
521 2367 555 2395 Et
581 2376 646 2395 caro
658 2368 749 2402 potius
773 2368 1001 2404 pericc'ioipsius

217 2414 267 2440 fuit
281 2421 363 2448 quam
380 2413 438 2448 ipse
449 2414 548 2440 carnis.
564 2413 667 2440 Deinde
679 2413 701 2441 si
717 2412 836 2441 Verbum
861 2415 999 2441 exsistcns

216 2460 334 2494 proﬁcit,
349 2461 413 2495 quid
429 2460 517 2495 maius
531 2462 639 2495 assequi
654 2465 744 2495 potest
770 2468 850 2495 quam
868 2466 896 2488 ut
913 2461 947 2488 sit
962 2461 998 2493 id,

216 2507 289 2541 quod
302 2511 354 2537 est,
371 2506 490 2534 Verbum
506 2507 645 2538 nimirum,
660 2511 687 2534 et
702 2507 847 2541 sapientia,
861 2511 888 2534 et
902 2506 999 2539 Filius,

215 2559 242 2581 et
255 2553 337 2586 Deus,
354 2553 432 2588 cujus
444 2553 465 2581 si
480 2553 542 2588 quis
555 2558 584 2580 ut
595 2553 662 2580 radii
678 2553 814 2588 particeps
829 2553 885 2581 ﬁeri
898 2558 1000 2588 potest,

217 2601 238 2627 is
251 2600 323 2627 inter
339 2600 464 2627 homines
476 2605 519 2627 est
532 2599 759 2635 perfectissimus,
775 2605 801 2627 et
814 2600 926 2635 aequalis
955 2608 1004 2627 an-

218 2646 286 2681 gelis
301 2646 351 2673 lit?
382 2646 521 2681 Siquidem
547 2651 575 2674 et
597 2646 694 2682 Angeli
718 2651 747 2674 et
769 2646 943 2681 Arcbangeli,
976 2650 1004 2674 et

218 2692 433 2724 nominationes,
454 2697 482 2719 et
512 2699 609 2720 omnes
635 2692 801 2724 Potestates,
831 2698 860 2720 et
885 2692 1001 2725 Tlironi,

217 2738 297 2767 Verbi
313 2739 461 2774 participes
493 2746 637 2774 personam
667 2740 725 2774 ejus
744 2746 850 2774 semper
876 2742 1001 2766 contem-

252 2826 260 2842 '
277 2825 372 2854 Matth.
391 2833 462 2854 μιν.
476 2825 519 2853 42.
557 2826 568 2842 ³
587 2825 656 2853 Gen.
675 2833 715 2858 In,
731 2825 759 2852 9.
796 2825 805 2840 ³
824 2824 888 2851 Luc.
908 2831 938 2856 ll,
957 2823 1001 2851 52.

1049 900 1160 934 ἀγνοίας
1174 897 1253 924 τοῦτο
1276 896 1398 931 είρηκεν.
1411 895 1454 921 Ἐν
1466 894 1505 929 τῷ
1516 893 1670 929 παραδείσῳ
1684 891 1712 918 δὲ
1728 889 1838 934 saved-

1049 933 1122 971 νεται
1134 944 1148 969 6
1161 942 1224 973 Θεὸς
1240 950 1286 968 του
1300 941 1385 976 Ἀδὰμ
1396 939 1483 973 λέγων
1493 945 1500 953 ’
1520 937 1623 972 Ἀδὰμ,
1639 935 1698 963 ποῦ
1712 933 1757 967 si;
1776 933 1840 965 Ἐξ-

1049 989 1140 1021 ετάζει
1151 988 1178 1014 δὲ
1191 987 1237 1014 καὶ
1244 987 1288 1013 τὸν
1301 986 1370 1013 Κάῖν
1383 985 1470 1019 λέγων
1481 992 1488 999 ·
1503 983 1566 1010 Ποῦ
1577 983 1667 1010 Ἀσελ
1679 980 1839 1014 ὀάδελφός

1049 1042 1126 1066 σου;
1154 1034 1186 1060 Τί
1212 1033 1302 1060 τοίνυν
1329 1032 1377 1059 καὶ
1399 1030 1463 1065 περὶ
1488 1029 1583 1056 τούτου
1607 1028 1696 1062 φατέ,
1721 1026 1752 1052 Ei
1779 1025 1838 1059 γὰρ

1048 1081 1156 1114 ἀγνοεῖν
1170 1079 1251 1106 αὑτὸν
1267 1077 1404 1112 νομίζετε,
1420 1076 1467 1102 καὶ
1482 1075 1525 1101 διὰ
1543 1074 1623 1100 τοῦτο
1638 1070 1838 1102 πυνθάνεσθαι,

1049 1125 1210 1160 Μανιχαίοις
1235 1123 1284 1159 μὲν
1305 1122 1355 1158 ἤδη
1379 1120 1572 1155 προσετέθητε.
1600 1117 1695 1144 Αὐτῶν
1721 1117 1776 1150 γὰρ
1807 1115 1839 1140 τὺ

1048 1172 1169 1200 τοιοῦτον
1183 1171 1319 1206 τόλμημα.
1333 1170 1364 1196 Ei
1377 1168 1406 1195 δὲ
1420 1167 1582 1202 φοσούμενοι
1596 1163 1719 1200 φανερῶς
1735 1163 1840 1198 ὀνομα-

1050 1219 1146 1254 σθῆναι
1159 1218 1306 1251 Μανιχαῖοι
1319 1214 1445 1250 βιάζεσθε
1458 1213 1557 1244 αὐτοὺς
1572 1212 1669 1242 εἰπεῖν,
1689 1210 1731 1236 ὅτι
1750 1209 1837 1243 γινὼ-

1050 1273 1122 1292 σκων
1144 1263 1319 1295 πὺνθάνεται,
1342 1261 1369 1288 τί
1391 1261 1502 1291 ἄτοπον,
1526 1259 1543 1293 ἢ
1567 1258 1593 1284 τί
1620 1257 1695 1290 ξένον
1715 1255 1836 1291 ὁρῶντες

1048 1311 1120 1338 οὕτω
1140 1309 1314 1341 πεπτώκατε,
1333 1308 1358 1334 ει
1371 1308 1384 1333 ό
1401 1306 1475 1338 Υἱὸς,
1488 1306 1517 1332 ὲν
1529 1302 1551 1339 ᾧ
1564 1305 1624 1331 τότε
1641 1302 1810 1329 ἐπυνθάνετο
1824 1301 1839 1327 6

1048 1359 1113 1390 Θεὸς
1125 1377 1134 1390 ,
1152 1358 1166 1384 6
1184 1356 1266 1386 αὐτὸς
1285 1355 1348 1385 Υἱὸς
1365 1353 1413 1380 καὶ.
1429 1352 1477 1379 νῦν
1497 1351 1587 1386 σάρκα
1601 1348 1838 1385 περιϐαλλόμενος

1047 1403 1213 1431 πυνθάνεται
1238 1401 1277 1432 ὡς
1301 1399 1466 1435 ἄνθρωποςς
1494 1398 1525 1425 Et
1550 1397 1588 1432 μὴ
1610 1396 1664 1432 ἄρα
1687 1395 1838 1428 Μανιχαῖοι

1047 1450 1188 1486 γενόμενοι
1202 1446 1359 1484 μέμφεσθαι
1370 1446 1495 1480 Θελήσετε
1509 1445 1557 1471 καὶ
1569 1443 1618 1478 τὴν
1637 1441 1700 1468 τότε
1719 1439 1834 1486 γενομέ-

1049 1485 1098 1532 νην
1111 1496 1178 1531 πρὸς
1189 1495 1235 1522 τδν
1253 1493 1338 1527 Ἀδάμ
1349 1491 1494 1527 δρώτησιν,
1510 1490 1552 1517 ῐνα
1566 1489 1645 1525 μόνον
1656 1485 1837 1522 νεανιεὺησῦε

1050 1545 1080 1571 ὲν
1100 1544 1160 1574 ταῖς
1180 1541 1347 1571 κακονοίαις.
1365 1538 1419 1566 Καὶ
1442 1537 1497 1572 γὰρ
1512 1538 1541 1563 ὲν
1561 1535 1645 1563 πᾶσιν
1661 1533 1838 1568 ἐλεγχόμενοι

1051 1589 1191 1625 ϐορυσεῖτε
1211 1586 1291 1614 πάλιν
1310 1585 1355 1613 διὰ
1369 1585 1399 1612 τὸ
1416 1583 1562 1619 εἰρημένον
1574 1581 1651 1616 παρὰ
1666 1580 1714 1606 τοῦ
1730 1580 1837 1607 Λουκᾶ.

1050 1636 1118 1671 Φησὶ
1133 1634 1187 1669 γάρ
1199 1643 1207 1650 ·
1222 1631 1282 1666 Kal,
1288 1630 1408 1665 Ἰησοῦς
1419 1629 1584 1663 προέκοπτσ
1598 1626 1690 1661 σοφίᾳ
1705 1626 1756 1652 καί
1769 1626 1839 1658 ἠλι-

1050 1682 1110 1714 κίᾳ,
1126 1680 1174 1707 καί
1189 1679 1285 1714 χάριτι
1301 1677 1381 1712 παρὰ
1397 1675 1467 1708 Θεῷ,
1480 1677 1530 1702 καὶ
1543 1672 1720 1708 ἀνθρώποις.
1739 1672 1839 1704 ’Δναγ-

1051 1729 1129 1756 καῖον
1147 1726 1195 1755 οὖν
1212 1727 1270 1752 ἐστι
1286 1725 1369 1752 πάλιν
1389 1723 1486 1753 αὐτοὺς
1501 1721 1538 1753 ὡς
1553 1721 1615 1751 τοὺς
1636 1718 1839 1748 Σαδδουκαίους

1051 1775 1098 1801 καὶ
1110 1773 1274 1809 Φαρισαίους
1301 1771 1455 1806 ἐρωτῆσαι·
1478 1766 1580 1801 Ἰησοῦς
1598 1765 1716 1801 Χριστὸς
1731 1764 1839 1798 mp..-

1051 1822 1101 1852 πός
1114 1821 1199 1852 ἐστιν,
1213 1818 1252 1850 ὡς
1266 1819 1291 1844 οί
1302 1817 1378 1844 ἄλλοι
1391 1816 1490 1846 πάντες
1504 1814 1651 1848 ἄνθρωποι,
1667 1812 1682 1846 ἢ
1696 1811 1764 1842 Θεός
1779 1812 1839 1836 ἐστι

1052 1868 1141 1903 σάρκα
1167 1864 1276 1900 φορῶν;
1295 1864 1325 1890 El
1343 1863 1391 1897 μὲν
1417 1859 1464 1888 οὖν
1481 1860 1569 1891 κοινδς
1596 1858 1741 1892 ἄνθρωπος
1767 1856 1839 1882 κατὰ

1051 1902 1114 1944 τους
1127 1911 1222 1943 ἄλλους
1237 1909 1396 1945 ἀνθρώπους
1412 1908 1459 1934 καὶ
1474 1905 1553 1936 αὐτός
1570 1906 1654 1935 ἐστιν,
1668 1904 1738 1929 ἔστω
1756 1902 1839 1929 πάλιν

1051 1960 1089 1992 ὡς
1100 1959 1242 1994 ἅνθρωπος
1258 1957 1430 1992 προκόπτων.
1447 1952 1533 1979 Τοῦτο
1549 1951 1640 1986 μέντοι
1653 1948 1700 1976 τοῦ
1713 1949 1838 1982 Σαμοσά-

1051 2005 1121 2036 τέως
1135 2003 1193 2030 ἐστὶ
1209 2004 1240 2030 τδ
1257 2001 1384 2037 φρόνημα
1395 2019 1402 2033 ,
1418 1999 1432 2025 6
1446 2000 1479 2034 τῇ
1496 1997 1545 2032 μὲν
1560 1996 1674 2030 δυνάμει
1691 1995 1739 2021 κα)⁵
1756 1995 1838 2029 ὑμεῖς

1053 2051 1187 2086 φρονεῖτε,
1200 2048 1239 2084 τῷ
1251 2048 1278 2074 δὲ
1295 2046 1406 2082 ὀνόματι
1422 2045 1501 2080 μόνον
1516 2042 1642 2078 ἀρνεῖσθε
1656 2040 1699 2068 διὰ
1710 2041 1774 2072 τοὺς
1789 2040 1838 2066 άν-

1054 2085 1189 2132 mm.
1211 2096 1241 2122 Et
1255 2094 1283 2121 δὲ
1297 2094 1363 2125 Θεός
1379 2093 1438 2119 εστι
1455 2091 1546 2127 σάρκα
1557 2088 1659 2124 φορῶν,
1676 2085 1839 2132 ἐπειδὴΔιια)

1055 2129 1132 2169 τοῦτό
1141 2143 1215 2168 ἐστιν
1228 2138 1346 2174 ἀληθῶς,
1365 2137 1444 2163 ποίαν
1458 2135 1514 2170 ἔχει
1531 2132 1672 2169 προκοπὴν
1686 2133 1700 2158 6
1716 2131 1762 2156 ίσα
1777 2129 1838 2162 Θεῴ

1054 2189 1183 2223 ὑπάρχων
1195 2195 1203 2220 ;
1220 2186 1256 2212 Ἦ
1269 2185 1320 2212 ποῦ
1336 2182 1408 2218 εἶχεν
1421 2182 1546 2215 αὐξάνειν
1557 2181 1571 2207 6
1586 2180 1659 2211 Υἱὸς,
1674 2179 1688 2204 6
1700 2178 1743 2204 ἀεὶ
1752 2176 1796 2223 ,ὢν
1810 2177 1838 2202 ὲν

1052 2234 1092 2269 τῷ
1109 2222 1215 2267 lla-cpi;
1234 2231 1265 2258 El
1282 2230 1337 2266 γὰρ
1351 2229 1395 2256 ἀεὶ
1411 2227 1448 2254 ὣν
1465 2229 1493 2254 ἐν
1511 2226 1552 2261 τῷ
1566 2225 1653 2260 [lupi
1672 2222 1836 2258 προκόπτει,

1052 2267 1147 2315 ’τί-ἄρα
1165 2277 1239 2304 ἐστὶν
1255 2277 1384 2302 ἐπέκεινα
1406 2273 1453 2300 τοῦ
1478 2272 1595 2307 Πατρὺς,
1615 2270 1657 2296 ἵνα
1686 2267 1840 2301 inito-31:9

1054 2325 1202 2361 προκόψῃ;
1226 2324 1353 2353 Ἔπειτα,
1376 2321 1402 2347 εί
1422 2320 1563 2355 ἄνθρωπος
1585 2317 1730 2352 γενόμενος
1768 2323 1840 2349 προ·

1053 2374 1162 2403 emt-ure,
1177 2370 1254 2404 δῆλον
1262 2369 1303 2396 ὃτι
1315 2367 1368 2403 πρὸ
1383 2367 1430 2393 τοῦ
1446 2365 1571 2400 γενέσθαι
1579 2363 1723 2398 ἄνθρωπος
1737 2361 1840 2396 ἀτελὴς

1052 2417 1097 2454 ἦν,
1114 2418 1159 2444 καὶ
1174 2416 1272 2452 μᾶλλον
1285 2416 1302 2449 ὴ
1316 2413 1383 2449 σὰρξ
1394 2412 1468 2439 αἰτία
1478 2412 1526 2446 τῆς
1539 2410 1702 2454 τελειώσεως
1715 2407 1839 2441 γέγονεν,

1053 2452 1070 2500 ἢ
1090 2463 1169 2494 αὐτὸς
1184 2462 1233 2497 τῆς
1253 2460 1364 2495 σαρκός.
1381 2458 1468 2484 Πάλιν
1485 2465 1526 2487 τε,
1541 2456 1565 2482 εί
1583 2454 1668 2488 Λόγος
1683 2452 1721 2479 ὢν
1736 2453 1840 2487 προκό-

1053 2498 1129 2542 «im,
1138 2507 1164 2534 τι
1176 2507 1266 2542 μεῖζον
1281 2505 1338 2540 ἔχει
1351 2503 1479 2538 γενέσθαι
1494 2502 1592 2536 Λόγου,
1609 2502 1655 2528 καὶ
1669 2498 1777 2534 σοφίας,
1792 2499 1839 2525 καὶ

1053 2554 1118 2582 Υῑοῦ
1131 2573 1139 2587 ,
1154 2553 1201 2580 καὶ
1219 2551 1286 2579 Θεοῦ
1299 2571 1306 2584 ,
1321 2551 1368 2577 καὶ
1383 2550 1543 2582 δυνάμεως;
1559 2546 1651 2574 Ταῦτα
1666 2546 1720 2580 γάρ
1736 2546 1813 2571 ἐστιν
1826 2545 1839 2571 6

1052 2600 1148 2633 Λόγος,
1164 2595 1194 2625 οὗ
1210 2599 1287 2628 εἴτις
1300 2596 1337 2628 ὡς
1351 2596 1460 2624 ἀκτῖνος
1477 2593 1621 2628 μετασχεῖν
1636 2599 1694 2622 πως
1710 2590 1836 2622 δύναται,

1051 2646 1065 2672 ό
1079 2643 1200 2674 τοιοῦτος
1215 2641 1373 2672 παντέλειος
1387 2639 1416 2666 ὲν
1435 2637 1599 2674 ἀνθρώποις,
1615 2637 1661 2663 καὶ
1680 2637 1736 2667 ίσος
1753 2635 1836 2670 ἀγγέ-

1051 2689 1106 2720 λοις
1119 2689 1234 2723 γίνεται.
1252 2687 1307 2714 Καὶ
1315 2686 1368 2721 γὰρ
1378 2685 1425 2712 καὶ
1436 2683 1574 2718 Ἄγγελοι,
1584 2682 1630 2708 καὶ
1644 2682 1672 2708 ’Δ
1678 2681 1834 2717 ρχάγγελοι,

1052 2735 1100 2762 καὶ
1113 2734 1281 2769 κυριότητες
1291 2752 1298 2766 ,
1315 2732 1364 2759 καὶ
1379 2732 1465 2758 πᾶσαι
1480 2730 1508 2758 αι
1523 2729 1673 2765 Δυνάμεις,
1683 2729 1731 2756 καὶ
1739 2728 1833 2765 Θρόνοι
