1902 3078
37 96 95 127 445

533 95 719 126 PANOPLIA
741 95 969 127 DOGMATICA.
991 109 1023 116 -
1043 98 1118 129 Tl'l‘.
1137 99 1192 130 Xi.

1623 100 1676 132 446

36 151 91 177 τοῦ
108 151 199 184 Λόγου
215 150 377 186 μετέχοντες
392 149 521 185 βλίπουσι
535 150 578 177 διὰ
594 151 694 183 παντὸς
708 151 738 177 τδ
752 151 835 186 πρόσ-

897 152 1006 180 ›Ι;ιιιιυι-.
1020 153 1163 186 Quomodo
1177 154 1259 188 igitur
1275 154 1320 190 qui
1333 155 1393 183 aliis
1401 155 1596 190 perfectionem
1608 163 1677 190 pra--

38 206 120 224 ωπον
138 198 232 224 αὑτοῦ.
251 197 312 229 Πῶς
328 195 376 224 οὖν
399 197 413 223 ὁ
424 196 515 229 ἄλλοις
531 196 580 233 τὴν
594 198 751 232 τελειότητα
768 205 837 231 παρ-

40 243 117 278 έχων
146 243 227 274 αὐτὸς
248 242 309 277 μετ’
338 242 459 274 ἐκεί-γους
483 243 654 277 προκόπτεις
672 242 764 269 ’Λλλοι
781 243 837 278 γὰρ

40 290 92 316 καὶ
108 290 142 325 τῇ
157 289 316 325 ἀνθρωπίνῃ
338 289 420 315 αὑτοῦ
440 289 546 322 γενέσει
559 289 731 324 διηκόνησαν,
747 289 795 316 καὶ
807 288 839 315 τδ

40 334 198 369 λεγόμενον
222 335 298 369 παρὰ
313 334 350 370 τῷ
367 335 459 370 Λουκᾷ
475 335 544 369 μετὰ
563 334 614 369 τὴν
631 334 769 361 διακονίαν
782 334 838 361 τῶν

42 380 173 415 ἀγγέλων
187 381 305 416 εἴρηται.
323 380 383 411 Πῶς
395 380 442 407 οὖν
457 381 473 416 ἡ
489 381 569 415 σοφία
585 381 614 407 ὲν
628 383 709 415 σοφίᾳ
722 381 839 416 προέκο-

43 435 116 454 πτεν
130 435 139 458 ς
152 427 187 453 Ἣ
204 427 262 458 πῶς
277 427 291 452 ὁ
305 427 363 458 τοῖς
380 427 471 458 ἄλλοις
485 427 533 458 τὴν
548 427 628 462 χάριν
643 427 731 458 διδοὺς
748 428 772 461 (ὁ
785 428 839 462 γὰρ

45 472 158 505 Παῦλος
172 473 216 499 διὰ
232 473 322 507 πάσης
343 473 489 507 ἐπιστολῆς
502 473 538 499 δι’
553 472 637 500 αὑτοῦ
654 472 773 500 δίδοσθαι
790 473 840 508 τὴν

42 519 128 553 χάριν
140 518 284 551 γινώσκων
299 518 383 553 φησίν
395 527 401 534 ·
417 518 448 546 Ἡ
463 519 550 552 χάρις
562 519 616 546 τοῦ
629 519 740 552 Κυρίου
755 519 841 553 ἡμῶν

50 563 160 597 Ἰησοῦ
179 564 310 598 Χριστοῦ
335 565 407 599 μετὰ
433 564 555 591 πάντων
581 564 689 599 ὑμῶν),
707 565 787 597 αὐτὸς
812 566 841 592 tv

20 644 23 647 _
43 609 141 643 χάριτι
154 609 325 644 προέκοπτεν
338 617 345 642 ;
359 610 394 636 Ἦ
403 610 457 644 γὰρ
466 609 613 644 ψεύδεσθαι
624 609 669 635 τὸν
679 609 840 636 ’Λπόστολον

42 655 217 688 λεγέτωσαν,
234 655 251 690 ἢ
274 655 339 690 μηδὲ
353 656 450 689 σοφίαν
464 653 533 682 εἶναι
549 655 637 689 λέγειν
647 656 692 682 τὸν
706 655 769 682 Υἱὸν
779 655 841 681 τολ-

46 702 130 735 μάτω
136 709 194 733 ταν,
207 701 223 736 ἢ
237 701 262 727 εί
275 702 356 736 σοφία
366 702 434 733 ἐστὶ,
445 702 588 737 προκοπὴν
597 702 647 728 οὐκ
659 702 812 736 ὲπεδόχετο.

83 747 246 782 Ἄνθρωποι
256 748 305 783 μὲν
317 748 370 784 γὰρ
382 748 518 783 κτίσματα
530 749 710 783 τυγχάνοντες
719 748 843 776 ἐπεκτεί-

42 791 143 818 νεσθαί
169 801 229 824 πως
256 793 303 819 καὶ
330 794 494 828 προκόπτειν
520 794 550 821 ἐν
577 794 662 828 ἀρετῇ
701 793 841 822 δύνανται.

49 836 142 872 Ἑνὼχ
164 837 231 871 γοῦν
256 838 326 865 οὕτω
348 839 493 874 μετετέθη,
511 839 557 866 καὶ
583 839 702 874 Μωῦσῆς
719 839 844 873 αὐξάνων

43 882 214 912 ἐτελειοῦτο.
234 882 326 910 Ἰσαὰκ
341 883 368 910 δὲ
383 885 545 919 προκόπτων
555 884 663 918 ἐγένετο
678 884 773 919 μέγας.
789 885 844 912 Καὶ

42 927 59 952 ὁ
89 927 259 959 Ἀπόστολος
280 929 484 956 ἐπεκτείνεσθαι
504 930 565 957 καθ’
585 930 693 965 ἡμέραν
713 931 770 961 τοῖς
794 929 844 965 ἐμ-

44 975 173 1009 προτόεν
193 974 295 1009 ἔλεγεν.
320 973 384 1010 Εῐχε
405 977 459 1010 γὰρ
485 976 601 1007 ἕκαστος
625 977 676 1003 ποῦ
697 976 843 1011 προκόψει,

45 1020 162 1054 βλέπων
177 1021 217 1052 είς
235 1021 280 1048 τὸν
298 1021 453 1056 ἔμπροσθεν
469 1021 551 1049 αὑτοῦ
568 1021 684 1056 βαθμόν.
707 1022 736 1048 'O
752 1021 780 1048 δὲ
796 1022 844 1048 τοῦ

43 1066 120 1092 Θεοῦ
140 1066 205 1098 Υἱὸς
224 1067 303 1102 μόνος
318 1067 356 1094 ῶν
367 1088 374 1100 ,
391 1069 419 1095 ἑν
434 1068 472 1103 τῷ
489 1068 562 1103 μόνῳ
583 1068 670 1103 Πατρί
686 1069 761 1095 ἐστιν
772 1087 780 1100 ,
797 1068 845 1103 ἀφ’

43 1108 77 1139 οὗ
93 1112 160 1139 οὐδὲ
176 1113 371 1147 ἐπεκτείνεται,
386 1113 443 1140 ἀλλ’
460 1115 488 1140 ὲν
506 1113 580 1148 αὐτῷ
597 1114 685 1149 μένων
698 1115 775 1141 ἐστὶν
790 1114 845 1141 ἀεί.

58 1158 253 1194 Ανῦρωπίνως
268 1157 314 1187 οὖν
330 1160 437 1196 εἴρηται
458 1159 505 1186 καὶ
521 1160 641 1187 ἐνταῦθα
658 1160 845 1194 προκόπτειν,

45 1205 116 1230 ἔπεϊ
131 1205 181 1230 καὶ
196 1205 248 1230 τῶν
262 1205 413 1241 ἀνθρώπων
424 1206 484 1233 ἐστὶ
501 1206 580 1233 πάλιν
597 1207 614 1242 ἡ
635 1207 771 1242 προκοπή.
790 1207 845 1234 Καὶ

42 1249 106 1284 γὰρ
125 1250 176 1276 καὶ
189 1249 204 1276 ὁ
221 1251 419 1285 εὐαγγελιστὴς
446 1251 515 1286 μετὰ
531 1252 661 1288 ἀκριϐοῦς
681 1253 844 1288 παρατηρή-

42 1305 122 1327 σεως
137 1295 280 1333 λέγων,τῇ
295 1299 419 1333 προκοπῇ
435 1298 536 1334 συνῆψε
549 1299 598 1335 τὴν
611 1299 719 1334 ἠλικίαν
737 1308 744 1314 ·
758 1300 844 1333 Λόγος

41 1343 74 1368 δὲ
92 1342 146 1369 καὶ
162 1343 229 1375 est;
243 1343 334 1378 ἡλικίᾳ
349 1344 380 1370 οὐ
399 1345 579 1380 μεμέτρηται,
597 1345 665 1372 ἀλλὰ
679 1345 734 1372 τῶν
751 1345 846 1380 σωμά-

41 1397 106 1414 των
124 1388 194 1415 είςὶν
207 1389 235 1415 ai
250 1389 364 1425 ἡλικίαι.
380 1390 433 1416 Τοῦ
447 1391 573 1426 σώματος
587 1391 642 1427 ἄρα
655 1393 729 1419 ἐστὶν
744 1393 760 1427 ἡ
775 1400 844 1427 προ-

42 1433 138 1468 κοπή.
152 1433 241 1460 Αὐτοῦ
255 1435 310 1470 γὰρ
323 1436 535 1471 προκόπτοντος,
547 1436 717 1471 προέκοπτεν
730 1438 758 1463 ἐν
769 1437 845 1472 αὑτῷ

44 1479 99 1504 καὶ
117 1479 135 1512 ἢ
148 1479 302 1514 φανέρωσις
319 1480 367 1515 τῆς
383 1480 509 1516 θεότητος
523 1482 580 1513 τοῖς
596 1481 706 1516 ὁρῶσιν.
728 1482 803 1517 ὀσῳ
815 1482 843 1509 δὲ
859 1492 880 1521 ς

43 1524 62 1557 ἡ
78 1523 185 1559 θεότης
200 1524 418 1556 ἀπεκαλύπτετο.
434 1525 553 1561 τοσούτῳ
569 1527 653 1553 πλέον
667 1527 682 1562 ή
700 1528 780 1562 χάρις
792 1527 846 1562 ηὖ-

43 1570 136 1602 εανεν
154 1570 193 1601 ὡς
209 1570 352 1605 ἀνθρώπου
372 1572 449 1607 παρὰ
465 1573 547 1600 πᾶσιν
563 1573 728 1609 ἀνθρώποις.
735 1573 846 1601 Παιδίον

44 1615 102 1650 μὲν
120 1614 178 1649 γὰρ
195 1615 372 1649 ἑδαστάζετο,
388 1619 452 1649 παῖς
467 1618 494 1644 δὲ
509 1619 654 1652 γενόμενος
670 1619 801 1655 ἐπέμενεν
815 1621 844 1647 ὲν

40 1659 88 1695 τῷ
107 1659 190 1694 ἱερῷ,
213 1661 262 1687 καὶ
277 1661 340 1693 τοὺς
360 1663 450 1698 ἱερέας
463 1663 589 1699 ἀνέκρινε
606 1664 670 1699 περὶ
686 1665 733 1691 τοῦ
750 1665 844 1700 νόμου.

42 1705 122 1733 Κατ’
140 1705 232 1740 ὀλίγον
245 1707 273 1733 δὲ
290 1707 336 1733 τοῦ
352 1707 477 1742 σώματος
489 1709 660 1742 αὐξάνοντος,
676 1711 723 1737 καὶ
735 1711 780 1737 τὸν
794 1712 846 1737 Λό-

40 1761 98 1787 γον
121 1751 317 1787 φανεροῦντος,
331 1754 504 1788 ὁμολογεῖται
522 1755 615 1782 λοιπὸν
635 1756 710 1791 παρὰ
725 1758 776 1790 μὲν
792 1757 846 1783 [Ιέ-

39 1808 119 1835 τρου
137 1799 258 1833 πρῶτον,
274 1797 335 1825 εἶτα
351 1800 398 1826 καὶ
415 1801 491 1836 παρὰ
507 1802 615 1828 πάντων
631 1802 685 1829 τῶν
702 1803 844 1839 μαθητῶν,

40 1847 90 1873 ὅτι
113 1845 227 1879 ἀληθῶς
239 1845 307 1872 Θεοῦ
322 1846 385 1878 Υἱός
400 1847 483 1874 ἐστιν.
501 1847 533 1874 Εἰ
550 1848 601 1883 χρὴ
617 1848 646 1875 δὲ
661 1849 708 1875 καὶ
726 1849 846 1881 πιθανῶς

42 1890 127 1926 μετὰ
137 1889 186 1916 τοῦ
195 1890 310 1925 ἀληθοῦς
319 1891 418 1924 είπεϊν,
429 1892 509 1924 αὐτὸς
522 1894 551 1920 ὲν
565 1894 653 1929 ἐαυτῷ
667 1896 845 1930 προέκοπτεν.

45 1936 91 1963 Ἦ
116 1935 215 1969 σοφία
241 1937 295 1971 γὰρ
309 1937 506 1973 ᾠκοδόμησεν
530 1939 626 1974 ἑαυτῇ
648 1940 742 1974 οἷκον,
758 1943 805 1969 καὶ
817 1944 847 1970 ὲν

41 1982 141 2017 ἑαυτῇ
157 1983 323 2017 προκόπτειν
339 1984 384 2010 τὸν
402 1983 476 2011 οἶκον
491 1986 588 2013 ὲποίει.

85 2037 142 2068 Τίς
153 2037 183 2063 δέ
198 2038 271 2065 ἔστιν
287 2039 303 2074 ἡ
315 2039 449 2075 λεγομένη
463 2041 598 2076 προκοπὴ,
615 2041 687 2069 καθὰ
699 2043 845 2078 προεῖπον;

49 2085 88 2112 Ἦ
116 2084 197 2120 παρά
215 2085 266 2120 τῆς
284 2086 380 2120 σοφίας
399 2087 595 2123 μεταδιδομένη
617 2089 673 2119 τοϊς
692 2088 847 2125 ἀνθρώποις

42 2130 227 2165 θεοποίησις,
244 2131 291 2158 καὶ
304 2131 393 2167 χάρις,
409 2131 640 2168 ὲξαφανιζομένης
656 2133 685 2160 ἐν
697 2133 786 2164 αὐτοῖς
797 2134 847 2169 τῆς

42 2176 198 2212 ἁμαρτίας
213 2177 260 2203 καὶ
284 2165 375 2211 τῆςὲὲν
385 2178 475 2209 αὐτοῖς
492 2165 595 2213 φθορᾶς
605 2165 676 2206 κατὰ
688 2179 738 2214 τὴν
754 2165 847 2213 ὁμοιό-
865 2165 886 2192 D

39 2232 124 2259 τητα
147 2222 198 2248 καὶ
223 2223 383 2257 συγγένειαν
397 2224 447 2259 τῆς
464 2225 563 2260 σαρκὸς
582 2225 630 2252 τοῦ
645 2225 743 2259 Λόγου.
769 2225 848 2253 Οὕτω

38 2271 107 2305 γὰρ
123 2268 290 2301 αὑξάνοντος
304 2271 332 2296 ἐν
345 2270 436 2306 ἡλικίᾳ
450 2270 497 2297 τοῦ
509 2270 645 2305 σώματος,
660 2271 849 2298 συνεπεόίδοτο

39 2320 74 2344 ὲν
100 2315 185 2351 αὐτῷ
204 2316 220 2351 ὴ
243 2316 292 2350 τῆς
317 2317 443 2352 θεότητος
465 2317 630 2352 φανέρωσις,
649 2318 696 2345 καὶ
713 2317 849 2344 ιδείκνυτο

41 2362 133 2397 παρὰ
152 2361 248 2393 πᾶσιν,
263 2362 305 2388 ὅτι
319 2362 380 2394 ναὸς
397 2362 465 2389 Θεοῦ
487 2363 555 2395 ἐστι,
573 2363 621 2390 καὶ
639 2363 705 2394 Θεὸς
719 2361 752 2398 ἢν
768 2364 796 2390 ἐν
809 2363 849 2398 τῷ

39 2411 178 2444 σώματι.
210 2407 272 2435 Ἐὰν
295 2408 324 2435 δὲ
343 2409 542 2442 φιλονεικῶσιν,
563 2409 604 2436 ὅτι
625 2409 728 2444 Ἰησοῦς
748 2410 851 2446 ἐκλήθη

40 2455 124 2490 σὰρξ
144 2454 302 2489 γενόμενος,
316 2455 363 2481 καὶ
377 2456 416 2486 είς
433 2455 514 2482 αὐτὸν
527 2455 684 2491 ἀναφέρωσι
697 2456 727 2482 τὸ
738 2456 853 2491 λεγόμε-

37 2511 93 2529 νον
125 2499 329 2534 προέκοπτεν,
356 2501 540 2533 ὰκουέτωσαν,
562 2502 603 2528 ὅτι
624 2501 686 2527 οὐδὲ
709 2501 788 2528 τοῦτο
807 2501 855 2528 νῦν

38 2546 168 2574 ἐλαττοῖ
190 2544 220 2571 τὺ
242 2546 375 2580 πατρικὸν
396 2546 463 2580 φῶς.
482 2546 567 2574 Τοῦτο
585 2547 640 2582 γάρ
658 2547 731 2573 ἐστιν
748 2548 762 2573 ό
776 2546 851 2578 Υἱός.

38 2593 186 2621 Δεικνυσι
207 2591 235 2618 δὲ
258 2592 350 2624 πάλιν,
371 2592 411 2618 ὅτι
433 2593 542 2627 γέγονεν
562 2592 706 2628 ἅνθρωπος
723 2593 736 2619 ὁ
756 2592 853 2626 Λόγος,

41 2641 98 2668 καὶ
111 2637 252 2672 ἀληθινὴν
264 2637 378 2674 ὲφόρεσε
391 2639 493 2673 σάρκα,
506 2638 553 2665 καὶ
567 2638 661 2675 ὥσπερ
673 2635 796 2673 εἴπομεν,
811 2639 852 2665 ’ότι

43 2683 146 2719 σαρκὶ
173 2682 311 2716 πέπονθε,
337 2683 385 2709 καὶ
414 2684 496 2718 σαρκὶ
526 2682 665 2715 ὲπείνασε,
692 2682 740 2710 καὶ
770 2683 852 2717 σαρκὶ

40 2730 211 2759 ἐκοπίασεν
221 2749 230 2763 ,
249 2729 320 2757 οὕτω
335 2729 382 2757 καὶ
397 2730 509 2762 είκότως
527 2729 560 2757 ἂν
575 2729 681 2765 λέγοιτο
691 2749 699 2762 ,
715 2729 756 2756 ὅτι
770 2729 853 2764 σαρκὶ

888 197 942 229 bet,
958 198 1015 232 ipse
1027 203 1088 233 post
1104 199 1165 226 illos
1182 200 1323 234 proﬁciat?
1334 201 1429 235 Angeli
1442 201 1515 228 enim
1530 205 1557 228 et
1573 201 1600 228 in
1614 206 1675 229 ortu

889 243 973 278 ipsius
985 243 1106 271 humano
1120 245 1324 273 ministrabant.
1363 246 1398 274 Et
1412 247 1484 281 quod
1502 254 1517 274 a
1541 247 1612 274 Luca
1637 247 1679 274 di-

889 294 964 316 ctum
981 294 1032 320 est.
1050 294 1112 324 post
1125 290 1284 325 angelorum
1309 291 1491 319 ministerium
1513 292 1574 319 iuit.
1600 291 1674 324 Quo-

889 336 971 361 modo
989 334 1070 369 igitur
1098 336 1121 362 is
1150 335 1198 370 qui
1226 335 1284 371 ipsa
1312 336 1445 370 sapientia
1471 340 1521 367 est.
1548 336 1678 370 sapientia

891 380 1071 414 proﬁciebat?
1087 382 1141 407 Aut
1157 381 1204 416 qui
1224 382 1339 417 gratiam
1354 382 1413 409 aliis
1445 381 1577 417 elargitnr
1591 382 1598 414 (
1615 389 1678 407 nam

890 425 990 453 Paulus
1003 427 1112 461 quidem
1130 427 1156 454 in
1174 427 1303 454 omnibus
1327 426 1457 462 Epistolis
1479 426 1538 454 suis
1562 427 1678 461 gratiam

890 481 939 508 per
955 473 1043 508 ipsum
1056 473 1114 500 dari
1133 473 1212 501 facile
1233 474 1377 508 agnoscit:
1400 473 1506 505 Gratia.
1538 473 1678 508 inquiens.

893 519 998 546 Domini
1030 519 1114 546 nostri
1144 518 1206 546 Jesu
1221 519 1319 547 Christi
1348 528 1407 546 cum
1433 519 1553 546 omnibus
1577 517 1680 552 vobis‘)

892 565 951 599 ipse
962 565 1046 600 gratia
1061 565 1240 600 proﬁciebat?
1252 565 1395 601 Antigitnr
1408 566 1568 600 Apostolum
1582 564 1679 593 dicant

892 610 958 638 falsa
975 611 1126 645 scripsisse,
1144 615 1192 638 aut
1205 611 1364 645 sapientiam
1377 618 1437 638 esse
1452 610 1549 637 Filium
1568 615 1679 646 negent:

891 661 939 684 aut
953 656 974 684 si
994 657 1128 692 sapientia
1140 662 1192 688 est.
1221 657 1326 684 nullum
1350 657 1502 692 accipiebat
1527 657 1682 684 incremen-

893 706 962 728 tum.

930 747 1060 776 Homines
1075 748 1159 780 enim,
1177 748 1222 782 qui
1233 748 1319 775 creati
1331 752 1405 780 sunt,
1437 755 1572 778 crescere.
1598 752 1626 774 et
1654 747 1682 774 in

894 794 1004 822 virtutis
1019 795 1109 822 studio
1124 793 1248 829 progredi
1259 799 1383 828 possunt.
1399 794 1490 822 Enoch
1504 794 1613 828 quidem
1630 794 1682 820 hoc

896 839 977 867 modo
994 840 1145 866 translatus
1159 844 1213 867 est.
1232 839 1265 866 Et
1282 839 1371 867 Moses
1399 847 1529 866 crescens
1553 839 1682 874 proﬁcie-

895 885 952 913 bat.
969 885 1002 912 Et
1017 884 1101 912 Isaias
1114 885 1262 920 proﬁciens
1287 893 1402 921 magnus
1417 885 1530 913 eﬂ‘ectus
1559 890 1610 912 est.
1651 885 1686 911 Et

895 931 1041 966 Apostolus
1054 931 1087 958 ad
1102 939 1134 958 ea
1148 931 1281 966 quotidie,
1299 939 1359 965 quae
1376 937 1438 959 ante
1465 936 1540 964 sunt,
1568 935 1686 958 conten—

895 977 988 1005 debat.
1005 976 1108 1004 Horum
1120 977 1193 1005 enim
1211 977 1310 1012 singuli
1327 978 1478 1010 habebant,
1495 985 1549 1012 quo
1573 985 1686 1012 progre-

896 1024 1038 1055 deremur,
1055 1024 1211 1059 superiores
1226 1024 1327 1058 gradus
1340 1024 1492 1051 intuentes.
1513 1024 1547 1050 At
1567 1024 1616 1050 Dei
1639 1024 1686 1050 Fi—

895 1069 948 1096 lius
964 1069 1039 1097 solus
1050 1070 1186 1097 exsistens
1197 1069 1223 1096 in
1236 1070 1294 1097 solo
1324 1069 1402 1097 Patre
1433 1075 1485 1101 est.
1511 1078 1526 1097 a
1551 1078 1607 1104 quo
1628 1077 1683 1096 non

898 1115 1011 1142 ulterius
1034 1116 1203 1149 extenditur,
1233 1116 1281 1143 sed
1309 1116 1335 1143 in
1363 1117 1423 1151 ipso
1451 1123 1561 1150 semper
1581 1121 1684 1142 manet.

897 1161 1023 1189 Humana
1039 1169 1105 1197 ergo
1122 1163 1227 1189 ratione
1239 1162 1341 1189 dictum
1357 1166 1409 1194 est,
1427 1161 1601 1189 Proliciebat.
1617 1162 1686 1188 Nam

898 1208 1042 1234 hominum
1076 1213 1120 1234 est
1149 1207 1286 1242 profectio
1315 1211 1342 1234 et
1374 1211 1562 1241 augmentum.
1594 1206 1685 1239 Quare

896 1262 992 1289 magna
1009 1262 1070 1282 cum
1083 1255 1276 1282 observatione
1288 1259 1397 1281 aetatem
1413 1253 1539 1288 adiunxit
1566 1261 1686 1288 evange-

894 1300 966 1332 lista,
982 1300 1153 1333 Proﬁciebat,
1168 1301 1305 1336 inquiens,
1323 1301 1457 1335 sapientia
1471 1304 1499 1327 et
1515 1303 1603 1326 a-tate.
1617 1298 1685 1326 Ver-

896 1347 959 1374 bum
989 1352 1081 1373 autem
1108 1350 1135 1372 et
1153 1346 1223 1373 Deus
1238 1345 1342 1371 nullam
1359 1344 1439 1371 habet
1455 1343 1544 1371 aetatis
1568 1349 1682 1370 mensu-

896 1393 1082 1420 ramJEtates
1096 1393 1170 1419 enim
1192 1391 1224 1419 ad
1254 1399 1355 1426 corpus
1385 1391 1553 1418 referuntur.
1589 1391 1684 1423 itaque

897 1439 1022 1474 corporis
1043 1443 1084 1466 est
1103 1439 1162 1466 haec
1178 1438 1341 1474 progressio.
1363 1438 1485 1472 Corpore
1511 1437 1584 1464 enim
1608 1443 1685 1464 cres-

897 1492 978 1515 cente
995 1486 1148 1514 divinitatis
1164 1485 1315 1512 declaratio
1329 1484 1486 1511 videntibus
1514 1482 1602 1517 major
1629 1481 1686 1509 eiii-

897 1533 1031 1560 ciebatnr.
1046 1531 1156 1565 Quanto
1172 1537 1263 1558 autem
1277 1531 1364 1565 magis
1379 1529 1512 1557 dit-initas
1527 1528 1683 1564 pateﬁebat,

897 1583 974 1606 tanto
992 1578 1077 1613 magis
1091 1578 1176 1613 gratia
1195 1577 1356 1612 augebatur.
1371 1583 1469 1609 nempe
1484 1574 1606 1602 hominis
1628 1574 1682 1607 jam

896 1624 967 1660 apud
983 1632 1080 1652 omnes
1108 1624 1245 1651 homines.
1261 1622 1397 1649 Puerulus
1414 1621 1487 1648 enim
1516 1620 1685 1656 gestabatur.

897 1670 969 1698 Puer
984 1678 1048 1698 vero
1061 1671 1161 1697 mansit
1173 1670 1201 1697 in
1218 1669 1330 1703 letltplt),
1346 1672 1374 1695 et
1404 1675 1466 1695 cum
1496 1666 1687 1693 sacerdotibus

898 1718 931 1744 de
946 1718 1006 1752 lege
1023 1717 1191 1752 disputabat.
1225 1715 1358 1743 Paulatim
1381 1714 1511 1748 deinceps
1543 1717 1686 1739 cresaentc

897 1771 1023 1798 corpore,
1041 1768 1068 1790 et
1078 1762 1195 1790 Verbum
1210 1762 1426 1793 demonstranle,
1441 1760 1538 1786 Petrus
1555 1759 1686 1793 primum,

897 1809 996 1837 deinde
1006 1808 1105 1843 reliqui
1123 1807 1249 1843 discipuli
1265 1815 1328 1835 eum
1343 1814 1408 1834 vere
1422 1805 1468 1832 Dei
1499 1805 1600 1832 Filium
1622 1811 1689 1830 eon—

898 1856 1017 1883 ﬁtentur.
1034 1854 1114 1888 Quod
1141 1854 1164 1881 si
1195 1853 1336 1889 probabile
1357 1852 1461 1888 aliquid
1484 1859 1548 1879 cum
1570 1850 1690 1878 veritate»

897 1903 1073 1937 coniunctum
1090 1900 1237 1929 dicendum
1254 1905 1307 1933 est,
1326 1900 1385 1935 ipse
1396 1899 1424 1926 in
1438 1899 1530 1933 seipso
1560 1896 1686 1932 proﬁcie-

898 1949 954 1976 bat.
983 1947 1121 1983 Sapientia
1136 1948 1205 1974 enim
1226 1946 1367 1981 azdiﬁcuuit
1393 1945 1444 1972 sibi
1468 1945 1577 1971 domum
1603 1944 1634 1975 ²,
1662 1945 1690 1968 et

899 1995 927 2022 in
949 1994 1038 2029 seipsa
1052 1993 1118 2020 fecit
1149 1993 1260 2020 domutn
1287 1997 1463 2025 consurgere.

934 2039 1062 2073 Quaenam
1072 2043 1162 2066 aulem
1177 2043 1219 2066 est
1229 2039 1286 2065 haec
1303 2037 1472 2072 progressio,
1489 2034 1640 2062 secundum
1656 2041 1692 2061 ea

898 2090 959 2117 qua:
972 2081 1091 2109 diximus
1101 2081 1112 2108 ?
1121 2081 1214 2109 Gratia
1224 2081 1330 2108 scilicet
1341 2083 1368 2107 et
1378 2079 1518 2106 deiﬁcatio
1532 2077 1691 2104 hominibus

899 2136 914 2155 a
930 2128 1063 2162 sapientia
1079 2127 1229 2162 impertita,
1239 2127 1329 2154 deleto
1341 2126 1369 2152 in
1391 2125 1444 2152 illis
1456 2129 1567 2160 peccato
1590 2128 1617 2151 et
1630 2131 1692 2150 cor-

903 2174 1043 2209 ruptione,
1056 2179 1167 2208 propter
1181 2173 1303 2208 ipsorum
1319 2179 1381 2200 cutn
1397 2179 1481 2199 carne
1497 2169 1581 2198 Verbi
1594 2170 1691 2198 simili-

903 2220 1024 2248 tudinem
1039 2225 1066 2247 et
1080 2219 1282 2255 cognationem.
1304 2219 1371 2246 Dum
1390 2218 1472 2253 igitur
1489 2225 1592 2252 corpus
1614 2221 1695 2244 :etate

901 2271 1049 2298 cresceret.
1064 2266 1215 2302 augebatur
1239 2265 1266 2291 in
1283 2265 1343 2299 ipso
1357 2263 1510 2290 divinitatis
1533 2263 1695 2295 declaratio.

901 2321 954 2348 qua
972 2312 1173 2348 cognoscebant
1187 2318 1292 2342 omnes,
1309 2309 1397 2345 ipsum
1407 2316 1467 2336 esse
1485 2309 1614 2343 templum
1635 2309 1696 2342 Dei,

901 2365 929 2388 et
955 2361 1038 2387 Deum
1053 2366 1113 2386 esse
1131 2359 1158 2385 in
1173 2365 1299 2392 corpore.
1313 2357 1391 2390 Quod
1412 2356 1434 2383 si
1452 2355 1625 2390 pertinacius
1647 2356 1696 2382 ob-

903 2406 1033 2438 stiterint,
1047 2405 1172 2433 dicentes
1188 2409 1314 2431 vocatum
1333 2411 1393 2430 esse
1407 2402 1512 2435 Jesum,
1527 2410 1589 2429 cum
1608 2401 1700 2430 iactus

903 2458 948 2481 est
969 2460 1044 2484 caro,
1072 2456 1099 2479 et
1132 2451 1198 2478 illud
1223 2450 1379 2486 proﬁciebat
1405 2449 1439 2477 ad
1468 2449 1544 2476 illum
1577 2448 1702 2476 dixerint

905 2507 966 2528 esse
981 2497 1169 2529 referendum,
1187 2497 1286 2528 sciant,
1303 2504 1338 2523 ne
1363 2496 1388 2523 id
1414 2496 1526 2531 quidem
1552 2500 1702 2530 paternam

904 2546 996 2573 lucem
1014 2543 1187 2570 imminuere.
1202 2543 1251 2570 Est
1265 2545 1337 2570 enim
1354 2541 1450 2569 Filius.
1476 2541 1568 2576 anue
1593 2549 1621 2568 re
1639 2541 1700 2575 pla.-

907 2600 973 2620 num
992 2591 1033 2623 iit,
1048 2589 1168 2617 Verbum
1190 2597 1251 2617 esse
1264 2589 1364 2616 factum
1378 2589 1528 2620 hominem,
1553 2592 1581 2615 et
1605 2595 1703 2615 veram

906 2645 1018 2666 carnem
1034 2641 1167 2672 gestasse.
1185 2636 1219 2663 Et.
1233 2636 1468 2671 quemadmodum
1483 2635 1613 2666 dicimus.
1642 2633 1700 2662 Do-

906 2685 1010 2712 minutn
1022 2690 1106 2711 carne
1123 2689 1233 2718 passum
1253 2689 1325 2713 esse.
1342 2686 1370 2709 et
1391 2690 1473 2709 carne.
1498 2681 1641 2714 esuriisse,
1672 2684 1705 2708 et

906 2735 990 2757 carne
1007 2728 1183 2764 defatigatum
1190 2735 1262 2761 esse,
1277 2727 1316 2756 sic
1325 2727 1478 2763 etiamjure
1488 2726 1610 2754 dicemus
1619 2732 1705 2754 carne

85 2816 95 2832 ¹
115 2814 272 2848 Rom.xvt,
286 2814 386 2848 20-24;
403 2814 426 2841 li
439 2813 505 2842 Cor.
525 2821 582 2847 ιιιι,
608 2814 649 2842 13.
688 2813 698 2829 ⁸
714 2812 795 2840 Prov.
825 2819 866 2844 ix.
879 2811 904 2840 1.
