1902 3078
41 133 104 164 ιω

43 238 125 266 θέτω
136 235 173 263 τὸ
186 234 342 268 ποτήριον,
365 232 526 268 μαθέτωσαν
551 232 609 264 πῶς
620 233 635 259 ὁ
654 231 739 258 ταῦτα
757 232 835 266 εἰρη-

43 283 108 316 κὼς
125 282 245 317 ἐπετίμα
261 280 300 316 τῷ
311 281 406 316 Πέτρῳ
418 280 506 315 λέγων
516 288 524 295 ·
536 279 578 308 Οὐ
592 278 712 314 φρονεῖς
724 277 761 305 τὰ
782 277 836 304 τοῦ

44 330 138 358 Θεοῦ.
156 327 254 355 Ἦθιλε
270 327 322 362 γὰρ
334 327 349 353 δ
362 327 523 362 παρῃτεῖτο,
539 326 585 352 καὶ
596 324 639 351 διὰ
651 323 730 351 τοῦτο
748 321 781 359 ἦν
794 322 837 349 ἐλ-

43 377 117 403 θών.
139 374 274 408 Ἐπετίμα
288 374 337 409 μὲν
357 370 405 400 οὖν
421 372 460 409 τῷ
478 371 574 407 Πέτρῳ
603 370 644 402 ὡς
663 369 739 402 θεὸς,
763 377 836 403 παρ-

42 423 144 458 ῃτείτο
157 421 184 447 δὲ
209 420 255 446 τὸν
274 418 389 446 θάνατον
406 417 444 449 ὡς
460 417 615 452 ἄνθρωπος.
634 413 696 450 Εἶχε
719 415 774 450 γὰρ
784 415 838 441 δει-

42 468 155 494 λιῶσαν
172 466 223 502 τὴν
243 465 344 500 σάρκα,
370 462 404 489 δι’
416 463 451 499 ἢν
469 462 602 497 συνεκέρα
628 461 659 488 τδ
678 460 775 488 ἑαυτοῦ
796 459 838 486 θέ-

44 515 129 548 λημα
140 513 172 547 τῇ
188 510 347 545 ἀνθρωπίνῃ
373 508 510 544 ἀσθενείᾳ,
526 507 570 534 ίνα
588 507 635 534 καὶ
663 507 744 534 τοῦτο
757 505 838 533 πάλιν

45 557 199 591 ἀφανίσας,
218 553 421 591 θσρραλέοντὺν
440 553 585 589 ἄνθρωπον
611 552 680 588 πρὸς
693 552 739 579 τὸν
757 551 838 579 θάνα-

43 612 97 630 τον
128 601 332 636 κατασκευάσῃ.
369 599 435 626 Ἰδοὺ
463 599 519 633 γὰρ
547 599 663 633 πρᾶγμα
688 596 839 633 παράδοξον

45 648 174 683 ἀληθῶς.
201 648 250 673 ’ον
264 646 334 673 κατά
344 645 444 672 δειλίαν
451 644 582 672 λαλοῦντα
590 643 744 678 νομίζουσιν
752 643 841 677 οἱχρι-

46 696 199 730 στομάχοι,
220 690 298 724 οὗτος
316 693 349 727 τῇ
364 690 531 726 νομιζομένῃ
557 690 643 724 δειλίᾳ
669 689 840 724 θαρραλέους

44 742 114 772 τοὺς
128 738 291 775 ἀνθρώπους
318 738 365 764 καὶ
381 736 499 772 ἀφόϐους
514 735 726 767 κατασκευάζει.
741 735 772 762 Oi
786 734 839 768 γὰρ

47 787 186 822 μακάριοι
208 783 353 811 ἀπόστολοι
383 783 442 817 μετ’
458 782 550 814 αὑτὸν,
569 781 615 808 καὶ
631 782 656 808 al
673 781 748 808 ἀλλοι
767 780 840 814 ἅγιοι

47 833 196 868 μάρτυρες
222 830 310 862 οὕτως
327 831 358 856 ὲκ
379 828 434 855 τῶν
453 828 581 855 τοιούτων
595 828 692 862 φωνῶν
708 827 841 862 κατεφρό-

45 887 116 906 νουν
130 877 180 904 τοῦ
201 876 326 908 θανάτου,
340 875 377 906 ὡς
398 875 498 910 μᾶλλον
512 874 633 908 νομίζειν
646 874 685 905 είς
706 874 756 908 τὴν
768 873 841 908 ζωὴν

48 925 243 960 μεταϐαίνειν,
255 923 271 958 ἢ
281 922 394 950 θάνατον
406 921 562 956 ὑπομένειν.
577 920 637 952 Πῶς
650 918 697 947 οὗν
712 920 763 947 οὐκ
780 920 842 947 ἀτο-

48 980 104 999 πον
121 971 177 998 τῶν
194 970 242 1006 μὲν
265 967 438 1004 θεραπόντων
452 967 498 994 τοῦ
515 967 602 1001 Λόγου
618 965 768 1001 θαυμάζειν
793 966 842 1002 τὴν

49 1017 183 1052 ἀ.δρίαν,
194 1014 276 1041 αὐτὸν
292 1014 320 1041 δὲ
335 1013 380 1040 τὸν
393 1013 478 1046 Λόγον
494 1013 583 1046 λέγειν
599 1020 628 1038 τε
643 1011 755 1047 δειλιᾷν,
767 1011 801 1037 δι’
812 1011 842 1037 ὃν

51 1065 182 1090 κάκεῖνοι
202 1061 317 1088 θανάτου
344 1059 573 1095 κατεφρόνησαν;
596 1058 647 1085 Ἕκ
670 1058 698 1085 δὲ
711 1058 762 1092 τῆς
787 1056 842 1084 τῶν

49 1108 144 1142 ἁγίων
169 1106 321 1142 μαρτυρίας
347 1105 588 1140 καρτερικωτάτης
609 1102 774 1138 προθέσεως,
798 1102 843 1129 καὶ

51 1153 171 1189 ἀνδρίας
191 1152 339 1185 δείκνυται,
374 1151 412 1182 ὡς
435 1151 486 1178 οὐκ
507 1148 541 1186 ἦν
563 1151 580 1185 ή
596 1149 690 1184 θεότης
705 1149 841 1179 δειλιῶσα.

50 1201 127 1228 ἀλλά
147 1200 199 1235 τὴν
214 1199 294 1234 ἡμῶν
316 1198 417 1225 δειλίαν
433 1195 467 1233 ἦν
482 1195 685 1231 ἀφαιρούμενος
702 1196 715 1221 ὁ
732 1195 841 1230 Σωτήρ.

56 1247 104 1273 ‘0.-
122 1246 178 1281 γὰρ
194 1245 301 1280 Θανάτῳ
314 1244 358 1270 τὸν
370 1243 484 1270 θάνατον
498 1242 666 1277 κατήργησε,
682 1241 728 1267 καὶ
739 1240 844 1275 ἀνθρω-

51 1293 144 1322 πίνως
165 1291 253 1317 πάντα
270 1290 304 1316 τά
330 1288 500 1323 ἀνθρώπινα,
520 1286 591 1313 οὕτω
620 1287 667 1312 καὶ
685 1287 719 1321 τῇ
734 1287 842 1317 νομιζο-

52 1339 129 1375 μένῃ
143 1337 230 1372 δειλίᾳ
241 1335 290 1371 τὴν
303 1335 380 1371 ἡμῶν
391 1334 493 1361 δειλίαν
502 1333 643 1368 ἀφῃρεῖτο,
651 1333 697 1359 καί
711 1331 843 1366 πεποίηκε

52 1386 161 1421 μηκέτι
194 1383 336 1418 φοϐεῖσθαι
362 1381 426 1412 τοὺς
457 1379 616 1416 ἀνθρώπους
645 1378 692 1406 τὸν
716 1377 843 1405 θάνατον.

51 1433 176 1466 Ἔλεγεν
198 1429 245 1457 οὖν
272 1428 369 1460 ταῦτα,
391 1428 440 1455 καὶ
462 1427 521 1462 ἅμα
540 1426 637 1454 ἐποίει.
662 1425 844 1460 Ἀνθρὼπινον

50 1476 107 1510 μιν
125 1475 181 1510 γὰρ
205 1471 239 1509 ἧν
254 1474 285 1500 τὸ
304 1471 595 1507 λέγεινοηαρελθέτω
613 1471 648 1498 τὸ
674 1470 820 1505 ποτήριον
835 1477 842 1486 ·

49 1521 102 1548 χαί
116 1528 129 1536 ’
148 1520 244 1548 ἰνατι
269 1527 308 1554 με
332 1518 561 1553 ἑγκατέλειπεω
580 1517 677 1549 θεῖκῶς
692 1517 722 1544 δὲ
739 1518 753 1544 ό
766 1516 845 1547 αὐτὸς
858 1530 879 1560 c

49 1567 148 1592 ἐποίει
171 1564 217 1591 sitv
233 1564 311 1599 ἥλιον
328 1563 476 1595 ἐκλείπειν,
497 1563 544 1589 καὶ
559 1561 623 1593 τοὺς
638 1561 752 1597 νεκροὺς
770 1560 843 1595 ἀγει-

50 1612 169 1648 ρεσθαι.
186 1610 270 1637 Πάλιν
284 1617 313 1636 τε
327 1609 412 1644 λέγων
426 1608 604 1644 ἀνθρωπίνως
616 1615 622 1623 ·
638 1607 705 1635 Νῦν
720 1607 740 1641 ἡ
757 1606 843 1642 ψυχή

43 1667 112 1694 μου
123 1656 307 1690 τετάρακται,
322 1655 397 1689 ἔλεγε
409 1654 507 1686 θεῖκῶς
520 1663 529 1671 ·
539 1653 699 1686 Ἐξουσίαν
711 1654 770 1688 ἕχω
786 1653 844 1687 τὴν

47 1703 165 1737 ψυχήν
187 1709 246 1735 μου
261 1701 367 1733 θεῖναι,
380 1700 430 1726 καί
451 1698 546 1726 πάλιν
558 1698 706 1731 ἐξουσίαν
719 1699 779 1733 ἔχω
790 1699 845 1724 λα-

49 1749 121 1776 ϐεῖν
133 1747 244 1780 αὐτὴν.
261 1747 298 1772 Τὸ
315 1746 364 1781 μὲν
389 1745 444 1780 γὰρ
456 1744 638 1781 ταράττεσθαι
662 1744 761 1780 σαρκὸς
778 1744 843 1770 ῐδιον

47 1793 98 1830 ἦν,
113 1793 146 1820 τδ
160 1793 190 1820 δὲ
211 1792 335 1825 ἐξουσίαν
350 1791 423 1827 ἔχειν
442 1791 528 1817 θεῖναι
556 1791 603 1817 καὶ
613 1789 707 1816 λαϐεῖν
726 1789 769 1815 ὅτε
780 1788 845 1824 βού-

48 1839 197 1875 λεταιτὴν
211 1839 310 1874 ψυχὴν,
331 1839 380 1865 οὐκ
407 1837 466 1864 ἐστι
492 1837 573 1865 τοῦτο
600 1836 664 1863 ἲδιον
688 1834 844 1871 ἀνθρώπου,

49 1887 127 1916 ἀλλὰ
141 1886 193 1921 τῆς
208 1885 354 1919 τοῦΛόγου
366 1883 507 1919 δυνάμεώς
518 1884 602 1912 ἐστιν.
616 1883 777 1917 Ἄνθρωπος
790 1882 844 1916 γάρ

48 1934 83 1960 οὺ
98 1931 165 1958 κατ’
185 1930 254 1958 Βίαν
269 1930 403 1962 ἐξουσίαν,
424 1929 481 1956 ἀλλ’
501 1930 608 1965 ἀνάγκῃ
622 1929 730 1964 φύσεως
749 1928 845 1963 καὶμὴ

51 1979 145 2005 θέλων
159 1977 337 2012 ἀποθνήσκει.
354 1976 384 2003 '0
394 1976 423 2003 δὲ
442 1975 542 2011 Κύριος
558 1975 689 2005 ἀθάνατος
711 1974 759 2008 ὢν,
778 1974 846 2009 σάρ-

50 2034 92 2051 κα
107 2024 139 2050 δι
154 2022 256 2058 θνητὴν
272 2022 352 2057 ἔχων,
372 2021 417 2048 ἐπ’
433 2022 557 2054 ἐξουσίας
572 2020 644 2057 εἶχεν
657 2021 695 2052 ὡς
706 2021 772 2052 Θεὸς
789 2021 844 2047 ἀπὸ

50 2070 104 2097 τοῦ
126 2069 254 2103 σώματος
268 2067 448 2103 χωρισθῆναι,
476 2068 526 2095 καὶ
542 2066 619 2094 τοῦτο
648 2067 730 2094 πάλιν
743 2067 846 2094 ἀναλα-

51 2117 116 2142 δεῖν
128 2116 176 2142 ὅτε
191 2114 326 2150 βούλεται.
340 2114 464 2148 Ἐπρεπε
484 2114 539 2148 γὰρ
563 2113 686 2148 φθαρτὴν
699 2113 780 2140 οὖσαν
795 2113 846 2148 τὴν

52 2165 151 2198 σάρχα
166 2161 265 2195 μηκέτι
291 2161 361 2187 κατά
385 2161 435 2196 τὴν
458 2161 558 2196 ἑαυτῆς
574 2159 655 2194 φύσιν
673 2159 765 2196 μένειν
781 2159 846 2194 θνη-

52 2195 122 2243 τὴν,
139 2206 208 2233 ἀλλὰ
219 2207 263 2233 διά
278 2206 325 2233 τὸν
339 2195 518 2241 ἐνδυσάμενον
539 2206 625 2242 αὐτὴν
637 2205 726 2239 Λόγον
740 2205 845 2241 ᾶοθαρ-
858 2195 884 2225 Ῐ)

50 2263 103 2281 τον
117 2253 271 2288 διαμένειν.
288 2252 332 2284 Ὠς
344 2253 399 2288 γὰρ
413 2253 492 2284 αὐτὸς
504 2252 648 2287 γενόμενος
671 2253 701 2279 ὲν
711 2251 750 2286 τῷ
764 2252 781 2287 ἡ
787 2252 845 2286 μῶν

52 2301 172 2335 σώματι
184 2298 216 2325 τὰ
232 2298 310 2334 ἡμῶν
324 2300 489 2334 ἐμιμήσατο,
504 2298 590 2329 οὕτως
606 2298 687 2333 ἡμεῖς
703 2297 846 2333 δεξάμενοι

50 2345 156 2373 τοῦτον
165 2345 214 2379 τῆς
229 2345 293 2380 παρ’
308 2344 412 2371 ἐκείνου
429 2343 672 2379 μεταλαμϐάνομεν
686 2343 846 2375 ἀθανασίας.

51 2393 160 2425 Μάτην
182 2391 272 2417 τοίνυν
297 2390 523 2422 σκανδαλίζεσθαι
553 2389 776 2424 προσποιοῦνται,
806 2390 847 2417 ὅτι

52 2438 126 2472 περὶ
141 2435 190 2463 τοῦ
207 2436 294 2469 Λόγου
307 2436 461 2471 γέγραπται
478 2444 483 2450 '
496 2435 658 2470 Ἐταράχθη
675 2436 724 2463 καὶ
738 2437 848 2463 ἃλιλαυ-

50 2492 130 2512 aer.
172 2482 294 2509 Ἐοίκασί
329 2473 382 2517 γὰρ
417 2482 484 2517 μηδὲ
519 2482 694 2517 ἀνθρωπίνην
719 2482 848 2516 αἴσθησιν

53 2530 148 2565 ἔχειν,
162 2528 324 2562 ἀγνοοῦντες
337 2528 386 2562 τὴν
406 2528 461 2554 τῶν
476 2527 627 2563 ἀνθρώπων
640 2527 721 2562 φύσιν
752 2527 799 2554 καὶ
814 2527 847 2554 τὰ

53 2575 168 2602 τούτων
196 2574 258 2601 ἴδια.
279 2574 389 2601 Μᾶλλον
411 2575 465 2608 γὰρ
485 2573 540 2600 ἔδει
569 2573 731 2609 θαυμάζειν,
751 2574 805 2600 «ὅτι
820 2574 849 2600 ὲν

53 2621 177 2648 τοιαῦτα
195 2620 338 2657 πασχούσῃ
351 2620 433 2655 σαρκὶ
452 2611 486 2656 ἦν
503 2620 518 2646 ὁ
529 2618 626 2653 Λόγος,
647 2621 693 2646 καὶ
706 2619 769 2646 οίνιε
780 2618 849 2646 ἐκώ-

52 2667 125 2694 λυσε
147 2665 212 2697 τοὺς
227 2666 462 2698 ἐπιϐουλεύοντας,
486 2665 548 2692 οὒτε
569 2665 683 2698 ὲξεδίιιει
706 2665 778 2692 κατά
793 2665 847 2692 τῶν

51 2712 258 2747 ἀναιρούντων,
274 2712 377 2747 καίπερ
394 2711 556 2746 δυνάμενος,
579 2712 593 2738 ό
608 2711 704 2743 ἄλλους
723 2711 848 2742 κωλυσας

49 2758 221 2791 ἀποθανεῖν,
235 2759 281 2786 καὶ
294 2758 480 2790 ἀποθανόντας
499 2758 610 2793 ἐγείρας
619 2758 651 2784 ἐκ
665 2758 719 2786 τῶν
734 2757 849 2793 νεκρῶν,

528 130 716 162 PANOPLIA
737 130 969 161 DOGMATICA.
987 142 1019 148 ·-
1039 131 1115 161 ΤΙΤ.
1131 130 1182 161 Χῐ.

83 189 155 224 Περὶ
172 188 200 216 δὲ
213 186 261 215 τοῦ
282 186 371 222 λέγειν
395 185 476 213 αὐτόν
489 193 497 201 ·
517 187 551 213 El
565 185 711 219 δυνατὸν,
727 186 840 219 παρελ-
853 187 878 216 Α

1624 132 1676 164 430

925 184 986 214 Jam
999 185 1071 221 quod
1083 185 1203 221 pertinet
1217 184 1251 213 ad
1268 184 1314 213 illa
1327 185 1409 213 verba
1426 194 1433 213 :
1452 185 1481 214 Si
1494 187 1552 221 fieri
1576 194 1674 222 potest,

888 227 1005 259 transeat
1019 240 1035 259 α
1055 240 1096 259 me
1125 232 1196 259 tali:
1211 233 1232 266 ’,
1268 232 1497 264 animadvertant.
1527 236 1676 268 quomodo,

886 278 932 312 qui
947 277 1090 310 bzcdixit.
1107 277 1218 305 Petrum
1236 278 1405 312 increpuerit
1417 299 1425 312 ,
1457 278 1517 306 Non
1531 280 1616 314 capit,
1632 280 1676 307 in-
1727 304 1730 306 ν

886 323 995 358 quiens.
1015 332 1073 359 que
1088 324 1136 351 Dei
1150 329 1211 352 sunt
1227 324 1248 351 '.
1273 323 1591 360 .Volebatsuscipereid,
1604 326 1676 361 quod

887 370 1094 406 deprecabatur,
1121 375 1149 399 et
1164 371 1267 399 idcirco
1278 375 1401 398 venerat.
1416 371 1570 406 increpavit
1594 372 1676 408 igitur

888 416 996 444 Petrum
1023 421 1054 445 ut
1068 417 1149 450 Deus.
1170 416 1332 452 deprecatus
1348 421 1391 445 est
1415 422 1532 445 martem
1542 422 1573 446 ut
1583 418 1676 446 homo.

889 462 1012 490 Habebat
1027 463 1099 491 enim
1109 471 1218 491 carnem
1237 464 1373 499 pavidam,
1391 468 1502 498 propter
1511 471 1594 500 quam
1613 472 1675 493 cum

889 507 1006 535 humana
1019 508 1202 537 imbecillitate
1216 502 1383 537 voluntatem
1398 516 1474 536 suam
1485 510 1635 544 conjunxit,
1646 515 1677 537 ut

890 553 1036 582 hancilem
1054 553 1224 581 affectionem
1257 554 1389 585 aboleret.
1417 555 1611 590 hominemque
1638 556 1672 583 ad

889 599 1071 634 oppetendam
1086 603 1203 627 mortem
1217 604 1359 627 strenuum
1388 603 1415 627 et
1430 599 1526 627 fortem
1545 599 1676 628 efﬁceret.

890 644 1008 672 Attende
1019 644 1092 672 enim
1113 652 1169 672 rem
1181 635 1280 672 novam
1317 649 1345 673 et
1356 644 1558 674 admirabilem.
1589 646 1675 680 Quem

891 691 984 719 timide
997 691 1070 726 loqui
1087 695 1184 727 putant
1198 691 1242 719 isti
1265 691 1368 719 Christi
1380 692 1484 725 hostes,
1497 692 1521 719 is
1551 699 1583 719 ea
1618 693 1676 728 ipsa

890 737 1046 769 affectione.
1060 745 1142 772 quam
1155 737 1206 772 ipsi
1224 737 1397 765 formidinem
1425 738 1595 770 existimant.
1618 738 1670 765 ho-

891 782 979 810 mines
1018 782 1152 810 audentes
1184 787 1212 810 et
1245 782 1396 818 impavidos
1424 783 1577 810 constituit.
1608 783 1675 811 Nam

892 827 963 855 beati
978 831 1038 862 post
1064 827 1139 855 illum
1167 827 1282 862 apostoli
1312 833 1339 855 et
1358 828 1403 855 alii
1432 828 1519 856 sancti
1545 834 1677 864 martyres

892 879 1002 909 propter
1032 873 1082 901 has
1109 880 1190 900 voces
1215 874 1284 901 adeo
1302 879 1415 901 mortem
1443 878 1677 910 contempserunt,

893 924 985 954 utper
999 926 1057 946 eam
1086 926 1116 946 se
1149 919 1235 954 magis
1257 919 1290 946 ad
1324 919 1406 946 vitam
1439 919 1566 951 transire.
1593 927 1675 955 quam

892 970 1006 993 mortem
1021 965 1112 993 subire
1129 965 1326 992 existimarent.
1343 965 1428 998 Quam
1450 966 1598 994 absurdum
1628 967 1679 1001 igi-

893 1016 937 1038 tur
968 1015 1020 1044 est,
1052 1019 1113 1038 cum
1144 1010 1224 1038 Verbi
1261 1011 1447 1039 ministrorum
1487 1011 1676 1041 fortitudinem

892 1057 1045 1090 admireris,
1063 1057 1180 1085 Verbum
1199 1057 1286 1092 ipsum
1303 1057 1425 1085 timidum
1452 1058 1553 1091 dicere,
1567 1066 1678 1094 propter

891 1103 965 1139 quod
980 1103 1018 1130 illi
1031 1108 1145 1131 mortem
1159 1110 1213 1130 non
1230 1103 1380 1131 timuerunt
1396 1104 1403 1130 !
1419 1103 1457 1131 Ex
1470 1104 1618 1133 fortissimo
1629 1105 1681 1141 ἰαί.

894 1156 939 1177 tur
972 1154 1130 1177 sanctorum
1161 1153 1311 1184 martyrum
1338 1151 1478 1184 proposito
1522 1152 1679 1186 virtuteque

893 1199 999 1223 constat
1024 1195 1194 1223 divinitatem
1212 1195 1323 1222 minime
1352 1195 1523 1229 formidasse,
1553 1196 1600 1224 sed
1622 1197 1680 1224 ιω-

894 1242 1022 1269 midinem
1040 1246 1159 1269 nostram
1176 1241 1347 1268 Servatorem
1365 1242 1526 1270 abstulisse.
1540 1243 1678 1276 Quemad-

893 1288 1002 1314 modum
1015 1289 1089 1315 enim
1103 1291 1190 1314 morte
1199 1294 1248 1314 sua
1276 1292 1390 1314 mortem
1413 1287 1559 1323 destruxit,
1574 1293 1603 1316 et
1626 1289 1678 1316 hu-

894 1333 1024 1361 manitate
1038 1339 1088 1359 sua
1101 1331 1220 1366 reliquas
1232 1332 1365 1359 humanas
1380 1332 1552 1367 aiIcctiones,
1580 1334 1622 1361 sic
1649 1339 1677 1362 et

895 1379 947 1407 hoc
958 1379 1003 1414 qui
1017 1383 1105 1406 metus
1133 1378 1248 1410 dicitur,
1278 1383 1382 1406 metum
1412 1383 1536 1406 nostrum
1556 1380 1676 1412 sustulit,

895 1425 1049 1460 effecitque.
1069 1432 1103 1452 ne
1118 1424 1242 1451 homines
1262 1424 1377 1459 amplius
1408 1429 1523 1453 mortem
1547 1426 1678 1453 extimes-

897 1476 1001 1499 cerent.
1019 1470 1090 1497 Dixit
1106 1471 1151 1498 ille
1167 1471 1288 1505 quidem,
1306 1475 1335 1498 et
1349 1470 1414 1497 fecit
1425 1470 1493 1498 inec.
1510 1470 1577 1498 Nam
1606 1472 1679 1499 situt

896 1516 1014 1543 hominis
1029 1515 1080 1543 fuit
1095 1516 1184 1543 dicere
1200 1524 1206 1542 :
1226 1515 1355 1542 Transeat
1375 1515 1468 1549 calix;
1489 1521 1517 1544 et
1536 1526 1544 1544 :
1564 1517 1617 1545 Cur
1634 1517 1675 1544 de-

895 1563 1024 1598 reliquisti
1043 1561 1099 1589 me?
1109 1562 1147 1589 sic
1165 1561 1211 1589 Dei
1225 1561 1399 1595 fuiteilicere.
1412 1567 1441 1590 ut
1461 1563 1502 1591 sol
1527 1563 1586 1599 ipse
1614 1563 1681 1591 deii-

893 1616 978 1641 ceret,
989 1614 1016 1637 et
1030 1609 1128 1636 mortui
1144 1608 1264 1636 redirent
1278 1609 1304 1635 in
1321 1612 1414 1636 vitam.
1430 1610 1462 1637 Et
1470 1610 1514 1644 qui
1541 1610 1619 1640 dixit.
1642 1615 1674 1637 ut

895 1658 997 1685 homo:
1026 1658 1124 1684 Anima
1139 1656 1313 1684 nteaturimta
1336 1661 1375 1684 est
1394 1656 1415 1689 ³.
1441 1657 1511 1684 idem
1537 1658 1576 1685 uti
1610 1657 1681 1684 Deus

895 1704 982 1731 dixit:
1001 1703 1157 1730 l’otestatem
1175 1701 1258 1729 habeo
1266 1703 1377 1737 ponendi
1401 1702 1518 1729 animum
1542 1711 1637 1732 meam.
1657 1710 1680 1729 et

895 1754 1050 1785 potestatem
1064 1749 1144 1776 habeo
1159 1750 1255 1775 iterum
1273 1750 1421 1775 assumendi
1434 1756 1491 1774 eam
1506 1749 1530 1775 ’⁸.
1567 1749 1681 1776 Turbati

895 1794 968 1821 enim
981 1797 1023 1820 est
1039 1793 1177 1828 proprium
1187 1792 1288 1820 carnis.
1306 1791 1410 1819 Habere
1444 1797 1547 1824 autent.
1568 1793 1678 1827 quando

899 1840 968 1872 vult,
1005 1838 1122 1875 ponendi
1163 1838 1343 1874 sumendique
1368 1838 1487 1867 animam
1510 1843 1681 1875 potestatem.

897 1894 952 1913 non
975 1890 1016 1913 est
1030 1885 1146 1920 amplius
1159 1886 1277 1913 hominis
1299 1885 1449 1921 proprium,
1478 1885 1526 1913 scd
1546 1885 1580 1913 ad
1600 1886 1680 1913 Verhi

896 1932 1046 1969 potentiam
1063 1933 1190 1968 pertinet.
1217 1932 1303 1960 llomo
1314 1933 1386 1960 enim
1403 1940 1458 1960 non
1475 1937 1612 1968 potestate
1621 1941 1681 1965 sua,

898 1981 946 2007 sed
959 1984 1064 2007 natura:
1077 1979 1240 2007 necessitate
1249 1980 1329 2006 etiam
1348 1980 1447 2006 nolens
1473 1980 1600 2007 moritur.
1630 1979 1682 2006 Do-

897 2025 986 2052 minus
994 2024 1150 2058 autem,qni
1165 2025 1326 2052 immortalis
1339 2031 1393 2056 est,
1405 2031 1548 2052 etcarnem
1560 2026 1683 2060 gestabat

895 2070 1052 2102 mortalem.
1067 2075 1097 2098 ut
1110 2070 1181 2098 Deus
1197 2075 1358 2105 potestatem
1374 2071 1504 2102 habebat,
1517 2077 1547 2098 ut
1563 2080 1601 2105 se,
1618 2080 1680 2100 cum

898 2115 991 2146 vellet.
1007 2120 1034 2142 et
1045 2123 1061 2142 a
1072 2123 1186 2150 corpore
1202 2121 1354 2150 separaret,
1368 2121 1504 2151 etcorpus
1519 2117 1618 2144 iterum
1631 2125 1680 2145 su-

899 2165 998 2189 meret.
1027 2160 1146 2188 Decebat
1156 2161 1241 2194 enim,
1251 2166 1279 2188 ut
1299 2169 1363 2189 caro
1378 2162 1502 2190 mortalis
1528 2167 1556 2190 et
1586 2163 1683 2191 interi-

898 2206 1194 2241 tuiobnoxianonjam
1209 2214 1241 2233 ex
1256 2211 1353 2234 natura
1382 2215 1430 2234 sua
1461 2212 1586 2236 maneret
1607 2216 1682 2236 mor-

898 2252 971 2285 talis,
995 2251 1042 2279 sed
1059 2256 1169 2287 propter
1186 2252 1400 2287 Verbum,quod
1423 2253 1496 2281 illam
1527 2261 1685 2290 assumpsi:-

899 2304 951 2331 rat.
977 2298 1138 2326 immortalis
1148 2297 1250 2325 effecta
1266 2298 1372 2325 nullum
1398 2298 1516 2333 amplius
1537 2299 1680 2326 interitum

902 2345 1029 2374 sentiret.
1058 2343 1135 2372 Sicut
1153 2345 1227 2371 enim
1253 2351 1367 2378 corpore
1397 2350 1492 2372 nostro
1505 2352 1566 2380 quae
1590 2350 1683 2373 nostra

899 2396 975 2424 sunt,
996 2391 1166 2423 imitabatur,
1178 2391 1217 2418 sic
1228 2398 1279 2418 nos
1296 2391 1386 2426 ipsum
1399 2391 1583 2426 suscipientes
1604 2392 1638 2419 ab
1651 2400 1686 2419 eo

899 2437 1031 2465 sumimus
1051 2437 1291 2465 immortalitatem.
1313 2437 1404 2471 Itaque
1415 2436 1517 2465 frustra
1533 2445 1562 2465 se
1589 2437 1684 2465 dicunt

900 2485 1011 2516 offendi,
1041 2491 1102 2511 cum
1116 2484 1232 2511 audiunt
1254 2484 1288 2511 de
1302 2482 1391 2510 Verbo
1404 2483 1450 2510 illa
1474 2483 1527 2511 dici
1557 2493 1564 2511 :
1588 2483 1685 2510 Anima

901 2530 1010 2558 turbata
1038 2535 1090 2562 est,
1108 2530 1193 2557 ﬂevit.
1220 2529 1354 2556 Videntur
1368 2530 1441 2557 enim
1465 2529 1584 2557 humano
1603 2538 1686 2557 sensu

898 2580 1038 2608 carere,et
1053 2580 1178 2603 naturam
1205 2575 1348 2602 hominum
1374 2579 1402 2602 et
1413 2574 1570 2603 ail‘ectiones
1590 2583 1686 2603 eorum

899 2624 1034 2658 ignorare.
1060 2621 1145 2658 Magis
1159 2629 1207 2649 eos
1234 2621 1361 2649 admirari
1387 2622 1538 2655 oportebat.
1565 2621 1685 2650 Verbum

901 2668 930 2695 in
952 2676 1046 2701 carne,
1066 2676 1127 2703 quae
1153 2668 1218 2696 talia
1251 2668 1365 2703 patitur.
1389 2675 1463 2700 esse.
1499 2675 1551 2695 nec
1574 2667 1688 2695 insidias

902 2720 1040 2742 struentes
1065 2714 1235 2745 cohibuisse.
1267 2721 1358 2748 neque
1385 2713 1575 2741 interfectores
1600 2713 1687 2740 ultum

903 2767 977 2794 esse,
992 2768 1056 2788 eum
1066 2765 1157 2788 tamen
1168 2752 1273 2796 posset.
1301 2759 1402 2795 quippe
1414 2759 1486 2795 quod
1500 2759 1569 2787 alios
1579 2766 1595 2786 ε
1613 2766 1691 2786 mor-

97 2841 108 2858 ¹
125 2839 220 2868 Matth.
234 2847 307 2874 uin,
324 2840 369 2870 59.
408 2841 419 2856 ¹
436 2839 532 2868 Matth.
550 2846 607 2873 ενι,
621 2838 668 2866 2'5.
705 2838 715 2855 ³
728 2836 806 2868 Joan.
819 2846 844 2865 si

895 2838 926 2866 l7.
961 2838 1042 2866 ‘ibill.
1060 2846 1088 2871 it,
1105 2838 1148 2867 l8.
