1902 3078
33 103 89 138 453

537 111 724 143 PANOI‘IJA
748 113 975 146 DQGMATICA.
992 130 1024 136 -
1042 117 1116 148 TIT.
1135 119 1190 149 XI.

1620 121 1674 153 454

34 173 92 190 των
110 165 211 199 ὁμοίως
227 166 374 202 ἁηρήσθω
385 167 414 194 τὸ
427 168 524 202 Θέλειν,
548 177 592 197 tv:
608 173 736 207 ακεριιον
749 173 785 198 uti

922 180 983 209 egra
992 181 1180 203 conservetur.
1190 175 1267 209 Quod
1280 175 1302 204 si
1323 175 1448 204 voluntas
1457 177 1484 204 in
1502 177 1557 206 Deo
1565 186 1620 206 non
1632 183 1673 206 est

35 211 161 246 σώζηται
174 212 204 239 τὸ
220 214 339 248 ἀξίωμα.
355 214 385 241 Ei.
400 214 429 241 δὲ
440 216 580 250 προσῆκον
595 218 634 253 τῷ
649 218 708 253 Θεῷ
720 219 751 245 τδ
767 219 829 254 βού-

34 258 142 290 λεσθαι,
161 260 208 285 καὶ
222 259 269 286 ἰπὶ
283 259 321 294 τῷ
333 259 436 296 πρώτῳ
449 262 601 298 γεννήματι
617 264 773 300 ὑπαρχέτω.
791 266 828 292 Οὔ

36 306 92 340 γὰρ
107 305 140 340 δὴ
159 305 272 332 δυνατδν
286 306 326 332 ἐνί
352 315 382 333 τε
406 307 507 343 καὶτῷ
528 309 602 344 αὑτῷ
616 310 676 345 Θεῷ
695 311 725 338 τὸ
740 311 828 337 θέλειν

33 351 80 376 ἰπὶ
100 350 157 376 τῶν
174 352 344 386 ποιουμένων
360 353 518 388 ἁρμόττειν,
531 355 577 382 καὶ
590 356 621 382 τὸ
637 356 675 391 μὴ
688 356 830 392 βούλεσθαι

35 397 205 431 προσήκειν.
227 397 359 433 Πλείστην
370 399 437 433 ὅσην
451 400 581 426 ἀσέϐειαν
595 402 624 428 ὲν
638 402 694 433 τοῖς
709 403 830 437 ῥήμασιν

34 443 122 469 αὑτοῦ
153 443 260 474 συνθεὶς
287 444 301 470 ὀ
317 445 458 479 σοφιστὴς,
481 446 523 472 ὅτι
552 446 582 472 τὸ
600 447 716 482 ποίημα,
742 448 788 474 καὶ
802 448 832 474 τὸ

36 489 167 523 γέννημα
182 490 280 516 ταυτόν
297 491 365 522 ἐστι,
381 492 429 517 καὶ
443 490 484 523 εἷς
496 493 527 518 ἐκ
543 493 652 520 πάντων
668 494 722 520 τῶν
739 502 833 530 γενιη-

38 535 138 568 μάτων
153 535 227 562 ἐστὶν
239 535 253 561 ὁ
277 536 350 568 Υἱός.
368 537 399 563 El
417 537 445 564 δὲ
471 538 549 570 ἄλλος
565 539 625 566 ἐστὶ
641 539 694 566 τῶν
713 541 831 574 πάντων,

36 585 136 618 ὥσπερ
153 581 201 610 οὖν
221 585 251 611 ἐν
268 586 323 616 τοῖς
339 586 394 621 πρὸ
413 586 518 613 τούτων
537 587 654 622 ἐδείχθη,
669 590 715 615 καὶ
733 588 833 623 μᾶλλον

37 633 69 657 τὰ
87 632 162 666 ἔργα
181 632 216 659 δι’
240 633 325 660 αὑτοῦ
349 634 461 668 γέγονε,
484 634 523 670 μὴ
546 635 669 670 λεγέσθω
695 635 833 670 βουλήσει,

38 677 80 703 ἵνα
100 677 141 712 μὴ
158 679 205 705 καὶ
216 679 296 712 αὐτὸς
311 680 383 707 οὕτω
396 680 514 716 γίνηται,
526 681 619 717 ὥσπερ
633 683 680 708 καὶ
693 683 728 708 τὰ
743 682 777 709 δι’
787 683 836 709 αὺ-

38 722 84 748 τοῦ
103 723 244 758 γενόμενα
260 725 386 760 συνέστη.
414 726 470 752 Καὶ
483 726 538 762 γὰρ
552 727 566 753 ὸ
584 727 635 761 μὲν
654 727 760 759 Παῦλος
784 729 836 755 οὐκ

38 769 74 794 ὧν
106 769 252 805 πρότερον,
284 769 400 806 ὕστερον
419 772 494 806 ὅμως
521 773 566 800 διὰ
590 773 741 809 θελήματος
767 773 836 800 Θεοῦ

40 817 198 849 ἀπόστολος
213 818 336 852 γέγονεν,
364 820 380 853 ἠ
394 819 422 847 ὁὶ
439 821 536 856 κλῆσις
551 822 630 858 ἡμῶν
649 823 686 855 ὥς
701 832 767 850 ποτε
791 825 836 851 καὶ

39 863 114 891 αὑτὴ
127 863 168 900 μὴ
175 862 253 897 οὖσα,
266 864 315 892 νῦν
324 866 352 892 δὲ
360 867 542 902 ἐπιγενομένη
557 870 768 906 προηγουμένην
778 871 837 905 ἔμι

40 910 189 944 equinam.
204 911 258 937 Κιὶ
270 911 308 943 ὡς
321 912 402 945 αὐτὸς
411 913 493 940 πάλιν
506 916 520 942 ὁ
535 914 640 947 nam;
654 924 721 950 φησι
735 924 742 933 ’
757 917 838 944 Κατὰ

40 957 101 987 τὴν
113 956 260 982 εὐδοκίην
272 958 324 984 τοῦ
336 959 503 993 θελήματος
516 961 609 988 αὑτοῦ
621 961 740 997 γέγονε.
756 964 792 990 Τό
808 972 837 990 τε

40 1002 84 1028 διὰ
107 1001 232 1033 Μωσέως
241 1003 575 1039 λεγόμενον·Γενηθήτω
588 1007 661 1041 φῶς,
673 1008 736 1035 καί·
751 1009 838 1042 Ἔξιι-

41 1058 91 1082 ’ξας
101 1049 164 1075 έτω
181 1050 200 1083 ἡ
216 1050 265 1084 τῆ,
276 1049 333 1077 καῖ’
347 1051 524 1086 Ποιήσωμεν
531 1053 838 1091 ἇνθρωπον,ήγοῦμαι.

41 1095 90 1120 καὶ
104 1096 134 1120 ὲν
144 1095 202 1126 τοῖς
217 1096 372 1130 ἔμπροσθεν
380 1097 487 1132 εἴρηται
500 1098 548 1132 τῆς
561 1097 714 1133 βουλήσεως
721 1098 769 1126 τοῦ
778 1108 840 1126 ποι-

40 1141 146 1172 οῦντος
163 1141 243 1168 τοῦτο
257 1140 326 1169 εἶναι
345 1143 522 1178 σημαντικόν.
538 1144 578 1170 Τὰ
596 1145 646 1179 μὶν
660 1145 714 1178 γὰρ
725 1145 763 1180 μὴ
775 1145 840 1172 ὅντα

43 1187 126 1218 ποτὲ,
145 1187 206 1213 ἀλλ’
219 1187 318 1220 ἔξωθεν
336 1189 514 1224 ἐπιγινόμενα
537 1191 551 1217 ὁ
562 1190 729 1226 δημιουργὸς
746 1190 841 1226 βούλε-

41 1242 89 1260 ται
112 1234 238 1268 ποιῆσαι.
256 1234 308 1260 Τὸν
329 1235 357 1261 δὲ
375 1235 441 1262 tum:
469 1236 556 1269 Λόγον
580 1236 610 1269 ἐξ
632 1236 731 1264 ἑαυτοῦ
761 1237 841 1272 φύσει

41 1280 155 1316 γεννῶν
172 1280 202 1307 οὐ
220 1280 445 1314 προδουλεὺεται.
468 1281 513 1308 ‘Ev
531 1282 617 1316 τούτῳ
634 1283 689 1317 γὰρ
705 1283 719 1309 ὁ
746 1283 841 1318 Πατὴρ

41 1330 75 1355 τὶ
89 1329 144 1355 ὅλα
165 1328 215 1354 an
234 1327 358 1362 βούλεται
383 1330 457 1355 ποιεῖ
478 1329 526 1356 καὶ
559 1329 731 1364 δημιουργεῖ,
751 1329 844 1362 καθὼς

49 1373 190 1404 “liuqu
213 1374 227 1400 ὸ
242 1373 388 1406 ἀπόστολος
412 1373 546 1401 διδάσκων
570 1374 648 1408 ἔλεγε
662 1376 845 1409 ’Βουληθεὶς

42 1420 232 1453 ἀπεκύησεν
241 1418 320 1453 ἡμᾶς
328 1419 412 1454 Λότφ
421 1419 579 1453 ἀληθείας.
594 1420 845 1455 Καταισχυνϐέντες

42 1466 93 1494 οὖν
105 1467 157 1493 ἐπὶ
169 1465 200 1492 τὺ
219 1467 308 1500 λέγειν
324 1465 441 1500 ποίημα,
458 1466 506 1492 καὶ
528 1466 641 1501 κτίσμα,
666 1470 724 1499 κατ,
741 1467 798 1493 Οὐκ
812 1465 846 1502 ἦν

879 218 1018 252 indecora,
1029 220 1055 247 in
1068 221 1155 255 primo
1172 222 1254 249 etiam
1263 221 1385 257 germine
1395 222 1569 250 adhibeatur.
1580 224 1674 259 Neque

879 267 951 294 enim
961 267 1017 294 ﬁeri
1028 272 1159 302 potest,ut
1167 269 1193 295 in
1204 275 1259 295 uno
1267 268 1418 303 eodemque
1430 268 1485 296 Deo
1496 269 1523 296 in
1540 272 1620 298 rebus
1632 271 1672 298 fa-

880 312 1111 344 ciendismtvelle
1121 314 1202 342 simul
1215 314 1311 342 deceat
1327 320 1354 342 et
1368 316 1450 343 nnlle.
1480 316 1568 348 Quam
1585 322 1674 351 potest

881 361 1025 388 maximam
1036 361 1204 396 impietatem
1215 362 1337 397 sophista
1351 363 1442 390 verbis
1451 363 1509 390 suis
1521 365 1673 398 componit.

882 407 1011 442 Idemque
1024 408 1150 436 vultesse
1165 409 1236 443 quod
1250 408 1432 444 genitum‘est,
1449 413 1475 436 et
1487 409 1557 444 quod
1575 409 1674 436 factum

882 458 934 483 est.
947 458 972 481 et
991 462 1071 481 unam
1085 461 1116 481 ex
1129 454 1220 486 rebus,
1237 462 1296 489 quze
1312 454 1388 481 factae
1404 459 1478 487 sunt,
1488 454 1546 481 vult
1561 461 1621 481 esse
1633 453 1678 480 Fi-

882 499 1060 526 lium.Verum
1070 500 1103 527 ab
1110 501 1237 528 omnibus
1245 500 1368 527 diversus
1379 505 1431 532 est,
1443 500 1675 535 quemadmodum

884 544 911 572 in
927 545 1114 580 superioribus
1124 546 1380 573 demonstravimus:
1393 545 1426 572 Et
1437 547 1580 581 omnian
1588 547 1678 582 ipsum

883 591 955 626 facta
966 597 1027 618 sunt
1041 593 1048 608 ¹
1060 601 1067 625 ;
1078 600 1162 626 quare
1175 599 1227 618 nec
1239 592 1346 619 dicatur
1360 592 1485 624 consilio,
1502 593 1603 628 neipse
1610 601 1679 628 quo‘

884 644 938 672 que
947 637 982 664 ita
997 637 1086 664 factus
1098 638 1268 670 ostendatur,
1279 642 1308 664 ut
1317 638 1372 671 illa,
1381 646 1495 672 qmeper
1504 639 1593 673 ipsum
1606 639 1676 666 facta

885 687 958 714 sunt,
981 683 1173 710 constiterunt.
1194 682 1259 710 Nam
1278 682 1378 710 Paulus
1395 683 1518 718 quidem,
1535 684 1581 718 qui
1601 685 1678 719 prius

886 737 940 757 non
966 735 1033 763 erat,
1061 734 1153 764 postea
1176 737 1224 764 per
1252 729 1419 757 voluntatem
1459 729 1506 757 Dei
1538 730 1678 764 apostolus

886 777 975 805 factus
989 782 1041 805 est.
1067 778 1100 805 Et
1114 778 1221 805 vocatio
1237 784 1343 809 nosm,
1364 782 1392 804 ut
1409 785 1468 812 qua;
1482 777 1546 804 olim
1563 781 1592 805 et
1619 778 1676 812 ipsa

887 831 942 850 non
953 828 1020 855 erat,
1038 831 1111 850 nunc
1126 828 1217 850 autem
1231 827 1284 855 est,
1301 823 1344 850 Dei
1358 823 1504 850 consilium
1523 828 1564 850 est
1580 830 1679 850 conse-

889 874 961 902 cuta,
975 874 1002 896 et
1020 873 1049 896 ut
1061 869 1120 904 ipse
1136 870 1281 904 Apostolus
1298 877 1407 896 rursum
1419 869 1470 896 ~ait
1487 878 1494 896 :
1526 868 1678 896 Secundum

889 916 1051 951 propositum
1065 915 1208 942 uoluntatis
1221 923 1276 943 sua
1291 915 1313 941 ¹.
1341 915 1375 942 Ει
1390 915 1470 947 illud,
1486 915 1559 949 quod
1573 923 1587 942 a
1606 915 1679 942 Mose

889 962 1019 997 scriptum
1029 965 1072 988 est
1087 970 1094 989 :
1112 961 1173 988 Fiat
1186 961 1231 989 lux
1240 970 1250 994 ;
1265 965 1303 994 et,
1318 961 1451 988 Producat
1462 966 1534 988 terra
1548 970 1558 993 ;
1570 966 1609 994 et,
1626 961 1680 988 Fu-

890 1008 990 1035 ciamus
1007 1007 1138 1034 hominem
1152 1007 1173 1038 ³,
1192 1006 1321 1039 arbitror,
1343 1012 1372 1033 ut
1401 1012 1464 1034 ante
1491 1007 1595 1034 dictum
1623 1012 1678 1038 est,

890 1054 1042 1090 signiﬁcare
1051 1054 1174 1081 facientis
1183 1053 1359 1080 voluntatem.
1372 1052 1438 1085 Quae
1447 1053 1520 1081 enim
1531 1058 1611 1080 antea
1623 1060 1677 1079 nou

893 1106 986 1130 erant.
1005 1101 1052 1128 sed
1071 1100 1241 1128 extrinsecus
1258 1099 1327 1127 facta
1339 1105 1414 1129 sunt.
1445 1107 1477 1126 ea
1503 1100 1561 1127 vult
1589 1099 1680 1126 facere

891 1150 1049 1182 procreatur
1067 1145 1148 1172 Deus.
1161 1144 1191 1171 ln
1204 1143 1293 1172 Verbo
1309 1149 1400 1171 autem
1411 1145 1532 1179 proprio,
1549 1144 1621 1179 quod
1646 1152 1679 1171 ex

891 1200 921 1220 se
935 1197 1032 1219 natura
1049 1191 1143 1227 gignit,
1166 1197 1220 1216 non
1251 1190 1381 1225 pra-cedit
1401 1190 1539 1217 voluntas.
1569 1190 1598 1217 lu
1628 1190 1680 1217 hoc

892 1238 965 1266 enim
979 1236 1057 1265 Pater
1070 1237 1122 1263 alia
1137 1236 1240 1267 omnia,
1259 1243 1322 1270 quae
1342 1236 1411 1266 vult,
1439 1236 1503 1263 facit
1528 1240 1556 1263 et
1590 1240 1676 1266 creat,

894 1289 924 1311 ut
939 1283 1082 1318 apostolus
1095 1281 1215 1310 Iacobus
1235 1282 1325 1312 docet,
1357 1281 1462 1312 Cenuit,
1479 1281 1616 1315 inquiens.
1635 1289 1680 1307 vos

894 1330 980 1358 volens
997 1329 1078 1357 Verbo
1091 1329 1208 1356 ueritatis
1224 1336 1280 1354 sua:
1291 1327 1311 1354 ⁸.
1324 1326 1382 1354 Prae
1402 1327 1506 1361 pudore
1521 1327 1602 1362 igitur
1611 1334 1676 1354 con-

897 1377 960 1407 fusi,
979 1382 1030 1403 nec
1041 1374 1173 1402 audentes
1185 1374 1285 1406 dicere,
1307 1373 1352 1400 Dei
1370 1372 1490 1400 Verbum
1522 1372 1623 1400 factum
1650 1378 1680 1400 et

896 1427 1018 1451 creatum
1030 1428 1101 1453 esse,
1116 1424 1143 1447 et
1155 1420 1366 1454 allquandonun
1391 1419 1487 1450 fuisse,
1513 1419 1595 1446 aliam
1627 1426 1672 1446 ra-

897 1468 999 1496 tionem
1013 1466 1166 1498 inveniunt,
1180 1473 1232 1500 qua
1243 1469 1365 1492 creatum
1380 1472 1443 1492 esse
1456 1465 1557 1492 dicant.
1579 1464 1682 1493 Volun-

42 1515 117 1548 πρὶν
127 1512 250 1548 γεννηθῇ
259 1514 272 1539 ὁ
281 1512 328 1538 τοῦ
346 1512 413 1538 Θεοῦ
425 1512 520 1545 Λόγος,
536 1512 626 1543 ἄλλως
640 1512 722 1538 πάλιν
739 1513 793 1539 uti:

929 1521 977 1541 lem
1004 1513 1077 1540 enim
1110 1516 1282 1547 praeponunt,
1304 1516 1340 1544 et,
1367 1511 1425 1538 Nisi
1457 1511 1607 1544 voluntate,
1638 1511 1680 1538 in-

42 1561 184 1594 λέγουσιν
209 1559 289 1585 αὑτὸν
312 1557 391 1590 εἶναι,
417 1557 545 1592 βούλησιν
564 1558 780 1593 προϐαλλόμενοι
797 1559 844 1586 καὶ

42 1609 193 1641 λέγοντες,
207 1605 239 1631 El
262 1605 298 1639 μὴ
321 1604 448 1638 βουλήσει
469 1602 592 1638 γέγονεν,
612 1604 711 1631 οὐκοῦν
724 1605 844 1642 ἀνάγκῃ,

43 1653 95 1678 καὶ
110 1651 151 1686 μὴ
170 1650 255 1676 θέλων
265 1649 342 1684 ἔσχεν
359 1649 447 1680 ὸΘεὺς
463 1648 599 1676 Υἰόν.Καὶ
611 1649 653 1680 τίς
669 1650 683 1675 ὁ
698 1649 747 1684 τὴν
760 1650 846 1684 ἀνάγ-

43 1707 100 1732 κην
112 1696 254 1722 ἐπιϐαλὼν
267 1695 351 1730 αὐτῷ,
361 1696 550 1730 πονηρότατοι,
562 1695 609 1721 καὶ
621 1694 710 1721 πάντα
720 1695 788 1730 πρὸς
796 1695 846 1731 τὴν

35 1744 164 1778 ,αἵρεσιν
179 1742 284 1768 ἑαυτῶν
299 1742 442 1773 {Ancon-2;;
459 1741 496 1767 Τὸ
510 1741 560 1775 μὲν
579 1741 633 1776 γὰρ
651 1741 844 1776 ἀντικείμενον

42 1791 80 1825 τῇ
97 1788 232 1823 βουλήσει
252 1787 404 1821 ἑωράκατι,
426 1786 456 1812 τὸ
477 1785 505 1812 δὲ
529 1785 622 1820 μεῖζον
640 1787 686 1812 καὶ
711 1785 846 1820 ὑπερκεί-

45 1844 138 1871 μενον
155 1834 189 1860 ob
210 1834 425 1869 τεθεωρήκασιν.
446 1831 552 1867 ’Ὥσπερ
575 1832 630 1867 γὰρ
644 1832 796 1859 ἀντίκειται
813 1834 845 1869 τῇ

44 1883 189 1918 βουλήσει
216 1880 246 1906 τὸ
261 1879 336 1914 παρὰ
360 1878 483 1914 γνώμην,
502 1878 588 1909 οὕτως
605 1879 775 1914 ὑπέρκειται,
800 1880 848 1906 καὶ

44 1929 228 1965 προηγεῖται
250 1928 297 1953 τοῦ
327 1925 470 1961 βούλεσθαι
493 1925 523 1952 τὸ
552 1925 624 1952 κατὰ
645 1925 737 1958 φύσιν.
752 1925 848 1952 Οἰχίαν

45 1976 122 2010 γοῦν
141 1983 186 2005 τις
218 1973 378 2008 βουλόμενος
402 1970 612 2004 κατασκευάζει,
634 1971 692 1998 υἱὸν
718 1971 747 1998 δὲ
766 1972 848 2007 γεννᾷ

46 2022 130 2048 κατὰ
147 2022 242 2054 φύσιν,
260 2019 347 2045 καὶτὸ
363 2018 412 2054 μὲν
433 2018 558 2054 βουλήσει
574 2017 848 2052 κατασκευαζόμενον

46 2069 163 2104 ἤρξατο
179 2065 314 2100 γίνεσθαι,
330 2066 377 2091 καὶ
390 2064 490 2097 ἔξωθέν
506 2065 564 2090 ἐστι
589 2063 635 2090 τοῦ
649 2065 799 2096 ποιοῦντος.
819 2064 848 2091 '0

43 2115 77 2141 δὲ
97 2113 169 2144 Υἱὸς
187 2112 253 2138 ῐδιόν
267 2113 324 2138 ἐστι
339 2111 386 2146 τῆς
408 2111 503 2142 οὐσίας
521 2110 569 2137 τοῦ
587 2109 691 2144 lla-too;
714 2110 848 2145 γέννημα,

45 2161 101 2187 καὶ
119 2158 175 2184 οὐκ
190 2157 263 2183 ἐστιν
279 2156 378 2189 ἔξωθεν
391 2155 483 2183 αὑτοῦ.
500 2155 545 2182 Διὸ
559 2155 620 2182 οὐδὲ
645 2155 769 2190 βούλεται
784 2156 849 2191 περὶ

44 2205 158 2236 αὐτοῦ,
174 2205 219 2230 ἵνα
236 2203 302 2239 μηδὲ
312 2204 375 2238 περὶ
389 2203 487 2230 ἑαυτοῦ
500 2203 564 2238 δοκῇ
577 2202 764 2238 βουλεύεσθαι,
775 2190 851 2238 Ὀοῳ
866 2190 889 2219 D

44 2252 101 2280 οὖν
119 2250 171 2277 τοῦ
185 2250 334 2284 κτίσματος
350 2251 363 2276 ὁ
379 2249 443 2280 Υἱὸς
473 2250 635 2283 ὑπέρκειται
663 2248 783 2284 τοσούτῳ
808 2249 854 2275 καὶ

47 2298 107 2331 τῆς
148 2294 302 2330 βουλήσεως
319 2295 350 2320 τὸ
370 2294 441 2322 κατὰ
463 2294 555 2328 φύσιν.
584 2291 639 2320 καὶ
672 2294 726 2321 ἔδει
756 2294 853 2326 αὐτοὺς

48 2342 221 2371 ἀκούοντας
243 2340 273 2365 οὺ
293 2339 419 2374 βουλήσει
450 2338 607 2372 λογίζεσθαι
620 2339 651 2365 τὸ
673 2339 745 2365 κατὰ
761 2340 854 2373 φύσιν.

46 2388 89 2416 Οἱ
107 2387 143 2413 δὲ
161 2385 413 2420 ἐπιλανθανόμενοι,
425 2385 465 2411 ὄτι
477 2385 541 2419 περὶ
562 2384 621 2411 υἱοῦ
635 2384 702 2411 Θεοῦ
718 2385 857 2417 ἀκούουσι,

46 2432 206 2469 τολμῶσιν
227 2431 400 2467 ἀνθρωπίνας
425 2431 578 2461 ἀντιθέσεις
594 2431 687 2466 λέγειν
713 2431 760 2457 ἐπὶ
774 2431 854 2463 Θεοῦ,

45 2482 176 2514 ἀνάγκῃ
190 2478 238 2504 καὶ
254 2478 329 2512 παρὰ
350 2478 475 2512 γνώμην,
488 2477 531 2503 ἶνα
549 2478 579 2503 τὸ
598 2475 668 2504 εἶναι
681 2477 746 2503 Υῑὸν
759 2477 856 2512 ﬁne;-

45 2527 101 2552 νὺν
112 2522 345 2559 ἀρνὶ,σωνταιτοῦ
360 2522 440 2555 Θεοῦ,
451 2523 510 2549 ὲπε.
520 2523 675 2548 εἰπάτωσαν
687 2522 752 2556 ἡμῖν
766 2522 855 2556 αὐτοὶ,

44 2572 85 2598 τὸ
104 2569 215 2603 ἁγαθὶν
228 2567 297 2596 εἶναι
321 2569 370 2595 καὶ
379 2569 539 2604 οἰκτίρμονα
556 2568 601 2594 τὸν
616 2568 682 2595 Θεὸν
700 2569 730 2594 ὲκ
754 2567 850 2603 βουλή-

47 2624 137 2646 σεως
157 2615 304 2650 πρόσεστιν
325 2613 409 2649 αὐτῷ,
428 2614 444 2649 ἢ
467 2613 497 2640 οὺ
515 2613 660 2649 βου).ήσει;
688 2613 719 2640 El
744 2614 794 2648 μὶν
808 2611 856 2640 οὖν

47 2665 87 2690 ἐκ
112 2661 285 2699 βουλήπεως,
300 2662 412 2688 σκοπεῖν
438 2661 488 2693 δεῖ,
517 2661 559 2687 ὅτι
585 2661 687 2696 ήρξατο
703 2660 753 2694 μὲν
784 2657 855 2686 εἶναι

47 2705 184 2742 ἀγαθὸς,
200 2708 246 2732 καὶ
265 2706 295 2732 τὸ
310 2705 348 2740 μὴ
365 2703 436 2732 εἶναι
452 2705 481 2732 δὲ
503 2705 584 2732 αὐτὴν
600 2705 702 2739 ἀγαθὸν
715 2705 857 2740 ἐνδεχόμε-

46 2754 108 2781 νόν
143 2751 221 2777 ἐστι·
251 2751 282 2777 τδ
310 2751 366 2786 γὰρ
395 2750 568 2785 βουλεύεσθαι
594 2751 642 2778 καὶ
667 2751 857 2786 προαιρεῖσθαι

896 1560 1004 1595 quium.
1038 1559 1148 1595 genitus
1175 1563 1227 1590 est,
1251 1558 1414 1585 necessitate
1442 1565 1506 1593 ergo
1529 1563 1557 1586 et
1583 1558 1685 1585 invitus

895 1607 978 1634 habet
993 1605 1091 1633 Filium
1111 1605 1191 1632 Deus.
1209 1604 1309 1638 Ecquis
1326 1604 1376 1636 illi,
1394 1604 1520 1631 hornincs
1542 1604 1684 1632 scelestis-

897 1652 971 1684 simi,
987 1652 1033 1686 qui
1047 1651 1080 1679 ad
1092 1651 1218 1679 haeresim
1232 1655 1351 1677 vestram
1365 1650 1456 1677 omnia
1485 1650 1605 1683 trahitis,
1634 1658 1683 1677 ne-

897 1699 1053 1726 cessitatem
1066 1698 1181 1725 attulit?
1207 1697 1279 1731 Quid
1307 1697 1383 1724 enim
1413 1697 1548 1724 voluntati
1571 1702 1682 1724 contra—

898 1744 970 1771 rium
992 1745 1038 1775 sit,
1058 1743 1195 1776 viderunt,
1207 1743 1271 1778 quid
1304 1747 1395 1769 autem
1419 1749 1451 1770 ea
1481 1743 1517 1770 sit
1539 1743 1627 1777 majus
1657 1748 1686 1770 et

896 1790 983 1825 prius,
1000 1797 1054 1816 non
1065 1789 1327 1817 animadverterunt.
1354 1788 1431 1816 Sicut
1462 1789 1534 1816 enim
1566 1790 1684 1823 opponi-

898 1841 946 1863 tur
961 1835 1095 1863 voluntati
1125 1835 1151 1862 id
1169 1835 1240 1870 quod
1257 1840 1356 1870 praeter
1382 1835 1546 1862 sententiam
1568 1836 1686 1863 volentis

898 1886 953 1914 est,
975 1882 1017 1909 sic
1032 1882 1069 1914 id,
1082 1882 1154 1917 quod
1174 1886 1272 1909 natura
1287 1886 1340 1913 est,
1354 1882 1524 1909 voluntatem
1534 1882 1686 1909 antecedit.

898 1927 1042 1955 Voluntale
1055 1927 1154 1962 aliquis
1178 1927 1289 1954 domum
1319 1927 1444 1958 aedificat,
1473 1931 1569 1954 natura
1599 1927 1684 1954 ﬁlium

898 1973 993 2008 gignit.
1010 1973 1041 2001 Et
1059 1973 1131 2008 quod
1147 1973 1286 2001 voluntate
1308 1974 1350 2005 lit.
1368 1972 1533 2007 cmpitlieri,
1559 1977 1587 2000 et
1609 1977 1687 2000 extra

898 2017 1044 2046 facientem
1058 2023 1109 2046 est.
1126 2018 1211 2045 Filius
1239 2023 1330 2046 autem
1359 2018 1484 2045 essentia:
1519 2017 1608 2045 Patris
1624 2025 1689 2052 pro-

899 2063 988 2098 prium
1001 2068 1043 2091 est
1056 2071 1177 2098 germen,
1190 2069 1218 2091 et
1245 2071 1300 2091 non
1321 2069 1364 2092 est
1378 2068 1452 2091 extra
1465 2064 1563 2098 ipsum.
1583 2063 1686 2098 Quam-

899 2109 992 2137 obrem
1011 2109 1045 2136 de
1065 2109 1123 2144 ipso
1137 2117 1191 2137 non
1220 2109 1337 2137 consulit
1365 2111 1436 2137 sicut
1452 2117 1503 2137 nec
1518 2110 1551 2137 de
1568 2117 1598 2137 se
1624 2110 1686 2145 qui-

901 2156 963 2183 dem
994 2156 1103 2183 videtur
1131 2156 1286 2184 consulere.
1321 2155 1430 2188 Quanto
1461 2156 1544 2191 igitur
1571 2163 1602 2183 re
1625 2163 1688 2192 pro-

904 2206 993 2230 creata
1005 2201 1091 2230 Filius
1109 2202 1235 2237 superior
1249 2207 1300 2234 est.
1328 2206 1404 2229 tanto
1425 2201 1461 2235 id,
1489 2202 1561 2236 quod
1589 2207 1687 2229 natura

905 2252 959 2279 est,
980 2248 1150 2275 voluntatem
1166 2247 1261 2274 anteit.
1278 2247 1324 2274 Isti
1344 2251 1447 2279 autem,
1461 2246 1538 2274 obliti
1554 2254 1584 2274 se
1613 2247 1687 2282 loqui

906 2293 939 2320 de
959 2293 1028 2320 Filio
1039 2292 1099 2325 Dei,
1128 2293 1230 2319 audent
1254 2293 1387 2319 humanas
1419 2293 1479 2319 illas
1502 2293 1690 2328 oppositiones

906 2340 939 2367 de
955 2340 1009 2367 Deo
1020 2339 1120 2370 dicere.
1134 2339 1336 2372 necessitatem,
1350 2343 1377 2365 et
1392 2343 1489 2372 praeter
1503 2338 1688 2370 sententiam,

906 2390 935 2412 ut
950 2389 1050 2419 negent
1062 2392 1123 2412 esse
1132 2392 1224 2412 verum
1241 2384 1338 2411 Filium
1352 2383 1409 2411 Dei.
1429 2385 1494 2410 Nam
1509 2387 1536 2410 et
1547 2383 1598 2418 ipsi
1609 2383 1688 2410 nobis

906 2430 1102 2466 respondeant,
1118 2436 1207 2458 utrum
1225 2430 1280 2458 Deo
1291 2430 1360 2458 adsit
1376 2437 1409 2457 ex
1427 2429 1566 2456 voluntate
1592 2435 1621 2456 ut
1652 2429 1689 2456 sit

907 2476 996 2502 bonus
1021 2480 1049 2503 et
1065 2475 1233 2507 misericors,
1246 2482 1344 2502 necne.
1361 2474 1390 2502 Si
1406 2482 1438 2501 ex
1465 2475 1614 2505 voluntate,
1642 2480 1688 2499 se-

906 2523 1009 2557 quitur,
1034 2530 1096 2550 eum
1121 2522 1236 2556 coepisse
1264 2521 1365 2548 bonum
1388 2527 1459 2553 esse,
1489 2524 1568 2554 atque
1579 2518 1616 2546 ita
1629 2518 1689 2546 ﬁeri

905 2569 1005 2603 poterit
1019 2573 1046 2595 ut
1060 2569 1117 2603 ipse
1134 2575 1189 2595 non
1199 2567 1235 2594 sit
1261 2568 1358 2595 bonus.
1387 2565 1537 2594 Consulerc
1562 2564 1635 2592 enim
1659 2568 1690 2591 et

908 2615 1006 2650 eligere
1019 2614 1084 2641 licet
1096 2614 1123 2641 in
1138 2618 1281 2648 utramque
1296 2617 1414 2647 partem,
1447 2615 1474 2640 et
1485 2615 1588 2638 natura
1615 2609 1690 2642 cogi-

909 2660 993 2687 tantis
1016 2664 1043 2687 et
1061 2659 1248 2686 ratiocinantis
1277 2657 1422 2692 proprium
1436 2660 1489 2684 est.
1511 2655 1559 2682 Sin
1587 2658 1688 2686 autem,

910 2714 961 2733 nec
976 2705 1125 2733 absurdum
1151 2705 1203 2732 hoc
1221 2708 1418 2738 consequatur,
1435 2709 1491 2729 non
1499 2709 1531 2728 ex
1548 2700 1689 2727 voluntate

911 2751 1000 2779 bonus
1014 2756 1067 2782 est.
1085 2749 1244 2784 audiantid,
1257 2749 1329 2784 quod
1343 2748 1393 2784 ipsi
1422 2747 1560 2779 dixerunt,
1589 2744 1690 2772 Neres-

97 2827 108 2842 '
131 2824 211 2853 Joan.
230 2832 250 2857 ι,
267 2824 294 2852 3.
333 2825 343 2840 '
367 2823 468 2858 Ephes.
485 2831 505 2856 ι,
532 2823 559 2850 5.
597 2822 608 2838 ’
624 2821 692 2850 Cen.
707 2830 726 2856 ι,
739 2823 767 2856 ⁵5,
781 2822 848 2856 εδ,ε

367 2823 468 2858 Ephes.
485 2831 505 2856 ι,
532 2823 559 2850 5.
597 2822 608 2838 ’
624 2821 692 2850 Cen.
707 2830 726 2856 ι,
739 2823 767 2856 ⁵5,
781 2823 826 2856 25,
840 2821 885 2849 26.
925 2821 934 2837 ⁸
948 2820 1007 2848 Jac.
1021 2827 1040 2853 ι,
1057 2818 1099 2846 18.
