1902 3078
212 153 264 184 (ἴ5

842 141 1033 176 EUTHYMH
1056 138 1241 171 ZIGABENI

1796 126 1849 157 .ίέκὸ

211 208 293 234 Sitate
317 210 346 234 et
360 204 464 233 invitus
477 207 519 231 est
532 202 633 231 bonus.
649 201 751 237 Ecquis
764 204 857 228 autem
886 197 927 226 illi
954 204 1019 226 ne-.

1087 203 1095 225 :
1121 194 1242 229 ἑκάτερα
1261 192 1313 228 τὴν
1337 190 1423 226 ῥοπὴν
1453 188 1520 223 ἔχει,
1536 186 1584 214 καὶ
1599 184 1713 237 λογιμῆς
1731 181 1850 237 ῗῦσεὼς

211 253 368 280 cessitatem
384 251 497 286 injecit?
513 250 591 282 Quod
604 250 627 278 si
639 247 872 277 absurdissimum
890 249 944 277 est,
969 243 998 272 in

214 299 269 326 Deo
285 306 347 326 esse
373 297 568 325 necessitatem
590 296 694 327 dicere.
709 300 738 323 et
762 297 907 329 propterea
931 297 1001 318 con-

213 344 346 372 ﬁtendum
380 347 434 375 est,
449 351 511 371 esse
542 347 638 370 natura
661 341 774 372 bonum,
798 338 884 367 multo
913 336 1001 372 magis

212 395 240 416 et
254 389 345 417 verius
358 388 506 416 dicendum
520 393 572 420 est,
588 395 651 415 eum
677 392 786 418 natura,
815 393 869 412 non
901 383 1000 411 volun-

214 442 270 465 tate
290 445 350 465 esse
364 437 425 464 Filii
440 437 559 464 Patrem.
573 435 640 462 Illud
656 439 786 469 praeterea
800 432 879 460 nobis
886 438 1002 466 respon-

214 484 312 517 deant;
327 483 389 510 volo
405 483 479 510 enim
494 489 542 509 eos
559 489 607 516 pro
622 480 735 508 audacia
751 480 870 515 ipsorum
886 479 1004 505 interro-

215 536 291 564 gare.
317 536 378 563 quae
400 527 512 563 quidem
531 526 709 562 interrogatio
725 525 791 553 licet
812 524 927 552 liberior
951 522 1002 554 sit,

215 574 249 601 al
268 573 396 608 pietatem
422 577 513 600 tamen
527 572 668 607 spectabit.
681 570 821 604 Propitius
836 573 906 602 esto,
919 568 1004 599 Deus,

215 619 412 654 Respondeant
427 619 520 654 igitur.
534 623 624 644 utrum
643 616 724 644 Pater
738 617 797 651 ipse
816 615 891 650 prius
905 621 1006 642 σθησιν

216 665 312 696 luerit.
344 664 443 692 deinde
473 663 608 695 voluerit,
637 667 698 698 post
723 666 815 689 autem
845 660 942 691 fuerit,
970 667 1006 686 au

216 712 374 746 priusquam
389 710 558 738 consuluerit
580 708 626 736 sit.
640 709 754 743 Oportet
769 708 852 738 enim.
867 711 895 734 ut
904 714 966 734 cum
973 706 1006 734 de

222 757 311 784 Verbo
329 756 391 784 talia
418 755 537 783 audeant
555 755 642 790 loqui,
661 754 762 782 similia
790 754 855 781 item
873 753 908 781 de
927 752 1008 780 Patre

219 802 340 834 audiant,
371 805 401 827 ut
416 800 514 832 sciant,
539 799 620 826 istam
643 798 765 834 ipsorum
780 796 958 832 petulantiam
975 797 1008 823 ad

221 848 327 873 Patrem
352 853 462 880 quoque
487 844 644 880 pervenire.
674 843 703 871 Si
728 843 902 877 dixerinl,et
918 843 1008 878 ipsum

219 893 328 921 Patrem
354 900 387 918 ex
409 891 612 919 consultatione
637 893 665 918 et
682 890 822 918 voluntate
847 896 919 920 esse,
941 888 1006 924 quid

219 945 279 967 erat
293 943 440 973 antequam
465 939 613 971 consuluit,
633 943 681 966 aut
700 938 766 974 quid
783 937 902 973 amplius
914 936 1009 965 habuit

221 990 398 1021 posteaquam
432 984 591 1013 consuluit?
618 983 697 1018 Quod
732 984 754 1012 si
770 983 905 1019 ejusmodi
923 983 1010 1010 inter—

223 1031 328 1065 rogatio
352 1032 471 1059 absurda
493 1037 546 1064 est,
559 1036 587 1059 et
606 1031 702 1066 nequit
717 1030 881 1063 consistere,
908 1034 936 1057 et
952 1029 1010 1057 haec

223 1077 317 1105 dicere
339 1078 452 1105 omnino
472 1078 550 1106 nefas
564 1082 616 1112 est,
630 1084 694 1105 cum
710 1077 778 1105 satis
791 1077 837 1109 sit,
852 1076 879 1103 id
897 1083 946 1103 nos
960 1083 1010 1103 au-

223 1123 293 1156 dire,
307 1128 334 1151 et
347 1125 428 1156 scire,
446 1128 474 1152 et
492 1123 650 1160 intelligere
666 1123 699 1151 de
715 1122 781 1153 Deo.
806 1130 905 1158 nempe
921 1122 1010 1156 ipsum

225 1177 286 1197 esse
301 1169 387 1202 illum,
407 1170 454 1205 qui
479 1176 533 1203 est.
551 1177 641 1197 nonne
655 1169 804 1197 absurdum
818 1173 861 1196 cst
876 1168 956 1195 etiam
979 1167 1013 1195 de

225 1215 317 1244 Verbo
337 1216 384 1243 Dei
403 1216 442 1244 sic
455 1216 586 1252 cogitare.
602 1218 630 1242 et
641 1214 784 1243 consilium
797 1215 823 1241 ei
848 1221 880 1241 ac
891 1213 1014 1241 volunta-

226 1266 281 1289 tem
298 1261 491 1297 anteponere?
507 1260 579 1289 Satis
589 1261 662 1288 enim
676 1264 718 1288 est
733 1260 798 1287 item
823 1259 857 1287 de
873 1259 964 1287 Verbo
980 1258 1014 1286 il-

226 1307 272 1335 lud
289 1308 372 1340 seire,
388 1311 417 1335 et
433 1307 596 1342 intelligere,
615 1313 713 1341 nempe
729 1306 818 1341 ipsum
831 1313 886 1333 non
903 1312 935 1332 ex
949 1312 1015 1333 con-

227 1353 373 1380 sultatione
399 1358 426 1381 et
457 1353 599 1380 voluntate
628 1352 714 1380 Deum
739 1359 812 1384 esse,
841 1351 889 1378 sed
916 1355 1015 1377 natura

228 1399 369 1434 proprium
406 1405 469 1427 esse
496 1398 615 1426 Verbum
650 1397 749 1425 Patris.
787 1396 865 1430 Quod
905 1395 1014 1431 quidem

229 1444 351 1473 Verbum
369 1452 432 1472 cum
449 1445 487 1472 sit
502 1444 648 1473 consilium
671 1448 699 1471 et
722 1443 850 1471 voluntas
873 1441 963 1470 Patris
978 1442 1018 1477 ip-

228 1492 301 1525 s‘us,
331 1491 467 1526 quomodo
492 1495 583 1527 potest
607 1490 724 1518 consilio
752 1494 781 1517 ct
795 1489 937 1517 voluntate
956 1488 1017 1524 eius

230 1517 430 1573 gigni‘l‘nisi,
454 1517 574 1565 utrante
606 1536 682 1567 dixi.
708 1534 829 1563 Verbum
853 1534 926 1570 gigni
968 1517 1017 1569 per

1087 1523 1153 1559 ουλὴ
1176 1522 1225 1550 καὶ
1253 1521 1359 1556 θέλημα
1385 1517 1433 1546 τοῦ

230 1583 351 1618 scipsum
379 1586 427 1610 aut
450 1589 500 1618 per
522 1583 640 1610 alterum
665 1581 784 1610 Verbum
814 1584 941 1609 asserant
967 1580 1018 1608 ho-

232 1630 321 1657 mines
335 1629 435 1657 insani.
455 1628 532 1662 Quod
544 1629 566 1657 si
577 1628 768 1662 conﬁnxerint,
783 1633 811 1655 et
825 1627 940 1656 alterum
953 1626 1017 1654 illud

1050 241 1110 267 ἔστι
1123 240 1154 267 τὸ
1167 239 1253 271 πάθος
1267 238 1347 266 τοῦτο
1358 245 1365 253 ⁸
1382 238 1406 263 εἰ
1422 235 1450 262 δὲ
1468 235 1511 262 διὰ
1523 234 1554 260 τὺ
1569 233 1601 259 ὲκ
1619 231 1725 258 τούτων
1739 229 1850 256 ἄτοπον

1053 285 1105 313 οὐκ
1133 285 1166 312 ὲκ.
1192 283 1347 320 βουλήσεως
1377 281 1527 316 οἰκτίρμων
1550 277 1599 305 καὶ
1624 275 1729 310 ἀγαθός
1756 275 1849 304 ἔστιν,

1050 331 1224 360 άκουὲτωσαν
1240 330 1313 365 ᾇπερ
1328 328 1471 362 εἰρήκασιν
1487 323 1564 352 αὐτοι
1575 332 1583 339 ·
1598 321 1704 349 Οὐκοῦν
1718 320 1848 354 ἀνάγκη,

1052 378 1100 405 καὶ
1118 377 1155 412 μὴ
1171 377 1256 403 θέλων
1283 374 1383 409 ἁγαθός
1408 373 1476 400 ἔστι.
1494 371 1549 398 Καὶ
1561 369 1602 400 τις
1616 369 1632 394 ὀ
1647 369 1696 402 τὴν
1713 366 1846 412 ἀνάγαιην

1054 410 1189 451 ἐπιϐαλὼν
1205 421 1300 457 αὐτῷ;
1321 421 1351 447 ει
1365 420 1395 447 δὲ
1411 418 1508 452 ἄλογόν
1525 418 1582 442 ἐστι
1596 415 1685 448 λέγειν
1711 413 1761 439 ἐπ’.
1778 410 1851 438 Θεοῦ

1053 470 1190 504 ἀνάγκην.
1210 468 1257 495 καὶ
1272 467 1316 494 διὰ
1331 465 1411 493 τοῦτο
1425 465 1504 499 φύσει
1520 461 1623 496 ἁγαθός
1642 462 1728 490 ἐστιν,
1741 458 1795 492 εἴη
1817 457 1851 483 ἂν

1053 515 1144 550 πολλῷ
1156 503 1257 549 μᾶλλον
1285 513 1331 539 καὶ
1345 510 1526 546 ἀληθέστερον
1545 507 1593 534 τοῦ
1610 505 1673 532 ι’ῑοῦ
1688 505 1788 540 φύσει,
1801 503 1851 530 καὶ

1054 562 1105 590 οὐκ
1118 562 1149 588 ὲκ
1164 560 1318 596 βουλήσεως
1347 556 1454 592 Πατήρ.
1474 555 1639 582 Ettritus“
1663 552 1692 579 δὲ
1708 552 1782 586 ἡμῖν
1802 550 1851 577 καὶ

1055 608 1134 636 τοῦτο
1147 607 1239 635 πάλιν.
1251 605 1321 641 Πρὸς
1332 604 1386 638 γὰρ
1396 603 1448 637 τὴν
1459 599 1655 636 ἀναισχυντίαν
1668 598 1763 625 αὐτῶν
1780 596 1852 631 eptit-

1057 662 1139 690 τησιν
1168 653 1262 684 αὐτοῖς
1290 651 1405 684 ιπάγειν
1425 648 1466 675 ἐτι
1489 646 1621 682 βούλομαι
1637 643 1852 679 τολμηροτέραν

1059 700 1120 737 μὶν,
1136 699 1288 735 βλέπουσαν
1313 697 1341 723 δὲ
1357 697 1433 730 ὅμως
1458 695 1497 725 εἰς
1521 691 1677 719 εὐσέϐειαν.
1696 690 1853 722 Ἶλάσθητι,

1059 735 1192 772 Λέστιοτα.
1213 744 1243 770 ‘0
1260 741 1355 777 Πατὴρ
1367 739 1447 771 αὐτὸς
1461 736 1680 774 βουλευσάμενος
1700 735 1854 770 πρότερον,

1060 789 1122 818 εἶτα.
1137 790 1264 824 θελήσας,
1280 787 1366 818 οὕτως
1391 785 1521 820 ὑπάρχει.
1543 782 1568 818 ’ἢ
1584 782 1630 809 καὶ
1646 781 1700 816 πρὸ
1723 780 1772 806 τοῦ
1787 779 1855 815 βου-

1061 837 1229 867 λιύσασθαις
1247 834 1300 870 χρὴ
1318 833 1372 868 γὰρ
1401 829 1526 867 περὶτοῦ
1552 829 1639 862 Λόγου
1654 826 1772 854 τοιαῦτα
1792 825 1857 870 τολ-

1026 871 1046 899 B
1063 883 1170 918 μῶντας
1202 881 1318 912 αὐτοὺς,
1350 877 1464 905 τοιαῦτα
1494 875 1544 902 καὶ
1571 873 1636 909 περὶ
1665 872 1713 898 τοῦ
1745 869 1858 904 [ἰατρὸς

1060 926 1182 959 ἀκούειν,
1197 925 1240 953 ῐνα
1253 924 1366 959 γνῶσιν,
1380 923 1421 950 ὅτι
1439 923 1455 955 ἡ
1464 919 1578 954 τοιαύτη
1594 917 1685 946 αὐτῶν
1698 916 1859 952 προπέτεια

1060 975 1107 1002 καὶ
1126 974 1168 1004 εις
1192 972 1273 999 αὑτὸν
1286 971 1333 998 τὸν
1357 968 1466 1004 Πατέρα
1480 967 1589 1002 φθάνει.
1609 964 1673 991 Ἐάν
1689 963 1740 997 μὲν
1755 961 1807 988 οὖν
1819 962 1858 987 sl-

1061 1027 1163 1049 πωσιν.
1193 1018 1235 1045 ὃτι
1248 1017 1296 1044 καὶ
1312 1015 1392 1046 αὐτὸς
1407 1014 1439 1040 ὲκ
1452 1013 1617 1048 βουλήσεως,
1633 1010 1659 1037 τι
1684 1007 1718 1045 ἦν
1733 1009 1789 1044 πρὸ
1808 1007 1856 1034 τοῦ

1063 1063 1271 1102 βουλεύσασθαι,
1299 1062 1317 1098 ἢ
1331 1061 1357 1088 τι
1373 1061 1453 1088 πλέον
1473 1059 1565 1094 ἔσχεν,
1586 1058 1624 1090 ὡς
1651 1056 1731 1102 bitat;
1747 1055 1858 1102 λέγετε,

1064 1098 1134 1149 μετὰ
1144 1112 1175 1138 τὺ
1192 1107 1388 1146 βουλεύσασθαι
1401 1115 1409 1140 ;
1426 1106 1459 1134 El
1475 1105 1503 1132 δὲ
1527 1105 1627 1134 ἄτοπος
1642 1102 1688 1149 καὶ
1701 1098 1859 1149 hausta-:6;

1063 1145 1138 1185 ἐστιν
1151 1157 1168 1192 ή
1181 1155 1293 1189 τοιαύτη
1307 1153 1451 1189 ἐρώτησις,
1461 1151 1509 1178 καὶ
1523 1151 1553 1178 οὺ
1567 1149 1646 1184 θέμις
1657 1147 1727 1179 ὅλως
1739 1145 1860 1173 τοιαῦτα

1064 1204 1155 1238 λέγειν
1177 1202 1268 1237 (ἀρκεῖ
1282 1200 1336 1235 γὰρ
1356 1198 1405 1226 καὶ
1424 1196 1505 1235 μόνον
1522 1196 1673 1226 ἀκούοντας
1697 1192 1774 1228 ἡμᾶς
1793 1192 1861 1238 περὶ

1064 1237 1132 1278 Θεοῦ
1147 1249 1259 1279 ειδέναι,
1281 1247 1329 1274 καὶ
1341 1246 1425 1277 νοεῖν,
1447 1244 1488 1271 ὅτι
1503 1243 1585 1273 αὐτός
1597 1242 1669 1268 ἐστιν
1687 1240 1702 1266 ὀ
1717 1238 1782 1273 ὢν),
1800 1237 1860 1268 πῶς

1064 1296 1115 1324 οὐκ
1128 1295 1223 1329 ἄλογον
1238 1293 1271 1320 ἂν
1285 1292 1328 1327 εῐη
1341 1290 1390 1318 καὶ
1405 1289 1470 1325 περὶ
1485 1287 1532 1314 τοῦ
1546 1286 1613 1313 Θεοῦ
1631 1285 1718 1320 Λόγου
1742 1282 1860 1310 τοιαῦτα

1066 1339 1252 1376 ἐνθυμεῖσθαι,
1269 1338 1318 1366 καὶ
1336 1337 1462 1373 βούλησιν
1487 1335 1534 1361 καὶ
1557 1333 1667 1368 θέλησιν
1700 1329 1861 1376 τξροϐἁλλεέ

1068 1375 1152 1420 σθαιγς
1199 1384 1293 1421 ’Δρκεῐ
1319 1383 1375 1419 γὰρ
1398 1381 1463 1417 περὶ
1490 1379 1538 1407 τοῦ
1565 1378 1652 1412 Λόγου
1677 1376 1779 1403 εἰδέναι
1814 1375 1862 1401 καὶ

1067 1433 1150 1466 νοεῖν,
1163 1432 1203 1459 ὅτι
1216 1431 1230 1457 ὁ
1246 1429 1284 1467 μὴ
1297 1429 1330 1456 lx
1348 1427 1503 1464 βουλήσεως
1512 1424 1643 1460 ὑπάρχων
1655 1422 1721 1454 Θεὺς
1750 1421 1782 1448 οὗ
1796 1421 1862 1456 βου-

1067 1479 1158 1514 λήσει,
1186 1477 1254 1504 άλλὰ
1284 1475 1365 1510 φύσει
1383 1473 1430 1500 τὸν
1444 1472 1510 1499 ἴδιον
1527 1471 1584 1506 ἔχει
1608 1469 1703 1503 Λόγον.
1728 1467 1796 1499 Πῶς
1807 1467 1862 1514 οὖν

1460 1517 1566 1552 Ila-Iph;
1586 1515 1718 1550 ὑπάρχων
1744 1515 1760 1540 ὸ
1774 1512 1863 1547 Λόγος

1067 1559 1180 1600 θύναται
1194 1568 1319 1605 γίνεσθαι
1334 1566 1383 1593 καὶ
1403 1565 1484 1597 αὐτὸς
1499 1563 1649 1599 βουλήματι
1663 1561 1712 1587 καὶ
1726 1559 1861 1595 adﬂent;

1068 1618 1147 1650 me;
1161 1616 1185 1643 εἰ
1199 1615 1247 1651 μὴ.
1260 1613 1332 1641 καθὰ
1345 1611 1487 1647 προεῖπον,
1503 1608 1632 1644 μανέντες
1647 1606 1728 1634 πάλιν
1741 1605 1863 1651 εἴπωσιν

232 1676 305 1712 gigni
317 1683 424 1703 rursum
434 1650 483 1711 pe:
495 1675 603 1711 aliquod
609 1675 683 1703 aliud
702 1650 821 1703 Verbum
834 1650 946 1703 necesse
956 1673 1018 1701 erit.

1087 1664 1152 1691 f5th
1163 1650 1306 1690 satam?)
1318 1657 1471 1693 γιγονέναι,
1482 1655 1499 1691 ἢ
1515 1655 1549 1682 δι’
1562 1653 1655 1690 ἐτέρου
1668 1653 1753 1683 τινός.
1778 1650 1865 1677 Ἀλλὰ

1097 1710 1102 1712 ³
1158 1709 1166 1712 -
1182 1708 1188 1712 ·
1362 1704 1368 1712 ν
1420 1711 1441 1712 η
1465 1701 1589 1712 Art-“ru-
1602 1699 1643 1712 LI.
1658 1706 1732 1712 -.....-
1744 1697 1853 1712 ..ι,.-,,.,

233 1723 323 1757 Atque
332 1721 367 1749 ita
377 1722 520 1757 multioeps
527 1721 673 1757 intpiornm
681 1721 795 1748 haeresis
802 1720 1021 1755 deprehendetur

235 1769 318 1796 stulte
333 1771 360 1796 tn
374 1768 534 1796 immensam
545 1768 659 1796 deorum
671 1766 875 1794 multitudinem
889 1766 1021 1796 incidere.

235 1812 300 1840 dum
315 1812 414 1840 Filium
428 1816 549 1840 creatum
560 1816 588 1840 et
600 1818 633 1838 ex
643 1810 729 1838 nihilo
740 1810 842 1838 factum
859 1818 932 1844 esse,
946 1809 1023 1838 novis

237 1864 347 1887 utentes
369 1858 492 1891 vocibus,
523 1858 604 1892 eique
626 1857 771 1885 consilium
795 1861 824 1884 et
853 1857 1022 1885 voluntatem

236 1907 428 1939 praeponentes
436 1902 730 1929 conattturOstendere.
739 1900 835 1929 Nonne
846 1901 959 1936 impium
971 1903 1024 1932 est,

238 1957 271 1977 ea
284 1956 345 1983 quae
359 1955 449 1975 rerum
466 1952 671 1983 procreatarum
684 1952 758 1980 sunt,
778 1947 806 1975 in
820 1951 1025 1982 prOCuratorem

241 1993 401 2022 transferre?
411 1993 508 2021 Nonne
519 1993 680 2022 detestabile
688 1997 717 2022 et
729 1993 927 2021 exsecrandum
939 1996 981 2020 est
989 1992 1029 2020 di-

240 2048 314 2072 cere.
329 2039 472 2068 consilium
496 2045 524 2068 et
535 2039 703 2068 voluntatem
721 2046 782 2067 esse
789 2043 853 2066 ante
864 2038 983 2066 Verbum
1000 2037 1029 2066 in

241 2087 320 2115 Patre
331 2086 343 2114 Ἰ
354 2085 382 2114 Si
394 2086 466 2114 enim
484 2086 608 2114 voluntas
623 2085 650 2113 in
677 2084 758 2113 Patre
787 2085 927 2120 pracedit,
957 2083 1029 2112 haud

241 2141 305 2161 vera
314 2132 432 2168 loquitur
438 2130 744 2167 Filius,Ego,inquiens,
750 2131 777 2158 iu
785 2131 875 2164 Patre,
883 2135 930 2159 aut
938 2132 1033 2159 etiam-

241 2180 264 2207 si
276 2180 334 2215 ipse
347 2186 455 2215 quoque
474 2179 503 2206 in
519 2178 596 2205 Patre
610 2182 662 2211 est,
674 2178 809 2213 posterior
832 2181 922 2205 tamen
938 2178 1032 2206 existi-

243 2226 372 2257 mabitur,
392 2233 453 2252 cum
474 2224 600 2253 voluntas
614 2225 641 2251 in
657 2231 710 2259 qua
734 2223 826 2252 omnia
851 2224 920 2252 facta
952 2230 1028 2258 sunt,

242 2270 403 2304 antecedat,
427 2275 455 2298 et
485 2270 543 2306 ipse
559 2275 640 2306 post,
672 2275 701 2297 ut
726 2277 775 2298 vos
804 2270 927 2306 putatis,
957 2271 1032 2298 exsi—

244 2322 308 2345 stat.
333 2317 408 2344 Licet
430 2317 503 2344 enim
530 2317 616 2352 gloria
634 2320 752 2352 praestet,
768 2321 860 2344 tamen
883 2324 969 2344 unum
979 2316 1032 2344 erit

243 2362 321 2390 exiis
334 2369 392 2397 quae
404 2361 544 2389 voluntate
558 2361 628 2389 facta
646 2356 720 2389 sunt.
736 2362 771 2389 At
789 2361 915 2389 homines
934 2361 1032 2389 nefarii

246 2409 354 2440 nolunt,
369 2407 489 2435 Verbum
509 2411 537 2435 et
563 2408 709 2435 consilium
730 2407 825 2435 vivens
848 2415 909 2435 esse
924 2406 1032 2440 Filium,

245 2454 293 2482 sed
307 2452 480 2488 prudentiam
488 2456 516 2480 et
532 2452 676 2480 consilium
690 2450 718 2479 el.
733 2451 942 2486 sapientiam,ut
955 2452 1034 2479 habi-

247 2509 292 2532 tus
302 2503 445 2538 quosdam.
455 2503 501 2538 qui
512 2502 602 2529 inesse
623 2501 774 2536 abesseque
787 2501 902 2536 possint,
916 2502 1036 2529 humano

249 2560 327 2580 more
361 2552 417 2579 Deo
443 2551 578 2578 inhaerere
602 2550 860 2584 comminiscuntur,
892 2555 920 2578 et
945 2552 1037 2579 omnia

249 2608 370 2636 movent,
381 2608 410 2631 et
423 2602 562 2631 Valentini
586 2602 726 2630 notionem
752 2606 780 2630 et
792 2602 959 2630 voluntatem
977 2602 1038 2631 ideo

251 2658 424 2691 pra-ponunt,
436 2658 467 2681 ut
481 2653 578 2681 Filium
593 2662 607 2681 a
617 2654 698 2681 Patre
710 2653 841 2687 dividant,
856 2662 974 2690 cumque
984 2663 1039 2683 non

251 2705 391 2742 proPrium
403 2704 494 2733 Patris
509 2703 638 2737 Verbum,
655 2703 703 2731 sed
728 2708 850 2731 creatum
867 2711 928 2732 esse
936 2704 1038 2734 dicant.

252 2755 401 2792 Apostolus
423 2759 515 2782 autem
528 2761 584 2782 non
613 2753 771 2788 voluntatis,
787 2753 835 2781 sed
849 2754 977 2782 essentia
994 2762 1042 2790 pa-

253 2813 340 2836 terna
353 2805 493 2842 proprium
518 2804 691 2840 splendorem
720 2808 748 2832 et
759 2803 874 2839 ﬁguram
895 2803 1042 2832 Dominum

254 2864 316 2885 esse
328 2856 470 2893 pradicet,
491 2854 611 2890 Quicum
619 2855 665 2889 sit,
674 2854 934 2890 inquiens,aplemlor
941 2853 1043 2890 gloritc,

1070 1710 1123 1738 xlv
1138 1708 1322 1738 πλάσσωνται,
1333 1704 1442 1734 πάντως
1464 1701 1589 1732 κάκεῖνος
1600 1699 1645 1726 διά
1658 1706 1732 1729 τινος
1744 1697 1865 1732 γίνεται.

1072 1756 1127 1784 Καὶ
1146 1754 1240 1782 λοιπον
1252 1752 1338 1782 οὕτως
1361 1747 1591 1784 ὶπιλογιζομένων
1613 1744 1703 1781 ήμῶν,
1729 1743 1781 1770 καὶ
1797 1744 1868 1770 ἁνα-

1073 1802 1221 1839 κρινόντων
1240 1799 1290 1834 τὴν
1307 1797 1455 1833 ἀλήθειαν,
1482 1793 1640 1839 εὑρίσκεται
1657 1791 1711 1839 τιῖιν
1737 1790 1835 1818 ἀθέων

1074 1834 1259 1879 πολυκέφαλος
1273 1842 1380 1878 αἵρεσις
1399 1841 1440 1871 εἰς
1456 1837 1639 1873 πολυθεότητα
1662 1835 1804 1862 πίπτουσα
1821 1834 1869 1861 καὶ

1075 1891 1194 1927 ἄμετρον
1221 1888 1328 1924 μανίαν,
1343 1887 1373 1913 ἐν
1421 1885 1525 1920 κτίσμα
1541 1885 1587 1911 καὶ
1606 1882 1698 1916 sicut:
1713 1881 1803 1908 ὀντων
1825 1880 1870 1907 θέ-

1075 1937 1167 1968 λοντες
1183 1933 1253 1963 εἷναι
1270 1934 1316 1961 τὸν
1336 1932 1410 1965 Υἱδν,
1431 1931 1533 1967 ἑτέρως
1550 1929 1584 1957 τὰ
1599 1928 1670 1956 αὐτὰ
1686 1928 1868 1963 σημαίνουσι,

1078 1982 1208 2018 βούλησιν
1228 1979 1276 2007 καὶ
1301 1979 1411 2012 Θέλησιν
1434 1975 1660 2012 προσαλλόμενοι.
1677 1973 1740 2004 Πῶς
1755 1970 1806 2000 οὖν
1819 1973 1871 1998 οὐκ

1078 2028 1175 2059 suae;
1189 2028 1223 2054 τὰ
1238 2026 1293 2052 τῶν
1309 2023 1431 2059 γενητῶν
1458 2022 1506 2049 ἐπὶ
1526 2021 1572 2048 τδν
1587 2018 1765 2056 Δημιουργὸν
1782 2026 1869 2054 μετα·

1081 2075 1189 2110 φέρειν;
1208 2073 1245 2099 Ἣ
1259 2070 1317 2102 πῶς
1332 2071 1363 2097 οὐ
1380 2069 1542 2105 βλάσφημον
1560 2066 1653 2101 λέγειν
1668 2065 1800 2101 βούλησιν
1816 2064 1870 2100 πρὸ

1080 2120 1127 2147 τοῦ
1149 2119 1235 2153 Λόγου
1257 2114 1327 2144 εἶναι
1355 2116 1383 2143 ἐν
1398 2115 1437 2150 τῷ
1451 2113 1554 2149 Πατρίς
1578 2113 1611 2140 Et
1633 2112 1688 2147 γὰρ
1705 2111 1871 2147 προηγεῖται

1084 2166 1211 2203 βούλησις
1228 2165 1257 2191 ὲν
1272 2164 1310 2199 τῷ
1326 2162 1424 2198 Πατρὶ,
1440 2161 1490 2188 οὐκ
1508 2159 1635 2195 ἀληθεύει
1649 2158 1738 2193 λέγων
1752 2159 1767 2184 ὁ
1782 2157 1849 2189 Υἱός
1860 2161 1870 2171 ⁶

1088 2213 1162 2249 Ἐγὼ
1175 2212 1210 2239 ἐν
1222 2209 1262 2244 τῷ
1283 2209 1385 2244 Πατρι.
1401 2208 1438 2235 Ἦ
1450 2207 1475 2234 ei
1496 2207 1546 2233 καὶ
1572 2205 1654 2237 αὐτὸς
1669 2205 1698 2231 ἐν
1722 2205 1764 2238 τῷ
1783 2204 1870 2239 Πατρί

1081 2260 1165 2291 ἔστιν,
1182 2257 1250 2284 ἀλλὰ
1259 2256 1384 2291 δεύτερον
1397 2253 1599 2290 λογισθήσεται,
1615 2251 1700 2287 οΰσης
1713 2251 1870 2286 βουλήσεως

1081 2305 1135 2341 πρὸ
1152 2304 1246 2337 αὐτοῦ,
1262 2303 1292 2329 ιν
1318 2300 1336 2340 ᾗ
1355 2301 1443 2329 πάντα
1456 2300 1562 2335 γέγονε,
1589 2299 1637 2326 καὶ
1664 2298 1745 2329 αὐτὸς
1762 2297 1870 2331 ὑπέστη

1082 2350 1144 2378 καθ’
1160 2349 1243 2385 ὑμᾶς.
1259 2348 1317 2375 Κᾶν
1327 2347 1382 2382 γάρ
1394 2347 1428 2382 τῇ
1440 2346 1505 2382 δόξῃ
1519 2344 1646 2380 διαφέρῃ,
1663 2343 1721 2372 ἀλλ’
1732 2343 1814 2371 οὐδὲν
1823 2341 1872 2379 ἦτσ

1083 2397 1128 2425 τόν
1140 2398 1214 2424 ἐστιν
1229 2392 1268 2427 εἷς
1280 2394 1334 2422 τῶν
1348 2395 1380 2421 ὲκ
1401 2393 1556 2429 βουλήσεως
1571 2391 1734 2427 γινομένων.
1759 2391 1834 2419 Ἀλλ’
1849 2391 1873 2418 οἱ

1083 2442 1191 2474 ἀσεϐεῖς
1205 2441 1235 2468 ού
1250 2440 1361 2468 θέλουσι
1372 2439 1421 2475 μὲν
1437 2438 1524 2472 Λόγον
1547 2438 1595 2464 καὶ
1611 2437 1711 2473 βουλήν
1725 2435 1821 2468 ζῶσαν
1837 2434 1874 2463 εἷ-

1085 2497 1129 2516 ναι
1142 2487 1188 2515 τὸν
1199 2487 1274 2520 Υιον,
1287 2486 1351 2522 περὶ
1362 2485 1391 2513 δὲ
1403 2485 1450 2512 τὸν
1459 2483 1527 2512 Θεὸν
1537 2483 1681 2519 φρόνησιν,
1708 2482 1755 2509 καὶ
1776 2481 1874 2518 βούλη-

1088 2542 1140 2567 σιν,
1173 2532 1221 2560 καὶ
1236 2531 1341 2567 σοφίαν,
1368 2530 1406 2562 ὡς
1430 2529 1487 2563 ἕξιν
1504 2528 1715 2563 συμϐαίνουσαν,
1733 2528 1782 2554 καὶ
1808 2527 1874 2552 ἁπο-

1089 2578 1290 2614 συμδαίνουσαν
1309 2575 1489 2610 ἀνθρωπίνως
1516 2572 1642 2609 γίνεσθαι
1673 2571 1873 2607 μυθολογοῦσι,

1089 2625 1137 2652 καὶ
1152 2624 1242 2651 πάντα
1257 2621 1374 2654 κινοῦσι,
1390 2621 1438 2648 καὶ
1447 2620 1496 2656 τήν
1511 2617 1690 2647 Οὐαλεντίνου
1707 2617 1816 2645 ἔννοιαν
1832 2618 1874 2643 καὶ

1090 2670 1199 2705 θέλησιν
1222 2666 1434 2703 προσάλλονται,
1462 2666 1506 2693 ῐνα
1540 2663 1622 2699 μόνον
1645 2663 1814 2697 διαστήσωσι
1833 2663 1873 2690 τὸν

1092 2715 1155 2742 Υἰὺν
1167 2713 1221 2741 ἁπδ
1235 2712 1282 2740 τοῦ
1303 2711 1420 2748 Πατρὸς,
1447 2710 1495 2739 καὶ
1510 2709 1549 2746 μὴ
1572 2709 1689 2736 εἴπωσιν
1714 2708 1781 2735 ἴδιον
1797 2707 1873 2735 αὐτὸν

1090 2760 1139 2788 τοῦ
1158 2759 1263 2795 Πατρδς
1284 2756 1355 2786 εἶναι
1372 2757 1476 2793 Λόγον,
1491 2756 1559 2784 ἀλλὰ
1584 2755 1687 2790 κτίσμα
1702 2762 1712 2771 ·
1729 2754 1777 2781 καὶ
1796 2754 1872 2789 γὰρό

1099 2805 1263 2837 ’Δπόστολος
1288 2805 1319 2832 ού
1336 2804 1501 2840 βουλήσεως,
1527 2801 1586 2829 ἀλλ’
1604 2801 1692 2836 αὐτῆς
1707 2800 1757 2835 τῆς
1785 2800 1872 2830 οὐσίας

1094 2853 1145 2889 τῆς
1162 2851 1299 2887 πατρικῆς
1318 2851 1383 2879 [διον
1399 2849 1569 2885 ἀπαύγασμα
1595 2848 1642 2876 καὶ
1658 2846 1820 2883 χαρακτῆρα
1834 2847 1873 2872 τὸν
