  <div class='ocr_page' id='page_1' title='image "/cluster/home/n/w/nwhite01/storage/ocr_20150623/130/njp.32101010942777/237.png"; bbox 0 0 1902 3078; ppageno 0'>
   <div class='ocr_carea' id='block_1_1' title="bbox 248 155 301 186">
    <p class='ocr_par' dir='ltr' id='par_1_1' title="bbox 248 155 301 186">
     <span class='ocr_line' id='line_1_1' title="bbox 248 155 301 186; baseline 0.019 -1"><span class='ocrx_word' id='word_1_1' title='bbox 248 155 301 186; x_wconf 67' lang='grc' dir='ltr'>’ίδθ</span> 
     </span>
    </p>
   </div>
   <div class='ocr_carea' id='block_1_2' title="bbox 871 157 1262 189">
    <p class='ocr_par' dir='ltr' id='par_1_2' title="bbox 871 157 1262 189">
     <span class='ocr_line' id='line_1_2' title="bbox 871 157 1262 189; baseline -0.008 0"><span class='ocrx_word' id='word_1_2' title='bbox 871 158 1061 189; x_wconf 82' lang='lat' dir='ltr'>EUTllYMll</span> <span class='ocrx_word' id='word_1_3' title='bbox 1084 157 1262 189; x_wconf 64' lang='lat' dir='ltr'><strong>ZiGAllEN‘l</strong></span> 
     </span>
    </p>
   </div>
   <div class='ocr_carea' id='block_1_3' title="bbox 1829 158 1876 188">
    <p class='ocr_par' dir='ltr' id='par_1_3' title="bbox 1829 158 1876 188">
     <span class='ocr_line' id='line_1_3' title="bbox 1829 158 1876 188; baseline -0.021 0"><span class='ocrx_word' id='word_1_4' title='bbox 1829 158 1876 188; x_wconf 65' lang='lat' dir='ltr'>4C0</span> 
     </span>
    </p>
   </div>
   <div class='ocr_carea' id='block_1_4' title="bbox 246 222 1023 265">
    <p class='ocr_par' dir='ltr' id='par_1_4' title="bbox 246 222 1023 258">
     <span class='ocr_line' id='line_1_4' title="bbox 246 222 1023 258; baseline -0.004 -6"><span class='ocrx_word' id='word_1_5' title='bbox 246 226 302 252; x_wconf 77' lang='lat' dir='ltr'><strong>Pati</strong></span> <span class='ocrx_word' id='word_1_6' title='bbox 312 225 373 252; x_wconf 88' lang='lat' dir='ltr'><strong>ibus</strong></span> <span class='ocrx_word' id='word_1_7' title='bbox 386 224 596 258; x_wconf 87' lang='lat' dir='ltr'><strong>inobsequentes</strong></span> <span class='ocrx_word' id='word_1_8' title='bbox 609 227 683 255; x_wconf 84' lang='lat' dir='ltr'><strong>sunt,</strong></span> <span class='ocrx_word' id='word_1_9' title='bbox 698 227 724 249; x_wconf 75' lang='lat' dir='ltr'>rt</span> <span class='ocrx_word' id='word_1_10' title='bbox 741 222 872 249; x_wconf 73' lang='lat' dir='ltr'><strong>adversus</strong></span> <span class='ocrx_word' id='word_1_11' title='bbox 884 224 1023 250; x_wconf 69' lang='grc' dir='ltr'>ωειιιιιοιιίι</span> 
     </span>
    </p>
   </div>
   <div class='ocr_carea' id='block_1_5' title="bbox 1069 222 1869 265">
    <p class='ocr_par' dir='ltr' id='par_1_5' title="bbox 1082 225 1869 265">
     <span class='ocr_line' id='line_1_5' title="bbox 1082 225 1869 265; baseline 0.008 -15"><span class='ocrx_word' id='word_1_12' title='bbox 1082 225 1246 260; x_wconf 72' lang='grc' dir='ltr'>γραμμένων</span> <span class='ocrx_word' id='word_1_13' title='bbox 1257 244 1264 257; x_wconf 87' lang='grc'>,</span> <span class='ocrx_word' id='word_1_14' title='bbox 1282 226 1402 258; x_wconf 76' lang='grc' dir='ltr'>ἀπειθεῖς</span> <span class='ocrx_word' id='word_1_15' title='bbox 1417 227 1466 261; x_wconf 87' lang='grc' dir='ltr'>μὲν</span> <span class='ocrx_word' id='word_1_16' title='bbox 1487 227 1595 261; x_wconf 77' lang='grc' dir='ltr'>γονεῦσι</span> <span class='ocrx_word' id='word_1_17' title='bbox 1611 228 1754 262; x_wconf 72' lang='grc' dir='ltr'>γεγόνασι,</span> <span class='ocrx_word' id='word_1_18' title='bbox 1781 229 1869 265; x_wconf 72' lang='grc' dir='ltr'>διαμά</span> 
     </span>
    </p>
   </div>
   <div class='ocr_carea' id='block_1_6' title="bbox 244 268 1028 307">
    <p class='ocr_par' dir='ltr' id='par_1_6' title="bbox 244 268 1028 307">
     <span class='ocr_line' id='line_1_6' title="bbox 244 268 1028 307; baseline -0.003 -9"><span class='ocrx_word' id='word_1_19' title='bbox 244 279 304 299; x_wconf 84' lang='lat' dir='ltr'><strong>eam</strong></span> <span class='ocrx_word' id='word_1_20' title='bbox 316 271 448 307; x_wconf 78' lang='lat' dir='ltr'>synodum</span> <span class='ocrx_word' id='word_1_21' title='bbox 461 269 620 298; x_wconf 73' lang='lat' dir='ltr'>decertant?</span> <span class='ocrx_word' id='word_1_22' title='bbox 632 268 678 296; x_wconf 76' lang='lat' dir='ltr'><strong>lla:</strong></span> <span class='ocrx_word' id='word_1_23' title='bbox 690 276 780 302; x_wconf 82' lang='lat' dir='ltr'><strong>voces,</strong></span> <span class='ocrx_word' id='word_1_24' title='bbox 791 268 878 302; x_wconf 87' lang='lat' dir='ltr'><strong>aiunt,</strong></span> <span class='ocrx_word' id='word_1_25' title='bbox 894 278 902 294; x_wconf 79' lang='grc' dir='ltr'>ι</span> <span class='ocrx_word' id='word_1_26' title='bbox 918 277 949 296; x_wconf 84' lang='lat' dir='ltr'>ex</span> <span class='ocrx_word' id='word_1_27' title='bbox 963 270 1028 296; x_wconf 83' lang='lat' dir='ltr'><strong>sub-</strong></span> 
     </span>
    </p>
   </div>
   <div class='ocr_carea' id='block_1_7' title="bbox 245 315 1030 350">
    <p class='ocr_par' dir='ltr' id='par_1_7' title="bbox 245 315 1030 350">
     <span class='ocr_line' id='line_1_7' title="bbox 245 315 1030 350; baseline -0.004 -6"><span class='ocrx_word' id='word_1_28' title='bbox 245 317 355 350; x_wconf 82' lang='lat' dir='ltr'>stantia,</span> <span class='ocrx_word' id='word_1_29' title='bbox 368 326 377 342; x_wconf 78' lang='grc'>›</span> <span class='ocrx_word' id='word_1_30' title='bbox 395 320 432 349; x_wconf 87' lang='lat' dir='ltr'><strong>et,</strong></span> <span class='ocrx_word' id='word_1_31' title='bbox 457 325 466 340; x_wconf 86' lang='grc'><em>‹</em></span> <span class='ocrx_word' id='word_1_32' title='bbox 478 315 718 348; x_wconf 72' lang='lat' dir='ltr'><strong>consubstantiale,</strong></span> <span class='ocrx_word' id='word_1_33' title='bbox 730 324 739 340; x_wconf 72' lang='grc' dir='ltr'>ι</span> <span class='ocrx_word' id='word_1_34' title='bbox 755 315 832 343; x_wconf 87' lang='lat' dir='ltr'><strong>nobis</strong></span> <span class='ocrx_word' id='word_1_35' title='bbox 850 315 962 343; x_wconf 85' lang='lat' dir='ltr'><strong>minime</strong></span> <span class='ocrx_word' id='word_1_36' title='bbox 974 316 1030 349; x_wconf 88' lang='lat' dir='ltr'><strong>pla-</strong></span> 
     </span>
    </p>
   </div>
   <div class='ocr_carea' id='block_1_8' title="bbox 245 360 1029 398">
    <p class='ocr_par' dir='ltr' id='par_1_8' title="bbox 245 360 1029 398">
     <span class='ocr_line' id='line_1_8' title="bbox 245 360 1029 398; baseline -0.003 -8"><span class='ocrx_word' id='word_1_37' title='bbox 245 368 317 395; x_wconf 81' lang='lat' dir='ltr'><strong>cent,</strong></span> <span class='ocrx_word' id='word_1_38' title='bbox 333 362 495 398; x_wconf 84' lang='lat' dir='ltr'><strong>quibusdam</strong></span> <span class='ocrx_word' id='word_1_39' title='bbox 516 361 588 388; x_wconf 87' lang='lat' dir='ltr'><strong>enim</strong></span> <span class='ocrx_word' id='word_1_40' title='bbox 604 360 769 388; x_wconf 78' lang='lat' dir='ltr'><strong>oifcudieulo</strong></span> <span class='ocrx_word' id='word_1_41' title='bbox 788 360 874 393; x_wconf 79' lang='lat' dir='ltr'><strong>luere,</strong></span> <span class='ocrx_word' id='word_1_42' title='bbox 894 360 1029 396; x_wconf 89' lang='lat' dir='ltr'><strong>plurimos</strong></span> 
     </span>
    </p>
   </div>
   <div class='ocr_carea' id='block_1_9' title="bbox 245 407 1029 442">
    <p class='ocr_par' dir='ltr' id='par_1_9' title="bbox 245 407 1029 442">
     <span class='ocr_line' id='line_1_9' title="bbox 245 407 1029 442; baseline -0.001 -7"><span class='ocrx_word' id='word_1_43' title='bbox 245 408 454 436; x_wconf 85' lang='lat' dir='ltr'><strong>eonturbarunt.</strong></span> <span class='ocrx_word' id='word_1_44' title='bbox 468 407 508 435; x_wconf 93' lang='lat' dir='ltr'><strong>llli</strong></span> <span class='ocrx_word' id='word_1_45' title='bbox 525 407 608 442; x_wconf 81' lang='lat' dir='ltr'><strong>igitur</strong></span> <span class='ocrx_word' id='word_1_46' title='bbox 628 407 739 442; x_wconf 79' lang='lat' dir='ltr'>scriptis</span> <span class='ocrx_word' id='word_1_47' title='bbox 756 407 813 435; x_wconf 84' lang='lat' dir='ltr'>suis</span> <span class='ocrx_word' id='word_1_48' title='bbox 838 407 875 435; x_wconf 87' lang='lat' dir='ltr'>ita</span> <span class='ocrx_word' id='word_1_49' title='bbox 902 412 967 434; x_wconf 88' lang='lat' dir='ltr'><strong>sunt</strong></span> <span class='ocrx_word' id='word_1_50' title='bbox 989 407 1029 435; x_wconf 90' lang='lat' dir='ltr'>lo-</span> 
     </span>
    </p>
   </div>
   <div class='ocr_carea' id='block_1_10' title="bbox 246 453 1030 488">
    <p class='ocr_par' dir='ltr' id='par_1_10' title="bbox 246 453 1030 488">
     <span class='ocr_line' id='line_1_10' title="bbox 246 453 1030 488; baseline -0.004 -6"><span class='ocrx_word' id='word_1_51' title='bbox 246 454 309 483; x_wconf 85' lang='lat' dir='ltr'><strong>cuti.</strong></span> <span class='ocrx_word' id='word_1_52' title='bbox 322 453 420 481; x_wconf 89' lang='lat' dir='ltr'><strong>Verum</strong></span> <span class='ocrx_word' id='word_1_53' title='bbox 432 453 471 480; x_wconf 91' lang='lat' dir='ltr'>sic</span> <span class='ocrx_word' id='word_1_54' title='bbox 486 453 622 488; x_wconf 78' lang='lat' dir='ltr'><strong>quispiam</strong></span> <span class='ocrx_word' id='word_1_55' title='bbox 634 453 687 481; x_wconf 84' lang='lat' dir='ltr'><strong>illis</strong></span> <span class='ocrx_word' id='word_1_56' title='bbox 699 457 841 481; x_wconf 83' lang='lat' dir='ltr'><strong>occurrat:</strong></span> <span class='ocrx_word' id='word_1_57' title='bbox 852 453 882 480; x_wconf 89' lang='lat' dir='ltr'><strong>Si</strong></span> <span class='ocrx_word' id='word_1_58' title='bbox 896 460 960 487; x_wconf 71' lang='lat' dir='ltr'><strong>ergo</strong></span> <span class='ocrx_word' id='word_1_59' title='bbox 973 453 1030 480; x_wconf 68' lang='lat' dir='ltr'><strong>haec</strong></span> 
     </span>
    </p>
   </div>
   <div class='ocr_carea' id='block_1_11' title="bbox 245 499 1027 535">
    <p class='ocr_par' dir='ltr' id='par_1_11' title="bbox 245 499 1027 535">
     <span class='ocr_line' id='line_1_11' title="bbox 245 499 1027 535; baseline -0.001 -9"><span class='ocrx_word' id='word_1_60' title='bbox 245 501 325 528; x_wconf 87' lang='lat' dir='ltr'><strong>verba</strong></span> <span class='ocrx_word' id='word_1_61' title='bbox 339 508 387 535; x_wconf 81' lang='lat' dir='ltr'><strong>per</strong></span> <span class='ocrx_word' id='word_1_62' title='bbox 396 507 425 527; x_wconf 85' lang='lat' dir='ltr'><strong>se</strong></span> <span class='ocrx_word' id='word_1_63' title='bbox 440 500 492 527; x_wconf 88' lang='lat' dir='ltr'><strong>illis</strong></span> <span class='ocrx_word' id='word_1_64' title='bbox 507 499 666 527; x_wconf 76' lang='lat' dir='ltr'><strong>oﬂ‘cnsiouis</strong></span> <span class='ocrx_word' id='word_1_65' title='bbox 680 507 761 526; x_wconf 84' lang='lat' dir='ltr'><strong>causa</strong></span> <span class='ocrx_word' id='word_1_66' title='bbox 777 499 862 532; x_wconf 78' lang='lat' dir='ltr'><strong>fuere,</strong></span> <span class='ocrx_word' id='word_1_67' title='bbox 876 507 929 526; x_wconf 90' lang='lat' dir='ltr'><strong>non</strong></span> <span class='ocrx_word' id='word_1_68' title='bbox 939 499 1027 526; x_wconf 85' lang='lat' dir='ltr'><strong>solum</strong></span> 
     </span>
    </p>
   </div>
   <div class='ocr_carea' id='block_1_12' title="bbox 245 544 1026 580">
    <p class='ocr_par' dir='ltr' id='par_1_12' title="bbox 245 544 1026 580">
     <span class='ocr_line' id='line_1_12' title="bbox 245 544 1026 580; baseline -0.001 -7"><span class='ocrx_word' id='word_1_69' title='bbox 245 546 376 580; x_wconf 87' lang='lat' dir='ltr'><strong>quosdam</strong></span> <span class='ocrx_word' id='word_1_70' title='bbox 389 545 499 578; x_wconf 81' lang='lat' dir='ltr'>oﬂ‘endi,</span> <span class='ocrx_word' id='word_1_71' title='bbox 516 553 548 573; x_wconf 89' lang='lat' dir='ltr'><strong>ac</strong></span> <span class='ocrx_word' id='word_1_72' title='bbox 566 545 698 580; x_wconf 89' lang='lat' dir='ltr'><strong>plurimos</strong></span> <span class='ocrx_word' id='word_1_73' title='bbox 712 544 816 572; x_wconf 87' lang='lat' dir='ltr'><strong>turbari</strong></span> <span class='ocrx_word' id='word_1_74' title='bbox 835 545 966 579; x_wconf 79' lang='lat' dir='ltr'>oportuit,</span> <span class='ocrx_word' id='word_1_75' title='bbox 981 545 1026 572; x_wconf 84' lang='lat' dir='ltr'>sed</span> 
     </span>
    </p>
   </div>
   <div class='ocr_carea' id='block_1_13' title="bbox 244 590 1028 626">
    <p class='ocr_par' dir='ltr' id='par_1_13' title="bbox 244 590 1028 626">
     <span class='ocr_line' id='line_1_13' title="bbox 244 590 1028 626; baseline 0.001 -9"><span class='ocrx_word' id='word_1_76' title='bbox 244 595 270 617; x_wconf 83' lang='lat' dir='ltr'><strong>et</strong></span> <span class='ocrx_word' id='word_1_77' title='bbox 283 598 333 618; x_wconf 70' lang='lat' dir='ltr'>n05</span> <span class='ocrx_word' id='word_1_78' title='bbox 344 591 467 626; x_wconf 87' lang='lat' dir='ltr'><strong>aliosque</strong></span> <span class='ocrx_word' id='word_1_79' title='bbox 481 591 624 618; x_wconf 84' lang='lat' dir='ltr'><strong>universos</strong></span> <span class='ocrx_word' id='word_1_80' title='bbox 637 590 732 618; x_wconf 83' lang='lat' dir='ltr'><strong>eodem</strong></span> <span class='ocrx_word' id='word_1_81' title='bbox 751 590 863 618; x_wconf 75' lang='lat' dir='ltr'><strong>allectos</strong></span> <span class='ocrx_word' id='word_1_82' title='bbox 872 598 932 619; x_wconf 77' lang='lat' dir='ltr'><strong>esse</strong></span> <span class='ocrx_word' id='word_1_83' title='bbox 947 590 1028 618; x_wconf 87' lang='lat' dir='ltr'><strong>modo</strong></span> 
     </span>
    </p>
   </div>
   <div class='ocr_carea' id='block_1_14' title="bbox 244 635 1026 671">
    <p class='ocr_par' dir='ltr' id='par_1_14' title="bbox 244 635 1026 671">
     <span class='ocr_line' id='line_1_14' title="bbox 244 635 1026 671; baseline 0 -8"><span class='ocrx_word' id='word_1_84' title='bbox 244 643 292 670; x_wconf 87' lang='lat' dir='ltr'>par</span> <span class='ocrx_word' id='word_1_85' title='bbox 306 635 367 663; x_wconf 78' lang='lat' dir='ltr'><strong>fuit.</strong></span> <span class='ocrx_word' id='word_1_86' title='bbox 387 635 464 669; x_wconf 84' lang='lat' dir='ltr'><strong>Quod</strong></span> <span class='ocrx_word' id='word_1_87' title='bbox 482 636 504 663; x_wconf 91' lang='lat' dir='ltr'><strong>si</strong></span> <span class='ocrx_word' id='word_1_88' title='bbox 519 636 639 664; x_wconf 82' lang='lat' dir='ltr'>universi</span> <span class='ocrx_word' id='word_1_89' title='bbox 652 636 701 663; x_wconf 80' lang='lat' dir='ltr'><strong>llas</strong></span> <span class='ocrx_word' id='word_1_90' title='bbox 712 643 793 663; x_wconf 88' lang='lat' dir='ltr'><strong>voces</strong></span> <span class='ocrx_word' id='word_1_91' title='bbox 804 636 1006 671; x_wconf 85' lang='lat' dir='ltr'><strong>amplectuntur</strong></span> <span class='ocrx_word' id='word_1_92' title='bbox 1019 645 1026 663; x_wconf 88' lang='lat'><strong>:</strong></span> 
     </span>
    </p>
   </div>
   <div class='ocr_carea' id='block_1_15' title="bbox 244 681 1027 717">
    <p class='ocr_par' dir='ltr' id='par_1_15' title="bbox 244 681 1027 717">
     <span class='ocr_line' id='line_1_15' title="bbox 244 681 1027 717; baseline 0 -9"><span class='ocrx_word' id='word_1_93' title='bbox 244 681 265 708; x_wconf 88' lang='lat' dir='ltr'>si</span> <span class='ocrx_word' id='word_1_94' title='bbox 280 682 326 716; x_wconf 86' lang='lat' dir='ltr'><strong>qui</strong></span> <span class='ocrx_word' id='word_1_95' title='bbox 348 682 392 708; x_wconf 87' lang='lat' dir='ltr'><strong>illa</strong></span> <span class='ocrx_word' id='word_1_96' title='bbox 407 682 550 717; x_wconf 89' lang='lat' dir='ltr'><strong>scripsere,</strong></span> <span class='ocrx_word' id='word_1_97' title='bbox 570 690 624 710; x_wconf 92' lang='lat' dir='ltr'><strong>nou</strong></span> <span class='ocrx_word' id='word_1_98' title='bbox 638 682 764 717; x_wconf 80' lang='lat' dir='ltr'>vulgares</span> <span class='ocrx_word' id='word_1_99' title='bbox 779 682 914 714; x_wconf 84' lang='lat' dir='ltr'>homines,</span> <span class='ocrx_word' id='word_1_100' title='bbox 931 682 978 710; x_wconf 82' lang='lat' dir='ltr'><strong>sed</strong></span> <span class='ocrx_word' id='word_1_101' title='bbox 994 689 1027 709; x_wconf 82' lang='lat' dir='ltr'><strong>ex</strong></span> 
     </span>
    </p>
   </div>
   <div class='ocr_carea' id='block_1_16' title="bbox 245 727 1027 763">
    <p class='ocr_par' dir='ltr' id='par_1_16' title="bbox 245 727 1027 763">
     <span class='ocr_line' id='line_1_16' title="bbox 245 727 1027 763; baseline 0 -9"><span class='ocrx_word' id='word_1_102' title='bbox 245 732 300 754; x_wconf 87' lang='lat' dir='ltr'><strong>toto</strong></span> <span class='ocrx_word' id='word_1_103' title='bbox 320 728 386 755; x_wconf 87' lang='lat' dir='ltr'>orbe</span> <span class='ocrx_word' id='word_1_104' title='bbox 399 728 486 755; x_wconf 89' lang='lat' dir='ltr'><strong>coacti</strong></span> <span class='ocrx_word' id='word_1_105' title='bbox 503 732 567 755; x_wconf 89' lang='lat' dir='ltr'><strong>sunt</strong></span> <span class='ocrx_word' id='word_1_106' title='bbox 584 736 592 761; x_wconf 87' lang='lat'><strong>;</strong></span> <span class='ocrx_word' id='word_1_107' title='bbox 614 728 638 756; x_wconf 91' lang='lat' dir='ltr'>si</span> <span class='ocrx_word' id='word_1_108' title='bbox 653 728 700 763; x_wconf 90' lang='lat' dir='ltr'><strong>qui</strong></span> <span class='ocrx_word' id='word_1_109' title='bbox 712 728 769 763; x_wconf 84' lang='lat' dir='ltr'>jam</span> <span class='ocrx_word' id='word_1_110' title='bbox 789 727 943 755; x_wconf 85' lang='lat' dir='ltr'><strong>Ariminum</strong></span> <span class='ocrx_word' id='word_1_111' title='bbox 959 734 1027 755; x_wconf 49' lang='lat' dir='ltr'><strong>con.</strong></span> 
     </span>
    </p>
   </div>
   <div class='ocr_carea' id='block_1_17' title="bbox 244 770 1032 808">
    <p class='ocr_par' dir='ltr' id='par_1_17' title="bbox 244 770 1032 808">
     <span class='ocr_line' id='line_1_17' title="bbox 244 770 1032 808; baseline 0.003 -10"><span class='ocrx_word' id='word_1_112' title='bbox 244 780 341 800; x_wconf 78' lang='lat' dir='ltr'><strong>venere</strong></span> <span class='ocrx_word' id='word_1_113' title='bbox 361 773 482 808; x_wconf 73' lang='lat' dir='ltr'>episcopi</span> <span class='ocrx_word' id='word_1_114' title='bbox 503 773 564 808; x_wconf 86' lang='lat' dir='ltr'><strong>plus</strong></span> <span class='ocrx_word' id='word_1_115' title='bbox 587 773 796 808; x_wconf 79' lang='lat' dir='ltr'>quadringentis</span> <span class='ocrx_word' id='word_1_116' title='bbox 813 780 846 800; x_wconf 86' lang='lat' dir='ltr'><strong>ea</strong></span> <span class='ocrx_word' id='word_1_117' title='bbox 869 770 1032 802; x_wconf 66' lang='lat' dir='ltr'><strong>testimonio</strong></span> 
     </span>
    </p>
   </div>
   <div class='ocr_carea' id='block_1_18' title="bbox 244 819 1028 855">
    <p class='ocr_par' dir='ltr' id='par_1_18' title="bbox 244 819 1028 855">
     <span class='ocr_line' id='line_1_18' title="bbox 244 819 1028 855; baseline 0.003 -10"><span class='ocrx_word' id='word_1_118' title='bbox 244 826 294 846; x_wconf 87' lang='lat' dir='ltr'>suo</span> <span class='ocrx_word' id='word_1_119' title='bbox 305 819 500 853; x_wconf 79' lang='lat' dir='ltr'><strong>comprobant;</strong></span> <span class='ocrx_word' id='word_1_120' title='bbox 515 827 605 847; x_wconf 88' lang='lat' dir='ltr'><strong>nonne</strong></span> <span class='ocrx_word' id='word_1_121' title='bbox 616 819 664 854; x_wconf 88' lang='lat' dir='ltr'><strong>qui</strong></span> <span class='ocrx_word' id='word_1_122' title='bbox 675 819 808 847; x_wconf 82' lang='lat' dir='ltr'><strong>adversus</strong></span> <span class='ocrx_word' id='word_1_123' title='bbox 823 820 958 855; x_wconf 84' lang='lat' dir='ltr'><strong>synodum</strong></span> <span class='ocrx_word' id='word_1_124' title='bbox 971 819 1028 847; x_wconf 67' lang='lat' dir='ltr'>haec</span> 
     </span>
    </p>
   </div>
   <div class='ocr_carea' id='block_1_19' title="bbox 243 863 1028 900">
    <p class='ocr_par' dir='ltr' id='par_1_19' title="bbox 243 863 1028 900">
     <span class='ocr_line' id='line_1_19' title="bbox 243 863 1028 900; baseline 0.003 -10"><span class='ocrx_word' id='word_1_125' title='bbox 243 863 368 891; x_wconf 80' lang='lat' dir='ltr'><strong>ell‘utiunt</strong></span> <span class='ocrx_word' id='word_1_126' title='bbox 381 864 445 891; x_wconf 86' lang='lat' dir='ltr'><strong>hinc</strong></span> <span class='ocrx_word' id='word_1_127' title='bbox 461 863 613 900; x_wconf 78' lang='lat' dir='ltr'><strong>arguuntur</strong></span> <span class='ocrx_word' id='word_1_128' title='bbox 625 885 633 894; x_wconf 87' lang='lat'><em>.</em></span> <span class='ocrx_word' id='word_1_129' title='bbox 659 873 714 893; x_wconf 90' lang='lat' dir='ltr'><strong>non</strong></span> <span class='ocrx_word' id='word_1_130' title='bbox 737 865 820 892; x_wconf 87' lang='lat' dir='ltr'><strong>verba</strong></span> <span class='ocrx_word' id='word_1_131' title='bbox 838 865 948 900; x_wconf 84' lang='lat' dir='ltr'><strong>quidem</strong></span> <span class='ocrx_word' id='word_1_132' title='bbox 969 866 1028 893; x_wconf 86' lang='lat' dir='ltr'><strong>cul-</strong></span> 
     </span>
    </p>
   </div>
   <div class='ocr_carea' id='block_1_20' title="bbox 1080 271 1879 312">
    <p class='ocr_par' dir='ltr' id='par_1_20' title="bbox 1080 271 1879 312">
     <span class='ocr_line' id='line_1_20' title="bbox 1080 271 1879 312; baseline 0.008 -16"><span class='ocrx_word' id='word_1_133' title='bbox 1080 279 1172 306; x_wconf 83' lang='grc' dir='ltr'>χονται</span> <span class='ocrx_word' id='word_1_134' title='bbox 1249 271 1278 297; x_wconf 75' lang='grc' dir='ltr'>δὲ</span> <span class='ocrx_word' id='word_1_135' title='bbox 1292 272 1360 308; x_wconf 66' lang='grc' dir='ltr'>πρὸς</span> <span class='ocrx_word' id='word_1_136' title='bbox 1369 273 1560 309; x_wconf 78' lang='grc' dir='ltr'>οἱκουμενικὴν</span> <span class='ocrx_word' id='word_1_137' title='bbox 1570 274 1677 301; x_wconf 80' lang='grc' dir='ltr'>σύνοδον</span> <span class='ocrx_word' id='word_1_138' title='bbox 1687 283 1694 306; x_wconf 89' lang='lat'><strong>;</strong></span> <span class='ocrx_word' id='word_1_139' title='bbox 1706 275 1743 301; x_wconf 77' lang='grc' dir='ltr'>Τὸ</span> <span class='ocrx_word' id='word_1_140' title='bbox 1760 285 1771 301; x_wconf 81' lang='grc' dir='ltr'>ι</span> <span class='ocrx_word' id='word_1_141' title='bbox 1787 275 1823 302; x_wconf 70' lang='grc' dir='ltr'>ἑκ</span> <span class='ocrx_word' id='word_1_142' title='bbox 1833 276 1879 312; x_wconf 55' lang='lat' dir='ltr'>ﬁ},-</span> 
     </span>
    </p>
   </div>
   <div class='ocr_carea' id='block_1_21' title="bbox 1080 315 1878 355">
    <p class='ocr_par' dir='ltr' id='par_1_21' title="bbox 1080 315 1878 355">
     <span class='ocr_line' id='line_1_21' title="bbox 1080 315 1878 355; baseline 0.006 -13"><span class='ocrx_word' id='word_1_143' title='bbox 1080 315 1184 348; x_wconf 70' lang='grc' dir='ltr'>οὐσίας,</span> <span class='ocrx_word' id='word_1_144' title='bbox 1200 325 1209 340; x_wconf 74' lang='grc' dir='ltr'>ι</span> <span class='ocrx_word' id='word_1_145' title='bbox 1234 316 1318 351; x_wconf 81' lang='grc' dir='ltr'>φησὶ,</span> <span class='ocrx_word' id='word_1_146' title='bbox 1343 317 1390 342; x_wconf 79' lang='grc' dir='ltr'>καὶ</span> <span class='ocrx_word' id='word_1_147' title='bbox 1416 317 1446 342; x_wconf 76' lang='grc' dir='ltr'>τὸ</span> <span class='ocrx_word' id='word_1_148' title='bbox 1475 327 1484 343; x_wconf 84' lang='grc'><strong>‹</strong></span> <span class='ocrx_word' id='word_1_149' title='bbox 1499 318 1640 353; x_wconf 80' lang='grc' dir='ltr'>ὁμοούσιον</span> <span class='ocrx_word' id='word_1_150' title='bbox 1657 328 1666 344; x_wconf 76' lang='grc' dir='ltr'>ι</span> <span class='ocrx_word' id='word_1_151' title='bbox 1698 320 1751 346; x_wconf 68' lang='grc' dir='ltr'>οὐκ</span> <span class='ocrx_word' id='word_1_152' title='bbox 1782 321 1878 355; x_wconf 67' lang='grc' dir='ltr'>ἤρεσεν</span> 
     </span>
    </p>
   </div>
   <div class='ocr_carea' id='block_1_22' title="bbox 1079 361 1877 397">
    <p class='ocr_par' dir='ltr' id='par_1_22' title="bbox 1079 361 1877 397">
     <span class='ocr_line' id='line_1_22' title="bbox 1079 361 1877 397; baseline 0.005 -9"><span class='ocrx_word' id='word_1_153' title='bbox 1079 362 1158 396; x_wconf 79' lang='grc' dir='ltr'>ἡμῖν.</span> <span class='ocrx_word' id='word_1_154' title='bbox 1243 361 1336 389; x_wconf 78' lang='grc' dir='ltr'>Ταῦτα</span> <span class='ocrx_word' id='word_1_155' title='bbox 1349 362 1402 397; x_wconf 83' lang='grc' dir='ltr'>γάρ</span> <span class='ocrx_word' id='word_1_156' title='bbox 1419 371 1496 394; x_wconf 80' lang='grc' dir='ltr'>τινας</span> <span class='ocrx_word' id='word_1_157' title='bbox 1509 364 1684 391; x_wconf 71' lang='grc' dir='ltr'>ὲσκανδὰλισε</span> <span class='ocrx_word' id='word_1_158' title='bbox 1699 366 1746 391; x_wconf 74' lang='grc' dir='ltr'>καὶ</span> <span class='ocrx_word' id='word_1_159' title='bbox 1762 366 1877 395; x_wconf 61' lang='grc' dir='ltr'>πολλὼς</span> 
     </span>
    </p>
   </div>
   <div class='ocr_carea' id='block_1_23' title="bbox 1080 406 1867 446">
    <p class='ocr_par' dir='ltr' id='par_1_23' title="bbox 1080 406 1867 446">
     <span class='ocr_line' id='line_1_23' title="bbox 1080 406 1867 446; baseline 0.008 -14"><span class='ocrx_word' id='word_1_160' title='bbox 1080 406 1255 442; x_wconf 73' lang='grc' dir='ltr'>ἐθορύϐησεν.</span> <span class='ocrx_word' id='word_1_161' title='bbox 1274 407 1389 434; x_wconf 84' lang='grc' dir='ltr'>Ἐκεῖνοι</span> <span class='ocrx_word' id='word_1_162' title='bbox 1408 408 1456 443; x_wconf 75' lang='grc' dir='ltr'>μὲν</span> <span class='ocrx_word' id='word_1_163' title='bbox 1473 407 1520 435; x_wconf 79' lang='grc' dir='ltr'>οὖν</span> <span class='ocrx_word' id='word_1_164' title='bbox 1536 409 1607 436; x_wconf 83' lang='grc' dir='ltr'>οὕτω</span> <span class='ocrx_word' id='word_1_165' title='bbox 1623 411 1781 446; x_wconf 77' lang='grc' dir='ltr'>γράφοντες</span> <span class='ocrx_word' id='word_1_166' title='bbox 1808 413 1867 446; x_wconf 77' lang='grc' dir='ltr'>είρή</span> 
     </span>
    </p>
   </div>
   <div class='ocr_carea' id='block_1_24' title="bbox 1080 453 1877 491">
    <p class='ocr_par' dir='ltr' id='par_1_24' title="bbox 1080 453 1877 491">
     <span class='ocr_line' id='line_1_24' title="bbox 1080 453 1877 491; baseline 0.006 -12"><span class='ocrx_word' id='word_1_167' title='bbox 1080 461 1158 479; x_wconf 74' lang='grc' dir='ltr'>κασιν</span> <span class='ocrx_word' id='word_1_168' title='bbox 1180 462 1186 468; x_wconf 90' lang='grc'><strong>·</strong></span> <span class='ocrx_word' id='word_1_169' title='bbox 1204 453 1370 489; x_wconf 81' lang='grc' dir='ltr'>ἀπαντήσειε</span> <span class='ocrx_word' id='word_1_170' title='bbox 1384 455 1406 480; x_wconf 86' lang='grc' dir='ltr'>δ’</span> <span class='ocrx_word' id='word_1_171' title='bbox 1419 455 1509 486; x_wconf 57' lang='lat' dir='ltr'>dum;</span> <span class='ocrx_word' id='word_1_172' title='bbox 1521 456 1613 488; x_wconf 77' lang='grc' dir='ltr'>αὐτοῖς</span> <span class='ocrx_word' id='word_1_173' title='bbox 1629 457 1749 491; x_wconf 75' lang='grc' dir='ltr'>εὐλόγως</span> <span class='ocrx_word' id='word_1_174' title='bbox 1769 458 1877 489; x_wconf 79' lang='grc' dir='ltr'>οὓτως·</span> 
     </span>
    </p>
   </div>
   <div class='ocr_carea' id='block_1_25' title="bbox 1080 495 1880 536">
    <p class='ocr_par' dir='ltr' id='par_1_25' title="bbox 1080 495 1880 536">
     <span class='ocr_line' id='line_1_25' title="bbox 1080 495 1880 536; baseline 0.009 -14"><span class='ocrx_word' id='word_1_175' title='bbox 1080 497 1110 523; x_wconf 82' lang='grc' dir='ltr'>Εἰ</span> <span class='ocrx_word' id='word_1_176' title='bbox 1125 497 1174 533; x_wconf 78' lang='grc' dir='ltr'>μὲν</span> <span class='ocrx_word' id='word_1_177' title='bbox 1189 495 1234 524; x_wconf 75' lang='grc' dir='ltr'>οὖν</span> <span class='ocrx_word' id='word_1_178' title='bbox 1246 499 1316 525; x_wconf 73' lang='grc' dir='ltr'>αὐτὰ</span> <span class='ocrx_word' id='word_1_179' title='bbox 1325 499 1360 525; x_wconf 77' lang='grc' dir='ltr'>τὰ</span> <span class='ocrx_word' id='word_1_180' title='bbox 1371 500 1481 534; x_wconf 76' lang='grc' dir='ltr'>ῥήματα</span> <span class='ocrx_word' id='word_1_181' title='bbox 1495 501 1556 526; x_wconf 76' lang='grc' dir='ltr'>καθ’</span> <span class='ocrx_word' id='word_1_182' title='bbox 1571 501 1656 527; x_wconf 77' lang='grc' dir='ltr'>ἑαυτὰ</span> <span class='ocrx_word' id='word_1_183' title='bbox 1745 504 1880 536; x_wconf 74' lang='grc' dir='ltr'>τυγχάνει</span> 
     </span>
    </p>
   </div>
   <div class='ocr_carea' id='block_1_26' title="bbox 1079 543 1878 582">
    <p class='ocr_par' dir='ltr' id='par_1_26' title="bbox 1079 543 1878 582">
     <span class='ocr_line' id='line_1_26' title="bbox 1079 543 1878 582; baseline 0.008 -13"><span class='ocrx_word' id='word_1_184' title='bbox 1079 543 1143 570; x_wconf 70' lang='grc' dir='ltr'>ὅντα</span> <span class='ocrx_word' id='word_1_185' title='bbox 1156 543 1230 570; x_wconf 74' lang='grc' dir='ltr'>αἴτια</span> <span class='ocrx_word' id='word_1_186' title='bbox 1241 544 1346 577; x_wconf 81' lang='grc' dir='ltr'>τούτοις</span> <span class='ocrx_word' id='word_1_187' title='bbox 1357 546 1398 576; x_wconf 82' lang='grc' dir='ltr'>εἰς</span> <span class='ocrx_word' id='word_1_188' title='bbox 1411 545 1568 578; x_wconf 78' lang='grc' dir='ltr'>σκάνδαλον,</span> <span class='ocrx_word' id='word_1_189' title='bbox 1581 547 1634 573; x_wconf 70' lang='grc' dir='ltr'>ἔδει</span> <span class='ocrx_word' id='word_1_190' title='bbox 1647 549 1682 582; x_wconf 60' lang='grc' dir='ltr'>μῆ</span> <span class='ocrx_word' id='word_1_191' title='bbox 1698 557 1781 580; x_wconf 80' lang='grc' dir='ltr'>τινας</span> <span class='ocrx_word' id='word_1_192' title='bbox 1800 557 1878 575; x_wconf 70' lang='grc' dir='ltr'>σκαν-</span> 
     </span>
    </p>
   </div>
   <div class='ocr_carea' id='block_1_27' title="bbox 1057 588 1878 626">
    <p class='ocr_par' dir='ltr' id='par_1_27' title="bbox 1057 588 1878 626">
     <span class='ocr_line' id='line_1_27' title="bbox 1057 588 1878 626; baseline 0.006 -12"><span class='ocrx_word' id='word_1_193' title='bbox 1057 603 1063 610; x_wconf 68' lang='grc' dir='ltr'>ι</span> <span class='ocrx_word' id='word_1_194' title='bbox 1079 588 1247 621; x_wconf 75' lang='grc' dir='ltr'>δαλίζεσθαι,</span> <span class='ocrx_word' id='word_1_195' title='bbox 1279 589 1345 624; x_wconf 79' lang='grc' dir='ltr'>μηδὲ</span> <span class='ocrx_word' id='word_1_196' title='bbox 1372 590 1486 622; x_wconf 79' lang='grc' dir='ltr'>πολλοὺς</span> <span class='ocrx_word' id='word_1_197' title='bbox 1510 591 1699 626; x_wconf 73' lang='grc' dir='ltr'>θορυϐεῖσθαι,</span> <span class='ocrx_word' id='word_1_198' title='bbox 1731 593 1806 619; x_wconf 77' lang='grc' dir='ltr'>ἀλλὰ</span> <span class='ocrx_word' id='word_1_199' title='bbox 1834 595 1878 619; x_wconf 68' lang='grc' dir='ltr'>καὶ</span> 
     </span>
    </p>
   </div>
   <div class='ocr_carea' id='block_1_28' title="bbox 1079 633 1877 667">
    <p class='ocr_par' dir='ltr' id='par_1_28' title="bbox 1079 633 1877 667">
     <span class='ocr_line' id='line_1_28' title="bbox 1079 633 1877 667; baseline 0.005 -8"><span class='ocrx_word' id='word_1_200' title='bbox 1079 633 1151 667; x_wconf 76' lang='grc' dir='ltr'>ἡμᾶς</span> <span class='ocrx_word' id='word_1_201' title='bbox 1254 634 1300 659; x_wconf 78' lang='grc' dir='ltr'>καὶ</span> <span class='ocrx_word' id='word_1_202' title='bbox 1323 633 1387 665; x_wconf 77' lang='grc' dir='ltr'>τοὺς</span> <span class='ocrx_word' id='word_1_203' title='bbox 1411 634 1506 666; x_wconf 78' lang='grc' dir='ltr'>ἄλλους</span> <span class='ocrx_word' id='word_1_204' title='bbox 1529 635 1632 666; x_wconf 76' lang='grc' dir='ltr'>πάντας</span> <span class='ocrx_word' id='word_1_205' title='bbox 1648 636 1744 662; x_wconf 72' lang='grc' dir='ltr'>ταυτὸν</span> <span class='ocrx_word' id='word_1_206' title='bbox 1757 637 1877 667; x_wconf 64' lang='grc' dir='ltr'>ἐκείνοις</span> 
     </span>
    </p>
   </div>
   <div class='ocr_carea' id='block_1_29' title="bbox 1080 678 1876 716">
    <p class='ocr_par' dir='ltr' id='par_1_29' title="bbox 1080 678 1876 716">
     <span class='ocr_line' id='line_1_29' title="bbox 1080 678 1876 716; baseline 0.005 -12"><span class='ocrx_word' id='word_1_207' title='bbox 1080 678 1193 713; x_wconf 74' lang='grc' dir='ltr'>πάσχειν</span> <span class='ocrx_word' id='word_1_208' title='bbox 1211 678 1240 710; x_wconf 74' lang='grc' dir='ltr'>ἐξ</span> <span class='ocrx_word' id='word_1_209' title='bbox 1265 679 1368 705; x_wconf 80' lang='grc' dir='ltr'>αὐτῶν·</span> <span class='ocrx_word' id='word_1_210' title='bbox 1387 680 1411 705; x_wconf 86' lang='grc' dir='ltr'>εί</span> <span class='ocrx_word' id='word_1_211' title='bbox 1429 679 1456 705; x_wconf 79' lang='grc' dir='ltr'>δὲ</span> <span class='ocrx_word' id='word_1_212' title='bbox 1473 681 1498 706; x_wconf 79' lang='lat' dir='ltr'><strong>ei</strong></span> <span class='ocrx_word' id='word_1_213' title='bbox 1515 681 1565 715; x_wconf 78' lang='grc' dir='ltr'>μὲν</span> <span class='ocrx_word' id='word_1_214' title='bbox 1579 681 1678 712; x_wconf 81' lang='grc' dir='ltr'>πάντες</span> <span class='ocrx_word' id='word_1_215' title='bbox 1692 682 1831 716; x_wconf 69' lang='grc' dir='ltr'>ἀγαπῶσι</span> <span class='ocrx_word' id='word_1_216' title='bbox 1847 684 1876 708; x_wconf 71' lang='grc' dir='ltr'>τὰ</span> 
     </span>
    </p>
   </div>
   <div class='ocr_carea' id='block_1_30' title="bbox 1079 723 1876 761">
    <p class='ocr_par' dir='ltr' id='par_1_30' title="bbox 1079 723 1876 761">
     <span class='ocr_line' id='line_1_30' title="bbox 1079 723 1876 761; baseline 0.005 -12"><span class='ocrx_word' id='word_1_217' title='bbox 1079 724 1188 758; x_wconf 77' lang='grc' dir='ltr'>ῥήματα</span> <span class='ocrx_word' id='word_1_218' title='bbox 1197 742 1204 755; x_wconf 83' lang='grc'><em>,</em></span> <span class='ocrx_word' id='word_1_219' title='bbox 1218 724 1243 750; x_wconf 80' lang='grc' dir='ltr'>οἱ</span> <span class='ocrx_word' id='word_1_220' title='bbox 1252 723 1281 750; x_wconf 84' lang='grc' dir='ltr'>δὲ</span> <span class='ocrx_word' id='word_1_221' title='bbox 1295 723 1381 750; x_wconf 82' lang='grc' dir='ltr'>ταῦτα</span> <span class='ocrx_word' id='word_1_222' title='bbox 1395 725 1549 760; x_wconf 71' lang='grc' dir='ltr'>γράψαντες</span> <span class='ocrx_word' id='word_1_223' title='bbox 1560 725 1609 760; x_wconf 73' lang='grc' dir='ltr'>οὐχ</span> <span class='ocrx_word' id='word_1_224' title='bbox 1620 726 1645 751; x_wconf 83' lang='lat' dir='ltr'>cl</span> <span class='ocrx_word' id='word_1_225' title='bbox 1658 726 1802 761; x_wconf 79' lang='grc' dir='ltr'>τυχόντες.</span> <span class='ocrx_word' id='word_1_226' title='bbox 1820 727 1876 753; x_wconf 62' lang='grc' dir='ltr'>ἀὶᾶε</span> 
     </span>
    </p>
   </div>
   <div class='ocr_carea' id='block_1_31' title="bbox 1077 769 1877 806">
    <p class='ocr_par' dir='ltr' id='par_1_31' title="bbox 1077 769 1877 806">
     <span class='ocr_line' id='line_1_31' title="bbox 1077 769 1877 806; baseline 0.004 -11"><span class='ocrx_word' id='word_1_227' title='bbox 1077 770 1102 795; x_wconf 83' lang='grc' dir='ltr'>οἱ</span> <span class='ocrx_word' id='word_1_228' title='bbox 1125 769 1157 795; x_wconf 68' lang='grc' dir='ltr'>ἐκ</span> <span class='ocrx_word' id='word_1_229' title='bbox 1180 769 1269 804; x_wconf 77' lang='grc' dir='ltr'>πάσης</span> <span class='ocrx_word' id='word_1_230' title='bbox 1286 770 1335 805; x_wconf 75' lang='grc' dir='ltr'>τῆς</span> <span class='ocrx_word' id='word_1_231' title='bbox 1353 770 1514 806; x_wconf 68' lang='grc' dir='ltr'>οἰκουμένης</span> <span class='ocrx_word' id='word_1_232' title='bbox 1530 771 1702 803; x_wconf 82' lang='grc' dir='ltr'>συνελθόντες</span> <span class='ocrx_word' id='word_1_233' title='bbox 1723 772 1781 798; x_wconf 80' lang='grc' dir='ltr'>είσὶ</span> <span class='ocrx_word' id='word_1_234' title='bbox 1793 792 1802 804; x_wconf 87' lang='grc'><em>,</em></span> <span class='ocrx_word' id='word_1_235' title='bbox 1834 773 1877 798; x_wconf 73' lang='grc' dir='ltr'>καὶ</span> 
     </span>
    </p>
   </div>
   <div class='ocr_carea' id='block_1_32' title="bbox 1078 815 1877 853">
    <p class='ocr_par' dir='ltr' id='par_1_32' title="bbox 1078 815 1877 853">
     <span class='ocr_line' id='line_1_32' title="bbox 1078 815 1877 853; baseline 0.004 -12"><span class='ocrx_word' id='word_1_236' title='bbox 1078 815 1183 847; x_wconf 71' lang='grc' dir='ltr'>τιύτοις</span> <span class='ocrx_word' id='word_1_237' title='bbox 1197 815 1430 852; x_wconf 74' lang='grc' dir='ltr'>ἐπιμαρτυροῦσιν</span> <span class='ocrx_word' id='word_1_238' title='bbox 1443 816 1468 842; x_wconf 90' lang='grc' dir='ltr'>οί</span> <span class='ocrx_word' id='word_1_239' title='bbox 1480 816 1527 843; x_wconf 88' lang='grc' dir='ltr'>νῦν</span> <span class='ocrx_word' id='word_1_240' title='bbox 1548 817 1578 843; x_wconf 74' lang='grc' dir='ltr'>ἐν</span> <span class='ocrx_word' id='word_1_241' title='bbox 1597 817 1630 852; x_wconf 78' lang='grc' dir='ltr'>τῇ</span> <span class='ocrx_word' id='word_1_242' title='bbox 1653 817 1800 853; x_wconf 80' lang='grc' dir='ltr'>’Δριμήνῳ</span> <span class='ocrx_word' id='word_1_243' title='bbox 1814 827 1877 844; x_wconf 73' lang='grc' dir='ltr'>συν-</span> 
     </span>
    </p>
   </div>
   <div class='ocr_carea' id='block_1_33' title="bbox 1079 859 1875 892">
    <p class='ocr_par' dir='ltr' id='par_1_33' title="bbox 1079 859 1875 892">
     <span class='ocr_line' id='line_1_33' title="bbox 1079 859 1875 892; baseline 0.003 -6"><span class='ocrx_word' id='word_1_244' title='bbox 1079 859 1200 892; x_wconf 81' lang='grc' dir='ltr'>ελθόντες</span> <span class='ocrx_word' id='word_1_245' title='bbox 1224 861 1367 887; x_wconf 75' lang='grc' dir='ltr'>ἐπίσκοποι</span> <span class='ocrx_word' id='word_1_246' title='bbox 1383 860 1405 886; x_wconf 89' lang='grc' dir='ltr'>υ¹</span> <span class='ocrx_word' id='word_1_247' title='bbox 1418 861 1465 888; x_wconf 75' lang='grc' dir='ltr'>καὶ</span> <span class='ocrx_word' id='word_1_248' title='bbox 1481 860 1599 892; x_wconf 65' lang='grc' dir='ltr'>πλείους·</span> <span class='ocrx_word' id='word_1_249' title='bbox 1613 861 1671 892; x_wconf 79' lang='grc' dir='ltr'>πῶς</span> <span class='ocrx_word' id='word_1_250' title='bbox 1755 862 1812 888; x_wconf 80' lang='grc' dir='ltr'>οὐχ</span> <span class='ocrx_word' id='word_1_251' title='bbox 1829 863 1875 888; x_wconf 82' lang='grc' dir='ltr'>ἄν·</span> 
     </span>
    </p>
   </div>
   <div class='ocr_carea' id='block_1_34' title="bbox 243 904 1023 946">
    <p class='ocr_par' dir='ltr' id='par_1_34' title="bbox 243 909 1023 946">
     <span class='ocr_line' id='line_1_34' title="bbox 243 909 1023 946; baseline 0.003 -10"><span class='ocrx_word' id='word_1_252' title='bbox 243 909 330 944; x_wconf 85' lang='lat' dir='ltr'><strong>panda</strong></span> <span class='ocrx_word' id='word_1_253' title='bbox 347 917 427 942; x_wconf 87' lang='lat' dir='ltr'><strong>esse,</strong></span> <span class='ocrx_word' id='word_1_254' title='bbox 445 910 491 937; x_wconf 82' lang='lat' dir='ltr'><strong>sed</strong></span> <span class='ocrx_word' id='word_1_255' title='bbox 512 917 606 938; x_wconf 91' lang='lat' dir='ltr'><strong>eorum</strong></span> <span class='ocrx_word' id='word_1_256' title='bbox 630 910 677 946; x_wconf 89' lang='lat' dir='ltr'><strong>qui</strong></span> <span class='ocrx_word' id='word_1_257' title='bbox 705 910 762 938; x_wconf 62' lang='lat' dir='ltr'>hac</span> <span class='ocrx_word' id='word_1_258' title='bbox 783 917 866 945; x_wconf 85' lang='lat' dir='ltr'><strong>prave</strong></span> <span class='ocrx_word' id='word_1_259' title='bbox 892 910 1023 945; x_wconf 89' lang='lat' dir='ltr'><strong>interpre-</strong></span> 
     </span>
    </p>
   </div>
   <div class='ocr_carea' id='block_1_35' title="bbox 1069 904 1874 946">
    <p class='ocr_par' dir='ltr' id='par_1_35' title="bbox 1076 904 1874 941">
     <span class='ocr_line' id='line_1_35' title="bbox 1076 904 1874 941; baseline 0 -9"><span class='ocrx_word' id='word_1_260' title='bbox 1076 915 1171 941; x_wconf 83' lang='grc' dir='ltr'>τικρυς</span> <span class='ocrx_word' id='word_1_261' title='bbox 1195 906 1300 941; x_wconf 80' lang='grc' dir='ltr'>ἐλέγχει</span> <span class='ocrx_word' id='word_1_262' title='bbox 1322 906 1400 933; x_wconf 72' lang='grc' dir='ltr'>τοῦτο</span> <span class='ocrx_word' id='word_1_263' title='bbox 1419 906 1480 937; x_wconf 75' lang='grc' dir='ltr'>τοὺς</span> <span class='ocrx_word' id='word_1_264' title='bbox 1495 905 1566 932; x_wconf 75' lang='grc' dir='ltr'>κατὰ</span> <span class='ocrx_word' id='word_1_265' title='bbox 1581 905 1631 941; x_wconf 75' lang='grc' dir='ltr'>τῆς</span> <span class='ocrx_word' id='word_1_266' title='bbox 1648 904 1759 932; x_wconf 78' lang='grc' dir='ltr'>συνόδου</span> <span class='ocrx_word' id='word_1_267' title='bbox 1777 906 1874 941; x_wconf 80' lang='grc' dir='ltr'>λέγον-</span> 
     </span>
    </p>
   </div>
   <div class='ocr_carea' id='block_1_36' title="bbox 243 952 1028 989">
    <p class='ocr_par' dir='ltr' id='par_1_36' title="bbox 243 952 1028 989">
     <span class='ocr_line' id='line_1_36' title="bbox 243 952 1028 989; baseline 0.001 -8"><span class='ocrx_word' id='word_1_268' title='bbox 243 958 334 981; x_wconf 87' lang='lat' dir='ltr'><strong>tantur</strong></span> <span class='ocrx_word' id='word_1_269' title='bbox 354 954 502 982; x_wconf 82' lang='lat' dir='ltr'><strong>malitiam?</strong></span> <span class='ocrx_word' id='word_1_270' title='bbox 529 952 617 987; x_wconf 88' lang='lat' dir='ltr'><strong>Quam</strong></span> <span class='ocrx_word' id='word_1_271' title='bbox 642 954 721 981; x_wconf 81' lang='lat' dir='ltr'><strong>militi</strong></span> <span class='ocrx_word' id='word_1_272' title='bbox 747 959 830 988; x_wconf 86' lang='lat' dir='ltr'><strong>sunt,</strong></span> <span class='ocrx_word' id='word_1_273' title='bbox 858 955 905 989; x_wconf 86' lang='lat' dir='ltr'><strong>qui</strong></span> <span class='ocrx_word' id='word_1_274' title='bbox 927 954 1028 982; x_wconf 85' lang='lat' dir='ltr'><strong>divinis</strong></span> 
     </span>
    </p>
   </div>
   <div class='ocr_carea' id='block_1_37' title="bbox 243 998 1028 1034">
    <p class='ocr_par' dir='ltr' id='par_1_37' title="bbox 243 998 1028 1034">
     <span class='ocr_line' id='line_1_37' title="bbox 243 998 1028 1034; baseline 0 -7"><span class='ocrx_word' id='word_1_275' title='bbox 243 998 392 1034; x_wconf 83' lang='lat' dir='ltr'><strong>Scripturis</strong></span> <span class='ocrx_word' id='word_1_276' title='bbox 409 999 526 1034; x_wconf 75' lang='lat' dir='ltr'>maligne</span> <span class='ocrx_word' id='word_1_277' title='bbox 542 999 620 1027; x_wconf 84' lang='lat' dir='ltr'>lectis</span> <span class='ocrx_word' id='word_1_278' title='bbox 641 1007 672 1027; x_wconf 86' lang='lat' dir='ltr'>ac</span> <span class='ocrx_word' id='word_1_279' title='bbox 692 1007 775 1034; x_wconf 84' lang='lat' dir='ltr'><strong>prave</strong></span> <span class='ocrx_word' id='word_1_280' title='bbox 790 999 946 1031; x_wconf 80' lang='lat' dir='ltr'>intellectis,</span> <span class='ocrx_word' id='word_1_281' title='bbox 965 1007 1028 1027; x_wconf 85' lang='lat' dir='ltr'><strong>sau-</strong></span> 
     </span>
    </p>
   </div>
   <div class='ocr_carea' id='block_1_38' title="bbox 242 1045 1026 1080">
    <p class='ocr_par' dir='ltr' id='par_1_38' title="bbox 242 1045 1026 1080">
     <span class='ocr_line' id='line_1_38' title="bbox 242 1045 1026 1080; baseline -0.001 -8"><span class='ocrx_word' id='word_1_282' title='bbox 242 1050 300 1072; x_wconf 85' lang='lat' dir='ltr'><strong>ctos</strong></span> <span class='ocrx_word' id='word_1_283' title='bbox 314 1045 376 1072; x_wconf 90' lang='lat' dir='ltr'><strong>hinc</strong></span> <span class='ocrx_word' id='word_1_284' title='bbox 391 1045 550 1072; x_wconf 80' lang='lat' dir='ltr'><strong>insimulant</strong></span> <span class='ocrx_word' id='word_1_285' title='bbox 566 1046 572 1072; x_wconf 93' lang='lat' dir='ltr'><strong>l</strong></span> <span class='ocrx_word' id='word_1_286' title='bbox 588 1045 744 1080; x_wconf 87' lang='lat' dir='ltr'><strong>cujusmodi</strong></span> <span class='ocrx_word' id='word_1_287' title='bbox 760 1045 837 1072; x_wconf 83' lang='lat' dir='ltr'><strong>fuere</strong></span> <span class='ocrx_word' id='word_1_288' title='bbox 849 1045 915 1072; x_wconf 90' lang='lat' dir='ltr'><strong>olim</strong></span> <span class='ocrx_word' id='word_1_289' title='bbox 929 1045 1026 1078; x_wconf 67' lang='lat' dir='ltr'>Judaei,</span> 
     </span>
    </p>
   </div>
   <div class='ocr_carea' id='block_1_39' title="bbox 241 1090 1026 1126">
    <p class='ocr_par' dir='ltr' id='par_1_39' title="bbox 241 1090 1026 1126">
     <span class='ocr_line' id='line_1_39' title="bbox 241 1090 1026 1126; baseline 0.003 -10"><span class='ocrx_word' id='word_1_290' title='bbox 241 1090 288 1125; x_wconf 90' lang='lat' dir='ltr'><strong>qui</strong></span> <span class='ocrx_word' id='word_1_291' title='bbox 314 1090 460 1117; x_wconf 90' lang='lat' dir='ltr'><strong>Dominum</strong></span> <span class='ocrx_word' id='word_1_292' title='bbox 486 1098 540 1118; x_wconf 94' lang='lat' dir='ltr'>non</span> <span class='ocrx_word' id='word_1_293' title='bbox 558 1096 729 1126; x_wconf 85' lang='lat' dir='ltr'><strong>receperunt,</strong></span> <span class='ocrx_word' id='word_1_294' title='bbox 757 1096 784 1118; x_wconf 92' lang='lat' dir='ltr'>et</span> <span class='ocrx_word' id='word_1_295' title='bbox 806 1091 862 1126; x_wconf 86' lang='lat' dir='ltr'>jam</span> <span class='ocrx_word' id='word_1_296' title='bbox 885 1090 1026 1118; x_wconf 70' lang='lat' dir='ltr'><strong>Manichtei</strong></span> 
     </span>
    </p>
   </div>
   <div class='ocr_carea' id='block_1_40' title="bbox 241 1136 1025 1172">
    <p class='ocr_par' dir='ltr' id='par_1_40' title="bbox 241 1136 1025 1172">
     <span class='ocr_line' id='line_1_40' title="bbox 241 1136 1025 1172; baseline 0 -10"><span class='ocrx_word' id='word_1_297' title='bbox 241 1136 287 1170; x_wconf 90' lang='lat' dir='ltr'>qui</span> <span class='ocrx_word' id='word_1_298' title='bbox 305 1136 331 1163; x_wconf 85' lang='lat' dir='ltr'>iu</span> <span class='ocrx_word' id='word_1_299' title='bbox 359 1136 444 1171; x_wconf 83' lang='lat' dir='ltr'><strong>legem</strong></span> <span class='ocrx_word' id='word_1_300' title='bbox 467 1136 679 1171; x_wconf 86' lang='lat' dir='ltr'><strong>blasphemant;</strong></span> <span class='ocrx_word' id='word_1_301' title='bbox 698 1137 778 1172; x_wconf 87' lang='lat' dir='ltr'><strong>cujus</strong></span> <span class='ocrx_word' id='word_1_302' title='bbox 805 1144 871 1164; x_wconf 89' lang='lat' dir='ltr'><strong>sane</strong></span> <span class='ocrx_word' id='word_1_303' title='bbox 897 1136 948 1169; x_wconf 85' lang='lat' dir='ltr'><strong>rei,</strong></span> <span class='ocrx_word' id='word_1_304' title='bbox 972 1143 1025 1163; x_wconf 91' lang='lat' dir='ltr'><strong>non</strong></span> 
     </span>
    </p>
   </div>
   <div class='ocr_carea' id='block_1_41' title="bbox 242 1181 1026 1218">
    <p class='ocr_par' dir='ltr' id='par_1_41' title="bbox 242 1181 1026 1218">
     <span class='ocr_line' id='line_1_41' title="bbox 242 1181 1026 1218; baseline 0.001 -11"><span class='ocrx_word' id='word_1_305' title='bbox 242 1181 399 1216; x_wconf 70' lang='lat' dir='ltr'><strong>S‘rriptarze,</strong></span> <span class='ocrx_word' id='word_1_306' title='bbox 419 1182 465 1209; x_wconf 87' lang='lat' dir='ltr'>sed</span> <span class='ocrx_word' id='word_1_307' title='bbox 490 1182 611 1217; x_wconf 86' lang='lat' dir='ltr'><strong>ipsorum</strong></span> <span class='ocrx_word' id='word_1_308' title='bbox 629 1182 794 1218; x_wconf 85' lang='lat' dir='ltr'><strong>perversitas</strong></span> <span class='ocrx_word' id='word_1_309' title='bbox 817 1189 900 1210; x_wconf 87' lang='lat' dir='ltr'><strong>causa</strong></span> <span class='ocrx_word' id='word_1_310' title='bbox 917 1181 976 1208; x_wconf 81' lang='lat' dir='ltr'><strong>fuit.</strong></span> <span class='ocrx_word' id='word_1_311' title='bbox 996 1181 1026 1208; x_wconf 86' lang='lat' dir='ltr'><strong>Si</strong></span> 
     </span>
    </p>
   </div>
   <div class='ocr_carea' id='block_1_42' title="bbox 241 1227 1025 1263">
    <p class='ocr_par' dir='ltr' id='par_1_42' title="bbox 241 1227 1025 1263">
     <span class='ocr_line' id='line_1_42' title="bbox 241 1227 1025 1263; baseline 0.001 -10"><span class='ocrx_word' id='word_1_312' title='bbox 241 1227 332 1262; x_wconf 79' lang='lat' dir='ltr'><strong>itaque</strong></span> <span class='ocrx_word' id='word_1_313' title='bbox 358 1227 502 1255; x_wconf 79' lang='lat' dir='ltr'><strong>verborum</strong></span> <span class='ocrx_word' id='word_1_314' title='bbox 529 1228 689 1263; x_wconf 86' lang='lat' dir='ltr'><strong>pravitalem</strong></span> <span class='ocrx_word' id='word_1_315' title='bbox 720 1228 864 1256; x_wconf 82' lang='lat' dir='ltr'><strong>ostendere</strong></span> <span class='ocrx_word' id='word_1_316' title='bbox 887 1227 1001 1261; x_wconf 87' lang='lat' dir='ltr'>potestis</span> <span class='ocrx_word' id='word_1_317' title='bbox 1017 1246 1025 1259; x_wconf 85' lang='lat'>,</span> 
     </span>
    </p>
   </div>
   <div class='ocr_carea' id='block_1_43' title="bbox 240 1273 1025 1307">
    <p class='ocr_par' dir='ltr' id='par_1_43' title="bbox 240 1273 1025 1307">
     <span class='ocr_line' id='line_1_43' title="bbox 240 1273 1025 1307; baseline 0 -8"><span class='ocrx_word' id='word_1_318' title='bbox 240 1273 320 1307; x_wconf 75' lang='lat' dir='ltr'><strong>agite,</strong></span> <span class='ocrx_word' id='word_1_319' title='bbox 340 1273 544 1302; x_wconf 87' lang='lat' dir='ltr'><strong>demonstrandi</strong></span> <span class='ocrx_word' id='word_1_320' title='bbox 567 1274 637 1301; x_wconf 85' lang='lat' dir='ltr'><strong>ratio</strong></span> <span class='ocrx_word' id='word_1_321' title='bbox 665 1274 795 1306; x_wconf 83' lang='lat' dir='ltr'><strong>ineatur;</strong></span> <span class='ocrx_word' id='word_1_322' title='bbox 820 1281 870 1301; x_wconf 89' lang='lat' dir='ltr'>nec</span> <span class='ocrx_word' id='word_1_323' title='bbox 886 1273 1025 1307; x_wconf 86' lang='lat' dir='ltr'><strong>objiciatis</strong></span> 
     </span>
    </p>
   </div>
   <div class='ocr_carea' id='block_1_44' title="bbox 241 1318 1023 1353">
    <p class='ocr_par' dir='ltr' id='par_1_44' title="bbox 241 1318 1023 1353">
     <span class='ocr_line' id='line_1_44' title="bbox 241 1318 1023 1353; baseline 0.003 -9"><span class='ocrx_word' id='word_1_324' title='bbox 241 1318 319 1346; x_wconf 91' lang='lat' dir='ltr'><strong>nobis</strong></span> <span class='ocrx_word' id='word_1_325' title='bbox 333 1319 391 1346; x_wconf 67' lang='lat' dir='ltr'>haec</span> <span class='ocrx_word' id='word_1_326' title='bbox 406 1319 545 1346; x_wconf 81' lang='lat' dir='ltr'><strong>nonnullis</strong></span> <span class='ocrx_word' id='word_1_327' title='bbox 562 1319 705 1346; x_wconf 71' lang='lat' dir='ltr'><strong>oﬂ‘ensioui</strong></span> <span class='ocrx_word' id='word_1_328' title='bbox 717 1326 788 1353; x_wconf 85' lang='lat' dir='ltr'><strong>esse,</strong></span> <span class='ocrx_word' id='word_1_329' title='bbox 804 1325 837 1346; x_wconf 91' lang='lat' dir='ltr'>nc</span> <span class='ocrx_word' id='word_1_330' title='bbox 850 1319 921 1347; x_wconf 90' lang='lat' dir='ltr'><strong>idem</strong></span> <span class='ocrx_word' id='word_1_331' title='bbox 934 1318 1023 1350; x_wconf 87' lang='lat' dir='ltr'><strong>vobis,</strong></span> 
     </span>
    </p>
   </div>
   <div class='ocr_carea' id='block_1_45' title="bbox 239 1361 1026 1397">
    <p class='ocr_par' dir='ltr' id='par_1_45' title="bbox 239 1361 1026 1397">
     <span class='ocr_line' id='line_1_45' title="bbox 239 1361 1026 1397; baseline 0.003 -9"><span class='ocrx_word' id='word_1_332' title='bbox 239 1363 310 1397; x_wconf 83' lang='lat' dir='ltr'><strong>quod</strong></span> <span class='ocrx_word' id='word_1_333' title='bbox 329 1368 393 1390; x_wconf 87' lang='lat' dir='ltr'><strong>tunc</strong></span> <span class='ocrx_word' id='word_1_334' title='bbox 411 1361 566 1397; x_wconf 80' lang='lat' dir='ltr'><strong>Pharisaeis,</strong></span> <span class='ocrx_word' id='word_1_335' title='bbox 577 1363 692 1390; x_wconf 77' lang='lat' dir='ltr'><strong>accidat.</strong></span> <span class='ocrx_word' id='word_1_336' title='bbox 711 1362 816 1390; x_wconf 84' lang='lat' dir='ltr'><strong>Etenim</strong></span> <span class='ocrx_word' id='word_1_337' title='bbox 832 1371 893 1390; x_wconf 89' lang='lat' dir='ltr'>cum</span> <span class='ocrx_word' id='word_1_338' title='bbox 910 1363 948 1390; x_wconf 91' lang='lat' dir='ltr'><strong>illi</strong></span> <span class='ocrx_word' id='word_1_339' title='bbox 964 1370 1026 1390; x_wconf 85' lang='lat' dir='ltr'><strong>sese</strong></span> 
     </span>
    </p>
   </div>
   <div class='ocr_carea' id='block_1_46' title="bbox 240 1407 1023 1440">
    <p class='ocr_par' dir='ltr' id='par_1_46' title="bbox 240 1407 1023 1440">
     <span class='ocr_line' id='line_1_46' title="bbox 240 1407 1023 1440; baseline 0.001 -6"><span class='ocrx_word' id='word_1_340' title='bbox 240 1408 400 1436; x_wconf 85' lang='lat' dir='ltr'><strong>simularent</strong></span> <span class='ocrx_word' id='word_1_341' title='bbox 415 1408 449 1436; x_wconf 88' lang='lat' dir='ltr'><strong>de</strong></span> <span class='ocrx_word' id='word_1_342' title='bbox 466 1409 590 1436; x_wconf 83' lang='lat' dir='ltr'><strong>doctrina</strong></span> <span class='ocrx_word' id='word_1_343' title='bbox 615 1408 729 1438; x_wconf 63' lang='lat' dir='ltr'><strong>Domini</strong></span> <span class='ocrx_word' id='word_1_344' title='bbox 745 1408 856 1440; x_wconf 80' lang='lat' dir='ltr'><strong>oll‘endi,</strong></span> <span class='ocrx_word' id='word_1_345' title='bbox 875 1408 913 1435; x_wconf 89' lang='lat' dir='ltr'><strong>ait</strong></span> <span class='ocrx_word' id='word_1_346' title='bbox 932 1407 1023 1436; x_wconf 32' lang='lat' dir='ltr'><strong>Domi‘</strong></span> 
     </span>
    </p>
   </div>
   <div class='ocr_carea' id='block_1_47' title="bbox 241 1452 1025 1488">
    <p class='ocr_par' dir='ltr' id='par_1_47' title="bbox 241 1452 1025 1488">
     <span class='ocr_line' id='line_1_47' title="bbox 241 1452 1025 1488; baseline 0.001 -9"><span class='ocrx_word' id='word_1_347' title='bbox 241 1461 293 1480; x_wconf 87' lang='lat' dir='ltr'><strong>nus</strong></span> <span class='ocrx_word' id='word_1_348' title='bbox 318 1453 372 1481; x_wconf 86' lang='lat' dir='ltr'><strong>illis</strong></span> <span class='ocrx_word' id='word_1_349' title='bbox 389 1463 396 1480; x_wconf 93' lang='lat'>:</span> <span class='ocrx_word' id='word_1_350' title='bbox 427 1452 543 1481; x_wconf 73' lang='lat' dir='ltr'><strong>«Omnis</strong></span> <span class='ocrx_word' id='word_1_351' title='bbox 567 1453 697 1488; x_wconf 86' lang='lat' dir='ltr'><strong>plantatio</strong></span> <span class='ocrx_word' id='word_1_352' title='bbox 714 1461 796 1488; x_wconf 84' lang='lat' dir='ltr'><strong>quam</strong></span> <span class='ocrx_word' id='word_1_353' title='bbox 821 1460 874 1480; x_wconf 93' lang='lat' dir='ltr'><strong>non</strong></span> <span class='ocrx_word' id='word_1_354' title='bbox 891 1453 1025 1488; x_wconf 83' lang='lat' dir='ltr'><strong>plantavit</strong></span> 
     </span>
    </p>
   </div>
   <div class='ocr_carea' id='block_1_48' title="bbox 241 1497 1024 1532">
    <p class='ocr_par' dir='ltr' id='par_1_48' title="bbox 241 1497 1024 1532">
     <span class='ocr_line' id='line_1_48' title="bbox 241 1497 1024 1532; baseline 0.001 -7"><span class='ocrx_word' id='word_1_355' title='bbox 241 1497 320 1525; x_wconf 84' lang='lat' dir='ltr'><strong>Pater</strong></span> <span class='ocrx_word' id='word_1_356' title='bbox 331 1506 407 1526; x_wconf 89' lang='lat' dir='ltr'><strong>meus</strong></span> <span class='ocrx_word' id='word_1_357' title='bbox 416 1499 545 1532; x_wconf 64' lang='lat' dir='ltr'><strong>caelestis,</strong></span> <span class='ocrx_word' id='word_1_358' title='bbox 555 1498 738 1526; x_wconf 82' lang='lat' dir='ltr'><strong>eradicabitur</strong></span> <span class='ocrx_word' id='word_1_359' title='bbox 758 1498 851 1527; x_wconf 57' lang='lat' dir='ltr'><strong>hillis</strong></span> <span class='ocrx_word' id='word_1_360' title='bbox 863 1503 953 1525; x_wconf 82' lang='lat' dir='ltr'><strong>autem</strong></span> <span class='ocrx_word' id='word_1_361' title='bbox 966 1506 1024 1526; x_wconf 78' lang='lat' dir='ltr'><strong>ver-</strong></span> 
     </span>
    </p>
   </div>
   <div class='ocr_carea' id='block_1_49' title="bbox 242 1543 1020 1579">
    <p class='ocr_par' dir='ltr' id='par_1_49' title="bbox 242 1543 1020 1579">
     <span class='ocr_line' id='line_1_49' title="bbox 242 1543 1020 1579; baseline 0 -9"><span class='ocrx_word' id='word_1_362' title='bbox 242 1543 284 1570; x_wconf 91' lang='lat' dir='ltr'>bis</span> <span class='ocrx_word' id='word_1_363' title='bbox 302 1544 432 1576; x_wconf 86' lang='lat' dir='ltr'><strong>ostemlit,</strong></span> <span class='ocrx_word' id='word_1_364' title='bbox 452 1553 504 1572; x_wconf 92' lang='lat' dir='ltr'><strong>non</strong></span> <span class='ocrx_word' id='word_1_365' title='bbox 526 1544 616 1573; x_wconf 84' lang='lat' dir='ltr'><strong>Patris</strong></span> <span class='ocrx_word' id='word_1_366' title='bbox 639 1546 721 1573; x_wconf 89' lang='lat' dir='ltr'><strong>verba</strong></span> <span class='ocrx_word' id='word_1_367' title='bbox 747 1553 762 1571; x_wconf 89' lang='lat' dir='ltr'>a</span> <span class='ocrx_word' id='word_1_368' title='bbox 785 1552 814 1572; x_wconf 91' lang='lat' dir='ltr'><strong>se</strong></span> <span class='ocrx_word' id='word_1_369' title='bbox 833 1553 842 1570; x_wconf 88' lang='grc'><em>‹</em></span> <span class='ocrx_word' id='word_1_370' title='bbox 855 1545 993 1579; x_wconf 83' lang='lat' dir='ltr'><strong>plautata,</strong></span> <span class='ocrx_word' id='word_1_371' title='bbox 1011 1554 1020 1570; x_wconf 74' lang='grc' dir='ltr'>ι</span> 
     </span>
    </p>
   </div>
   <div class='ocr_carea' id='block_1_50' title="bbox 241 1589 1022 1623">
    <p class='ocr_par' dir='ltr' id='par_1_50' title="bbox 241 1589 1022 1623">
     <span class='ocr_line' id='line_1_50' title="bbox 241 1589 1022 1623; baseline 0 -7"><span class='ocrx_word' id='word_1_372' title='bbox 241 1590 287 1616; x_wconf 84' lang='lat' dir='ltr'><strong>sed</strong></span> <span class='ocrx_word' id='word_1_373' title='bbox 311 1597 419 1623; x_wconf 82' lang='lat' dir='ltr'><strong>pravam</strong></span> <span class='ocrx_word' id='word_1_374' title='bbox 455 1597 533 1617; x_wconf 87' lang='lat' dir='ltr'><strong>suam</strong></span> <span class='ocrx_word' id='word_1_375' title='bbox 562 1595 635 1617; x_wconf 86' lang='lat' dir='ltr'><strong>recte</strong></span> <span class='ocrx_word' id='word_1_376' title='bbox 654 1590 791 1617; x_wconf 91' lang='lat' dir='ltr'><strong>dictorum</strong></span> <span class='ocrx_word' id='word_1_377' title='bbox 821 1589 1022 1623; x_wconf 84' lang='lat' dir='ltr'><strong>interpretatio-</strong></span> 
     </span>
    </p>
   </div>
   <div class='ocr_carea' id='block_1_51' title="bbox 239 1634 1021 1670">
    <p class='ocr_par' dir='ltr' id='par_1_51' title="bbox 239 1634 1021 1670">
     <span class='ocr_line' id='line_1_51' title="bbox 239 1634 1021 1670; baseline 0.001 -10"><span class='ocrx_word' id='word_1_378' title='bbox 239 1641 312 1666; x_wconf 88' lang='lat' dir='ltr'><strong>nem,</strong></span> <span class='ocrx_word' id='word_1_379' title='bbox 329 1634 493 1662; x_wconf 76' lang='lat' dir='ltr'><strong>olleudiculo</strong></span> <span class='ocrx_word' id='word_1_380' title='bbox 507 1635 561 1662; x_wconf 83' lang='lat' dir='ltr'><strong>illis</strong></span> <span class='ocrx_word' id='word_1_381' title='bbox 579 1635 673 1662; x_wconf 83' lang='lat' dir='ltr'>fuisse.</span> <span class='ocrx_word' id='word_1_382' title='bbox 693 1635 758 1661; x_wconf 82' lang='lat' dir='ltr'>Nam</span> <span class='ocrx_word' id='word_1_383' title='bbox 775 1635 791 1661; x_wconf 93' lang='lat' dir='ltr'><strong>ii</strong></span> <span class='ocrx_word' id='word_1_384' title='bbox 807 1635 852 1670; x_wconf 88' lang='lat' dir='ltr'>qui</span> <span class='ocrx_word' id='word_1_385' title='bbox 868 1635 933 1662; x_wconf 90' lang='lat' dir='ltr'><strong>olim</strong></span> <span class='ocrx_word' id='word_1_386' title='bbox 948 1635 1021 1670; x_wconf 84' lang='lat' dir='ltr'><strong>Apo-</strong></span> 
     </span>
    </p>
   </div>
   <div class='ocr_carea' id='block_1_52' title="bbox 239 1680 1019 1716">
    <p class='ocr_par' dir='ltr' id='par_1_52' title="bbox 239 1680 1019 1716">
     <span class='ocr_line' id='line_1_52' title="bbox 239 1680 1019 1716; baseline 0 -9"><span class='ocrx_word' id='word_1_387' title='bbox 239 1680 300 1707; x_wconf 87' lang='lat' dir='ltr'><strong>stoli</strong></span> <span class='ocrx_word' id='word_1_388' title='bbox 319 1681 449 1716; x_wconf 86' lang='lat' dir='ltr'><strong>epistolas</strong></span> <span class='ocrx_word' id='word_1_389' title='bbox 472 1681 629 1716; x_wconf 82' lang='lat' dir='ltr'><strong>culpabant,</strong></span> <span class='ocrx_word' id='word_1_390' title='bbox 657 1689 710 1708; x_wconf 93' lang='lat' dir='ltr'>non</span> <span class='ocrx_word' id='word_1_391' title='bbox 724 1680 812 1713; x_wconf 82' lang='lat' dir='ltr'>Pauli,</span> <span class='ocrx_word' id='word_1_392' title='bbox 834 1681 881 1707; x_wconf 87' lang='lat' dir='ltr'><strong>sed</strong></span> <span class='ocrx_word' id='word_1_393' title='bbox 899 1680 1019 1715; x_wconf 86' lang='lat' dir='ltr'><strong>ipsorum</strong></span> 
     </span>
    </p>
   </div>
   <div class='ocr_carea' id='block_1_53' title="bbox 238 1725 1019 1762">
    <p class='ocr_par' dir='ltr' id='par_1_53' title="bbox 238 1725 1019 1762">
     <span class='ocr_line' id='line_1_53' title="bbox 238 1725 1019 1762; baseline -0.001 -9"><span class='ocrx_word' id='word_1_394' title='bbox 238 1727 430 1762; x_wconf 66' lang='lat' dir='ltr'><strong>ignorantiam,</strong></span> <span class='ocrx_word' id='word_1_395' title='bbox 451 1731 478 1754; x_wconf 88' lang='lat' dir='ltr'><strong>et</strong></span> <span class='ocrx_word' id='word_1_396' title='bbox 496 1733 653 1761; x_wconf 81' lang='lat' dir='ltr'><strong>perversum</strong></span> <span class='ocrx_word' id='word_1_397' title='bbox 670 1726 791 1752; x_wconf 84' lang='lat' dir='ltr'><strong>animum</strong></span> <span class='ocrx_word' id='word_1_398' title='bbox 816 1726 902 1760; x_wconf 83' lang='lat' dir='ltr'><strong>palam</strong></span> <span class='ocrx_word' id='word_1_399' title='bbox 921 1725 1019 1753; x_wconf 79' lang='lat' dir='ltr'><strong>fecere.</strong></span> 
     </span>
    </p>
   </div>
   <div class='ocr_carea' id='block_1_54' title="bbox 1077 951 1874 987">
    <p class='ocr_par' dir='ltr' id='par_1_54' title="bbox 1077 951 1874 987">
     <span class='ocr_line' id='line_1_54' title="bbox 1077 951 1874 987; baseline 0 -10"><span class='ocrx_word' id='word_1_400' title='bbox 1077 959 1136 982; x_wconf 82' lang='grc' dir='ltr'>τας,</span> <span class='ocrx_word' id='word_1_401' title='bbox 1155 951 1192 983; x_wconf 81' lang='grc' dir='ltr'>ὡς</span> <span class='ocrx_word' id='word_1_402' title='bbox 1207 952 1237 977; x_wconf 87' lang='grc' dir='ltr'>οὺ</span> <span class='ocrx_word' id='word_1_403' title='bbox 1250 951 1282 977; x_wconf 80' lang='grc' dir='ltr'>τὰ</span> <span class='ocrx_word' id='word_1_404' title='bbox 1299 951 1410 987; x_wconf 77' lang='grc' dir='ltr'>ῥήματά</span> <span class='ocrx_word' id='word_1_405' title='bbox 1424 952 1497 977; x_wconf 80' lang='grc' dir='ltr'>ἐστιν</span> <span class='ocrx_word' id='word_1_406' title='bbox 1511 951 1585 977; x_wconf 80' lang='grc' dir='ltr'>αἴτια</span> <span class='ocrx_word' id='word_1_407' title='bbox 1597 971 1604 983; x_wconf 87' lang='grc'><strong>,</strong></span> <span class='ocrx_word' id='word_1_408' title='bbox 1630 951 1687 977; x_wconf 82' lang='grc' dir='ltr'>ἀλλ’</span> <span class='ocrx_word' id='word_1_409' title='bbox 1701 951 1719 986; x_wconf 85' lang='grc' dir='ltr'><strong>ή</strong></span> <span class='ocrx_word' id='word_1_410' title='bbox 1738 952 1874 978; x_wconf 64' lang='grc' dir='ltr'>κακόνοια</span> 
     </span>
    </p>
   </div>
   <div class='ocr_carea' id='block_1_55' title="bbox 1077 996 1873 1032">
    <p class='ocr_par' dir='ltr' id='par_1_55' title="bbox 1077 996 1873 1032">
     <span class='ocr_line' id='line_1_55' title="bbox 1077 996 1873 1032; baseline 0.003 -10"><span class='ocrx_word' id='word_1_411' title='bbox 1077 997 1130 1023; x_wconf 83' lang='grc' dir='ltr'>τῶν</span> <span class='ocrx_word' id='word_1_412' title='bbox 1145 997 1393 1032; x_wconf 75' lang='grc' dir='ltr'>παρεξηγουμένων</span> <span class='ocrx_word' id='word_1_413' title='bbox 1406 997 1441 1023; x_wconf 75' lang='grc' dir='ltr'>τὰ</span> <span class='ocrx_word' id='word_1_414' title='bbox 1455 996 1585 1028; x_wconf 59' lang='lat' dir='ltr'><strong>tamira;</strong></span> <span class='ocrx_word' id='word_1_415' title='bbox 1601 997 1681 1023; x_wconf 73' lang='grc' dir='ltr'>Πόσοι</span> <span class='ocrx_word' id='word_1_416' title='bbox 1692 1016 1699 1028; x_wconf 85' lang='lat'>,</span> <span class='ocrx_word' id='word_1_417' title='bbox 1713 997 1816 1028; x_wconf 70' lang='grc' dir='ltr'>κακῶς</span> <span class='ocrx_word' id='word_1_418' title='bbox 1831 998 1873 1024; x_wconf 78' lang='grc' dir='ltr'>ὲν-</span> 
     </span>
    </p>
   </div>
   <div class='ocr_carea' id='block_1_56' title="bbox 1076 1041 1873 1078">
    <p class='ocr_par' dir='ltr' id='par_1_56' title="bbox 1076 1041 1873 1078">
     <span class='ocr_line' id='line_1_56' title="bbox 1076 1041 1873 1078; baseline 0 -10"><span class='ocrx_word' id='word_1_419' title='bbox 1076 1041 1254 1077; x_wconf 80' lang='grc' dir='ltr'>τυγχάνοντες</span> <span class='ocrx_word' id='word_1_420' title='bbox 1263 1043 1322 1073; x_wconf 79' lang='grc' dir='ltr'>ταῖς</span> <span class='ocrx_word' id='word_1_421' title='bbox 1334 1041 1420 1074; x_wconf 78' lang='grc' dir='ltr'>θείαις</span> <span class='ocrx_word' id='word_1_422' title='bbox 1500 1042 1621 1077; x_wconf 77' lang='grc' dir='ltr'>Γραφαῖς</span> <span class='ocrx_word' id='word_1_423' title='bbox 1635 1043 1682 1069; x_wconf 79' lang='grc' dir='ltr'>καὶ</span> <span class='ocrx_word' id='word_1_424' title='bbox 1696 1043 1873 1078; x_wconf 65' lang='grc' dir='ltr'>παρανοοῦνο</span> 
     </span>
    </p>
   </div>
   <div class='ocr_carea' id='block_1_57' title="bbox 1075 1086 1873 1124">
    <p class='ocr_par' dir='ltr' id='par_1_57' title="bbox 1075 1086 1873 1124">
     <span class='ocr_line' id='line_1_57' title="bbox 1075 1086 1873 1124; baseline 0.004 -11"><span class='ocrx_word' id='word_1_425' title='bbox 1075 1096 1121 1120; x_wconf 85' lang='grc' dir='ltr'>τες</span> <span class='ocrx_word' id='word_1_426' title='bbox 1135 1087 1234 1119; x_wconf 76' lang='grc' dir='ltr'>ταύτας</span> <span class='ocrx_word' id='word_1_427' title='bbox 1244 1107 1251 1120; x_wconf 91' lang='grc'><em>,</em></span> <span class='ocrx_word' id='word_1_428' title='bbox 1267 1088 1452 1124; x_wconf 83' lang='grc' dir='ltr'>κατηγοροῦσι</span> <span class='ocrx_word' id='word_1_429' title='bbox 1468 1087 1520 1114; x_wconf 79' lang='grc' dir='ltr'>τῶν</span> <span class='ocrx_word' id='word_1_430' title='bbox 1537 1088 1639 1122; x_wconf 79' lang='grc' dir='ltr'>ἀγίωνί</span> <span class='ocrx_word' id='word_1_431' title='bbox 1655 1086 1706 1115; x_wconf 77' lang='grc' dir='ltr'>οἷοι</span> <span class='ocrx_word' id='word_1_432' title='bbox 1722 1089 1873 1123; x_wconf 76' lang='grc' dir='ltr'>γεγόνασιν</span> 
     </span>
    </p>
   </div>
   <div class='ocr_carea' id='block_1_58' title="bbox 1076 1134 1872 1169">
    <p class='ocr_par' dir='ltr' id='par_1_58' title="bbox 1076 1134 1872 1169">
     <span class='ocr_line' id='line_1_58' title="bbox 1076 1134 1872 1169; baseline 0.003 -10"><span class='ocrx_word' id='word_1_433' title='bbox 1076 1135 1100 1160; x_wconf 90' lang='grc' dir='ltr'>οί</span> <span class='ocrx_word' id='word_1_434' title='bbox 1116 1134 1164 1169; x_wconf 75' lang='grc' dir='ltr'>μὲν</span> <span class='ocrx_word' id='word_1_435' title='bbox 1181 1134 1241 1159; x_wconf 73' lang='grc' dir='ltr'>τότε</span> <span class='ocrx_word' id='word_1_436' title='bbox 1262 1134 1391 1166; x_wconf 67' lang='grc' dir='ltr'>Ἰουδαῖοι,</span> <span class='ocrx_word' id='word_1_437' title='bbox 1404 1134 1442 1169; x_wconf 85' lang='grc' dir='ltr'>μὴ</span> <span class='ocrx_word' id='word_1_438' title='bbox 1459 1134 1600 1169; x_wconf 78' lang='grc' dir='ltr'>δεξάμενοι</span> <span class='ocrx_word' id='word_1_439' title='bbox 1613 1134 1657 1160; x_wconf 73' lang='grc' dir='ltr'>τὸν</span> <span class='ocrx_word' id='word_1_440' title='bbox 1672 1134 1788 1169; x_wconf 75' lang='grc' dir='ltr'>Κύριον,</span> <span class='ocrx_word' id='word_1_441' title='bbox 1805 1136 1832 1161; x_wconf 76' lang='grc' dir='ltr'>οἱ</span> <span class='ocrx_word' id='word_1_442' title='bbox 1846 1136 1872 1161; x_wconf 79' lang='grc' dir='ltr'>εὲ</span> 
     </span>
    </p>
   </div>
   <div class='ocr_carea' id='block_1_59' title="bbox 1076 1179 1872 1215">
    <p class='ocr_par' dir='ltr' id='par_1_59' title="bbox 1076 1179 1872 1215">
     <span class='ocr_line' id='line_1_59' title="bbox 1076 1179 1872 1215; baseline 0.003 -11"><span class='ocrx_word' id='word_1_443' title='bbox 1076 1179 1123 1204; x_wconf 84' lang='grc' dir='ltr'>νῦν</span> <span class='ocrx_word' id='word_1_444' title='bbox 1136 1179 1279 1214; x_wconf 75' lang='grc' dir='ltr'>Μανιχαῖοι</span> <span class='ocrx_word' id='word_1_445' title='bbox 1297 1179 1517 1214; x_wconf 71' lang='grc' dir='ltr'>βλασφημοῦντες</span> <span class='ocrx_word' id='word_1_446' title='bbox 1536 1180 1581 1206; x_wconf 83' lang='grc' dir='ltr'>τὸν</span> <span class='ocrx_word' id='word_1_447' title='bbox 1596 1180 1691 1214; x_wconf 79' lang='grc' dir='ltr'>νόμον·</span> <span class='ocrx_word' id='word_1_448' title='bbox 1710 1181 1758 1207; x_wconf 82' lang='grc' dir='ltr'>καὶ</span> <span class='ocrx_word' id='word_1_449' title='bbox 1769 1181 1826 1215; x_wconf 80' lang='grc' dir='ltr'>οὺχ</span> <span class='ocrx_word' id='word_1_450' title='bbox 1845 1182 1872 1206; x_wconf 70' lang='lat' dir='ltr'>ai</span> 
     </span>
    </p>
   </div>
   <div class='ocr_carea' id='block_1_60' title="bbox 1076 1224 1872 1260">
    <p class='ocr_par' dir='ltr' id='par_1_60' title="bbox 1076 1224 1872 1260">
     <span class='ocr_line' id='line_1_60' title="bbox 1076 1224 1872 1260; baseline 0.003 -10"><span class='ocrx_word' id='word_1_451' title='bbox 1076 1224 1183 1260; x_wconf 80' lang='grc' dir='ltr'>Γραφαὶ</span> <span class='ocrx_word' id='word_1_452' title='bbox 1205 1225 1347 1258; x_wconf 77' lang='grc' dir='ltr'>γεγόνασιν</span> <span class='ocrx_word' id='word_1_453' title='bbox 1363 1225 1454 1256; x_wconf 70' lang='grc' dir='ltr'>αὐτοῖς</span> <span class='ocrx_word' id='word_1_454' title='bbox 1468 1224 1564 1258; x_wconf 80' lang='grc' dir='ltr'>αἴτιαι,</span> <span class='ocrx_word' id='word_1_455' title='bbox 1578 1226 1635 1252; x_wconf 81' lang='grc' dir='ltr'>ἀλλ’</span> <span class='ocrx_word' id='word_1_456' title='bbox 1655 1226 1672 1260; x_wconf 82' lang='grc' dir='ltr'><strong>ἡ</strong></span> <span class='ocrx_word' id='word_1_457' title='bbox 1685 1226 1761 1260; x_wconf 75' lang='grc' dir='ltr'>σφῶν</span> <span class='ocrx_word' id='word_1_458' title='bbox 1779 1226 1872 1252; x_wconf 76' lang='grc' dir='ltr'>αὐτῶν</span> 
     </span>
    </p>
   </div>
   <div class='ocr_carea' id='block_1_61' title="bbox 1076 1269 1869 1307">
    <p class='ocr_par' dir='ltr' id='par_1_61' title="bbox 1076 1269 1869 1307">
     <span class='ocr_line' id='line_1_61' title="bbox 1076 1269 1869 1307; baseline 0.003 -11"><span class='ocrx_word' id='word_1_459' title='bbox 1076 1270 1278 1306; x_wconf 80' lang='grc' dir='ltr'>κακοφροσύνη.</span> <span class='ocrx_word' id='word_1_460' title='bbox 1308 1271 1339 1296; x_wconf 85' lang='grc' dir='ltr'>Εἰ</span> <span class='ocrx_word' id='word_1_461' title='bbox 1357 1270 1406 1306; x_wconf 73' lang='grc' dir='ltr'>μὲν</span> <span class='ocrx_word' id='word_1_462' title='bbox 1418 1269 1465 1298; x_wconf 87' lang='grc' dir='ltr'>οὖν</span> <span class='ocrx_word' id='word_1_463' title='bbox 1481 1271 1619 1302; x_wconf 66' lang='grc' dir='ltr'>ἀποδεῖξαι</span> <span class='ocrx_word' id='word_1_464' title='bbox 1633 1271 1749 1297; x_wconf 79' lang='grc' dir='ltr'>δύνασθε</span> <span class='ocrx_word' id='word_1_465' title='bbox 1763 1272 1804 1298; x_wconf 70' lang='grc' dir='ltr'>τὰ</span> <span class='ocrx_word' id='word_1_466' title='bbox 1821 1273 1869 1307; x_wconf 73' lang='grc' dir='ltr'>ῥή-</span> 
     </span>
    </p>
   </div>
   <div class='ocr_carea' id='block_1_62' title="bbox 1077 1315 1871 1352">
    <p class='ocr_par' dir='ltr' id='par_1_62' title="bbox 1077 1315 1871 1352">
     <span class='ocr_line' id='line_1_62' title="bbox 1077 1315 1871 1352; baseline 0.003 -10"><span class='ocrx_word' id='word_1_467' title='bbox 1077 1324 1148 1350; x_wconf 83' lang='grc' dir='ltr'>ματα</span> <span class='ocrx_word' id='word_1_468' title='bbox 1164 1315 1251 1350; x_wconf 78' lang='grc' dir='ltr'>φαῦλα</span> <span class='ocrx_word' id='word_1_469' title='bbox 1264 1335 1272 1347; x_wconf 83' lang='grc'><em>,</em></span> <span class='ocrx_word' id='word_1_470' title='bbox 1289 1316 1366 1343; x_wconf 83' lang='grc' dir='ltr'>τοῦτο</span> <span class='ocrx_word' id='word_1_471' title='bbox 1383 1318 1482 1343; x_wconf 83' lang='grc' dir='ltr'>ποιεῖτε</span> <span class='ocrx_word' id='word_1_472' title='bbox 1496 1333 1504 1347; x_wconf 84' lang='grc'><em>.</em></span> <span class='ocrx_word' id='word_1_473' title='bbox 1587 1317 1635 1343; x_wconf 73' lang='grc' dir='ltr'>καὶ</span> <span class='ocrx_word' id='word_1_474' title='bbox 1650 1317 1728 1350; x_wconf 83' lang='grc' dir='ltr'>λόγος</span> <span class='ocrx_word' id='word_1_475' title='bbox 1745 1318 1871 1352; x_wconf 78' lang='grc' dir='ltr'>ἡγείσθω</span> 
     </span>
    </p>
   </div>
   <div class='ocr_carea' id='block_1_63' title="bbox 1073 1362 1870 1398">
    <p class='ocr_par' dir='ltr' id='par_1_63' title="bbox 1073 1362 1870 1398">
     <span class='ocr_line' id='line_1_63' title="bbox 1073 1362 1870 1398; baseline -0.001 -8"><span class='ocrx_word' id='word_1_476' title='bbox 1073 1363 1124 1398; x_wconf 84' lang='grc' dir='ltr'>τῆς</span> <span class='ocrx_word' id='word_1_477' title='bbox 1141 1363 1303 1397; x_wconf 79' lang='grc' dir='ltr'>ἀποδείξεως</span> <span class='ocrx_word' id='word_1_478' title='bbox 1314 1371 1320 1377; x_wconf 90' lang='grc'><strong>·</strong></span> <span class='ocrx_word' id='word_1_479' title='bbox 1339 1363 1385 1389; x_wconf 74' lang='grc' dir='ltr'>καὶ</span> <span class='ocrx_word' id='word_1_480' title='bbox 1401 1363 1439 1398; x_wconf 83' lang='grc' dir='ltr'>μὴ</span> <span class='ocrx_word' id='word_1_481' title='bbox 1452 1362 1650 1398; x_wconf 79' lang='grc' dir='ltr'>προφασίζεσθε</span> <span class='ocrx_word' id='word_1_482' title='bbox 1663 1363 1727 1393; x_wconf 79' lang='grc' dir='ltr'>τοὺς</span> <span class='ocrx_word' id='word_1_483' title='bbox 1748 1363 1870 1390; x_wconf 71' lang='grc' dir='ltr'>σκανδα-</span> 
     </span>
    </p>
   </div>
   <div class='ocr_carea' id='block_1_64' title="bbox 1075 1408 1871 1444">
    <p class='ocr_par' dir='ltr' id='par_1_64' title="bbox 1075 1408 1871 1444">
     <span class='ocr_line' id='line_1_64' title="bbox 1075 1408 1871 1444; baseline -0.003 -8"><span class='ocrx_word' id='word_1_484' title='bbox 1075 1409 1249 1444; x_wconf 75' lang='grc' dir='ltr'>λιζομένους,</span> <span class='ocrx_word' id='word_1_485' title='bbox 1274 1409 1317 1436; x_wconf 75' lang='grc' dir='ltr'>ἵνα</span> <span class='ocrx_word' id='word_1_486' title='bbox 1333 1409 1370 1444; x_wconf 85' lang='grc' dir='ltr'>μὴ</span> <span class='ocrx_word' id='word_1_487' title='bbox 1389 1408 1486 1435; x_wconf 78' lang='grc' dir='ltr'>ταυτὸν</span> <span class='ocrx_word' id='word_1_488' title='bbox 1513 1409 1616 1444; x_wconf 79' lang='grc' dir='ltr'>πάθητε</span> <span class='ocrx_word' id='word_1_489' title='bbox 1634 1409 1690 1440; x_wconf 77' lang='grc' dir='ltr'>τοῖς</span> <span class='ocrx_word' id='word_1_490' title='bbox 1705 1409 1768 1435; x_wconf 81' lang='grc' dir='ltr'>τότε</span> <span class='ocrx_word' id='word_1_491' title='bbox 1783 1410 1871 1444; x_wconf 70' lang='grc' dir='ltr'>Φαρι-</span> 
     </span>
    </p>
   </div>
   <div class='ocr_carea' id='block_1_65' title="bbox 1075 1454 1869 1490">
    <p class='ocr_par' dir='ltr' id='par_1_65' title="bbox 1075 1454 1869 1490">
     <span class='ocr_line' id='line_1_65' title="bbox 1075 1454 1869 1490; baseline -0.001 -8"><span class='ocrx_word' id='word_1_492' title='bbox 1075 1455 1171 1486; x_wconf 82' lang='grc' dir='ltr'>σαίοις.</span> <span class='ocrx_word' id='word_1_493' title='bbox 1200 1454 1254 1481; x_wconf 78' lang='grc' dir='ltr'>Καὶ</span> <span class='ocrx_word' id='word_1_494' title='bbox 1267 1454 1321 1490; x_wconf 79' lang='grc' dir='ltr'>γὰρ</span> <span class='ocrx_word' id='word_1_495' title='bbox 1337 1454 1470 1481; x_wconf 74' lang='grc' dir='ltr'>κάκείνων</span> <span class='ocrx_word' id='word_1_496' title='bbox 1483 1454 1726 1490; x_wconf 70' lang='grc' dir='ltr'>προφασιζομένων</span> <span class='ocrx_word' id='word_1_497' title='bbox 1747 1454 1869 1481; x_wconf 78' lang='grc' dir='ltr'>σκανδα-</span> 
     </span>
    </p>
   </div>
   <div class='ocr_carea' id='block_1_66' title="bbox 1074 1499 1868 1535">
    <p class='ocr_par' dir='ltr' id='par_1_66' title="bbox 1074 1499 1868 1535">
     <span class='ocr_line' id='line_1_66' title="bbox 1074 1499 1868 1535; baseline 0 -9"><span class='ocrx_word' id='word_1_498' title='bbox 1074 1499 1194 1533; x_wconf 75' lang='grc' dir='ltr'>λίζεπθαι</span> <span class='ocrx_word' id='word_1_499' title='bbox 1206 1501 1251 1526; x_wconf 78' lang='grc' dir='ltr'>ἐπὶ</span> <span class='ocrx_word' id='word_1_500' title='bbox 1262 1501 1322 1532; x_wconf 79' lang='grc' dir='ltr'>ταῖς</span> <span class='ocrx_word' id='word_1_501' title='bbox 1335 1500 1381 1526; x_wconf 82' lang='grc' dir='ltr'>τοῦ</span> <span class='ocrx_word' id='word_1_502' title='bbox 1396 1500 1498 1535; x_wconf 62' lang='grc' dir='ltr'>Κυρίου</span> <span class='ocrx_word' id='word_1_503' title='bbox 1512 1500 1642 1535; x_wconf 75' lang='grc' dir='ltr'>διδαχαῖς,</span> <span class='ocrx_word' id='word_1_504' title='bbox 1659 1499 1752 1533; x_wconf 78' lang='grc' dir='ltr'>ἔλεγεν</span> <span class='ocrx_word' id='word_1_505' title='bbox 1772 1501 1868 1531; x_wconf 78' lang='grc' dir='ltr'>αὐτοῖς</span> 
     </span>
    </p>
   </div>
   <div class='ocr_carea' id='block_1_67' title="bbox 1073 1545 1868 1583">
    <p class='ocr_par' dir='ltr' id='par_1_67' title="bbox 1073 1545 1868 1583">
     <span class='ocr_line' id='line_1_67' title="bbox 1073 1545 1868 1583; baseline -0.003 -9"><span class='ocrx_word' id='word_1_506' title='bbox 1073 1547 1087 1574; x_wconf 82' lang='grc' dir='ltr'>ὁ</span> <span class='ocrx_word' id='word_1_507' title='bbox 1099 1546 1200 1583; x_wconf 87' lang='grc' dir='ltr'>Κύριος</span> <span class='ocrx_word' id='word_1_508' title='bbox 1209 1555 1215 1561; x_wconf 75' lang='grc'><strong><em>⁸</em></strong></span> <span class='ocrx_word' id='word_1_509' title='bbox 1237 1556 1245 1571; x_wconf 83' lang='grc' dir='ltr'>ι</span> <span class='ocrx_word' id='word_1_510' title='bbox 1260 1547 1338 1573; x_wconf 78' lang='grc' dir='ltr'>Πᾶσα</span> <span class='ocrx_word' id='word_1_511' title='bbox 1351 1546 1458 1580; x_wconf 79' lang='grc' dir='ltr'>φυτεία,</span> <span class='ocrx_word' id='word_1_512' title='bbox 1474 1547 1505 1581; x_wconf 81' lang='grc' dir='ltr'>ἢν</span> <span class='ocrx_word' id='word_1_513' title='bbox 1519 1547 1569 1573; x_wconf 71' lang='grc' dir='ltr'>οὐκ</span> <span class='ocrx_word' id='word_1_514' title='bbox 1580 1545 1728 1581; x_wconf 80' lang='grc' dir='ltr'>ἐφύτευσεν</span> <span class='ocrx_word' id='word_1_515' title='bbox 1740 1547 1755 1572; x_wconf 80' lang='grc' dir='ltr'>ὁ</span> <span class='ocrx_word' id='word_1_516' title='bbox 1770 1547 1868 1581; x_wconf 72' lang='grc' dir='ltr'>Πατήρ</span> 
     </span>
    </p>
   </div>
   <div class='ocr_carea' id='block_1_68' title="bbox 1076 1589 1867 1625">
    <p class='ocr_par' dir='ltr' id='par_1_68' title="bbox 1076 1589 1867 1625">
     <span class='ocr_line' id='line_1_68' title="bbox 1076 1589 1867 1625; baseline 0.001 -10"><span class='ocrx_word' id='word_1_517' title='bbox 1076 1598 1126 1624; x_wconf 89' lang='grc' dir='ltr'>μου</span> <span class='ocrx_word' id='word_1_518' title='bbox 1151 1591 1164 1615; x_wconf 84' lang='grc' dir='ltr'>ὁ</span> <span class='ocrx_word' id='word_1_519' title='bbox 1179 1590 1318 1625; x_wconf 82' lang='grc' dir='ltr'>οὐράνιος,</span> <span class='ocrx_word' id='word_1_520' title='bbox 1339 1589 1564 1625; x_wconf 77' lang='grc' dir='ltr'>ἐκριξωθήσεται.</span> <span class='ocrx_word' id='word_1_521' title='bbox 1582 1600 1591 1615; x_wconf 74' lang='grc' dir='ltr'>ι</span> <span class='ocrx_word' id='word_1_522' title='bbox 1622 1590 1708 1616; x_wconf 79' lang='grc' dir='ltr'>Τοῦτο</span> <span class='ocrx_word' id='word_1_523' title='bbox 1725 1590 1757 1616; x_wconf 72' lang='grc' dir='ltr'>δὲ</span> <span class='ocrx_word' id='word_1_524' title='bbox 1778 1590 1867 1625; x_wconf 79' lang='grc' dir='ltr'>λέγων</span> 
     </span>
    </p>
   </div>
   <div class='ocr_carea' id='block_1_69' title="bbox 1074 1634 1868 1670">
    <p class='ocr_par' dir='ltr' id='par_1_69' title="bbox 1074 1634 1868 1670">
     <span class='ocr_line' id='line_1_69' title="bbox 1074 1634 1868 1670; baseline 0.001 -10"><span class='ocrx_word' id='word_1_525' title='bbox 1074 1634 1209 1661; x_wconf 74' lang='grc' dir='ltr'>ἐδείκνυεν</span> <span class='ocrx_word' id='word_1_526' title='bbox 1219 1655 1226 1666; x_wconf 86' lang='grc'>,</span> <span class='ocrx_word' id='word_1_527' title='bbox 1245 1636 1282 1667; x_wconf 82' lang='grc' dir='ltr'>ὡς</span> <span class='ocrx_word' id='word_1_528' title='bbox 1298 1635 1327 1662; x_wconf 79' lang='grc' dir='ltr'>οὐ</span> <span class='ocrx_word' id='word_1_529' title='bbox 1342 1635 1376 1662; x_wconf 80' lang='grc' dir='ltr'>τὰ</span> <span class='ocrx_word' id='word_1_530' title='bbox 1387 1635 1435 1662; x_wconf 82' lang='grc' dir='ltr'>τοῦ</span> <span class='ocrx_word' id='word_1_531' title='bbox 1448 1635 1552 1670; x_wconf 79' lang='grc' dir='ltr'>Πατρδς</span> <span class='ocrx_word' id='word_1_532' title='bbox 1569 1635 1602 1662; x_wconf 85' lang='grc' dir='ltr'>δι’</span> <span class='ocrx_word' id='word_1_533' title='bbox 1618 1635 1699 1662; x_wconf 74' lang='grc' dir='ltr'>αὑτοῦ</span> <span class='ocrx_word' id='word_1_534' title='bbox 1729 1645 1739 1661; x_wconf 75' lang='grc' dir='ltr'>ι</span> <span class='ocrx_word' id='word_1_535' title='bbox 1752 1636 1868 1670; x_wconf 70' lang='grc' dir='ltr'>φυτευό-</span> 
     </span>
    </p>
   </div>
   <div class='ocr_carea' id='block_1_70' title="bbox 1076 1680 1869 1717">
    <p class='ocr_par' dir='ltr' id='par_1_70' title="bbox 1076 1680 1869 1717">
     <span class='ocr_line' id='line_1_70' title="bbox 1076 1680 1869 1717; baseline 0 -11"><span class='ocrx_word' id='word_1_536' title='bbox 1076 1689 1143 1716; x_wconf 85' lang='grc' dir='ltr'>μενα</span> <span class='ocrx_word' id='word_1_537' title='bbox 1157 1691 1166 1706; x_wconf 74' lang='grc' dir='ltr'>ι</span> <span class='ocrx_word' id='word_1_538' title='bbox 1194 1682 1303 1716; x_wconf 79' lang='grc' dir='ltr'>ῥήματα</span> <span class='ocrx_word' id='word_1_539' title='bbox 1325 1681 1472 1717; x_wconf 76' lang='grc' dir='ltr'>σκάνδαλον</span> <span class='ocrx_word' id='word_1_540' title='bbox 1488 1680 1558 1717; x_wconf 80' lang='grc' dir='ltr'>ἦσαν</span> <span class='ocrx_word' id='word_1_541' title='bbox 1576 1682 1683 1713; x_wconf 83' lang='grc' dir='ltr'>αὐτοῖς,</span> <span class='ocrx_word' id='word_1_542' title='bbox 1706 1681 1766 1708; x_wconf 80' lang='grc' dir='ltr'>ἀλλ’</span> <span class='ocrx_word' id='word_1_543' title='bbox 1789 1683 1869 1709; x_wconf 66' lang='grc' dir='ltr'>αὐτοὶ</span> 
     </span>
    </p>
   </div>
   <div class='ocr_carea' id='block_1_71' title="bbox 1074 1726 1867 1763">
    <p class='ocr_par' dir='ltr' id='par_1_71' title="bbox 1074 1726 1867 1763">
     <span class='ocr_line' id='line_1_71' title="bbox 1074 1726 1867 1763; baseline 0.003 -11"><span class='ocrx_word' id='word_1_544' title='bbox 1074 1726 1165 1758; x_wconf 82' lang='grc' dir='ltr'>κακῶς</span> <span class='ocrx_word' id='word_1_545' title='bbox 1187 1727 1357 1763; x_wconf 78' lang='grc' dir='ltr'>ἐκδεχόμενοι</span> <span class='ocrx_word' id='word_1_546' title='bbox 1370 1727 1404 1754; x_wconf 75' lang='grc' dir='ltr'>τὰ</span> <span class='ocrx_word' id='word_1_547' title='bbox 1418 1727 1507 1758; x_wconf 79' lang='grc' dir='ltr'>καλῶς</span> <span class='ocrx_word' id='word_1_548' title='bbox 1524 1727 1655 1762; x_wconf 77' lang='grc' dir='ltr'>λεγόμενα</span> <span class='ocrx_word' id='word_1_549' title='bbox 1669 1728 1867 1759; x_wconf 73' lang='grc' dir='ltr'>ὲσκανδὰλιζον</span> 
     </span>
    </p>
   </div>
   <div class='ocr_carea' id='block_1_72' title="bbox 237 1773 1868 1810">
    <p class='ocr_par' dir='ltr' id='par_1_72' title="bbox 237 1773 1868 1810">
     <span class='ocr_line' id='line_1_72' title="bbox 237 1773 1868 1810; baseline 0 -9"><span class='ocrx_word' id='word_1_550' title='bbox 237 1774 360 1806; x_wconf 79' lang='grc' dir='ltr'>ἑαυτούς.</span> <span class='ocrx_word' id='word_1_551' title='bbox 381 1774 455 1800; x_wconf 76' lang='grc' dir='ltr'>Ἐπεὶ</span> <span class='ocrx_word' id='word_1_552' title='bbox 471 1775 517 1800; x_wconf 73' lang='grc' dir='ltr'>καὶ</span> <span class='ocrx_word' id='word_1_553' title='bbox 529 1774 553 1800; x_wconf 81' lang='grc' dir='ltr'>οἱ</span> <span class='ocrx_word' id='word_1_554' title='bbox 568 1773 722 1808; x_wconf 70' lang='grc' dir='ltr'>αἰτιώμενοι</span> <span class='ocrx_word' id='word_1_555' title='bbox 737 1773 796 1799; x_wconf 83' lang='grc' dir='ltr'>τότε</span> <span class='ocrx_word' id='word_1_556' title='bbox 812 1773 861 1805; x_wconf 80' lang='grc' dir='ltr'>τὰς</span> <span class='ocrx_word' id='word_1_557' title='bbox 874 1773 1018 1806; x_wconf 76' lang='grc' dir='ltr'>ἐπιστολὰς</span> <span class='ocrx_word' id='word_1_558' title='bbox 1036 1773 1082 1800; x_wconf 83' lang='grc' dir='ltr'>τοῦ</span> <span class='ocrx_word' id='word_1_559' title='bbox 1111 1774 1288 1807; x_wconf 78' lang='grc' dir='ltr'>Ἀποστόλου,</span> <span class='ocrx_word' id='word_1_560' title='bbox 1313 1776 1343 1802; x_wconf 87' lang='grc' dir='ltr'>οὺ</span> <span class='ocrx_word' id='word_1_561' title='bbox 1368 1774 1414 1801; x_wconf 82' lang='grc' dir='ltr'>τοῦ</span> <span class='ocrx_word' id='word_1_562' title='bbox 1440 1775 1546 1801; x_wconf 87' lang='grc' dir='ltr'>Παύλου</span> <span class='ocrx_word' id='word_1_563' title='bbox 1559 1795 1567 1808; x_wconf 92' lang='grc'><strong><em>,</em></strong></span> <span class='ocrx_word' id='word_1_564' title='bbox 1594 1775 1661 1802; x_wconf 74' lang='grc' dir='ltr'>ἀλλὰ</span> <span class='ocrx_word' id='word_1_565' title='bbox 1685 1775 1737 1810; x_wconf 79' lang='grc' dir='ltr'>τῆς</span> <span class='ocrx_word' id='word_1_566' title='bbox 1760 1777 1868 1803; x_wconf 77' lang='grc' dir='ltr'>ἑαυτῶν</span> 
     </span>
    </p>
   </div>
   <div class='ocr_carea' id='block_1_73' title="bbox 237 1821 885 1859">
    <p class='ocr_par' dir='ltr' id='par_1_73' title="bbox 237 1821 885 1859">
     <span class='ocr_line' id='line_1_73' title="bbox 237 1821 885 1859; baseline -0.005 -9"><span class='ocrx_word' id='word_1_567' title='bbox 237 1822 354 1859; x_wconf 71' lang='grc' dir='ltr'>ἀμαθίας</span> <span class='ocrx_word' id='word_1_568' title='bbox 370 1823 416 1849; x_wconf 77' lang='grc' dir='ltr'>καὶ</span> <span class='ocrx_word' id='word_1_569' title='bbox 433 1822 562 1857; x_wconf 79' lang='grc' dir='ltr'>στρεῦλῆς</span> <span class='ocrx_word' id='word_1_570' title='bbox 574 1822 692 1853; x_wconf 79' lang='grc' dir='ltr'>διανοίας</span> <span class='ocrx_word' id='word_1_571' title='bbox 707 1821 885 1858; x_wconf 75' lang='grc' dir='ltr'>κατηγόρουν.</span> 
     </span>
    </p>
   </div>
   <div class='ocr_carea' id='block_1_74' title="bbox 340 1867 1015 1902">
    <p class='ocr_par' dir='ltr' id='par_1_74' title="bbox 340 1867 1015 1902">
     <span class='ocr_line' id='line_1_74' title="bbox 340 1867 1015 1902; baseline -0.001 -8"><span class='ocrx_word' id='word_1_572' title='bbox 340 1867 391 1895; x_wconf 85' lang='lat' dir='ltr'><strong>Sed</strong></span> <span class='ocrx_word' id='word_1_573' title='bbox 407 1868 462 1902; x_wconf 86' lang='lat' dir='ltr'><strong>jam</strong></span> <span class='ocrx_word' id='word_1_574' title='bbox 485 1867 645 1902; x_wconf 84' lang='lat' dir='ltr'><strong>respondete</strong></span> <span class='ocrx_word' id='word_1_575' title='bbox 671 1868 780 1902; x_wconf 69' lang='lat' dir='ltr'><strong>(operte</strong></span> <span class='ocrx_word' id='word_1_576' title='bbox 802 1867 917 1902; x_wconf 87' lang='lat' dir='ltr'><strong>pretium</strong></span> <span class='ocrx_word' id='word_1_577' title='bbox 943 1867 1015 1894; x_wconf 66' lang='lat' dir='ltr'><strong>enim</strong></span> 
     </span>
    </p>
   </div>
   <div class='ocr_carea' id='block_1_75' title="bbox 239 1913 1019 1948">
    <p class='ocr_par' dir='ltr' id='par_1_75' title="bbox 239 1913 1019 1948">
     <span class='ocr_line' id='line_1_75' title="bbox 239 1913 1019 1948; baseline -0.001 -8"><span class='ocrx_word' id='word_1_578' title='bbox 239 1913 319 1941; x_wconf 79' lang='lat' dir='ltr'><strong>fuerit</strong></span> <span class='ocrx_word' id='word_1_579' title='bbox 333 1914 384 1941; x_wconf 89' lang='lat' dir='ltr'>hoc</span> <span class='ocrx_word' id='word_1_580' title='bbox 404 1914 437 1941; x_wconf 91' lang='lat' dir='ltr'><strong>ab</strong></span> <span class='ocrx_word' id='word_1_581' title='bbox 457 1914 511 1941; x_wconf 83' lang='lat' dir='ltr'><strong>illis</strong></span> <span class='ocrx_word' id='word_1_582' title='bbox 527 1913 663 1948; x_wconf 73' lang='lat' dir='ltr'><strong>quaerere)</strong></span> <span class='ocrx_word' id='word_1_583' title='bbox 677 1913 789 1948; x_wconf 92' lang='lat' dir='ltr'><strong>quinam</strong></span> <span class='ocrx_word' id='word_1_584' title='bbox 811 1918 884 1947; x_wconf 89' lang='lat' dir='ltr'><strong>sunt,</strong></span> <span class='ocrx_word' id='word_1_585' title='bbox 900 1920 971 1948; x_wconf 89' lang='lat' dir='ltr'><strong>quos</strong></span> <span class='ocrx_word' id='word_1_586' title='bbox 986 1913 1019 1939; x_wconf 85' lang='lat' dir='ltr'><strong>de</strong></span> 
     </span>
    </p>
   </div>
   <div class='ocr_carea' id='block_1_76' title="bbox 237 1958 1019 1994">
    <p class='ocr_par' dir='ltr' id='par_1_76' title="bbox 237 1958 1019 1994">
     <span class='ocr_line' id='line_1_76' title="bbox 237 1958 1019 1994; baseline -0.001 -9"><span class='ocrx_word' id='word_1_587' title='bbox 237 1959 290 1986; x_wconf 87' lang='lat' dir='ltr'><strong>illis</strong></span> <span class='ocrx_word' id='word_1_588' title='bbox 304 1959 402 1987; x_wconf 84' lang='lat' dir='ltr'>oll&#39;eudi</span> <span class='ocrx_word' id='word_1_589' title='bbox 426 1965 507 1994; x_wconf 88' lang='lat' dir='ltr'><strong>atque</strong></span> <span class='ocrx_word' id='word_1_590' title='bbox 526 1958 631 1986; x_wconf 83' lang='lat' dir='ltr'><strong>turbari</strong></span> <span class='ocrx_word' id='word_1_591' title='bbox 651 1958 822 1986; x_wconf 84' lang='lat' dir='ltr'><strong>causamini?</strong></span> <span class='ocrx_word' id='word_1_592' title='bbox 844 1958 924 1986; x_wconf 85' lang='lat' dir='ltr'><strong>Certe</strong></span> <span class='ocrx_word' id='word_1_593' title='bbox 939 1966 1019 1985; x_wconf 89' lang='lat' dir='ltr'><strong>nemo</strong></span> 
     </span>
    </p>
   </div>
   <div class='ocr_carea' id='block_1_77' title="bbox 237 2003 1017 2039">
    <p class='ocr_par' dir='ltr' id='par_1_77' title="bbox 237 2003 1017 2039">
     <span class='ocr_line' id='line_1_77' title="bbox 237 2003 1017 2039; baseline 0.001 -9"><span class='ocrx_word' id='word_1_594' title='bbox 237 2011 331 2031; x_wconf 76' lang='lat' dir='ltr'><strong>eorum</strong></span> <span class='ocrx_word' id='word_1_595' title='bbox 348 2004 392 2039; x_wconf 89' lang='lat' dir='ltr'>qui</span> <span class='ocrx_word' id='word_1_596' title='bbox 410 2004 452 2039; x_wconf 89' lang='lat' dir='ltr'><strong>pie</strong></span> <span class='ocrx_word' id='word_1_597' title='bbox 474 2003 508 2030; x_wconf 83' lang='lat' dir='ltr'><strong>de</strong></span> <span class='ocrx_word' id='word_1_598' title='bbox 526 2003 636 2031; x_wconf 87' lang='lat' dir='ltr'><strong>Christo</strong></span> <span class='ocrx_word' id='word_1_599' title='bbox 654 2004 786 2036; x_wconf 85' lang='lat' dir='ltr'><strong>sentiunt,</strong></span> <span class='ocrx_word' id='word_1_600' title='bbox 805 2004 905 2039; x_wconf 86' lang='lat' dir='ltr'><strong>quippe</strong></span> <span class='ocrx_word' id='word_1_601' title='bbox 925 2004 972 2039; x_wconf 93' lang='lat' dir='ltr'>qui</span> <span class='ocrx_word' id='word_1_602' title='bbox 985 2012 1017 2031; x_wconf 84' lang='lat' dir='ltr'><strong>ea</strong></span> 
     </span>
    </p>
   </div>
   <div class='ocr_carea' id='block_1_78' title="bbox 237 2049 1017 2084">
    <p class='ocr_par' dir='ltr' id='par_1_78' title="bbox 237 2049 1017 2084">
     <span class='ocr_line' id='line_1_78' title="bbox 237 2049 1017 2084; baseline -0.001 -8"><span class='ocrx_word' id='word_1_603' title='bbox 237 2049 382 2077; x_wconf 82' lang='lat' dir='ltr'><strong>defendant</strong></span> <span class='ocrx_word' id='word_1_604' title='bbox 406 2054 595 2084; x_wconf 90' lang='lat' dir='ltr'><strong>asserautque.</strong></span> <span class='ocrx_word' id='word_1_605' title='bbox 617 2049 694 2083; x_wconf 80' lang='lat' dir='ltr'><strong>Quod</strong></span> <span class='ocrx_word' id='word_1_606' title='bbox 715 2049 738 2077; x_wconf 92' lang='lat' dir='ltr'><strong>si</strong></span> <span class='ocrx_word' id='word_1_607' title='bbox 763 2049 856 2076; x_wconf 80' lang='lat' dir='ltr'><strong>Ariani</strong></span> <span class='ocrx_word' id='word_1_608' title='bbox 882 2054 946 2077; x_wconf 91' lang='lat' dir='ltr'><strong>sunt</strong></span> <span class='ocrx_word' id='word_1_609' title='bbox 970 2049 1017 2084; x_wconf 95' lang='lat' dir='ltr'><strong>qui</strong></span> 
     </span>
    </p>
   </div>
   <div class='ocr_carea' id='block_1_79' title="bbox 238 2093 1017 2129">
    <p class='ocr_par' dir='ltr' id='par_1_79' title="bbox 238 2093 1017 2129">
     <span class='ocr_line' id='line_1_79' title="bbox 238 2093 1017 2129; baseline 0.003 -9"><span class='ocrx_word' id='word_1_610' title='bbox 238 2095 294 2122; x_wconf 79' lang='lat' dir='ltr'><strong>lnec</strong></span> <span class='ocrx_word' id='word_1_611' title='bbox 314 2094 424 2129; x_wconf 79' lang='lat' dir='ltr'><strong>indigne</strong></span> <span class='ocrx_word' id='word_1_612' title='bbox 438 2093 538 2126; x_wconf 82' lang='lat' dir='ltr'><strong>ferunt,</strong></span> <span class='ocrx_word' id='word_1_613' title='bbox 555 2094 620 2129; x_wconf 88' lang='lat' dir='ltr'><strong>quid</strong></span> <span class='ocrx_word' id='word_1_614' title='bbox 642 2094 741 2121; x_wconf 92' lang='lat' dir='ltr'><strong>mirum</strong></span> <span class='ocrx_word' id='word_1_615' title='bbox 759 2095 782 2122; x_wconf 89' lang='lat' dir='ltr'>si</span> <span class='ocrx_word' id='word_1_616' title='bbox 802 2095 957 2122; x_wconf 85' lang='lat' dir='ltr'><strong>irascuntur</strong></span> <span class='ocrx_word' id='word_1_617' title='bbox 984 2095 1017 2122; x_wconf 91' lang='lat' dir='ltr'>iis</span> 
     </span>
    </p>
   </div>
   <div class='ocr_carea' id='block_1_80' title="bbox 237 2139 1016 2174">
    <p class='ocr_par' dir='ltr' id='par_1_80' title="bbox 237 2139 1016 2174">
     <span class='ocr_line' id='line_1_80' title="bbox 237 2139 1016 2174; baseline 0 -8"><span class='ocrx_word' id='word_1_618' title='bbox 237 2139 282 2174; x_wconf 84' lang='lat' dir='ltr'>qui</span> <span class='ocrx_word' id='word_1_619' title='bbox 298 2147 390 2167; x_wconf 90' lang='lat' dir='ltr'><strong>eorum</strong></span> <span class='ocrx_word' id='word_1_620' title='bbox 410 2139 524 2167; x_wconf 68' lang='lat' dir='ltr'><strong>haeresin</strong></span> <span class='ocrx_word' id='word_1_621' title='bbox 538 2139 571 2167; x_wconf 92' lang='lat' dir='ltr'><strong>de</strong></span> <span class='ocrx_word' id='word_1_622' title='bbox 593 2140 682 2167; x_wconf 87' lang='lat' dir='ltr'><strong>medio</strong></span> <span class='ocrx_word' id='word_1_623' title='bbox 698 2139 813 2167; x_wconf 81' lang='lat' dir='ltr'><strong>tollunt?</strong></span> <span class='ocrx_word' id='word_1_624' title='bbox 827 2139 886 2167; x_wconf 77' lang='lat' dir='ltr'>Non</span> <span class='ocrx_word' id='word_1_625' title='bbox 899 2140 971 2167; x_wconf 90' lang='lat' dir='ltr'><strong>enim</strong></span> <span class='ocrx_word' id='word_1_626' title='bbox 986 2147 1016 2166; x_wconf 88' lang='lat' dir='ltr'>ea</span> 
     </span>
    </p>
   </div>
   <div class='ocr_carea' id='block_1_81' title="bbox 238 2184 1015 2220">
    <p class='ocr_par' dir='ltr' id='par_1_81' title="bbox 238 2184 1015 2220">
     <span class='ocr_line' id='line_1_81' title="bbox 238 2184 1015 2220; baseline -0.001 -9"><span class='ocrx_word' id='word_1_627' title='bbox 238 2186 317 2212; x_wconf 77' lang='lat' dir='ltr'><strong>verba</strong></span> <span class='ocrx_word' id='word_1_628' title='bbox 335 2184 388 2212; x_wconf 87' lang='lat' dir='ltr'><strong>illis</strong></span> <span class='ocrx_word' id='word_1_629' title='bbox 402 2184 530 2211; x_wconf 86' lang='lat' dir='ltr'><strong>seandalo</strong></span> <span class='ocrx_word' id='word_1_630' title='bbox 549 2189 622 2217; x_wconf 86' lang='lat' dir='ltr'><strong>sunt,</strong></span> <span class='ocrx_word' id='word_1_631' title='bbox 636 2185 683 2212; x_wconf 89' lang='lat' dir='ltr'><strong>sed</strong></span> <span class='ocrx_word' id='word_1_632' title='bbox 700 2184 798 2218; x_wconf 89' lang='lat' dir='ltr'><strong>dolori,</strong></span> <span class='ocrx_word' id='word_1_633' title='bbox 811 2184 883 2220; x_wconf 89' lang='lat' dir='ltr'><strong>quod</strong></span> <span class='ocrx_word' id='word_1_634' title='bbox 898 2184 975 2220; x_wconf 86' lang='lat' dir='ltr'><strong>quasi</strong></span> <span class='ocrx_word' id='word_1_635' title='bbox 989 2184 1015 2211; x_wconf 90' lang='lat' dir='ltr'><strong>in</strong></span> 
     </span>
    </p>
   </div>
   <div class='ocr_carea' id='block_1_82' title="bbox 1181 1865 1866 1902">
    <p class='ocr_par' dir='ltr' id='par_1_82' title="bbox 1181 1865 1866 1902">
     <span class='ocr_line' id='line_1_82' title="bbox 1181 1865 1866 1902; baseline 0.004 -11"><span class='ocrx_word' id='word_1_636' title='bbox 1181 1865 1256 1892; x_wconf 80' lang='grc' dir='ltr'>Ἐπεὶ</span> <span class='ocrx_word' id='word_1_637' title='bbox 1282 1865 1379 1900; x_wconf 74' lang='grc' dir='ltr'>(καλὸν</span> <span class='ocrx_word' id='word_1_638' title='bbox 1411 1865 1465 1902; x_wconf 79' lang='grc' dir='ltr'>γὰρ</span> <span class='ocrx_word' id='word_1_639' title='bbox 1496 1866 1594 1900; x_wconf 52' lang='lat' dir='ltr'><strong>aiatait;</strong></span> <span class='ocrx_word' id='word_1_640' title='bbox 1619 1866 1728 1902; x_wconf 75' lang='grc' dir='ltr'>ἐρέσθαι</span> <span class='ocrx_word' id='word_1_641' title='bbox 1753 1868 1866 1901; x_wconf 80' lang='grc' dir='ltr'>τοῦτο.)</span> 
     </span>
    </p>
   </div>
   <div class='ocr_carea' id='block_1_83' title="bbox 1072 1911 1867 1947">
    <p class='ocr_par' dir='ltr' id='par_1_83' title="bbox 1072 1911 1867 1947">
     <span class='ocr_line' id='line_1_83' title="bbox 1072 1911 1867 1947; baseline 0.003 -9"><span class='ocrx_word' id='word_1_642' title='bbox 1072 1911 1177 1942; x_wconf 74' lang='grc' dir='ltr'>εἴπατε,</span> <span class='ocrx_word' id='word_1_643' title='bbox 1207 1911 1278 1942; x_wconf 79' lang='grc' dir='ltr'>τίνες</span> <span class='ocrx_word' id='word_1_644' title='bbox 1301 1911 1386 1943; x_wconf 66' lang='grc' dir='ltr'>εἰσὶν,</span> <span class='ocrx_word' id='word_1_645' title='bbox 1418 1911 1465 1943; x_wconf 84' lang='grc' dir='ltr'>οὓς</span> <span class='ocrx_word' id='word_1_646' title='bbox 1492 1912 1690 1947; x_wconf 77' lang='grc' dir='ltr'>προφασίζεσθε</span> <span class='ocrx_word' id='word_1_647' title='bbox 1719 1913 1867 1940; x_wconf 79' lang='grc' dir='ltr'>σκανδαλί-</span> 
     </span>
    </p>
   </div>
   <div class='ocr_carea' id='block_1_84' title="bbox 1072 1956 1865 1996">
    <p class='ocr_par' dir='ltr' id='par_1_84' title="bbox 1072 1956 1865 1996">
     <span class='ocr_line' id='line_1_84' title="bbox 1072 1956 1865 1996; baseline 0.006 -14"><span class='ocrx_word' id='word_1_648' title='bbox 1072 1957 1164 1989; x_wconf 81' lang='grc' dir='ltr'>ζεσθαι</span> <span class='ocrx_word' id='word_1_649' title='bbox 1182 1956 1229 1983; x_wconf 70' lang='grc' dir='ltr'>καὶ</span> <span class='ocrx_word' id='word_1_650' title='bbox 1250 1956 1420 1992; x_wconf 71' lang='grc' dir='ltr'>θορυϐεῖσθαι</span> <span class='ocrx_word' id='word_1_651' title='bbox 1447 1959 1492 1985; x_wconf 73' lang='grc' dir='ltr'>ἐπὶ</span> <span class='ocrx_word' id='word_1_652' title='bbox 1511 1959 1632 1991; x_wconf 84' lang='grc' dir='ltr'>τούτοις;</span> <span class='ocrx_word' id='word_1_653' title='bbox 1653 1959 1713 1985; x_wconf 80' lang='grc' dir='ltr'>Τῶν</span> <span class='ocrx_word' id='word_1_654' title='bbox 1736 1961 1789 1995; x_wconf 79' lang='grc' dir='ltr'>μὲν</span> <span class='ocrx_word' id='word_1_655' title='bbox 1812 1962 1865 1996; x_wconf 73' lang='grc' dir='ltr'>γὰρ</span> 
     </span>
    </p>
   </div>
   <div class='ocr_carea' id='block_1_85' title="bbox 1071 2002 1864 2042">
    <p class='ocr_par' dir='ltr' id='par_1_85' title="bbox 1071 2002 1864 2042">
     <span class='ocr_line' id='line_1_85' title="bbox 1071 2002 1864 2042; baseline 0.009 -15"><span class='ocrx_word' id='word_1_656' title='bbox 1071 2002 1253 2029; x_wconf 76' lang='grc' dir='ltr'>εὐσεϐούντων</span> <span class='ocrx_word' id='word_1_657' title='bbox 1276 2003 1315 2034; x_wconf 86' lang='grc' dir='ltr'>εἰς</span> <span class='ocrx_word' id='word_1_658' title='bbox 1337 2002 1381 2029; x_wconf 79' lang='grc' dir='ltr'>τὸν</span> <span class='ocrx_word' id='word_1_659' title='bbox 1394 2004 1509 2039; x_wconf 81' lang='grc' dir='ltr'>Χριστὸν</span> <span class='ocrx_word' id='word_1_660' title='bbox 1521 2004 1609 2036; x_wconf 73' lang='grc' dir='ltr'>οὐδεὶς</span> <span class='ocrx_word' id='word_1_661' title='bbox 1621 2024 1628 2036; x_wconf 87' lang='grc'><em>,</em></span> <span class='ocrx_word' id='word_1_662' title='bbox 1652 2004 1722 2031; x_wconf 79' lang='grc' dir='ltr'>αὐτὰ</span> <span class='ocrx_word' id='word_1_663' title='bbox 1810 2007 1864 2042; x_wconf 78' lang='grc' dir='ltr'>γὰρ</span> 
     </span>
    </p>
   </div>
   <div class='ocr_carea' id='block_1_86' title="bbox 1071 2048 1864 2087">
    <p class='ocr_par' dir='ltr' id='par_1_86' title="bbox 1071 2048 1864 2087">
     <span class='ocr_line' id='line_1_86' title="bbox 1071 2048 1864 2087; baseline 0.006 -13"><span class='ocrx_word' id='word_1_664' title='bbox 1071 2048 1250 2085; x_wconf 79' lang='grc' dir='ltr'>πρεσδεύουσι</span> <span class='ocrx_word' id='word_1_665' title='bbox 1277 2049 1324 2075; x_wconf 76' lang='grc' dir='ltr'>καὶ</span> <span class='ocrx_word' id='word_1_666' title='bbox 1344 2048 1506 2076; x_wconf 57' lang='grc' dir='ltr'>ὲώικοῦσιν.</span> <span class='ocrx_word' id='word_1_667' title='bbox 1533 2050 1564 2076; x_wconf 82' lang='grc' dir='ltr'><strong>Εἰ</strong></span> <span class='ocrx_word' id='word_1_668' title='bbox 1586 2050 1614 2076; x_wconf 78' lang='grc' dir='ltr'>δὲ</span> <span class='ocrx_word' id='word_1_669' title='bbox 1636 2051 1689 2077; x_wconf 82' lang='grc' dir='ltr'>τῶν</span> <span class='ocrx_word' id='word_1_670' title='bbox 1711 2051 1864 2087; x_wconf 78' lang='grc' dir='ltr'>’Δρειανιῖιν</span> 
     </span>
    </p>
   </div>
   <div class='ocr_carea' id='block_1_87' title="bbox 1071 2093 1862 2130">
    <p class='ocr_par' dir='ltr' id='par_1_87' title="bbox 1071 2093 1862 2130">
     <span class='ocr_line' id='line_1_87' title="bbox 1071 2093 1862 2130; baseline 0.005 -11"><span class='ocrx_word' id='word_1_671' title='bbox 1071 2093 1138 2120; x_wconf 86' lang='grc' dir='ltr'>είσιν</span> <span class='ocrx_word' id='word_1_672' title='bbox 1151 2094 1176 2120; x_wconf 92' lang='grc' dir='ltr'>οί</span> <span class='ocrx_word' id='word_1_673' title='bbox 1186 2093 1264 2121; x_wconf 81' lang='grc' dir='ltr'>τοῦτο</span> <span class='ocrx_word' id='word_1_674' title='bbox 1286 2094 1452 2130; x_wconf 78' lang='grc' dir='ltr'>πάσχοντες,</span> <span class='ocrx_word' id='word_1_675' title='bbox 1466 2095 1492 2121; x_wconf 83' lang='grc' dir='ltr'>τί</span> <span class='ocrx_word' id='word_1_676' title='bbox 1507 2095 1677 2130; x_wconf 79' lang='grc' dir='ltr'>θαυμαστὸν,</span> <span class='ocrx_word' id='word_1_677' title='bbox 1692 2097 1716 2122; x_wconf 67' lang='grc' dir='ltr'>εἰ</span> <span class='ocrx_word' id='word_1_678' title='bbox 1736 2097 1784 2123; x_wconf 72' lang='grc' dir='ltr'>ἐπὶ</span> <span class='ocrx_word' id='word_1_679' title='bbox 1806 2099 1862 2129; x_wconf 77' lang='grc' dir='ltr'>τοῖς</span> 
     </span>
    </p>
   </div>
   <div class='ocr_carea' id='block_1_88' title="bbox 1070 2139 1861 2178">
    <p class='ocr_par' dir='ltr' id='par_1_88' title="bbox 1070 2139 1861 2178">
     <span class='ocr_line' id='line_1_88' title="bbox 1070 2139 1861 2178; baseline 0.006 -13"><span class='ocrx_word' id='word_1_680' title='bbox 1070 2139 1226 2174; x_wconf 82' lang='grc' dir='ltr'>ἀναιροῦσιν</span> <span class='ocrx_word' id='word_1_681' title='bbox 1255 2139 1344 2166; x_wconf 78' lang='grc' dir='ltr'>αὐτῶν</span> <span class='ocrx_word' id='word_1_682' title='bbox 1373 2139 1423 2176; x_wconf 84' lang='grc' dir='ltr'>τὴν</span> <span class='ocrx_word' id='word_1_683' title='bbox 1446 2141 1551 2176; x_wconf 79' lang='grc' dir='ltr'>αἵρεσιν</span> <span class='ocrx_word' id='word_1_684' title='bbox 1573 2141 1719 2176; x_wconf 80' lang='grc' dir='ltr'>ἄχθονται;</span> <span class='ocrx_word' id='word_1_685' title='bbox 1744 2144 1783 2169; x_wconf 80' lang='grc' dir='ltr'><strong>Οὐ</strong></span> <span class='ocrx_word' id='word_1_686' title='bbox 1807 2145 1861 2178; x_wconf 80' lang='grc' dir='ltr'>γὰρ</span> 
     </span>
    </p>
   </div>
   <div class='ocr_carea' id='block_1_89' title="bbox 1070 2185 1857 2222">
    <p class='ocr_par' dir='ltr' id='par_1_89' title="bbox 1070 2185 1857 2222">
     <span class='ocr_line' id='line_1_89' title="bbox 1070 2185 1857 2222; baseline 0.005 -10"><span class='ocrx_word' id='word_1_687' title='bbox 1070 2186 1143 2212; x_wconf 81' lang='grc' dir='ltr'>ἐστιν</span> <span class='ocrx_word' id='word_1_688' title='bbox 1168 2185 1258 2217; x_wconf 81' lang='grc' dir='ltr'>αὐτοῖς</span> <span class='ocrx_word' id='word_1_689' title='bbox 1270 2185 1416 2213; x_wconf 81' lang='grc' dir='ltr'>σκάνδαλον</span> <span class='ocrx_word' id='word_1_690' title='bbox 1426 2186 1459 2213; x_wconf 80' lang='grc' dir='ltr'>τὰ</span> <span class='ocrx_word' id='word_1_691' title='bbox 1472 2187 1582 2222; x_wconf 81' lang='grc' dir='ltr'>ῥήματα</span> <span class='ocrx_word' id='word_1_692' title='bbox 1591 2196 1598 2203; x_wconf 76' lang='grc'><em>’</em></span> <span class='ocrx_word' id='word_1_693' title='bbox 1614 2187 1681 2214; x_wconf 75' lang='grc' dir='ltr'>ἀλλὰ</span> <span class='ocrx_word' id='word_1_694' title='bbox 1765 2187 1840 2222; x_wconf 83' lang='grc' dir='ltr'>λύπη</span> <span class='ocrx_word' id='word_1_695' title='bbox 1851 2210 1857 2217; x_wconf 95' lang='grc'><em>.</em></span> 
     </span>
    </p>
   </div>
   <div class='ocr_carea' id='block_1_90' title="bbox 237 2228 1023 2266">
    <p class='ocr_par' dir='ltr' id='par_1_90' title="bbox 237 2230 1017 2266">
     <span class='ocr_line' id='line_1_90' title="bbox 237 2230 1017 2266; baseline -0.003 -7"><span class='ocrx_word' id='word_1_696' title='bbox 237 2231 315 2266; x_wconf 85' lang='lat' dir='ltr'><strong>cippo</strong></span> <span class='ocrx_word' id='word_1_697' title='bbox 330 2231 464 2266; x_wconf 86' lang='lat' dir='ltr'><strong>insculpta</strong></span> <span class='ocrx_word' id='word_1_698' title='bbox 487 2238 563 2258; x_wconf 86' lang='lat' dir='ltr'><strong>suam</strong></span> <span class='ocrx_word' id='word_1_699' title='bbox 584 2230 700 2258; x_wconf 75' lang='lat' dir='ltr'><strong>hteresin</strong></span> <span class='ocrx_word' id='word_1_700' title='bbox 724 2231 876 2258; x_wconf 86' lang='lat' dir='ltr'><strong>traducanl.</strong></span> <span class='ocrx_word' id='word_1_701' title='bbox 898 2230 1017 2258; x_wconf 84' lang='lat' dir='ltr'><strong>Desinite</strong></span> 
     </span>
    </p>
   </div>
   <div class='ocr_carea' id='block_1_91' title="bbox 1069 2228 1858 2266">
    <p class='ocr_par' dir='ltr' id='par_1_91' title="bbox 1069 2230 1858 2266">
     <span class='ocr_line' id='line_1_91' title="bbox 1069 2230 1858 2266; baseline 0.004 -9"><span class='ocrx_word' id='word_1_702' title='bbox 1069 2231 1108 2257; x_wconf 86' lang='grc' dir='ltr'>ὅτι</span> <span class='ocrx_word' id='word_1_703' title='bbox 1123 2230 1308 2266; x_wconf 84' lang='grc' dir='ltr'>στηλογραφία</span> <span class='ocrx_word' id='word_1_704' title='bbox 1323 2231 1393 2258; x_wconf 75' lang='grc' dir='ltr'>κατὰ</span> <span class='ocrx_word' id='word_1_705' title='bbox 1401 2231 1451 2266; x_wconf 85' lang='grc' dir='ltr'>τῆς</span> <span class='ocrx_word' id='word_1_706' title='bbox 1458 2231 1582 2264; x_wconf 75' lang='grc' dir='ltr'>ἀσεϐείας</span> <span class='ocrx_word' id='word_1_707' title='bbox 1596 2232 1684 2259; x_wconf 84' lang='grc' dir='ltr'>αὐτῶν</span> <span class='ocrx_word' id='word_1_708' title='bbox 1695 2233 1781 2260; x_wconf 67' lang='grc' dir='ltr'>ἐστιν.</span> <span class='ocrx_word' id='word_1_709' title='bbox 1791 2235 1858 2260; x_wconf 68' lang='grc' dir='ltr'>Οὐκ-</span> 
     </span>
    </p>
   </div>
   <div class='ocr_carea' id='block_1_92' title="bbox 238 2277 1017 2315">
    <p class='ocr_par' dir='ltr' id='par_1_92' title="bbox 238 2277 1017 2315">
     <span class='ocr_line' id='line_1_92' title="bbox 238 2277 1017 2315; baseline -0.003 -9"><span class='ocrx_word' id='word_1_710' title='bbox 238 2281 319 2315; x_wconf 85' lang='lat' dir='ltr'><strong>igitur</strong></span> <span class='ocrx_word' id='word_1_711' title='bbox 332 2279 463 2306; x_wconf 77' lang='lat' dir='ltr'><strong>adversus</strong></span> <span class='ocrx_word' id='word_1_712' title='bbox 478 2277 573 2306; x_wconf 82' lang='lat' dir='ltr'><strong>Patres</strong></span> <span class='ocrx_word' id='word_1_713' title='bbox 589 2283 697 2306; x_wconf 83' lang='lat' dir='ltr'><strong>nostros</strong></span> <span class='ocrx_word' id='word_1_714' title='bbox 819 2278 869 2306; x_wconf 89' lang='lat' dir='ltr'><strong>hac</strong></span> <span class='ocrx_word' id='word_1_715' title='bbox 886 2279 919 2305; x_wconf 88' lang='lat' dir='ltr'>de</span> <span class='ocrx_word' id='word_1_716' title='bbox 935 2285 1017 2305; x_wconf 89' lang='lat' dir='ltr'><strong>causa</strong></span> 
     </span>
    </p>
   </div>
   <div class='ocr_carea' id='block_1_93' title="bbox 238 2324 1019 2360">
    <p class='ocr_par' dir='ltr' id='par_1_93' title="bbox 238 2324 1019 2360">
     <span class='ocr_line' id='line_1_93' title="bbox 238 2324 1019 2360; baseline -0.003 -8"><span class='ocrx_word' id='word_1_717' title='bbox 238 2327 467 2352; x_wconf 86' lang='lat' dir='ltr'><strong>obmurmurare:</strong></span> <span class='ocrx_word' id='word_1_718' title='bbox 487 2324 588 2360; x_wconf 84' lang='lat' dir='ltr'><strong>alioqui</strong></span> <span class='ocrx_word' id='word_1_719' title='bbox 605 2328 703 2357; x_wconf 80' lang='lat' dir='ltr'><strong>restat,</strong></span> <span class='ocrx_word' id='word_1_720' title='bbox 723 2328 751 2351; x_wconf 92' lang='lat' dir='ltr'><strong>ul</strong></span> <span class='ocrx_word' id='word_1_721' title='bbox 776 2332 884 2351; x_wconf 85' lang='lat' dir='ltr'><strong>crucem</strong></span> <span class='ocrx_word' id='word_1_722' title='bbox 909 2331 1019 2358; x_wconf 79' lang='lat' dir='ltr'><strong>quoque</strong></span> 
     </span>
    </p>
   </div>
   <div class='ocr_carea' id='block_1_94' title="bbox 240 2369 1018 2405">
    <p class='ocr_par' dir='ltr' id='par_1_94' title="bbox 240 2369 1018 2405">
     <span class='ocr_line' id='line_1_94' title="bbox 240 2369 1018 2405; baseline -0.001 -9"><span class='ocrx_word' id='word_1_723' title='bbox 240 2370 408 2397; x_wconf 87' lang='lat' dir='ltr'><strong>Dominicam</strong></span> <span class='ocrx_word' id='word_1_724' title='bbox 425 2370 599 2404; x_wconf 84' lang='lat' dir='ltr'><strong>vituperelis,</strong></span> <span class='ocrx_word' id='word_1_725' title='bbox 620 2370 692 2405; x_wconf 93' lang='lat' dir='ltr'><strong>quod</strong></span> <span class='ocrx_word' id='word_1_726' title='bbox 711 2377 742 2397; x_wconf 86' lang='lat' dir='ltr'><strong>ea</strong></span> <span class='ocrx_word' id='word_1_727' title='bbox 761 2369 863 2397; x_wconf 69' lang='lat' dir='ltr'><strong>Judteis</strong></span> <span class='ocrx_word' id='word_1_728' title='bbox 886 2369 920 2396; x_wconf 91' lang='lat' dir='ltr'>sit</span> <span class='ocrx_word' id='word_1_729' title='bbox 938 2377 1018 2396; x_wconf 70' lang='lat' dir='ltr'><strong>scau&lt;</strong></span> 
     </span>
    </p>
   </div>
   <div class='ocr_carea' id='block_1_95' title="bbox 238 2414 1016 2450">
    <p class='ocr_par' dir='ltr' id='par_1_95' title="bbox 238 2414 1016 2450">
     <span class='ocr_line' id='line_1_95' title="bbox 238 2414 1016 2450; baseline 0.001 -10"><span class='ocrx_word' id='word_1_730' title='bbox 238 2415 340 2448; x_wconf 82' lang='lat' dir='ltr'><strong>dalum,</strong></span> <span class='ocrx_word' id='word_1_731' title='bbox 353 2415 477 2449; x_wconf 76' lang='lat' dir='ltr'><strong>gentibus</strong></span> <span class='ocrx_word' id='word_1_732' title='bbox 495 2419 584 2442; x_wconf 85' lang='lat' dir='ltr'><strong>autem</strong></span> <span class='ocrx_word' id='word_1_733' title='bbox 597 2415 722 2449; x_wconf 87' lang='lat' dir='ltr'><strong>stultitia,</strong></span> <span class='ocrx_word' id='word_1_734' title='bbox 738 2420 766 2443; x_wconf 89' lang='lat' dir='ltr'><strong>ut</strong></span> <span class='ocrx_word' id='word_1_735' title='bbox 782 2414 1016 2450; x_wconf 78' lang='lat' dir='ltr'><strong>dixitApostolus.</strong></span> 
     </span>
    </p>
   </div>
   <div class='ocr_carea' id='block_1_96' title="bbox 237 2459 1017 2496">
    <p class='ocr_par' dir='ltr' id='par_1_96' title="bbox 237 2459 1017 2496">
     <span class='ocr_line' id='line_1_96' title="bbox 237 2459 1017 2496; baseline 0 -9"><span class='ocrx_word' id='word_1_736' title='bbox 237 2459 336 2488; x_wconf 86' lang='lat' dir='ltr'><strong>Verum</strong></span> <span class='ocrx_word' id='word_1_737' title='bbox 355 2461 582 2496; x_wconf 85' lang='lat' dir='ltr'><strong>quemadmodum</strong></span> <span class='ocrx_word' id='word_1_738' title='bbox 602 2470 668 2490; x_wconf 83' lang='lat' dir='ltr'><strong>crux</strong></span> <span class='ocrx_word' id='word_1_739' title='bbox 686 2464 757 2490; x_wconf 85' lang='lat' dir='ltr'><strong>mala</strong></span> <span class='ocrx_word' id='word_1_740' title='bbox 780 2470 834 2490; x_wconf 92' lang='lat' dir='ltr'><strong>non</strong></span> <span class='ocrx_word' id='word_1_741' title='bbox 857 2466 915 2492; x_wconf 83' lang='lat' dir='ltr'><strong>est,</strong></span> <span class='ocrx_word' id='word_1_742' title='bbox 939 2463 1017 2488; x_wconf 80' lang='lat' dir='ltr'><strong>nobis</strong></span> 
     </span>
    </p>
   </div>
   <div class='ocr_carea' id='block_1_97' title="bbox 237 2500 1020 2535">
    <p class='ocr_par' dir='ltr' id='par_1_97' title="bbox 237 2500 1020 2535">
     <span class='ocr_line' id='line_1_97' title="bbox 237 2500 1020 2535; baseline 0.001 -8"><span class='ocrx_word' id='word_1_743' title='bbox 237 2501 306 2527; x_wconf 83' lang='lat' dir='ltr'><strong>enim</strong></span> <span class='ocrx_word' id='word_1_744' title='bbox 321 2501 368 2535; x_wconf 91' lang='lat' dir='ltr'>qui</span> <span class='ocrx_word' id='word_1_745' title='bbox 381 2501 528 2533; x_wconf 85' lang='lat' dir='ltr'><strong>credimus,</strong></span> <span class='ocrx_word' id='word_1_746' title='bbox 544 2510 554 2526; x_wconf 76' lang='grc' dir='ltr'>ι</span> <span class='ocrx_word' id='word_1_747' title='bbox 573 2500 700 2529; x_wconf 84' lang='lat' dir='ltr'><strong>Christus</strong></span> <span class='ocrx_word' id='word_1_748' title='bbox 716 2507 756 2529; x_wconf 84' lang='lat' dir='ltr'><strong>est</strong></span> <span class='ocrx_word' id='word_1_749' title='bbox 769 2501 815 2527; x_wconf 73' lang='lat' dir='ltr'>Dei</span> <span class='ocrx_word' id='word_1_750' title='bbox 830 2501 917 2528; x_wconf 87' lang='lat' dir='ltr'><strong>virtus</strong></span> <span class='ocrx_word' id='word_1_751' title='bbox 930 2505 956 2528; x_wconf 89' lang='lat' dir='ltr'><strong>et</strong></span> <span class='ocrx_word' id='word_1_752' title='bbox 974 2501 1020 2528; x_wconf 69' lang='lat' dir='ltr'>Dei</span> 
     </span>
    </p>
   </div>
   <div class='ocr_carea' id='block_1_98' title="bbox 236 2544 1020 2581">
    <p class='ocr_par' dir='ltr' id='par_1_98' title="bbox 236 2544 1020 2581">
     <span class='ocr_line' id='line_1_98' title="bbox 236 2544 1020 2581; baseline 0.001 -10"><span class='ocrx_word' id='word_1_753' title='bbox 236 2545 368 2578; x_wconf 86' lang='lat' dir='ltr'><strong>sapientia</strong></span> <span class='ocrx_word' id='word_1_754' title='bbox 383 2545 393 2560; x_wconf 84' lang='grc'>¹</span> <span class='ocrx_word' id='word_1_755' title='bbox 409 2565 417 2577; x_wconf 81' lang='grc'>,</span> <span class='ocrx_word' id='word_1_756' title='bbox 438 2555 447 2571; x_wconf 74' lang='grc' dir='ltr'>ι</span> <span class='ocrx_word' id='word_1_757' title='bbox 466 2545 573 2574; x_wconf 85' lang='lat' dir='ltr'><strong>etiamsi</strong></span> <span class='ocrx_word' id='word_1_758' title='bbox 587 2544 671 2573; x_wconf 64' lang='lat' dir='ltr'><strong>Judaei</strong></span> <span class='ocrx_word' id='word_1_759' title='bbox 686 2546 843 2578; x_wconf 86' lang='lat' dir='ltr'><strong>insaniant;</strong></span> <span class='ocrx_word' id='word_1_760' title='bbox 860 2546 894 2572; x_wconf 82' lang='lat' dir='ltr'><strong>ita</strong></span> <span class='ocrx_word' id='word_1_761' title='bbox 912 2554 1020 2581; x_wconf 82' lang='lat' dir='ltr'><strong>quoque</strong></span> 
     </span>
    </p>
   </div>
   <div class='ocr_carea' id='block_1_99' title="bbox 236 2589 1021 2626">
    <p class='ocr_par' dir='ltr' id='par_1_99' title="bbox 236 2589 1021 2626">
     <span class='ocr_line' id='line_1_99' title="bbox 236 2589 1021 2626; baseline 0.004 -10"><span class='ocrx_word' id='word_1_762' title='bbox 236 2589 347 2617; x_wconf 79' lang='lat' dir='ltr'><strong>Patrum</strong></span> <span class='ocrx_word' id='word_1_763' title='bbox 362 2591 443 2618; x_wconf 80' lang='lat' dir='ltr'><strong>verba</strong></span> <span class='ocrx_word' id='word_1_764' title='bbox 458 2599 510 2618; x_wconf 92' lang='lat' dir='ltr'><strong>non</strong></span> <span class='ocrx_word' id='word_1_765' title='bbox 526 2599 664 2626; x_wconf 84' lang='lat' dir='ltr'><strong>perversa,</strong></span> <span class='ocrx_word' id='word_1_766' title='bbox 688 2592 734 2618; x_wconf 90' lang='lat' dir='ltr'><strong>sed</strong></span> <span class='ocrx_word' id='word_1_767' title='bbox 751 2590 827 2618; x_wconf 84' lang='lat' dir='ltr'><strong>utliia</strong></span> <span class='ocrx_word' id='word_1_768' title='bbox 844 2596 906 2621; x_wconf 84' lang='lat' dir='ltr'><strong>sunt</strong></span> <span class='ocrx_word' id='word_1_769' title='bbox 922 2592 955 2619; x_wconf 79' lang='lat' dir='ltr'>iis</span> <span class='ocrx_word' id='word_1_770' title='bbox 974 2592 1021 2626; x_wconf 82' lang='lat' dir='ltr'><strong>qui</strong></span> 
     </span>
    </p>
   </div>
   <div class='ocr_carea' id='block_1_100' title="bbox 236 2636 1021 2671">
    <p class='ocr_par' dir='ltr' id='par_1_100' title="bbox 236 2636 1021 2671">
     <span class='ocr_line' id='line_1_100' title="bbox 236 2636 1021 2671; baseline 0.004 -10"><span class='ocrx_word' id='word_1_771' title='bbox 236 2642 315 2669; x_wconf 57' lang='lat' dir='ltr'><strong>sequo</strong></span> <span class='ocrx_word' id='word_1_772' title='bbox 329 2636 420 2663; x_wconf 86' lang='lat' dir='ltr'><strong>animo</strong></span> <span class='ocrx_word' id='word_1_773' title='bbox 437 2643 468 2664; x_wconf 83' lang='lat' dir='ltr'><strong>ea</strong></span> <span class='ocrx_word' id='word_1_774' title='bbox 493 2636 606 2671; x_wconf 77' lang='lat' dir='ltr'><strong>legunt,</strong></span> <span class='ocrx_word' id='word_1_775' title='bbox 636 2638 748 2670; x_wconf 86' lang='lat' dir='ltr'><strong>ipsaque</strong></span> <span class='ocrx_word' id='word_1_776' title='bbox 775 2643 883 2662; x_wconf 86' lang='lat' dir='ltr'><strong>omnem</strong></span> <span class='ocrx_word' id='word_1_777' title='bbox 908 2636 1021 2664; x_wconf 69' lang='lat' dir='ltr'><strong>omnino</strong></span> 
     </span>
    </p>
   </div>
   <div class='ocr_carea' id='block_1_101' title="bbox 236 2679 1020 2716">
    <p class='ocr_par' dir='ltr' id='par_1_101' title="bbox 236 2679 1020 2716">
     <span class='ocr_line' id='line_1_101' title="bbox 236 2679 1020 2716; baseline 0.001 -9"><span class='ocrx_word' id='word_1_778' title='bbox 236 2679 378 2707; x_wconf 83' lang='lat' dir='ltr'><strong>destruunt</strong></span> <span class='ocrx_word' id='word_1_779' title='bbox 403 2681 585 2716; x_wconf 85' lang='lat' dir='ltr'><strong>impietatem:</strong></span> <span class='ocrx_word' id='word_1_780' title='bbox 612 2680 738 2715; x_wconf 74' lang='lat' dir='ltr'><strong>quamvis</strong></span> <span class='ocrx_word' id='word_1_781' title='bbox 763 2679 856 2707; x_wconf 79' lang='lat' dir='ltr'><strong>Ariani</strong></span> <span class='ocrx_word' id='word_1_782' title='bbox 883 2681 1020 2708; x_wconf 84' lang='lat' dir='ltr'><strong>multoties</strong></span> 
     </span>
    </p>
   </div>
   <div class='ocr_carea' id='block_1_102' title="bbox 236 2724 1018 2760">
    <p class='ocr_par' dir='ltr' id='par_1_102' title="bbox 236 2724 1018 2760">
     <span class='ocr_line' id='line_1_102' title="bbox 236 2724 1018 2760; baseline 0.001 -9"><span class='ocrx_word' id='word_1_783' title='bbox 236 2725 451 2760; x_wconf 87' lang='lat' dir='ltr'><strong>disrumpantur,</strong></span> <span class='ocrx_word' id='word_1_784' title='bbox 469 2725 542 2760; x_wconf 91' lang='lat' dir='ltr'><strong>quod</strong></span> <span class='ocrx_word' id='word_1_785' title='bbox 555 2733 614 2753; x_wconf 87' lang='lat' dir='ltr'><strong>sese</strong></span> <span class='ocrx_word' id='word_1_786' title='bbox 625 2725 659 2752; x_wconf 92' lang='lat' dir='ltr'><strong>ab</strong></span> <span class='ocrx_word' id='word_1_787' title='bbox 672 2724 724 2752; x_wconf 91' lang='lat' dir='ltr'><strong>illis</strong></span> <span class='ocrx_word' id='word_1_788' title='bbox 741 2725 885 2752; x_wconf 85' lang='lat' dir='ltr'><strong>damnatos</strong></span> <span class='ocrx_word' id='word_1_789' title='bbox 899 2725 1018 2753; x_wconf 87' lang='lat' dir='ltr'><strong>videant.</strong></span> 
     </span>
    </p>
   </div>
   <div class='ocr_carea' id='block_1_103' title="bbox 235 2769 1020 2806">
    <p class='ocr_par' dir='ltr' id='par_1_103' title="bbox 235 2769 1020 2806">
     <span class='ocr_line' id='line_1_103' title="bbox 235 2769 1020 2806; baseline 0.001 -9"><span class='ocrx_word' id='word_1_790' title='bbox 235 2769 455 2799; x_wconf 81' lang='lat' dir='ltr'><strong>Demonstratqu</strong></span> <span class='ocrx_word' id='word_1_791' title='bbox 475 2772 568 2805; x_wconf 86' lang='lat' dir='ltr'><strong>itaque</strong></span> <span class='ocrx_word' id='word_1_792' title='bbox 580 2775 623 2798; x_wconf 89' lang='lat' dir='ltr'><strong>est</strong></span> <span class='ocrx_word' id='word_1_793' title='bbox 640 2770 714 2798; x_wconf 86' lang='lat' dir='ltr'><strong>illam</strong></span> <span class='ocrx_word' id='word_1_794' title='bbox 739 2771 859 2798; x_wconf 84' lang='lat' dir='ltr'><strong>scaudali</strong></span> <span class='ocrx_word' id='word_1_795' title='bbox 876 2779 958 2806; x_wconf 86' lang='lat' dir='ltr'><strong>quam</strong></span> <span class='ocrx_word' id='word_1_796' title='bbox 980 2770 1020 2798; x_wconf 82' lang='lat' dir='ltr'><strong>af-</strong></span> 
     </span>
    </p>
   </div>
   <div class='ocr_carea' id='block_1_104' title="bbox 275 2847 769 2881">
    <p class='ocr_par' dir='ltr' id='par_1_104' title="bbox 275 2847 769 2881">
     <span class='ocr_line' id='line_1_104' title="bbox 275 2847 769 2881; baseline 0 -5"><span class='ocrx_word' id='word_1_797' title='bbox 275 2850 284 2866; x_wconf 75' lang='grc'>⁸</span> <span class='ocrx_word' id='word_1_798' title='bbox 303 2849 398 2876; x_wconf 77' lang='lat' dir='ltr'><strong>Matth.</strong></span> <span class='ocrx_word' id='word_1_799' title='bbox 414 2855 458 2881; x_wconf 77' lang='lat' dir='ltr'>xv,</span> <span class='ocrx_word' id='word_1_800' title='bbox 476 2847 520 2874; x_wconf 76' lang='grc'>15.</span> <span class='ocrx_word' id='word_1_801' title='bbox 559 2849 568 2864; x_wconf 93' lang='grc'>¹</span> <span class='ocrx_word' id='word_1_802' title='bbox 586 2847 594 2874; x_wconf 91' lang='lat' dir='ltr'><strong>l</strong></span> <span class='ocrx_word' id='word_1_803' title='bbox 609 2849 671 2877; x_wconf 85' lang='lat' dir='ltr'>Cor.</span> <span class='ocrx_word' id='word_1_804' title='bbox 690 2858 708 2881; x_wconf 79' lang='grc' dir='ltr'>ι,</span> <span class='ocrx_word' id='word_1_805' title='bbox 723 2849 769 2876; x_wconf 71' lang='grc'><strong>94.</strong></span> 
     </span>
    </p>
   </div>
   <div class='ocr_carea' id='block_1_105' title="bbox 1070 2275 1858 2313">
    <p class='ocr_par' dir='ltr' id='par_1_105' title="bbox 1070 2275 1858 2313">
     <span class='ocr_line' id='line_1_105' title="bbox 1070 2275 1858 2313; baseline 0.001 -11"><span class='ocrx_word' id='word_1_806' title='bbox 1070 2275 1117 2303; x_wconf 82' lang='grc' dir='ltr'>οὖν</span> <span class='ocrx_word' id='word_1_807' title='bbox 1133 2276 1272 2303; x_wconf 79' lang='grc' dir='ltr'>παύσασθε</span> <span class='ocrx_word' id='word_1_808' title='bbox 1294 2276 1473 2310; x_wconf 73' lang='grc' dir='ltr'>γογγύζοντες</span> <span class='ocrx_word' id='word_1_809' title='bbox 1495 2277 1565 2304; x_wconf 76' lang='grc' dir='ltr'>κατὰ</span> <span class='ocrx_word' id='word_1_810' title='bbox 1587 2277 1641 2303; x_wconf 84' lang='grc' dir='ltr'>τῶν</span> <span class='ocrx_word' id='word_1_811' title='bbox 1654 2277 1796 2313; x_wconf 82' lang='grc' dir='ltr'>Πατέρων,</span> <span class='ocrx_word' id='word_1_812' title='bbox 1814 2279 1858 2305; x_wconf 78' lang='grc' dir='ltr'>καὶ</span> 
     </span>
    </p>
   </div>
   <div class='ocr_carea' id='block_1_106' title="bbox 1069 2321 1858 2359">
    <p class='ocr_par' dir='ltr' id='par_1_106' title="bbox 1069 2321 1858 2359">
     <span class='ocr_line' id='line_1_106' title="bbox 1069 2321 1858 2359; baseline 0.003 -11"><span class='ocrx_word' id='word_1_813' title='bbox 1069 2322 1180 2348; x_wconf 82' lang='grc' dir='ltr'>τοιαῦτα</span> <span class='ocrx_word' id='word_1_814' title='bbox 1193 2321 1424 2358; x_wconf 69' lang='grc' dir='ltr'>προφασιζόμενοι</span> <span class='ocrx_word' id='word_1_815' title='bbox 1437 2331 1443 2338; x_wconf 65' lang='grc' dir='ltr'><strong>ε</strong></span> <span class='ocrx_word' id='word_1_816' title='bbox 1462 2324 1521 2350; x_wconf 81' lang='grc' dir='ltr'>ἐπεὶ</span> <span class='ocrx_word' id='word_1_817' title='bbox 1539 2323 1598 2358; x_wconf 86' lang='grc' dir='ltr'>ὥρα</span> <span class='ocrx_word' id='word_1_818' title='bbox 1619 2323 1689 2358; x_wconf 79' lang='grc' dir='ltr'>ὑμᾶς</span> <span class='ocrx_word' id='word_1_819' title='bbox 1710 2325 1858 2359; x_wconf 76' lang='grc' dir='ltr'>καταμέμ-</span> 
     </span>
    </p>
   </div>
   <div class='ocr_carea' id='block_1_107' title="bbox 1069 2368 1858 2404">
    <p class='ocr_par' dir='ltr' id='par_1_107' title="bbox 1069 2368 1858 2404">
     <span class='ocr_line' id='line_1_107' title="bbox 1069 2368 1858 2404; baseline 0.001 -10"><span class='ocrx_word' id='word_1_820' title='bbox 1069 2368 1166 2402; x_wconf 82' lang='grc' dir='ltr'>φεσθαι</span> <span class='ocrx_word' id='word_1_821' title='bbox 1186 2369 1233 2395; x_wconf 78' lang='grc' dir='ltr'>καὶ</span> <span class='ocrx_word' id='word_1_822' title='bbox 1251 2369 1290 2404; x_wconf 84' lang='grc' dir='ltr'>τῷ</span> <span class='ocrx_word' id='word_1_823' title='bbox 1302 2369 1426 2404; x_wconf 78' lang='grc' dir='ltr'>κυριακῷ</span> <span class='ocrx_word' id='word_1_824' title='bbox 1437 2369 1544 2404; x_wconf 79' lang='grc' dir='ltr'>σταυρῷ</span> <span class='ocrx_word' id='word_1_825' title='bbox 1561 2387 1568 2399; x_wconf 81' lang='lat'>.</span> <span class='ocrx_word' id='word_1_826' title='bbox 1646 2370 1687 2396; x_wconf 80' lang='grc' dir='ltr'>ὅτι</span> <span class='ocrx_word' id='word_1_827' title='bbox 1718 2369 1858 2401; x_wconf 70' lang='grc' dir='ltr'>Ἰουδαίοις</span> 
     </span>
    </p>
   </div>
   <div class='ocr_carea' id='block_1_108' title="bbox 1071 2412 1858 2450">
    <p class='ocr_par' dir='ltr' id='par_1_108' title="bbox 1071 2412 1858 2450">
     <span class='ocr_line' id='line_1_108' title="bbox 1071 2412 1858 2450; baseline 0.003 -10"><span class='ocrx_word' id='word_1_828' title='bbox 1071 2414 1120 2449; x_wconf 80' lang='grc' dir='ltr'>μὲν</span> <span class='ocrx_word' id='word_1_829' title='bbox 1134 2414 1281 2441; x_wconf 77' lang='grc' dir='ltr'>σκάνδαλον</span> <span class='ocrx_word' id='word_1_830' title='bbox 1298 2416 1388 2448; x_wconf 77' lang='grc' dir='ltr'>ἐστιν,</span> <span class='ocrx_word' id='word_1_831' title='bbox 1407 2414 1494 2442; x_wconf 75' lang='grc' dir='ltr'>ἔθνεσι</span> <span class='ocrx_word' id='word_1_832' title='bbox 1510 2415 1537 2441; x_wconf 86' lang='grc' dir='ltr'>δὲ</span> <span class='ocrx_word' id='word_1_833' title='bbox 1559 2415 1648 2450; x_wconf 82' lang='grc' dir='ltr'>μωρία</span> <span class='ocrx_word' id='word_1_834' title='bbox 1660 2434 1668 2447; x_wconf 87' lang='grc'><em>,</em></span> <span class='ocrx_word' id='word_1_835' title='bbox 1688 2415 1726 2446; x_wconf 85' lang='grc' dir='ltr'>ὡς</span> <span class='ocrx_word' id='word_1_836' title='bbox 1745 2412 1828 2442; x_wconf 78' lang='grc' dir='ltr'>εἶπεν</span> <span class='ocrx_word' id='word_1_837' title='bbox 1846 2417 1858 2442; x_wconf 82' lang='grc' dir='ltr'><strong>ὸ</strong></span> 
     </span>
    </p>
   </div>
   <div class='ocr_carea' id='block_1_109' title="bbox 1075 2460 1858 2496">
    <p class='ocr_par' dir='ltr' id='par_1_109' title="bbox 1075 2460 1858 2496">
     <span class='ocr_line' id='line_1_109' title="bbox 1075 2460 1858 2496; baseline 0.001 -10"><span class='ocrx_word' id='word_1_838' title='bbox 1075 2460 1241 2491; x_wconf 78' lang='grc' dir='ltr'>Ἀπόστολος.</span> <span class='ocrx_word' id='word_1_839' title='bbox 1267 2461 1335 2487; x_wconf 78' lang='grc' dir='ltr'>Ἀλλ’</span> <span class='ocrx_word' id='word_1_840' title='bbox 1347 2461 1440 2496; x_wconf 61' lang='grc' dir='ltr'>ὤσπρ</span> <span class='ocrx_word' id='word_1_841' title='bbox 1455 2461 1484 2487; x_wconf 85' lang='grc' dir='ltr'>οὺ</span> <span class='ocrx_word' id='word_1_842' title='bbox 1497 2460 1596 2494; x_wconf 82' lang='grc' dir='ltr'>φαῦλος</span> <span class='ocrx_word' id='word_1_843' title='bbox 1607 2462 1620 2487; x_wconf 84' lang='grc' dir='ltr'><strong><em>ὁ</em></strong></span> <span class='ocrx_word' id='word_1_844' title='bbox 1637 2461 1752 2492; x_wconf 74' lang='grc' dir='ltr'>σταυρὸς</span> <span class='ocrx_word' id='word_1_845' title='bbox 1764 2470 1771 2476; x_wconf 85' lang='grc'><strong>·</strong></span> <span class='ocrx_word' id='word_1_846' title='bbox 1791 2462 1858 2496; x_wconf 78' lang='grc' dir='ltr'>ἡμῖν</span> 
     </span>
    </p>
   </div>
   <div class='ocr_carea' id='block_1_110' title="bbox 1067 2500 1856 2538">
    <p class='ocr_par' dir='ltr' id='par_1_110' title="bbox 1067 2500 1856 2538">
     <span class='ocr_line' id='line_1_110' title="bbox 1067 2500 1856 2538; baseline 0.005 -12"><span class='ocrx_word' id='word_1_847' title='bbox 1067 2500 1121 2536; x_wconf 74' lang='grc' dir='ltr'>γὰρ</span> <span class='ocrx_word' id='word_1_848' title='bbox 1136 2501 1191 2531; x_wconf 78' lang='grc' dir='ltr'>τοῖς</span> <span class='ocrx_word' id='word_1_849' title='bbox 1212 2501 1382 2528; x_wconf 75' lang='grc' dir='ltr'>πιστεύουσίν</span> <span class='ocrx_word' id='word_1_850' title='bbox 1406 2503 1463 2528; x_wconf 75' lang='grc' dir='ltr'>ἐστι</span> <span class='ocrx_word' id='word_1_851' title='bbox 1481 2511 1489 2526; x_wconf 80' lang='grc' dir='ltr'>ι</span> <span class='ocrx_word' id='word_1_852' title='bbox 1508 2502 1624 2537; x_wconf 77' lang='grc' dir='ltr'>Χριστὸς</span> <span class='ocrx_word' id='word_1_853' title='bbox 1643 2502 1710 2530; x_wconf 83' lang='grc' dir='ltr'>Θεοῦ</span> <span class='ocrx_word' id='word_1_854' title='bbox 1729 2503 1856 2538; x_wconf 81' lang='grc' dir='ltr'>δύναμις,</span> 
     </span>
    </p>
   </div>
   <div class='ocr_carea' id='block_1_111' title="bbox 1067 2544 1856 2581">
    <p class='ocr_par' dir='ltr' id='par_1_111' title="bbox 1067 2544 1856 2581">
     <span class='ocr_line' id='line_1_111' title="bbox 1067 2544 1856 2581; baseline 0.005 -11"><span class='ocrx_word' id='word_1_855' title='bbox 1067 2545 1113 2571; x_wconf 76' lang='grc' dir='ltr'>καὶ</span> <span class='ocrx_word' id='word_1_856' title='bbox 1129 2544 1195 2571; x_wconf 83' lang='grc' dir='ltr'>Θεοῦ</span> <span class='ocrx_word' id='word_1_857' title='bbox 1209 2545 1299 2579; x_wconf 82' lang='grc' dir='ltr'>σοφία,</span> <span class='ocrx_word' id='word_1_858' title='bbox 1316 2555 1324 2571; x_wconf 78' lang='grc' dir='ltr'>ι</span> <span class='ocrx_word' id='word_1_859' title='bbox 1340 2545 1390 2572; x_wconf 83' lang='grc' dir='ltr'>κᾶν</span> <span class='ocrx_word' id='word_1_860' title='bbox 1409 2547 1528 2574; x_wconf 75' lang='grc' dir='ltr'>Ἰουδαῖοι</span> <span class='ocrx_word' id='word_1_861' title='bbox 1545 2547 1705 2581; x_wconf 78' lang='grc' dir='ltr'>μαίνωνται·</span> <span class='ocrx_word' id='word_1_862' title='bbox 1722 2548 1812 2580; x_wconf 73' lang='grc' dir='ltr'>οὕτως</span> <span class='ocrx_word' id='word_1_863' title='bbox 1828 2549 1856 2574; x_wconf 75' lang='grc' dir='ltr'>οὺ</span> 
     </span>
    </p>
   </div>
   <div class='ocr_carea' id='block_1_112' title="bbox 1067 2589 1857 2627">
    <p class='ocr_par' dir='ltr' id='par_1_112' title="bbox 1067 2589 1857 2627">
     <span class='ocr_line' id='line_1_112' title="bbox 1067 2589 1857 2627; baseline 0.005 -12"><span class='ocrx_word' id='word_1_864' title='bbox 1067 2589 1156 2623; x_wconf 68' lang='grc' dir='ltr'>φαῦλα</span> <span class='ocrx_word' id='word_1_865' title='bbox 1171 2590 1205 2616; x_wconf 74' lang='grc' dir='ltr'>τὰ</span> <span class='ocrx_word' id='word_1_866' title='bbox 1215 2590 1268 2616; x_wconf 88' lang='grc' dir='ltr'>τῶν</span> <span class='ocrx_word' id='word_1_867' title='bbox 1281 2590 1410 2626; x_wconf 80' lang='grc' dir='ltr'>Πατέρων</span> <span class='ocrx_word' id='word_1_868' title='bbox 1431 2592 1552 2626; x_wconf 77' lang='grc' dir='ltr'>ῥήματα,</span> <span class='ocrx_word' id='word_1_869' title='bbox 1570 2592 1628 2619; x_wconf 87' lang='grc' dir='ltr'>ἀλλ’</span> <span class='ocrx_word' id='word_1_870' title='bbox 1650 2592 1778 2627; x_wconf 72' lang='grc' dir='ltr'>ὠφέλιμα</span> <span class='ocrx_word' id='word_1_871' title='bbox 1803 2594 1857 2624; x_wconf 79' lang='grc' dir='ltr'>τοῖς</span> 
     </span>
    </p>
   </div>
   <div class='ocr_carea' id='block_1_113' title="bbox 1067 2635 1855 2674">
    <p class='ocr_par' dir='ltr' id='par_1_113' title="bbox 1067 2635 1855 2674">
     <span class='ocr_line' id='line_1_113' title="bbox 1067 2635 1855 2674; baseline 0.006 -14"><span class='ocrx_word' id='word_1_872' title='bbox 1067 2635 1184 2670; x_wconf 75' lang='grc' dir='ltr'>γνησίως</span> <span class='ocrx_word' id='word_1_873' title='bbox 1201 2636 1402 2670; x_wconf 77' lang='grc' dir='ltr'>ἐντυγχάνουσι,</span> <span class='ocrx_word' id='word_1_874' title='bbox 1430 2638 1478 2663; x_wconf 78' lang='grc' dir='ltr'>καὶ</span> <span class='ocrx_word' id='word_1_875' title='bbox 1502 2638 1661 2674; x_wconf 79' lang='grc' dir='ltr'>ἁναιρετιχὰ</span> <span class='ocrx_word' id='word_1_876' title='bbox 1685 2638 1777 2674; x_wconf 78' lang='grc' dir='ltr'>πάσης</span> <span class='ocrx_word' id='word_1_877' title='bbox 1799 2640 1855 2665; x_wconf 75' lang='grc' dir='ltr'>ἀσε-</span> 
     </span>
    </p>
   </div>
   <div class='ocr_carea' id='block_1_114' title="bbox 1067 2681 1855 2719">
    <p class='ocr_par' dir='ltr' id='par_1_114' title="bbox 1067 2681 1855 2719">
     <span class='ocr_line' id='line_1_114' title="bbox 1067 2681 1855 2719; baseline 0.008 -13"><span class='ocrx_word' id='word_1_878' title='bbox 1067 2681 1142 2712; x_wconf 74' lang='grc' dir='ltr'>ϐείας</span> <span class='ocrx_word' id='word_1_879' title='bbox 1156 2681 1223 2711; x_wconf 71' lang='grc' dir='ltr'>ἐστὶ.</span> <span class='ocrx_word' id='word_1_880' title='bbox 1239 2681 1288 2708; x_wconf 68' lang='grc' dir='ltr'>κᾶν</span> <span class='ocrx_word' id='word_1_881' title='bbox 1299 2682 1324 2708; x_wconf 90' lang='grc' dir='ltr'>οί</span> <span class='ocrx_word' id='word_1_882' title='bbox 1346 2682 1479 2718; x_wconf 79' lang='grc' dir='ltr'>Ἀρειανοὶ</span> <span class='ocrx_word' id='word_1_883' title='bbox 1501 2683 1631 2716; x_wconf 81' lang='grc' dir='ltr'>πολλάκις</span> <span class='ocrx_word' id='word_1_884' title='bbox 1649 2684 1855 2719; x_wconf 71' lang='grc' dir='ltr'>διαρρηγνύων-</span> 
     </span>
    </p>
   </div>
   <div class='ocr_carea' id='block_1_115' title="bbox 1067 2727 1855 2766">
    <p class='ocr_par' dir='ltr' id='par_1_115' title="bbox 1067 2727 1855 2766">
     <span class='ocr_line' id='line_1_115' title="bbox 1067 2727 1855 2766; baseline 0.005 -14"><span class='ocrx_word' id='word_1_885' title='bbox 1067 2735 1121 2757; x_wconf 82' lang='grc' dir='ltr'>ται,</span> <span class='ocrx_word' id='word_1_886' title='bbox 1137 2727 1361 2762; x_wconf 80' lang='grc' dir='ltr'>κατακρινόμενοι</span> <span class='ocrx_word' id='word_1_887' title='bbox 1379 2729 1443 2763; x_wconf 82' lang='grc' dir='ltr'>παρ’</span> <span class='ocrx_word' id='word_1_888' title='bbox 1456 2729 1555 2756; x_wconf 78' lang='grc' dir='ltr'>αὐτῶν,</span> <span class='ocrx_word' id='word_1_889' title='bbox 1572 2729 1636 2756; x_wconf 83' lang='grc' dir='ltr'>Ὅτε</span> <span class='ocrx_word' id='word_1_890' title='bbox 1651 2730 1741 2756; x_wconf 80' lang='grc' dir='ltr'>τοίνυν</span> <span class='ocrx_word' id='word_1_891' title='bbox 1761 2731 1779 2766; x_wconf 78' lang='grc' dir='ltr'>ἡ</span> <span class='ocrx_word' id='word_1_892' title='bbox 1795 2730 1855 2766; x_wconf 71' lang='grc' dir='ltr'>περὶ</span> 
     </span>
    </p>
   </div>
   <div class='ocr_carea' id='block_1_116' title="bbox 1067 2772 1854 2811">
    <p class='ocr_par' dir='ltr' id='par_1_116' title="bbox 1067 2772 1854 2811">
     <span class='ocr_line' id='line_1_116' title="bbox 1067 2772 1854 2811; baseline 0.003 -12"><span class='ocrx_word' id='word_1_893' title='bbox 1067 2773 1120 2799; x_wconf 84' lang='grc' dir='ltr'>τῶν</span> <span class='ocrx_word' id='word_1_894' title='bbox 1149 2772 1400 2808; x_wconf 73' lang='grc' dir='ltr'>σκανδαλιζομένων</span> <span class='ocrx_word' id='word_1_895' title='bbox 1432 2773 1564 2806; x_wconf 82' lang='grc' dir='ltr'>ἀπίθανος</span> <span class='ocrx_word' id='word_1_896' title='bbox 1587 2773 1724 2801; x_wconf 74' lang='grc' dir='ltr'>δέδεικται</span> <span class='ocrx_word' id='word_1_897' title='bbox 1752 2775 1854 2811; x_wconf 50' lang='grc' dir='ltr'>προςα-</span> 
     </span>
    </p>
   </div>
  </div>
