1902 3078
72 165 94 196 ιι
105 165 119 196 5
175 206 178 208 η
536 166 722 198 PANOPLIA
741 165 844 196 DOGid

892 165 972 196 'lCA.
993 176 1027 181 —
1044 163 1120 194 ἹῚΤ.
1142 165 1194 196 XI.
1626 164 1678 201 ‘66

73 231 114 266 ρὸν
201 229 231 256 τὸ
253 229 337 264 ονομα
350 249 357 261 ,
382 230 428 258 καὶ
449 229 581 265 πορισμὸν
609 223 783 266 ἡγησαμένου
799 230 844 266 τὴν

897 229 1024 264 sumpsit.
1044 235 1070 257 et
1081 229 1206 265 pietatem
1219 234 1339 264 quaestus
1360 229 1419 258 loco
1432 230 1536 258 habuit.
1553 230 1678 266 Quapro-

70 276 216 303 εὑσέὸειαν·
233 276 275 302 διὸ
292 275 350 303 οὐδὲ
368 275 502 311 μέμψαιτο
520 277 552 303 ἄν
567 285 608 308 τις
625 277 707 303 αὑτὸν
724 277 846 308 εἰκότως,

71 322 190 348 πταίοντα
201 323 264 357 περὶ
275 322 324 358 τὴν
336 321 436 353 πίστιν,
447 322 587 357 ἄνθρωπον
600 323 668 357 μήτε
682 322 769 350 εἰδότα
783 331 815 348 πε
819 323 847 358 ρ).

69 365 101 395 ὧν
114 368 193 402 λέγει,
211 369 282 404 μήτε
298 368 360 404 περὶ
376 365 412 395 ὧν
439 367 650 399 διαϐεϐαιοῦται,
678 367 745 395 ἀλλὰ
767 369 843 400 πᾶσι,

70 414 132 440 κατὰ
151 414 181 440 τὸ
198 413 400 449 γεγραμμένον,
429 413 466 444 ὡς
487 414 589 448 xix-90v
624 431 628 435 -
696 414 845 441 ἐπακολου-

71 459 158 486 θοῦντα
169 468 175 474 ⁸
195 459 321 491 ’Δκάκιος
334 459 362 486 δὲ
379 460 425 486 καὶ
441 459 565 492 Εὑδόξιος
576 478 584 489 .
603 459 649 486 καὶ
665 459 844 494 Πατρόφιλος,

69 505 145 532 ταῦτα
157 505 292 539 λέγοντες,
309 504 367 536 πῶς
381 505 430 531 οὐκ
444 504 513 538 ἄξιοι
525 505 614 540 πάσης
629 504 682 532 εισι
703 504 846 539 καταγνώ-

71 555 148 579 σεως;
164 547 317 583 Γράφοντες
407 546 460 582 γὰρ
479 546 590 582 ἄγραφα
610 546 657 572 καὶ
680 546 756 572 αὑτοὶ
768 567 775 578 ,
796 547 844 574 καὶ

69 592 256 627 ἀποδεξάμενοι
269 592 398 624 πολλάκις
407 593 445 625 ὡς
455 592 538 620 καλὸν
549 592 634 628 τὸτῆς
645 592 741 625 οὐσίας
748 592 842 629 ὄνομα,

57 634 60 639 ’
71 636 178 670 μάλιστα
195 636 242 662 καὶ
257 636 303 663 διὰ
316 637 365 672 τὴν
377 637 520 673 ἐπιστολὴν
534 637 664 664 Εὑσεὸίου
674 658 682 671 ,
701 638 841 665 αἰτιῶνται

70 681 109 706 νῦν
124 682 182 713 τοὺς
197 682 250 717 πρὸ
265 682 364 714 αὐτῶν,
384 683 421 714 ὡς
437 683 574 715 τοιαύταις
592 683 782 720 χρησαμένους
798 684 843 710 λέ-

70 728 142 758 ξετιν.
168 727 246 753 Ἀλλὰ
264 729 311 754 καὶ
327 727 448 760 εἰπόντες
469 728 546 754 αὐτοὶ
563 728 629 755 Θεὸν
644 729 678 755 ἐκ
698 728 781 760 Θεοῦ,
797 729 844 756 καὶ

70 773 144 806 Λόγον
160 773 259 805 ζῶντα,
290 773 340 808 τῆς
366 773 460 805 οὐσίας
487 774 533 808 τοῦ
560 775 668 810 Πατρὺς
691 775 846 810 ἀπαράλλα-

70 827 124 845 κτον
200 819 292 846 εἰκόνα
303 819 347 845 τὸν
358 819 430 852 Υἰὸν,
441 819 621 855 κατηγοροῦσι
632 820 686 847 τῶν
701 821 729 847 ὲν
743 820 845 856 Νικαία

70 865 188 890 εἰπόντων
207 884 215 896 ,
287 865 320 891 ὲκ
333 865 383 900 τῆς
393 865 495 897 οὐσίας,
507 866 553 892 καὶ
567 865 708 901 ὁμοούσιον
724 866 769 893 τὸν
784 875 844 901 γενκ

897 281 957 311 pter
971 283 1051 304 nemo
1064 283 1126 304 cum
1141 276 1203 310 jure
1213 276 1343 311 arguerit,
1361 276 1432 310 quod
1450 276 1521 303 circa
1545 278 1622 304 tidem
1641 279 1681 305 la—

898 322 987 353 batur,
1005 322 1152 353 hominem,
1165 321 1210 356 qui
1227 329 1314 356 neque
1327 322 1401 348 novit
1412 329 1473 356 quae
1489 322 1568 355 dicit,
1585 330 1635 350 nec
1647 323 1680 350 de

897 367 997 401 quibus
1025 366 1152 399 aiiirmat,
1170 366 1217 393 sed
1241 373 1347 398 omnes.
1377 366 1417 393 uti
1443 367 1573 401 scriptum
1589 371 1633 394 est
1654 368 1678 400 ',

897 413 981 441 veluti
995 413 1070 440 larus
1081 412 1243 447 inSt-quitur.
1261 411 1329 439 Cum
1342 416 1432 439 autem
1444 412 1571 446 Aeacius,
1587 411 1680 439 Eudo-

897 459 960 487 xius
972 464 999 486 et
1013 458 1186 493 Patrophilus
1203 458 1259 485 haec
1271 458 1372 491 dicant,
1390 458 1527 493 quomodo
1541 465 1595 485 non
1606 457 1679 485 omni

896 504 1070 532 damnatione
1086 504 1161 539 digni
1176 504 1258 532 sunt?
1271 503 1350 536 Nam,
1365 511 1426 531 eum
1449 503 1500 539 ipsi
1525 511 1635 539 quoque
1646 511 1678 531 ea

892 545 1050 578 scripserim
1067 553 1127 578 qua:
1139 545 1165 571 in
1180 545 1329 579 Scripturis
1342 554 1394 572 non
1408 547 1552 580 habentur,
1568 553 1594 574 et
1605 555 1676 582 satpc

891 589 1050 616 substantiae
1067 597 1165 616 nomen
1182 594 1210 616 ut
1226 597 1334 623 sanum,
1352 591 1469 618 maxime
1487 596 1597 627 propter
1621 591 1676 620 Eu-

891 634 959 663 sebii
972 635 1127 670 epistolam,
1144 635 1306 669 receperint,
1319 635 1436 670 majores
1447 644 1512 664 suos
1535 644 1608 665 nunc
1620 638 1675 664 cri-

892 680 1041 713 minantur,
1069 681 1142 716 quod
1162 680 1317 715 hujusmodi
1350 681 1405 708 sint
1432 681 1474 708 usi
1489 682 1588 710 verbis.
1618 682 1674 711 lmo

892 733 954 754 cum
964 726 1014 761 ipsi
1028 734 1137 761 quoque
1153 725 1377 753 dixerintFilinm
1390 735 1451 754 esse
1465 727 1550 755 Deum
1561 736 1597 756 ex
1609 728 1674 760 Deo,

891 779 924 799 ac
941 770 1056 799 Verbum
1072 772 1175 803 vivens,
1190 771 1349 799 substantia:
1365 771 1453 800 Patris
1469 773 1613 809 imaginem
1626 782 1675 809 per

892 817 983 845 omnia
994 817 1121 851 similem,
1135 817 1191 852 jam
1219 817 1343 846 Niczenos
1359 817 1454 846 Patres
1482 819 1673 851 criminantur,

891 862 963 897 quod
977 863 1108 896 dixerint,
1123 872 1156 891 ex
1182 864 1348 897 substantia,
1367 873 1397 892 ac
1414 864 1673 893 consubstantialem

70 909 172 944 νηθὲντα
183 910 222 945 τῷ
236 911 423 945 γεγεννηκότι.
437 911 468 937 Τί
479 911 507 937 δὲ
523 911 676 946 θαυμαστὸν
689 912 714 939 ει
725 913 780 943 τοῖς
791 911 844 948 πρὸ

892 915 951 935 esse
964 907 1078 942 genitori
1091 909 1221 944 genitum.
1243 908 1314 942 Quid
1339 909 1437 936 mirum
1456 913 1545 936 autem
1567 910 1589 937 si
1611 918 1673 938 cum

71 955 150 981 αὐτῶν
166 956 211 982 καὶ
228 958 285 988 τοῖς
301 957 377 988 ἰδίοις
394 958 511 993 πατράσι
525 958 719 994 διαμάχονται,
732 958 798 984 ὅπου
813 966 844 992 γε

71 1002 110 1027 καὶ
123 1002 194 1029 αὐτοὶ
206 1003 315 1034 ἑαυτοῖς
330 1003 601 1038 ὲναντιούμενοι,τοῖς
616 1003 719 1031 ἑαυτῶν
733 1002 846 1038 προσκό-

73 1055 186 1079 τπουσινς
206 1047 360 1082 Ἐκῢέμενοι
384 1047 438 1083 γὰρ
451 1049 478 1075 ὲν
494 1050 548 1080 τοῖς
561 1048 714 1084 λεγομένοις
738 1048 845 1081 Ἐγκαι-

72 1091 128 1122 vim:
139 1093 166 1118 ἐν
184 1092 333 1128 ’Δντιοχεία
348 1094 396 1127 τῆς
411 1093 503 1125 οὐσίας
521 1093 569 1120 τοῦ
593 1093 698 1129 Πατρὸς
723 1092 846 1128 ἀπαράλ-

73 1135 157 1163 λακτον
173 1138 262 1164 εἰκόνα
279 1137 348 1165 εἶναι
364 1139 409 1165 τὸν
422 1139 492 1171 Υἰὸν,
502 1139 649 1175 ὀμόσαντές
663 1148 692 1167 τε
776 1138 846 1165 οὕτω

74 1184 177 1217 φρονεῖν,
187 1185 233 1210 καὶ
245 1184 491 1219 ἁναῦεματίσαντες
504 1185 566 1216 τοὺς
576 1185 661 1216 ἄλλως
672 1184 844 1220 φρονοῦντας,

73 1227 131 1254 ἀλλὰ
145 1228 196 1264 γὰρ
213 1228 259 1254 καὶ
275 1230 305 1255 ἐν
319 1230 351 1264 τῇ
375 1230 496 1265 Ἰσαυρία
509 1229 661 1265 γράψαντες
673 1238 679 1244 ·
696 1230 733 1256 Οὐ
749 1229 846 1264 φεύγο-

75 1281 116 1306 μεν
127 1273 172 1308 τὴν
184 1274 339 1300 ἐκτεθεῖσαν
351 1274 511 1310 αὺθεντιχὴν
523 1275 611 1301 πίστιν
624 1276 652 1302 ὲν
664 1276 719 1306 τοῖς
739 1275 833 1309 Ἐγκαι

75 1319 130 1350 νῐοις
139 1321 189 1351 τοῖς
203 1320 273 1347 κατὰ
289 1320 454 1356 Ἀντιόχειαν
473 1322 517 1354 (ὲν
527 1321 617 1352 αὐτοῖς
631 1321 658 1347 δὲ
740 1321 846 1356 ἐγράφη

73 1364 98 1389 τὸ
109 1367 154 1400 τῆς
167 1366 256 1398 οὐσίας
273 1358 390 1401 ὄνομα),
409 1365 501 1402 ὥσπερ
522 1366 712 1402 ἐπιλαθόμενοι
733 1365 845 1398 τούτων,

76 1411 125 1443 μετ¹
141 1411 225 1445 ὀλίγον
242 1413 275 1438 ὲν
289 1413 322 1448 τῇ
344 1413 412 1447 αὐτῇ
432 1412 552 1448 Ὶσαυρίᾳ
565 1412 692 1440 τάναντία
713 1411 844 1447 ἔγραψαν,

75 1455 192 1490 λέγοντες·
204 1458 239 1484 Τὸ
251 1457 394 1492 ὁμοούσιον
408 1458 454 1484 καὶ
464 1458 493 1484 τὸ
506 1458 671 1493 ὁμοιοούσιον
748 1457 845 1484 ἐκϐάλ-

75 1501 154 1536 λομεν,
169 1503 205 1534 ὼς
216 1503 356 1538 ἀλλότριον
366 1503 419 1530 τῶν
433 1503 545 1539 Γραφῶν
555 1512 561 1518 ⁸
582 1503 629 1530 καὶ
642 1504 672 1530 τὸ
688 1503 736 1538 τῆς
753 1503 846 1535 οὐσίας

75 1546 146 1582 ὄνομα
169 1547 364 1584 περιαιροῦμεν
377 1568 385 1581 ,
410 1548 447 1580 ὡς
465 1549 502 1584 μὴ
518 1549 641 1584 κείμενον
655 1549 683 1576 ὲν
706 1550 764 1582 ταῖς
777 1549 796 1575 Γ
800 1558 846 1584 ρας

76 1593 136 1624 ταῖς.

77 1688 154 1713 σεταις
170 1683 204 1708 Ἢ
220 1683 284 1709 ποία
300 1684 391 1715 πίστις
405 1685 478 1720 παρὰ
493 1685 607 1717 τούτοις,
625 1686 689 1721 παρ’
702 1682 742 1717 οἷς
757 1685 786 1712 οὐ
800 1684 844 1711 λό-

75 1733 124 1759 γος,
137 1728 165 1754 οὐ
181 1729 300 1764 γράμμα
324 1729 441 1764 βέϐαιον,
464 1729 531 1757 ἀλλὰ
555 1731 643 1758 πάντα
663 1731 732 1758 κατὰ
752 1731 845 1766 καιρὸν

76 1771 220 1800 ἀλλάσσεται
234 1774 282 1801 καὶ
299 1775 494 1809 μεταϐάλλεται
519 1783 528 1807 ;
603 1776 706 1811 Είγὰρ,
723 1773 746 1802 ὦ
767 1776 846 1802 Ἀκά-

76 1822 110 1840 xz:
121 1816 162 1842 καὶ
184 1817 301 1850 Εὐδόξιε,
320 1819 350 1845 οὑ
365 1819 479 1853 φεύγετε
499 1820 547 1855 τὴν
567 1820 720 1847 ἐκτεοείσαν
740 1821 768 1847 ὲν
790 1822 846 1852 τοῖς

81 1860 226 1894 Ἐγχαινὶοις
246 1864 349 1895 πίστιν,
372 1865 401 1890 ἐν
417 1865 485 1901 αὐτῇ
501 1865 529 1891 δὲ
555 1865 718 1901 γέγραπται,
747 1867 846 1899 Οὐσίας

76 1904 266 1941 ἀπαράλλακτος
291 1908 372 1935 εἰκὼν
387 1910 400 1935 ὁ
420 1909 500 1942 Υἱός·
523 1910 581 1942 πῶς
607 1912 636 1938 ὲν
659 1912 692 1946 τῇ
726 1912 846 1948 Ἰσαυρίᾳ

76 1951 188 1985 γράφετε,
209 1954 390 1989 Ἐκόάλλομεν
401 1955 433 1981 τὸ
446 1955 588 1990 ὁμοούσιον
606 1966 613 1990 ;
684 1957 716 1983 Et
733 1957 786 1992 γὰρ
796 1957 846 1984 οὐκ

76 1994 124 2022 ἐπι
139 1999 192 2024 κατ’
207 1999 301 2026 οὐσίαν
315 2000 406 2035 ὅμοιος
416 2001 430 2026 6
444 2001 508 2032 Υἱὸς
517 2000 556 2036 τῷ
572 2001 669 2037 Πατρὶ,
686 2001 743 2033 πῶς
757 2003 843 2038 ἀπαρ-

75 2039 189 2075 άλλακτος
202 2045 251 2080 τῆς
263 2046 358 2078 οὐσίας
378 2046 458 2073 εἰκών
471 2048 545 2074 ἐστιν
558 2056 566 2077 ι
590 2048 621 2075 Εἰ
639 2048 667 2074 δὲ
684 2048 844 2083 μετέγνωτε,

75 2089 211 2122 γράψαντες
223 2092 266 2124 τὸ,
281 2093 330 2127 τῆς
346 2092 439 2124 οὐσίας
454 2093 661 2128 ἀπαράλλακτος
677 2093 770 2122 εἰκών·
787 2094 845 2126 πῶς

75 2131 268 2169 ὰνιθεματίζετε
281 2138 344 2169 τοὺς
360 2138 485 2172 ἀνόμοιον
498 2136 566 2165 εἶναι
584 2138 710 2173 λέγοντας
799 2139 845 2168 τὸν

77 2175 143 2210 Υῐόνς
160 2179 188 2205 Et
210 2181 264 2216 γὰρ
286 2181 334 2216 οὐχ
351 2182 442 2216 ὅμοιος
458 2183 517 2209 κατ’
538 2183 648 2216 οὐσίαν,
669 2184 776 2216 πάντως
798 2185 845 2212 ἀν-

75 2218 153 2254 όμοιός
165 2224 230 2252 ἐστι.
248 2225 284 2251 Τὸ
296 2225 323 2251 δὲ
340 2225 464 2261 ἀνόμοιον
478 2227 527 2254 οὐκ
544 2228 576 2254 ἂν
600 2228 641 2263 εἴη
661 2229 751 2256 εἰκών.
769 2230 800 2257 Et
814 2229 844 2257 δὲ

75 2265 134 2293 οὕτω
143 2269 199 2296 καθ’
214 2271 286 2306 ὑμᾶς
302 2272 386 2303 ἐστιν,
399 2273 448 2298 οὐκ
463 2272 517 2309 ἄρα
537 2273 550 2298 ὁ
567 2273 612 2300 τὸν
635 2273 697 2300 Υἱὺν
717 2273 844 2310 ἑωρακὼς

75 2310 165 2345 ἑώρακε
178 2315 222 2341 τὸν
236 2315 356 2351 Πατέρα,
370 2316 497 2351 πλείστης
511 2317 576 2353 ὅσης
597 2316 678 2354 οὔσης
700 2318 840 2354 διαφορᾶς·

77 2358 162 2390 μᾶλλον
176 2361 202 2386 δὲ
218 2362 247 2388 τὸ
264 2362 322 2388 ὅλον
337 2362 411 2393 ὄντος
424 2363 518 2390 τούτου
538 2365 606 2400 πρὸς
621 2365 722 2391 ἐκεῖνον
796 2366 843 2392 ἀν-

75 2403 163 2435 ομοίου.
178 2405 212 2432 Τὸ
235 2407 262 2434 δὲ
280 2408 404 2443 ἀνόμοιον
419 2409 466 2444 οὐχ
479 2407 534 2436 οἶόν
555 2418 584 2436 τε
599 2411 690 2445 ὅμοιον
705 2410 841 2445 λέγεσθαι.

76 2447 133 2484 Ποία
141 2451 224 2478 τοίνυν
241 2455 348 2489 μηχανῇ
364 2454 393 2480 τὸ
403 2455 527 2490 ἀνόμοιον
537 2455 628 2490 ὅμοιον
639 2456 741 2489 λέγετε,
756 2457 802 2482 καὶ
813 2455 843 2483 τὸ

76 2491 153 2525 ὅμοιον
169 2495 290 2532 ἀνόμοιον
303 2500 441 2533 φρονεῖτε,
463 2499 510 2525 καὶ
529 2499 705 2534 ὑποκρίνεσθε
720 2499 842 2532 λέγοντες

77 2537 154 2565 εἰκόνα
165 2538 229 2568 εἶναι
243 2543 289 2569 τοῦ
305 2543 410 2579 [ἰατρὸς
431 2543 476 2570 τὸν
493 2544 572 2576 Υἱὸν;
590 2545 621 2570 Ei
640 2545 693 2579 γὰρ
714 2545 763 2571 οὐκ
785 2545 841 2571 ἔστι

77 2585 222 2613 κιτ¹οὺσίαν
235 2589 326 2623 ὅμοιος
343 2589 356 2614 ὁ
375 2589 436 2620 Υἱδς
446 2589 491 2616 τοῦ
508 2589 628 2625 Πατρὸς,
653 2590 739 2616 λείπει
759 2599 784 2616 τι
807 2592 840 2626 τῇ

77 2627 157 2663 εἰκόνι,
166 2633 209 2659 καὶ
216 2635 264 2661 οὐκ
276 2634 332 2661 ἔστι
349 2635 454 2670 πλήρης
470 2635 562 2666 εἰκὼν,
574 2635 633 2661 οὐδὲ
643 2635 741 2661 τέλειον
753 2636 842 2663 ἀπαύ-

76 2680 165 2710 γαῖμα.
184 2679 242 2712 Πῶς
253 2679 299 2707 οὖν
314 2679 512 2714 ἀναγινώσκετε
529 2681 568 2713 τὸ,
591 2691 600 2706 ι
626 2681 669 2707 Ἐν
687 2681 760 2717 αὑτῷ
774 2690 840 2708 κατ-

77 2722 134 2746 ῦικεῖ
147 2725 195 2750 πᾶν
211 2725 239 2752 τδ
263 2726 396 2762 πλήρωμα
413 2728 463 2761 τῆς
484 2728 608 2763 θεότητος
631 2729 808 2764 σωματικῶς·
828 2739 838 2755 ι

77 2766 124 2797 καὶ,
134 2777 142 2792 ι
153 2769 196 2796 ἐκ
206 2772 250 2798 τοῦ
266 2772 444 2808 πληρώματος
457 2773 538 2799 αὖτιῦ
549 2774 626 2808 ἡμεῖς
639 2774 738 2806 πάντες
747 2774 839 2802 ἐλάϐο-

114 2843 121 2857 ¹
136 2845 207 2874 l‘rov.
224 2856 269 2881 rn,
285 2849 328 2876 22.

159 1639 203 1670 Τίς
221 1637 269 1666 οὖν
288 1639 328 1665 ἔτι
341 1639 403 1671 τοὺς
419 1640 555 1672 τοιούτους
576 1641 753 1676 Χριστιανοὺς
776 1641 846 1676 ἡγή-
860 1611 881 1637 C

893 953 1054 988 majoribus,
1069 959 1096 981 et
1113 962 1173 982 cum
1192 955 1316 989 patribus
1332 955 1390 982 suis
1402 959 1542 990 pugnant,
1558 955 1603 982 ubi
1622 955 1672 990 ipsi

893 1008 984 1028 secum
1001 1005 1160 1028 concertant
1182 1001 1208 1028 in
1230 1008 1312 1035 seque
1329 1001 1402 1035 ipsos
1415 1001 1590 1036 impingunt?
1604 1001 1672 1028 Cum

891 1045 964 1072 enim
979 1045 1128 1072 Antiochize
1142 1044 1169 1071 in
1186 1045 1331 1087 Eucamiis,
1351 1049 1380 1071 ut
1401 1049 1515 1077 vocant,
1537 1046 1674 1073 declaras-

892 1096 952 1118 sent
969 1090 1067 1118 Filium
1082 1099 1142 1118 esse
1155 1091 1314 1118 substantize
1332 1090 1421 1118 Patris
1451 1091 1510 1118 sine
1525 1090 1578 1117 ulla
1593 1091 1674 1118 dissi-

893 1136 1045 1163 militudine
1058 1136 1215 1171 imaginem,
1237 1135 1430 1171 jurassentque
1445 1143 1474 1163 se
1498 1136 1535 1163 ita
1560 1136 1672 1168 sentire,

892 1189 925 1208 ac
942 1189 990 1209 eos
1006 1181 1052 1216 qui
1064 1182 1142 1208 aliter
1153 1181 1285 1208 sentirent
1296 1181 1468 1209 anathemate
1486 1182 1671 1213 damnassent,

893 1227 948 1253 imo
958 1227 983 1253 in
996 1227 1099 1254 Isauria
1117 1227 1310 1261 scripsissent:
1325 1225 1383 1253 Non
1403 1227 1674 1262 rrl'ugimusauthen-

892 1272 972 1299 ticam
990 1272 1068 1299 tidem
1100 1272 1126 1299 in
1150 1271 1284 1299 Encmniis
1308 1273 1459 1299 Antiochiae
1480 1273 1578 1300 editam
1604 1273 1674 1307 (illic

892 1322 981 1344 autem
991 1317 1149 1344 substantiae.
1159 1325 1256 1344 nomen
1265 1318 1395 1352 scriptum
1407 1317 1474 1352 est),
1485 1317 1566 1344 veluti
1578 1325 1672 1344 eorum

893 1362 1078 1395 immemores,
1093 1362 1173 1397 paulo
1183 1367 1244 1397 post
1257 1362 1283 1389 in
1293 1363 1350 1398 ipsa
1360 1362 1464 1390 Isauria
1479 1363 1512 1390 iis
1528 1362 1674 1389 adversan-

892 1407 927 1434 tia
938 1408 1135 1442 eonseripsere,
1149 1409 1262 1438 scilicet.
1289 1407 1431 1444 ὀμοούσιον
1453 1411 1479 1435 et
1497 1407 1672 1443 ὁμοιοοὺσιον,

893 1454 944 1481 hoc
955 1458 1007 1486 est,
1031 1454 1263 1482 consubstantiale
1289 1459 1316 1482 et
1341 1454 1493 1482 substantia
1510 1454 1608 1487 simile,
1628 1459 1673 1481 ut-

893 1503 955 1534 pote
969 1506 984 1526 a
1009 1499 1157 1534 Scripturis
1174 1500 1273 1533 aliena,
1300 1500 1448 1535 rrjieimus,
1473 1505 1498 1527 et
1514 1500 1673 1527 substantia!

892 1552 990 1572 nomen
1003 1544 1035 1572 de
1047 1545 1135 1573 medio
1149 1545 1267 1573 tollimus
1279 1566 1287 1579 ,
1299 1546 1398 1582 quippe
1407 1553 1468 1572 eum
1483 1545 1509 1572 in
1526 1544 1674 1581 Scripturis

893 1598 946 1618 non
960 1591 1111 1625 reperiatur

989 1636 1056 1670 Quis
1079 1636 1161 1672 igitur
1186 1636 1258 1664 \‘iros
1281 1636 1437 1672 huiusmodi
1462 1636 1575 1663 ulterius
1595 1635 1673 1664 Chri-

893 1683 996 1710 stianos
1013 1682 1195 1710 existimabit?
1218 1681 1271 1710 Aut
1290 1690 1350 1717 quae
1365 1682 1442 1714 tides,
1457 1682 1526 1717 apud
1540 1689 1609 1716 quos
1625 1689 1676 1709 nec

891 1729 987 1760 verba,
1002 1736 1052 1756 nec
1068 1729 1169 1763 scripta
1185 1728 1261 1756 firma
1283 1732 1358 1760 sunt,
1373 1729 1419 1755 sed
1435 1728 1525 1755 omnia
1542 1736 1590 1762 pro
1605 1733 1674 1755 tem-

892 1774 967 1808 poris
987 1774 1092 1801 ratione
1113 1777 1254 1800 mutantur
1265 1778 1290 1800 ct
1307 1773 1496 1800 invertnutur?
1512 1773 1539 1800 Si
1553 1772 1637 1804 enim,
1657 1780 1674 1799 ο

891 1818 971 1845 Aeaei
993 1824 1019 1845 et
1035 1818 1151 1850 Eudoxi,
1167 1826 1220 1845 non
1237 1817 1361 1853 refugitis
1375 1817 1524 1852 expositam
1541 1817 1568 1844 in
1579 1817 1674 1844 Eucte-

893 1864 946 1892 niis
960 1864 1050 1896 (idem,
1066 1864 1092 1891 in
1108 1872 1195 1899 eaque
1210 1864 1341 1898 scriptum
1360 1868 1412 1895 est,
1424 1863 1520 1890 Filium
1534 1871 1594 1891 esse
1606 1863 1672 1890 sub-

893 1911 999 1938 stantia:
1009 1910 1097 1938 Patris
1115 1910 1174 1938 sine
1201 1910 1381 1945 discrepantia
1402 1910 1546 1945 imaginem
1557 1929 1565 1942 ,
1581 1917 1629 1937 cur
1645 1908 1673 1937 in

892 1956 996 1984 Isauria
1009 1956 1139 1988 scribitis.
1159 1956 1298 1990 rejicimus
1324 1955 1486 1991 ὁμοούσιονῖ
1514 1954 1542 1982 Si
1556 1962 1674 1990 namque

893 2002 977 2029 Filius
991 2001 1141 2029 secundum
1154 2000 1334 2028 substantiam
1348 1999 1421 2028 Patri
1444 1999 1542 2028 similis
1553 2007 1606 2027 non
1623 2004 1673 2032 est,

891 2048 938 2081 qui
953 2046 1113 2074 substantia:
1128 2046 1216 2081 imago
1230 2045 1282 2072 erit
1301 2045 1360 2073 sine
1383 2044 1583 2080 discrepantia?
1596 2045 1673 2078 Quod

891 2091 913 2119 si
926 2099 974 2118 vos
985 2091 1112 2126 pmn‘tuit
1129 2091 1282 2125 scripsisse,
1295 2098 1356 2118 eum
1370 2098 1432 2117 esse
1445 2090 1504 2118 sine
1517 2090 1679 2124 discrepan:

892 2137 927 2165 tia
945 2137 1103 2164 substantiae
1117 2136 1275 2170 iumginem,
1287 2143 1335 2163 cur
1354 2136 1528 2163 anathemate
1539 2136 1675 2164 damnatis

891 2190 937 2210 eos
952 2182 998 2216 qui
1021 2182 1116 2209 dicunt
1141 2180 1239 2208 Filiqu
1264 2188 1325 2208 esse
1348 2179 1422 2208 Patri
1439 2180 1622 2208 dissimilem?
1645 2179 1674 2207 Si

891 2228 964 2254 enim
978 2227 1075 2254 similis
1089 2234 1142 2254 non
1157 2231 1199 2253 est
1216 2226 1365 2253 secundum
1381 2226 1561 2253 substantiam
1574 2246 1581 2259 ,
1595 2226 1674 2262 plane

891 2273 1032 2301 dissimilis
1045 2277 1095 2300 est.
1112 2272 1188 2306 Quod
1201 2278 1291 2300 autem
1307 2272 1440 2300 dissimile
1458 2277 1516 2305 est,
1534 2280 1674 2307 nunquam

891 2319 982 2353 imago
996 2317 1086 2345 fuerit.
1105 2318 1165 2349 Sin,
1182 2309 1229 2344 uti.
1246 2324 1295 2345 vos
1307 2317 1407 2351 dicitis,
1419 2317 1454 2344 ita
1472 2325 1501 2345 se
1512 2325 1557 2345 res
1581 2318 1673 2351 habet,

892 2372 985 2392 verum
1006 2372 1070 2401 ergo
1090 2371 1144 2391 non
1156 2369 1198 2391 est
1213 2363 1259 2398 qui
1285 2363 1353 2390 vidit
1364 2362 1481 2396 Filium,
1501 2363 1605 2392 Patrem
1632 2364 1675 2390 vi-

892 2410 976 2443 disse,
994 2417 1055 2437 cum
1072 2409 1155 2436 multa
1173 2410 1243 2437 inter
1261 2413 1407 2445 utrumque
1428 2411 1464 2437 sit
1479 2410 1672 2444 discrepantia,

893 2456 947 2483 imo
958 2456 1048 2491 potius
1065 2456 1109 2483 hie
1124 2456 1159 2483 sit
1173 2455 1211 2483 illi
1228 2456 1339 2483 omnino
1356 2455 1508 2483 dissimilis.
1525 2455 1602 2489 Quod
1624 2463 1674 2482 au-

892 2506 944 2528 tem
973 2501 1104 2528 dissimile
1132 2505 1185 2534 est,
1201 2500 1289 2538 simile
1306 2508 1445 2535 nunquam
1468 2500 1586 2528 dicatur.
1613 2499 1673 2533 Quo

893 2551 972 2581 pacto
986 2547 1066 2582 igitur
1082 2546 1213 2574 dissimile
1224 2546 1314 2574 dicitis
1327 2546 1426 2580 simile,
1443 2552 1469 2573 et
1482 2547 1571 2573 simile
1590 2546 1672 2574 dissi-

892 2591 954 2619 mile
969 2591 1141 2623 existimatis,
1154 2599 1187 2619 ac
1199 2592 1372 2619 simulatione
1388 2592 1430 2619 usi
1445 2591 1535 2619 dicitis
1546 2612 1553 2624 ,
1572 2590 1671 2618 Fil‘um

891 2643 951 2663 esse
964 2635 1053 2663 Patris
1067 2636 1234 2671 imaginem?
1257 2636 1284 2663 Si
1301 2637 1372 2664 enim
1387 2637 1473 2664 Filius
1494 2644 1546 2664 non
1570 2641 1611 2664 est
1631 2644 1673 2664 se-

890 2681 1010 2709 cundum
1029 2682 1209 2710 substantiam
1231 2682 1319 2710 Patris
1346 2682 1455 2715 similis,
1478 2683 1581 2717 aliquid
1607 2690 1673 2709 sane

891 2727 1000 2762 imagini
1016 2727 1116 2759 deﬂcil,
1131 2735 1218 2762 neque
1230 2732 1272 2755 est
1291 2728 1369 2762 plena
1387 2728 1487 2763 imago,
1513 2734 1565 2754 non
1584 2726 1672 2761 perfe-

891 2777 951 2800 ctus
968 2773 1105 2807 splendor.
1121 2773 1175 2800 Cur
1189 2774 1279 2808 itaque
1297 2773 1347 2800 hoc
1363 2773 1452 2807 legitis
1467 2782 1473 2799 :
1489 2782 1498 2797 ‹
1515 2772 1544 2798 ln
1554 2772 1618 2806 ipso
1630 2771 1673 2798 in-
