1902 3078
191 137 246 171 467

814 133 1006 165 EUTllYMlI
1026 133 1207 165 ZlGABENI

1768 131 1818 164 ιιδ

191 196 294 224 habitat
330 193 420 224 omnis
459 193 599 231 plenitudo
638 190 789 220 divinitatis
824 190 975 226 corporali-

1038 197 1097 223 tsv;
1113 197 1122 214 ι
1137 187 1198 219 Πῶς
1215 187 1259 214 τὸν
1281 186 1420 223 ’Δριιανδν
1445 186 1550 215 ’Λιτιον
1567 187 1606 220 ὥς
1621 187 1758 223 αἱροτιιιδν
1774 188 1817 214 ἑκ-

192 246 232 268 ter
259 240 279 273 ¹,
299 249 308 266 ν
326 244 363 272 et,
387 248 397 264 ι
411 246 443 266 ex
464 237 631 274 plenitudine
650 237 710 272 ejus
722 244 773 264 nos
785 243 881 264 omnes
901 243 979 263 uece-

193 286 284 321 pimus
311 285 345 311 ’ἲ
364 294 374 310 ι
403 283 460 311 Cur
482 283 614 310 Arianum
641 281 749 310 Aetium
770 285 800 308 ut
822 281 977 308 haereticum

193 332 303 367 ejieitis,
313 331 377 358 licet
389 338 422 358 ea
436 330 494 364 ipsa
510 337 572 364 quae
582 329 626 356 ille
639 326 810 364 loquamini?
823 327 884 355 Tibi
894 326 978 359 enim,

193 376 288 409 Aeaci,
301 376 408 403 amicus
423 380 474 407 est,
488 374 667 410 Endoxloque
681 374 764 409 hujus
778 373 906 408 magister
928 372 980 399 im-

193 422 303 458 pietatis
320 421 382 455 fuit,
397 422 423 448 in
439 420 517 456 cujus
529 420 645 456 gratiam
658 427 720 448 eutn
735 419 865 447 Leontius
875 418 981 454 episeo-

194 476 246 503 pus
257 468 402 494 diaconum
418 466 571 500 ordinavit;
587 471 627 498 ut,
645 466 722 502 quasi
737 465 796 493 ovis
817 464 979 492 vestimento

194 514 356 542 diaconatus
370 513 482 542 nomine
503 520 582 545 usus,
597 511 772 546 blasphemia!
792 510 872 538 verba
896 509 981 537 libere

194 563 286 594 posu-t
302 565 438 586 evomere.

290 603 358 638 Quid
373 603 455 639 igitur
469 602 547 630 vobis
559 601 655 634 suasit,
665 606 695 628 ut
706 600 784 628 vobis
805 600 871 635 ipsis
885 600 980 627 adver-

196 651 305 683 semini,
320 655 481 686 tantumque
495 645 637 676 dedecoris
651 646 794 675 referatis?
816 645 897 674 Certe
911 645 979 675 nihil

195 696 294 724 rationi
321 699 535 723 consentaneunt
558 693 642 728 vobis
669 691 815 720 dicendum
840 690 979 726 suppetit:

196 742 304 776 hocque
316 741 405 768 solum
420 739 622 775 intelligendum
640 738 814 773 relinquitur,
840 745 889 765 vos
907 736 981 765 nulla

195 795 250 815 non
264 786 448 819 simulatione,
463 785 537 813 nullo
568 792 623 812 non
649 788 803 812 commento
821 783 859 811 uti
874 788 982 818 propter

196 833 348 861 Constantii
362 832 555 868 patrocinium,
569 831 730 866 lucrumque
742 829 814 862 quod
827 829 891 858 hinc
903 828 980 856 vobis

1030 241 1151 274 ϐάλλετε,
1167 240 1255 268 καίτοι
1268 240 1303 268 τὰ
1324 240 1394 268 αὐτὰ
1414 241 1510 277 ὲκείνῳ
1524 241 1665 276 λέγοντεςς
1689 241 1744 268 Καὶ
1763 242 1817 278 γὰρ

1031 287 1079 313 σοῦ
1091 287 1153 322 μὲν,
1169 283 1192 314 ὦ
1211 287 1322 314 ’Δκάιιιε
1338 304 1346 317 ,
1416 287 1523 323 ἑταῖρός
1538 287 1622 318 ἔστιν,
1642 286 1769 319 Εὐδοξίου
1792 286 1819 313 δὲ

1031 331 1187 364 διδάσκαλος
1204 333 1244 364 εις
1261 332 1311 368 τὴν
1327 332 1455 367 τοιαύτην
1480 331 1608 358 ἀσέϐειαν
1633 332 1757 366 γέγονεν,
1787 330 1820 368 ἧς

1032 377 1114 403 ἕνεκα
1127 378 1174 404 καὶ
1188 377 1313 409 Λεόντιος
1325 377 1407 404 αὐτὸν
1424 379 1438 404 ὁ
1453 377 1602 409 ἐπίσκοπος
1617 377 1738 404 διάκονον
1752 386 1820 404 κατ-

1033 421 1146 457 έστησεν
1156 431 1162 438 ~
1181 423 1235 455 ἵνα,
1253 423 1290 454 ὼς
1305 422 1433 458 ἔνδύματι
1505 423 1641 458 προϐάτου
1656 421 1695 458 τῷ
1707 423 1820 458 ὀνόματι

1031 467 1082 511 τῆς
1096 467 1232 500 διακονίας
1244 467 1396 503 χρώμενος,
1413 469 1456 495 ἐπ’
1473 468 1565 501 ἀδείας
1580 469 1686 504 ἐξεμεῖν
1707 469 1821 506 δύνηται

1032 512 1066 539 τὰ
1078 513 1128 549 τῆς
1140 512 1314 549 βλασφημίας
1330 514 1448 549 ῥήματα.

1129 599 1162 626 Τί
1177 597 1224 626 οὖν
1241 601 1312 635 ὑμᾶς
1331 601 1386 636 ἄρα
1399 601 1519 627 τοιοῦτον
1537 601 1662 634 ἔπεισεν,
1684 602 1756 629 ὥστε
1774 604 1820 629 καὶ
1838 632 1841 635 ,

1033 645 1139 677 ἑαυτοῖς
1152 646 1191 677 είς
1203 645 1235 672 τὸ
1251 646 1370 672 ἐναντίον
1382 648 1551 682 περιπεσεῖν,
1563 647 1611 674 καὶ
1629 648 1765 683 τοσαύτην
1779 650 1820 675 αξ-

1034 690 1133 726 σχύνην
1143 691 1346 725 ἀπενέγκασθαι
1356 700 1363 723 ;
1376 691 1433 718 ἀλλ’
1447 691 1522 718 οὐδὲν
1533 691 1644 726 εὔλογον
1656 692 1688 719 ἂν
1696 692 1802 720 εἴποιτε
1813 702 1819 709 ·

1032 735 1110 762 τοῦτο
1135 736 1163 763 δὲ
1184 737 1262 772 μόνον
1282 737 1468 774 περιλείπεται
1489 739 1576 771 νοεῖν,
1604 739 1645 765 ὅτι
1661 739 1749 766 πάντα
1774 739 1821 766 νῦν

1033 780 1232 816 ὑποκρίνεσθε,
1253 782 1300 808 καὶ
1325 781 1414 809 πάντα
1435 782 1663 819 προσποιούμενοι
1688 784 1822 811 πλάττετε

1032 825 1077 853 διὰ
1092 826 1141 861 τὴν
1156 826 1232 862 παρὰ
1246 828 1434 854 Κωνσταντίου
1524 829 1702 864 προστασίαν,
1727 829 1776 856 καὶ
1793 830 1822 856 τὸ

195 878 295 905 evenit.
308 878 396 912 Atque
406 877 432 903 in
449 880 573 912 promptu
585 875 661 903 vobis
672 879 713 902 est
724 873 817 901 Patres
831 873 959 901 incusare
971 882 978 907 ;

1038 872 1110 908 παρὰ
1124 872 1172 899 τοῦ
1185 872 1305 900 τοιούτου
1319 873 1426 909 κέρδος.
1440 874 1494 900 Καὶ
1518 875 1693 910 κατηγορεῖτε
1712 875 1764 910 μὲν
1778 875 1822 901 εὗ-

195 929 350 956 temereque
363 921 492 956 objicitis,
519 927 574 947 non
601 919 696 946 haberi
717 926 747 945 ea
764 918 845 945 verba
861 918 888 944 in
908 918 982 945 Scri-

195 968 283 1003 pturis
296 967 382 995 sacris
401 975 408 994 ε
434 969 503 993 etut
523 965 654 1000 scriptum
683 969 734 996 est,
761 973 770 989 ι
792 971 871 992 crura
885 963 982 990 divari-

196 1013 280 1041 castis
297 1013 371 1040 omni
385 1011 534 1039 transeunti
559 1011 587 1044 ³;
604 1020 613 1036 ι
629 1010 665 1037 ita
681 1014 708 1037 ut
723 1010 802 1038 toties
819 1009 981 1036 sententiam

194 1058 377 1091 eommutetis,
396 1057 505 1092 quoties
524 1056 607 1084 velint
626 1055 644 1082 ii
668 1055 715 1091 qui
744 1063 792 1083 vos
808 1055 930 1083 mercede
956 1059 982 1082 et

197 1103 308 1139 praemio
335 1102 502 1131 conducunt.
535 1100 696 1136 Quanquam
725 1100 792 1128 nihil
818 1100 940 1132 interest,
958 1100 981 1128 si

197 1149 258 1183 quis
275 1156 328 1175 non
345 1148 459 1182 scriptas
472 1154 552 1174 voces
577 1145 707 1181 proferat,
730 1145 794 1173 dum
810 1145 881 1181 piant
893 1149 982 1172 servet

197 1192 368 1220 sententiam.
399 1190 546 1219 Hieretieus
576 1194 667 1217 autem
697 1189 750 1222 vir,
768 1189 832 1217 licet.
861 1189 981 1216 verbise

197 1238 336 1274 Scriptura
359 1236 525 1272 depromptis
548 1240 650 1268 utatur,
665 1234 750 1262 nihilo
771 1239 859 1262 tamen
875 1235 978 1267 minus,

197 1288 340 1319 suspectus
355 1291 386 1311 ac
405 1285 497 1311 mente
526 1285 669 1316 corruptus
684 1288 746 1308 cum
774 1281 820 1314 sit,
846 1288 861 1307 a
879 1280 980 1315 Spiritu

197 1335 290 1357 saneto
302 1329 391 1357 audiet
408 1338 414 1355 :
429 1338 438 1354 ι
450 1326 539 1363 Quare
554 1331 581 1354 tu
595 1334 706 1354 enarras
724 1326 844 1362 justitias
861 1332 981 1360 meas,et

196 1374 313 1402 assumis
326 1377 516 1401 testamentum
530 1379 620 1399 meum
630 1379 678 1406 per
688 1379 718 1399 os
732 1376 807 1399 tuum
834 1372 864 1399 ‘2
874 1382 882 1397 ι
893 1371 982 1404 Quare

197 1420 305 1448 diabolo
328 1419 391 1447 licet
420 1427 454 1446 ex
485 1418 634 1453 Seripturis
659 1417 779 1453 loquenti
800 1425 832 1445 os
855 1425 871 1444 a
885 1416 980 1444 Salva-

197 1471 255 1494 tore
274 1465 431 1493 obturatum
446 1469 497 1491 est.
515 1463 614 1490 Beatus
627 1467 716 1490 autem
733 1462 843 1495 Paulus,
855 1462 981 1497 quamvis

196 1519 228 1538 ex
244 1509 367 1546 profanis
383 1510 508 1545 loquatur
526 1518 532 1536 :
561 1518 570 1534 ι
589 1508 732 1536 Cretenses
747 1515 854 1543 setnper
868 1507 980 1535 menda-

197 1564 241 1583 ωε
265 1556 296 1589 ⁵;
314 1565 323 1581 ι
349 1559 392 1581 et:
409 1564 418 1580 ι
435 1554 521 1589 Ipsius
538 1554 609 1581 enim
622 1561 707 1588 genus
729 1560 825 1580 sumus
859 1554 885 1585 °;
903 1562 913 1578 ι
932 1557 978 1580 et:

1033 916 1121 953 χερῶς
1135 917 1189 944 τῶν
1205 918 1343 954 Πατέρων,
1357 918 1555 954 προῳασεξεσθε
1567 919 1595 946 δὲ
1612 920 1703 952 ἁπλῶς
1717 920 1768 953 τὰς
1784 921 1824 947 λέ-

1034 963 1100 996 ξεις.
1113 963 1151 995 ὡς
1167 964 1307 999 ἀγράφους
1319 974 1326 980 ·
1342 965 1390 991 καὶ
1404 965 1475 992 κατὰ
1492 965 1524 992 τὸ
1540 965 1742 1002 γεγραμμένον,
1757 975 1768 992 ι
1785 967 1823 993 δι-

1035 1008 1154 1036 ατείνατε
1174 1009 1207 1035 τὰ
1222 1009 1304 1044 σκέλη
1319 1010 1400 1036 παντὶ
1415 1010 1524 1046 παρόδῳ
1536 1019 1541 1025 ·
1554 1021 1564 1036 ι
1574 1010 1645 1037 ὥστε
1657 1011 1823 1043 τοσαυτάκις

1034 1054 1106 1090 ὑμᾶς
1125 1055 1349 1090 μεταϐάλλεσθαι,
1364 1056 1459 1088 ὁσάκις
1474 1056 1507 1082 ἂν
1518 1056 1590 1092 ὑμᾶς
1601 1057 1626 1082 oi
1647 1055 1824 1092 μισθούμενοι

1034 1100 1080 1126 καὶ
1105 1100 1286 1141 χορηγοῦντες
1308 1102 1373 1136 ὑμῖν
1394 1101 1543 1136 βούλονται.
1645 1102 1743 1130 Καίτοι
1771 1103 1824 1130 κᾶν

1034 1144 1173 1180 ἀγράφους
1180 1153 1222 1175 τις
1232 1144 1298 1181 λαλῇ
1309 1144 1407 1178 λέξεις,
1421 1145 1498 1172 οὐδὲν
1513 1145 1645 1181 διαφέρει,
1656 1147 1709 1178 ἕως
1722 1147 1822 1174 εὐσεϐῆ

1033 1191 1084 1225 τὴν
1096 1190 1214 1217 διάνοιαν
1223 1190 1289 1226 ἔχει.
1312 1191 1341 1217 '0
1355 1190 1384 1217 δὲ
1398 1191 1536 1227 αἱρετιχὸς
1553 1191 1634 1227 ἀνὴρ,
1645 1191 1696 1218 κᾶν
1709 1192 1757 1223 τὰς
1769 1193 1825 1219 ἀπὸ

1033 1236 1089 1262 τῶν
1104 1236 1220 1272 Γραφῶν
1237 1237 1371 1273 χρήσηται
1387 1236 1484 1270 λέξεις,
1512 1237 1587 1263 οὐδὲν
1599 1235 1680 1273 ἦττον
1700 1237 1824 1270 ὕποπτος

1034 1280 1082 1313 ὢν,
1095 1280 1141 1307 καὶ
1157 1280 1202 1307 τὸν
1215 1281 1278 1308 νοῦν
1294 1281 1500 1316 διεφθαρμένος,
1519 1282 1663 1308 ἀκούσεται
1685 1282 1761 1317 παρὰ
1777 1281 1824 1308 τοῦ

1036 1326 1193 1362 Πνεύματος
1205 1335 1212 1342 ο
1236 1336 1246 1352 ι
1264 1327 1322 1353 Ίνα
1335 1326 1361 1352 τί
1376 1327 1407 1352 σὺ
1422 1328 1503 1362 διηγῇ
1600 1327 1633 1353 τὰ
1649 1327 1826 1360 δικαιώματά

1036 1381 1097 1408 μου,
1112 1373 1158 1399 καὶ
1176 1372 1376 1408 ἀναλαμϐάνεις
1389 1372 1439 1407 τὴν
1456 1372 1589 1408 διαθήκην
1605 1381 1655 1408 μου
1666 1373 1711 1400 διὰ
1726 1374 1834 1409 στόμα·

1035 1418 1081 1448 τός
1105 1426 1151 1444 σου
1162 1426 1169 1451 ;
1180 1428 1188 1444 ι
1206 1418 1299 1450 Οὕτως
1321 1419 1334 1444 ὁ
1355 1417 1404 1453 μὲν
1417 1417 1553 1451 διάϐολος,
1567 1418 1654 1445 καίτοι
1668 1418 1758 1446 λαλῶν
1771 1420 1826 1446 ἀπο

1035 1463 1089 1490 τῶν
1113 1463 1237 1500 Γραφῶν,
1265 1464 1419 1499 πεφίμωται
1437 1463 1513 1499 παρὰ
1527 1464 1573 1491 τοῦ
1591 1465 1715 1500 Σωτῆρος
1728 1474 1735 1480 ·
1760 1467 1776 1492 ὁ
1798 1466 1826 1492 δὲ

1038 1510 1170 1545 μακάριος
1182 1509 1298 1542 Παῦλος,
1316 1509 1367 1536 κᾶν
1383 1511 1414 1537 ὲκ
1427 1510 1482 1536 τῶν
1498 1509 1597 1542 ἔξωθεν
1614 1510 1681 1545 λαλῇ
1692 1520 1699 1526 ·
1722 1521 1731 1536 ι
1747 1512 1825 1547 1(ρῆ-

1036 1563 1082 1587 τες
1097 1555 1140 1582 ἀεὶ
1153 1555 1282 1590 ψεῦσται·
1299 1564 1308 1580 ι
1332 1556 1379 1582 καὶ
1391 1576 1399 1588 ,
1429 1565 1438 1582 ι
1455 1555 1508 1582 Τοῦ
1528 1555 1582 1591 γὰρ
1676 1556 1725 1582 καὶ
1747 1556 1825 1590 γένος

199 1611 209 1627 ι
226 1601 412 1636 Corrumpunt
428 1607 516 1629 mores
546 1600 632 1627 bonos
648 1599 782 1633 colloquia
808 1606 891 1634 prava
920 1599 950 1633 ";
968 1609 977 1624 ι

1038 1602 1135 1636 Ισμέν·
1159 1611 1167 1627 ι
1186 1601 1243 1633 καὶ,
1265 1611 1274 1626 ι
1289 1600 1448 1636 ΦΘείρουσιν
1463 1600 1515 1635 ἤθη
1528 1600 1634 1636 χρηστὰ
1649 1601 1755 1636 ὁμιλίαι
1777 1611 1827 1628 κα-

197 1652 314 1674 attamen
328 1651 437 1673 sanctus
449 1653 510 1673 cum
529 1646 575 1678 sit,
592 1645 662 1680 piam
679 1645 778 1672 retinet
792 1645 955 1672 sententiam
972 1653 979 1671 :

196 1696 223 1718 et
238 1699 298 1718 cum
312 1690 411 1717 Christi
437 1694 553 1718 mentem
580 1689 689 1722 habeat,
709 1688 833 1724 gentibus
853 1689 981 1724 magister

196 1743 236 1763 est
250 1737 309 1764 tidci
323 1741 348 1763 et
363 1737 493 1768 veritatis,
518 1740 545 1762 et
563 1743 625 1763 cum
646 1736 746 1770 pietate
774 1742 880 1770 semper
893 1735 980 1769 loqui-

197 1788 251 1809 tur.
270 1780 437 1816 Ecquidnam
453 1780 505 1808 ﬁde
519 1780 630 1816 dignum
651 1780 721 1807 inest
746 1779 880 1807 Arianicls
897 1787 980 1807 vocu-

196 1827 239 1859 lis,
257 1827 356 1862 quibus
367 1833 447 1854 eruca
461 1830 487 1853 et.
501 1826 606 1853 locusta
629 1825 763 1853 Salvator]
794 1826 978 1860 anteponitur,

196 1872 300 1909 ipsique
312 1871 368 1898 hmo
383 1871 504 1898 convicia
520 1871 664 1898 dicuntur:
680 1871 833 1905 Aliquando
845 1879 898 1898 non
906 1878 978 1903 eras,

195 1923 221 1945 et
233 1921 341 1944 creatus
353 1925 392 1949 es,
409 1917 571 1951 alienusque
584 1924 614 1944 es
631 1923 646 1944 a
664 1916 719 1944 Deo
743 1917 892 1944 secundum
915 1917 979 1945 sub-

195 1963 322 1990 stantiam
333 1971 339 1990 :
350 1962 507 1997 nullamque
517 1963 625 1989 demum
641 1969 693 1989 non
706 1961 845 1997 proferunt
858 1963 979 1996 blasphe-

197 2008 296 2035 miam?
312 2005 452 2043 Propalam
463 2011 536 2033 certe
546 2005 659 2037 iaciunt,
672 2012 700 2032 se
711 2005 783 2032 ttulia
793 2005 844 2033 alia
855 2005 888 2032 de
902 2012 983 2032 causa

197 2063 257 2081 eum
272 2062 369 2089 magna
389 2053 492 2089 synodo
516 2059 646 2087 pugnare,
663 2059 744 2086 quam
761 2052 833 2086 quod
856 2051 984 2078 Arianam

197 2099 368 2127 ﬁanmaverit
384 2097 520 2125 haeresim.
541 2097 578 2125 Ea
595 2097 676 2124 etiam
694 2097 747 2124 illis
766 2104 847 2124 causa
863 2101 904 2124 est
918 2103 984 2123 eon-

199 2145 384 2174 substantiaiis
404 2151 497 2171 vocem
517 2144 678 2171 criminandi
703 2144 736 2171 de
752 2151 804 2178 qua
825 2142 876 2178 ipsi
904 2150 986 2178 prave

200 2192 332 2219 sentiunt.
355 2189 383 2216 Si
402 2197 517 2224 namque
539 2194 612 2216 recte
625 2189 779 2220 crederent,
800 2187 906 2216 Patrem
924 2195 987 2215 vere

1035 1646 1082 1673 καί
1092 1655 1098 1661 ·
1113 1656 1121 1672 ι
1135 1646 1190 1673 ἀλλ’
1204 1646 1288 1681 ὅμως,
1301 1645 1378 1679 ἅγιος
1393 1644 1441 1678 ὣν,
1454 1644 1510 1681 ἔχει
1522 1645 1573 1680 τὴν
1580 1645 1700 1672 διάνοιαν
1714 1646 1825 1680 εὐσεϐῆ·

1035 1692 1142 1719 καὶτοῦ
1160 1691 1277 1727 Χριστοῦ
1290 1691 1353 1718 νοῦν
1369 1690 1439 1727 ἔχων
1450 1711 1457 1722 ,
1474 1691 1631 1723 διδάσκαλός
1652 1692 1727 1717 ἐστιν
1744 1691 1828 1718 ἐθνων

1036 1737 1066 1763 ὲν
1079 1736 1169 1762 πίστει
1190 1736 1238 1762 καὶ
1258 1734 1389 1771 ἀληθείῳ
1412 1735 1460 1761 καὶ
1478 1734 1496 1761 ἃ
1507 1734 1592 1767 λαλεῖ,
1608 1735 1668 1770 μετ’
1684 1735 1829 1767 εὐσεϐείας

1037 1781 1192 1816 φθέγγεται.
1206 1781 1274 1808 Ποία
1292 1781 1381 1808 τοίνυν
1394 1782 1423 1808 ὲν
1434 1783 1491 1813 τοῖς
1511 1781 1657 1816 ’Λρειανοῖς
1739 1782 1817 1817 ρημα

1037 1827 1104 1858 τίοις
1127 1827 1178 1854 κᾶν
1195 1826 1340 1862 πιθανότης
1365 1827 1448 1858 ἐστὶν,
1464 1826 1493 1853 ὲν
1517 1825 1558 1858 οἷς
1585 1826 1755 1861 προτιμᾶται
1781 1826 1829 1852 τοῦ

1038 1872 1162 1907 Σωτῆρος
1178 1873 1195 1907 ή
1212 1872 1308 1908 κάμπη
1324 1872 1370 1898 καὶ
1387 1873 1404 1907 ἡ
1421 1872 1511 1908 ἀκρὶς,
1527 1873 1574 1898 καὶ
1588 1871 1749 1907 λοιδορεῖται
1764 1872 1830 1906 παρ’

1037 1916 1142 1943 αὐτῶν
1159 1917 1216 1942 Οὐκ
1240 1914 1274 1951 ἧς
1288 1924 1364 1949 me,
1392 1916 1438 1943 καὶ
1454 1916 1582 1952 ὲκτίσϐης
1593 1937 1600 1949 ,
1620 1916 1694 1948 ξένος
1709 1925 1740 1943 τε
1769 1917 1830 1942 κατ’

1037 1961 1130 1988 οὐσίαν
1154 1961 1201 1988 τοῦ
1226 1961 1293 1988 Θεοῦ
1306 1962 1464 1996 τυγχάνεις·
1484 1962 1530 1989 καὶ
1549 1962 1617 1993 ὅλως
1632 1962 1710 1989 οὑδὲν
1725 1962 1831 1995 δυσφη-

1035 2003 1099 2039 μίας
1109 2003 1137 2030 ὲν
1155 2003 1247 2034 αὐτοῖς
1260 2002 1487 2037 παραλέλιιπται.
1499 2002 1635 2037 Φανεροὺς
1648 2001 1695 2029 οὖν
1709 2003 1827 2034 ἑαυτοὺς

1035 2050 1103 2076 πᾶσι
1116 2049 1292 2080 καθιστῶσιν,
1305 2050 1346 2076 ὅτι
1358 2049 1392 2076 δι’
1409 2049 1486 2076 οὐδὲν
1497 2049 1592 2085 ἕτερον
1608 2049 1742 2084 μάχονται
1757 2050 1827 2084 πρὸς

1035 2096 1085 2131 τὴν
1103 2095 1212 2122 σύνοδον
1229 2095 1338 2129 huiqu
1349 2095 1401 2131 τὴν
1414 2095 1574 2130 μεγάλην,ῆ
1590 2096 1631 2122 ὅτι
1647 2096 1698 2130 τήν
1715 2096 1827 2131 Ἀρεια-

1037 2141 1084 2175 νὴν
1102 2140 1207 2175 αἵρεσιν
1229 2140 1385 2176 κατέκρινε.
1404 2141 1454 2167 Διὰ
1474 2140 1554 2168 τοῦτο
1574 2141 1629 2176 γὰρ
1642 2142 1689 2168 καὶ
1711 2143 1765 2176 τὴν
1781 2142 1828 2168 τοῦ

1037 2186 1182 2222 δμοουσξου
1199 2186 1272 2219 λέξιν
1286 2187 1471 2218 διαϐάλλουσι,
1489 2186 1582 2219 κακῶς
1600 2187 1678 2214 αὐτοὶ
1695 2189 1829 2223 φρονοῦν-

200 2236 308 2264 Patrem
331 2235 544 2262 confiterentur:
571 2234 668 2261 Filium
688 2242 750 2261 vero
775 2234 921 2270 genuinum
943 2233 981 2260 Fi-

1038 2239 1083 2262 τες
1098 2233 1146 2259 καὶ
1162 2233 1225 2268 περὶ
1239 2232 1333 2266 αὐτῆς.
1347 2233 1377 2258 Εἰ
1389 2232 1443 2268 γὰρ
1455 2233 1596 2259 ἐπίστευον
1606 2233 1706 2268 ὀρθῶς,
1723 2236 1773 2260 καὶ
1785 2235 1830 2261 τδν

201 2283 278 2314 lium,
292 2285 320 2309 et
331 2285 426 2307 natura
438 2287 532 2307 verum
543 2281 686 2307 crederent
698 2279 827 2312 Verbum,
840 2285 866 2306 et
878 2280 989 2314 Sapien-

203 2328 266 2355 tiam
293 2326 390 2354 Patris.
419 2326 498 2359 Quod
526 2331 617 2352 autem
642 2326 740 2352 dicitur
762 2333 795 2352 ex
822 2325 876 2352 Deo
891 2325 988 2352 Filium

202 2381 274 2405 esse,
291 2373 314 2400 si
330 2380 383 2399 non
402 2377 431 2399 ut
448 2373 481 2399 de
492 2372 625 2399 creaturis
641 2371 749 2403 dicitur,
762 2371 798 2398 ita
813 2371 846 2398 do
860 2371 904 2398 illo
918 2370 990 2397 atﬁr-

205 2423 328 2451 marcnt;
347 2418 395 2446 sed
407 2418 482 2448 illum
495 2418 656 2448 substantia
672 2416 760 2444 Patris
775 2416 913 2451 propriam
930 2423 991 2444 esse

204 2465 308 2503 prolem
323 2464 514 2500 intelligerent,
526 2463 754 2503 quemadmodum
767 2462 894 2498 splendor
906 2469 920 2489 a
933 2462 993 2489 luce

204 2517 293 2539 ortum
314 2510 405 2542 habet,
421 2517 590 2544 nequaquam
607 2509 706 2544 singuli
730 2515 823 2536 eorum
841 2507 936 2535 Patres
954 2507 994 2534 in-

203 2561 356 2588 cusassent,
382 2564 414 2583 ac
431 2556 521 2591 potius
545 2555 660 2582 ﬁdenter
678 2555 809 2582 dixissent
832 2555 901 2581 bene
916 2560 995 2588 syno-

206 2602 270 2629 dum
301 2601 454 2637 seripsisse,
472 2607 499 2628 et
526 2609 585 2629 eam
612 2608 672 2630 esse
696 2605 797 2629 rectam
823 2600 857 2628 de
880 2600 994 2629 Domino

208 2653 300 2676 nostro
311 2648 376 2676 Jesu
392 2647 499 2676 Christo
516 2647 606 2676 iidem.

245 2781 252 2795 ‘
267 2780 371 2807 Coloss.
389 2786 418 2805 ιι.
437 2779 462 2806 9.

511 2781 520 2795 ¹
537 2779 614 2806 Joan.
629 2787 648 2812 ι,
663 2779 706 2806 16.

209 2814 219 2830 ⁷
234 2814 242 2842 Ι
259 2815 323 2842 Cor.
342 2822 385 2846 xv,
403 2814 445 2841 55.

755 2780 764 2794 ³
782 2779 880 2807 Ezech.
900 2788 955 2811 xu,
973 2781 1017 2808 23.

1041 2278 1090 2312 μὲν
1107 2278 1214 2312 Πατέρα
1230 2278 1338 2312 Πατέρα
1353 2277 1459 2312 ἀληθῶς
1477 2278 1643 2312 ὡμολόγουν,
1659 2279 1705 2305 τὸν
1719 2279 1750 2305 δὲ
1765 2280 1831 2305 Υἰὶιν

1041 2323 1151 2357 γνήσιον
1164 2322 1228 2348 Υίδν
1244 2323 1290 2349 καὶ
1314 2322 1393 2356 φύσει
1408 2322 1534 2357 ἀληθινὸν
1549 2323 1645 2357 Λόγον,
1660 2324 1704 2349 καὶ
1730 2324 1832 2358 Σοφίαν

1041 2369 1182 2395 ἐπίστευον
1197 2365 1267 2394 εῖναι
1290 2368 1338 2394 τοῦ
1355 2369 1459 2404 Πατρός
1469 2376 1477 2383 ·
1495 2369 1525 2395 τό
1545 2377 1574 2395 τε
1588 2370 1619 2395 ὲκ
1634 2369 1681 2395 τοῦ
1704 2369 1777 2396 θεοῦ
1790 2371 1834 2396 λέ-

1041 2422 1101 2448 γειν
1112 2414 1156 2440 τὸν
1175 2415 1248 2446 Υἰὺν,
1269 2415 1292 2440 εί
1311 2414 1358 2449 μὴ,
1376 2414 1470 2449 ὥσπερ
1493 2414 1602 2448 λέγεται
1617 2416 1683 2450 περὶ
1701 2416 1759 2442 τῶν
1777 2425 1834 2442 κτι-

1045 2459 1165 2492 σμάτων,
1181 2458 1266 2490 οὕτως
1281 2459 1374 2493 ελεγον
1391 2460 1437 2486 καὶ
1451 2460 1516 2493 περὶ
1530 2459 1624 2491 αὐτοῦ,
1641 2459 1710 2486 ἀλλὰ
1725 2461 1780 2496 τῆς
1792 2461 1835 2487 οὐ·

1045 2505 1105 2535 σίας
1123 2504 1170 2530 τοῦ
1196 2504 1301 2539 Πατρδς
1320 2505 1386 2531 [διον
1400 2504 1480 2531 αὑτὸν
1495 2505 1586 2532 ἐνόουν
1601 2503 1671 2531 εἶναι
1697 2506 1834 2542 γέννημα,

1046 2551 1083 2582 ὡς
1095 2550 1151 2576 ἔστι
1165 2550 1193 2577 τὴ
1204 2549 1373 2584 ἀπιύγασμα
1384 2552 1416 2576 ὲκ
1426 2551 1474 2577 τοῦ
1488 2551 1576 2585 φωτός
1590 2552 1657 2578 ὀὐκ
1670 2551 1702 2578 ἂν
1717 2551 1835 2583 ἔκαστος

1047 2598 1136 2625 αὐτῶν
1152 2598 1300 2632 κατηγόρει
1322 2597 1375 2624 τῶν
1393 2598 1538 2633 Πατέρων·
1560 2598 1618 2625 ἀλλ’
1634 2599 1783 2634 ιθάρρουν,
1796 2600 1835 2626 ὅτι

1047 2645 1136 2674 καλῶς
1158 2644 1277 2679 ἔγραψεν
1292 2645 1308 2679 ἡ
1330 2644 1439 2674 σύνοδος
1453 2653 1460 2659 ·
1479 2646 1526 2671 καὶ
1537 2644 1623 2676 οὕτως
1641 2646 1716 2671 ἐστὶν
1735 2645 1752 2680 ἡ
1768 2645 1834 2680 ὀροὴ

1048 2691 1110 2725 περὶ
1127 2690 1174 2716 τοῦ
1193 2690 1296 2724 Κυρίου
1312 2690 1390 2723 ἡμῶν
1415 2690 1504 2724 Ἰησοῦ
1520 2690 1639 2726 Χριστοῦ
1657 2691 1765 2723 ⁴πίστις.

1065 2781 1248 2814 li’salxux,
1277 2783 1317 2808 16.
1357 2783 1366 2797 ³
1385 2781 1437 2808 'i‘lt.
1457 2790 1473 2813 ι.
1504 2782 1543 2811 i2.
1583 2783 1668 2809 ‘Act.
1697 2789 1767 2815 xm,
1791 2781 1832 2811 28-
