1902 3078
45 136 110 170 469'

541 134 728 166 PANOPLIA
746 133 975 166 DOGMATICA.
999 146 1033 152 -
1051 133 1126 165 TlT.
1148 133 1191 164 XI

1628 132 1689 164 £70

90 195 166 223 Ἀλλ’
195 193 314 230 ἀσαφὴς,
347 191 440 229 φασὶν,
470 191 546 220 ἐστὶν
577 193 643 228 ἡμῖν
669 192 724 219 τῶν
753 191 842 218 ¹τοιού-

929 189 993 222 Sed.
1020 190 1108 223 aiunt,
1134 190 1249 218 obscura
1276 189 1356 218 nobis
1385 193 1428 218 est
1456 189 1558 218 borum
1583 189 1682 218 verbo-

43 248 103 270 των
132 237 233 274 λέξεων
254 241 272 276 ἠ
292 241 407 268 διάνοια.
424 239 482 267 Καὶ
507 238 587 266 τοῦτο
608 239 663 274 γὰρ
691 237 841 273 προεφασί-

50 299 147 321 ante,
161 288 287 323 λέγοντες
297 309 304 320 ,
318 288 375 319 ὅτι,
398 287 436 323 μὴ
457 287 597 322 δυνάμενοι
614 284 776 312 καταλαϐεῖν
792 283 840 317 τὴν

51 334 203 370 ἑρμηνείαν
227 333 332 365 αὐτῶν,
361 333 528 368 ἐκϐάλλομεν
543 331 644 363 ταύτας
668 331 717 362 τὰς
745 329 841 362 λέξεις.

45 381 142 407 ιτοῦτο
159 380 187 406 δὲ
200 380 225 406 εί
241 378 349 414 ἀληθῶς
367 379 457 413 ἔλεγον
470 398 477 411 ,
490 377 539 404 οὐκ
558 377 611 404 ἔδει
630 376 718 411 λέγειν
733 375 840 406 αὐτοὺς,

59 425 247 460 Ἐκΰάλλομεν
263 423 380 455 ταύτας·
397 423 454 450 ἀλλ’
474 422 566 457 ἠξίουν
656 421 751 456 μαθεῖν
767 419 843 456 παρὰ

52 471 109 497 τῶν
121 470 322 504 ἐπισταμένων,
337 469 397 495 ἐπεὶ
412 467 548 503 ὀφείλουσι
563 476 606 502 γε,
619 467 665 494 καὶ
680 467 750 502 ἅπερ
763 465 795 492 ἂν
814 466 843 492 ὲν

52 517 116 547 ταῖς
130 516 217 547 Θείαις
230 516 351 550 Γραφαῖς
364 514 401 550 μὴ
416 514 546 549 νοήσωσιν
559 512 708 544 ἐκϐάλλειν,
720 512 765 538 καὶ
777 519 843 538 κατ-

52 563 168 597 ηγορεῖν
192 562 254 592 τοὺς
282 559 440 595 γράψαντας
548 558 629 586 αὑτά.
659 557 739 583 Ἀλλὰ
766 555 845 583 τοῦτο

45 599 162 642 ¹μᾶλλον
178 605 334 641 αἱρετικῶν,
349 606 395 632 καὶ
409 605 458 640 οὐχ
471 603 549 639 ἡμῶν
559 603 613 629 τῶν
631 600 802 637 Χριστιανῶν
815 601 845 627 τδ

53 652 197 688 τόλμημα.
215 652 249 678 Ἃ
265 651 319 687 γὰρ
330 651 479 686 ἀγνοοῦμεν
495 651 524 676 ἐν
539 651 595 681 τοῖς
605 648 719 683 λογίοις,
732 648 782 674 οὐκ
798 648 845 673 ὲκ-

54 698 206 733 εάλλομεν,
220 697 288 724 ἀλλὰ
301 696 435 732 ζητοῦμεν
448 695 496 727 οὒς
506 694 681 729 ἀπεκάλυψεν
759 694 773 720 ὁ
789 692 846 720 Κύ-

56 752 128 780 ριος,
143 744 191 770 καὶ
204 743 270 778 παρ’
286 742 375 769 αὐτῶν
387 741 530 778 μανθάνειν
543 740 681 776 ἀξιοῦμεν.
697 738 805 774 Ἐπειδὴ
818 738 847 765 δὲ

55 788 107 815 καὶ
126 787 200 815 οὕτω
213 787 426 823 προφασίζονται
437 786 487 821 τὴν
499 785 632 820 ἀσάφειαν
648 783 703 811 τῶν
717 783 847 810 τοιούτων

55 834 160 867 λέξεων
172 855 179 867 ,
198 832 414 869 ὀμολογείτωσαν
432 831 498 866 γοῦν
508 831 544 857 τὰ
555 828 634 862 εὐθὺς
652 830 846 865 ἐπιφερόμενα,

894 243 955 264 rum
980 236 1129 264 sententia.
1147 235 1273 276 Eaenim
1297 235 1349 264 fuit
1369 235 1456 264 futilis
1479 236 1620 264 hominum
1636 244 1684 264 ex-

897 279 1004 307 cusatio
1021 286 1028 306 :
1045 286 1107 307 cum
1126 286 1180 306 non
1192 278 1330 313 possimus
1356 277 1500 305 verborum
1516 278 1679 312 interpreta-

898 325 999 352 ti0nem
1012 324 1133 360 assequi,
1147 324 1191 351 illa
1207 324 1358 359 rejicimus.
1372 323 1406 350 At
1424 322 1447 350 si
1463 322 1570 350 sincero
1582 322 1679 357 loque-

899 375 993 398 rentur
1011 371 1114 403 animo,
1129 377 1183 398 non
1197 369 1300 397 dictum
1318 368 1451 403 oportuit,
1466 367 1511 395 illa
1523 367 1680 402 rejicimus;

897 416 944 445 sed
1055 414 1218 444 sciscitaturi
1235 420 1313 443 erant
1326 418 1356 441 ut
1371 423 1386 441 ιι
1403 414 1498 449 peritis
1512 414 1680 441 ediscerent:

899 463 1000 498 alioqui
1020 462 1144 497 rejiciant
1160 462 1290 497 quidquid
1301 461 1328 488 in
1340 460 1489 495 Scripturis
1517 459 1615 487 divinis
1628 466 1681 486 non

899 508 1062 543 intelligunt,
1077 516 1179 543 eosque
1194 508 1240 543 qui
1270 508 1316 535 illa
1333 506 1467 541 scripsere
1492 504 1680 533 criminentur.

900 554 952 582 Sed
965 554 1151 581 haereticorum
1165 554 1256 589 potius
1271 561 1353 588 quam
1374 556 1499 580 nostrum
1510 550 1681 579 Christiano-

900 606 959 628 rum
980 600 1062 628 fuerit
1076 600 1190 628 audacia
1211 599 1355 635 ejusmodi.
1379 598 1445 631 Quze
1466 597 1538 625 enim
1556 598 1582 624 in
1597 597 1683 624 sacris

899 646 1015 681 eloquiis
1029 653 1083 673 non
1103 645 1288 681 intelligimus,
1304 653 1357 672 non
1379 645 1440 671 ideo
1455 643 1605 678 rejieimus,
1635 642 1682 669 scd

900 693 934 720 ab
951 693 984 720 iis
997 692 1157 727 quaerimus,
1178 692 1213 718 ab
1227 692 1262 719 iis
1273 691 1396 718 ediscere
1413 689 1595 724 postulamus,
1621 688 1683 723 qui-

900 740 951 767 bus
963 738 1093 766 Dominus
1109 737 1246 765 revelavit.
1260 737 1369 769 Verum,
1381 735 1444 770 quia
1461 742 1520 762 eam
1535 734 1681 762 verborum

900 786 1091 813 obscuritatem
1108 787 1269 819 prattexunt,
1286 781 1422 810 fateantur
1434 788 1498 817 ergo
1511 788 1571 815 quae
1591 779 1682 808 statim

901 832 1065 864 inferuntur,
1094 835 1122 858 et
1149 829 1322 857 anathemate
1341 829 1470 857 damnent
1489 834 1537 854 eos
1551 826 1598 861 qui
1622 833 1684 853 scn-

55 880 105 908 xai.
118 878 391 915 ἀναθεματιςέτωσαν
401 878 465 910 τοὺς
476 876 651 913 φρονοῦντας,
664 875 693 908 ἐξ
702 875 752 901 οὐκ
763 874 848 901 ὄντων

913 878 980 908 iuut.
990 885 1023 905 ex
1035 884 1088 904 non
1105 876 1275 904 exstantibus
1288 883 1349 903 esse
1362 874 1472 907 Filium,
1485 879 1512 901 et
1530 880 1585 900 non
1599 871 1684 899 fuisse

57 925 130 953 εἶναι
145 926 191 953 τὸν
208 926 284 958 Υίὸν,
309 926 366 957 καὶ,
381 925 438 951 Οὐκ
449 921 484 960 ἦν
507 922 571 959 πρὶν
586 922 720 957 γεννηθῇ,
741 920 788 947 καὶ
807 921 850 946 ὅτι

58 973 165 1007 κτίσμα
181 971 229 998 καὶ
250 971 355 1006 ποίημά
376 971 449 996 ὲστιν
464 971 479 996 ὸ
497 968 544 996 τοῦ
567 967 634 996 Θεοῦ
657 967 742 1002 Λόγος
756 976 762 982 ·
790 966 848 999 καὶ,

59 1017 188 1054 Τρεπτός
203 1017 262 1043 ἐστι
353 1017 386 1051 τῇ
401 1015 497 1050 φύσει·
519 1014 582 1046 καὶ,
603 1013 647 1047 Ἐξ
666 1013 760 1048 ἑτέρας
781 1013 848 1040 ὑπο-

62 1063 187 1094 στάσεως
198 1072 204 1077 -
218 1062 265 1089 καὶ
279 1062 347 1093 ὅλως
359 1060 629 1096 ἁναϐεματιζέτωσαν
641 1068 691 1095 την
710 1058 850 1094 ’Δρειανὴν

62 1110 124 1145 αἶρε
130 1117 182 1141 σιν,
195 1108 245 1144 τὴν
257 1106 424 1142 ὲφευροῦσαν
435 1106 483 1141 τὴν
497 1105 623 1140 τοιαύτην
715 1102 850 1130 ἀσέσειαν,

62 1156 119 1181 Καὶ
138 1153 232 1180 λοιπὸν
257 1153 294 1188 μὴ
312 1152 475 1187 λεγέτωσαν,
495 1150 675 1185 Ἐκόάλλομεν
693 1148 742 1181 τὰς
754 1148 850 1182 λέξεις,

62 1200 122 1225 ἀλλ’
136 1200 178 1225 ὅτι
188 1197 271 1224 Οὔπω
286 1196 398 1232 νοοῦμεν
412 1195 495 1226 αὑτάς
505 1203 511 1209 ’
524 1195 567 1221 ἴνα
580 1194 651 1220 οὕτω
662 1193 777 1228 πιθανήν
791 1201 852 1219 τινα

62 1245 204 1280 πρόφασιν
217 1244 298 1278 ἔχωσι
315 1242 361 1269 τοῦ
371 1240 561 1277 παραιτεῖσθαι
577 1239 687 1270 ταύτας.
702 1236 739 1265 Εὖ
754 1238 781 1264 δὲ
792 1236 850 1265 οἶδα

63 1290 113 1317 καὶ
129 1289 292 1324 πέπεισμαι,
310 1288 355 1314 καὶ
369 1287 446 1313 αὐτοὶ
461 1286 490 1313 δὲ
505 1285 582 1312 τοῦτο
605 1285 795 1319 γινώσκουσιν,
811 1283 852 1309 ὅτι

62 1335 154 1362 ταῦτα
179 1334 227 1361 ἐὰν
258 1332 456 1369 ὁμολογήσωσι,
486 1332 532 1358 καὶ
558 1330 775 1366 ἀναθεματίσωσι
803 1330 852 1365 τὴν

71 1379 215 1416 ’Δρειανὴν
231 1378 348 1414 αἵρεσιν,
364 1378 414 1404 οὐκ
424 1377 585 1412 ἀρνήσονται
598 1375 725 1406 κάκείνας
740 1374 789 1406 τὰς
803 1374 853 1409 τῆς

65 1427 179 1454 συνόδου
195 1424 291 1457 λέξεις.
305 1425 353 1451 Διὰ
365 1424 444 1450 τοῦτο
456 1423 510 1458 γὰρ
525 1423 571 1449 καὶ
585 1423 610 1449 ot
624 1421 744 1457 Πατὲρες
754 1441 762 1453 ,
776 1421 852 1456 εἰρη-

65 1474 147 1504 κότες
160 1473 193 1499 ὲκ
204 1472 253 1507 τῆς
267 1471 361 1501 οὐσίας
372 1469 499 1505 γεννητὸν
512 1469 558 1495 τὸν
574 1468 639 1494 Υίδν
661 1467 801 1503 ὁμοούσιον
814 1466 854 1502 τῷ

67 1518 170 1552 Πατρὶ,
185 1517 265 1547 εὐθὺς
274 1514 413 1550 ἐπήγαγον
424 1522 431 1530 ·
448 1514 512 1545 τοὺς
524 1512 553 1539 δὲ
572 1511 700 1545 λέγοντας
714 1510 749 1537 τὰ
764 1517 852 1545 προει-

901 928 1045 959 antequam
1063 924 1228 958 gigneretur,
1254 927 1281 949 et
1306 925 1461 949 creaturam
1488 919 1684 954 opiﬁciumque

901 977 961 998 esse
979 970 1024 997 Dei
1048 969 1191 998 Verbum:
1214 975 1311 998 natura
1337 969 1468 996 mutabile
1499 975 1571 999 e5se,
1605 971 1633 994 et
1650 974 1681 993 ex

902 1017 954 1044 alia
968 1016 1119 1044 substantia
1132 1025 1139 1048 ;
1153 1015 1318 1050 demumque
1339 1014 1468 1040 Arianam
1484 1013 1615 1040 damnent
1630 1011 1684 1038 ha:-

902 1064 984 1092 resitn
1005 1071 1066 1098 qua.
1085 1061 1241 1097 ltujusmodi
1264 1060 1428 1094 impietatem
1457 1057 1630 1093 excogitavit.
1647 1055 1685 1083 Ne

902 1111 994 1138 dicant
1005 1109 1140 1142 deinceps,
1159 1106 1197 1134 Ea
1214 1106 1294 1133 verba
1311 1105 1447 1140 rejicimus
1461 1112 1469 1137 ;
1487 1103 1544 1136 sed,
1559 1101 1684 1129 Nondum

904 1157 947 1184 illa
963 1154 1157 1189 intelligimus;
1175 1157 1205 1179 ut
1228 1152 1268 1179 sic
1284 1151 1458 1178 verisimilem
1484 1157 1515 1177 ea
1542 1148 1685 1176 recusandi

903 1205 1012 1228 causam
1028 1198 1150 1226 aﬁ‘erant.
1165 1196 1252 1228 Probe
1278 1196 1335 1223 scio
1356 1199 1445 1223 autem
1469 1200 1501 1221 ac
1515 1193 1686 1228 exploratum

905 1247 1000 1278 habeo,
1018 1245 1089 1280 quod
1111 1244 1162 1279 ipsi
1190 1249 1297 1277 quoque
1311 1249 1363 1268 non
1389 1241 1524 1275 ignorant,
1541 1247 1589 1267 eos
1599 1239 1622 1266 si
1637 1239 1686 1266 ista

905 1293 1084 1321 conﬁteantur
1097 1294 1125 1317 et
1144 1289 1272 1316 Arianam
1288 1286 1404 1313 haeresin
1428 1285 1600 1312 anatbetnate
1611 1283 1687 1310 dam-

906 1343 979 1371 nent,
996 1336 1092 1373 synodi
1117 1335 1198 1362 vcrba
1227 1341 1280 1360 non
1309 1336 1466 1366 negaturos.
1495 1329 1599 1357 Idcirco
1614 1329 1687 1356 enim

905 1385 999 1412 Patres
1011 1391 1072 1411 cum
1089 1382 1223 1409 dixissent
1237 1387 1270 1406 ex
1283 1377 1437 1406 substantia
1461 1375 1551 1403 Patris
1566 1375 1686 1410 genitum

907 1431 1003 1458 Filium
1018 1436 1079 1456 esse
1093 1427 1167 1454 Patri
1182 1422 1453 1454 consubstantialem,
1478 1421 1571 1448 statim
1589 1420 1689 1447 intule-

907 1480 970 1505 runt
985 1485 992 1503 :
1006 1475 1059 1502 Eos
1075 1478 1164 1501 autem
1176 1471 1222 1507 qui
1234 1470 1359 1506 praedicta
1372 1469 1418 1496 illa
1433 1467 1541 1494 Arianae
1552 1467 1689 1493 haereseos

906 1521 990 1549 verba
1014 1520 1118 1550 dicunt.
1138 1516 1308 1545 anathemate
1332 1514 1495 1541 damnamus
1512 1521 1520 1545 ;
1552 1516 1583 1539 ut
1598 1515 1689 1539 osten-

65 1564 193 1601 ρημένα,
209 1564 282 1599 ἅπερ
300 1563 361 1589 ἐστὶ
373 1562 423 1595 τῆς
443 1559 586 1596 ’Λρειανῆς
602 1559 745 1594 αἱρέσεως,
761 1557 1008 1592 ἀναθεματίζομεν.

344 1611 393 1637 ἐκ
403 1608 457 1643 τῆς
470 1608 576 1641 αὐτῆς.

1224 1602 1266 1629 Ex
1277 1600 1379 1629 eadem.

109 1662 184 1696 Πρὸς
192 1661 220 1688 δὲ
232 1661 295 1692 τοὺς
302 1659 517 1694 ἀποδεχομένους
526 1659 562 1684 τὰ
572 1657 620 1692 μὶν
629 1656 695 1684 ἄλλα
705 1656 795 1683 πάντα
802 1656 853 1682 τῶν

944 1654 1025 1682 Viros
1037 1657 1128 1681 autem
1142 1653 1188 1688 qui
1202 1653 1254 1680 alia
1268 1652 1374 1686 quidem
1383 1649 1474 1678 omnia
1481 1649 1579 1676 Nicaeae
1589 1651 1688 1682 scripta

68 1710 101 1735 ἒν
116 1706 223 1742 Νικαίᾳ
238 1705 413 1740 γραφέντων,
428 1703 494 1738 περὶ
506 1703 534 1728 δὲ
556 1703 636 1736 μόνον
661 1702 693 1728 τδ
713 1701 856 1735 ὀμοούσιοι

68 1750 369 1789 ἀμφιὸἀ).λοντας,χρὴ
384 1750 419 1784 μὴ
431 1750 468 1780 ὡς
480 1749 548 1784 apo:
564 1749 678 1783 ἐχθροὺς
692 1747 855 1774 διακεῖσθαι’

69 1802 120 1828 καὶ
134 1801 189 1834 γὰρ
201 1799 248 1825 καὶ
258 1799 342 1833 ἡμεῖς
351 1798 403 1832 οὐχ
410 1796 447 1827 ὡς
456 1795 526 1830 πρὸς
535 1794 751 1828 ’Λρειομανίτας,
759 1793 857 1834 ορᾷ¹ᾤς

69 1832 242 1876 μαχομένους
256 1832 323 1874 πρὸς
338 1838 400 1869 τοὺς
413 1836 536 1871 Πατέρας
553 1834 726 1869 ὲνιστάμεθα,
746 1833 803 1860 ἀλλ’
820 1832 857 1862 ὡς

68 1884 181 1918 ἀδελφοὶ
198 1882 265 1918 πρὸς
277 1881 406 1916 ἀδελφοὺς
422 1879 602 1915 διαλεγόμεθα
614 1899 621 1911 ,
637 1879 685 1913 τὴν
706 1877 790 1912 αὐτὴν
809 1876 858 1911 μὲν

69 1931 138 1965 ἡμῖν
153 1928 270 1955 διάνοιαν
283 1927 403 1962 ἔχοντας,
420 1926 484 1961 περὶ
495 1925 523 1951 δὲ
532 1924 563 1950 τὸ
578 1924 663 1959 ὄνομα
678 1923 756 1958 μόνον
768 1922 859 1949 διστά-

70 1975 181 2006 ζον-τας.
196 1972 250 1999 Καὶ
262 1971 316 2006 γὰρ
328 1969 519 2006 ὁμολογοῦντες
532 1969 564 1995 ὲκ
579 1968 628 2003 τῆς
640 1967 732 1998 οὐσίας
745 1966 792 1992 τοῦ
807 1966 860 1992 Πα-

69 2018 138 2054 τρὸς
151 2015 230 2048 εἶναι,
247 2016 294 2043 καὶ
307 2015 344 2050 μὴ
360 2015 391 2047 ἐξ
414 2013 509 2049 ἑτέρας
525 2011 700 2041 ὑποστάσεως
723 2010 767 2036 τὸν
783 2009 858 2041 Υίὸν,

69 2063 177 2097 κτίσμα
194 2070 222 2088 τε
236 2061 273 2096 μὴ
284 2058 365 2092 εἶναι,
380 2059 448 2094 μηδὲ
464 2058 570 2093 ποίημα
584 2056 683 2088 αὑτὸν,
704 2054 773 2082 ἀλλὰ
792 2054 858 2088 γνή-

71 2117 131 2136 σιον
143 2108 190 2134 καὶ
203 2107 281 2141 φύσει
295 2106 416 2141 γέννημα
428 2104 519 2136 ἀϊδίως
533 2111 563 2129 τε
648 2101 728 2128 αὑτὸν
742 2101 860 2126 συνεῖναι

70 2155 114 2190 τῷ
125 2154 215 2189 lla-cpi.
229 2153 314 2186 Λόγον
332 2152 397 2179 ὂντα
412 2151 460 2177 καὶ
480 2150 580 2184 Σοφίαν
591 2170 598 2181 ,
618 2149 647 2175 οὺ
668 2148 776 2184 μακράν
793 2147 861 2173 εἰσιν

71 2199 254 2232 ἀποδέξασθαι
266 2199 313 2225 καὶ
322 2197 371 2232 τὴν
385 2197 431 2223 τοῦ
515 2195 656 2230 ὀμοουσίου
669 2193 750 2226 λέξιν.
769 2191 861 2218 Τοιοῦ-

70 2255 121 2278 τος
131 2246 160 2272 δέ
173 2246 231 2272 ἐστι
245 2244 383 2275 Βασίλειος
397 2244 411 2269 ὁ
428 2242 482 2269 ἀπὺ
502 2242 654 2277 Ἀγκύρας,
670 2239 776 2276 γράψας
799 2238 863 2274 περὶ

72 2292 207 2322 πίστεως.
221 2290 256 2317 Τὸ
269 2290 318 2325 μὲν
332 2289 386 2324 γὰρ
396 2289 486 2324 ὅμοιον
503 2288 581 2323 μόνον
596 2286 685 2320 λέγειν
697 2285 756 2312 κατ’
771 2284 863 2310 οὐσίαν

72 2338 107 2364 οὐ
120 2337 228 2368 πάντως
244 2336 370 2371 σημαίνει
382 2335 429 2361 καὶ
441 2335 471 2360 τὸ
486 2335 518 2360 ὲκ
529 2334 577 2368 τῆς
589 2333 692 2364 οὐσίας,
710 2331 739 2364 ἐξ
755 2327 785 2357 οὗ
798 2329 864 2365 μᾶλ-

74 2384 134 2414 λον,
148 2383 186 2413 ὼς
202 2383 248 2408 καὶ
270 2381 347 2408 αὐτοὶ
370 2381 507 2415 εἰρήκασι,
533 2378 692 2413 σημαίνεται
707 2377 737 2403 τὸ
755 2376 865 2412 γνήσιον

73 2429 125 2455 τοῦ
151 2427 216 2454 Υἱοῦ
240 2428 307 2463 πρὸς
335 2427 380 2453 τὸν
404 2425 522 2460 Πατέρα.
546 2424 599 2450 Καὶ
624 2424 677 2458 γὰρ
706 2423 864 2457 κασσίτερος

73 2475 170 2510 ὅμοιός
262 2474 320 2499 ἐστι
347 2472 424 2506 μόνον
449 2470 488 2505 τῷ
514 2469 642 2504 ἀργύρῳ,
662 2469 710 2494 καὶ
734 2467 814 2498 λύκος
827 2466 866 2501 τῷ

75 2520 153 2552 κυνὶ,
170 2519 217 2545 καὶ
226 2518 325 2553 χαλκὸς
338 2515 472 2551 χρυσίζων
485 2513 525 2549 τῷ
539 2512 659 2548 ἁληῡινῴ
679 2511 787 2547 χρυσῷ,
804 2510 866 2537 οὔτε

74 2566 107 2592 δὲ
127 2565 287 2600 κασσίτερος
300 2565 332 2589 ὲκ
343 2562 390 2589 τοῦ
402 2561 522 2596 ἀργύρου
538 2560 667 2595 τυγχάνει
677 2579 684 2590 ,
709 2557 771 2584 οὔτε
787 2557 867 2589 λύκος

75 2612 117 2642 ὡς
137 2610 194 2641 υίὸς
216 2609 264 2635 τοῦ
286 2608 365 2639 κυνὸς
381 2607 413 2634 ἂν
433 2605 584 2642 νομισθείη.
601 2604 711 2639 Ἐπειδὴ
729 2604 757 2629 δὲ
777 2603 823 2629 καὶ
836 2603 868 2630 ὲκ

76 2657 129 2692 τῆς
140 2655 233 2687 οὐσίας
257 2655 305 2682 καὶ
322 2651 488 2689 ὁμοιοούσιον
579 2649 659 2677 αὑτὸν
683 2649 808 2684 εἰρήκασι
821 2669 827 2680 ,
842 2647 868 2674 τί

76 2702 175 2737 ἕτερον
199 2700 376 2735 σημαίνουσιν
399 2699 430 2724 ὲκ
452 2697 554 2724 τούτων
569 2696 586 2730 ἢ
599 2695 629 2721 τὸ
641 2694 799 2730 ὀμοούσιον;
814 2694 869 2720 Καὶ

77 2747 136 2781 γὰρ
146 2745 240 2780 ὥσπερ
259 2746 273 2770 ὁ
286 2744 372 2778 λέγων
389 2743 467 2778 μόνον
481 2740 647 2776 ὁμοιοούσιον
659 2739 688 2766 οὑ
704 2739 812 2770 πάντως
822 2739 870 2765 καὶ

77 2795 111 2819 τ),
127 2793 160 2819 ὲκ
176 2792 226 2827 τῆς
241 2791 333 2822 οὐσίας
344 2788 483 2824 γνωρίζει,
498 2787 583 2819 οὕτως
596 2787 610 2812 ὁ
625 2785 713 2820 λέγων
729 2784 870 2820 ὁμοούσιον

81 2838 256 2874 ἀμφοτέρων,
281 2837 326 2863 τοῦ
349 2845 377 2862 τε
397 2833 564 2871 ὀμοιοονσίον
588 2833 633 2860 καὶ
649 2832 696 2858 τοῦ
713 2832 743 2858 ἐκ
761 2831 809 2866 τῆς
827 2831 876 2858 ob:

909 1701 1055 1736 recipiunt,
1070 1700 1104 1728 de
1123 1700 1182 1727 solo
1195 1703 1284 1726 autem
1299 1695 1545 1725 consubsuntialis
1558 1694 1689 1722 vocabulo

910 1747 1060 1781 ambigunt,
1077 1753 1131 1773 non
1148 1750 1178 1772 ut
1191 1745 1317 1772 inimicos
1332 1745 1448 1777 spectari
1464 1749 1512 1774 par
1533 1746 1584 1768 est.
1597 1741 1689 1775 Neque

910 1791 982 1818 enim
1004 1790 1077 1818 velut
1093 1790 1288 1821 Ariomanitas,
1317 1792 1363 1815 aut
1378 1787 1489 1813 Patrum
1503 1786 1688 1816 adversarios.

909 1833 1033 1860 homines
1060 1831 1233 1867 aggredimur
1249 1839 1256 1863 ;
1275 1830 1321 1858 sed
1349 1830 1520 1863 disputamus
1541 1828 1626 1854 Veluti
1636 1827 1687 1854 fra-

909 1882 964 1905 tres
977 1884 1039 1904 cum
1052 1875 1192 1908 fratribus,
1218 1875 1264 1910 qui
1286 1875 1380 1902 eadem
1399 1881 1451 1908 qua
1469 1880 1520 1900 nos
1539 1877 1603 1900 suttt
1629 1880 1690 1899 sett-

908 1923 1003 1955 tentia,
1014 1922 1072 1949 solo
1087 1921 1197 1948 nomine
1211 1921 1238 1947 in
1256 1919 1468 1947 controversiam
1487 1918 1612 1945 adducto.
1621 1916 1690 1944 Cum

908 1970 981 1998 enim
997 1968 1178 1996 conﬁteantur
1195 1973 1228 1993 ex
1253 1965 1406 1993 substantia
1434 1964 1523 1991 Patris
1545 1969 1571 1991 et
1588 1970 1642 1990 non
1658 1970 1692 1990 ex

909 2016 961 2042 alia
972 2013 1121 2042 substantia
1134 2019 1193 2040 esse
1209 2011 1318 2044 Filium,
1333 2018 1383 2038 nec
1401 2015 1553 2038 creaturam
1577 2009 1619 2035 vel
1635 2008 1692 2042 opi-

910 2061 1002 2089 ﬁcium
1033 2059 1109 2086 illum
1130 2065 1216 2086 esse:
1244 2057 1292 2085 sed
1319 2057 1463 2091 genuinam
1488 2054 1693 2088 naturalemque

910 2107 1025 2143 prolem,
1043 2112 1069 2133 et
1080 2105 1115 2132 ab
1127 2109 1229 2132 :rtcrno
1240 2111 1292 2130 una
1307 2109 1368 2129 cum
1382 2101 1462 2129 Patre
1476 2100 1594 2128 Verbum
1606 2105 1632 2126 et
1644 2098 1694 2126 Sa.

911 2153 1040 2188 pientiam
1054 2151 1196 2183 exsistere,
1222 2157 1277 2177 non
1293 2150 1371 2183 longe
1386 2148 1485 2175 absunt
1506 2154 1522 2174 ιι
1540 2145 1694 2180 recipienda

911 2197 1152 2226 consubstantialis
1166 2203 1242 2223 voce.
1253 2195 1327 2222 Talis
1338 2198 1381 2221 est
1395 2193 1511 2220 Basilius
1522 2192 1637 2226 Ancyrae
1647 2189 1692 2224 qui

901 2244 946 2276 _dc
956 2244 1009 2271 ﬁde
1025 2243 1144 2278 scripsit.
1159 2241 1238 2273 Nam,
1252 2241 1275 2269 sl
1288 2240 1394 2268 similis‘
1403 2242 1507 2266 tantum
1533 2237 1638 2264 dicatur
1654 2243 1696 2263 se-

915 2291 1033 2317 cundum
1051 2288 1243 2320 substantiam,
1259 2286 1284 2313 id
1299 2293 1353 2313 non
1377 2285 1447 2312 idem
1464 2290 1578 2319 prorsus
1592 2281 1696 2316 signiti-

915 2341 959 2364 cat
969 2340 1050 2370 atque
1063 2334 1128 2362 illud
1146 2341 1198 2361 :ex
1213 2331 1382 2363 substantia;
1413 2337 1468 2364 quc
1492 2329 1575 2357 vcrbo
1598 2329 1697 2363 magis.

915 2387 945 2410 ut
961 2382 1010 2417 ipsi
1024 2382 1126 2412 dixere,
1142 2378 1230 2406 Patris
1244 2385 1402 2413 germanum
1419 2375 1517 2403 Filium
1533 2376 1619 2410 ipsum
1638 2382 1698 2402 csse

916 2429 1093 2463 signiﬁcatur.
1114 2425 1180 2453 Nam
1194 2429 1321 2452 stantium
1336 2427 1377 2450 est
1396 2427 1508 2457 argento
1525 2421 1625 2453 simile,
1649 2429 1694 2448 ca-

916 2474 958 2501 nis
972 2474 1046 2507 lupo,
1066 2470 1250 2499 aurichalcum
1270 2477 1334 2496 vero
1356 2475 1435 2500 auro,
1451 2474 1501 2494 nec
1522 2471 1611 2493 tamen
1625 2470 1699 2493 stau—

918 2528 981 2546 nutn
997 2527 1029 2545 ex
1048 2522 1159 2553 argento
1172 2521 1225 2548 est,
1245 2523 1296 2544 nec
1318 2515 1399 2550 lupus
1421 2513 1497 2541 canis
1516 2513 1588 2540 ﬁlius
1606 2511 1698 2539 ltabcri

918 2559 1016 2600 potest.
1031 2563 1255 2597 Quandoquidem
1282 2567 1372 2589 autem
1390 2565 1417 2588 ct
1443 2568 1475 2587 ex
1493 2559 1657 2588 substantia,
1673 2562 1700 2584 et

918 2610 1078 2638 substantia:
1099 2609 1216 2636 similem
1230 2615 1291 2635 eum
1308 2615 1368 2634 esse
1392 2607 1527 2637 dixerunt,
1546 2605 1611 2640 quid
1627 2604 1699 2630 aliud

920 2658 962 2684 bis
979 2656 1133 2691 signiﬁcant
1156 2662 1238 2689 quam
1253 2661 1315 2681 cum
1339 2660 1400 2681 esse
1423 2649 1701 2679 consubstantialem?

921 2703 1037 2734 Etenim,
1053 2702 1123 2729 sicut
1137 2701 1184 2736 qui
1194 2700 1258 2728 dicit
1271 2703 1384 2730 tantum,
1400 2697 1558 2725 substantia:
1573 2695 1699 2725 similem,

921 2756 974 2776 non
990 2755 1100 2782 prorsus
1115 2746 1216 2774 indicat
1240 2753 1302 2772 eum
1327 2752 1359 2771 ex
1385 2741 1534 2771 substantia
1559 2748 1639 2769 esse;
1661 2739 1702 2765 sic

921 2794 967 2830 qui
987 2794 1062 2826 dicit,
1076 2792 1345 2822 consubstantialem,
1360 2789 1502 2822 utriusque
1515 2786 1578 2812 dicti
1591 2788 1699 2812 sentcn—

921 2841 986 2867 tiam
1015 2837 1211 2872 complectitur,
1240 2841 1278 2869 et,
1300 2834 1457 2863 substantia:
1490 2830 1597 2860 similis,
1615 2835 1650 2860 οι,
1668 2836 1699 2854 vx
