1902 3078
204 123 252 158 471

206 246 270 266 num
287 245 348 265 esse
363 241 528 266 creaturam.
544 240 570 262 et
593 238 693 269 negant
705 235 840 271 genitum
856 242 917 261 esse
941 233 987 261 Fi-

207 285 285 316 lium,
298 291 330 310 ex
348 281 474 309 humanis
502 280 634 315 exemplis
662 280 709 307 ﬂlii
724 287 756 306 ac
777 280 861 314 patris
876 287 924 306 sua
939 278 987 306 ad-

207 335 315 356 versum
334 328 394 354 illos
415 330 574 361 argumenta
589 325 703 352 mutuati
736 329 810 357 sunt,
834 325 884 352 hac
900 329 988 352 tamen

205 373 374 407 exceptione,
389 370 461 405 quod
478 369 549 396 Deus
563 377 616 396 non
635 369 670 396 sil
687 373 717 395 ut
729 369 820 402 homo,
836 376 923 404 neque
937 369 989 396 hu-

206 420 279 447 mani
393 422 488 452 partus
504 416 599 444 similis
626 417 662 443 sit
688 416 749 442 Filii
771 417 918 451 generatio,
942 416 990 444 sed

208 465 269 491 talis
282 463 317 490 sit
329 463 419 497 qualis
433 462 487 490 Deo
499 461 635 494 convenit,
653 465 680 488 et
696 469 711 488 a
723 462 802 488 nobis
815 461 927 496 intelligi
940 461 990 488 de-

207 510 262 536 bet.
277 508 344 536 Nam
362 514 389 535 et
399 507 506 535 Patrem
523 506 624 534 fontem
649 507 788 542 sapientia:
807 508 899 535 dixere
910 512 992 542 atque

208 555 280 586 ιίιιιι,
292 553 390 581 Filium
400 560 463 580 vero
478 553 648 587 splendorem
664 557 773 580 aeternae
794 552 872 586 lucis,
885 553 991 587 ipsum-

207 608 260 634 que
271 607 331 626 esse
345 598 427 626 fontis
443 604 561 633 partum,
573 598 620 632 qui
638 598 691 625 ait:
705 607 714 622 ι
727 597 783 633 Ego
798 606 858 625 sum
874 599 928 625 vita
945 601 953 615 ¹
964 607 989 629 ,ι

208 652 244 679 ει,
259 657 267 670 ι
281 646 336 680 Ego
354 645 492 679 Sapientia
506 644 598 671 habito
614 645 640 672 in
653 643 768 672 consilio
797 643 835 671 ’.ι
852 644 936 672 Porro
949 643 992 671 lu-

208 693 248 719 cis
259 692 442 727 splendorem,
457 690 542 718 fontis
564 695 683 725 partum,
698 689 787 718 Patris
801 690 912 722 Filium,
923 697 992 725 quo-

210 739 291 765 modo
306 742 367 772 apte
392 737 585 767 nominaveris,
616 737 687 768 nisi,
713 737 993 764 consubstantialem?

209 783 325 818 Ergone,
338 783 549 810 cumhominum
565 783 654 818 proles
676 783 797 818 ejusdem
812 783 848 810 sit
864 783 992 810 substan-

211 831 264 862 tiae,
281 837 378 858 cavere
388 833 504 863 oportet,
518 835 551 856 ne
579 829 602 856 is
623 829 669 863 qui
693 828 778 856 Filius
801 828 911 861 dicitur,
926 835 993 855 con-

211 876 397 903 substantialis
412 880 439 902 et
460 876 517 910 ipse
540 875 706 907 nominetur,
728 880 757 903 ut
774 876 913 902 hominum
927 883 992 910 pro-

212 923 249 950 les
266 931 272 948 :
292 921 384 948 absit!
400 929 570 956 nequaquam
595 929 625 949 se
648 921 684 948 ita
703 929 746 948 res
760 920 850 948 habet.
870 920 922 948 Sed
941 921 993 948 hoc

209 967 289 994 facile
305 966 434 998 solvitur;
457 965 541 993 Filius
555 967 655 1001 quippe
679 965 798 993 Verbum
814 970 842 993 et
856 965 992 1000 Sapientia

210 1019 251 1040 est
266 1011 366 1044 Patris,
383 1012 483 1046 quibus
513 1011 602 1039 Patris
625 1012 824 1046 generationem
840 1011 992 1046 impassibi-

211 1059 262 1086 lem
276 1063 302 1085 et
322 1058 463 1085 indivisam
477 1065 537 1084 esse
551 1056 729 1091 signiﬁcatur.
755 1056 821 1083 Nam
846 1063 880 1083 ne
906 1055 992 1082 homi-

212 1112 276 1131 num
289 1104 397 1138 quidem
409 1103 520 1130 verbum
544 1110 609 1136 pars
623 1110 717 1130 eorum
741 1106 792 1133 est,
817 1109 904 1136 neque
931 1109 992 1128 cum

211 1150 328 1184 quadam
341 1149 469 1184 passione
486 1148 520 1175 ab
531 1148 583 1175 illis
597 1147 734 1182 procedit;
752 1147 850 1173 nedum
873 1145 918 1172 Dei
932 1145 992 1173 Ver-

213 1198 288 1227 bum,
304 1197 375 1231 quod
391 1195 490 1222 Filium
509 1202 571 1222 esse
591 1201 671 1221 suum
692 1193 772 1221 Pater
789 1192 947 1220 declaravit.
960 1189 999 1217 Ne

213 1247 303 1270 autem
319 1241 455 1277 quispiam
470 1241 584 1268 audiens
603 1240 747 1271 duntaxat,
762 1237 892 1269 Verbum,
905 1237 998 1264 existi-

215 1293 269 1315 met
279 1287 414 1322 ejusmodi
428 1286 493 1313 illud
508 1293 569 1312 esse
589 1285 670 1319 quale
682 1288 724 1311 est
746 1284 907 1315 humanum,
921 1289 998 1308 neut-

215 1342 248 1369 pe
259 1333 317 1361 sine
329 1332 498 1364 substantia;
515 1330 562 1357 Sed
582 1338 663 1364 quem
682 1329 767 1360 audit,
783 1328 882 1356 Filium
892 1348 899 1360 ,
914 1335 998 1363 agno-

215 1383 272 1407 scat
288 1381 348 1406 esse
367 1377 484 1405 Verbum
498 1377 602 1407 vivens,
620 1380 646 1402 et
661 1374 826 1409 Sapientiam
848 1373 998 1402 substantia

215 1425 366 1460 praeditam.

308 1514 418 1546 Deinde,
430 1512 658 1548 quemadmodum
672 1511 717 1538 ubi
735 1518 796 1538 cum
815 1510 916 1545 prolem
932 1510 998 1537 dici-
1013 1517 1033 1545 ε

214 1569 286 1592 mus,
305 1561 356 1587 hoc
368 1567 422 1586 non
436 1559 555 1586 humano
583 1564 659 1584 more
680 1556 857 1590 intelligimus
871 1564 878 1587 ;
895 1559 921 1582 ct
937 1563 998 1582 cum

215 1607 322 1633 Patrem
338 1613 399 1633 esse
414 1605 498 1632 Deum
516 1603 700 1638 agnoscimus,
722 1610 775 1628 non
798 1601 950 1636 corporalia
967 1601 1000 1628 de

214 1653 262 1680 illo
272 1652 424 1687 cogitamus
438 1660 445 1677 :
460 1651 507 1678 sed
523 1650 588 1676 dum
614 1649 657 1675 illa
673 1648 800 1675 audimus
808 1647 929 1681 exempla
948 1647 999 1674 bu-

212 1698 386 1732 jnsmodique
403 1697 494 1727 verba,
507 1703 538 1722 ea
564 1699 653 1721 tamen
688 1693 846 1727 congruenti
861 1693 941 1719 modo
967 1692 1000 1719 de

217 1742 271 1768 Deo
285 1741 470 1775 intelligimus,
484 1748 537 1766 non
550 1739 621 1767 enim
644 1738 714 1765 Deus
728 1743 757 1764 ut
772 1738 870 1770 homo;
887 1737 926 1764 sic
937 1745 999 1764 cum

215 1785 474 1813 consubstantialem
497 1784 634 1813 audimus,
648 1789 756 1808 munem
781 1788 891 1808 sensum
912 1785 1000 1807 trans-

217 1832 331 1860 cendere
354 1831 495 1860 debcmus.
508 1834 534 1856 ct
549 1829 626 1863 juxta
639 1826 815 1854 Proverbium
837 1826 862 1857 ',
877 1826 1001 1859 spiritua-

215 1879 275 1905 liter
287 1878 437 1912 intelligere
451 1883 511 1909 quae
543 1878 716 1908 apponuntur
731 1872 826 1904 nobis;
854 1876 883 1898 ut
900 1878 1000 1906 cogno-

215 1930 334 1954 scamus,
351 1930 404 1949 non
419 1921 569 1951 voluntate,
590 1918 636 1945 sed
656 1925 748 1945 revera
762 1924 824 1944 eum
842 1916 941 1943 Filium
966 1924 998 1943 ex

214 1968 294 1995 Patre
305 1974 463 2002 germanum
476 1972 547 1996 esse,
563 1964 641 1998 quasi
673 1971 706 1990 ex
727 1962 801 1989 fonte
813 1962 906 1994 vitam,
925 1966 953 1989 et
967 1970 998 1989 ex

215 2014 466 2049 lucesplendorem.
491 2010 598 2045 Alioqui
628 2018 676 2037 cur
703 2009 763 2036 illas
787 2017 877 2041 voccs,
899 2009 998 2043 proles,

216 2060 298 2092 lilius,
329 2067 381 2086 non
401 2056 618 2092 ’corporaliter,
646 2054 880 2082 eonsubstantiale
907 2059 998 2081 autem

214 2106 291 2140 quasi
307 2106 340 2132 de
353 2103 523 2138 corporibus,
538 2102 731 2136 intelligimus:
747 2108 808 2128 eum
828 2101 998 2135 potissimum

214 2160 267 2178 non
285 2151 318 2178 de
332 2151 386 2177 alio
400 2154 481 2183 atque
494 2148 548 2175 alio
576 2148 633 2175 luce
656 2147 790 2179 dicantur,
808 2147 854 2174 sed
879 2147 913 2174 de
933 2153 998 2181 quo,

215 2197 315 2231 proles,
341 2195 375 2221 de
402 2194 509 2224 eodem,
539 2192 783 2223 consubstantiale,
811 2192 912 2219 dictum
944 2192 1000 2219 sit?

215 2242 320 2276 Parque
346 2245 387 2268 est
415 2239 539 2266 eamdem
573 2238 735 2265 sententiam
769 2238 913 2273 utriusque
934 2238 999 2265 dicti

213 2287 286 2314 circa
303 2286 471 2313 Salvatorem
483 2284 612 2316 retinere,
633 2291 721 2318 neque
734 2291 827 2311 vocem
840 2285 925 2315 illam,
937 2292 1000 2318 pro-

213 2333 264 2365 les,
276 2338 363 2365 recte;
376 2332 449 2359 illam
476 2335 577 2363 autem,
594 2330 845 2364 e0nsuhstantialis,
867 2331 945 2358 aliter
958 2331 1000 2357 in-

214 2379 355 2414 terpretari
373 2387 381 2411 ;
397 2384 566 2411 consequens
580 2377 652 2403 enim
663 2381 705 2404 est
717 2384 777 2408 VOS,
789 2384 850 2404 cum
867 2385 898 2404 ea
910 2382 1013 2404 mente'

214 2425 306 2452 dicitis
317 2424 416 2451 Filium
436 2423 525 2450 Patris
548 2422 663 2449 Verbum
686 2427 712 2449 et
736 2423 904 2457 Sapientiam
927 2431 998 2455 esse,

214 2471 348 2497 tlirersam
366 2468 453 2495 dehis
470 2468 571 2494 habere
596 2468 766 2501 sententiam,
784 2473 811 2495 et
838 2469 891 2496 alio
917 2469 998 2495 molo

218 2516 344 2547 Verbum,
354 2515 407 2542 alio
423 2513 587 2547 Sapientiam
602 2514 758 2550 intelligere.
769 2515 803 2542 At
817 2516 886 2542 sicut
901 2515 999 2542 absur-

215 2563 279 2588 dum
294 2561 359 2588 illud
383 2565 425 2588 est
439 2570 446 2588 :
463 2569 580 2595 namque
592 2561 677 2590 Filius
705 2567 748 2589 est
761 2562 878 2590 Verbum
894 2567 920 2589 et
949 2560 999 2587 Sa-

215 2607 315 2643 pientia
332 2606 429 2638 Patris,
445 2614 570 2642 unusque
585 2612 668 2635 estex
683 2608 763 2636 Patre
788 2608 869 2638 fetus.
897 2612 924 2634 et
941 2606 1000 2640 ejus

216 2653 375 2680 substantiae
386 2653 510 2687 proprius
525 2662 532 2686 ;
549 2653 583 2680 ita
599 2661 652 2682 una
663 2655 812 2688 eademque
836 2651 997 2687 signiﬁcatio

216 2705 256 2727 est
276 2699 358 2734 prolis
373 2703 400 2726 ct
412 2699 667 2728 consubstantialis:
696 2705 722 2726 ct
735 2699 779 2733 riui
797 2697 998 2726 ccnsvtFilinm

216 2754 276 2774 esse
290 2745 385 2776 fetum,
401 2745 423 2772 is
444 2751 515 2774 recte
541 2746 623 2773 sentit
635 2753 697 2773 eum
731 2753 791 2772 ess:
819 2743 1000 2770 consubstan-

216 2793 317 2820 .ialcm.

256 2844 357 2874 'Joau.
373 2855 426 2880 xtv,
439 2848 465 2875 6.
505 2848 516 2863 ¹
530 2847 610 2874 Prov.
632 2853 691 2878 V'lll,
711 2844 752 2870 ιε.
793 2843 803 2859 ⁸
821 2845 899 2873 Prov.
918 2850 996 2875 χχιιι,
1012 2843 1035 2869 t.

820 117 870 147 EU
879 115 1011 146 l‘llYMlI
1031 114 1212 146 ZIGABENI

205 183 367 220 substantia.
383 190 536 224 Merumque
551 189 612 216 illos
626 188 744 223 aggressi
759 188 805 223 qui
819 188 915 216 dicunt
923 187 987 215 Vet-
1004 190 1025 216 Λ
1041 179 1100 210 σίας
1128 197 1136 209 ι

1016 2222 1036 2250 D

1775 103 1827 136 432

1216 175 1341 211 σημαίνει
1357 175 1405 211 τὴν
1420 174 1550 201 διάνοιαν.
1576 173 1631 200 Καὶ
1658 172 1737 199 αὐτοὶ
1760 171 1823 206 γοῦν

1040 223 1207 259 ἐνιστάμενοι
1223 222 1304 248 πάλιν
1322 222 1388 256 πρὸς
1406 221 1468 251 τοὺς
1483 220 1586 255 κτίσμα
1605 219 1735 253 λέγοντας
1755 216 1824 245 εἶναι

1040 271 1085 298 τὸν
1096 271 1192 304 Λόγον,
1206 269 1253 296 καὶ
1264 268 1301 305 μὴ
1313 267 1437 298 Θέλοντας
1453 266 1534 293 αὐτὴν
1545 266 1655 301 γνήσιον
1667 264 1731 291 Υἱδν
1743 261 1825 296 εἶναι,

1039 317 1069 350 ὲξ
1094 315 1271 351 ἀνθρωπίνων
1299 312 1529 349 παραδειγμάτων
1554 310 1613 338 υἱοῦ
1648 311 1694 338 καὶ
1719 310 1825 346 πατρὸς

1040 363 1165 398 εἰλήφασι
1187 361 1236 392 τὰς
1254 361 1313 386 κατ’
1331 359 1420 385 αὐτῶν
1441 357 1610 390 ἀποδείξεις,
1630 356 1826 392 ἐξαιρουμένοιν

1040 410 1135 437 τούτου
1150 427 1159 441 ,
1229 408 1270 434 ὃτι
1288 405 1326 442 μὴ
1335 405 1372 437 ὡς
1384 404 1526 440 ἄνθρωπός
1542 405 1616 430 ἐστιν
1630 404 1645 430 ὸ
1659 403 1735 434 Θεὸς.
1761 402 1828 438 μηδὲ

1039 455 1078 487 ὠς
1089 453 1244 490 ἀνθρωπίνη
1258 451 1334 487 γονὴ,
1349 451 1435 482 οὔτως
1445 450 1541 486 ὲστὶνή
1551 449 1598 476 τοῦ
1609 449 1673 477 Υἱοῦ
1688 450 1829 484 γέννησις,

1041 500 1097 527 ἀλλ’
1106 500 1144 532 ὡς
1158 500 1175 534 ἡ
1190 499 1249 534 Θεῴ
1259 498 1412 534 πρέπουσα,
1425 497 1472 524 καὶ
1485 497 1558 532 ἡμᾶς
1573 496 1729 532 ἁρμόζουσα
1746 497 1829 522 νοεῖν.

1041 548 1097 575 Καὶ
1111 546 1166 582 γὰρ
1176 546 1223 573 καὶ
1237 545 1328 580 πηγὴν
1346 544 1474 580 εἰρήκασι
1489 543 1535 569 τὸν
1548 543 1658 577 Πατέρα.
1668 543 1717 577 τῆς
1730 541 1829 576 σοφίας

1042 594 1088 621 καὶ
1099 594 1149 630 τῆς
1163 592 1247 627 ζωῆς,
1260 591 1306 618 τὴν
1319 591 1347 617 δὲ
1360 590 1423 616 Υἱὸν
1434 589 1605 624 ἀπαύγασμα
1621 588 1709 623 φωτὸς
1728 587 1829 621 ἀϊδίου,

1042 641 1090 667 ναὶ
1104 639 1185 666 αὐτὸν
1200 636 1268 665 εἶναι
1281 637 1312 664 τὸ
1331 637 1363 662 ἐκ
1376 636 1424 671 τῆς
1448 635 1539 670 πηγῆς
1555 635 1676 670 γέννημα
1698 634 1828 668 λέγοντα·

1045 696 1054 712 ι
1075 685 1146 720 Ἐγὼ
1161 686 1218 720 εἰμι
1309 684 1326 718 ἡ
1339 682 1405 717 ζωὴ,
1419 691 1428 708 ι
1441 682 1498 713 καὶ,
1509 690 1519 706 ‹
1538 679 1606 715 Ἐγὼ
1621 681 1638 715 ἡ
1653 679 1737 714 Σοφία
1765 688 1847 714 κειτ-⁵

1042 732 1185 767 εσκήνωσα
1211 729 1319 765 βουλήν.
1340 737 1348 754 I
1380 727 1417 754 Τὸ
1433 727 1462 753 δὲ.
1483 727 1515 754 ἐκ
1539 726 1626 761 φωτὸς
1649 726 1832 760 ἀπαύγασμα,
1854 734 1857 736 ί

1043 778 1090 805 καὶ
1103 778 1135 805 ἐκ
1147 776 1238 812 πηγῆς
1252 775 1386 809 γέννημα,
1403 773 1450 800 καὶ
1466 773 1498 799 ἐκ
1509 772 1616 808 Πατρὸς
1627 771 1702 804 Υἱὺν,
1719 771 1781 803 πῶς
1799 770 1833 797 ἄν

1042 833 1085 856 τις
1103 822 1276 860 ἁρμοζόντως
1298 820 1458 855 ὀνομάσειεν
1481 819 1498 853 ἢ
1513 817 1670 853 όμοούσιονς
1697 815 1762 852 Ἆρ’
1787 814 1834 842 οὖν

1045 870 1082 905 μὴ
1096 890 1103 901 ,
1119 868 1213 903 ἐπειδὴ
1236 867 1270 893 τὰ
1292 865 1322 898 ἐξ
1344 865 1495 901 ἀνθρώπων
1517 863 1674 898 γεννήματα.
1700 861 1835 897 ὁμοοὺσιά

1011 903 1031 930 Β
1045 903 1128 947 εστιν,
1143 912 1314 941 εὐλαϐεῖσθαι
1332 912 1372 938 δεῖ
1387 911 1424 946 μὴ
1437 910 1484 938 καὶ
1498 911 1512 936 ό
1522 909 1595 941 Υἱὸς,
1607 909 1752 943 λεγόμενος
1763 909 1832 943 ὁμο-

1045 962 1144 994 ούσιος,
1158 959 1299 995 νομισθείη
1307 959 1355 985 καὶ
1366 957 1445 988 αὐτὸς
1459 956 1497 988 ὡς
1511 955 1680 990 ἀνθρώπινον
1691 954 1831 989 γένημεκ

1048 1008 1084 1043 μὴ
1098 1007 1217 1041 γένοιτοῑ
1235 1006 1286 1032 οὐκ
1301 1005 1374 1031 ἔστιν
1384 1003 1478 1035 οὕτως.
1501 1001 1580 1028 Ἀλλὰ
1596 1002 1643 1028 καὶ
1655 1001 1766 1035 ταχεῖαν
1777 1000 1835 1034 ἔχει

1045 1054 1094 1089 τὴν
1107 1053 1183 1079 λύσιν
1194 1051 1290 1078 τοῦτο’
1302 1050 1386 1084 Λόγος
1400 1050 1454 1084 γάρ
1471 1050 1534 1076 ὲστι,
1546 1048 1593 1074 καὶ
1608 1047 1693 1081 Σοφία
1713 1046 1761 1073 τοῦ
1777 1047 1836 1072 Πα-

1046 1107 1109 1134 τρος
1122 1099 1137 1125 ὀ
1150 1098 1213 1129 Υἱός
1225 1106 1231 1112 ·
1246 1097 1276 1129 ἐξ
1288 1093 1325 1124 ὧν
1340 1097 1371 1123 τὸ
1390 1094 1493 1126 ἀπαθὲς
1511 1093 1559 1120 καὶ
1570 1093 1601 1119 τὺ
1613 1092 1763 1128 ἀμέριστον
1786 1091 1837 1126 τῆς

1047 1145 1080 1171 ὲκ
1092 1143 1139 1172 τοῦ
1151 1143 1256 1179 Πατρός
1268 1143 1421 1178 γεννήσεως
1430 1139 1601 1175 γνωρίζεται,
1615 1138 1699 1172 Λόγος
1707 1137 1763 1173 γὰρ
1776 1138 1837 1164 οὐδὲ

1045 1189 1060 1215 ό
1146 1188 1200 1214 τῶν
1214 1186 1364 1223 ἀνθρώπων
1378 1184 1462 1220 μέρος
1472 1184 1555 1216 ἐστὶν,
1575 1182 1634 1209 οὐδὲ
1661 1180 1732 1207 κατὰ
1749 1180 1839 1211 πάθος

1047 1235 1078 1267 te
1090 1234 1180 1262 αὐτῶν
1206 1233 1380 1269 προέρχεται,
1405 1231 1471 1266 μήτι
1489 1239 1521 1263 γε
1537 1230 1551 1255 ὁ
1572 1227 1619 1254 τοῦ
1633 1227 1717 1260 Θεοῦ,
1728 1227 1758 1253 ὃν
1774 1226 1839 1252 Tib-.1

1047 1279 1224 1307 εἷναιὲαυτοῦ
1238 1281 1252 1306 ὸ
1268 1279 1363 1314 Πατὴρ
1379 1277 1527 1312 ἐδήλωσεν·
1551 1276 1594 1302 ἴνα
1619 1274 1656 1309 μὴ
1681 1273 1764 1299 πάλιν
1786 1281 1838 1303 τις,

1047 1325 1154 1353 ἀκούων
1178 1325 1267 1361 μόνον,
1287 1325 1382 1358 Λόγον,
1404 1323 1502 1359 νομίσῃ
1527 1320 1645 1348 τοιοῦτον
1674 1317 1755 1351 εἶναι,
1783 1316 1839 1349 οἷός

1048 1371 1123 1398 ἐστιν
1137 1373 1152 1398 ὁ
1166 1371 1220 1398 τῶν
1236 1370 1398 1406 ἀνθρώπων,
1423 1368 1623 1398 ἀνυπόστατος·
1638 1366 1695 1393 ἀλλ’
1717 1365 1838 1396 ἀκούων,

1048 1418 1090 1444 ότι
1100 1417 1163 1449 Υἱός
1175 1418 1244 1449 ἐστι,
1254 1416 1373 1452 γινώσχῃ
1449 1414 1542 1441 τοῦτον
1557 1411 1625 1440 εἶναι
1639 1411 1730 1444 ζῶντα
1739 1411 1838 1445 Λόγον,

1049 1463 1096 1490 καὶ
1109 1462 1227 1489 ὲνούσιον
1244 1462 1353 1497 Σοφίαν.

1143 1510 1267 1540 Ἔπειτα,
1283 1509 1377 1543 ὥσπερ
1394 1508 1424 1534 τὸ
1437 1508 1560 1542 γέννημα
1576 1505 1713 1539 λέγοντες,
1725 1503 1778 1530 οὔκ
1793 1503 1840 1530 ἁν-

1049 1558 1192 1594 θρωπίνως
1203 1557 1327 1592 νοοῦμεν,
1344 1555 1391 1582 καὶ
1407 1555 1515 1590 Πατέρα
1531 1553 1577 1580 τὸν
1598 1552 1664 1578 Θεὸν
1678 1551 1793 1583 εἰδότες,
1809 1551 1838 1577 οὐ

1051 1604 1208 1640 σωματικὴν
1234 1611 1295 1629 τινα
1324 1602 1388 1638 περὶ
1414 1601 1496 1628 αὑτοῦ
1523 1598 1698 1634 λαμῧὼνομεν
1714 1598 1837 1624 ἔννοιαν·

1049 1649 1117 1676 ἀλλὰ
1136 1649 1171 1675 τὰ
1190 1649 1239 1683 μὲν
1256 1647 1465 1683 παραδείγματα
1479 1646 1525 1672 καὶ
1539 1645 1589 1673 τὰς
1601 1643 1730 1675 τοιαύτας
1753 1642 1841 1674 λέξεις

1050 1695 1196 1729 ἀκούομεν,
1211 1693 1385 1729 ἁρμοζόντως
1393 1691 1421 1718 δὲ
1436 1691 1499 1726 περὶ
1512 1690 1580 1716 Θεοῦ
1594 1689 1707 1724 νοοῦμεν
1717 1698 1724 1703 ·
1742 1690 1773 1715 οὐ
1787 1688 1841 1723 γὰρ

1050 1741 1087 1772 ὡς
1098 1739 1241 1775 ἄνθρωπος
1261 1739 1275 1764 ό
1292 1738 1374 1769 Θεός’
1391 1736 1477 1767 οὕτως
1503 1735 1557 1771 ἄρα
1579 1736 1625 1762 καὶ
1640 1734 1671 1760 τὸ
1696 1734 1841 1769 όμοούσιον

1051 1785 1205 1817 ἀκούοντες,
1232 1784 1406 1819 ὑπερϐαίνειν
1422 1781 1565 1816 ὀφείλομεν
1594 1781 1684 1806 πᾶσαν
1701 1779 1842 1815 αἴσθησιν,

1051 1833 1097 1858 καὶ
1113 1831 1181 1858 κατὰ
1192 1831 1242 1867 τὴν
1255 1829 1408 1866 Παροιμίαν
1427 1846 1436 1859 ,
1504 1826 1606 1862 νοητῶς
1623 1827 1694 1852 νοεῖν
1709 1825 1746 1852 τὰ
1758 1834 1844 1861 παρα-

1050 1879 1177 1913 τιθέμενα
1191 1878 1256 1912 ἡμῖν
1268 1886 1274 1891 ·
1291 1876 1361 1902 ὥστε
1380 1875 1471 1910 μέντοι
1485 1873 1639 1908 γινώσκειν,
1650 1872 1693 1898 ὅτι
1711 1872 1750 1906 μὴ
1762 1871 1843 1905 θελή-

1051 1934 1101 1957 σει,
1118 1924 1187 1951 ἀλλὰ
1202 1922 1310 1958 ἀληθῶς
1321 1922 1386 1953 Υἱός
1402 1922 1475 1947 ἐστιν
1495 1920 1527 1945 ἐκ
1542 1917 1649 1953 Πατρός
1662 1917 1778 1951 γνήσιος
1788 1937 1796 1948 ,
1807 1915 1843 1945 ὡς

1049 1972 1081 1998 ὲκ
1092 1971 1182 2006 πηγῆς
1196 1969 1265 2004 ζωὴ,
1281 1968 1328 1995 καὶ
1339 1967 1426 2001 φωτὸς
1441 1965 1622 1999 ἀπαύγασμα.
1640 1963 1675 1989 Ἦ
1698 1962 1745 1989 διὰ
1765 1962 1794 1988 τί
1814 1961 1843 1987 τὸ

1051 2017 1110 2052 μὲν,
1124 2016 1257 2051 γέννημα,
1271 2014 1317 2040 καὶ
1328 2012 1450 2044 τὺ,Υἱδς,
1460 2011 1490 2038 οὺ
1506 2008 1719 2045 σο›ματικῶς,τὸ
1735 2008 1765 2034 δὲ
1779 2008 1844 2042 ὁμο-

1049 2062 1148 2094 ούσιον,
1166 2062 1203 2092 ὡς
1221 2060 1266 2086 ἐπὶ
1283 2059 1415 2093 σωμάτων
1429 2054 1624 2090 διανοούμεθα,
1644 2055 1692 2080 καὶ
1711 2053 1841 2088 μάλιστα,

1049 2109 1090 2136 ὅτι
1102 2109 1131 2135 οὐ
1150 2108 1214 2142 περὶ
1231 2105 1311 2133 ἄλλοι)
1324 2105 1370 2131 καὶ
1381 2103 1459 2131 ἄλλου
1477 2102 1535 2128 ἐστὶ
1549 2101 1583 2128 τὰ
1605 2100 1754 2134 λεγόμενα,
1774 2099 1843 2126 ἀλλά

1050 2155 1112 2190 περὶ
1126 2151 1155 2181 οὗ
1169 2154 1199 2179 τὸ
1225 2152 1358 2186 γέννημα,
1385 2150 1448 2185 περὶ
1463 2147 1558 2174 τούτου
1582 2145 1671 2174 καὶτὸ
1695 2145 1841 2180 όμοούσιον

1049 2199 1164 2235 ἐλέχθη;
1183 2198 1238 2224 Καὶ
1251 2197 1350 2232 πρέπει
1365 2195 1413 2230 τὴν
1431 2193 1516 2228 αὐτὴν
1539 2192 1657 2219 διάνοιαν
1676 2191 1842 2226 ἀμφοτέρων

1048 2244 1102 2272 τῶν
1114 2244 1212 2277 λέξεων
1225 2243 1272 2268 ἐπὶ
1288 2241 1334 2267 τοῦ
1365 2239 1492 2274 Σωτῆρος
1508 2236 1660 2269 διασώζειν,
1682 2236 1729 2262 καὶ
1751 2236 1790 2271 μὴ
1814 2235 1843 2261 τὸ

1051 2291 1099 2326 μὲν
1115 2290 1238 2325 γέννημα
1327 2285 1415 2317 καλῶς
1431 2283 1595 2318 ἐξηγεῖσθαι,
1605 2283 1635 2309 τὸ
1651 2281 1678 2308 δὲ
1697 2281 1842 2316 όμοούσιον

1049 2337 1150 2368 ἄλλως·
1182 2335 1243 2362 ἐπεὶ
1269 2332 1415 2360 ἀκόλουθόν
1443 2332 1527 2362 ἐστιν,
1555 2329 1626 2356 οὕτω
1648 2327 1843 2362 διακειμένους

1050 2384 1120 2418 ὑμᾶς
1135 2382 1181 2408 καὶ
1198 2382 1326 2414 λέγοντας
1338 2378 1422 2411 Λόγον
1437 2377 1483 2403 καὶ
1493 2375 1592 2409 Σοφίαν
1607 2374 1654 2400 τοῦ
1672 2372 1784 2408 Harpe;
1800 2371 1843 2398 τὸν

1049 2429 1123 2459 Tit»,
1140 2428 1269 2462 διάφορον
1283 2426 1354 2460 ἔχειν
1369 2421 1493 2457 καὶπερὶ
1514 2421 1617 2447 τούτων
1634 2420 1682 2454 τὴν
1706 2419 1842 2448 διάνοιαι,

1049 2477 1095 2503 καὶ
1112 2474 1198 2505 ἄλλως
1220 2473 1269 2508 μὲν
1288 2473 1334 2498 τὸν
1351 2470 1435 2504 Λόγον
1453 2470 1522 2495 νοεῖν
1533 2488 1540 2500 ,
1563 2467 1663 2501 ἑτέρως
1685 2465 1713 2491 δὲ
1728 2464 1782 2499 τὴν
1798 2464 1844 2490 So-

1051 2522 1123 2556 ᾳίαν.
1145 2520 1214 2546 ‘AD.’
1226 2519 1320 2553 ὣσπερ
1331 2517 1428 2544 ἄτοπον
1443 2514 1522 2541 τοῦτο
1534 2520 1540 2527 ⁸
1558 2513 1642 2546 Λόγος
1659 2511 1713 2546 γὰρ
1729 2511 1782 2537 καὶ
1799 2510 1844 2535 Σο-

1052 2555 1099 2602 ιέῖα
1112 2566 1157 2593 τοῦ
1169 2565 1274 2600 Πατρός
1289 2564 1362 2589 ἐστιν
1373 2563 1387 2588 ό
1401 2561 1465 2592 Υἱὸς
1475 2580 1482 2591 ,
1498 2559 1545 2586 καὶ
1563 2558 1592 2584 ἓν
1608 2559 1666 2583 ἐστι
1686 2556 1718 2582 τὸ
1733 2556 1768 2582 ἐκ
1791 2555 1843 2602 Πα-

1049 2613 1111 2648 τρῦς
1122 2612 1255 2646 γέννημα,
1272 2609 1318 2635 καὶ
1334 2608 1397 2634 ἴδιον
1410 2607 1460 2642 τῆς
1476 2605 1571 2635 οὐσίας
1584 2602 1667 2630 αὐτοῦ
1680 2610 1688 2617 ·
1702 2601 1792 2632 οὕτως
1805 2597 1843 2630 εἷς

1051 2659 1122 2684 ἐστιν
1137 2658 1150 2683 ό
1163 2656 1225 2686 νοῦς
1309 2653 1357 2680 τοῦ
1370 2652 1538 2687 γεννήματος
1553 2649 1600 2676 καὶ
1614 2647 1662 2674 τοῦ
1681 2647 1826 2682 ὁμοουτίου
1835 2653 1841 2659 ·

1051 2703 1096 2729 καὶ
1111 2704 1124 2729 ὁ
1137 2701 1242 2737 φρονῶν
1253 2701 1375 2735 γέννημα
1391 2699 1436 2724 τὺν
1452 2697 1515 2724 Tit»)
1537 2695 1631 2731 φρονεῖ
1646 2692 1741 2721 τοῦτον
1757 2692 1842 2728 ὀρθῶς

1051 2749 1098 2775 καὶ
1108 2750 1121 2775 ό
1124 2748 1188 2784 μοού
1193 2756 1258 2774 σιον.
