1902 3078
187 124 191 128 ’
223 133 277 166 179

221 215 329 244 quoque
351 207 373 235 si
392 215 424 234 ex
454 206 582 234 Palribus
605 205 650 233 alii
671 205 725 232 alio
743 205 825 232 modo
843 206 875 232 de
893 205 1008 232 consub—
1022 206 1043 231 Α

221 253 340 281 stantiali
357 251 437 279 locuti
455 256 535 284 sunt,
556 259 589 278 ne
605 250 802 278 contendamus
818 259 824 277 :
841 252 887 277 sed
903 251 945 286 pie
962 259 1006 277 co-

222 307 282 326 rum
300 299 370 325 dicta
388 297 571 331 excipiamus,
600 295 665 323 dum
693 296 813 324 maxime
838 301 894 324 toto
919 297 1008 324 studio

222 345 314 380 pietati
331 352 440 379 operam
460 344 604 370 dederunt.

317 389 434 423 lgnatins
461 393 544 421 certe,
568 389 614 423 qui
631 393 692 424 post
709 388 845 423 apoatolos
859 388 1010 416 Antiochia:

222 435 366 469 episcopus
392 434 558 461 constitutus
575 438 616 460 est
627 454 633 466 ,
662 435 774 468 ipseque
790 438 892 468 martyr
907 433 1008 460 Christi

225 482 284 513 luit,
300 481 333 507 tle
349 480 461 506 Domino
475 480 607 511 scribens,
620 479 688 506 dixit
714 489 722 507 :
780 489 789 504 ι
803 478 878 506 Unus
890 480 1010 506 medicus

221 512 264 554 lost
281 526 398 553 carnalis
419 529 446 552 et
466 525 627 560 spiritualis,
641 525 729 552 factus
750 530 775 552 et
789 533 842 552 non
857 525 944 552 factus
956 547 962 558 ,
983 526 1008 552 in

225 573 334 599 homine
352 571 439 602 Dens,
459 571 485 597 in
504 576 591 597 morte
606 571 659 597 vita
675 578 737 597 vera
750 590 757 603 ,
772 576 798 597 et
821 579 853 598 ex
876 570 960 597 Maria
983 575 1010 596 et

224 626 257 643 cx
275 617 336 642 Deo.
361 625 369 641 ι
389 616 504 648 Quidam
522 619 611 641 autent
630 618 690 649 post
710 614 842 649 lgnatium
857 619 884 641 et
901 615 950 649 ipsi
977 622 1009 641 ex

226 663 362 697 magistris
380 663 479 689 nostris
494 662 634 689 scribunt:
648 671 657 687 ι
670 662 758 689 Unum
774 669 826 688 nou
844 661 943 688 factum
958 666 1010 694 est,

226 709 330 736 scilicet
350 707 429 734 Pater
444 716 450 733 τ
468 712 494 734 et
512 715 583 733 Imus
600 714 633 733 ex
659 707 718 741 ipso
742 705 827 733 Filius
853 713 1009 740 germanus,

227 754 315 788 proles
328 761 401 786 vera,
415 752 531 779 Verbum
549 757 575 780 et
589 752 726 787 Sapientia
741 751 840 779 Patris.
856 761 864 777 ι
878 751 905 778 Si
920 752 1012 785 itaque

228 800 281 826 illis
295 800 375 826 etiam
392 799 578 831 adversamur,
593 799 628 825 sit
640 799 718 825 nobis
730 798 872 825 adversum
894 798 1012 832 synodos

228 853 336 880 quoque
350 849 497 871 certamen.
521 844 599 877 Quod
617 845 639 871 si
657 845 732 878 gnari
748 851 843 871 eorum
860 843 887 870 in
903 843 1013 869 Christo

229 893 307 924 tidei,
326 898 486 927 persuasum
508 891 639 917 habemus
655 890 763 916 beatum
780 889 861 916 etiam
880 888 1012 924 lgnatium

229 944 302 966 recte
317 940 469 972 scripsisse.
485 947 546 965 eum
566 939 640 965 illurn
657 939 747 965 carnis
759 946 841 965 causa
859 938 958 964 factum
974 936 1016 963 di-

232 985 268 1011 xit
293 984 428 1019 (Christus
444 985 516 1011 enim
533 992 597 1011 caro
611 984 698 1010 factus
711 983 774 1018 est),
788 988 815 1010 et
831 983 1014 1014 non-factum,

231 1031 296 1064 quia
309 1038 364 1056 non
386 1037 418 1056 ex
432 1030 546 1063 opiliciis
559 1035 585 1057 et
609 1030 690 1057 rebus
706 1030 784 1057 factis
796 1035 836 1056 est
846 1049 853 1061 ,
868 1029 913 1056 sed
932 1028 1016 1055 Filius

230 1084 263 1102 θλ
272 1075 351 1102 Patre
366 1084 372 1100 ἒ
388 1084 436 1102 IICC
451 1076 609 1110 ignoramus
621 1083 667 1103 POS
680 1084 726 1111 (llll
739 1084 821 1102 lllllllll
834 1081 1014 1106 non-tactum,

235 1123 339 1149 sciliret
447 1121 551 1148 Patrem
567 1122 671 1153 dixere,
685 1129 737 1148 non
753 1122 831 1150 euasi
852 1121 966 1147 Verbum
982 1121 1017 1148 sit

233 1174 276 1192 res
295 1166 363 1193 facta
378 1171 424 1193 aut
436 1166 574 1201 opiticium
589 1168 625 1194 ita
641 1167 804 1202 scripsisse;
819 1167 866 1194 sed
880 1168 943 1202 quia
958 1168 1017 1194 nul-

232 1211 285 1238 lam
306 1211 385 1238 Pater
402 1212 499 1239 habeat
514 1220 643 1245 causam;
669 1213 724 1239 imo
753 1213 860 1248 potius,
878 1213 942 1248 quia
960 1214 1017 1247 ipse

232 1259 341 1292 quidem
359 1259 438 1286 Pater
454 1260 489 1286 sit
508 1260 654 1294 Sapientiae
666 1280 673 1291 ,
692 1257 798 1293 opiﬁcia
814 1266 904 1288 autem
925 1250 1016 1287 omnia

233 1305 258 1330 in
274 1305 406 1338 sapientia
423 1305 533 1338 fecerit;
549 1314 597 1332 cur
613 1314 667 1333 non
681 1307 761 1334 etiam
775 1306 879 1338 Patres,
894 1314 955 1334 cum
970 1315 1017 1334 eos

232 1350 278 1383 qui
291 1348 511 1377 Saniesatensem
526 1351 686 1385 (ll-posuere,
699 1357 756 1378 tum
769 1359 816 1378 eos
831 1352 876 1387 qui
888 1352 1016 1378 Arianam

234 1395 358 1422 lneresim
375 1396 486 1423 infamia
501 1401 630 1423 notarunt
641 1418 649 1429 ,
665 1397 691 1424 in
710 1405 795 1425 unum
814 1388 922 1432 pictatis
937 1402 1016 1425 tuen-

232 1441 273 1468 dae
284 1442 403 1468 studium
418 1442 621 1477 coniungimus,
635 1443 689 1471 imo
700 1451 884 1478 segreganius,
897 1448 923 1470 ct
933 1451 1016 1478 quare

233 1495 286 1513 lion
303 1488 392 1521 potius
407 1487 440 1514 de
460 1488 513 1515 illis
529 1493 600 1515 recte
612 1489 746 1516 sentimus
764 1498 771 1516 :
786 1489 1015 1524 quandoquidem,

233 1533 272 1559 uti
285 1532 340 1567 jam
365 1533 439 1565 dixi,
467 1534 571 1568 priores
594 1535 632 1561 illi
650 1535 738 1562 solum
756 1534 954 1563 Samosateiisis
970 1543 1014 1562 so-

233 1579 356 1613 phisma.
372 1584 397 1606 et
421 1580 479 1614 ejus
496 1581 746 1615 interpretationem
763 1573 935 1615 spectantes,
948 1582 1017 1608 scri-

237 1631 315 1657 psere
331 1631 383 1650 non
398 1631 459 1652 esse
473 1624 612 1652 Christum
625 1625 900 1653 consubstantialem:
915 1626 942 1653 hi
957 1634 1019 1653 vero

236 1669 318 1695 verba
343 1677 408 1696 sane
428 1669 607 1704 intelligentes
620 1691 627 1703 ,
653 1671 746 1698 dixere
764 1670 860 1698 Filium
876 1679 937 1699 csse
953 1679 1017 1699 eon-

237 1714 461 1742 substantialem?
478 1715 607 1750 Equidem
629 1724 690 1744 cum
709 1717 754 1743 tali
772 1717 805 1744 de
818 1717 870 1752 piis
885 1717 938 1745 illis
955 1725 1018 1752 erga

236 1759 374 1786 Christum
386 1760 452 1787 viris
464 1761 514 1788 sim
528 1761 672 1794 sententia,
686 1762 742 1788 hate
754 1762 847 1796 paucis
858 1762 1018 1797 conscripsi.

237 1804 314 1838 Quod
329 1805 352 1832 si
369 1806 500 1840 epistolae,
518 1814 601 1841 quam
618 1807 678 1834 illos
692 1808 836 1842 scripsisse
850 1808 953 1841 dicunt,
971 1809 1020 1834 ini-

239 1851 264 1876 lll
276 1850 352 1884 copia
366 1851 472 1883 fuisset,
487 1852 613 1879 existimo
625 1852 716 1886 plures
730 1853 964 1887 depreliensuruni
978 1860 1020 1880 nte

238 1897 322 1923 fuisse
339 1904 447 1929 causas,
463 1905 512 1924 cur
529 1898 597 1925 beati
618 1899 655 1926 illi
671 1899 707 1926 ita
723 1899 843 1927 scribere
856 1900 942 1927 coacti
954 1900 1018 1927 sint.

237 1942 289 1970 Par
302 1950 343 1971 est
357 1945 429 1971 enim
447 1945 577 1980 decetquc
593 1953 642 1972 nos
662 1946 699 1972 ita
713 1945 813 1973 sentire
823 1966 830 1978 ,
850 1945 1020 1982 probumque

237 1998 300 2025 erga
324 1990 417 2018 Patres
438 1992 558 2018 animum
574 1999 697 2023 servare,
713 1991 735 2018 si
753 1995 844 2019 tamen
858 1992 943 2026 spurii
965 2000 1020 2019 non

237 2042 348 2068 sumus,
366 2041 391 2063 et
406 2037 428 2064 si
443 2036 476 2063 ab
491 2037 543 2064 illis
559 2037 718 2064 traditiones
731 2037 896 2072 pietatisque
917 2037 1020 2065 doctri-

237 2090 300 2109 nam
317 2086 448 2109 tenemus.

1029 1612 1049 1638 (Σ

237 2260 445 2294 eredaniusque.
466 2261 522 2295 Age
539 2268 604 2287 vero
620 2269 728 2288 rursum
745 2269 806 2288 cum
824 2262 877 2289 illis
892 2271 948 2290 rem
965 2264 1022 2298 pla-

237 2306 296 2332 cide
311 2311 336 2332 et
352 2305 424 2333 bene
442 2307 533 2333 animo
549 2306 730 2340 inquiranius,
745 2307 832 2341 deque
847 2316 928 2342 supra
939 2308 1021 2337 dictis

237 2352 402 2378 mentionem
432 2351 686 2379 faciamuszannon
720 2360 812 2380 revera
839 2354 1021 2382 demonstrari

237 2397 322 2431 possit
348 2390 489 2431 episcopos
500 2396 594 2424 Niczrte
605 2402 782 2431 congregatos
798 2402 870 2424 recte
882 2398 1001 2425 sensisse
1011 2399 1021 2425 l

238 2442 266 2469 Si
287 2442 400 2469 \‘eibuni
419 2447 460 2469 est
479 2450 522 2469 res
539 2442 626 2474 facta,
650 2447 676 2468 et
691 2443 808 2469 alienum
823 2450 838 2469 a
856 2442 945 2471 Patris
956 2444 1021 2471 sub-

237 2489 346 2521 stantia,
360 2489 395 2515 ita
407 2493 461 2515 uta
476 2488 553 2515 Patre
562 2493 727 2523 segregetur,
740 2489 794 2515 imo
808 2496 839 2515 ea
850 2490 1021 2524 separatione

236 2542 297 2568 qum
314 2542 328 2560 a
346 2535 502 2561 diversitate
517 2539 620 2561 natura:
637 2535 825 2569 proﬁciscatur
836 2554 842 2565 .
859 2534 932 2562 Patri
947 2540 1020 2563 certe

236 2580 468 2608 consubstantiale
483 2587 653 2615 nequaquam
671 2580 766 2612 luerit;
782 2581 828 2608 sed
845 2581 933 2614 potius
946 2581 1021 2616 ejus-

236 2626 297 2653 dem
313 2630 426 2657 naturae,
446 2625 523 2660 cujus
540 2632 582 2652 res
601 2625 688 2658 factm,
705 2626 754 2653 etsi
772 2626 826 2652 illis
843 2626 929 2660 gratia
945 2630 1017 2652 ante-

236 2673 324 2700 cellat.
341 2671 417 2704 Quod
431 2672 453 2698 si
467 2671 644 2699 conﬁteantur
655 2680 716 2698 eum
731 2679 785 2698 non
797 2679 858 2699 esse
870 2671 1019 2705 opiﬁcium,

235 2719 283 2746 sed
301 2719 443 2754 genuinam
458 2725 490 2744 ex
515 2716 602 2744 Patris
629 2717 780 2745 substantia
795 2716 909 2752 prolem,
921 2724 1020 2744 conse-

236 2771 321 2799 quens
337 2771 403 2790 sane
418 2763 500 2790 i‘uerit
514 2771 576 2790 eum
592 2763 800 2797 inseparabilem
818 2770 879 2790 esse
895 2770 910 2789 a
928 2761 1019 2796 Patre,

235 2817 298 2837 cum
328 2809 364 2836 sit
377 2809 498 2843 ejusdem
517 2815 621 2836 natura
633 2828 640 2841 ,
667 2813 760 2842 utpote
784 2809 818 2836 ab
837 2809 882 2836 illo
901 2809 1018 2844 genitus.

236 2854 310 2883 Talis
326 2859 414 2889 autem
426 2862 487 2882 eum
506 2853 557 2887 sit,
572 2853 633 2888 jure
647 2853 886 2882 Consubstantialis
901 2854 1019 2882 dicatur.

838 133 994 164 EUIHYM
1003 133 1031 162 [Ι
1051 131 1231 162 ZIGABENI

330 2214 421 2241 Talem
438 2214 518 2248 igitur
529 2213 640 2241 Patrum
655 2213 740 2242 fuisse
754 2220 871 2243 mentem
885 2217 1021 2251 dicamus,
1035 2230 1056 2256 ι)

1809 125 1859 157 589)

1058 200 1147 234 ἡμεῖς,
1164 197 1220 224 ἀλλ’
1238 194 1357 227 εὐσεϐῶς
1373 195 1408 222 τὰ
1424 194 1487 230 παρ’
1502 193 1592 221 αὐτῶν
1619 190 1779 228 δεχώμεθα,
1807 191 1859 223 ἓως

1059 245 1174 280 μαλίστα
1192 243 1240 278 τὴν
1258 242 1373 278 σπουδὴν
1383 238 1455 276 εἶχον
1468 241 1507 272 είς
1522 239 1671 267 εὐσέϐειαν.

1160 395 1287 430 Ἰγνάτιος
1304 391 1351 421 οὖν
1368 411 1376 423 ,
1449 395 1463 420 ὁ
1480 393 1549 429 μετὰ
1562 393 1625 424 τοῦς
1643 393 1823 422 ἀποστόλους
1835 394 1861 419 ἐν

1066 442 1212 477 Ἀντιοχείᾳ
1236 440 1413 472 κατασταθεὶς
1439 440 1597 470 ἐπίσκοπος,
1620 439 1666 465 καὶ
1681 439 1799 474 μάρτυς
1814 438 1860 465 τώ

1059 487 1175 524 Χριστοῦ
1191 487 1344 521 γενόμενος,
1359 486 1471 521 γράφων
1499 485 1563 519 περὶ
1578 484 1623 510 τοῦ
1641 484 1763 519 Κυρίου,
1781 484 1860 519 εἴρη-

1060 542 1116 560 κεψ
1137 543 1146 558 t
1164 531 1210 564 Εἷς
1238 533 1328 569 ἱατρός
1354 533 1421 564 ἔστι,
1446 531 1574 566 σαρκικὸς
1590 530 1637 556 καὶ
1653 530 1858 565 πνευματικὸς,

1059 578 1171 614 γενητὸς
1188 579 1234 605 καὶ
1245 578 1376 613 ἀγένητος
1391 597 1400 610 ,
1474 577 1503 602 ὲν
1515 575 1651 610 ἀνθρώπῳ
1664 575 1742 607 Θεὸς,
1762 577 1796 602 ἐν
1812 575 1859 602 θα·-

1060 626 1132 660 νάτῳ
1149 625 1204 660 ζωὴ
1218 624 1342 659 ἀληθινὴ,
1353 623 1400 650 καὶ
1415 623 1447 649 ὲκ
1461 623 1570 658 Μαρίας
1583 622 1629 648 καὶ
1641 623 1672 648 ὲκ
1688 622 1775 648 Θεοῦ.
1789 631 1801 647 ι
1812 623 1859 648 Τι-

1060 671 1104 702 νὲς
1117 671 1145 697 δὲ
1159 671 1205 697 καὶ
1226 669 1280 696 τῶν
1297 668 1365 703 μετὰ
1395 668 1523 702 Ἰγνάτιον
1538 667 1691 694 διδάσκαλοι
1712 668 1763 693 καὶ
1780 668 1859 693 αὑτοὶ

1060 717 1219 752 γράφουσιν
1233 725 1241 741 t
1255 715 1302 741 Ἓν
1316 715 1345 740 τὸ
1359 714 1489 749 ἀγένητον
1569 714 1584 739 ὸ
1600 713 1706 749 Πατὴρ.
1722 714 1775 740 καὶ
1790 711 1835 745 εἷς
1847 715 1860 740 ὁ

1061 763 1092 795 ἐξ
1101 761 1181 789 αὑτοῦ
1196 761 1259 792 Υἱὸς
1269 761 1390 796 γνήσιος,
1406 759 1529 794 γέννημα
1549 757 1686 794 ἀληθινὸν,
1703 759 1800 792 Λόγος
1815 759 1860 784 καὶ

1062 809 1146 842 Σοφία
1168 807 1215 833 τοῦ
1230 806 1359 842 Πατρός.)
1381 806 1412 832 Εἰ
1429 806 1479 840 μὲν
1509 803 1555 831 οὖν
1583 805 1629 831 καὶ
1652 804 1723 840 πρὸς
1740 804 1861 835 τούτους

1062 853 1190 884 ἐναντίως
1217 853 1386 887 διακείμεθα,
1404 851 1472 878 ἔστω
1499 850 1547 877 καὶ
1577 850 1643 885 πρὸς
1658 851 1709 882 τὰς
1726 850 1861 882 συνόδους

1031 900 1153 936 Βήμίνή
1170 899 1253 934 μάχη.
1271 899 1302 924 Εἰ
1321 898 1359 930 δὲ,
1382 897 1432 932 τὴν
1455 898 1483 923 ὲν
1504 896 1614 933 Χριστῷ
1641 897 1733 922 πίστιν
1764 896 1859 922 αὐτῶν

1062 946 1249 978 γινώσκοντες,
1266 942 1446 976 πεπείσμεθα,
1461 942 1502 967 ὅτι
1517 941 1563 967 καὶ
1577 942 1591 966 ὁ
1605 940 1742 975 μακάριος
1766 939 1860 972 Ἰγνά-

1063 998 1118 1022 τιος
1137 990 1224 1026 ὀρθῶς
1244 989 1356 1024 ἔγραψε,
1378 988 1490 1022 γενητὸν
1517 986 1597 1024 αὐτον
1622 986 1709 1019 λέγων
1730 984 1781 1010 διὰ
1813 984 1862 1018 τὴν

1064 1036 1152 1070 σάρκα
1165 1037 1172 1067 (
1187 1036 1201 1062 ὁ
1215 1036 1269 1070 γὰρ
1284 1034 1400 1070 Χριστὸς
1418 1034 1486 1069 σὰρξ
1506 1033 1625 1067 ἐγένετο)
1639 1041 1645 1046 -
1662 1031 1806 1065 ἀγένητον
1824 1030 1860 1061 δὲ,

1063 1081 1103 1107 ὅτι
1121 1082 1158 1116 μὴ
1172 1081 1225 1107 τῶν
1239 1081 1398 1116 ποιημάτων
1413 1082 1460 1107 καὶ
1473 1078 1592 1114 γενητῶν
1620 1078 1703 1108 ἐστιν,
1721 1076 1784 1102 ἀλλ’
1799 1076 1862 1106 Υἱὸς

1063 1128 1095 1154 ὲκ
1111 1128 1226 1163 Πατρός.
1243 1128 1300 1154 Οὐκ
1316 1126 1466 1161 ἀγνοοῦμεν
1491 1126 1529 1157 δὲ,
1543 1126 1583 1151 ὅτι
1598 1124 1645 1151 καὶ
1668 1124 1693 1149 οἱ
1710 1122 1862 1158 εἰρηκότες

1063 1176 1092 1202 ἐν
1103 1175 1133 1202 τὸ
1145 1176 1276 1209 ἀγένητον
1354 1173 1400 1199 τὸν
1415 1172 1524 1208 Πατέρα
1539 1171 1674 1205 λέγοντες,
1689 1170 1797 1204 οὑχὼς
1813 1177 1859 1202 γε-

1063 1221 1143 1256 νητοῦ
1159 1221 1205 1248 καὶ
1221 1221 1373 1255 ποιήματος
1396 1218 1470 1249 ὄντος
1497 1217 1544 1244 τοῦ
1560 1217 1647 1250 Λόγου
1667 1216 1758 1246 οὕτως
1777 1216 1864 1249 ἐγρα-

1062 1267 1127 1301 ψαν,
1143 1265 1251 1292 ἀλλ’ὅτι
1277 1264 1314 1300 μὴ
1338 1264 1393 1299 ἔχει
1484 1262 1530 1289 τὸν
1557 1262 1652 1288 alnov‘
1678 1262 1727 1288 καί
1756 1262 1862 1295 μᾶλλον

1064 1313 1145 1344 αὐτὸς
1160 1311 1253 1347 Πατὴρ
1288 1311 1338 1346 μέν
1355 1310 1412 1336 ἐστι
1431 1310 1479 1344 τῆς
1503 1310 1612 1343 Σοφίας,
1642 1307 1676 1334 τὰ
1703 1307 1736 1333 δὲ
1753 1307 1862 1341 γενητὰ

1064 1359 1152 1385 πάντα
1163 1359 1191 1384 ὲν
1206 1357 1285 1392 σοφίᾳ
1304 1356 1446 1391 πεποίηκε·
1473 1355 1516 1382 διὰ
1543 1354 1569 1381 τί
1587 1355 1623 1389 μὴ
1649 1353 1695 1379 καὶ
1798 1353 1861 1382 τοὺς

1063 1404 1197 1440 Πατέρας,
1217 1403 1280 1434 τούς
1302 1411 1332 1429 τε
1361 1402 1406 1429 τὸν
1428 1401 1585 1436 Σαμοσατὲα
1613 1399 1796 1430 καθελόντας,
1815 1398 1863 1424 καὶ

1062 1451 1112 1486 τὴν
1135 1449 1274 1484 Ἀρειανὴν
1287 1449 1391 1484 αἵρεσιν
1405 1447 1641 1482 στηλιτεύσαντας,
1656 1447 1696 1477 εις
1711 1445 1862 1471 εὐσέῦειαν

1064 1497 1224 1531 συνάγομεν,
1241 1495 1307 1522 ἀλλὰ
1322 1494 1510 1528 διαστέλλομεν
1524 1492 1574 1519 ἀνὰ
1593 1492 1673 1526 μέσον
1690 1491 1799 1523 αὐτῶν,
1816 1491 1862 1516 καὶ

1063 1541 1094 1567 οὐ
1115 1541 1213 1576 μᾶλλον
1244 1539 1332 1575 ὀρθῶς
1360 1539 1424 1573 περὶ
1439 1537 1527 1564 αὐτῶν
1544 1537 1715 1572 φρονοῦμενς
1735 1537 1780 1562 ὃτι
1810 1536 1861 1562 κά-

1063 1588 1156 1619 κεῖνοι,
1173 1586 1298 1620 καθάπερ
1313 1583 1398 1617 εἷπον,
1414 1584 1480 1619 πρὸς
1500 1583 1530 1610 τό
1548 1584 1667 1617 σὸερισμα
1686 1582 1736 1608 τοῦ
1767 1582 1860 1616 Σαμο-

1065 1633 1176 1665 σατέωῖ,
1206 1633 1252 1659 καὶ
1277 1632 1325 1667 τὴν
1354 1631 1501 1666 ἑρμηνείαν
1535 1628 1616 1656 αὑτοῦ
1650 1629 1700 1662 τὴν
1739 1628 1862 1654 διάνοιαν

1064 1678 1180 1713 ἔχοντες,
1194 1678 1326 1713 ἔγραψαν,
1339 1678 1395 1703 Οὐκ
1413 1677 1484 1702 ἐστιν
1499 1674 1650 1710 ὁμοούσιος·
1667 1674 1715 1700 καὶ
1727 1672 1807 1700 οὗτοι
1825 1674 1862 1705 δὲ,

1066 1724 1154 1755 καλῶς
1169 1724 1324 1758 νοήσαντες,
1335 1723 1477 1758 εἰρήκασιν
1489 1720 1630 1756 ὁμοούσιον
1642 1717 1712 1746 εἶναι
1725 1719 1774 1745 τὸν
1785 1720 1862 1746 Υἱὸν.

1065 1770 1118 1796 Καὶ
1131 1770 1185 1804 γὰρ
1201 1768 1278 1803 κάγὼ
1299 1767 1409 1794 τοιαῦτα
1425 1767 1474 1802 μὲν
1497 1766 1565 1793 νοῶν
1664 1765 1730 1800 περὶ
1753 1765 1811 1791 τῶν
1825 1766 1866 1790 εὑ-

1066 1815 1214 1842 σεὸούντων
1231 1815 1271 1845 εἰς
1286 1814 1331 1840 τὸν
1355 1813 1470 1846 Χριστὸν
1494 1813 1526 1839 δι’
1546 1812 1642 1845 ὀλίγων
1656 1811 1778 1845 ἔγραψα·
1796 1812 1823 1837 εἰ
1838 1811 1864 1836 δὲ

1064 1861 1174 1888 δυνατὸν
1186 1859 1219 1896 ἦν
1235 1860 1385 1896 εὐπορῆσαι
1401 1859 1506 1894 καὶτῆς
1518 1858 1670 1892 ἐπιστολῆς,
1689 1857 1724 1891 ἣν
1734 1857 1865 1890 λέγουσιν

1066 1907 1186 1938 ἐκείνους
1275 1905 1451 1942 γεγραφέναι,
1463 1904 1583 1940 ἡγοῦμαι
1607 1903 1717 1934 πλείους
1745 1903 1866 1937 εὐρεθή-

1067 1954 1160 1980 σεσθαι
1183 1953 1233 1985 τὰς
1252 1953 1412 1988 προφάσεις,
1438 1952 1472 1978 δι’
1493 1951 1524 1982 ἃς
1552 1949 1771 1985 ἡναγκάσθησαν
1790 1949 1865 1975 οὕτω

1066 1999 1170 2035 γράψαι
1183 1999 1207 2025 oi
1223 1998 1351 2034 μακάριοι
1367 1998 1476 2024 ἐκεῖνοι.
1492 1997 1538 2022 Δεῖ
1551 1995 1605 2031 γὰρ
1633 1995 1707 2030 ἡμᾶς
1722 1995 1775 2021 καὶ
1796 1995 1865 2031 πρι-

1067 2054 1112 2073 πει
1127 2045 1238 2072 τοιαῦτα
1252 2046 1369 2080 φρονεῖν,
1379 2043 1505 2079 τοιαύτην
1519 2051 1548 2069 τε
1563 2041 1658 2073 σώζειν
1672 2041 1784 2077 ἀγαθὴν
1801 2049 1866 2067 συν-

1068 2092 1169 2126 είδησιν
1186 2090 1254 2127 πρὸς
1273 2091 1336 2122 τοὺς
1349 2090 1483 2125 Πατέρας,
1506 2088 1564 2122 εἴγε
1583 2087 1620 2122 μὴ
1632 2086 1703 2113 νόθοι
1723 2087 1864 2121 τυγχάνει-

1070 2145 1128 2171 μεν,
1139 2136 1195 2162 ἀλλ’
1211 2135 1241 2168 ἐξ
1253 2135 1341 2162 αὐτῶν
1355 2134 1452 2169 ἔχομεν
1476 2133 1526 2164 τὰς
1539 2131 1712 2168 παραδόσεις.
1730 2131 1784 2157 καὶ
1799 2131 1864 2167 παρ¹

1068 2181 1157 2208 αὐτῶν
1170 2180 1218 2216 τὴν
1230 2181 1279 2215 τῆς
1290 2179 1430 2210 εὐσεϐείας
1443 2177 1626 2204 διδασκαλίαν.

1159 2223 1276 2259 Τοιαύτη
1295 2223 1344 2258 μὲν
1357 2220 1402 2249 οὖν
1418 2223 1435 2257 ὴ
1451 2221 1556 2248 διάνοια
1568 2220 1622 2247 τῶν
1634 2220 1769 2254 Πατέρων
1787 2220 1860 2253 λεγέ-

1069 2269 1125 2297 σθω
1139 2269 1186 2296 καὶ
1201 2268 1378 2296 πιστευέσθω.
1396 2268 1463 2302 Φέρε
1476 2266 1504 2293 δὲ
1519 2266 1567 2293 καὶ
1595 2266 1652 2301 μετ’
1671 2265 1768 2291 αὐτῶν
1782 2266 1863 2291 πάλιν

1068 2315 1239 2350 ἐξετάσωμεν
1266 2314 1296 2341 τὸ
1312 2315 1427 2350 πρᾶγμα
1453 2312 1557 2348 πράως,
1584 2311 1632 2338 καὶ
1651 2310 1719 2346 μετὰ
1742 2311 1864 2344 συνειδή-

1070 2370 1138 2392 σεως
1150 2360 1264 2396 ἀγαθῆς,
1281 2359 1516 2395 μνημονεύσαντες
1592 2357 1639 2384 καὶ
1658 2356 1711 2383 τῶν
1729 2365 1863 2392 προειρη-

1072 2406 1168 2441 μένωψ
1188 2406 1211 2432 εἰ
1228 2406 1264 2440 μὴ
1286 2405 1325 2440 τῷ
1334 2404 1391 2431 am
1405 2404 1555 2430 δείκνυνται
1569 2402 1659 2433 καλῶς
1673 2402 1864 2436 φρονήσαντες

1069 2452 1094 2478 οἱ
1125 2452 1152 2477 ἐν
1178 2453 1212 2486 τῇ
1239 2451 1342 2486 Νικαίᾳ
1368 2449 1538 2480 συνελθόντες
1571 2448 1724 2474 ἐπίσκοποι.
1752 2448 1787 2473 EE
1816 2448 1864 2482 μὲν

1071 2498 1176 2533 ποίημά
1190 2499 1264 2524 ἐστιν
1280 2499 1294 2524 ὁ
1311 2497 1407 2530 Λόγος,
1424 2497 1472 2522 καὶ
1498 2495 1636 2530 ἀλλότριος
1661 2493 1713 2527 τῆς
1727 2493 1780 2519 τοῦ
1809 2494 1864 2519 Πα-

1071 2543 1134 2579 τρός
1149 2543 1251 2575 οὐσίας,
1266 2541 1336 2568 ὥστε
1348 2542 1396 2568 καὶ
1406 2539 1569 2576 χωρίζεσθαι
1582 2537 1664 2565 αὐτὸν
1677 2536 1731 2564 ἀπὸ
1743 2536 1796 2563 τοῦ
1808 2538 1864 2564 Πα-

1070 2588 1134 2625 τρός
1148 2588 1187 2623 τῷ
1203 2589 1343 2623 ἑτεροφυεῖ
1371 2585 1514 2622 χωρισμῷ,
1530 2585 1580 2612 οὐκ
1604 2584 1637 2611 ἂν
1656 2583 1699 2618 εἴη
1716 2583 1864 2617 ὁμοοὺσιικ

1070 2634 1109 2669 τῷ
1123 2634 1219 2668 Πατρὶ,
1234 2632 1301 2659 ἀλλὰ
1331 2632 1430 2667 μᾶλλον
1446 2630 1577 2666 ὁμογενὴς
1658 2630 1689 2664 τῇ
1704 2628 1790 2662 φύσει
1809 2630 1862 2659 τοῖς

1072 2680 1214 2715 ποιήμασι,
1229 2678 1281 2705 κᾶν
1299 2677 1455 2713 ὑπερϐάλλῃ
1465 2678 1498 2712 τῇ
1513 2676 1614 2711 χάριτι·
1633 2676 1657 2701 εὶ
1670 2674 1699 2700 δὲ
1713 2673 1863 2708 ὁμολογοῦ-

1074 2734 1122 2761 μεν
1138 2725 1175 2760 μὴ
1204 2723 1273 2751 εἶναι
1291 2723 1372 2750 αὐτὸν
1400 2723 1514 2758 ποίημα,
1538 2721 1606 2748 ἀλλὰ
1632 2721 1744 2755 γνήσιον
1764 2720 1799 2746 ὲκ
1815 2720 1862 2754 τῆς

1072 2771 1164 2802 οὐσίας
1179 2769 1225 2797 τοῦ
1253 2769 1359 2805 Πατρός
1383 2769 1516 2804 γέννημα,
1536 2766 1680 2793 ἀκόλουθον
1707 2765 1742 2792 ἂν
1758 2766 1804 2800 εἴη
1818 2766 1861 2792 καὶ

1072 2816 1222 2851 ἀχώριστον
1239 2815 1319 2842 αὑτὸν
1335 2813 1403 2842 εἶναι
1415 2814 1462 2841 τοῦ
1475 2812 1590 2848 Πατρός,
1607 2811 1713 2847 ὁμοφυῆ
1737 2810 1806 2838 ὄντα
1819 2811 1860 2837 διὰ

1073 2862 1102 2889 τὸ
1118 2863 1146 2896 ἐξ
1164 2862 1245 2889 αὐτοῦ
1259 2860 1446 2896 γεγεννῆσθαι.
1475 2859 1600 2890 Τοιοῦτος
1622 2857 1652 2885 δὲ
1670 2857 1719 2890 ὢν,
1747 2857 1859 2887 εἰκότως
