1902 3078
199 130 251 161 441

828 117 1019 151 EUTHYMII
1038 117 1218 149 ZIGABENI

1786 118 1841 150 M8

199 191 310 214 auctum
341 190 403 212 esse
439 185 468 210 et
496 179 658 216 profecisse.
690 177 750 206 Non
781 177 865 213 igitur
898 173 983 203 Verbi

1063 175 1222 210 ροέκοπτεν.
1240 173 1304 201 0517⁸
1320 171 1367 201 οὖν
1381 173 1429 201 τοῦ
1451 173 1540 209 Λόγου
1556 175 1572 210 ἠ
1586 174 1725 210 προκοπὴ,
1741 175 1804 203 οὔτε
1822 178 1837 212 ὴ

167 236 177 244 κ
200 235 412 262 incrementum,
424 234 515 262 neque
531 233 596 254 caro
610 229 670 252 erat
682 223 826 259 sapientia.
843 222 991 256 Quaprop-

200 284 255 311 ter,
276 281 309 304 ut
323 280 388 304 ante
398 274 529 306 diximus,
545 279 602 299 mn
637 270 696 306 ipsa
715 277 765 305 per
792 276 821 296 se
842 267 992 302 sapientia,

200 328 338 359 quatenus
354 320 489 356 sapientia
501 323 555 351 est,
575 316 748 353 proﬁciebat.
782 314 835 342 Sed
851 313 924 349 quod
941 313 994 340 liu-

204 377 318 399 manum
333 372 404 401 erat,
425 366 453 393 in
476 363 611 400 sapientia
637 361 811 398 proﬁciebat.
843 360 993 387 Humanam

203 417 278 445 enim
326 419 454 442 naturam
498 411 632 447 paulatim
669 408 864 444 exsuperabat,
922 406 994 434 divi-

202 470 323 498 numque
352 459 541 491 ctﬁcichatur,
571 462 599 485 et
629 455 782 484 divinitatis
824 455 994 482 instrumen-

203 516 261 536 tum
284 508 366 536 liebat
395 506 428 534 ad
442 506 502 540 ejus
529 504 654 532 actiones
684 506 715 530 et
737 500 910 538 splendorem
929 507 991 528 om-

202 556 284 583 nibus
319 555 347 581 in
389 553 472 581 rebus
506 550 687 579 eﬂ'erendum.
724 548 908 582 Quamobrem
939 554 995 574 non

202 600 288 628 dixit:
313 599 430 627 Verbum
454 597 623 633 proﬁciebat,
642 595 701 628 sed,
721 593 802 622 Jesus
824 591 995 628 proﬁciebat.

203 654 257 681 quo
271 645 380 680 quidem
401 645 511 671 nomine
526 642 659 669 Dominus
678 641 767 668 laetus
782 639 864 667 homo
885 641 996 665 vocatus

203 698 255 720 est.
285 692 320 719 Ut
335 697 510 727 progressum
540 688 616 716 illum
644 687 770 714 humanm
788 689 892 713 natura:
912 683 997 711 fuisse

204 743 324 771 constet,
351 734 583 772 quemadmodum
602 733 733 761 diximus.

239 784 317 812 Sicut
328 791 393 819 ergo
409 786 552 810 crescente
561 787 644 808 carne
659 779 760 807 dicitur
787 778 846 813 ipse
868 783 997 804 creseeie

201 834 315 867 propter
327 829 453 865 corporis
460 827 695 863 coniunctionem,
705 826 745 853 sic
760 832 791 852 ea
804 831 865 858 quae
875 828 997 857 tempore

1045 221 1116 255 σὰρξ
1137 218 1172 256 ἦν
1190 222 1281 255 σοφία,
1302 220 1370 247 ἀλλὰ
1391 220 1442 255 τῆς
1467 220 1562 254 σοφίας
1585 221 1665 256 σῶμα
1684 221 1798 255 γέγονεν
1822 223 1838 257 ή

1046 266 1123 301 σάρξ.
1142 266 1191 293 Διὰ
1206 266 1286 293 τοῦτο
1300 266 1338 297 ὡς
1351 265 1530 301 προείπομεν,
1547 266 1597 301 οὐχ
1612 267 1629 302 ὴ
1648 266 1740 301 σοφία,
1794 276 1838 294 σο-

1045 313 1095 349 φία
1116 313 1201 346 ἐστὶν,
1226 313 1295 348 αὑτὴ
1317 312 1378 340 καθ’
1395 312 1497 349 ἑαυτὴν
1512 313 1696 347 προέκοπτεν,
1721 313 1792 340 ἀλλὰ
1811 314 1841 340 τδ

1045 359 1215 395 ἀνθρώπινον
1233 359 1263 386 ἑν
1276 360 1309 394 τῇ
1326 359 1410 395 σοφίᾳ
1424 359 1605 395 προέκοπτεν,
1620 359 1841 395 ὑπιραναδαῖνον

1046 406 1109 432 κατ’
1126 405 1216 439 ὀλίγον
1230 405 1280 441 τὴν
1293 405 1469 440 ἀνθρωπίνην
1483 405 1565 440 φύσιν
1574 425 1582 438 ,
1599 405 1647 432 καὶ
1661 405 1842 441 θεοποιούμε-

1045 460 1102 484 νον,
1114 451 1163 478 καὶ
1176 451 1292 487 δργανον
1304 451 1390 486 αὐτῆς
1400 451 1547 486 γενόμενον
1558 451 1626 487 πρὸς
1637 451 1685 487 τὴν
1697 452 1843 488 ἐνέργειαν

1045 497 1095 531 τῆς
1104 497 1240 532 θεότητος,
1256 498 1302 524 καὶ
1315 497 1365 532 τὴν
1374 496 1506 533 ἐλλαμψιν
1518 497 1604 532 αὗτῆς
1615 499 1709 533 φαῖνον
1723 498 1751 524 ὲν
1763 499 1841 525 πᾶσι.

1046 543 1093 569 Διὸ
1115 542 1176 569 οὐδὲ
1192 540 1281 574 εἷπεν,
1294 542 1326 569 Ὅ
1340 543 1426 577 Λόγος
1439 544 1620 578 προέκοπτεν,
1632 543 1709 576 ἀλλὰ,
1725 543 1842 578 Ἰησοῦς,

1046 589 1114 624 ὅπερ
1127 589 1212 623 θνομα
1222 589 1366 623 γενόμενος
1378 589 1523 625 ἄνθρωπος
1535 590 1549 615 6
1562 588 1662 624 Κύριος
1676 589 1794 624 ικλήθη,
1805 589 1842 620 ὡς

1047 632 1121 661 εἶναι·
1133 634 1182 669 τῆς
1194 635 1369 670 ἀνθρωπίνης
1385 635 1493 670 φύσεως
1506 635 1556 671 τὴν
1572 635 1726 670 προκοπήν.
1748 635 1843 667 Οὕτως

1047 682 1077 708 ὲν
1090 682 1146 712 τοῖς
1160 681 1316 716 ἔμπροσθεν
1327 681 1453 717 εἴπομεν.

1088 772 1194 799 Οὐκοῦν
1209 771 1305 807 ὥσπερ
1328 773 1538 808 προκοπτούσης
1552 772 1602 807 τῆς
1614 773 1715 808 σαρκὸς
1733 772 1843 807 λέγεται

1048 817 1131 850 αῡτδς
1144 817 1311 852 προκόπτειν
1333 817 1376 844 διὰ
1390 818 1440 852 τὴν
1465 818 1535 854 πρὸς
1554 819 1585 845 τδ
1611 818 1692 853 σῶμα
1709 819 1841 855 ἰδιότητα,

203 877 299 905 mortis
307 863 454 912 appetente
463 875 602 906 dicuntur,
611 878 641 900 ut
651 872 728 899 turba
734 871 766 903 ri,
775 877 802 898 et
810 871 888 902 ﬁere,
896 871 994 897 eodem

1062 863 1118 890 ῦτω
1127 863 1175 890 καὶ
1187 864 1222 891 τὰ
1240 864 1315 899 παρὰ
1334 863 1380 890 τὸν
1392 863 1487 899 καιρὸν
1502 864 1549 891 τοῦ
1565 864 1681 891 Θανάτου
1693 865 1842 901 λεγόμενα,

202 931 285 952 sensu
299 927 363 951 sunt
372 921 540 957 accipienda.
555 920 583 948 Si
592 920 672 955 igitur
683 927 716 946 ex
729 918 857 945 humanis
871 915 993 943 aﬂ‘ectio-

203 971 286 998 nibus
304 964 417 996 humilia
433 968 596 1003 abiectaque
613 964 750 1001 cogitandi
762 963 796 991 de
807 963 864 990 Deo
879 966 995 991 sumunt

203 1017 390 1048 occasionem,
422 1014 491 1042 adeo
523 1018 554 1041 ut
578 1013 718 1040 hominem
744 1010 833 1046 ipsum
863 1013 951 1037 totum
978 1015 994 1035 e

205 1067 288 1094 terra,
307 1069 362 1090 non
379 1066 470 1088 autem
482 1067 497 1088 e
510 1059 580 1087 caelo
600 1063 706 1093 putem,
722 1065 772 1084 cur
786 1064 839 1083 non
856 1055 939 1083 etiam
959 1061 994 1081 ex

203 1107 306 1136 divinis
326 1107 458 1142 operibus
472 1106 502 1133 in
514 1105 595 1132 Patre
623 1103 742 1131 Verbum
770 1106 935 1138 agnoscunt,
967 1105 995 1127 et

206 1153 346 1188 propriam
374 1151 525 1187 repudiant
550 1147 740 1183 impietatem?
770 1146 889 1174 Possunt
919 1144 994 1172 enim

205 1200 427 1228 animadvertere
435 1199 562 1227 eumdem
577 1196 701 1232 esse,qui
713 1195 805 1223 divina
817 1201 900 1229 opera
915 1199 994 1220 exse-

205 1246 309 1280 quitur,
333 1249 360 1273 et
375 1246 423 1280 qui
444 1251 544 1280 corpus
560 1242 751 1270 aﬁ‘ectionibns
774 1239 925 1268 obnoxium
947 1245 994 1266 os-

206 1290 305 1323 tendit,
320 1290 384 1318 dum
397 1290 545 1326 permittit,
565 1289 655 1324 ipsum
671 1287 775 1322 lugere,
785 1290 812 1313 et
832 1285 948 1318 esurire,
967 1288 995 1312 et

205 1338 233 1365 id
242 1344 328 1372 genus
345 1337 397 1364 alia
415 1336 531 1372 perpeti.
546 1335 586 1363 Ex
600 1335 643 1362 liis
656 1335 731 1362 enim
744 1332 874 1360 omnibus
903 1331 996 1359 decla-

206 1385 277 1412 ravit
302 1391 342 1415 se.
358 1391 421 1411 cum
439 1382 511 1410 Deus
525 1382 561 1409 sit
574 1380 743 1417 impatibilis.
761 1386 871 1408 carnem
894 1377 996 1413 patibi-

206 1431 259 1458 lem
280 1430 447 1463 suscepisse.
469 1430 508 1457 Ex
529 1428 661 1464 operibus
691 1431 782 1454 autem
810 1425 942 1457 ostendit,
964 1431 996 1452 se

207 1475 254 1503 Dei
274 1473 393 1501 Verbum
427 1474 569 1501 hominem
597 1478 660 1499 esse
689 1471 791 1498 factum
808 1477 816 1496 :
835 1468 892 1495 Etsi
918 1467 995 1500 mihi,

208 1521 349 1556 inquiens,
365 1528 417 1547 non
426 1520 545 1552 creditis,
564 1517 688 1553 operibus
714 1515 822 1548 credite,
843 1519 872 1542 ut
888 1522 997 1550 cognos-

207 1567 293 1598 catis;
302 1574 343 1593 me
356 1573 411 1592 esse
421 1566 448 1592 in
462 1565 553 1595 Patre,
565 1568 589 1590 et
600 1563 709 1590 Patrem
724 1563 752 1589 in
767 1569 807 1588 me
817 1562 838 1588 ‘.
847 1560 998 1588 Audientes

210 1613 322 1648 quidem
355 1612 432 1638 illum
460 1611 597 1638 dicentem
612 1618 619 1636 :
643 1609 700 1644 Ego
719 1613 743 1636 et
760 1606 844 1636 Pater
857 1615 938 1634 unum
955 1614 999 1632 su-

210 1667 268 1686 mus
282 1679 289 1691 ,
306 1659 317 1674 "
340 1666 422 1685 unam
442 1665 476 1684 ex
492 1657 659 1692 proprietate
675 1655 764 1682 Patris
779 1661 830 1689 per
850 1653 998 1681 essentiam

211 1703 370 1738 perspicere
399 1701 573 1729 divinitatem
601 1699 745 1735 oportebat
762 1707 771 1732 ;
788 1698 929 1726 audientes
952 1705 1001 1723 au-

212 1756 266 1776 tem
297 1756 359 1776 eum
377 1747 496 1780 ﬂevisse,
512 1753 539 1775 et
559 1746 663 1781 reliqua
675 1745 797 1780 eiusdem
814 1745 921 1779 generis
937 1751 1001 1778 per-

213 1795 319 1828 tulisse,
330 1803 361 1822 ea
382 1795 461 1822 fateri
490 1801 552 1821 esse
575 1793 700 1828 corporis
726 1791 845 1818 maxime
876 1790 999 1826 propria.

212 1842 371 1878 Legitimam
404 1842 479 1868 enim
498 1842 534 1868 ita
544 1839 681 1874 cogitandi
700 1845 811 1865 causam
827 1837 939 1868 habent,
967 1839 997 1862 ut

214 1897 246 1916 ea
263 1888 374 1923 quidem
396 1888 430 1914 de
449 1886 512 1919 Deo,
526 1886 583 1912 hanc
600 1890 690 1912 autem
709 1887 821 1919 propter
847 1883 999 1910 humanum

214 1934 303 1969 ipsius
316 1939 417 1967 corpus
431 1932 533 1966 scripta
548 1931 613 1958 sint.
635 1930 723 1957 Homo
733 1933 825 1956 autem
844 1928 933 1955 tactus
947 1933 1000 1960 est,

214 1984 243 2007 et
262 1979 320 2006 liazc
335 1983 464 2013 tanquam
479 1978 514 2004 ab
536 1977 646 2004 homine
656 1976 787 2003 dicuntur
803 1979 832 2002 et
859 1974 938 2006 ﬁunt,
971 1977 1002 1999 ut

172 2035 178 2039 λ
215 2027 258 2053 lue
277 2032 385 2060 quoque
404 2025 494 2051 carnis
513 2023 672 2051 aﬁectioues
691 2022 770 2048 nobis
792 2021 911 2049 leviores
945 2019 1003 2048 είῙί-

216 2073 335 2105 ciantur,
351 2075 379 2098 et
395 2078 444 2098 nos
464 2070 498 2098 ab
511 2070 564 2097 illis
581 2069 660 2097 liberi
674 2069 770 2096 simus.
782 2068 842 2096 Jam
859 2067 1002 2100 Dominus,

215 2117 262 2152 qui
272 2123 380 2152 semper
397 2116 423 2143 in
436 2115 516 2143 Patre
531 2119 584 2149 est,
603 2122 659 2141 non
688 2119 834 2149 antequam
855 2113 927 2140 hanc
952 2120 1002 2140 vo-

216 2171 277 2191 cem
292 2164 444 2195 emitteret,
457 2169 509 2190 nec
543 2166 723 2197 posteaquam
755 2161 830 2188 illam
854 2160 958 2192 emisit,
987 2167 1003 2186 a

1044 910 1075 936 τὸ
1091 909 1257 944 πραχθῆναι,
1278 910 1308 936 τὸ
1320 909 1450 944 κλαῦσαι,
1469 910 1524 946 χρὴ
1545 909 1696 945 λαμϐάνειν
1714 913 1748 948 τῇ
1770 913 1841 948 αὐτῇ

1044 954 1159 990 διανοίᾳ.
1168 954 1254 987 Εἴπερ
1261 954 1306 981 οὖν
1321 956 1353 981 ὲκ
1365 955 1420 982 τῶν
1432 956 1610 991 ἀνθρωπίνων
1624 958 1843 992 προφασίζονται

1044 1001 1079 1028 τὰ
1091 1000 1208 1027 ταπεινὰ
1225 1002 1295 1027 νοεῖν
1309 1001 1374 1035 περὶ
1389 1000 1436 1027 τοῦ
1451 1001 1517 1027 Υἱοῦ
1536 1001 1582 1028 τοῦ
1596 1001 1675 1035 Θεοῦ,
1695 1003 1798 1038 μᾶλλον
1812 1004 1843 1030 δὲ

1044 1045 1189 1081 ἄνθρωπον
1215 1046 1295 1073 αὑτὸν
1324 1045 1384 1072 ὅλον
1402 1045 1435 1072 ἐκ
1461 1046 1524 1080 γῆς,
1541 1047 1586 1073 καὶ
1607 1047 1657 1073 οὐκ
1679 1047 1712 1080 ἐξ.
1724 1047 1843 1083 οὐρανοῦ

1045 1091 1198 1126 νομίζουσι,
1213 1091 1286 1118 διατι
1314 1091 1353 1127 μὴ
1369 1091 1415 1117 καὶ
1443 1092 1475 1118 ἐκ
1488 1092 1542 1118 τῶν
1558 1092 1657 1119 θεῖκῶν
1670 1093 1759 1129 ἔργων
1773 1094 1840 1121 ἐπι-

1044 1139 1209 1173 γινώσκουσι
1231 1138 1276 1164 τὸν
1299 1138 1329 1164 ὲν
1356 1136 1396 1172 τῷ
1424 1137 1513 1173 Πατρὶ
1535 1137 1632 1172 Λόγον,
1672 1140 1720 1165 καὶ
1747 1139 1842 1167 λοιπον

1045 1183 1192 1219 ἀρνοῦνται
1218 1183 1268 1219 τὴν
1286 1184 1354 1210 ίδίαν
1374 1183 1525 1217 ἀσέϐειαν;
1544 1184 1652 1216 Ἔξεστι
1666 1186 1720 1220 γὰρ
1746 1186 1843 1218 αὐτοῖς

1045 1230 1124 1266 ορᾷν,
1158 1229 1217 1261 πῶς
1237 1230 1318 1261 αὑτός
1345 1230 1419 1256 ἐστιν
1436 1230 1450 1256 ὁ
1479 1231 1526 1257 καὶ
1552 1231 1585 1256 τὰ
1603 1230 1742 1266 θεοπρεπῆ
1769 1233 1842 1267 ἔργα

1047 1276 1144 1308 ποιῶν,
1158 1276 1265 1309 ὀαύτός
1280 1276 1354 1303 ἐστιν
1365 1276 1379 1302 ὸ
1391 1276 1439 1302 καὶ
1450 1276 1481 1303 τὸ
1502 1276 1581 1312 σῶμα
1593 1277 1715 1313 παθητὸν
1730 1278 1839 1311 δεικνὺς

1046 1322 1075 1349 ἰν
1087 1322 1125 1357 τῷ
1143 1323 1252 1356 ἀφιέναι
1277 1322 1382 1349 κλαίειν
1404 1322 1453 1349 καὶ
1474 1323 1570 1358 πεινᾷν
1587 1323 1663 1357 αὐτὸ,
1676 1324 1725 1350 καὶ
1735 1324 1770 1350 τὰ
1787 1324 1843 1351 [δια

1045 1367 1092 1395 τοῦ
1111 1368 1237 1403 σώματος
1256 1369 1284 1395 ὲν
1304 1369 1379 1401 αὐτῷ
1396 1369 1550 1403 φαίνεσθαι.
1572 1369 1619 1396 Ἐκ
1636 1370 1687 1405 μὲν
1709 1370 1765 1405 γὰρ
1784 1371 1844 1398 τῶν

1045 1415 1176 1441 τοιούτων
1183 1414 1314 1450 ἐγνώριζε
1330 1415 1425 1447 πᾶσιν,
1446 1415 1487 1442 ὃτι
1502 1415 1567 1446 Θεὸς
1575 1415 1613 1442 ὢν
1630 1415 1739 1448 ἀπαθὴς
1750 1416 1844 1452 σάρκα

1048 1459 1172 1495 παθητὴν
1187 1459 1298 1486 ἐλαϐεν·
1317 1460 1349 1486 ἐκ
1365 1460 1393 1486 δὲ
1413 1469 1467 1486 των
1482 1460 1569 1497 ἔργων
1589 1461 1725 1488 ἐδείκνυεν
1739 1462 1842 1490 ἑαυτὸν

1048 1505 1134 1540 Λόγον
1145 1505 1209 1533 ὂντα
1229 1505 1307 1540 Θεοῦ,
1331 1506 1379 1533 καὶ
1399 1505 1514 1541 ὕστερον
1538 1507 1684 1543 γενόμενον
1699 1508 1846 1544 ἄνθρωπον

1048 1551 1135 1585 λέγων
1149 1560 1156 1567 ”
1169 1551 1232 1579 Κᾶν
1246 1551 1310 1586 ἐμοὶ
1325 1551 1369 1587 μὴ
1385 1554 1548 1587 πιστεύητε
1560 1553 1751 1588 ἀνθρώπινον
1762 1563 1847 1589 περι-

1049 1597 1233 1631 ϐεϐλημένον
1248 1596 1344 1632 σῶμα,
1360 1597 1441 1625 ἀλλὰ
1456 1597 1513 1625 κᾶν
1529 1598 1592 1631 τοῖς
1608 1599 1708 1634 ἐρτοις
1722 1603 1847 1628 πιστεύο

1049 1649 1135 1673 (rats,
1146 1642 1196 1669 ἵνα
1210 1641 1314 1676 γνῶτε,
1337 1642 1381 1669 ὅτι
1394 1643 1451 1678 ἐγὼ
1466 1643 1501 1670 ἐν
1522 1643 1562 1676 τῷ
1574 1645 1676 1679 (turpi,
1691 1646 1740 1672 καὶ
1754 1647 1770 1673 ό
1783 1648 1847 1673 Πα-

1050 1688 1106 1722 τὴρ
1130 1688 1166 1714 ἐν
1177 1688 1253 1722 ἐμοι.
1281 1688 1354 1715 Ἔδει
1370 1689 1409 1723 δὲ,
1429 1690 1469 1716 ὅτι
1485 1690 1636 1721 ἀκούοντας
1662 1691 1711 1725 μὲν
1729 1692 1846 1724 αὐτοὺς,

1058 1732 1136 1767 Ἐγὼ
1152 1733 1201 1760 καὶ
1217 1735 1233 1760 ό
1255 1734 1357 1768 Πατὴρ
1371 1734 1406 1761 ἓν
1419 1734 1523 1769 ἐσμεν,
1547 1736 1611 1770 μίαν
1630 1737 1697 1771 ὸρᾷν
1713 1736 1763 1772 τὴν
1783 1737 1847 1765 θεό-

1050 1787 1119 1814 τητα
1129 1779 1200 1805 κατὰ
1216 1778 1246 1805 τὸ
1264 1779 1328 1806 ἴδιον
1342 1780 1392 1815 τῆς
1408 1780 1501 1812 οὐσίας
1517 1780 1564 1808 τοῦ
1581 1782 1686 1816 Πατρός
1703 1791 1710 1798 ·
1729 1784 1847 1811 ἀκούον-

1050 1833 1099 1858 τας
1109 1825 1138 1852 δὲ
1150 1824 1180 1852 τὸ
1195 1826 1329 1853 summa
1341 1846 1349 1858 ,
1367 1827 1415 1854 καὶ
1426 1827 1460 1853 τὰ
1473 1828 1564 1862 ὃμοια,
1578 1828 1666 1856 ταῦτα
1682 1830 1730 1856 τοῦ
1751 1831 1849 1866 σώμα-

1051 1879 1096 1901 τος
1111 1870 1164 1897 ῐδια
1185 1870 1276 1903 λέγειν
1307 1871 1436 1904 μάλιστα,
1466 1873 1507 1899 ὅτι
1533 1874 1564 1900 ὲν
1591 1874 1714 1910 ἑκατέρῳ
1739 1875 1848 1903 τούτων

1052 1917 1146 1951 ἔχουσι
1175 1917 1226 1953 τὴν
1242 1918 1370 1953 ἀφορμὴν
1387 1917 1509 1953 εῠλογον,
1526 1920 1567 1946 ὅτι
1593 1920 1626 1947 τὰ
1651 1921 1702 1954 μὲν
1719 1920 1758 1953 ὡς
1780 1923 1849 1957 περὶ

1052 1961 1121 1988 Θεοῦ
1133 1962 1296 1997 γέγραπται,
1306 1963 1340 1989 τὰ
1353 1963 1381 1990 δὲ
1397 1964 1441 1991 διὰ
1459 1965 1490 1991 τὸ
1500 1965 1671 2001 ἀνθρώπινον
1689 1967 1772 1994 αὑτοῦ
1788 1967 1848 1994 σῶ-

1053 2016 1092 2043 μα
1118 2008 1237 2042 λέγεται.
1257 2009 1334 2035 Ἐπεὶ
1362 2010 1410 2036 καὶ
1441 2009 1586 2046 ἄνθρωπος
1601 2013 1708 2045 γέγονε,
1738 2014 1788 2039 καὶ
1809 2014 1849 2044 ὡς

1053 2055 1130 2088 παρὰ
1156 2055 1303 2090 ἀνθρώπου
1329 2057 1452 2090 γίνεται,
1476 2058 1524 2084 καὶ
1553 2058 1661 2092 λέγεται
1679 2059 1783 2093 ταῦτα,
1804 2061 1848 2086 ἵνα

1054 2101 1140 2129 ταῦτα
1165 2101 1200 2129 τὰ
1220 2102 1372 2138 παθήματα
1393 2104 1441 2139 τῆς
1467 2104 1568 2140 σαρκὸς
1596 2106 1728 2141 κουφίσα;
1753 2107 1849 2139 αὐτοῖς

1055 2146 1202 2182 ἐλευθέραν
1228 2147 1319 2176 αὐτῶν
1336 2149 1441 2185 ταύτην
1457 2151 1662 2187 κατασχευάτῃ.
1685 2152 1768 2179 Ὅθεν
1784 2154 1847 2180 οὐδὲ

217 2211 297 2238 Patre
310 2191 464 2244 derelinqni
477 2191 576 2244 potuit.
595 2191 690 2242 Neq-ue
705 2208 746 2234 fas
763 2212 806 2234 est
821 2206 922 2239 dicere,
949 2191 999 2234 Do-

1062 2191 1299 2226 ιγκαταλείπεσθαι
1316 2193 1429 2222 δύναται
1456 2197 1532 2231 παρὰ
1555 2196 1602 2224 τοῦ
1626 2197 1733 2233 Harpe;
1757 2200 1772 2225 ὸ
1791 2200 1848 2226 Κύ-

218 2257 323 2284 minum
341 2256 430 2291 ipsum
445 2255 614 2286 formidasse,
642 2260 724 2288 quem
749 2253 847 2280 inferni
871 2253 1003 2280 custodes

218 2307 372 2331 metuentes
390 2300 526 2328 infernum
542 2300 718 2332 dimiserunt,
736 2303 849 2334 propter
866 2306 950 2333 quem
976 2301 1005 2325 et

220 2352 401 2376 monumenta
432 2351 525 2381 aperta
553 2350 629 2379 sunt,
651 2351 679 2373 et
700 2346 785 2372 multa
800 2347 921 2380 “,corpora
943 2351 1007 2372 san-

221 2402 329 2425 ctorum
346 2398 537 2423 surrexerunt.
550 2393 620 2420 Ecce
637 2393 710 2420 enim
737 2392 845 2420 dicente
863 2391 977 2418 Domino
996 2398 1004 2416 :

220 2443 274 2470 Cur
293 2441 456 2476 dereliquisti
472 2448 512 2466 me
528 2438 560 2465 'i
575 2438 655 2466 Pater
663 2445 693 2465 se
703 2441 730 2466 et
744 2445 852 2472 semper
864 2442 964 2465 ettunc
977 2437 1004 2463 in

220 2488 280 2523 ipso
307 2487 392 2514 [uiSSe
411 2485 540 2512 declarat.
560 2483 628 2511 Nam
641 2488 668 2510 et
678 2487 749 2510 terra
765 2481 908 2510 Dciniuum
923 2488 1003 2508 suum

221 2535 376 2568 loquentem
399 2537 551 2567 agnoscens
575 2530 667 2557 statim
699 2528 821 2556 tremuit.
854 2527 887 2555 Et
913 2527 1004 2555 velum

221 2582 337 2609 scissum
362 2584 413 2611 est,
426 2584 453 2606 et
464 2578 504 2605 sol
529 2577 619 2604 radios
632 2583 699 2604 suos
714 2572 846 2607 contexit,
866 2579 895 2603 et
922 2579 1006 2609 petrae

221 2627 369 2655 confracta:
386 2629 467 2658 sunt;
481 2629 508 2651 et
523 2623 596 2659 quod
613 2622 805 2650 admirandum
823 2625 876 2653 est,
889 2620 926 2647 illi
943 2620 1006 2654 ipsi,

221 2674 268 2709 qui
279 2673 394 2700 aderant
415 2677 443 2698 et
456 2678 518 2698 eum
527 2674 591 2696 ante
617 2671 793 2704 negaverant,
818 2667 877 2694 hac
895 2665 1005 2700 conspi-

221 2719 276 2747 cati
299 2726 362 2746 vere
375 2718 448 2745 hunc
465 2723 525 2745 esse
544 2714 591 2742 Dei
615 2715 712 2742 Filium
726 2713 900 2740 conﬁtentur.

260 2854 268 2870 '
283 2853 362 2882 Joan.
380 2860 406 2886 x,
420 2853 464 2880 58.
504 2852 514 2868 ³
526 2849 594 2878 ibid.
606 2849 651 2876 50.
690 2847 700 2863 ³
713 2846 809 2874 Matth.
820 2852 893 2880 τινι,
908 2845 952 2874 46,

1058 2248 1125 2275 ριος,
1150 2240 1179 2266 ιν
1198 2239 1286 2275 ἐαυτῷ
1299 2239 1337 2267 ὢν
1363 2241 1406 2268 ἀεὶ
1428 2242 1475 2268 καὶ
1500 2242 1553 2277 πρὸ
1564 2242 1611 2268 τοῦ
1623 2244 1712 2269 εἰπεῖν
1727 2244 1776 2270 καὶ
1800 2244 1846 2272 ὅτε

1055 2285 1157 2320 ταύτην
1172 2285 1248 2320 ἠφίει
1261 2286 1311 2321 τὴν
1321 2287 1421 2322 φωνὴν.
1437 2286 1508 2313 ΙΑλλ¹
1524 2288 1585 2314 οὐδὲ
1594 2288 1673 2323 θέμις
1688 2290 1778 2316 εἰπεῖν
1790 2291 1846 2316 πεί-

1055 2331 1097 2358 λιν
1109 2331 1210 2366 δειλιᾷν
1224 2331 1270 2358 τὸν
1286 2331 1398 2368 Κύριον,
1413 2332 1443 2359 ὃν
1468 2335 1493 2360 ot
1510 2333 1629 2368 πυλωροὶ
1638 2333 1685 2360 τοῦ
1698 2333 1763 2370 ᾅδου
1779 2336 1846 2362 πτύ-

1057 2375 1151 2409 ξαντες
1168 2375 1310 2411 ὲξαφῆκαν
1326 2377 1372 2404 τὸν
1395 2377 1472 2413 ᾅδην.
1502 2379 1557 2405 Καὶ
1579 2379 1614 2405 τὰ
1639 2379 1690 2414 μὲν
1713 2380 1847 2414 μνήματα

1055 2423 1169 2458 ἀνέῳγε,
1182 2423 1268 2450 πολλὰ
1286 2423 1313 2450 δὲ
1331 2424 1444 2458 σώματα
1467 2425 1522 2451 τῶν
1537 2424 1622 2458 ἁγίωι
1645 2426 1757 2461 ἀνέστη.
1779 2427 1845 2454 Ἰδοὺ

1055 2468 1180 2503 λέγοντος
1190 2468 1282 2502 αὑτοῦ,
1304 2467 1391 2496 ἰνατί
1404 2477 1443 2504 με
1460 2469 1670 2504 ἐγκατέλεικες
1682 2478 1691 2502 ;
1707 2471 1846 2499 ἐδείκνυεν

1054 2514 1069 2540 ὸ
1091 2515 1195 2549 Πατὴρ,
1227 2514 1265 2545 ὠς
1288 2514 1331 2540 ἀεὶ
1351 2515 1398 2541 καὶ
1420 2515 1481 2542 τότε
1506 2513 1540 2551 ἦν
1556 2516 1641 2550 αὐτῷ.
1676 2516 1708 2542 Ἡ
1734 2517 1792 2551 γὰρ
1811 2517 1846 2551 γῆ

1056 2559 1226 2593 γινώσκουσα
1241 2557 1289 2585 τὸν
1309 2559 1441 2586 λαλοῦντα
1470 2561 1613 2596 Δεσπότην
1630 2561 1711 2592 εὐθὺς
1731 2561 1844 2597 ἔτρεμε,

1056 2606 1104 2632 καὶ
1133 2606 1163 2632 τὸ
1187 2606 1388 2640 καταπέτασμα
1415 2606 1549 2642 ἐσχίζετο,
1568 2609 1581 2634 ό
1603 2607 1678 2642 ἥλιός
1699 2616 1730 2634 τε
1762 2609 1847 2645 ἐκρύ-

1058 2659 1153 2683 πτετο,
1180 2651 1227 2677 καὶ
1262 2651 1290 2677 αἱ
1323 2652 1420 2687 πέτραι
1441 2652 1646 2687 διερρήγνυντο.
1677 2653 1733 2680 Καὶ
1762 2654 1795 2681 τό
1815 2663 1844 2685 γε

1060 2695 1227 2731 θαυμαστὸν,
1248 2697 1289 2722 ὅτι
1309 2697 1333 2723 oi
1362 2698 1421 2724 τότε
1444 2699 1585 2733 παρόντες,
1612 2699 1659 2726 καὶ
1683 2699 1846 2735 ἀρνούμενοι

1059 2742 1140 2768 αὑτὸν
1162 2743 1306 2777 πρότερον,
1335 2742 1448 2778 ὕστερον
1470 2744 1556 2771 ταῦτα
1583 2745 1728 2779 βλέποντες
1750 2747 1844 2781 ὁμολο-

1061 2788 1154 2821 γοῦσιν
1167 2787 1274 2822 ἀληθῶε
1286 2789 1380 2815 τοῦτον
1392 2787 1458 2814 οῒνσι
1475 2790 1542 2815 Rm":
1561 2790 1622 2816 Υῐις-
