1902 3078
59 152 114 183 ί4θ

536 148 724 179 PANOPLEA
745 148 977 179 DOGMATICA.
995 160 1027 166 —
1047 148 1123 178 TIT.
1139 148 1190 178 Xl.

1632 149 1684 181 £30

95 207 163 242 Περὶ
180 206 207 234 δὲ
221 204 269 233 τοῦ
290 204 379 240 λέγειν
403 203 485 231 αὐτόν
497 211 505 219 ·
525 205 559 231 ΕΖ
573 203 719 237 δυνατὸν,
735 204 848 237 παρελ-

933 202 994 231 Jam
1007 203 1079 238 quod
1091 203 1211 238 pertinet
1225 202 1259 230 ad
1276 202 1322 230 illa
1335 202 1417 230 verba
1434 212 1441 230 :
1460 202 1488 231 Si
1502 204 1560 238 ﬁeri
1584 211 1682 239 potest,

61 256 133 284 θέτω
145 254 181 282 τὸ
195 253 351 286 ποτήριον,
373 250 534 286 μαθέτωσαν
559 250 643 281 πῶςὸ
662 249 747 276 ταῦτα
766 250 844 284 εἰρη-

61 302 117 334 κὼς
133 301 252 336 ιπετίμα
269 298 308 334 τῷ
319 299 414 334 Πέτρῳ
426 299 514 333 λέγων
524 305 532 313 ο
544 297 586 326 οὐ
600 296 720 332 φρονεῖς
733 295 770 323 τὰ
791 294 845 322 τοῦ

63 349 146 377 Θεοῦ.
164 346 262 374 Ἤθελε
278 345 330 380 γὰρ
342 344 357 371 ὃ
370 345 531 380 παρῃτεῖτο,
547 344 593 370 καὶ
604 341 648 369 διὰ
659 341 738 369 τοῦτο
756 339 790 377 ἦν
803 339 845 367 ἑλ-

62 396 125 422 θὼν.
148 393 282 427 Ἑπιτίμα
296 392 346 427 μὲν
366 388 414 418 οὖν
429 391 468 426 τῷ
486 390 583 425 Πέτρῳ
612 388 652 420 ὡς
672 387 747 420 Θεδς,
772 394 844 421 παρ-

61 441 152 476 ῃτείτο
164 439 192 465 δὲ
216 439 263 465 τὸν
282 437 397 464 θάνατον
415 435 452 467 ὡς
468 435 623 470 ἄνθρωπος.
642 431 705 468 Εἶχε
728 433 782 468 γὰρ
792 433 846 458 δει-

61 486 163 513 λιῶσαν
180 484 231 520 τὴν
251 483 352 518 σάρκα,
378 481 412 508 δι’
425 481 460 517 ὴν
478 480 611 515 αυνεκέρα
636 478 667 506 τδ
686 478 784 506 ἑαυτοῦ
804 477 846 504 θέ-

63 533 138 567 λημα
149 531 180 565 τῇ
196 528 355 564 ἀνθρωπίνῃ
381 526 518 562 ἀσθενείᾳ,
534 526 578 552 (va
596 525 643 552 καὶ
671 524 752 551 τοῦτο
765 523 846 550 πάλιν

63 576 207 610 ἀφανίσας,
226 572 429 610 θαρῤαλέοντδν
449 571 593 607 ἄνθρωπον
619 570 689 606 πρὸς
702 570 747 596 τὸν
765 569 846 597 θάνα-

61 630 108 648 τον
137 619 341 655 κατασκευάσῃ.
377 617 443 645 Ἰδοὺ
472 617 527 651 γὰρ
555 617 672 651 πρᾶγμα
696 614 848 651 παράδοξον

61 667 182 702 ἀληθῶς.
209 666 258 692 Ὃν
273 664 342 692 κατά
352 663 452 690 δειλίαν
459 661 591 690 λαλοῦντα
599 661 753 696 νομίζουσιν
760 661 850 695 οίχριο

62 714 207 749 στομάχοι,
228 708 306 742 οὗτος
324 711 357 746 τῇ
372 708 540 744 νομιζομένῃ
565 707 652 742 δειλίᾳ
677 706 848 742 θαρραλέους

61 760 124 791 τοὺς
138 757 299 794 ἀνθρώπους
326 756 373 782 καὶ
389 754 508 790 ἀφόϐους
523 753 734 785 κατασκευάζει.
750 753 780 779 Οί
794 752 848 786 γὰρ

36 839 39 842 _
64 805 194 840 μακάριοι
216 801 361 829 ἀπόστολοι
391 801 451 836 μετ’
466 800 558 832 αὑτὸν,
577 799 624 826 καὶ
640 800 664 826 οί
681 799 756 826 ἄλλοι
775 798 849 832 ἀγιοι

63 851 205 886 μάρτυρες
230 848 318 880 οὕτως
335 849 367 874 ἐκ
388 847 443 873 τῶν
462 846 589 873 τοιούτων
604 845 701 880 φωνῶν
716 845 850 880 κατεφρό-

62 906 126 924 νουν
140 896 189 923 τοῦ
210 895 334 926 θανάτου,
348 893 386 925 ὡς
407 893 507 928 μᾶλλον
521 892 642 927 νομίζειν
655 892 694 923 είς
715 892 765 926 τὴν
777 891 850 926 ζωὴν

65 943 252 978 μεταϐαίνειν,
263 941 279 976 ἢ
289 941 403 968 θάνατον
414 939 571 974 ὑπομένειν.
586 938 646 970 Πῶς
659 936 706 965 οὖν
721 938 772 964 οὺχ
789 938 850 965 ἀτο-

65 999 115 1017 πον
131 989 186 1016 τῶν
203 989 251 1024 μὲν
274 986 447 1023 θεραπόντων
461 985 507 1012 τοῦ
523 985 611 1019 Λόγου
627 983 777 1019 θαυμάζειν
801 984 851 1019 τὴν

65 1035 191 1070 ἀ.δρίαν,
203 1033 285 1060 αὑτὸν
300 1032 329 1059 δὲ
343 1031 389 1058 τὸν
402 1032 487 1064 Λόγον
503 1031 592 1065 λέγειν
608 1038 637 1056 τε
652 1029 764 1065 δειλιᾴν,
775 1029 810 1055 δι’
821 1028 851 1055 ὃν

67 1083 191 1108 κάκεῖνοι
211 1080 325 1107 Θανάτου
353 1078 582 1113 κατεφρόνησανς
605 1076 656 1102 ’Ἐκ
679 1075 707 1102 δὲ
720 1075 771 1110 τῆς
796 1074 851 1101 τῶν

65 1127 154 1160 ἁγίων
178 1124 330 1160 μαρτυρίας
356 1123 597 1158 καρτερικωτάτης
617 1120 782 1156 προθέσεως,
807 1120 852 1146 καὶ

66 1172 180 1207 ἀνδρίας
201 1171 348 1203 δείκνυται,
383 1170 420 1201 ὡς
444 1170 495 1196 οὐκ
516 1166 550 1204 ἦν
571 1169 589 1203 ἡ
605 1167 699 1202 Θεότης
714 1167 850 1197 δειλιῶσα.

65 1219 138 1247 ἀλλὰ
157 1219 208 1254 τὴν
223 1217 302 1252 ἡμῶν
325 1216 426 1243 δειλίαν
442 1213 476 1251 ἦν
492 1213 693 1249 ἀφαιρούμενος
711 1214 725 1239 ό
740 1213 850 1247 Σωτήρ.

71 1266 115 1291 Ὠς
133 1265 187 1299 γὰρ
203 1263 310 1298 θανάτῳ
322 1262 366 1288 τὸν
379 1262 493 1289 θάνατον
507 1260 675 1295 κατήργησε,
691 1259 737 1285 καὶ
748 1258 853 1293 ἀνθρω-

65 1311 154 1341 πίνως
174 1310 262 1336 πάντα
279 1309 313 1334 τὰ
339 1306 509 1341 ἀνθρώπινα,
529 1304 600 1331 οὕτω
629 1304 676 1330 καὶ
694 1305 728 1339 τῇ
743 1305 852 1335 νομιζο-

66 1357 139 1393 μένῃ
152 1355 239 1391 δειλίᾳ
251 1354 299 1389 τὴν
312 1353 389 1389 ἡμῶν
400 1352 502 1379 δειλίαν
511 1351 652 1387 ἀφῃρεῖτο,
660 1350 706 1376 καὶ
721 1349 853 1385 πεποίηκε

66 1405 171 1439 μηκέτι
203 1401 345 1436 φοὸεζσθαι
371 1399 434 1430 τοὺς
466 1397 625 1434 ἀνθρώπους
655 1395 701 1423 τὸν
725 1395 852 1422 θάνατον.

65 1451 184 1484 Ἔλεγεν
207 1448 253 1476 οὖν
281 1446 378 1478 ταῦτα,
401 1446 449 1473 καὶ
471 1445 530 1480 ἅμα
550 1444 646 1472 ιποίει.
672 1442 854 1478 Ἀνθρὼπινον

65 1494 119 1529 μιν
136 1493 189 1528 γὰρ
214 1490 248 1528 ἦν
263 1492 294 1518 τὸ
313 1491 422 1525 λέγειν’
433 1489 605 1523 Παρελθέτω
623 1489 657 1516 τὸ
683 1487 830 1523 ποτήριον
844 1495 852 1503 ·

63 1540 114 1566 καί
127 1547 140 1555 ο
158 1538 253 1567 ἰνατι
278 1546 317 1572 με
341 1537 571 1572 eratadlatae“
589 1535 686 1566 θεῖκῶς
702 1534 730 1562 δὲ
749 1536 763 1562 ό
775 1534 854 1565 αὐτὸς
868 1548 889 1577 c

63 1585 158 1610 ἐποίει
180 1583 226 1610 τὸν
242 1582 320 1618 ἥλιον
337 1581 485 1613 ἐκλείπειν,
507 1581 554 1607 καὶ
569 1579 633 1611 τοὺς
647 1578 761 1615 νεκροὺς
779 1577 853 1613 ἀγεί-

64 1630 179 1666 ρεσθαι.
195 1629 279 1656 Πάλιν
293 1636 322 1654 τε
336 1628 421 1662 λέγων
435 1626 614 1662 ἀνθρωπίνως
625 1633 632 1641 ·
648 1625 714 1652 Νῦν
730 1624 749 1658 ἡ
766 1623 852 1659 ψυχή

57 1685 125 1711 μου
135 1675 317 1709 τετάρακται,
331 1673 406 1707 ἔλεγε
419 1672 517 1704 θιῖκῶς
530 1681 538 1689 ·
549 1671 709 1704 Ἐεουσίαν
720 1672 780 1706 ἔχω
796 1671 853 1705 τὴν

61 1721 175 1755 ψυχήν
195 1728 255 1754 μου
271 1719 377 1751 θεῖναι,
390 1717 439 1744 καί
460 1716 555 1744 πάλιν
567 1716 716 1749 ἐξουσίαν
729 1716 789 1751 ἔχω
799 1717 855 1742 ,λα-

63 1766 133 1793 ϐεῖν
146 1765 253 1799 αὐτήν.
271 1765 307 1791 Τὸ
325 1765 373 1799 μὲν
398 1764 453 1798 γὰρ
466 1762 648 1799 ταράττεσθαι
671 1762 770 1797 σαρκὸς
788 1762 853 1788 ἴδιον

61 1810 110 1848 ἦν,
126 1811 157 1838 τὸ
171 1811 199 1838 δὲ
221 1810 345 1844 ἐξουσίαν
360 1809 432 1845 ιχιιν
451 1809 538 1835 θεῖναι
566 1809 613 1835 καὶ
623 1807 716 1834 λαϐεῖν
735 1807 779 1833 ὅτε
790 1806 855 1841 βού-

61 1859 146 1885 λιται
158 1858 206 1894 τὴν
220 1857 320 1892 ψυχὴν,
340 1856 391 1883 οὐκ
417 1856 475 1882 ἐστι
502 1855 582 1882 τοῦτο
610 1854 674 1881 ἴδιον
698 1852 854 1889 ἀνθρώπου,

62 1905 139 1933 ἀλλὰ
153 1904 202 1939 τῆς
217 1904 364 1937 τοῦνΛόγου
376 1901 517 1937 δυνάμεώς
528 1902 612 1929 ἐστιν.
625 1900 787 1935 Ἄνθρωπος
800 1900 854 1934 γάρ

61 1951 97 1978 οὺ
111 1950 175 1976 κατ’
195 1949 264 1976 ιδίαν
279 1949 413 1981 ἐξουσίαν,
433 1947 490 1974 ἀλλ’
511 1947 617 1983 ἀνάγκῃ
632 1946 740 1982 φύσεως
759 1946 805 1972 καὶ
818 1946 855 1981 μὴ

63 1997 157 2023 θέλων
170 1995 347 2030 ἀποθνήσκει.
364 1994 394 2021 '0
404 1994 433 2021 δὲ
452 1993 552 2029 Κύριος
568 1993 700 2023 ἀθάνατος
720 1991 769 2025 ὦν,
788 1991 856 2026 σάρ-

62 2052 104 2069 κα
119 2041 151 2068 δὲ
166 2040 266 2076 θνητὴν
282 2040 362 2075 ἔχων,
382 2039 427 2066 ἐπ’
443 2040 567 2072 ἐξουσίας
583 2038 655 2074 εῖχεν
667 2039 705 2070 ὡς
717 2038 782 2070 Θεὺς
799 2039 854 2065 ἀπὸ

62 2087 116 2114 τοῦ
137 2087 263 2121 σώματος
278 2085 458 2121 χωρισθῆναι,
487 2086 536 2112 καὶ
551 2084 629 2112 τοῦτο
658 2085 740 2111 πάλιν
753 2085 856 2111 ἀναλα-

62 2135 128 2160 ϐεῖν
141 2134 187 2160 ὅτε
200 2132 336 2168 βούλεται.
350 2132 474 2166 Ἔπρεπε
494 2133 549 2166 γὰρ
573 2131 696 2166 φθαρτὴν
709 2130 791 2158 οὖσαν
806 2130 856 2166 τὴν

63 2183 162 2216 σάρκα
177 2179 275 2214 μηκέτι
301 2179 372 2206 κατά
395 2179 445 2214 τὴν
469 2178 568 2213 ἑαυτῆς
584 2177 666 2212 φύσιν
684 2177 776 2213 μένειν
792 2177 857 2212 θνη-

62 2213 134 2261 τὴν,
151 2213 218 2251 ἀλλά
229 2225 273 2251 διά
288 2225 335 2251 τὸν
349 2213 528 2259 ὲνδυαάμενον
549 2223 635 2259 αὐτὴν
647 2223 736 2257 Λόγον
750 2222 855 2258 ἄςσθαρ-
868 2213 894 2243 Ῑ)

60 2281 116 2298 τον
129 2271 281 2306 διαμένειν.
299 2271 342 2302 Ὠς
354 2271 409 2306 γὰρ
423 2271 502 2302 αὐτὸς
514 2270 659 2305 γενόμενος
682 2271 711 2296 ἐν
721 2269 760 2304 τῷ
775 2270 855 2304 ἡμῶν

62 2318 182 2353 σώματι
193 2317 226 2344 τὰ
241 2317 320 2352 ἡμῶν
334 2318 499 2352 ἐμιμήσατο,
514 2315 600 2348 οὕτως
616 2316 698 2351 ἡμεῖς
714 2315 857 2350 δεξάμενοι

60 2363 167 2391 τοῦτον
176 2364 224 2397 τῆς
239 2363 303 2399 παρ’
318 2363 422 2389 ἐκείνου
439 2361 683 2397 μεταλαμϐάνομεν
696 2361 856 2393 ἀθανασίας.

60 2410 171 2443 Μάτην
192 2410 282 2436 τοίνυν
308 2408 534 2440 σκανδαλίζεσθαι
563 2407 787 2442 προσποιοῦνται,
816 2408 857 2434 ὅτι

61 2456 138 2490 περὶ
153 2453 200 2481 τοῦ
217 2454 304 2488 Λόγου
317 2454 471 2490 γέγραπται
488 2462 494 2468 ’
506 2453 668 2488 Ἐταράχθη
685 2454 735 2481 καί
749 2454 859 2480 hiau-

58 2510 142 2530 σεν.
182 2500 304 2528 Ἐοίκασι
339 2492 393 2535 γὰρ
427 2500 495 2535 μηδὲ
529 2499 704 2535 ἀνθρωπίνην
730 2500 858 2534 αἴσθησιν

61 2548 159 2583 ἔχειν,
173 2546 334 2580 ἀγνοοῦντες
348 2546 397 2581 τὴν
417 2546 471 2572 τῶν
486 2545 638 2581 ἀνθρώπων
651 2545 732 2580 φύσιν
763 2545 809 2572 καὶ
825 2545 858 2571 τὰ

60 2593 179 2621 τούτων
206 2592 269 2620 ίδια.
290 2592 399 2619 Μᾶλλον
422 2593 476 2626 γὰρ
495 2592 550 2618 ἔδει
580 2591 742 2626 θαυμάζειν,
762 2591 816 2617 «ὅτι
830 2591 860 2618 ὲν

59 2638 188 2666 τοιαῦτα
206 2638 349 2675 πασχούσῃ
361 2638 444 2673 σαρκὶ
462 2630 496 2674 ἦν
513 2638 528 2664 ό
539 2637 636 2671 Λόγος,
657 2638 704 2664 καὶ
717 2637 780 2664 οὔτε
791 2636 860 2664 ὲκώ-

58 2686 137 2712 λυσε
159 2684 223 2716 τοὺς
238 2685 472 2716 ὲπιὸουλεύοντας,
496 2683 558 2711 οὔτε
579 2683 694 2717 ὲξεδίιιει
716 2683 789 2710 κατά
804 2683 859 2710 τῶν

57 2730 269 2765 ἀναιρούντων,
285 2730 387 2765 καίπερ
405 2729 567 2765 δυνάμενος,
589 2730 604 2756 ό
618 2729 714 2761 ἄλλους
734 2729 859 2760 κωλυσας

54 2776 232 2810 ἀποθανεῖν,
246 2777 292 2804 καὶ
305 2776 490 2808 ἀποθανόντας
510 2776 620 2811 ἐγείρας
630 2777 661 2803 ἐκ
675 2776 730 2804 τῶν
744 2775 860 2811 νεκρῶν,

896 244 1013 276 transeat
1027 257 1043 277 ο
1063 257 1104 276 me
1132 250 1204 276 (alia:
1219 250 1240 283 ',
1276 249 1505 282 animadvertant,
1535 253 1684 285 quomodo,

895 295 940 330 qui
955 295 1098 327 haecdixit.
1115 294 1227 323 Petrum
1244 295 1433 329 increpuerit,
1464 295 1525 323 Non
1539 297 1624 331 capis,
1640 297 1684 324 in—
1736 320 1737 323 η

895 341 1003 376 quiens.
1022 349 1081 377 quae
1096 341 1144 369 Dei
1158 346 1219 369 sunt
1235 342 1256 368 '.
1281 340 1553 377 .Volebatsuscipere
1562 342 1599 375 id,
1612 343 1684 378 quod

895 388 1102 423 deprecabatur,
1128 393 1157 416 et
1172 388 1275 416 idcirco
1286 392 1409 415 venerat.
1423 387 1578 423 lncrepavit
1602 389 1684 425 igitur

896 434 1004 462 Petrum
1030 439 1062 462 ut
1077 435 1157 468 Deus,
1179 432 1341 470 deprecatus
1357 438 1399 462 cst
1424 439 1539 462 mortem
1550 439 1580 462 ut
1591 435 1684 463 homo.

896 480 1020 508 Habebat
1035 480 1107 508 enim
1118 488 1226 509 carnem
1245 481 1381 516 pavidam,
1399 485 1510 515 propter
1520 489 1601 516 quam
1620 489 1683 509 cum

897 524 1014 553 humana
1027 525 1210 554 imbecillitate
1224 519 1392 554 voluntatem
1406 533 1482 553 suam
1493 526 1643 561 conjunxit,
1653 532 1685 554 ut

899 571 969 599 hanc
980 572 1044 599 item
1061 570 1233 599 affectionem
1266 571 1397 602 aboleret.
1426 572 1619 607 hominemque
1646 573 1680 600 ad

897 617 1079 652 appetendam
1094 621 1211 644 mortem
1225 621 1368 644 strenuum
1396 621 1424 644 et
1438 616 1534 644 fortem
1554 616 1684 645 efﬁceret.

898 661 1016 690 Attende
1028 662 1101 690 enirn
1121 670 1178 689 rem
1189 653 1289 690 noram
1325 666 1353 690 et
1365 661 1566 690 admirabilem.
1597 662 1683 696 Quem

900 709 992 736 timide
1006 708 1079 744 loqui
1095 713 1192 744 putant
1206 709 1251 736 isti
1274 708 1377 736 Christi
1389 709 1493 742 hostes,
1505 708 1529 736 is
1559 716 1592 736 ea
1627 709 1684 744 ipsa

899 755 1054 786 affectione,
1069 762 1150 789 quam
1163 755 1215 790 ipsi
1232 755 1405 782 formidinem
1434 755 1603 786 existimant.
1626 755 1678 782 ho-

900 800 988 827 mines
1027 800 1160 827 audentes
1192 805 1220 827 et
1253 799 1404 835 impavidos
1433 800 1586 827 constituit.
1616 799 1684 827 Nam

901 845 971 872 beati
987 849 1047 880 post
1073 845 1148 872 illum
1176 845 1291 879 apostoli
1320 849 1348 872 et
1367 845 1412 872 alii
1440 844 1527 873 sancti
1554 850 1686 880 martyres

901 896 1011 926 propter
1040 891 1090 919 has
1118 898 1198 918 voces
1223 891 1292 918 adeo
1311 896 1424 918 mortem
1452 895 1686 927 contempserunt,

902 941 993 972 utpcr
1007 944 1066 964 eam
1095 943 1125 964 se
1157 936 1243 971 magis
1266 936 1298 964 ad
1333 937 1414 963 vitam
1448 937 1575 968 transire,
1602 944 1684 971 Quam

901 988 1015 1011 mortem
1029 982 1121 1010 subire
1137 983 1334 1010 existimarent.
1352 982 1436 1015 Quam
1458 983 1607 1010 absurdum
1637 983 1688 1018 igi-

901 1034 946 1056 tur
977 1033 1028 1061 est,
1060 1036 1122 1056 cum
1152 1027 1233 1056 Verbi
1269 1028 1456 1056 ministrorum
1496 1028 1685 1058 fortitudinem

901 1074 1053 1108 admireris,
1071 1074 1189 1102 Verbum
1208 1074 1295 1109 ipsum
1312 1075 1434 1101 timidum
1461 1075 1562 1108 dicere,
1576 1082 1687 1111 propter

901 1121 973 1156 quod
989 1121 1027 1148 illi
1039 1125 1154 1148 mortem
1168 1128 1222 1147 non
1239 1120 1389 1148 timuerunt
1404 1122 1412 1147 ί
1428 1120 1465 1148 Ex
1479 1121 1627 1149 fortissimo
1638 1122 1689 1157 igi-

903 1174 948 1195 tur
981 1171 1140 1194 sanctorum
1170 1170 1320 1201 martyrum
1347 1167 1487 1202 proposito
1531 1168 1687 1203 virtuteque

902 1217 1008 1240 constat
1033 1212 1203 1240 divinitatem
1221 1212 1332 1239 minime
1361 1211 1532 1246 formidasse,
1561 1213 1610 1241 sed
1631 1213 1690 1241 t‘or—

903 1259 1031 1287 midinem
1049 1264 1169 1286 nostram
1186 1258 1357 1286 Servatorem
1374 1259 1534 1287 abstulisse.
1549 1260 1687 1294 Quemad-

902 1306 1011 1332 modum
1024 1305 1098 1332 enim
1112 1308 1199 1332 morte
1209 1311 1257 1332 sua
1286 1309 1400 1331 mortem
1423 1305 1568 1340 destruxit,
1584 1310 1612 1333 et
1635 1305 1687 1333 hu-

904 1351 1033 1378 manitate
1047 1357 1097 1377 sua
1110 1349 1229 1384 reliquas
1242 1349 1374 1377 humanas
1390 1349 1561 1384 affectiones,
1590 1351 1631 1378 sic
1658 1355 1686 1379 et

904 1397 956 1424 hoc
967 1396 1012 1432 qui
1026 1401 1114 1423 metus
1143 1395 1257 1428 dicitur,
1287 1400 1392 1423 metum
1421 1400 1545 1424 nostrum
1565 1397 1686 1429 sustulit,

904 1443 1058 1477 effecitque.
1078 1449 1112 1469 ne
1127 1441 1251 1469 homines
1271 1441 1387 1476 amplius
1417 1447 1532 1470 mortem
1556 1443 1687 1470 extimes-

906 1493 1011 1517 cerent.
1028 1487 1099 1515 Dixit
1115 1488 1161 1515 ille
1176 1488 1298 1523 quidem,
1316 1492 1344 1515 et
1359 1487 1424 1515 fecit
1435 1487 1503 1515 hate.
1520 1487 1587 1516 Nam
1616 1489 1688 1516 sicut

905 1533 1024 1561 hominis
1039 1533 1089 1561 fuit
1104 1534 1193 1561 dicere
1210 1542 1216 1560 :
1235 1533 1365 1560 Transeat
1384 1533 1478 1566 calix;
1498 1538 1526 1561 et
1546 1542 1553 1561 :
1573 1534 1627 1561 Cur
1643 1534 1685 1561 de-

905 1580 1033 1616 reliquisti
1053 1579 1108 1606 me?
1118 1579 1157 1606 sic
1174 1578 1221 1606 Dei
1235 1579 1409 1612 fuitetlicere,
1422 1584 1450 1607 ut
1470 1581 1511 1608 sol
1537 1580 1595 1616 ipse
1624 1581 1690 1608 deli-

903 1633 987 1659 ceret.
998 1631 1025 1654 et
1039 1626 1138 1654 mortui
1153 1625 1274 1653 redirent
1288 1626 1314 1652 in
1330 1629 1423 1654 vitam.
1440 1627 1471 1654 Et
1480 1627 1524 1662 qui
1551 1627 1628 1656 dixit.
1651 1632 1684 1654 ut

904 1675 1006 1702 homo:
1036 1675 1133 1702 Anima
1149 1682 1205 1701 mea
1218 1674 1322 1701 turbata
1346 1679 1385 1701 est
1404 1674 1425 1706 ³,
1450 1674 1521 1701 idetn
1547 1675 1586 1702 uti
1620 1674 1691 1701 Deus

904 1722 991 1749 dixit:
1011 1721 1167 1748 l’otestatem
1185 1719 1268 1747 habeo
1276 1720 1386 1754 ponendi
1411 1720 1528 1746 animum
1551 1728 1646 1749 meam.
1666 1727 1689 1746 et

905 1771 1059 1802 potestatem
1073 1766 1154 1793 habeo
1168 1767 1265 1792 iterum
1282 1767 1431 1792 assumendi
1443 1774 1501 1792 eam
1516 1766 1539 1792 ⁸.
1577 1765 1691 1793 Turbati

905 1811 978 1839 enim
991 1814 1032 1837 est
1049 1811 1187 1845 proprium
1197 1810 1298 1837 carnis.
1315 1809 1420 1836 Habere
1453 1814 1557 1841 autem,
1578 1810 1687 1844 quando

909 1857 977 1889 vult,
1015 1856 1131 1892 ponendi
1173 1855 1353 1892 sumendique
1377 1856 1497 1884 animam
1520 1861 1690 1892 potestatem,

907 1911 961 1931 non
984 1907 1026 1930 est
1040 1903 1156 1937 amplius
1169 1903 1287 1930 hominis
1309 1902 1459 1938 proprium,
1488 1903 1535 1930 scd
1556 1902 1589 1931 ad
1610 1902 1690 1930 Yerlii

906 1950 1056 1986 potentiam
1073 1950 1200 1985 pertinet.
1227 1949 1313 1978 llomo
1324 1950 1397 1977 enim
1413 1957 1468 1978 non
1484 1954 1621 1985 potestate
1631 1957 1690 1982 sua,

907 1998 955 2024 sed
969 2002 1073 2024 natura:
1087 1997 1250 2024 necessitate
1258 1997 1340 2024 etiam
1358 1997 1457 2023 nolens
1482 1996 1610 2023 moritur.
1639 1996 1692 2023 Do-

907 2043 996 2070 minus
1005 2048 1106 2075 autem,
1115 2041 1160 2076 qui
1176 2042 1336 2069 immortalis
1349 2048 1403 2073 est.
1415 2048 1557 2070 etcarnem
1570 2043 1693 2076 gestabat

905 2088 1061 2119 mortalem.
1076 2093 1107 2115 ut
1120 2087 1191 2115 Deus
1208 2091 1368 2122 potestatem
1384 2088 1513 2119 habebat,
1527 2094 1557 2115 ut
1573 2097 1611 2121 se,
1627 2097 1690 2117 cum

908 2133 1001 2164 vellet,
1017 2138 1044 2160 et
1056 2140 1071 2160 a
1082 2140 1196 2168 carpare
1213 2138 1364 2167 separaret,
1378 2138 1514 2168 etcorpus
1530 2135 1628 2161 iterum
1641 2142 1690 2162 su-

909 2182 1007 2206 meret.
1036 2178 1156 2206 Decebat
1166 2179 1289 2211 euim,ut
1309 2187 1373 2206 caro
1389 2179 1512 2207 mortalis
1539 2185 1566 2207 et
1596 2180 1693 2208 interi-

909 2224 1204 2258 tuiobnoxianonjam
1219 2231 1251 2251 ex
1266 2228 1363 2252 natura
1392 2232 1441 2252 sua
1471 2229 1596 2253 maneret
1617 2233 1692 2253 mor-

908 2269 982 2302 talis,
1005 2269 1052 2297 sed
1069 2274 1180 2304 propter
1197 2269 1326 2301 Verbum,
1336 2272 1410 2304 quod
1433 2270 1506 2298 illam
1537 2279 1695 2306 assumpse-

909 2321 962 2349 rat.
987 2315 1149 2343 immortalis
1159 2315 1260 2342 effecta.
1276 2315 1382 2342 nullum
1409 2315 1526 2350 amplius
1548 2316 1690 2344 interitum

913 2363 1039 2391 sentiret.
1068 2361 1146 2390 Sicut
1164 2362 1237 2389 enim
1264 2368 1377 2396 corpore
1407 2367 1502 2389 nostro
1515 2369 1576 2397 qua:
1600 2367 1694 2390 nostra

910 2414 986 2441 sunt,
1007 2408 1176 2440 imitabatur,
1188 2408 1228 2436 sic
1238 2415 1289 2436 nos
1307 2408 1396 2443 ipsum
1409 2408 1593 2444 suscipientes
1614 2409 1648 2436 ab
1662 2416 1696 2436 eo

909 2455 1042 2483 sumimus
1061 2454 1302 2482 immortalitatem.
1323 2454 1414 2488 Itaque
1426 2453 1527 2482 frustra
1543 2462 1572 2482 se
1600 2454 1695 2482 dicunt

910 2502 1022 2533 offendi.
1052 2509 1113 2529 cum
1126 2501 1242 2528 audiunt
1264 2501 1298 2528 de
1313 2500 1401 2528 Verbo
1414 2500 1460 2528 illa
1484 2500 1537 2528 diei
1568 2510 1574 2528 :
1599 2501 1696 2528 Anima

912 2548 1020 2576 turbata
1048 2552 1100 2579 est.
1119 2547 1203 2575 ﬂevit.
1231 2547 1365 2574 Videntur
1379 2547 1451 2574 enim
1475 2545 1595 2574 humano
1614 2555 1696 2574 sensu

909 2598 1049 2626 carere.et
1063 2597 1188 2620 naturam
1216 2592 1359 2620 hominum
1385 2597 1412 2619 et
1423 2591 1580 2620 affectiones
1601 2600 1696 2620 eorum

910 2641 1045 2676 ignorare.
1070 2639 1156 2675 Magis
1170 2647 1217 2666 eos
1245 2638 1372 2666 admirari
1398 2639 1548 2671 oportebat,
1576 2638 1696 2667 Verbum

912 2686 940 2713 in
963 2694 1057 2719 carne,
1077 2693 1138 2720 quae
1164 2685 1229 2713 talia
1262 2686 1376 2720 patitur.
1400 2692 1473 2717 esse.
1509 2692 1562 2712 nec
1584 2684 1699 2712 insidias

913 2737 1051 2760 struentes
1075 2731 1246 2762 cohibuisse.
1278 2738 1369 2766 neque
1396 2730 1586 2758 interfectores
1611 2730 1698 2757 ultum

914 2785 987 2812 esse,
1003 2785 1067 2805 cum
1077 2783 1168 2805 tamen
1178 2769 1284 2813 posset.
1311 2776 1413 2812 quippe
1425 2776 1496 2812 quod
1511 2776 1579 2804 alios
1590 2783 1605 2803 ι
1624 2783 1702 2803 mor-

103 2860 116 2877 ι
136 2858 232 2887 Matth.
244 2865 318 2892 nvi,
335 2858 380 2888 39.
419 2859 430 2875 ³
446 2857 542 2886 Matth.
560 2864 617 2891 ut,
631 2856 678 2885 25.
716 2856 726 2873 ³
739 2854 817 2886 Jozn.
830 2863 880 2889 xu,
892 2855 937 2884 ‘17.
972 2855 1053 2884 ‘ibid.
1071 2863 1098 2889 κ,
1116 2855 1159 2884 l8.
