  <div class='ocr_page' id='page_1' title='image "/cluster/home/n/w/nwhite01/storage/ocr_20150623/130/njp.32101010942777/258.png"; bbox 0 0 1902 3078; ppageno 0'>
   <div class='ocr_carea' id='block_1_1' title="bbox 48 116 94 150">
    <p class='ocr_par' dir='ltr' id='par_1_1' title="bbox 48 116 94 150">
     <span class='ocr_line' id='line_1_1' title="bbox 48 116 94 150; baseline -0.022 0"><span class='ocrx_word' id='word_1_1' title='bbox 48 116 94 150; x_wconf 67' lang='grc'><strong>453</strong></span> 
     </span>
    </p>
   </div>
   <div class='ocr_carea' id='block_1_2' title="bbox 531 123 1185 162">
    <p class='ocr_par' dir='ltr' id='par_1_2' title="bbox 531 123 1185 162">
     <span class='ocr_line' id='line_1_2' title="bbox 531 123 1185 162; baseline 0.014 -9"><span class='ocrx_word' id='word_1_2' title='bbox 531 123 718 155; x_wconf 76' lang='lat' dir='ltr'><strong>PANOPLIA</strong></span> <span class='ocrx_word' id='word_1_3' title='bbox 743 125 970 158; x_wconf 73' lang='lat' dir='ltr'><strong>DQGMATICA.</strong></span> <span class='ocrx_word' id='word_1_4' title='bbox 986 143 1019 148; x_wconf 94' lang='lat'><strong>—</strong></span> <span class='ocrx_word' id='word_1_5' title='bbox 1036 129 1111 160; x_wconf 87' lang='lat' dir='ltr'><strong>TiT.</strong></span> <span class='ocrx_word' id='word_1_6' title='bbox 1130 131 1185 162; x_wconf 74' lang='lat' dir='ltr'><strong>XI.</strong></span> 
     </span>
    </p>
   </div>
   <div class='ocr_carea' id='block_1_3' title="bbox 1615 133 1670 166">
    <p class='ocr_par' dir='ltr' id='par_1_3' title="bbox 1615 133 1670 166">
     <span class='ocr_line' id='line_1_3' title="bbox 1615 133 1670 166; baseline 0.018 -1"><span class='ocrx_word' id='word_1_7' title='bbox 1615 133 1670 166; x_wconf 66' lang='grc'><strong>454</strong></span> 
     </span>
    </p>
   </div>
   <div class='ocr_carea' id='block_1_4' title="bbox 48 177 830 221">
    <p class='ocr_par' dir='ltr' id='par_1_4' title="bbox 48 177 822 219">
     <span class='ocr_line' id='line_1_4' title="bbox 48 177 822 219; baseline 0.01 -16"><span class='ocrx_word' id='word_1_8' title='bbox 48 185 96 203; x_wconf 84' lang='grc' dir='ltr'><strong>των</strong></span> <span class='ocrx_word' id='word_1_9' title='bbox 111 177 206 211; x_wconf 73' lang='grc' dir='ltr'>όμοῖως</span> <span class='ocrx_word' id='word_1_10' title='bbox 222 177 369 213; x_wconf 70' lang='grc' dir='ltr'>ἁνηρήσϐω</span> <span class='ocrx_word' id='word_1_11' title='bbox 381 179 409 206; x_wconf 79' lang='grc' dir='ltr'><strong>τὸ</strong></span> <span class='ocrx_word' id='word_1_12' title='bbox 422 179 519 213; x_wconf 77' lang='grc' dir='ltr'>θέλειν,</span> <span class='ocrx_word' id='word_1_13' title='bbox 543 188 587 209; x_wconf 73' lang='grc' dir='ltr'>ινι</span> <span class='ocrx_word' id='word_1_14' title='bbox 603 185 731 219; x_wconf 73' lang='grc' dir='ltr'>ακὲραιον</span> <span class='ocrx_word' id='word_1_15' title='bbox 745 183 822 219; x_wconf 31' lang='lat' dir='ltr'><strong>atra-3</strong></span> 
     </span>
    </p>
   </div>
   <div class='ocr_carea' id='block_1_5' title="bbox 890 177 1669 221">
    <p class='ocr_par' dir='ltr' id='par_1_5' title="bbox 890 187 1669 221">
     <span class='ocr_line' id='line_1_5' title="bbox 890 187 1669 221; baseline 0.008 -9"><span class='ocrx_word' id='word_1_16' title='bbox 890 191 978 221; x_wconf 67' lang='lat' dir='ltr'><strong>ntegra</strong></span> <span class='ocrx_word' id='word_1_17' title='bbox 987 193 1174 215; x_wconf 72' lang='lat' dir='ltr'><strong>conservetur.</strong></span> <span class='ocrx_word' id='word_1_18' title='bbox 1185 187 1261 221; x_wconf 86' lang='lat' dir='ltr'><strong>Quod</strong></span> <span class='ocrx_word' id='word_1_19' title='bbox 1275 188 1297 216; x_wconf 88' lang='lat' dir='ltr'><strong>si</strong></span> <span class='ocrx_word' id='word_1_20' title='bbox 1318 187 1443 216; x_wconf 74' lang='lat' dir='ltr'><strong>voluntas</strong></span> <span class='ocrx_word' id='word_1_21' title='bbox 1452 189 1479 217; x_wconf 88' lang='lat' dir='ltr'><strong>in</strong></span> <span class='ocrx_word' id='word_1_22' title='bbox 1497 189 1552 218; x_wconf 85' lang='lat' dir='ltr'><strong>Deo</strong></span> <span class='ocrx_word' id='word_1_23' title='bbox 1560 198 1615 218; x_wconf 91' lang='lat' dir='ltr'><strong>non</strong></span> <span class='ocrx_word' id='word_1_24' title='bbox 1626 196 1669 218; x_wconf 83' lang='lat' dir='ltr'><strong>est</strong></span> 
     </span>
    </p>
   </div>
   <div class='ocr_carea' id='block_1_6' title="bbox 50 223 824 266">
    <p class='ocr_par' dir='ltr' id='par_1_6' title="bbox 50 223 824 266">
     <span class='ocr_line' id='line_1_6' title="bbox 50 223 824 266; baseline 0.012 -17"><span class='ocrx_word' id='word_1_25' title='bbox 50 223 156 258; x_wconf 72' lang='grc' dir='ltr'>σώζηται</span> <span class='ocrx_word' id='word_1_26' title='bbox 169 224 199 250; x_wconf 87' lang='grc' dir='ltr'>τὸ</span> <span class='ocrx_word' id='word_1_27' title='bbox 215 225 334 259; x_wconf 76' lang='grc' dir='ltr'>ἀξίωμα.</span> <span class='ocrx_word' id='word_1_28' title='bbox 350 226 380 252; x_wconf 80' lang='grc' dir='ltr'><strong>Εἰ</strong></span> <span class='ocrx_word' id='word_1_29' title='bbox 395 226 424 252; x_wconf 74' lang='grc' dir='ltr'><strong>δὲ</strong></span> <span class='ocrx_word' id='word_1_30' title='bbox 435 228 575 262; x_wconf 82' lang='grc' dir='ltr'>προσῆκον</span> <span class='ocrx_word' id='word_1_31' title='bbox 591 230 629 265; x_wconf 84' lang='grc' dir='ltr'><strong>τῷ</strong></span> <span class='ocrx_word' id='word_1_32' title='bbox 643 230 702 265; x_wconf 83' lang='grc' dir='ltr'><strong>Θεῷ</strong></span> <span class='ocrx_word' id='word_1_33' title='bbox 715 230 745 257; x_wconf 85' lang='grc' dir='ltr'>τδ</span> <span class='ocrx_word' id='word_1_34' title='bbox 762 231 824 266; x_wconf 89' lang='grc' dir='ltr'>βού-</span> 
     </span>
    </p>
   </div>
   <div class='ocr_carea' id='block_1_7' title="bbox 49 270 823 311">
    <p class='ocr_par' dir='ltr' id='par_1_7' title="bbox 49 270 823 311">
     <span class='ocr_line' id='line_1_7' title="bbox 49 270 823 311; baseline 0.009 -15"><span class='ocrx_word' id='word_1_35' title='bbox 49 270 139 301; x_wconf 81' lang='grc' dir='ltr'>λεσθαι,</span> <span class='ocrx_word' id='word_1_36' title='bbox 157 271 203 297; x_wconf 72' lang='grc' dir='ltr'>καὶ</span> <span class='ocrx_word' id='word_1_37' title='bbox 217 271 264 298; x_wconf 68' lang='grc' dir='ltr'><strong>ἐπὶ</strong></span> <span class='ocrx_word' id='word_1_38' title='bbox 278 271 316 306; x_wconf 84' lang='grc' dir='ltr'>τῷ</span> <span class='ocrx_word' id='word_1_39' title='bbox 328 271 431 308; x_wconf 81' lang='grc' dir='ltr'>πρώτῳ</span> <span class='ocrx_word' id='word_1_40' title='bbox 444 274 596 309; x_wconf 78' lang='grc' dir='ltr'>γεννήματι</span> <span class='ocrx_word' id='word_1_41' title='bbox 612 276 768 311; x_wconf 78' lang='grc' dir='ltr'><strong>ὑπαρχέτω.</strong></span> <span class='ocrx_word' id='word_1_42' title='bbox 785 278 823 303; x_wconf 73' lang='lat'><strong>03</strong></span> 
     </span>
    </p>
   </div>
   <div class='ocr_carea' id='block_1_8' title="bbox 50 316 823 357">
    <p class='ocr_par' dir='ltr' id='par_1_8' title="bbox 50 316 823 357">
     <span class='ocr_line' id='line_1_8' title="bbox 50 316 823 357; baseline 0.006 -13"><span class='ocrx_word' id='word_1_43' title='bbox 50 318 96 352; x_wconf 75' lang='grc' dir='ltr'><strong>γὰρ</strong></span> <span class='ocrx_word' id='word_1_44' title='bbox 108 316 137 351; x_wconf 82' lang='grc' dir='ltr'><strong>δὴ</strong></span> <span class='ocrx_word' id='word_1_45' title='bbox 154 316 266 343; x_wconf 68' lang='grc' dir='ltr'>δυνατὸν</span> <span class='ocrx_word' id='word_1_46' title='bbox 282 317 322 344; x_wconf 75' lang='grc' dir='ltr'>ἐνί</span> <span class='ocrx_word' id='word_1_47' title='bbox 347 327 376 345; x_wconf 79' lang='grc' dir='ltr'><strong>τε</strong></span> <span class='ocrx_word' id='word_1_48' title='bbox 401 319 449 346; x_wconf 81' lang='grc' dir='ltr'>καὶ</span> <span class='ocrx_word' id='word_1_49' title='bbox 463 320 502 355; x_wconf 80' lang='grc' dir='ltr'>τῷ</span> <span class='ocrx_word' id='word_1_50' title='bbox 522 321 596 356; x_wconf 74' lang='grc' dir='ltr'>αὐτῷ</span> <span class='ocrx_word' id='word_1_51' title='bbox 611 322 671 357; x_wconf 84' lang='grc' dir='ltr'><strong>Θεῷ</strong></span> <span class='ocrx_word' id='word_1_52' title='bbox 690 323 719 349; x_wconf 79' lang='grc' dir='ltr'>τὸ</span> <span class='ocrx_word' id='word_1_53' title='bbox 735 323 823 349; x_wconf 77' lang='grc' dir='ltr'>Θέλειν</span> 
     </span>
    </p>
   </div>
   <div class='ocr_carea' id='block_1_9' title="bbox 48 362 825 404">
    <p class='ocr_par' dir='ltr' id='par_1_9' title="bbox 48 362 825 404">
     <span class='ocr_line' id='line_1_9' title="bbox 48 362 825 404; baseline 0.01 -17"><span class='ocrx_word' id='word_1_54' title='bbox 48 363 87 388; x_wconf 75' lang='grc' dir='ltr'><strong>ἐπὶ</strong></span> <span class='ocrx_word' id='word_1_55' title='bbox 101 362 152 388; x_wconf 82' lang='grc' dir='ltr'>τῶν</span> <span class='ocrx_word' id='word_1_56' title='bbox 169 363 339 397; x_wconf 76' lang='grc' dir='ltr'><strong>ποιουμένων</strong></span> <span class='ocrx_word' id='word_1_57' title='bbox 355 365 513 400; x_wconf 75' lang='grc' dir='ltr'><strong>ἁρμόττειν,</strong></span> <span class='ocrx_word' id='word_1_58' title='bbox 525 367 572 394; x_wconf 84' lang='grc' dir='ltr'>καὶ</span> <span class='ocrx_word' id='word_1_59' title='bbox 585 367 616 393; x_wconf 80' lang='grc' dir='ltr'>τὸ</span> <span class='ocrx_word' id='word_1_60' title='bbox 632 368 670 403; x_wconf 86' lang='grc' dir='ltr'>μὴ</span> <span class='ocrx_word' id='word_1_61' title='bbox 682 368 825 404; x_wconf 73' lang='grc' dir='ltr'>βούλεσθαι</span> 
     </span>
    </p>
   </div>
   <div class='ocr_carea' id='block_1_10' title="bbox 50 408 825 448">
    <p class='ocr_par' dir='ltr' id='par_1_10' title="bbox 50 408 825 448">
     <span class='ocr_line' id='line_1_10' title="bbox 50 408 825 448; baseline 0.009 -15"><span class='ocrx_word' id='word_1_62' title='bbox 50 408 200 443; x_wconf 81' lang='grc' dir='ltr'>προσήκειν.</span> <span class='ocrx_word' id='word_1_63' title='bbox 221 409 354 444; x_wconf 79' lang='grc' dir='ltr'>Πλείστην</span> <span class='ocrx_word' id='word_1_64' title='bbox 365 410 432 445; x_wconf 81' lang='grc' dir='ltr'>ὅσην</span> <span class='ocrx_word' id='word_1_65' title='bbox 446 411 575 438; x_wconf 75' lang='grc' dir='ltr'>ἀσέϐειαν</span> <span class='ocrx_word' id='word_1_66' title='bbox 590 414 619 439; x_wconf 82' lang='grc' dir='ltr'>ἐν</span> <span class='ocrx_word' id='word_1_67' title='bbox 633 414 689 445; x_wconf 84' lang='grc' dir='ltr'>τοῖς</span> <span class='ocrx_word' id='word_1_68' title='bbox 704 414 825 448; x_wconf 77' lang='grc' dir='ltr'>ῥήμασιν</span> 
     </span>
    </p>
   </div>
   <div class='ocr_carea' id='block_1_11' title="bbox 48 454 827 494">
    <p class='ocr_par' dir='ltr' id='par_1_11' title="bbox 48 454 827 494">
     <span class='ocr_line' id='line_1_11' title="bbox 48 454 827 494; baseline 0.006 -13"><span class='ocrx_word' id='word_1_69' title='bbox 48 454 121 481; x_wconf 69' lang='grc' dir='ltr'>αὑτοῦ</span> <span class='ocrx_word' id='word_1_70' title='bbox 148 454 256 486; x_wconf 71' lang='grc' dir='ltr'>συνθεὶς</span> <span class='ocrx_word' id='word_1_71' title='bbox 282 456 296 481; x_wconf 86' lang='grc' dir='ltr'><strong><em>ὁ</em></strong></span> <span class='ocrx_word' id='word_1_72' title='bbox 312 457 453 491; x_wconf 71' lang='grc' dir='ltr'>σοςριστὴς,</span> <span class='ocrx_word' id='word_1_73' title='bbox 477 457 517 484; x_wconf 80' lang='grc' dir='ltr'>ὅτι</span> <span class='ocrx_word' id='word_1_74' title='bbox 547 458 577 484; x_wconf 80' lang='grc' dir='ltr'>τὸ</span> <span class='ocrx_word' id='word_1_75' title='bbox 595 458 711 494; x_wconf 80' lang='grc' dir='ltr'>ποίημα,</span> <span class='ocrx_word' id='word_1_76' title='bbox 737 459 783 485; x_wconf 71' lang='grc' dir='ltr'>καὶ</span> <span class='ocrx_word' id='word_1_77' title='bbox 797 460 827 486; x_wconf 75' lang='grc' dir='ltr'><strong>τὸ</strong></span> 
     </span>
    </p>
   </div>
   <div class='ocr_carea' id='block_1_12' title="bbox 50 500 828 542">
    <p class='ocr_par' dir='ltr' id='par_1_12' title="bbox 50 500 828 542">
     <span class='ocr_line' id='line_1_12' title="bbox 50 500 828 542; baseline 0.008 -16"><span class='ocrx_word' id='word_1_78' title='bbox 50 501 161 534; x_wconf 77' lang='grc' dir='ltr'><strong>γέννημα</strong></span> <span class='ocrx_word' id='word_1_79' title='bbox 176 500 275 527; x_wconf 80' lang='grc' dir='ltr'>ταυτόν</span> <span class='ocrx_word' id='word_1_80' title='bbox 292 502 360 534; x_wconf 80' lang='grc' dir='ltr'>ἐστι,</span> <span class='ocrx_word' id='word_1_81' title='bbox 376 504 424 529; x_wconf 78' lang='grc' dir='ltr'>καὶ</span> <span class='ocrx_word' id='word_1_82' title='bbox 438 501 479 535; x_wconf 73' lang='grc' dir='ltr'>εἷς</span> <span class='ocrx_word' id='word_1_83' title='bbox 491 505 522 530; x_wconf 84' lang='grc' dir='ltr'>ὲκ</span> <span class='ocrx_word' id='word_1_84' title='bbox 538 505 646 532; x_wconf 82' lang='grc' dir='ltr'>πάντων</span> <span class='ocrx_word' id='word_1_85' title='bbox 663 505 717 532; x_wconf 86' lang='grc' dir='ltr'>τῶν</span> <span class='ocrx_word' id='word_1_86' title='bbox 733 514 828 542; x_wconf 75' lang='grc' dir='ltr'>γενιη-</span> 
     </span>
    </p>
   </div>
   <div class='ocr_carea' id='block_1_13' title="bbox 51 546 826 585">
    <p class='ocr_par' dir='ltr' id='par_1_13' title="bbox 51 546 826 585">
     <span class='ocr_line' id='line_1_13' title="bbox 51 546 826 585; baseline 0.009 -14"><span class='ocrx_word' id='word_1_87' title='bbox 51 546 133 580; x_wconf 79' lang='grc' dir='ltr'>μάτων</span> <span class='ocrx_word' id='word_1_88' title='bbox 148 547 222 573; x_wconf 69' lang='grc' dir='ltr'>ἐστὶν</span> <span class='ocrx_word' id='word_1_89' title='bbox 233 547 248 572; x_wconf 81' lang='grc' dir='ltr'><strong>ὸ</strong></span> <span class='ocrx_word' id='word_1_90' title='bbox 272 547 345 580; x_wconf 82' lang='grc' dir='ltr'>Υίός.</span> <span class='ocrx_word' id='word_1_91' title='bbox 363 548 394 575; x_wconf 79' lang='lat' dir='ltr'><strong>El</strong></span> <span class='ocrx_word' id='word_1_92' title='bbox 411 549 440 575; x_wconf 76' lang='grc' dir='ltr'><strong>δὲ</strong></span> <span class='ocrx_word' id='word_1_93' title='bbox 465 550 544 582; x_wconf 77' lang='grc' dir='ltr'>ἄλλος</span> <span class='ocrx_word' id='word_1_94' title='bbox 560 551 619 578; x_wconf 78' lang='grc' dir='ltr'>ἐστὶ</span> <span class='ocrx_word' id='word_1_95' title='bbox 635 551 689 578; x_wconf 84' lang='grc' dir='ltr'>τῶν</span> <span class='ocrx_word' id='word_1_96' title='bbox 708 552 826 585; x_wconf 85' lang='grc' dir='ltr'>πάντων,</span> 
     </span>
    </p>
   </div>
   <div class='ocr_carea' id='block_1_14' title="bbox 49 593 828 635">
    <p class='ocr_par' dir='ltr' id='par_1_14' title="bbox 49 593 828 635">
     <span class='ocr_line' id='line_1_14' title="bbox 49 593 828 635; baseline 0.006 -15"><span class='ocrx_word' id='word_1_97' title='bbox 49 596 132 630; x_wconf 65' lang='grc' dir='ltr'>ὥσπερ</span> <span class='ocrx_word' id='word_1_98' title='bbox 147 593 195 621; x_wconf 63' lang='grc' dir='ltr'>οὖν</span> <span class='ocrx_word' id='word_1_99' title='bbox 216 596 246 622; x_wconf 77' lang='grc' dir='ltr'>ὲν</span> <span class='ocrx_word' id='word_1_100' title='bbox 262 597 318 628; x_wconf 83' lang='grc' dir='ltr'>τοῖς</span> <span class='ocrx_word' id='word_1_101' title='bbox 335 597 388 633; x_wconf 81' lang='grc' dir='ltr'><strong>πρὸ</strong></span> <span class='ocrx_word' id='word_1_102' title='bbox 408 598 513 625; x_wconf 83' lang='grc' dir='ltr'>τούτων</span> <span class='ocrx_word' id='word_1_103' title='bbox 532 599 648 634; x_wconf 74' lang='grc' dir='ltr'>ἐδείχθη,</span> <span class='ocrx_word' id='word_1_104' title='bbox 663 602 710 627; x_wconf 71' lang='grc' dir='ltr'>καὶ</span> <span class='ocrx_word' id='word_1_105' title='bbox 727 600 828 635; x_wconf 73' lang='grc' dir='ltr'>μᾶλλον</span> 
     </span>
    </p>
   </div>
   <div class='ocr_carea' id='block_1_15' title="bbox 49 643 828 682">
    <p class='ocr_par' dir='ltr' id='par_1_15' title="bbox 49 643 828 682">
     <span class='ocr_line' id='line_1_15' title="bbox 49 643 828 682; baseline 0.008 -14"><span class='ocrx_word' id='word_1_106' title='bbox 49 643 77 668; x_wconf 72' lang='grc' dir='ltr'>τὰ</span> <span class='ocrx_word' id='word_1_107' title='bbox 92 643 158 678; x_wconf 73' lang='grc' dir='ltr'>ἔργα</span> <span class='ocrx_word' id='word_1_108' title='bbox 176 643 210 670; x_wconf 83' lang='grc' dir='ltr'><strong>δι’</strong></span> <span class='ocrx_word' id='word_1_109' title='bbox 235 644 320 671; x_wconf 76' lang='grc' dir='ltr'>αὑτοῦ</span> <span class='ocrx_word' id='word_1_110' title='bbox 343 646 456 680; x_wconf 72' lang='grc' dir='ltr'>γέγονε,</span> <span class='ocrx_word' id='word_1_111' title='bbox 479 646 517 682; x_wconf 85' lang='grc' dir='ltr'>μὴ</span> <span class='ocrx_word' id='word_1_112' title='bbox 541 647 664 681; x_wconf 76' lang='grc' dir='ltr'><strong>λεγέσθω</strong></span> <span class='ocrx_word' id='word_1_113' title='bbox 689 647 828 682; x_wconf 85' lang='grc' dir='ltr'>βουλήσει,</span> 
     </span>
    </p>
   </div>
   <div class='ocr_carea' id='block_1_16' title="bbox 50 688 830 729">
    <p class='ocr_par' dir='ltr' id='par_1_16' title="bbox 50 688 830 729">
     <span class='ocr_line' id='line_1_16' title="bbox 50 688 830 729; baseline 0.009 -15"><span class='ocrx_word' id='word_1_114' title='bbox 50 688 86 714; x_wconf 79' lang='grc' dir='ltr'>ἵνα</span> <span class='ocrx_word' id='word_1_115' title='bbox 101 689 136 724; x_wconf 81' lang='grc' dir='ltr'>μὴ</span> <span class='ocrx_word' id='word_1_116' title='bbox 153 691 199 716; x_wconf 77' lang='grc' dir='ltr'>καὶ</span> <span class='ocrx_word' id='word_1_117' title='bbox 210 691 290 723; x_wconf 74' lang='grc' dir='ltr'>αὐτὸς</span> <span class='ocrx_word' id='word_1_118' title='bbox 306 691 378 719; x_wconf 81' lang='grc' dir='ltr'>οὕτω</span> <span class='ocrx_word' id='word_1_119' title='bbox 391 692 509 727; x_wconf 80' lang='grc' dir='ltr'>γίνηται,</span> <span class='ocrx_word' id='word_1_120' title='bbox 520 692 614 729; x_wconf 79' lang='grc' dir='ltr'>ὥσπερ</span> <span class='ocrx_word' id='word_1_121' title='bbox 628 694 675 720; x_wconf 73' lang='grc' dir='ltr'>καὶ</span> <span class='ocrx_word' id='word_1_122' title='bbox 688 694 722 720; x_wconf 74' lang='grc' dir='ltr'>τὰ</span> <span class='ocrx_word' id='word_1_123' title='bbox 738 694 772 721; x_wconf 79' lang='grc' dir='ltr'><strong>δι’</strong></span> <span class='ocrx_word' id='word_1_124' title='bbox 781 695 830 721; x_wconf 76' lang='grc' dir='ltr'><strong>αὗ-</strong></span> 
     </span>
    </p>
   </div>
   <div class='ocr_carea' id='block_1_17' title="bbox 874 230 1668 272">
    <p class='ocr_par' dir='ltr' id='par_1_17' title="bbox 874 230 1668 272">
     <span class='ocr_line' id='line_1_17' title="bbox 874 230 1668 272; baseline 0.006 -14"><span class='ocrx_word' id='word_1_125' title='bbox 874 230 1013 264; x_wconf 84' lang='lat' dir='ltr'><strong>indccora,</strong></span> <span class='ocrx_word' id='word_1_126' title='bbox 1024 233 1050 259; x_wconf 92' lang='lat' dir='ltr'><strong>iu</strong></span> <span class='ocrx_word' id='word_1_127' title='bbox 1063 233 1149 268; x_wconf 88' lang='lat' dir='ltr'><strong>primo</strong></span> <span class='ocrx_word' id='word_1_128' title='bbox 1167 234 1248 261; x_wconf 88' lang='lat' dir='ltr'><strong>etiam</strong></span> <span class='ocrx_word' id='word_1_129' title='bbox 1257 234 1380 269; x_wconf 80' lang='lat' dir='ltr'><strong>germine</strong></span> <span class='ocrx_word' id='word_1_130' title='bbox 1389 235 1564 263; x_wconf 86' lang='lat' dir='ltr'><strong>adhibeatur.</strong></span> <span class='ocrx_word' id='word_1_131' title='bbox 1575 237 1668 272; x_wconf 80' lang='lat' dir='ltr'><strong>Neque</strong></span> 
     </span>
    </p>
   </div>
   <div class='ocr_carea' id='block_1_18' title="bbox 874 279 1667 316">
    <p class='ocr_par' dir='ltr' id='par_1_18' title="bbox 874 279 1667 316">
     <span class='ocr_line' id='line_1_18' title="bbox 874 279 1667 316; baseline 0.006 -11"><span class='ocrx_word' id='word_1_132' title='bbox 874 279 946 306; x_wconf 91' lang='lat' dir='ltr'><strong>enim</strong></span> <span class='ocrx_word' id='word_1_133' title='bbox 957 279 1012 306; x_wconf 83' lang='lat' dir='ltr'><strong>ﬁeri</strong></span> <span class='ocrx_word' id='word_1_134' title='bbox 1023 284 1154 314; x_wconf 83' lang='lat' dir='ltr'><strong>potest,ut</strong></span> <span class='ocrx_word' id='word_1_135' title='bbox 1162 280 1188 308; x_wconf 89' lang='lat' dir='ltr'><strong>in</strong></span> <span class='ocrx_word' id='word_1_136' title='bbox 1199 287 1253 307; x_wconf 91' lang='lat' dir='ltr'><strong>uno</strong></span> <span class='ocrx_word' id='word_1_137' title='bbox 1262 280 1413 316; x_wconf 83' lang='lat' dir='ltr'><strong>eodemque</strong></span> <span class='ocrx_word' id='word_1_138' title='bbox 1425 281 1480 308; x_wconf 86' lang='lat' dir='ltr'><strong>Deo</strong></span> <span class='ocrx_word' id='word_1_139' title='bbox 1491 282 1517 308; x_wconf 90' lang='lat' dir='ltr'><strong>in</strong></span> <span class='ocrx_word' id='word_1_140' title='bbox 1534 284 1615 310; x_wconf 80' lang='lat' dir='ltr'><strong>rebus</strong></span> <span class='ocrx_word' id='word_1_141' title='bbox 1627 283 1667 310; x_wconf 88' lang='lat' dir='ltr'><strong>t‘a-</strong></span> 
     </span>
    </p>
   </div>
   <div class='ocr_carea' id='block_1_19' title="bbox 875 325 1669 364">
    <p class='ocr_par' dir='ltr' id='par_1_19' title="bbox 875 325 1669 364">
     <span class='ocr_line' id='line_1_19' title="bbox 875 325 1669 364; baseline 0.005 -12"><span class='ocrx_word' id='word_1_142' title='bbox 875 325 990 357; x_wconf 83' lang='lat' dir='ltr'><strong>ciendis,</strong></span> <span class='ocrx_word' id='word_1_143' title='bbox 1000 330 1027 353; x_wconf 81' lang='lat' dir='ltr'><strong>et</strong></span> <span class='ocrx_word' id='word_1_144' title='bbox 1037 326 1106 353; x_wconf 82' lang='lat' dir='ltr'><strong>velle</strong></span> <span class='ocrx_word' id='word_1_145' title='bbox 1116 327 1197 353; x_wconf 87' lang='lat' dir='ltr'><strong>simul</strong></span> <span class='ocrx_word' id='word_1_146' title='bbox 1210 327 1306 354; x_wconf 88' lang='lat' dir='ltr'><strong>deceat</strong></span> <span class='ocrx_word' id='word_1_147' title='bbox 1321 332 1349 354; x_wconf 90' lang='lat' dir='ltr'><strong>ct</strong></span> <span class='ocrx_word' id='word_1_148' title='bbox 1363 328 1445 356; x_wconf 85' lang='lat' dir='ltr'><strong>nolle.</strong></span> <span class='ocrx_word' id='word_1_149' title='bbox 1474 328 1562 361; x_wconf 79' lang='lat' dir='ltr'><strong>Quam</strong></span> <span class='ocrx_word' id='word_1_150' title='bbox 1580 335 1669 364; x_wconf 77' lang='lat' dir='ltr'><strong>potest</strong></span> 
     </span>
    </p>
   </div>
   <div class='ocr_carea' id='block_1_20' title="bbox 875 373 1668 410">
    <p class='ocr_par' dir='ltr' id='par_1_20' title="bbox 875 373 1668 410">
     <span class='ocr_line' id='line_1_20' title="bbox 875 373 1668 410; baseline 0.004 -11"><span class='ocrx_word' id='word_1_151' title='bbox 875 373 1020 400; x_wconf 75' lang='lat' dir='ltr'><strong>maximam</strong></span> <span class='ocrx_word' id='word_1_152' title='bbox 1031 373 1198 408; x_wconf 73' lang='lat' dir='ltr'><strong>impietatem</strong></span> <span class='ocrx_word' id='word_1_153' title='bbox 1210 375 1331 409; x_wconf 78' lang='lat' dir='ltr'><strong>sophista</strong></span> <span class='ocrx_word' id='word_1_154' title='bbox 1345 375 1436 403; x_wconf 87' lang='lat' dir='ltr'><strong>verbis</strong></span> <span class='ocrx_word' id='word_1_155' title='bbox 1446 375 1503 403; x_wconf 91' lang='lat' dir='ltr'><strong>suis</strong></span> <span class='ocrx_word' id='word_1_156' title='bbox 1515 377 1668 410; x_wconf 89' lang='lat' dir='ltr'><strong>componit.</strong></span> 
     </span>
    </p>
   </div>
   <div class='ocr_carea' id='block_1_21' title="bbox 877 418 1669 456">
    <p class='ocr_par' dir='ltr' id='par_1_21' title="bbox 877 418 1669 456">
     <span class='ocr_line' id='line_1_21' title="bbox 877 418 1669 456; baseline 0.001 -10"><span class='ocrx_word' id='word_1_157' title='bbox 877 418 1006 454; x_wconf 86' lang='lat' dir='ltr'><strong>Idemque</strong></span> <span class='ocrx_word' id='word_1_158' title='bbox 1019 420 1145 448; x_wconf 89' lang='lat' dir='ltr'><strong>vnltesse</strong></span> <span class='ocrx_word' id='word_1_159' title='bbox 1159 421 1230 455; x_wconf 84' lang='lat' dir='ltr'><strong>quod</strong></span> <span class='ocrx_word' id='word_1_160' title='bbox 1244 420 1426 456; x_wconf 79' lang='lat' dir='ltr'><strong>genitum&#39;est,</strong></span> <span class='ocrx_word' id='word_1_161' title='bbox 1443 425 1470 448; x_wconf 84' lang='lat' dir='ltr'><strong>et</strong></span> <span class='ocrx_word' id='word_1_162' title='bbox 1481 421 1552 456; x_wconf 87' lang='lat' dir='ltr'><strong>quod</strong></span> <span class='ocrx_word' id='word_1_163' title='bbox 1569 422 1669 448; x_wconf 79' lang='lat' dir='ltr'><strong>factum</strong></span> 
     </span>
    </p>
   </div>
   <div class='ocr_carea' id='block_1_22' title="bbox 876 465 1672 501">
    <p class='ocr_par' dir='ltr' id='par_1_22' title="bbox 876 465 1672 501">
     <span class='ocr_line' id='line_1_22' title="bbox 876 465 1672 501; baseline 0 -9"><span class='ocrx_word' id='word_1_164' title='bbox 876 470 929 495; x_wconf 85' lang='lat' dir='ltr'><strong>est.</strong></span> <span class='ocrx_word' id='word_1_165' title='bbox 942 470 968 493; x_wconf 83' lang='lat' dir='ltr'><strong>et</strong></span> <span class='ocrx_word' id='word_1_166' title='bbox 986 473 1066 493; x_wconf 90' lang='lat' dir='ltr'><strong>unam</strong></span> <span class='ocrx_word' id='word_1_167' title='bbox 1079 473 1111 493; x_wconf 81' lang='lat' dir='ltr'><strong>ex</strong></span> <span class='ocrx_word' id='word_1_168' title='bbox 1123 466 1214 499; x_wconf 82' lang='lat' dir='ltr'><strong>rebus,</strong></span> <span class='ocrx_word' id='word_1_169' title='bbox 1231 474 1290 501; x_wconf 66' lang='lat' dir='ltr'><strong>qua!</strong></span> <span class='ocrx_word' id='word_1_170' title='bbox 1306 466 1383 493; x_wconf 76' lang='lat' dir='ltr'><strong>factae</strong></span> <span class='ocrx_word' id='word_1_171' title='bbox 1399 471 1472 499; x_wconf 87' lang='lat' dir='ltr'><strong>sunt,</strong></span> <span class='ocrx_word' id='word_1_172' title='bbox 1483 467 1540 494; x_wconf 92' lang='lat' dir='ltr'><strong>vult</strong></span> <span class='ocrx_word' id='word_1_173' title='bbox 1556 474 1616 493; x_wconf 86' lang='lat' dir='ltr'><strong>esse</strong></span> <span class='ocrx_word' id='word_1_174' title='bbox 1628 465 1672 492; x_wconf 84' lang='lat' dir='ltr'><strong>Fi-</strong></span> 
     </span>
    </p>
   </div>
   <div class='ocr_carea' id='block_1_23' title="bbox 877 511 1669 548">
    <p class='ocr_par' dir='ltr' id='par_1_23' title="bbox 877 511 1669 548">
     <span class='ocr_line' id='line_1_23' title="bbox 877 511 1669 548; baseline 0.004 -11"><span class='ocrx_word' id='word_1_175' title='bbox 877 511 1055 538; x_wconf 85' lang='lat' dir='ltr'><strong>lium.Vcrum</strong></span> <span class='ocrx_word' id='word_1_176' title='bbox 1065 512 1097 539; x_wconf 80' lang='lat' dir='ltr'><strong>ab</strong></span> <span class='ocrx_word' id='word_1_177' title='bbox 1105 513 1232 539; x_wconf 83' lang='lat' dir='ltr'><strong>omnibus</strong></span> <span class='ocrx_word' id='word_1_178' title='bbox 1240 512 1362 539; x_wconf 80' lang='lat' dir='ltr'><strong>diversus</strong></span> <span class='ocrx_word' id='word_1_179' title='bbox 1374 517 1425 544; x_wconf 87' lang='lat' dir='ltr'><strong>est,</strong></span> <span class='ocrx_word' id='word_1_180' title='bbox 1438 512 1669 548; x_wconf 80' lang='lat' dir='ltr'><strong>quemadmodum</strong></span> 
     </span>
    </p>
   </div>
   <div class='ocr_carea' id='block_1_24' title="bbox 879 556 1672 594">
    <p class='ocr_par' dir='ltr' id='par_1_24' title="bbox 879 556 1672 594">
     <span class='ocr_line' id='line_1_24' title="bbox 879 556 1672 594; baseline 0.004 -11"><span class='ocrx_word' id='word_1_181' title='bbox 879 556 906 583; x_wconf 91' lang='lat' dir='ltr'><strong>in</strong></span> <span class='ocrx_word' id='word_1_182' title='bbox 922 558 1109 592; x_wconf 77' lang='lat' dir='ltr'><strong>superioribus</strong></span> <span class='ocrx_word' id='word_1_183' title='bbox 1119 558 1374 585; x_wconf 83' lang='lat' dir='ltr'><strong>demonstravimus:</strong></span> <span class='ocrx_word' id='word_1_184' title='bbox 1388 557 1421 585; x_wconf 84' lang='lat' dir='ltr'><strong>Et</strong></span> <span class='ocrx_word' id='word_1_185' title='bbox 1432 559 1672 594; x_wconf 72' lang='lat' dir='ltr'><strong>omniaperipsum</strong></span> 
     </span>
    </p>
   </div>
   <div class='ocr_carea' id='block_1_25' title="bbox 878 603 1674 641">
    <p class='ocr_par' dir='ltr' id='par_1_25' title="bbox 878 603 1674 641">
     <span class='ocr_line' id='line_1_25' title="bbox 878 603 1674 641; baseline 0.005 -12"><span class='ocrx_word' id='word_1_186' title='bbox 878 603 949 638; x_wconf 77' lang='lat' dir='ltr'><strong>facta</strong></span> <span class='ocrx_word' id='word_1_187' title='bbox 961 609 1021 630; x_wconf 82' lang='lat' dir='ltr'><strong>sunt</strong></span> <span class='ocrx_word' id='word_1_188' title='bbox 1035 604 1042 621; x_wconf 82' lang='lat'><strong><em>‘</em></strong></span> <span class='ocrx_word' id='word_1_189' title='bbox 1055 611 1157 638; x_wconf 89' lang='lat' dir='ltr'><strong>;quare</strong></span> <span class='ocrx_word' id='word_1_190' title='bbox 1170 611 1221 631; x_wconf 89' lang='lat' dir='ltr'><strong>nec</strong></span> <span class='ocrx_word' id='word_1_191' title='bbox 1234 604 1341 631; x_wconf 80' lang='lat' dir='ltr'><strong>dicatur</strong></span> <span class='ocrx_word' id='word_1_192' title='bbox 1355 605 1480 636; x_wconf 88' lang='lat' dir='ltr'><strong>consilio,</strong></span> <span class='ocrx_word' id='word_1_193' title='bbox 1497 613 1531 632; x_wconf 90' lang='lat' dir='ltr'><strong>ne</strong></span> <span class='ocrx_word' id='word_1_194' title='bbox 1540 606 1597 640; x_wconf 86' lang='lat' dir='ltr'><strong>ipse</strong></span> <span class='ocrx_word' id='word_1_195' title='bbox 1605 613 1674 641; x_wconf 36' lang='lat' dir='ltr'><strong>quoe</strong></span> 
     </span>
    </p>
   </div>
   <div class='ocr_carea' id='block_1_26' title="bbox 879 649 1671 686">
    <p class='ocr_par' dir='ltr' id='par_1_26' title="bbox 879 649 1671 686">
     <span class='ocr_line' id='line_1_26' title="bbox 879 649 1671 686; baseline 0.004 -11"><span class='ocrx_word' id='word_1_196' title='bbox 879 656 932 684; x_wconf 79' lang='lat' dir='ltr'><strong>que</strong></span> <span class='ocrx_word' id='word_1_197' title='bbox 942 649 976 675; x_wconf 83' lang='lat' dir='ltr'><strong>ita</strong></span> <span class='ocrx_word' id='word_1_198' title='bbox 992 649 1080 676; x_wconf 84' lang='lat' dir='ltr'><strong>factus</strong></span> <span class='ocrx_word' id='word_1_199' title='bbox 1093 650 1263 682; x_wconf 83' lang='lat' dir='ltr'><strong>ostendatur,</strong></span> <span class='ocrx_word' id='word_1_200' title='bbox 1273 654 1303 677; x_wconf 89' lang='lat' dir='ltr'><strong>ut</strong></span> <span class='ocrx_word' id='word_1_201' title='bbox 1311 650 1366 683; x_wconf 90' lang='lat' dir='ltr'><strong>illa,</strong></span> <span class='ocrx_word' id='word_1_202' title='bbox 1376 658 1435 684; x_wconf 80' lang='lat' dir='ltr'><strong>qua:</strong></span> <span class='ocrx_word' id='word_1_203' title='bbox 1442 658 1490 685; x_wconf 91' lang='lat' dir='ltr'><strong>per</strong></span> <span class='ocrx_word' id='word_1_204' title='bbox 1499 651 1586 686; x_wconf 88' lang='lat' dir='ltr'><strong>ipsum</strong></span> <span class='ocrx_word' id='word_1_205' title='bbox 1600 652 1671 679; x_wconf 81' lang='lat' dir='ltr'><strong>facta</strong></span> 
     </span>
    </p>
   </div>
   <div class='ocr_carea' id='block_1_27' title="bbox 879 694 1672 731">
    <p class='ocr_par' dir='ltr' id='par_1_27' title="bbox 879 694 1672 731">
     <span class='ocr_line' id='line_1_27' title="bbox 879 694 1672 731; baseline 0.003 -10"><span class='ocrx_word' id='word_1_206' title='bbox 879 699 953 726; x_wconf 86' lang='lat' dir='ltr'><strong>sunt.</strong></span> <span class='ocrx_word' id='word_1_207' title='bbox 975 695 1168 722; x_wconf 85' lang='lat' dir='ltr'><strong>constiterunt.</strong></span> <span class='ocrx_word' id='word_1_208' title='bbox 1188 694 1253 722; x_wconf 76' lang='lat' dir='ltr'><strong>Nam</strong></span> <span class='ocrx_word' id='word_1_209' title='bbox 1272 694 1372 723; x_wconf 80' lang='lat' dir='ltr'><strong>Paulus</strong></span> <span class='ocrx_word' id='word_1_210' title='bbox 1389 696 1512 731; x_wconf 89' lang='lat' dir='ltr'><strong>quidem,</strong></span> <span class='ocrx_word' id='word_1_211' title='bbox 1530 696 1575 731; x_wconf 93' lang='lat' dir='ltr'><strong>qui</strong></span> <span class='ocrx_word' id='word_1_212' title='bbox 1595 697 1672 731; x_wconf 84' lang='lat' dir='ltr'><strong>prius</strong></span> 
     </span>
    </p>
   </div>
   <div class='ocr_carea' id='block_1_28' title="bbox 49 733 830 777">
    <p class='ocr_par' dir='ltr' id='par_1_28' title="bbox 49 733 830 773">
     <span class='ocr_line' id='line_1_28' title="bbox 49 733 830 773; baseline 0.009 -14"><span class='ocrx_word' id='word_1_213' title='bbox 49 733 89 760; x_wconf 69' lang='grc' dir='ltr'>τοῦ</span> <span class='ocrx_word' id='word_1_214' title='bbox 103 734 239 770; x_wconf 82' lang='grc' dir='ltr'>γενόμενα</span> <span class='ocrx_word' id='word_1_215' title='bbox 254 737 381 772; x_wconf 81' lang='grc' dir='ltr'>συνέστη.</span> <span class='ocrx_word' id='word_1_216' title='bbox 409 738 465 764; x_wconf 81' lang='grc' dir='ltr'><strong>Καὶ</strong></span> <span class='ocrx_word' id='word_1_217' title='bbox 477 738 532 773; x_wconf 73' lang='grc' dir='ltr'>γὰρ</span> <span class='ocrx_word' id='word_1_218' title='bbox 547 739 560 765; x_wconf 81' lang='grc' dir='ltr'><strong>ὁ</strong></span> <span class='ocrx_word' id='word_1_219' title='bbox 579 738 629 773; x_wconf 70' lang='grc' dir='ltr'>μὲν</span> <span class='ocrx_word' id='word_1_220' title='bbox 649 739 755 771; x_wconf 82' lang='grc' dir='ltr'><strong>Παῦλος</strong></span> <span class='ocrx_word' id='word_1_221' title='bbox 779 740 830 766; x_wconf 75' lang='grc' dir='ltr'>οὐκ</span> 
     </span>
    </p>
   </div>
   <div class='ocr_carea' id='block_1_29' title="bbox 890 733 1672 777">
    <p class='ocr_par' dir='ltr' id='par_1_29' title="bbox 890 741 1672 777">
     <span class='ocr_line' id='line_1_29' title="bbox 890 741 1672 777; baseline 0.001 -9"><span class='ocrx_word' id='word_1_222' title='bbox 890 749 934 768; x_wconf 80' lang='lat' dir='ltr'><strong>ton</strong></span> <span class='ocrx_word' id='word_1_223' title='bbox 960 747 1028 774; x_wconf 88' lang='lat' dir='ltr'><strong>erat,</strong></span> <span class='ocrx_word' id='word_1_224' title='bbox 1055 746 1147 776; x_wconf 82' lang='lat' dir='ltr'><strong>postea</strong></span> <span class='ocrx_word' id='word_1_225' title='bbox 1170 749 1218 777; x_wconf 88' lang='lat' dir='ltr'><strong>per</strong></span> <span class='ocrx_word' id='word_1_226' title='bbox 1246 742 1413 769; x_wconf 80' lang='lat' dir='ltr'><strong>voluntatem</strong></span> <span class='ocrx_word' id='word_1_227' title='bbox 1453 741 1501 769; x_wconf 87' lang='lat' dir='ltr'><strong>Dei</strong></span> <span class='ocrx_word' id='word_1_228' title='bbox 1532 742 1672 777; x_wconf 81' lang='lat' dir='ltr'><strong>apostolus</strong></span> 
     </span>
    </p>
   </div>
   <div class='ocr_carea' id='block_1_30' title="bbox 50 779 830 825">
    <p class='ocr_par' dir='ltr' id='par_1_30' title="bbox 50 779 830 820">
     <span class='ocr_line' id='line_1_30' title="bbox 50 779 830 820; baseline 0.009 -15"><span class='ocrx_word' id='word_1_229' title='bbox 50 779 81 805; x_wconf 80' lang='grc' dir='ltr'>ὢν</span> <span class='ocrx_word' id='word_1_230' title='bbox 105 781 247 816; x_wconf 78' lang='grc' dir='ltr'>πρότερον,</span> <span class='ocrx_word' id='word_1_231' title='bbox 278 781 394 818; x_wconf 73' lang='grc' dir='ltr'>ὕπερον</span> <span class='ocrx_word' id='word_1_232' title='bbox 414 784 488 818; x_wconf 84' lang='grc' dir='ltr'>ὅμως</span> <span class='ocrx_word' id='word_1_233' title='bbox 516 784 560 811; x_wconf 74' lang='grc' dir='ltr'>διὰ</span> <span class='ocrx_word' id='word_1_234' title='bbox 584 785 736 820; x_wconf 75' lang='grc' dir='ltr'><strong>θελήματος</strong></span> <span class='ocrx_word' id='word_1_235' title='bbox 762 785 830 812; x_wconf 67' lang='lat' dir='ltr'><strong>eeo-3</strong></span> 
     </span>
    </p>
   </div>
   <div class='ocr_carea' id='block_1_31' title="bbox 890 779 1671 825">
    <p class='ocr_par' dir='ltr' id='par_1_31' title="bbox 890 789 1671 825">
     <span class='ocr_line' id='line_1_31' title="bbox 890 789 1671 825; baseline -0.001 -8"><span class='ocrx_word' id='word_1_236' title='bbox 890 789 969 817; x_wconf 78' lang='lat' dir='ltr'><strong>&#39;actus</strong></span> <span class='ocrx_word' id='word_1_237' title='bbox 984 794 1036 817; x_wconf 87' lang='lat' dir='ltr'><strong>est.</strong></span> <span class='ocrx_word' id='word_1_238' title='bbox 1061 790 1094 816; x_wconf 89' lang='lat' dir='ltr'><strong>Et</strong></span> <span class='ocrx_word' id='word_1_239' title='bbox 1108 790 1216 817; x_wconf 87' lang='lat' dir='ltr'><strong>vocatio</strong></span> <span class='ocrx_word' id='word_1_240' title='bbox 1232 796 1337 821; x_wconf 87' lang='lat' dir='ltr'><strong>nostra,</strong></span> <span class='ocrx_word' id='word_1_241' title='bbox 1358 794 1387 816; x_wconf 93' lang='lat' dir='ltr'><strong>ut</strong></span> <span class='ocrx_word' id='word_1_242' title='bbox 1403 798 1463 825; x_wconf 71' lang='lat' dir='ltr'><strong>quas</strong></span> <span class='ocrx_word' id='word_1_243' title='bbox 1477 790 1541 816; x_wconf 91' lang='lat' dir='ltr'><strong>olim</strong></span> <span class='ocrx_word' id='word_1_244' title='bbox 1558 794 1587 817; x_wconf 87' lang='lat' dir='ltr'><strong>et</strong></span> <span class='ocrx_word' id='word_1_245' title='bbox 1613 790 1671 825; x_wconf 83' lang='lat' dir='ltr'><strong>ipsa</strong></span> 
     </span>
    </p>
   </div>
   <div class='ocr_carea' id='block_1_32' title="bbox 50 828 830 869">
    <p class='ocr_par' dir='ltr' id='par_1_32' title="bbox 50 828 830 869">
     <span class='ocr_line' id='line_1_32' title="bbox 50 828 830 869; baseline 0.012 -16"><span class='ocrx_word' id='word_1_246' title='bbox 50 828 193 860; x_wconf 74' lang='grc' dir='ltr'><strong>ἀπόστολος</strong></span> <span class='ocrx_word' id='word_1_247' title='bbox 207 829 331 864; x_wconf 81' lang='grc' dir='ltr'>γέγονεν,</span> <span class='ocrx_word' id='word_1_248' title='bbox 358 832 375 865; x_wconf 79' lang='grc' dir='ltr'><strong>ἡ</strong></span> <span class='ocrx_word' id='word_1_249' title='bbox 389 831 417 859; x_wconf 61' lang='grc' dir='ltr'><strong>δὲ</strong></span> <span class='ocrx_word' id='word_1_250' title='bbox 434 832 531 867; x_wconf 80' lang='grc' dir='ltr'><strong>κλῆσις</strong></span> <span class='ocrx_word' id='word_1_251' title='bbox 546 834 625 869; x_wconf 81' lang='grc' dir='ltr'>ἡμῶν</span> <span class='ocrx_word' id='word_1_252' title='bbox 643 835 680 867; x_wconf 85' lang='grc' dir='ltr'>ὦς</span> <span class='ocrx_word' id='word_1_253' title='bbox 696 843 762 862; x_wconf 82' lang='grc' dir='ltr'>ποτε</span> <span class='ocrx_word' id='word_1_254' title='bbox 785 837 830 862; x_wconf 65' lang='grc' dir='ltr'>καὶ</span> 
     </span>
    </p>
   </div>
   <div class='ocr_carea' id='block_1_33' title="bbox 890 828 1673 869">
    <p class='ocr_par' dir='ltr' id='par_1_33' title="bbox 890 835 1673 867">
     <span class='ocr_line' id='line_1_33' title="bbox 890 835 1673 867; baseline 0 -5"><span class='ocrx_word' id='word_1_255' title='bbox 890 844 936 862; x_wconf 73' lang='lat' dir='ltr'><strong>ton</strong></span> <span class='ocrx_word' id='word_1_256' title='bbox 947 840 1015 867; x_wconf 84' lang='lat' dir='ltr'><strong>erat,</strong></span> <span class='ocrx_word' id='word_1_257' title='bbox 1033 843 1105 862; x_wconf 89' lang='lat' dir='ltr'><strong>nunc</strong></span> <span class='ocrx_word' id='word_1_258' title='bbox 1120 840 1212 862; x_wconf 89' lang='lat' dir='ltr'><strong>autem</strong></span> <span class='ocrx_word' id='word_1_259' title='bbox 1226 839 1278 867; x_wconf 87' lang='lat' dir='ltr'><strong>est,</strong></span> <span class='ocrx_word' id='word_1_260' title='bbox 1295 835 1339 862; x_wconf 82' lang='lat' dir='ltr'><strong>Dei</strong></span> <span class='ocrx_word' id='word_1_261' title='bbox 1352 835 1499 863; x_wconf 85' lang='lat' dir='ltr'><strong>consilium</strong></span> <span class='ocrx_word' id='word_1_262' title='bbox 1517 841 1558 862; x_wconf 90' lang='lat' dir='ltr'><strong>est</strong></span> <span class='ocrx_word' id='word_1_263' title='bbox 1574 843 1673 862; x_wconf 88' lang='lat' dir='ltr'><strong>conse-</strong></span> 
     </span>
    </p>
   </div>
   <div class='ocr_carea' id='block_1_34' title="bbox 50 873 830 918">
    <p class='ocr_par' dir='ltr' id='par_1_34' title="bbox 50 873 830 918">
     <span class='ocr_line' id='line_1_34' title="bbox 50 873 830 918; baseline 0.012 -18"><span class='ocrx_word' id='word_1_264' title='bbox 50 874 111 902; x_wconf 66' lang='grc' dir='ltr'>αὐτὴ</span> <span class='ocrx_word' id='word_1_265' title='bbox 122 875 162 911; x_wconf 83' lang='grc' dir='ltr'>μὴ</span> <span class='ocrx_word' id='word_1_266' title='bbox 169 873 247 908; x_wconf 73' lang='grc' dir='ltr'>οὖσα,</span> <span class='ocrx_word' id='word_1_267' title='bbox 261 875 309 903; x_wconf 84' lang='grc' dir='ltr'>νῦν</span> <span class='ocrx_word' id='word_1_268' title='bbox 318 877 346 903; x_wconf 79' lang='grc' dir='ltr'><strong>δὲ</strong></span> <span class='ocrx_word' id='word_1_269' title='bbox 355 878 537 914; x_wconf 76' lang='grc' dir='ltr'>ἐπιγενομένη</span> <span class='ocrx_word' id='word_1_270' title='bbox 552 882 763 918; x_wconf 77' lang='grc' dir='ltr'><strong>προηγουμένην</strong></span> <span class='ocrx_word' id='word_1_271' title='bbox 772 883 830 917; x_wconf 70' lang='grc' dir='ltr'>ἐμι</span> 
     </span>
    </p>
   </div>
   <div class='ocr_carea' id='block_1_35' title="bbox 890 873 1672 918">
    <p class='ocr_par' dir='ltr' id='par_1_35' title="bbox 890 880 1672 916">
     <span class='ocr_line' id='line_1_35' title="bbox 890 880 1672 916; baseline 0 -8"><span class='ocrx_word' id='word_1_272' title='bbox 890 885 956 913; x_wconf 82' lang='lat' dir='ltr'><strong>:uta,</strong></span> <span class='ocrx_word' id='word_1_273' title='bbox 970 886 996 908; x_wconf 88' lang='lat' dir='ltr'><strong>et</strong></span> <span class='ocrx_word' id='word_1_274' title='bbox 1014 885 1043 908; x_wconf 92' lang='lat' dir='ltr'><strong>ut</strong></span> <span class='ocrx_word' id='word_1_275' title='bbox 1055 881 1114 916; x_wconf 87' lang='lat' dir='ltr'><strong>ipse</strong></span> <span class='ocrx_word' id='word_1_276' title='bbox 1130 882 1275 916; x_wconf 85' lang='lat' dir='ltr'><strong>Apostolus</strong></span> <span class='ocrx_word' id='word_1_277' title='bbox 1293 889 1402 908; x_wconf 89' lang='lat' dir='ltr'><strong>rursum</strong></span> <span class='ocrx_word' id='word_1_278' title='bbox 1414 881 1464 908; x_wconf 87' lang='lat' dir='ltr'><strong>-ait</strong></span> <span class='ocrx_word' id='word_1_279' title='bbox 1482 891 1488 908; x_wconf 87' lang='lat'>:</span> <span class='ocrx_word' id='word_1_280' title='bbox 1520 880 1672 908; x_wconf 82' lang='lat' dir='ltr'><strong>Secundum</strong></span> 
     </span>
    </p>
   </div>
   <div class='ocr_carea' id='block_1_36' title="bbox 50 921 830 963">
    <p class='ocr_par' dir='ltr' id='par_1_36' title="bbox 50 921 830 962">
     <span class='ocr_line' id='line_1_36' title="bbox 50 921 830 962; baseline 0.014 -17"><span class='ocrx_word' id='word_1_281' title='bbox 50 921 183 955; x_wconf 58' lang='grc' dir='ltr'>βούλησιν.</span> <span class='ocrx_word' id='word_1_282' title='bbox 199 923 252 949; x_wconf 70' lang='grc' dir='ltr'><strong>Καὶ</strong></span> <span class='ocrx_word' id='word_1_283' title='bbox 264 923 302 954; x_wconf 84' lang='grc' dir='ltr'>ὡς</span> <span class='ocrx_word' id='word_1_284' title='bbox 315 924 396 957; x_wconf 70' lang='grc' dir='ltr'>αὐτὸς</span> <span class='ocrx_word' id='word_1_285' title='bbox 405 925 487 952; x_wconf 75' lang='grc' dir='ltr'>πάλιν</span> <span class='ocrx_word' id='word_1_286' title='bbox 501 927 515 953; x_wconf 76' lang='grc' dir='ltr'>ὁ</span> <span class='ocrx_word' id='word_1_287' title='bbox 530 927 635 959; x_wconf 80' lang='grc' dir='ltr'>ιιαῦλός</span> <span class='ocrx_word' id='word_1_288' title='bbox 648 936 716 962; x_wconf 89' lang='grc' dir='ltr'>φησι</span> <span class='ocrx_word' id='word_1_289' title='bbox 729 936 736 944; x_wconf 90' lang='grc'><strong>·</strong></span> <span class='ocrx_word' id='word_1_290' title='bbox 751 929 830 956; x_wconf 81' lang='grc' dir='ltr'>Κατὰ</span> 
     </span>
    </p>
   </div>
   <div class='ocr_carea' id='block_1_37' title="bbox 890 921 1673 963">
    <p class='ocr_par' dir='ltr' id='par_1_37' title="bbox 890 927 1673 962">
     <span class='ocr_line' id='line_1_37' title="bbox 890 927 1673 962; baseline 0 -8"><span class='ocrx_word' id='word_1_291' title='bbox 890 927 1046 962; x_wconf 72' lang='grc' dir='ltr'>ποροιίιυηι</span> <span class='ocrx_word' id='word_1_292' title='bbox 1060 927 1203 954; x_wconf 71' lang='lat' dir='ltr'><strong>voluntati:</strong></span> <span class='ocrx_word' id='word_1_293' title='bbox 1216 936 1271 955; x_wconf 67' lang='lat' dir='ltr'><strong>sane</strong></span> <span class='ocrx_word' id='word_1_294' title='bbox 1286 927 1307 954; x_wconf 80' lang='grc'><strong>⁸.</strong></span> <span class='ocrx_word' id='word_1_295' title='bbox 1335 927 1370 954; x_wconf 84' lang='lat' dir='ltr'><strong>Et</strong></span> <span class='ocrx_word' id='word_1_296' title='bbox 1385 927 1464 960; x_wconf 84' lang='lat' dir='ltr'><strong>illud,</strong></span> <span class='ocrx_word' id='word_1_297' title='bbox 1480 928 1554 961; x_wconf 88' lang='lat' dir='ltr'><strong>quod</strong></span> <span class='ocrx_word' id='word_1_298' title='bbox 1567 936 1581 954; x_wconf 88' lang='lat' dir='ltr'><strong>a</strong></span> <span class='ocrx_word' id='word_1_299' title='bbox 1600 927 1673 955; x_wconf 83' lang='lat' dir='ltr'><strong>Mose</strong></span> 
     </span>
    </p>
   </div>
   <div class='ocr_carea' id='block_1_38' title="bbox 50 967 830 1009">
    <p class='ocr_par' dir='ltr' id='par_1_38' title="bbox 50 967 830 1009">
     <span class='ocr_line' id='line_1_38' title="bbox 50 967 830 1009; baseline 0.015 -18"><span class='ocrx_word' id='word_1_300' title='bbox 50 968 101 998; x_wconf 71' lang='grc' dir='ltr'><strong>τὴν</strong></span> <span class='ocrx_word' id='word_1_301' title='bbox 110 967 254 994; x_wconf 73' lang='grc' dir='ltr'>εὐδοκίην</span> <span class='ocrx_word' id='word_1_302' title='bbox 266 969 319 996; x_wconf 78' lang='grc' dir='ltr'>τοῦ</span> <span class='ocrx_word' id='word_1_303' title='bbox 331 970 498 1005; x_wconf 77' lang='grc' dir='ltr'><strong>θελήματος</strong></span> <span class='ocrx_word' id='word_1_304' title='bbox 510 973 604 1000; x_wconf 78' lang='grc' dir='ltr'>αῠῖοῦ</span> <span class='ocrx_word' id='word_1_305' title='bbox 616 973 734 1009; x_wconf 77' lang='grc' dir='ltr'>γέγονε.</span> <span class='ocrx_word' id='word_1_306' title='bbox 750 976 786 1002; x_wconf 87' lang='grc' dir='ltr'>Τό</span> <span class='ocrx_word' id='word_1_307' title='bbox 802 984 830 1002; x_wconf 86' lang='grc' dir='ltr'><strong>τε</strong></span> 
     </span>
    </p>
   </div>
   <div class='ocr_carea' id='block_1_39' title="bbox 890 967 1674 1009">
    <p class='ocr_par' dir='ltr' id='par_1_39' title="bbox 890 972 1674 1009">
     <span class='ocr_line' id='line_1_39' title="bbox 890 972 1674 1009; baseline -0.003 -7"><span class='ocrx_word' id='word_1_308' title='bbox 890 974 1013 1009; x_wconf 62' lang='lat' dir='ltr'><strong>scriptum</strong></span> <span class='ocrx_word' id='word_1_309' title='bbox 1024 977 1066 1000; x_wconf 87' lang='lat' dir='ltr'><strong>est</strong></span> <span class='ocrx_word' id='word_1_310' title='bbox 1082 982 1088 1000; x_wconf 89' lang='lat'>:</span> <span class='ocrx_word' id='word_1_311' title='bbox 1106 972 1168 1000; x_wconf 82' lang='lat' dir='ltr'><strong>Fiat</strong></span> <span class='ocrx_word' id='word_1_312' title='bbox 1180 974 1244 1006; x_wconf 78' lang='lat' dir='ltr'><strong>huc;</strong></span> <span class='ocrx_word' id='word_1_313' title='bbox 1260 977 1298 1006; x_wconf 89' lang='lat' dir='ltr'><strong>et,</strong></span> <span class='ocrx_word' id='word_1_314' title='bbox 1312 973 1445 1000; x_wconf 78' lang='lat' dir='ltr'><strong>Producat</strong></span> <span class='ocrx_word' id='word_1_315' title='bbox 1457 978 1528 1000; x_wconf 78' lang='lat' dir='ltr'><strong>terra</strong></span> <span class='ocrx_word' id='word_1_316' title='bbox 1542 982 1552 1006; x_wconf 88' lang='lat'><strong><em>;</em></strong></span> <span class='ocrx_word' id='word_1_317' title='bbox 1564 979 1603 1007; x_wconf 89' lang='lat' dir='ltr'><strong>et,</strong></span> <span class='ocrx_word' id='word_1_318' title='bbox 1620 973 1674 1000; x_wconf 74' lang='grc' dir='ltr'><strong>1θή-</strong></span> 
     </span>
    </p>
   </div>
   <div class='ocr_carea' id='block_1_40' title="bbox 51 1012 833 1054">
    <p class='ocr_par' dir='ltr' id='par_1_40' title="bbox 51 1012 833 1054">
     <span class='ocr_line' id='line_1_40' title="bbox 51 1012 833 1054; baseline 0.015 -17"><span class='ocrx_word' id='word_1_319' title='bbox 51 1012 88 1038; x_wconf 68' lang='grc' dir='ltr'><strong>διά</strong></span> <span class='ocrx_word' id='word_1_320' title='bbox 105 1013 226 1044; x_wconf 62' lang='grc' dir='ltr'>Μωσέως</span> <span class='ocrx_word' id='word_1_321' title='bbox 236 1015 398 1050; x_wconf 78' lang='grc' dir='ltr'>λεγόμενον·</span> <span class='ocrx_word' id='word_1_322' title='bbox 408 1017 569 1051; x_wconf 80' lang='grc' dir='ltr'><strong>Γενηθήτω</strong></span> <span class='ocrx_word' id='word_1_323' title='bbox 583 1018 655 1054; x_wconf 72' lang='grc' dir='ltr'>φῶς,</span> <span class='ocrx_word' id='word_1_324' title='bbox 667 1020 730 1047; x_wconf 80' lang='grc' dir='ltr'>καί·</span> <span class='ocrx_word' id='word_1_325' title='bbox 746 1021 833 1054; x_wconf 78' lang='grc' dir='ltr'><strong>Ἔξα-</strong></span> 
     </span>
    </p>
   </div>
   <div class='ocr_carea' id='block_1_41' title="bbox 51 1061 832 1102">
    <p class='ocr_par' dir='ltr' id='par_1_41' title="bbox 51 1061 832 1102">
     <span class='ocr_line' id='line_1_41' title="bbox 51 1061 832 1102; baseline 0.013 -18"><span class='ocrx_word' id='word_1_326' title='bbox 51 1061 159 1092; x_wconf 49' lang='lat' dir='ltr'><strong>mli-2m</strong></span> <span class='ocrx_word' id='word_1_327' title='bbox 175 1061 194 1095; x_wconf 79' lang='grc' dir='ltr'><strong><em>ἠ</em></strong></span> <span class='ocrx_word' id='word_1_328' title='bbox 211 1062 260 1096; x_wconf 84' lang='grc' dir='ltr'>γῆ,</span> <span class='ocrx_word' id='word_1_329' title='bbox 270 1061 328 1088; x_wconf 81' lang='grc' dir='ltr'>καί·</span> <span class='ocrx_word' id='word_1_330' title='bbox 341 1062 518 1098; x_wconf 76' lang='grc' dir='ltr'>Ποιήσωμεν</span> <span class='ocrx_word' id='word_1_331' title='bbox 525 1065 694 1099; x_wconf 79' lang='grc' dir='ltr'><strong>ἄνθρωπον,</strong></span> <span class='ocrx_word' id='word_1_332' title='bbox 703 1067 832 1102; x_wconf 80' lang='grc' dir='ltr'>ἠγοῦμαι,</span> 
     </span>
    </p>
   </div>
   <div class='ocr_carea' id='block_1_42' title="bbox 51 1105 834 1145">
    <p class='ocr_par' dir='ltr' id='par_1_42' title="bbox 51 1105 834 1145">
     <span class='ocr_line' id='line_1_42' title="bbox 51 1105 834 1145; baseline 0.009 -15"><span class='ocrx_word' id='word_1_333' title='bbox 51 1105 92 1131; x_wconf 71' lang='grc' dir='ltr'>καὶ</span> <span class='ocrx_word' id='word_1_334' title='bbox 102 1107 129 1132; x_wconf 77' lang='grc' dir='ltr'>ὲν</span> <span class='ocrx_word' id='word_1_335' title='bbox 137 1107 197 1137; x_wconf 75' lang='grc' dir='ltr'>τοῖς</span> <span class='ocrx_word' id='word_1_336' title='bbox 211 1107 366 1142; x_wconf 71' lang='grc' dir='ltr'>ἔμπροσθεν</span> <span class='ocrx_word' id='word_1_337' title='bbox 374 1109 482 1144; x_wconf 82' lang='grc' dir='ltr'>εῐρηται</span> <span class='ocrx_word' id='word_1_338' title='bbox 495 1109 543 1144; x_wconf 84' lang='grc' dir='ltr'>τῆς</span> <span class='ocrx_word' id='word_1_339' title='bbox 556 1109 708 1145; x_wconf 77' lang='grc' dir='ltr'><strong>βουλήσεως</strong></span> <span class='ocrx_word' id='word_1_340' title='bbox 716 1110 763 1137; x_wconf 77' lang='grc' dir='ltr'><strong>τοῦ</strong></span> <span class='ocrx_word' id='word_1_341' title='bbox 773 1120 834 1138; x_wconf 82' lang='grc' dir='ltr'>ποι-</span> 
     </span>
    </p>
   </div>
   <div class='ocr_carea' id='block_1_43' title="bbox 884 1018 1672 1051">
    <p class='ocr_par' dir='ltr' id='par_1_43' title="bbox 884 1018 1672 1051">
     <span class='ocr_line' id='line_1_43' title="bbox 884 1018 1672 1051; baseline 0 -5"><span class='ocrx_word' id='word_1_342' title='bbox 884 1020 984 1047; x_wconf 74' lang='lat' dir='ltr'><strong>ciamus</strong></span> <span class='ocrx_word' id='word_1_343' title='bbox 1002 1019 1132 1046; x_wconf 84' lang='lat' dir='ltr'><strong>hominem</strong></span> <span class='ocrx_word' id='word_1_344' title='bbox 1146 1019 1167 1051; x_wconf 83' lang='grc'>⁸,</span> <span class='ocrx_word' id='word_1_345' title='bbox 1187 1018 1315 1051; x_wconf 82' lang='lat' dir='ltr'><strong>arbitror,</strong></span> <span class='ocrx_word' id='word_1_346' title='bbox 1338 1025 1366 1045; x_wconf 86' lang='lat' dir='ltr'><strong>ut</strong></span> <span class='ocrx_word' id='word_1_347' title='bbox 1395 1024 1459 1046; x_wconf 81' lang='lat' dir='ltr'><strong>ante</strong></span> <span class='ocrx_word' id='word_1_348' title='bbox 1485 1019 1590 1046; x_wconf 91' lang='lat' dir='ltr'><strong>dictum</strong></span> <span class='ocrx_word' id='word_1_349' title='bbox 1617 1024 1672 1050; x_wconf 84' lang='lat' dir='ltr'><strong>est,</strong></span> 
     </span>
    </p>
   </div>
   <div class='ocr_carea' id='block_1_44' title="bbox 884 1064 1671 1102">
    <p class='ocr_par' dir='ltr' id='par_1_44' title="bbox 884 1064 1671 1102">
     <span class='ocr_line' id='line_1_44' title="bbox 884 1064 1671 1102; baseline -0.005 -8"><span class='ocrx_word' id='word_1_350' title='bbox 884 1066 1036 1102; x_wconf 77' lang='lat' dir='ltr'><strong>signiﬁcare</strong></span> <span class='ocrx_word' id='word_1_351' title='bbox 1045 1066 1169 1093; x_wconf 73' lang='lat' dir='ltr'><strong>facientis</strong></span> <span class='ocrx_word' id='word_1_352' title='bbox 1177 1065 1353 1092; x_wconf 82' lang='lat' dir='ltr'><strong>voluntatem.</strong></span> <span class='ocrx_word' id='word_1_353' title='bbox 1367 1064 1432 1098; x_wconf 63' lang='lat' dir='ltr'><strong>Quae</strong></span> <span class='ocrx_word' id='word_1_354' title='bbox 1441 1065 1514 1093; x_wconf 90' lang='lat' dir='ltr'><strong>enim</strong></span> <span class='ocrx_word' id='word_1_355' title='bbox 1526 1070 1605 1092; x_wconf 87' lang='lat' dir='ltr'><strong>antea</strong></span> <span class='ocrx_word' id='word_1_356' title='bbox 1617 1073 1671 1092; x_wconf 89' lang='lat' dir='ltr'><strong>non</strong></span> 
     </span>
    </p>
   </div>
   <div class='ocr_carea' id='block_1_45' title="bbox 887 1111 1674 1142">
    <p class='ocr_par' dir='ltr' id='par_1_45' title="bbox 887 1111 1674 1142">
     <span class='ocr_line' id='line_1_45' title="bbox 887 1111 1674 1142; baseline -0.003 -2"><span class='ocrx_word' id='word_1_357' title='bbox 887 1118 980 1142; x_wconf 81' lang='lat' dir='ltr'><strong>erant.</strong></span> <span class='ocrx_word' id='word_1_358' title='bbox 999 1112 1046 1140; x_wconf 88' lang='lat' dir='ltr'><strong>sed</strong></span> <span class='ocrx_word' id='word_1_359' title='bbox 1065 1112 1236 1139; x_wconf 83' lang='lat' dir='ltr'><strong>extrinsecus</strong></span> <span class='ocrx_word' id='word_1_360' title='bbox 1252 1111 1321 1139; x_wconf 79' lang='lat' dir='ltr'><strong>facta</strong></span> <span class='ocrx_word' id='word_1_361' title='bbox 1334 1117 1409 1141; x_wconf 86' lang='lat' dir='ltr'><strong>sunt.</strong></span> <span class='ocrx_word' id='word_1_362' title='bbox 1440 1119 1471 1138; x_wconf 83' lang='lat' dir='ltr'><strong>ea</strong></span> <span class='ocrx_word' id='word_1_363' title='bbox 1497 1112 1555 1138; x_wconf 84' lang='lat' dir='ltr'><strong>vult</strong></span> <span class='ocrx_word' id='word_1_364' title='bbox 1583 1111 1674 1139; x_wconf 75' lang='lat' dir='ltr'><strong>facere</strong></span> 
     </span>
    </p>
   </div>
   <div class='ocr_carea' id='block_1_46' title="bbox 49 1151 830 1194">
    <p class='ocr_par' dir='ltr' id='par_1_46' title="bbox 49 1151 830 1192">
     <span class='ocr_line' id='line_1_46' title="bbox 49 1151 830 1192; baseline 0.009 -16"><span class='ocrx_word' id='word_1_365' title='bbox 49 1151 139 1184; x_wconf 78' lang='grc' dir='ltr'>οὖντος</span> <span class='ocrx_word' id='word_1_366' title='bbox 157 1153 238 1179; x_wconf 75' lang='grc' dir='ltr'>τοῦτο</span> <span class='ocrx_word' id='word_1_367' title='bbox 251 1151 321 1180; x_wconf 83' lang='grc' dir='ltr'>εἶναι</span> <span class='ocrx_word' id='word_1_368' title='bbox 339 1155 517 1189; x_wconf 78' lang='grc' dir='ltr'>σημαντικόν.</span> <span class='ocrx_word' id='word_1_369' title='bbox 532 1155 573 1182; x_wconf 78' lang='grc' dir='ltr'><strong>Τὰ</strong></span> <span class='ocrx_word' id='word_1_370' title='bbox 590 1156 640 1190; x_wconf 71' lang='grc' dir='ltr'>μὶν</span> <span class='ocrx_word' id='word_1_371' title='bbox 654 1156 708 1190; x_wconf 74' lang='grc' dir='ltr'>γὰρ</span> <span class='ocrx_word' id='word_1_372' title='bbox 720 1156 757 1192; x_wconf 83' lang='grc' dir='ltr'>μὴ</span> <span class='ocrx_word' id='word_1_373' title='bbox 770 1156 830 1183; x_wconf 75' lang='grc' dir='ltr'>ὄντα</span> 
     </span>
    </p>
   </div>
   <div class='ocr_carea' id='block_1_47' title="bbox 890 1151 1673 1194">
    <p class='ocr_par' dir='ltr' id='par_1_47' title="bbox 890 1156 1673 1193">
     <span class='ocr_line' id='line_1_47' title="bbox 890 1156 1673 1193; baseline -0.003 -8"><span class='ocrx_word' id='word_1_374' title='bbox 890 1162 1043 1193; x_wconf 84' lang='lat' dir='ltr'><strong>procreator</strong></span> <span class='ocrx_word' id='word_1_375' title='bbox 1062 1157 1141 1184; x_wconf 85' lang='lat' dir='ltr'><strong>Deus.</strong></span> <span class='ocrx_word' id='word_1_376' title='bbox 1156 1156 1185 1183; x_wconf 91' lang='lat' dir='ltr'><strong>In</strong></span> <span class='ocrx_word' id='word_1_377' title='bbox 1198 1156 1287 1184; x_wconf 81' lang='lat' dir='ltr'><strong>Verbo</strong></span> <span class='ocrx_word' id='word_1_378' title='bbox 1303 1161 1394 1184; x_wconf 88' lang='lat' dir='ltr'><strong>autem</strong></span> <span class='ocrx_word' id='word_1_379' title='bbox 1406 1157 1527 1191; x_wconf 87' lang='lat' dir='ltr'><strong>proprio,</strong></span> <span class='ocrx_word' id='word_1_380' title='bbox 1543 1157 1616 1191; x_wconf 88' lang='lat' dir='ltr'><strong>quod</strong></span> <span class='ocrx_word' id='word_1_381' title='bbox 1640 1164 1673 1183; x_wconf 78' lang='lat' dir='ltr'><strong>ex</strong></span> 
     </span>
    </p>
   </div>
   <div class='ocr_carea' id='block_1_48' title="bbox 52 1198 830 1239">
    <p class='ocr_par' dir='ltr' id='par_1_48' title="bbox 52 1198 830 1238">
     <span class='ocr_line' id='line_1_48' title="bbox 52 1198 830 1238; baseline 0.008 -15"><span class='ocrx_word' id='word_1_382' title='bbox 52 1198 121 1229; x_wconf 76' lang='grc' dir='ltr'>ποτὲ,</span> <span class='ocrx_word' id='word_1_383' title='bbox 138 1199 200 1225; x_wconf 82' lang='grc' dir='ltr'>ἀλλ’</span> <span class='ocrx_word' id='word_1_384' title='bbox 213 1198 313 1231; x_wconf 73' lang='grc' dir='ltr'>ἔξωθεν</span> <span class='ocrx_word' id='word_1_385' title='bbox 330 1200 508 1236; x_wconf 80' lang='grc' dir='ltr'>ἐπιγινόμενα</span> <span class='ocrx_word' id='word_1_386' title='bbox 531 1202 545 1229; x_wconf 83' lang='grc' dir='ltr'><strong>ὁ</strong></span> <span class='ocrx_word' id='word_1_387' title='bbox 556 1201 723 1238; x_wconf 71' lang='grc' dir='ltr'>δημιουργὸς</span> <span class='ocrx_word' id='word_1_388' title='bbox 740 1202 830 1238; x_wconf 83' lang='grc' dir='ltr'>βούλε-</span> 
     </span>
    </p>
   </div>
   <div class='ocr_carea' id='block_1_49' title="bbox 890 1198 1674 1239">
    <p class='ocr_par' dir='ltr' id='par_1_49' title="bbox 890 1202 1674 1239">
     <span class='ocr_line' id='line_1_49' title="bbox 890 1202 1674 1239; baseline -0.004 -7"><span class='ocrx_word' id='word_1_389' title='bbox 890 1212 916 1232; x_wconf 85' lang='lat' dir='ltr'><strong>se</strong></span> <span class='ocrx_word' id='word_1_390' title='bbox 929 1208 1026 1231; x_wconf 89' lang='lat' dir='ltr'><strong>natura</strong></span> <span class='ocrx_word' id='word_1_391' title='bbox 1043 1203 1137 1239; x_wconf 76' lang='lat' dir='ltr'><strong>gignit,</strong></span> <span class='ocrx_word' id='word_1_392' title='bbox 1161 1210 1214 1229; x_wconf 93' lang='lat' dir='ltr'><strong>non</strong></span> <span class='ocrx_word' id='word_1_393' title='bbox 1245 1202 1376 1237; x_wconf 58' lang='lat' dir='ltr'><strong>pra’ccdit</strong></span> <span class='ocrx_word' id='word_1_394' title='bbox 1396 1202 1533 1230; x_wconf 83' lang='lat' dir='ltr'><strong>voluntas.</strong></span> <span class='ocrx_word' id='word_1_395' title='bbox 1564 1203 1593 1229; x_wconf 92' lang='lat' dir='ltr'><strong>In</strong></span> <span class='ocrx_word' id='word_1_396' title='bbox 1622 1203 1674 1229; x_wconf 93' lang='lat' dir='ltr'><strong>hoc</strong></span> 
     </span>
    </p>
   </div>
   <div class='ocr_carea' id='block_1_50' title="bbox 50 1245 830 1284">
    <p class='ocr_par' dir='ltr' id='par_1_50' title="bbox 50 1245 830 1284">
     <span class='ocr_line' id='line_1_50' title="bbox 50 1245 830 1284; baseline 0.005 -14"><span class='ocrx_word' id='word_1_397' title='bbox 50 1252 91 1270; x_wconf 78' lang='grc' dir='ltr'><strong>ται</strong></span> <span class='ocrx_word' id='word_1_398' title='bbox 108 1245 232 1280; x_wconf 59' lang='grc' dir='ltr'>ποιῆσαι.</span> <span class='ocrx_word' id='word_1_399' title='bbox 250 1246 303 1272; x_wconf 74' lang='grc' dir='ltr'><strong>Τὸν</strong></span> <span class='ocrx_word' id='word_1_400' title='bbox 323 1247 351 1273; x_wconf 82' lang='grc' dir='ltr'><strong>δὲ</strong></span> <span class='ocrx_word' id='word_1_401' title='bbox 369 1247 436 1273; x_wconf 81' lang='grc' dir='ltr'>ίδιον</span> <span class='ocrx_word' id='word_1_402' title='bbox 463 1247 550 1281; x_wconf 82' lang='grc' dir='ltr'>Λόγον</span> <span class='ocrx_word' id='word_1_403' title='bbox 574 1248 604 1280; x_wconf 71' lang='grc' dir='ltr'><strong>ἐξ</strong></span> <span class='ocrx_word' id='word_1_404' title='bbox 626 1248 725 1275; x_wconf 77' lang='grc' dir='ltr'>ἑαυτοῦ</span> <span class='ocrx_word' id='word_1_405' title='bbox 755 1249 830 1284; x_wconf 77' lang='grc' dir='ltr'>φύσει</span> 
     </span>
    </p>
   </div>
   <div class='ocr_carea' id='block_1_51' title="bbox 890 1245 1670 1284">
    <p class='ocr_par' dir='ltr' id='par_1_51' title="bbox 890 1247 1670 1283">
     <span class='ocr_line' id='line_1_51' title="bbox 890 1247 1670 1283; baseline -0.003 -6"><span class='ocrx_word' id='word_1_406' title='bbox 890 1250 959 1277; x_wconf 83' lang='lat' dir='ltr'><strong>enim</strong></span> <span class='ocrx_word' id='word_1_407' title='bbox 973 1248 1051 1277; x_wconf 86' lang='lat' dir='ltr'><strong>Pater</strong></span> <span class='ocrx_word' id='word_1_408' title='bbox 1065 1249 1116 1275; x_wconf 91' lang='lat' dir='ltr'><strong>alia</strong></span> <span class='ocrx_word' id='word_1_409' title='bbox 1131 1247 1234 1279; x_wconf 79' lang='lat' dir='ltr'><strong>omnia,</strong></span> <span class='ocrx_word' id='word_1_410' title='bbox 1253 1255 1316 1283; x_wconf 72' lang='lat' dir='ltr'><strong>quae</strong></span> <span class='ocrx_word' id='word_1_411' title='bbox 1336 1248 1405 1278; x_wconf 82' lang='lat' dir='ltr'><strong>vult,</strong></span> <span class='ocrx_word' id='word_1_412' title='bbox 1433 1248 1498 1275; x_wconf 82' lang='lat' dir='ltr'><strong>facit</strong></span> <span class='ocrx_word' id='word_1_413' title='bbox 1523 1252 1550 1275; x_wconf 85' lang='lat' dir='ltr'><strong>et</strong></span> <span class='ocrx_word' id='word_1_414' title='bbox 1584 1253 1670 1278; x_wconf 81' lang='lat' dir='ltr'><strong>creat.</strong></span> 
     </span>
    </p>
   </div>
   <div class='ocr_carea' id='block_1_52' title="bbox 50 1291 830 1330">
    <p class='ocr_par' dir='ltr' id='par_1_52' title="bbox 50 1291 830 1330">
     <span class='ocr_line' id='line_1_52' title="bbox 50 1291 830 1330; baseline 0.005 -13"><span class='ocrx_word' id='word_1_415' title='bbox 50 1291 149 1325; x_wconf 81' lang='grc' dir='ltr'>γεννῶν</span> <span class='ocrx_word' id='word_1_416' title='bbox 166 1291 196 1318; x_wconf 78' lang='grc' dir='ltr'>οὐ</span> <span class='ocrx_word' id='word_1_417' title='bbox 214 1291 439 1326; x_wconf 77' lang='grc' dir='ltr'>προϐουλεύεται.</span> <span class='ocrx_word' id='word_1_418' title='bbox 463 1293 507 1320; x_wconf 82' lang='grc' dir='ltr'>Ἑν</span> <span class='ocrx_word' id='word_1_419' title='bbox 526 1294 611 1328; x_wconf 86' lang='grc' dir='ltr'>τοότῳ</span> <span class='ocrx_word' id='word_1_420' title='bbox 628 1294 683 1329; x_wconf 81' lang='grc' dir='ltr'>γὰρ</span> <span class='ocrx_word' id='word_1_421' title='bbox 700 1294 714 1321; x_wconf 80' lang='grc' dir='ltr'>ὁ</span> <span class='ocrx_word' id='word_1_422' title='bbox 741 1294 830 1330; x_wconf 65' lang='grc' dir='ltr'>Πατὴρ</span> 
     </span>
    </p>
   </div>
   <div class='ocr_carea' id='block_1_53' title="bbox 890 1291 1674 1330">
    <p class='ocr_par' dir='ltr' id='par_1_53' title="bbox 890 1293 1674 1330">
     <span class='ocr_line' id='line_1_53' title="bbox 890 1293 1674 1330; baseline -0.005 -7"><span class='ocrx_word' id='word_1_423' title='bbox 890 1302 918 1323; x_wconf 88' lang='lat' dir='ltr'><strong>ut</strong></span> <span class='ocrx_word' id='word_1_424' title='bbox 933 1295 1076 1330; x_wconf 82' lang='lat' dir='ltr'><strong>apostolus</strong></span> <span class='ocrx_word' id='word_1_425' title='bbox 1089 1293 1209 1322; x_wconf 78' lang='lat' dir='ltr'><strong>Jacobus</strong></span> <span class='ocrx_word' id='word_1_426' title='bbox 1229 1294 1320 1325; x_wconf 86' lang='lat' dir='ltr'><strong>docet,</strong></span> <span class='ocrx_word' id='word_1_427' title='bbox 1352 1293 1456 1325; x_wconf 82' lang='lat' dir='ltr'><strong>Geuuit,</strong></span> <span class='ocrx_word' id='word_1_428' title='bbox 1474 1293 1610 1327; x_wconf 88' lang='lat' dir='ltr'><strong>inquiens,</strong></span> <span class='ocrx_word' id='word_1_429' title='bbox 1629 1301 1674 1320; x_wconf 74' lang='lat' dir='ltr'><strong>vos</strong></span> 
     </span>
    </p>
   </div>
   <div class='ocr_carea' id='block_1_54' title="bbox 50 1338 830 1376">
    <p class='ocr_par' dir='ltr' id='par_1_54' title="bbox 50 1338 830 1376">
     <span class='ocr_line' id='line_1_54' title="bbox 50 1338 830 1376; baseline 0.004 -12"><span class='ocrx_word' id='word_1_430' title='bbox 50 1339 138 1365; x_wconf 63' lang='lat'><strong>1313).:</strong></span> <span class='ocrx_word' id='word_1_431' title='bbox 159 1340 209 1366; x_wconf 72' lang='lat' dir='ltr'><strong>in</strong></span> <span class='ocrx_word' id='word_1_432' title='bbox 228 1338 352 1373; x_wconf 86' lang='grc' dir='ltr'>βούλεται</span> <span class='ocrx_word' id='word_1_433' title='bbox 378 1341 450 1367; x_wconf 83' lang='grc' dir='ltr'>ποιεῖ</span> <span class='ocrx_word' id='word_1_434' title='bbox 473 1341 520 1367; x_wconf 75' lang='grc' dir='ltr'>καὶ</span> <span class='ocrx_word' id='word_1_435' title='bbox 553 1340 725 1376; x_wconf 82' lang='grc' dir='ltr'>δημιουργεῖ,</span> <span class='ocrx_word' id='word_1_436' title='bbox 746 1341 830 1373; x_wconf 71' lang='grc' dir='ltr'>καθὼς</span> 
     </span>
    </p>
   </div>
   <div class='ocr_carea' id='block_1_55' title="bbox 890 1338 1670 1376">
    <p class='ocr_par' dir='ltr' id='par_1_55' title="bbox 890 1339 1670 1374">
     <span class='ocr_line' id='line_1_55' title="bbox 890 1339 1670 1374; baseline -0.005 -5"><span class='ocrx_word' id='word_1_437' title='bbox 890 1342 974 1370; x_wconf 69' lang='lat' dir='ltr'><strong>uolens</strong></span> <span class='ocrx_word' id='word_1_438' title='bbox 992 1341 1073 1369; x_wconf 77' lang='lat' dir='ltr'><strong>Verbo</strong></span> <span class='ocrx_word' id='word_1_439' title='bbox 1085 1341 1202 1368; x_wconf 74' lang='lat' dir='ltr'><strong>veritatis</strong></span> <span class='ocrx_word' id='word_1_440' title='bbox 1218 1348 1274 1367; x_wconf 70' lang='lat' dir='ltr'><strong>aut:</strong></span> <span class='ocrx_word' id='word_1_441' title='bbox 1285 1339 1305 1367; x_wconf 74' lang='grc'><strong>⁵.</strong></span> <span class='ocrx_word' id='word_1_442' title='bbox 1318 1339 1377 1366; x_wconf 70' lang='lat' dir='ltr'><strong>Prae</strong></span> <span class='ocrx_word' id='word_1_443' title='bbox 1396 1339 1500 1374; x_wconf 89' lang='lat' dir='ltr'><strong>pudore</strong></span> <span class='ocrx_word' id='word_1_444' title='bbox 1515 1339 1596 1374; x_wconf 80' lang='lat' dir='ltr'><strong>igitur</strong></span> <span class='ocrx_word' id='word_1_445' title='bbox 1605 1346 1670 1366; x_wconf 85' lang='lat' dir='ltr'><strong>con-</strong></span> 
     </span>
    </p>
   </div>
   <div class='ocr_carea' id='block_1_56' title="bbox 56 1384 830 1421">
    <p class='ocr_par' dir='ltr' id='par_1_56' title="bbox 56 1384 830 1421">
     <span class='ocr_line' id='line_1_56' title="bbox 56 1384 830 1421; baseline 0.005 -11"><span class='ocrx_word' id='word_1_446' title='bbox 56 1384 183 1416; x_wconf 67' lang='lat' dir='ltr'><strong>‘la’txwﬁzc</strong></span> <span class='ocrx_word' id='word_1_447' title='bbox 207 1385 220 1411; x_wconf 85' lang='grc' dir='ltr'><strong>ό</strong></span> <span class='ocrx_word' id='word_1_448' title='bbox 236 1385 383 1418; x_wconf 72' lang='grc' dir='ltr'>ἀπόστολος</span> <span class='ocrx_word' id='word_1_449' title='bbox 406 1385 541 1412; x_wconf 76' lang='grc' dir='ltr'>διδάσκων</span> <span class='ocrx_word' id='word_1_450' title='bbox 565 1386 642 1420; x_wconf 72' lang='grc' dir='ltr'>ἔλεγε</span> <span class='ocrx_word' id='word_1_451' title='bbox 656 1387 830 1421; x_wconf 70' lang='grc' dir='ltr'><strong>’Βουληθεὶς</strong></span> 
     </span>
    </p>
   </div>
   <div class='ocr_carea' id='block_1_57' title="bbox 890 1384 1674 1421">
    <p class='ocr_par' dir='ltr' id='par_1_57' title="bbox 891 1385 1674 1419">
     <span class='ocr_line' id='line_1_57' title="bbox 891 1385 1674 1419; baseline -0.006 -4"><span class='ocrx_word' id='word_1_452' title='bbox 891 1389 954 1419; x_wconf 79' lang='lat' dir='ltr'><strong>lusi.</strong></span> <span class='ocrx_word' id='word_1_453' title='bbox 973 1395 1024 1415; x_wconf 90' lang='lat' dir='ltr'><strong>nec</strong></span> <span class='ocrx_word' id='word_1_454' title='bbox 1035 1386 1167 1414; x_wconf 82' lang='lat' dir='ltr'><strong>audentes</strong></span> <span class='ocrx_word' id='word_1_455' title='bbox 1179 1386 1280 1418; x_wconf 86' lang='lat' dir='ltr'><strong>dicere,</strong></span> <span class='ocrx_word' id='word_1_456' title='bbox 1301 1385 1347 1412; x_wconf 88' lang='lat' dir='ltr'><strong>Dei</strong></span> <span class='ocrx_word' id='word_1_457' title='bbox 1365 1385 1484 1412; x_wconf 75' lang='lat' dir='ltr'><strong>Verbum</strong></span> <span class='ocrx_word' id='word_1_458' title='bbox 1516 1385 1618 1413; x_wconf 81' lang='lat' dir='ltr'><strong>factum</strong></span> <span class='ocrx_word' id='word_1_459' title='bbox 1644 1391 1674 1413; x_wconf 91' lang='lat' dir='ltr'><strong>ct</strong></span> 
     </span>
    </p>
   </div>
   <div class='ocr_carea' id='block_1_58' title="bbox 50 1429 830 1467">
    <p class='ocr_par' dir='ltr' id='par_1_58' title="bbox 50 1429 830 1467">
     <span class='ocr_line' id='line_1_58' title="bbox 50 1429 830 1467; baseline 0.001 -11"><span class='ocrx_word' id='word_1_460' title='bbox 50 1431 226 1465; x_wconf 78' lang='grc' dir='ltr'><strong>ἀπεκύησεν</strong></span> <span class='ocrx_word' id='word_1_461' title='bbox 236 1429 314 1464; x_wconf 78' lang='grc' dir='ltr'><strong>ἡμᾶς</strong></span> <span class='ocrx_word' id='word_1_462' title='bbox 322 1431 406 1465; x_wconf 67' lang='grc' dir='ltr'>Λόγῳ</span> <span class='ocrx_word' id='word_1_463' title='bbox 415 1431 573 1465; x_wconf 68' lang='grc' dir='ltr'>ἀληθείας.</span> <span class='ocrx_word' id='word_1_464' title='bbox 588 1432 830 1467; x_wconf 30' lang='grc' dir='ltr'>Καταισχυνθέντε,</span> 
     </span>
    </p>
   </div>
   <div class='ocr_carea' id='block_1_59' title="bbox 890 1429 1667 1467">
    <p class='ocr_par' dir='ltr' id='par_1_59' title="bbox 890 1431 1667 1467">
     <span class='ocr_line' id='line_1_59' title="bbox 890 1431 1667 1467; baseline -0.006 -5"><span class='ocrx_word' id='word_1_465' title='bbox 890 1439 1012 1462; x_wconf 82' lang='lat' dir='ltr'><strong>creatum</strong></span> <span class='ocrx_word' id='word_1_466' title='bbox 1024 1440 1095 1465; x_wconf 85' lang='lat' dir='ltr'><strong>esse,</strong></span> <span class='ocrx_word' id='word_1_467' title='bbox 1110 1436 1137 1460; x_wconf 88' lang='lat' dir='ltr'><strong>et</strong></span> <span class='ocrx_word' id='word_1_468' title='bbox 1148 1432 1360 1467; x_wconf 84' lang='lat' dir='ltr'><strong>aliquandonnn</strong></span> <span class='ocrx_word' id='word_1_469' title='bbox 1385 1431 1481 1462; x_wconf 84' lang='lat' dir='ltr'><strong>fuisse,</strong></span> <span class='ocrx_word' id='word_1_470' title='bbox 1507 1431 1589 1458; x_wconf 86' lang='lat' dir='ltr'><strong>aliam</strong></span> <span class='ocrx_word' id='word_1_471' title='bbox 1621 1439 1667 1458; x_wconf 85' lang='lat' dir='ltr'><strong>ra-</strong></span> 
     </span>
    </p>
   </div>
   <div class='ocr_carea' id='block_1_60' title="bbox 50 1476 830 1514">
    <p class='ocr_par' dir='ltr' id='par_1_60' title="bbox 50 1476 830 1514">
     <span class='ocr_line' id='line_1_60' title="bbox 50 1476 830 1514; baseline 0.001 -10"><span class='ocrx_word' id='word_1_472' title='bbox 50 1476 151 1504; x_wconf 71' lang='grc' dir='ltr'>οὗνὲπὶ</span> <span class='ocrx_word' id='word_1_473' title='bbox 164 1477 194 1504; x_wconf 78' lang='grc' dir='ltr'><strong>τὺ</strong></span> <span class='ocrx_word' id='word_1_474' title='bbox 213 1478 302 1512; x_wconf 82' lang='grc' dir='ltr'>λέγειν</span> <span class='ocrx_word' id='word_1_475' title='bbox 318 1476 436 1512; x_wconf 79' lang='grc' dir='ltr'>ποίημα,</span> <span class='ocrx_word' id='word_1_476' title='bbox 452 1477 500 1504; x_wconf 75' lang='grc' dir='ltr'>καὶ</span> <span class='ocrx_word' id='word_1_477' title='bbox 522 1477 635 1512; x_wconf 77' lang='grc' dir='ltr'><strong>κτίσμα,</strong></span> <span class='ocrx_word' id='word_1_478' title='bbox 660 1482 718 1511; x_wconf 53' lang='grc' dir='ltr'>καὶ,</span> <span class='ocrx_word' id='word_1_479' title='bbox 735 1479 792 1505; x_wconf 85' lang='grc' dir='ltr'>Οὐκ</span> 
     </span>
    </p>
   </div>
   <div class='ocr_carea' id='block_1_61' title="bbox 890 1476 1676 1514">
    <p class='ocr_par' dir='ltr' id='par_1_61' title="bbox 892 1477 1676 1512">
     <span class='ocr_line' id='line_1_61' title="bbox 892 1477 1676 1512; baseline -0.004 -5"><span class='ocrx_word' id='word_1_480' title='bbox 892 1480 993 1508; x_wconf 82' lang='lat' dir='ltr'><strong>tionem</strong></span> <span class='ocrx_word' id='word_1_481' title='bbox 1007 1479 1161 1510; x_wconf 81' lang='lat' dir='ltr'><strong>inveniunt,</strong></span> <span class='ocrx_word' id='word_1_482' title='bbox 1174 1485 1226 1512; x_wconf 91' lang='lat' dir='ltr'><strong>qua</strong></span> <span class='ocrx_word' id='word_1_483' title='bbox 1237 1481 1359 1504; x_wconf 85' lang='lat' dir='ltr'><strong>creatum</strong></span> <span class='ocrx_word' id='word_1_484' title='bbox 1374 1484 1437 1504; x_wconf 86' lang='lat' dir='ltr'><strong>esse</strong></span> <span class='ocrx_word' id='word_1_485' title='bbox 1450 1477 1551 1504; x_wconf 87' lang='lat' dir='ltr'><strong>dicant.</strong></span> <span class='ocrx_word' id='word_1_486' title='bbox 1573 1477 1676 1505; x_wconf 75' lang='lat' dir='ltr'><strong>Volun-</strong></span> 
     </span>
    </p>
   </div>
   <div class='ocr_carea' id='block_1_62' title="bbox 50 1523 830 1560">
    <p class='ocr_par' dir='ltr' id='par_1_62' title="bbox 50 1523 830 1560">
     <span class='ocr_line' id='line_1_62' title="bbox 50 1523 830 1560; baseline 0.001 -10"><span class='ocrx_word' id='word_1_487' title='bbox 50 1525 112 1558; x_wconf 69' lang='grc' dir='ltr'>πρὶν</span> <span class='ocrx_word' id='word_1_488' title='bbox 122 1524 244 1560; x_wconf 68' lang='grc' dir='ltr'>γεννηθῇ</span> <span class='ocrx_word' id='word_1_489' title='bbox 253 1525 266 1551; x_wconf 79' lang='grc' dir='ltr'><strong>ὸ</strong></span> <span class='ocrx_word' id='word_1_490' title='bbox 275 1523 322 1550; x_wconf 83' lang='grc' dir='ltr'><strong>τοῦ</strong></span> <span class='ocrx_word' id='word_1_491' title='bbox 339 1523 407 1550; x_wconf 84' lang='grc' dir='ltr'><strong>Θεοῦ</strong></span> <span class='ocrx_word' id='word_1_492' title='bbox 418 1524 514 1557; x_wconf 82' lang='grc' dir='ltr'>Λόγος,</span> <span class='ocrx_word' id='word_1_493' title='bbox 530 1523 619 1554; x_wconf 81' lang='grc' dir='ltr'>ἄλλως</span> <span class='ocrx_word' id='word_1_494' title='bbox 634 1524 716 1550; x_wconf 84' lang='grc' dir='ltr'>πάλιν</span> <span class='ocrx_word' id='word_1_495' title='bbox 733 1525 830 1560; x_wconf 78' lang='grc' dir='ltr'><strong>κτίσμα</strong></span> 
     </span>
    </p>
   </div>
   <div class='ocr_carea' id='block_1_63' title="bbox 890 1523 1675 1560">
    <p class='ocr_par' dir='ltr' id='par_1_63' title="bbox 890 1523 1675 1559">
     <span class='ocr_line' id='line_1_63' title="bbox 890 1523 1675 1559; baseline -0.003 -6"><span class='ocrx_word' id='word_1_496' title='bbox 890 1531 971 1554; x_wconf 88' lang='lat' dir='ltr'><strong>tatem</strong></span> <span class='ocrx_word' id='word_1_497' title='bbox 998 1525 1071 1552; x_wconf 84' lang='lat' dir='ltr'><strong>enim</strong></span> <span class='ocrx_word' id='word_1_498' title='bbox 1105 1528 1277 1559; x_wconf 67' lang='lat' dir='ltr'><strong>praeputium,</strong></span> <span class='ocrx_word' id='word_1_499' title='bbox 1298 1529 1334 1556; x_wconf 88' lang='lat' dir='ltr'><strong>et,</strong></span> <span class='ocrx_word' id='word_1_500' title='bbox 1362 1523 1420 1550; x_wconf 82' lang='lat' dir='ltr'><strong>Nisi</strong></span> <span class='ocrx_word' id='word_1_501' title='bbox 1451 1524 1601 1557; x_wconf 79' lang='lat' dir='ltr'><strong>voluntate,</strong></span> <span class='ocrx_word' id='word_1_502' title='bbox 1632 1524 1675 1551; x_wconf 93' lang='lat' dir='ltr'><strong>in-</strong></span> 
     </span>
    </p>
   </div>
   <div class='ocr_carea' id='block_1_64' title="bbox 49 1569 838 1606">
    <p class='ocr_par' dir='ltr' id='par_1_64' title="bbox 49 1569 838 1606">
     <span class='ocr_line' id='line_1_64' title="bbox 49 1569 838 1606; baseline 0.001 -10"><span class='ocrx_word' id='word_1_503' title='bbox 49 1571 178 1606; x_wconf 76' lang='grc' dir='ltr'>λέγουσιν</span> <span class='ocrx_word' id='word_1_504' title='bbox 203 1570 283 1597; x_wconf 72' lang='grc' dir='ltr'>αὐτὸν</span> <span class='ocrx_word' id='word_1_505' title='bbox 306 1569 385 1602; x_wconf 73' lang='grc' dir='ltr'>εἶναι,</span> <span class='ocrx_word' id='word_1_506' title='bbox 411 1569 539 1604; x_wconf 75' lang='grc' dir='ltr'>βούλησιν</span> <span class='ocrx_word' id='word_1_507' title='bbox 559 1570 774 1605; x_wconf 71' lang='grc' dir='ltr'>προϐαλλόμενοι</span> <span class='ocrx_word' id='word_1_508' title='bbox 790 1572 838 1597; x_wconf 75' lang='grc' dir='ltr'>καὶ</span> 
     </span>
    </p>
   </div>
   <div class='ocr_carea' id='block_1_65' title="bbox 50 1614 838 1654">
    <p class='ocr_par' dir='ltr' id='par_1_65' title="bbox 50 1614 838 1654">
     <span class='ocr_line' id='line_1_65' title="bbox 50 1614 838 1654; baseline 0.003 -13"><span class='ocrx_word' id='word_1_509' title='bbox 50 1618 186 1651; x_wconf 70' lang='grc' dir='ltr'>λέγοντες,</span> <span class='ocrx_word' id='word_1_510' title='bbox 201 1617 233 1644; x_wconf 83' lang='grc' dir='ltr'>Ει</span> <span class='ocrx_word' id='word_1_511' title='bbox 256 1617 292 1651; x_wconf 76' lang='grc' dir='ltr'>μὴ</span> <span class='ocrx_word' id='word_1_512' title='bbox 315 1616 441 1650; x_wconf 76' lang='grc' dir='ltr'>βουλήσει</span> <span class='ocrx_word' id='word_1_513' title='bbox 463 1614 585 1650; x_wconf 75' lang='grc' dir='ltr'>γέγονεν,</span> <span class='ocrx_word' id='word_1_514' title='bbox 606 1616 705 1643; x_wconf 79' lang='grc' dir='ltr'>οὐκοῦν</span> <span class='ocrx_word' id='word_1_515' title='bbox 718 1617 838 1654; x_wconf 77' lang='grc' dir='ltr'><strong>ἀνάγκῃ,</strong></span> 
     </span>
    </p>
   </div>
   <div class='ocr_carea' id='block_1_66' title="bbox 51 1660 840 1697">
    <p class='ocr_par' dir='ltr' id='par_1_66' title="bbox 51 1660 840 1697">
     <span class='ocr_line' id='line_1_66' title="bbox 51 1660 840 1697; baseline 0.001 -10"><span class='ocrx_word' id='word_1_516' title='bbox 51 1663 95 1687; x_wconf 76' lang='grc' dir='ltr'>καὶ</span> <span class='ocrx_word' id='word_1_517' title='bbox 108 1663 146 1697; x_wconf 85' lang='grc' dir='ltr'>μὴ</span> <span class='ocrx_word' id='word_1_518' title='bbox 164 1661 249 1688; x_wconf 75' lang='grc' dir='ltr'>θέλων</span> <span class='ocrx_word' id='word_1_519' title='bbox 259 1660 336 1695; x_wconf 72' lang='grc' dir='ltr'>ἔσχεν</span> <span class='ocrx_word' id='word_1_520' title='bbox 353 1661 367 1686; x_wconf 80' lang='grc' dir='ltr'><strong>ὁ</strong></span> <span class='ocrx_word' id='word_1_521' title='bbox 376 1660 441 1692; x_wconf 71' lang='grc' dir='ltr'>Θεὸς</span> <span class='ocrx_word' id='word_1_522' title='bbox 457 1660 594 1688; x_wconf 73' lang='grc' dir='ltr'>Υἱόν.Κσ.ὶ</span> <span class='ocrx_word' id='word_1_523' title='bbox 605 1660 646 1692; x_wconf 83' lang='grc' dir='ltr'><strong>τίς</strong></span> <span class='ocrx_word' id='word_1_524' title='bbox 663 1662 677 1687; x_wconf 87' lang='grc' dir='ltr'><strong>ό</strong></span> <span class='ocrx_word' id='word_1_525' title='bbox 692 1660 741 1696; x_wconf 75' lang='grc' dir='ltr'>τὴν</span> <span class='ocrx_word' id='word_1_526' title='bbox 754 1662 840 1696; x_wconf 78' lang='grc' dir='ltr'>ἀνάγ-</span> 
     </span>
    </p>
   </div>
   <div class='ocr_carea' id='block_1_67' title="bbox 50 1706 840 1743">
    <p class='ocr_par' dir='ltr' id='par_1_67' title="bbox 50 1706 840 1743">
     <span class='ocr_line' id='line_1_67' title="bbox 50 1706 840 1743; baseline 0.001 -10"><span class='ocrx_word' id='word_1_527' title='bbox 50 1717 99 1742; x_wconf 76' lang='grc' dir='ltr'><strong>κην</strong></span> <span class='ocrx_word' id='word_1_528' title='bbox 109 1707 248 1733; x_wconf 76' lang='grc' dir='ltr'>ἐπιϐαλὼν</span> <span class='ocrx_word' id='word_1_529' title='bbox 261 1706 345 1741; x_wconf 81' lang='grc' dir='ltr'>αὐτῷ,</span> <span class='ocrx_word' id='word_1_530' title='bbox 355 1707 544 1741; x_wconf 77' lang='grc' dir='ltr'>πονηρότατοι,</span> <span class='ocrx_word' id='word_1_531' title='bbox 557 1706 603 1733; x_wconf 79' lang='grc' dir='ltr'>καὶ</span> <span class='ocrx_word' id='word_1_532' title='bbox 615 1706 704 1733; x_wconf 73' lang='grc' dir='ltr'>πάντα</span> <span class='ocrx_word' id='word_1_533' title='bbox 714 1708 782 1742; x_wconf 67' lang='grc' dir='ltr'>πρὸς</span> <span class='ocrx_word' id='word_1_534' title='bbox 790 1707 840 1743; x_wconf 80' lang='grc' dir='ltr'>τὴν</span> 
     </span>
    </p>
   </div>
   <div class='ocr_carea' id='block_1_68' title="bbox 43 1753 837 1788">
    <p class='ocr_par' dir='ltr' id='par_1_68' title="bbox 43 1753 837 1788">
     <span class='ocr_line' id='line_1_68' title="bbox 43 1753 837 1788; baseline 0 -9"><span class='ocrx_word' id='word_1_535' title='bbox 43 1755 158 1788; x_wconf 77' lang='grc' dir='ltr'>,αἳρεσιν</span> <span class='ocrx_word' id='word_1_536' title='bbox 174 1753 278 1779; x_wconf 77' lang='grc' dir='ltr'>ἑαυτῶν</span> <span class='ocrx_word' id='word_1_537' title='bbox 293 1753 436 1785; x_wconf 77' lang='grc' dir='ltr'>ἒλκοντεςς</span> <span class='ocrx_word' id='word_1_538' title='bbox 453 1753 490 1779; x_wconf 82' lang='grc' dir='ltr'><strong>Τὸ</strong></span> <span class='ocrx_word' id='word_1_539' title='bbox 504 1753 554 1786; x_wconf 86' lang='grc' dir='ltr'>μὲν</span> <span class='ocrx_word' id='word_1_540' title='bbox 573 1753 627 1788; x_wconf 79' lang='grc' dir='ltr'>γὰρ</span> <span class='ocrx_word' id='word_1_541' title='bbox 644 1753 837 1787; x_wconf 74' lang='grc' dir='ltr'>ἀντικείμενον</span> 
     </span>
    </p>
   </div>
   <div class='ocr_carea' id='block_1_69' title="bbox 50 1797 840 1835">
    <p class='ocr_par' dir='ltr' id='par_1_69' title="bbox 50 1797 840 1835">
     <span class='ocr_line' id='line_1_69' title="bbox 50 1797 840 1835; baseline 0.004 -14"><span class='ocrx_word' id='word_1_542' title='bbox 50 1801 81 1835; x_wconf 72' lang='grc' dir='ltr'><strong>τῇ</strong></span> <span class='ocrx_word' id='word_1_543' title='bbox 95 1800 226 1834; x_wconf 67' lang='grc' dir='ltr'>βουλήσει</span> <span class='ocrx_word' id='word_1_544' title='bbox 246 1799 398 1833; x_wconf 77' lang='grc' dir='ltr'>ἑωράκασι,</span> <span class='ocrx_word' id='word_1_545' title='bbox 419 1798 449 1823; x_wconf 64' lang='grc' dir='ltr'><strong>τὸ</strong></span> <span class='ocrx_word' id='word_1_546' title='bbox 471 1797 499 1824; x_wconf 74' lang='grc' dir='ltr'><strong>δὲ</strong></span> <span class='ocrx_word' id='word_1_547' title='bbox 523 1797 616 1832; x_wconf 76' lang='grc' dir='ltr'>μεῖζον</span> <span class='ocrx_word' id='word_1_548' title='bbox 633 1799 680 1824; x_wconf 76' lang='grc' dir='ltr'>καὶ</span> <span class='ocrx_word' id='word_1_549' title='bbox 705 1797 840 1832; x_wconf 76' lang='grc' dir='ltr'>ὑπερκεί-</span> 
     </span>
    </p>
   </div>
   <div class='ocr_carea' id='block_1_70' title="bbox 52 1843 839 1881">
    <p class='ocr_par' dir='ltr' id='par_1_70' title="bbox 52 1843 839 1881">
     <span class='ocr_line' id='line_1_70' title="bbox 52 1843 839 1881; baseline -0.001 -9"><span class='ocrx_word' id='word_1_550' title='bbox 52 1855 132 1880; x_wconf 86' lang='grc' dir='ltr'>μενον</span> <span class='ocrx_word' id='word_1_551' title='bbox 149 1846 182 1872; x_wconf 78' lang='grc' dir='ltr'>οὐ</span> <span class='ocrx_word' id='word_1_552' title='bbox 204 1845 419 1881; x_wconf 69' lang='grc' dir='ltr'>τεθεωρήκασιν.</span> <span class='ocrx_word' id='word_1_553' title='bbox 439 1843 546 1878; x_wconf 83' lang='grc' dir='ltr'>Ὥσπερ</span> <span class='ocrx_word' id='word_1_554' title='bbox 569 1843 624 1878; x_wconf 74' lang='grc' dir='ltr'>γὰρ</span> <span class='ocrx_word' id='word_1_555' title='bbox 638 1844 790 1871; x_wconf 79' lang='grc' dir='ltr'>ἀντίκειται</span> <span class='ocrx_word' id='word_1_556' title='bbox 807 1845 839 1880; x_wconf 81' lang='grc' dir='ltr'>τῇ</span> 
     </span>
    </p>
   </div>
   <div class='ocr_carea' id='block_1_71' title="bbox 51 1889 842 1929">
    <p class='ocr_par' dir='ltr' id='par_1_71' title="bbox 51 1889 842 1929">
     <span class='ocr_line' id='line_1_71' title="bbox 51 1889 842 1929; baseline -0.001 -10"><span class='ocrx_word' id='word_1_557' title='bbox 51 1893 182 1929; x_wconf 73' lang='grc' dir='ltr'>βουλήσει</span> <span class='ocrx_word' id='word_1_558' title='bbox 210 1892 240 1918; x_wconf 73' lang='grc' dir='ltr'>τὸ</span> <span class='ocrx_word' id='word_1_559' title='bbox 255 1891 330 1926; x_wconf 72' lang='grc' dir='ltr'>παρὰ</span> <span class='ocrx_word' id='word_1_560' title='bbox 354 1890 477 1926; x_wconf 83' lang='grc' dir='ltr'>γνώμην,</span> <span class='ocrx_word' id='word_1_561' title='bbox 496 1889 582 1920; x_wconf 75' lang='grc' dir='ltr'>οὕτως</span> <span class='ocrx_word' id='word_1_562' title='bbox 599 1890 769 1926; x_wconf 77' lang='grc' dir='ltr'>ὑπέρκειται,</span> <span class='ocrx_word' id='word_1_563' title='bbox 793 1893 842 1918; x_wconf 82' lang='grc' dir='ltr'>καὶ</span> 
     </span>
    </p>
   </div>
   <div class='ocr_carea' id='block_1_72' title="bbox 51 1936 842 1975">
    <p class='ocr_par' dir='ltr' id='par_1_72' title="bbox 51 1936 842 1975">
     <span class='ocr_line' id='line_1_72' title="bbox 51 1936 842 1975; baseline -0.003 -9"><span class='ocrx_word' id='word_1_564' title='bbox 51 1940 222 1975; x_wconf 81' lang='grc' dir='ltr'>προηγεῖται</span> <span class='ocrx_word' id='word_1_565' title='bbox 244 1939 291 1964; x_wconf 74' lang='grc' dir='ltr'>τοῦ</span> <span class='ocrx_word' id='word_1_566' title='bbox 321 1937 463 1972; x_wconf 77' lang='grc' dir='ltr'>βούλεσθαι</span> <span class='ocrx_word' id='word_1_567' title='bbox 487 1937 517 1964; x_wconf 82' lang='grc' dir='ltr'><strong>τὺ</strong></span> <span class='ocrx_word' id='word_1_568' title='bbox 546 1936 618 1963; x_wconf 75' lang='grc' dir='ltr'>κατὰ</span> <span class='ocrx_word' id='word_1_569' title='bbox 639 1936 731 1970; x_wconf 76' lang='grc' dir='ltr'>φύσιν.</span> <span class='ocrx_word' id='word_1_570' title='bbox 746 1937 842 1964; x_wconf 82' lang='grc' dir='ltr'>Οἰκίαν</span> 
     </span>
    </p>
   </div>
   <div class='ocr_carea' id='block_1_73' title="bbox 51 1981 842 2020">
    <p class='ocr_par' dir='ltr' id='par_1_73' title="bbox 51 1981 842 2020">
     <span class='ocr_line' id='line_1_73' title="bbox 51 1981 842 2020; baseline -0.006 -7"><span class='ocrx_word' id='word_1_571' title='bbox 51 1987 117 2020; x_wconf 86' lang='grc' dir='ltr'>γοῦν</span> <span class='ocrx_word' id='word_1_572' title='bbox 135 1994 180 2017; x_wconf 81' lang='grc' dir='ltr'><strong>τις</strong></span> <span class='ocrx_word' id='word_1_573' title='bbox 212 1984 372 2020; x_wconf 79' lang='grc' dir='ltr'>βουλόμενος</span> <span class='ocrx_word' id='word_1_574' title='bbox 396 1981 606 2015; x_wconf 73' lang='grc' dir='ltr'>κατασκευάζει,</span> <span class='ocrx_word' id='word_1_575' title='bbox 627 1983 685 2009; x_wconf 74' lang='grc' dir='ltr'>υἱὸν</span> <span class='ocrx_word' id='word_1_576' title='bbox 712 1983 740 2009; x_wconf 80' lang='grc' dir='ltr'><strong>δὲ</strong></span> <span class='ocrx_word' id='word_1_577' title='bbox 760 1984 842 2018; x_wconf 79' lang='grc' dir='ltr'>γεννᾷ</span> 
     </span>
    </p>
   </div>
   <div class='ocr_carea' id='block_1_74' title="bbox 52 2028 842 2066">
    <p class='ocr_par' dir='ltr' id='par_1_74' title="bbox 52 2028 842 2066">
     <span class='ocr_line' id='line_1_74' title="bbox 52 2028 842 2066; baseline -0.004 -8"><span class='ocrx_word' id='word_1_578' title='bbox 52 2033 124 2059; x_wconf 73' lang='grc' dir='ltr'>κατὰ</span> <span class='ocrx_word' id='word_1_579' title='bbox 141 2033 236 2066; x_wconf 80' lang='grc' dir='ltr'>φύσιν,</span> <span class='ocrx_word' id='word_1_580' title='bbox 253 2031 341 2057; x_wconf 76' lang='grc' dir='ltr'>καὶτὸ</span> <span class='ocrx_word' id='word_1_581' title='bbox 357 2030 406 2065; x_wconf 77' lang='grc' dir='ltr'><strong>μὲν</strong></span> <span class='ocrx_word' id='word_1_582' title='bbox 427 2029 552 2065; x_wconf 82' lang='grc' dir='ltr'>βουλήσει</span> <span class='ocrx_word' id='word_1_583' title='bbox 568 2028 842 2063; x_wconf 80' lang='grc' dir='ltr'>κατασκευαζόμενον</span> 
     </span>
    </p>
   </div>
   <div class='ocr_carea' id='block_1_75' title="bbox 51 2075 842 2114">
    <p class='ocr_par' dir='ltr' id='par_1_75' title="bbox 51 2075 842 2114">
     <span class='ocr_line' id='line_1_75' title="bbox 51 2075 842 2114; baseline -0.003 -9"><span class='ocrx_word' id='word_1_584' title='bbox 51 2079 157 2114; x_wconf 73' lang='grc' dir='ltr'>ἤρξατο</span> <span class='ocrx_word' id='word_1_585' title='bbox 173 2077 308 2111; x_wconf 82' lang='grc' dir='ltr'>γίνεσθαι,</span> <span class='ocrx_word' id='word_1_586' title='bbox 323 2078 370 2102; x_wconf 73' lang='grc' dir='ltr'>καὶ</span> <span class='ocrx_word' id='word_1_587' title='bbox 384 2076 484 2108; x_wconf 76' lang='grc' dir='ltr'>ἔξωθέν</span> <span class='ocrx_word' id='word_1_588' title='bbox 499 2077 557 2101; x_wconf 78' lang='grc' dir='ltr'>ἐστι</span> <span class='ocrx_word' id='word_1_589' title='bbox 582 2075 628 2102; x_wconf 84' lang='grc' dir='ltr'>τοῦ</span> <span class='ocrx_word' id='word_1_590' title='bbox 642 2076 793 2108; x_wconf 83' lang='grc' dir='ltr'>ποιοῦντος.</span> <span class='ocrx_word' id='word_1_591' title='bbox 813 2075 842 2103; x_wconf 83' lang='lat'><strong>&#39;0</strong></span> 
     </span>
    </p>
   </div>
   <div class='ocr_carea' id='block_1_76' title="bbox 49 2121 842 2158">
    <p class='ocr_par' dir='ltr' id='par_1_76' title="bbox 49 2121 842 2158">
     <span class='ocr_line' id='line_1_76' title="bbox 49 2121 842 2158; baseline -0.003 -8"><span class='ocrx_word' id='word_1_592' title='bbox 49 2124 78 2150; x_wconf 74' lang='grc' dir='ltr'><strong>δὲ</strong></span> <span class='ocrx_word' id='word_1_593' title='bbox 94 2124 162 2155; x_wconf 77' lang='grc' dir='ltr'>Υἱὸς</span> <span class='ocrx_word' id='word_1_594' title='bbox 181 2123 246 2150; x_wconf 74' lang='grc' dir='ltr'>ἴδιόν</span> <span class='ocrx_word' id='word_1_595' title='bbox 260 2124 318 2150; x_wconf 76' lang='grc' dir='ltr'>ἐστι</span> <span class='ocrx_word' id='word_1_596' title='bbox 333 2123 380 2158; x_wconf 82' lang='grc' dir='ltr'>τῆς</span> <span class='ocrx_word' id='word_1_597' title='bbox 402 2122 496 2153; x_wconf 78' lang='grc' dir='ltr'>οὐσίας</span> <span class='ocrx_word' id='word_1_598' title='bbox 514 2121 562 2148; x_wconf 78' lang='grc' dir='ltr'>τοῦ</span> <span class='ocrx_word' id='word_1_599' title='bbox 581 2121 685 2156; x_wconf 82' lang='grc' dir='ltr'>Πατρὺς</span> <span class='ocrx_word' id='word_1_600' title='bbox 707 2122 842 2157; x_wconf 82' lang='grc' dir='ltr'>γέννημα,</span> 
     </span>
    </p>
   </div>
   <div class='ocr_carea' id='block_1_77' title="bbox 50 2167 843 2203">
    <p class='ocr_par' dir='ltr' id='par_1_77' title="bbox 50 2167 843 2203">
     <span class='ocr_line' id='line_1_77' title="bbox 50 2167 843 2203; baseline -0.004 -6"><span class='ocrx_word' id='word_1_601' title='bbox 50 2171 98 2197; x_wconf 82' lang='grc' dir='ltr'>καὶ</span> <span class='ocrx_word' id='word_1_602' title='bbox 114 2169 169 2196; x_wconf 81' lang='grc' dir='ltr'>οὑκ</span> <span class='ocrx_word' id='word_1_603' title='bbox 183 2168 257 2195; x_wconf 79' lang='grc' dir='ltr'>ἐστιν</span> <span class='ocrx_word' id='word_1_604' title='bbox 273 2167 372 2201; x_wconf 71' lang='grc' dir='ltr'>ἔξωθεν</span> <span class='ocrx_word' id='word_1_605' title='bbox 385 2167 477 2194; x_wconf 77' lang='grc' dir='ltr'>αὐτοῦ.</span> <span class='ocrx_word' id='word_1_606' title='bbox 494 2167 538 2193; x_wconf 75' lang='grc' dir='ltr'>Διὸ</span> <span class='ocrx_word' id='word_1_607' title='bbox 553 2167 613 2194; x_wconf 73' lang='grc' dir='ltr'>οὐδὲ</span> <span class='ocrx_word' id='word_1_608' title='bbox 638 2167 762 2202; x_wconf 74' lang='grc' dir='ltr'>βούλεται</span> <span class='ocrx_word' id='word_1_609' title='bbox 778 2168 843 2203; x_wconf 71' lang='grc' dir='ltr'>περὶ</span> 
     </span>
    </p>
   </div>
   <div class='ocr_carea' id='block_1_78' title="bbox 889 1570 1679 1607">
    <p class='ocr_par' dir='ltr' id='par_1_78' title="bbox 889 1570 1679 1607">
     <span class='ocr_line' id='line_1_78' title="bbox 889 1570 1679 1607; baseline -0.001 -8"><span class='ocrx_word' id='word_1_610' title='bbox 889 1572 998 1607; x_wconf 88' lang='lat' dir='ltr'><strong>quiunt,</strong></span> <span class='ocrx_word' id='word_1_611' title='bbox 1033 1571 1142 1607; x_wconf 82' lang='lat' dir='ltr'><strong>genitus</strong></span> <span class='ocrx_word' id='word_1_612' title='bbox 1169 1575 1220 1602; x_wconf 88' lang='lat' dir='ltr'><strong>est.</strong></span> <span class='ocrx_word' id='word_1_613' title='bbox 1245 1570 1409 1597; x_wconf 83' lang='lat' dir='ltr'><strong>necessitate</strong></span> <span class='ocrx_word' id='word_1_614' title='bbox 1436 1577 1500 1606; x_wconf 74' lang='lat' dir='ltr'><strong>ergo</strong></span> <span class='ocrx_word' id='word_1_615' title='bbox 1523 1576 1551 1598; x_wconf 89' lang='lat' dir='ltr'><strong>et</strong></span> <span class='ocrx_word' id='word_1_616' title='bbox 1577 1570 1679 1598; x_wconf 82' lang='lat' dir='ltr'><strong>invitus</strong></span> 
     </span>
    </p>
   </div>
   <div class='ocr_carea' id='block_1_79' title="bbox 889 1616 1679 1650">
    <p class='ocr_par' dir='ltr' id='par_1_79' title="bbox 889 1616 1679 1650">
     <span class='ocr_line' id='line_1_79' title="bbox 889 1616 1679 1650; baseline -0.004 -4"><span class='ocrx_word' id='word_1_617' title='bbox 889 1619 972 1646; x_wconf 86' lang='lat' dir='ltr'><strong>habet</strong></span> <span class='ocrx_word' id='word_1_618' title='bbox 987 1617 1085 1645; x_wconf 88' lang='lat' dir='ltr'><strong>Filium</strong></span> <span class='ocrx_word' id='word_1_619' title='bbox 1105 1617 1185 1644; x_wconf 84' lang='lat' dir='ltr'><strong>Deus.</strong></span> <span class='ocrx_word' id='word_1_620' title='bbox 1203 1616 1303 1650; x_wconf 77' lang='lat' dir='ltr'><strong>Ecquis</strong></span> <span class='ocrx_word' id='word_1_621' title='bbox 1320 1616 1370 1648; x_wconf 89' lang='lat' dir='ltr'><strong>illi,</strong></span> <span class='ocrx_word' id='word_1_622' title='bbox 1388 1616 1514 1643; x_wconf 83' lang='lat' dir='ltr'><strong>homines</strong></span> <span class='ocrx_word' id='word_1_623' title='bbox 1536 1617 1679 1644; x_wconf 85' lang='lat' dir='ltr'><strong>scelestis-</strong></span> 
     </span>
    </p>
   </div>
   <div class='ocr_carea' id='block_1_80' title="bbox 891 1662 1677 1698">
    <p class='ocr_par' dir='ltr' id='par_1_80' title="bbox 891 1662 1677 1698">
     <span class='ocr_line' id='line_1_80' title="bbox 891 1662 1677 1698; baseline -0.003 -7"><span class='ocrx_word' id='word_1_624' title='bbox 891 1664 965 1696; x_wconf 86' lang='lat' dir='ltr'><strong>simi,</strong></span> <span class='ocrx_word' id='word_1_625' title='bbox 981 1664 1027 1698; x_wconf 90' lang='lat' dir='ltr'><strong>qui</strong></span> <span class='ocrx_word' id='word_1_626' title='bbox 1041 1663 1074 1691; x_wconf 87' lang='lat' dir='ltr'><strong>ad</strong></span> <span class='ocrx_word' id='word_1_627' title='bbox 1085 1663 1211 1691; x_wconf 68' lang='lat' dir='ltr'><strong>haeresim</strong></span> <span class='ocrx_word' id='word_1_628' title='bbox 1226 1667 1345 1690; x_wconf 79' lang='lat' dir='ltr'><strong>vestram</strong></span> <span class='ocrx_word' id='word_1_629' title='bbox 1359 1662 1450 1689; x_wconf 86' lang='lat' dir='ltr'><strong>omnia</strong></span> <span class='ocrx_word' id='word_1_630' title='bbox 1479 1662 1599 1696; x_wconf 84' lang='lat' dir='ltr'><strong>trahitis,</strong></span> <span class='ocrx_word' id='word_1_631' title='bbox 1628 1670 1677 1689; x_wconf 85' lang='lat' dir='ltr'><strong>ne-</strong></span> 
     </span>
    </p>
   </div>
   <div class='ocr_carea' id='block_1_81' title="bbox 891 1709 1676 1743">
    <p class='ocr_par' dir='ltr' id='par_1_81' title="bbox 891 1709 1676 1743">
     <span class='ocr_line' id='line_1_81' title="bbox 891 1709 1676 1743; baseline -0.004 -5"><span class='ocrx_word' id='word_1_632' title='bbox 891 1711 1047 1738; x_wconf 82' lang='lat' dir='ltr'><strong>cessitatem</strong></span> <span class='ocrx_word' id='word_1_633' title='bbox 1061 1710 1174 1737; x_wconf 74' lang='lat' dir='ltr'><strong>attulit?</strong></span> <span class='ocrx_word' id='word_1_634' title='bbox 1201 1709 1273 1743; x_wconf 85' lang='lat' dir='ltr'><strong>Quid</strong></span> <span class='ocrx_word' id='word_1_635' title='bbox 1301 1710 1376 1736; x_wconf 83' lang='lat' dir='ltr'><strong>enim</strong></span> <span class='ocrx_word' id='word_1_636' title='bbox 1408 1709 1542 1737; x_wconf 85' lang='lat' dir='ltr'><strong>voluntati</strong></span> <span class='ocrx_word' id='word_1_637' title='bbox 1564 1714 1676 1736; x_wconf 88' lang='lat' dir='ltr'><strong>contra-</strong></span> 
     </span>
    </p>
   </div>
   <div class='ocr_carea' id='block_1_82' title="bbox 891 1755 1680 1790">
    <p class='ocr_par' dir='ltr' id='par_1_82' title="bbox 891 1755 1680 1790">
     <span class='ocr_line' id='line_1_82' title="bbox 891 1755 1680 1790; baseline 0 -7"><span class='ocrx_word' id='word_1_638' title='bbox 891 1757 964 1783; x_wconf 93' lang='lat' dir='ltr'><strong>rium</strong></span> <span class='ocrx_word' id='word_1_639' title='bbox 986 1757 1032 1787; x_wconf 88' lang='lat' dir='ltr'><strong>sit,</strong></span> <span class='ocrx_word' id='word_1_640' title='bbox 1052 1755 1189 1788; x_wconf 86' lang='lat' dir='ltr'><strong>viderunt,</strong></span> <span class='ocrx_word' id='word_1_641' title='bbox 1201 1755 1266 1790; x_wconf 92' lang='lat' dir='ltr'><strong>quid</strong></span> <span class='ocrx_word' id='word_1_642' title='bbox 1297 1759 1389 1782; x_wconf 86' lang='lat' dir='ltr'><strong>autem</strong></span> <span class='ocrx_word' id='word_1_643' title='bbox 1413 1762 1445 1782; x_wconf 91' lang='lat' dir='ltr'><strong>ea</strong></span> <span class='ocrx_word' id='word_1_644' title='bbox 1475 1755 1511 1782; x_wconf 88' lang='lat' dir='ltr'><strong>sit</strong></span> <span class='ocrx_word' id='word_1_645' title='bbox 1533 1756 1621 1789; x_wconf 81' lang='lat' dir='ltr'><strong>majus</strong></span> <span class='ocrx_word' id='word_1_646' title='bbox 1651 1761 1680 1783; x_wconf 85' lang='lat' dir='ltr'><strong>et</strong></span> 
     </span>
    </p>
   </div>
   <div class='ocr_carea' id='block_1_83' title="bbox 889 1800 1678 1838">
    <p class='ocr_par' dir='ltr' id='par_1_83' title="bbox 889 1800 1678 1838">
     <span class='ocr_line' id='line_1_83' title="bbox 889 1800 1678 1838; baseline 0 -10"><span class='ocrx_word' id='word_1_647' title='bbox 889 1802 977 1838; x_wconf 89' lang='lat' dir='ltr'><strong>prius,</strong></span> <span class='ocrx_word' id='word_1_648' title='bbox 994 1809 1048 1828; x_wconf 92' lang='lat' dir='ltr'><strong>non</strong></span> <span class='ocrx_word' id='word_1_649' title='bbox 1059 1801 1321 1829; x_wconf 86' lang='lat' dir='ltr'><strong>animadverterunt.</strong></span> <span class='ocrx_word' id='word_1_650' title='bbox 1348 1800 1425 1828; x_wconf 89' lang='lat' dir='ltr'><strong>Sicut</strong></span> <span class='ocrx_word' id='word_1_651' title='bbox 1456 1801 1528 1828; x_wconf 87' lang='lat' dir='ltr'><strong>enim</strong></span> <span class='ocrx_word' id='word_1_652' title='bbox 1560 1802 1678 1836; x_wconf 88' lang='lat' dir='ltr'><strong>opponi-</strong></span> 
     </span>
    </p>
   </div>
   <div class='ocr_carea' id='block_1_84' title="bbox 893 1847 1680 1883">
    <p class='ocr_par' dir='ltr' id='par_1_84' title="bbox 893 1847 1680 1883">
     <span class='ocr_line' id='line_1_84' title="bbox 893 1847 1680 1883; baseline 0 -8"><span class='ocrx_word' id='word_1_653' title='bbox 893 1852 939 1875; x_wconf 81' lang='lat' dir='ltr'><strong>tur</strong></span> <span class='ocrx_word' id='word_1_654' title='bbox 956 1847 1089 1875; x_wconf 82' lang='lat' dir='ltr'><strong>voluntati</strong></span> <span class='ocrx_word' id='word_1_655' title='bbox 1118 1847 1145 1874; x_wconf 89' lang='lat' dir='ltr'><strong>id</strong></span> <span class='ocrx_word' id='word_1_656' title='bbox 1163 1847 1234 1882; x_wconf 86' lang='lat' dir='ltr'><strong>quod</strong></span> <span class='ocrx_word' id='word_1_657' title='bbox 1251 1852 1349 1883; x_wconf 58' lang='lat' dir='ltr'><strong>praeter</strong></span> <span class='ocrx_word' id='word_1_658' title='bbox 1376 1848 1539 1874; x_wconf 87' lang='lat' dir='ltr'><strong>sententiam</strong></span> <span class='ocrx_word' id='word_1_659' title='bbox 1561 1849 1680 1875; x_wconf 79' lang='lat' dir='ltr'><strong>volentis</strong></span> 
     </span>
    </p>
   </div>
   <div class='ocr_carea' id='block_1_85' title="bbox 892 1894 1681 1929">
    <p class='ocr_par' dir='ltr' id='par_1_85' title="bbox 892 1894 1681 1929">
     <span class='ocr_line' id='line_1_85' title="bbox 892 1894 1681 1929; baseline -0.001 -8"><span class='ocrx_word' id='word_1_660' title='bbox 892 1898 947 1926; x_wconf 87' lang='lat' dir='ltr'><strong>est,</strong></span> <span class='ocrx_word' id='word_1_661' title='bbox 969 1894 1011 1921; x_wconf 90' lang='lat' dir='ltr'><strong>sic</strong></span> <span class='ocrx_word' id='word_1_662' title='bbox 1026 1894 1063 1926; x_wconf 89' lang='lat' dir='ltr'><strong>id,</strong></span> <span class='ocrx_word' id='word_1_663' title='bbox 1076 1894 1148 1929; x_wconf 91' lang='lat' dir='ltr'><strong>quod</strong></span> <span class='ocrx_word' id='word_1_664' title='bbox 1168 1899 1265 1921; x_wconf 85' lang='lat' dir='ltr'><strong>natura</strong></span> <span class='ocrx_word' id='word_1_665' title='bbox 1281 1898 1334 1925; x_wconf 87' lang='lat' dir='ltr'><strong>est.</strong></span> <span class='ocrx_word' id='word_1_666' title='bbox 1347 1894 1518 1922; x_wconf 86' lang='lat' dir='ltr'><strong>voluntatem</strong></span> <span class='ocrx_word' id='word_1_667' title='bbox 1528 1895 1681 1921; x_wconf 81' lang='lat' dir='ltr'><strong>antecedit.</strong></span> 
     </span>
    </p>
   </div>
   <div class='ocr_carea' id='block_1_86' title="bbox 891 1938 1678 1974">
    <p class='ocr_par' dir='ltr' id='par_1_86' title="bbox 891 1938 1678 1974">
     <span class='ocr_line' id='line_1_86' title="bbox 891 1938 1678 1974; baseline 0 -8"><span class='ocrx_word' id='word_1_668' title='bbox 891 1938 1036 1966; x_wconf 79' lang='lat' dir='ltr'><strong>Voluntate</strong></span> <span class='ocrx_word' id='word_1_669' title='bbox 1049 1940 1148 1974; x_wconf 86' lang='lat' dir='ltr'><strong>aliquis</strong></span> <span class='ocrx_word' id='word_1_670' title='bbox 1172 1939 1282 1966; x_wconf 90' lang='lat' dir='ltr'><strong>domum</strong></span> <span class='ocrx_word' id='word_1_671' title='bbox 1312 1939 1438 1971; x_wconf 62' lang='lat' dir='ltr'><strong>aediﬁcat,</strong></span> <span class='ocrx_word' id='word_1_672' title='bbox 1467 1944 1563 1966; x_wconf 88' lang='lat' dir='ltr'><strong>natura</strong></span> <span class='ocrx_word' id='word_1_673' title='bbox 1593 1939 1678 1966; x_wconf 84' lang='lat' dir='ltr'><strong>ﬁlium</strong></span> 
     </span>
    </p>
   </div>
   <div class='ocr_carea' id='block_1_87' title="bbox 892 1985 1681 2020">
    <p class='ocr_par' dir='ltr' id='par_1_87' title="bbox 892 1985 1681 2020">
     <span class='ocr_line' id='line_1_87' title="bbox 892 1985 1681 2020; baseline 0.001 -9"><span class='ocrx_word' id='word_1_674' title='bbox 892 1985 987 2020; x_wconf 78' lang='lat' dir='ltr'><strong>gignit.</strong></span> <span class='ocrx_word' id='word_1_675' title='bbox 1004 1985 1035 2013; x_wconf 80' lang='lat' dir='ltr'><strong>Et</strong></span> <span class='ocrx_word' id='word_1_676' title='bbox 1053 1986 1124 2020; x_wconf 89' lang='lat' dir='ltr'><strong>quod</strong></span> <span class='ocrx_word' id='word_1_677' title='bbox 1141 1985 1279 2013; x_wconf 82' lang='lat' dir='ltr'><strong>voluntate</strong></span> <span class='ocrx_word' id='word_1_678' title='bbox 1301 1986 1344 2017; x_wconf 89' lang='lat' dir='ltr'><strong>lit,</strong></span> <span class='ocrx_word' id='word_1_679' title='bbox 1362 1985 1447 2020; x_wconf 79' lang='lat' dir='ltr'><strong>coepit</strong></span> <span class='ocrx_word' id='word_1_680' title='bbox 1459 1985 1527 2018; x_wconf 87' lang='lat' dir='ltr'><strong>[ie-ri,</strong></span> <span class='ocrx_word' id='word_1_681' title='bbox 1553 1989 1580 2012; x_wconf 88' lang='lat' dir='ltr'><strong>et</strong></span> <span class='ocrx_word' id='word_1_682' title='bbox 1602 1990 1681 2012; x_wconf 82' lang='lat' dir='ltr'><strong>extra</strong></span> 
     </span>
    </p>
   </div>
   <div class='ocr_carea' id='block_1_88' title="bbox 892 2029 1683 2063">
    <p class='ocr_par' dir='ltr' id='par_1_88' title="bbox 892 2029 1683 2063">
     <span class='ocr_line' id='line_1_88' title="bbox 892 2029 1683 2063; baseline 0 -6"><span class='ocrx_word' id='word_1_683' title='bbox 892 2029 1038 2058; x_wconf 81' lang='lat' dir='ltr'><strong>facientem</strong></span> <span class='ocrx_word' id='word_1_684' title='bbox 1052 2035 1103 2058; x_wconf 84' lang='lat' dir='ltr'><strong>est.</strong></span> <span class='ocrx_word' id='word_1_685' title='bbox 1120 2030 1205 2058; x_wconf 83' lang='lat' dir='ltr'><strong>Filius</strong></span> <span class='ocrx_word' id='word_1_686' title='bbox 1233 2035 1324 2058; x_wconf 84' lang='lat' dir='ltr'><strong>autem</strong></span> <span class='ocrx_word' id='word_1_687' title='bbox 1353 2030 1478 2057; x_wconf 59' lang='lat' dir='ltr'><strong>essentia:</strong></span> <span class='ocrx_word' id='word_1_688' title='bbox 1513 2030 1601 2057; x_wconf 82' lang='lat' dir='ltr'><strong>Patris</strong></span> <span class='ocrx_word' id='word_1_689' title='bbox 1618 2038 1683 2063; x_wconf 88' lang='lat' dir='ltr'><strong>pro-</strong></span> 
     </span>
    </p>
   </div>
   <div class='ocr_carea' id='block_1_89' title="bbox 893 2076 1680 2111">
    <p class='ocr_par' dir='ltr' id='par_1_89' title="bbox 893 2076 1680 2111">
     <span class='ocr_line' id='line_1_89' title="bbox 893 2076 1680 2111; baseline 0 -9"><span class='ocrx_word' id='word_1_690' title='bbox 893 2076 982 2110; x_wconf 89' lang='lat' dir='ltr'><strong>prium</strong></span> <span class='ocrx_word' id='word_1_691' title='bbox 995 2080 1037 2103; x_wconf 88' lang='lat' dir='ltr'><strong>est</strong></span> <span class='ocrx_word' id='word_1_692' title='bbox 1050 2083 1171 2110; x_wconf 74' lang='lat' dir='ltr'><strong>germen,</strong></span> <span class='ocrx_word' id='word_1_693' title='bbox 1184 2080 1211 2103; x_wconf 89' lang='lat' dir='ltr'><strong>et</strong></span> <span class='ocrx_word' id='word_1_694' title='bbox 1238 2084 1293 2103; x_wconf 90' lang='lat' dir='ltr'><strong>non</strong></span> <span class='ocrx_word' id='word_1_695' title='bbox 1315 2082 1357 2104; x_wconf 88' lang='lat' dir='ltr'><strong>est</strong></span> <span class='ocrx_word' id='word_1_696' title='bbox 1371 2081 1446 2103; x_wconf 75' lang='lat' dir='ltr'><strong>extra</strong></span> <span class='ocrx_word' id='word_1_697' title='bbox 1458 2076 1557 2111; x_wconf 89' lang='lat' dir='ltr'><strong>ipsum.</strong></span> <span class='ocrx_word' id='word_1_698' title='bbox 1577 2076 1680 2111; x_wconf 84' lang='lat' dir='ltr'><strong>Quam-</strong></span> 
     </span>
    </p>
   </div>
   <div class='ocr_carea' id='block_1_90' title="bbox 893 2121 1680 2157">
    <p class='ocr_par' dir='ltr' id='par_1_90' title="bbox 893 2121 1680 2157">
     <span class='ocr_line' id='line_1_90' title="bbox 893 2121 1680 2157; baseline 0.001 -9"><span class='ocrx_word' id='word_1_699' title='bbox 893 2121 986 2149; x_wconf 87' lang='lat' dir='ltr'><strong>obrem</strong></span> <span class='ocrx_word' id='word_1_700' title='bbox 1005 2122 1040 2148; x_wconf 88' lang='lat' dir='ltr'><strong>de</strong></span> <span class='ocrx_word' id='word_1_701' title='bbox 1059 2122 1116 2156; x_wconf 86' lang='lat' dir='ltr'><strong>ipso</strong></span> <span class='ocrx_word' id='word_1_702' title='bbox 1130 2129 1184 2148; x_wconf 89' lang='lat' dir='ltr'><strong>non</strong></span> <span class='ocrx_word' id='word_1_703' title='bbox 1213 2122 1331 2150; x_wconf 88' lang='lat' dir='ltr'><strong>consulit</strong></span> <span class='ocrx_word' id='word_1_704' title='bbox 1359 2124 1429 2149; x_wconf 87' lang='lat' dir='ltr'><strong>sicut</strong></span> <span class='ocrx_word' id='word_1_705' title='bbox 1446 2129 1496 2149; x_wconf 89' lang='lat' dir='ltr'><strong>nec</strong></span> <span class='ocrx_word' id='word_1_706' title='bbox 1511 2122 1544 2149; x_wconf 89' lang='lat' dir='ltr'><strong>de</strong></span> <span class='ocrx_word' id='word_1_707' title='bbox 1562 2130 1592 2149; x_wconf 89' lang='lat' dir='ltr'><strong>se</strong></span> <span class='ocrx_word' id='word_1_708' title='bbox 1617 2122 1680 2157; x_wconf 90' lang='lat' dir='ltr'><strong>qui-</strong></span> 
     </span>
    </p>
   </div>
   <div class='ocr_carea' id='block_1_91' title="bbox 895 2167 1682 2204">
    <p class='ocr_par' dir='ltr' id='par_1_91' title="bbox 895 2167 1682 2204">
     <span class='ocr_line' id='line_1_91' title="bbox 895 2167 1682 2204; baseline 0 -10"><span class='ocrx_word' id='word_1_709' title='bbox 895 2168 957 2195; x_wconf 86' lang='lat' dir='ltr'><strong>dem</strong></span> <span class='ocrx_word' id='word_1_710' title='bbox 988 2168 1096 2196; x_wconf 89' lang='lat' dir='ltr'><strong>videtur</strong></span> <span class='ocrx_word' id='word_1_711' title='bbox 1124 2168 1280 2196; x_wconf 88' lang='lat' dir='ltr'><strong>consulere.</strong></span> <span class='ocrx_word' id='word_1_712' title='bbox 1315 2167 1423 2200; x_wconf 85' lang='lat' dir='ltr'><strong>Quanto</strong></span> <span class='ocrx_word' id='word_1_713' title='bbox 1454 2169 1537 2204; x_wconf 75' lang='lat' dir='ltr'><strong>igitur</strong></span> <span class='ocrx_word' id='word_1_714' title='bbox 1565 2176 1595 2196; x_wconf 88' lang='lat' dir='ltr'><strong>re</strong></span> <span class='ocrx_word' id='word_1_715' title='bbox 1619 2176 1682 2204; x_wconf 84' lang='lat' dir='ltr'><strong>pro-</strong></span> 
     </span>
    </p>
   </div>
   <div class='ocr_carea' id='block_1_92' title="bbox 50 2202 830 2250">
    <p class='ocr_par' dir='ltr' id='par_1_92' title="bbox 50 2202 830 2250">
     <span class='ocr_line' id='line_1_92' title="bbox 50 2202 830 2250; baseline -0.004 -7"><span class='ocrx_word' id='word_1_716' title='bbox 50 2216 151 2248; x_wconf 80' lang='grc' dir='ltr'>αὑτοῦ,</span> <span class='ocrx_word' id='word_1_717' title='bbox 168 2216 213 2242; x_wconf 82' lang='grc' dir='ltr'>ἶνα</span> <span class='ocrx_word' id='word_1_718' title='bbox 229 2215 296 2250; x_wconf 76' lang='grc' dir='ltr'>μηδὲ</span> <span class='ocrx_word' id='word_1_719' title='bbox 305 2215 369 2249; x_wconf 76' lang='grc' dir='ltr'>περὶ</span> <span class='ocrx_word' id='word_1_720' title='bbox 383 2214 481 2241; x_wconf 70' lang='grc' dir='ltr'>ἑαυτοῦ</span> <span class='ocrx_word' id='word_1_721' title='bbox 494 2214 558 2250; x_wconf 78' lang='grc' dir='ltr'>δοκῇ</span> <span class='ocrx_word' id='word_1_722' title='bbox 570 2214 757 2249; x_wconf 82' lang='grc' dir='ltr'>βουλεύεσθαι.</span> <span class='ocrx_word' id='word_1_723' title='bbox 769 2202 830 2241; x_wconf 78' lang='grc' dir='ltr'><strong>Ὀσι</strong></span> 
     </span>
    </p>
   </div>
   <div class='ocr_carea' id='block_1_93' title="bbox 890 2202 1680 2250">
    <p class='ocr_par' dir='ltr' id='par_1_93' title="bbox 897 2202 1680 2249">
     <span class='ocr_line' id='line_1_93' title="bbox 897 2202 1680 2249; baseline -0.001 -7"><span class='ocrx_word' id='word_1_724' title='bbox 897 2218 987 2242; x_wconf 81' lang='lat' dir='ltr'><strong>creata</strong></span> <span class='ocrx_word' id='word_1_725' title='bbox 999 2213 1085 2242; x_wconf 81' lang='lat' dir='ltr'><strong>Filius</strong></span> <span class='ocrx_word' id='word_1_726' title='bbox 1102 2215 1228 2249; x_wconf 84' lang='lat' dir='ltr'><strong>superior</strong></span> <span class='ocrx_word' id='word_1_727' title='bbox 1242 2219 1294 2246; x_wconf 88' lang='lat' dir='ltr'><strong>est,</strong></span> <span class='ocrx_word' id='word_1_728' title='bbox 1321 2218 1397 2241; x_wconf 84' lang='lat' dir='ltr'><strong>tanto</strong></span> <span class='ocrx_word' id='word_1_729' title='bbox 1418 2213 1455 2248; x_wconf 89' lang='lat' dir='ltr'><strong>id,</strong></span> <span class='ocrx_word' id='word_1_730' title='bbox 1468 2202 1555 2249; x_wconf 30' lang='lat' dir='ltr'><strong>unod</strong></span> <span class='ocrx_word' id='word_1_731' title='bbox 1583 2202 1680 2241; x_wconf 79' lang='lat' dir='ltr'><strong>natura</strong></span> 
     </span>
    </p>
   </div>
   <div class='ocr_carea' id='block_1_94' title="bbox 48 2259 830 2296">
    <p class='ocr_par' dir='ltr' id='par_1_94' title="bbox 48 2259 830 2296">
     <span class='ocr_line' id='line_1_94' title="bbox 48 2259 830 2296; baseline -0.003 -8"><span class='ocrx_word' id='word_1_732' title='bbox 48 2261 98 2289; x_wconf 83' lang='grc' dir='ltr'>οὖν</span> <span class='ocrx_word' id='word_1_733' title='bbox 113 2262 164 2288; x_wconf 78' lang='grc' dir='ltr'>τοῦ</span> <span class='ocrx_word' id='word_1_734' title='bbox 179 2261 328 2296; x_wconf 83' lang='grc' dir='ltr'>κτίσματος</span> <span class='ocrx_word' id='word_1_735' title='bbox 344 2261 357 2287; x_wconf 85' lang='grc' dir='ltr'>ὁ</span> <span class='ocrx_word' id='word_1_736' title='bbox 372 2261 436 2292; x_wconf 65' lang='lat' dir='ltr'><strong>Yth;</strong></span> <span class='ocrx_word' id='word_1_737' title='bbox 467 2261 628 2294; x_wconf 78' lang='grc' dir='ltr'>ὑπέρκειται</span> <span class='ocrx_word' id='word_1_738' title='bbox 657 2259 777 2296; x_wconf 71' lang='grc' dir='ltr'>τοσούτῳ</span> <span class='ocrx_word' id='word_1_739' title='bbox 802 2269 830 2287; x_wconf 78' lang='grc' dir='ltr'><strong>κα</strong></span> 
     </span>
    </p>
   </div>
   <div class='ocr_carea' id='block_1_95' title="bbox 890 2259 1681 2296">
    <p class='ocr_par' dir='ltr' id='par_1_95' title="bbox 899 2259 1681 2294">
     <span class='ocr_line' id='line_1_95' title="bbox 899 2259 1681 2294; baseline -0.001 -7"><span class='ocrx_word' id='word_1_740' title='bbox 899 2264 953 2291; x_wconf 87' lang='lat' dir='ltr'><strong>est,</strong></span> <span class='ocrx_word' id='word_1_741' title='bbox 974 2260 1144 2287; x_wconf 75' lang='lat' dir='ltr'><strong>voluntatem</strong></span> <span class='ocrx_word' id='word_1_742' title='bbox 1160 2260 1255 2286; x_wconf 90' lang='lat' dir='ltr'><strong>anteit.</strong></span> <span class='ocrx_word' id='word_1_743' title='bbox 1271 2259 1318 2286; x_wconf 82' lang='lat' dir='ltr'><strong>lsti</strong></span> <span class='ocrx_word' id='word_1_744' title='bbox 1338 2264 1441 2291; x_wconf 81' lang='lat' dir='ltr'><strong>autem,</strong></span> <span class='ocrx_word' id='word_1_745' title='bbox 1455 2259 1531 2286; x_wconf 89' lang='lat' dir='ltr'><strong>obliti</strong></span> <span class='ocrx_word' id='word_1_746' title='bbox 1548 2266 1577 2287; x_wconf 92' lang='lat' dir='ltr'><strong>se</strong></span> <span class='ocrx_word' id='word_1_747' title='bbox 1607 2260 1681 2294; x_wconf 90' lang='lat' dir='ltr'><strong>loqui</strong></span> 
     </span>
    </p>
   </div>
   <div class='ocr_carea' id='block_1_96' title="bbox 52 2303 830 2341">
    <p class='ocr_par' dir='ltr' id='par_1_96' title="bbox 52 2303 830 2341">
     <span class='ocr_line' id='line_1_96' title="bbox 52 2303 830 2341; baseline 0 -8"><span class='ocrx_word' id='word_1_748' title='bbox 52 2307 103 2340; x_wconf 69' lang='grc' dir='ltr'><strong>τῆς</strong></span> <span class='ocrx_word' id='word_1_749' title='bbox 139 2306 295 2341; x_wconf 75' lang='grc' dir='ltr'>βουλήσεως</span> <span class='ocrx_word' id='word_1_750' title='bbox 313 2306 344 2332; x_wconf 64' lang='grc' dir='ltr'>τὸ</span> <span class='ocrx_word' id='word_1_751' title='bbox 363 2306 435 2333; x_wconf 78' lang='grc' dir='ltr'>κατὰ</span> <span class='ocrx_word' id='word_1_752' title='bbox 456 2305 549 2340; x_wconf 75' lang='grc' dir='ltr'>φύσιν.</span> <span class='ocrx_word' id='word_1_753' title='bbox 578 2303 632 2332; x_wconf 54' lang='grc' dir='ltr'><strong>κει</strong></span> <span class='ocrx_word' id='word_1_754' title='bbox 666 2306 720 2332; x_wconf 70' lang='grc' dir='ltr'>ἔδει</span> <span class='ocrx_word' id='word_1_755' title='bbox 749 2306 830 2333; x_wconf 79' lang='grc' dir='ltr'>αὑτοὺ</span> 
     </span>
    </p>
   </div>
   <div class='ocr_carea' id='block_1_97' title="bbox 890 2303 1684 2341">
    <p class='ocr_par' dir='ltr' id='par_1_97' title="bbox 899 2304 1684 2340">
     <span class='ocr_line' id='line_1_97' title="bbox 899 2304 1684 2340; baseline 0.001 -8"><span class='ocrx_word' id='word_1_756' title='bbox 899 2304 933 2332; x_wconf 85' lang='lat' dir='ltr'><strong>de</strong></span> <span class='ocrx_word' id='word_1_757' title='bbox 953 2305 1021 2332; x_wconf 86' lang='lat' dir='ltr'><strong>Filio</strong></span> <span class='ocrx_word' id='word_1_758' title='bbox 1033 2304 1093 2337; x_wconf 87' lang='lat' dir='ltr'><strong>Dei,</strong></span> <span class='ocrx_word' id='word_1_759' title='bbox 1122 2305 1224 2332; x_wconf 89' lang='lat' dir='ltr'><strong>audent</strong></span> <span class='ocrx_word' id='word_1_760' title='bbox 1247 2305 1381 2331; x_wconf 87' lang='lat' dir='ltr'><strong>humanas</strong></span> <span class='ocrx_word' id='word_1_761' title='bbox 1413 2305 1472 2332; x_wconf 90' lang='lat' dir='ltr'><strong>illas</strong></span> <span class='ocrx_word' id='word_1_762' title='bbox 1495 2305 1684 2340; x_wconf 73' lang='lat' dir='ltr'><strong>oppositiones</strong></span> 
     </span>
    </p>
   </div>
   <div class='ocr_carea' id='block_1_98' title="bbox 52 2349 830 2386">
    <p class='ocr_par' dir='ltr' id='par_1_98' title="bbox 52 2349 830 2386">
     <span class='ocr_line' id='line_1_98' title="bbox 52 2349 830 2386; baseline -0.001 -8"><span class='ocrx_word' id='word_1_763' title='bbox 52 2353 214 2382; x_wconf 82' lang='grc' dir='ltr'>ἀκούοντας</span> <span class='ocrx_word' id='word_1_764' title='bbox 237 2351 266 2377; x_wconf 81' lang='grc' dir='ltr'>οὐ</span> <span class='ocrx_word' id='word_1_765' title='bbox 287 2350 413 2386; x_wconf 80' lang='grc' dir='ltr'>βουλήσει</span> <span class='ocrx_word' id='word_1_766' title='bbox 444 2349 600 2383; x_wconf 80' lang='grc' dir='ltr'>λογίζεσθαι</span> <span class='ocrx_word' id='word_1_767' title='bbox 614 2351 644 2376; x_wconf 84' lang='grc' dir='ltr'>τδ</span> <span class='ocrx_word' id='word_1_768' title='bbox 667 2351 739 2377; x_wconf 78' lang='grc' dir='ltr'>κατὰ</span> <span class='ocrx_word' id='word_1_769' title='bbox 754 2351 830 2385; x_wconf 79' lang='grc' dir='ltr'>φύσιι</span> 
     </span>
    </p>
   </div>
   <div class='ocr_carea' id='block_1_99' title="bbox 890 2349 1682 2386">
    <p class='ocr_par' dir='ltr' id='par_1_99' title="bbox 899 2351 1682 2385">
     <span class='ocr_line' id='line_1_99' title="bbox 899 2351 1682 2385; baseline -0.003 -6"><span class='ocrx_word' id='word_1_770' title='bbox 899 2352 933 2379; x_wconf 85' lang='lat' dir='ltr'><strong>de</strong></span> <span class='ocrx_word' id='word_1_771' title='bbox 949 2351 1003 2378; x_wconf 89' lang='lat' dir='ltr'><strong>Deo</strong></span> <span class='ocrx_word' id='word_1_772' title='bbox 1013 2351 1114 2382; x_wconf 83' lang='lat' dir='ltr'><strong>dicere,</strong></span> <span class='ocrx_word' id='word_1_773' title='bbox 1128 2351 1330 2384; x_wconf 85' lang='lat' dir='ltr'><strong>necessitatem,</strong></span> <span class='ocrx_word' id='word_1_774' title='bbox 1343 2355 1370 2378; x_wconf 82' lang='lat' dir='ltr'><strong>et</strong></span> <span class='ocrx_word' id='word_1_775' title='bbox 1386 2355 1482 2385; x_wconf 55' lang='lat' dir='ltr'><strong>praeter</strong></span> <span class='ocrx_word' id='word_1_776' title='bbox 1497 2351 1682 2383; x_wconf 81' lang='lat' dir='ltr'><strong>sententiam,</strong></span> 
     </span>
    </p>
   </div>
   <div class='ocr_carea' id='block_1_100' title="bbox 51 2395 830 2432">
    <p class='ocr_par' dir='ltr' id='par_1_100' title="bbox 51 2396 829 2432">
     <span class='ocr_line' id='line_1_100' title="bbox 51 2396 829 2432; baseline -0.003 -7"><span class='ocrx_word' id='word_1_777' title='bbox 51 2397 87 2425; x_wconf 75' lang='grc' dir='ltr'><strong>οε</strong></span> <span class='ocrx_word' id='word_1_778' title='bbox 102 2398 135 2424; x_wconf 79' lang='grc' dir='ltr'><strong>δὲ</strong></span> <span class='ocrx_word' id='word_1_779' title='bbox 154 2396 406 2432; x_wconf 72' lang='grc' dir='ltr'>ἐπιλανθανόμενοι,</span> <span class='ocrx_word' id='word_1_780' title='bbox 418 2397 459 2423; x_wconf 85' lang='grc' dir='ltr'>ὅτι</span> <span class='ocrx_word' id='word_1_781' title='bbox 471 2397 535 2431; x_wconf 80' lang='grc' dir='ltr'>περὶ</span> <span class='ocrx_word' id='word_1_782' title='bbox 555 2396 614 2422; x_wconf 84' lang='grc' dir='ltr'>υἱοῦ</span> <span class='ocrx_word' id='word_1_783' title='bbox 628 2396 695 2423; x_wconf 81' lang='grc' dir='ltr'>Θεοῦ</span> <span class='ocrx_word' id='word_1_784' title='bbox 712 2397 829 2424; x_wconf 80' lang='grc' dir='ltr'>ἀκούουσ</span> 
     </span>
    </p>
   </div>
   <div class='ocr_carea' id='block_1_101' title="bbox 890 2395 1682 2432">
    <p class='ocr_par' dir='ltr' id='par_1_101' title="bbox 900 2395 1682 2431">
     <span class='ocr_line' id='line_1_101' title="bbox 900 2395 1682 2431; baseline -0.003 -7"><span class='ocrx_word' id='word_1_785' title='bbox 900 2402 929 2424; x_wconf 81' lang='grc' dir='ltr'><strong>ιιι</strong></span> <span class='ocrx_word' id='word_1_786' title='bbox 944 2401 1044 2431; x_wconf 72' lang='lat' dir='ltr'><strong>negent</strong></span> <span class='ocrx_word' id='word_1_787' title='bbox 1056 2404 1116 2424; x_wconf 89' lang='lat' dir='ltr'><strong>esse</strong></span> <span class='ocrx_word' id='word_1_788' title='bbox 1125 2404 1218 2424; x_wconf 87' lang='lat' dir='ltr'><strong>verum</strong></span> <span class='ocrx_word' id='word_1_789' title='bbox 1235 2396 1332 2423; x_wconf 80' lang='lat' dir='ltr'><strong>Filium</strong></span> <span class='ocrx_word' id='word_1_790' title='bbox 1346 2396 1403 2423; x_wconf 88' lang='lat' dir='ltr'><strong>Dei.</strong></span> <span class='ocrx_word' id='word_1_791' title='bbox 1423 2397 1488 2422; x_wconf 75' lang='lat' dir='ltr'><strong>Nam</strong></span> <span class='ocrx_word' id='word_1_792' title='bbox 1502 2400 1529 2423; x_wconf 87' lang='lat' dir='ltr'><strong>et</strong></span> <span class='ocrx_word' id='word_1_793' title='bbox 1540 2395 1591 2431; x_wconf 87' lang='lat' dir='ltr'><strong>ipsi</strong></span> <span class='ocrx_word' id='word_1_794' title='bbox 1603 2395 1682 2423; x_wconf 86' lang='lat' dir='ltr'><strong>nobis</strong></span> 
     </span>
    </p>
   </div>
   <div class='ocr_carea' id='block_1_102' title="bbox 50 2442 830 2480">
    <p class='ocr_par' dir='ltr' id='par_1_102' title="bbox 50 2443 830 2480">
     <span class='ocr_line' id='line_1_102' title="bbox 50 2443 830 2480; baseline -0.003 -9"><span class='ocrx_word' id='word_1_795' title='bbox 50 2444 199 2480; x_wconf 80' lang='grc' dir='ltr'>τολμῶσιν</span> <span class='ocrx_word' id='word_1_796' title='bbox 221 2443 394 2479; x_wconf 83' lang='grc' dir='ltr'>ἀνθρωπίνας</span> <span class='ocrx_word' id='word_1_797' title='bbox 419 2443 572 2474; x_wconf 77' lang='grc' dir='ltr'>ἀντιθέσεις</span> <span class='ocrx_word' id='word_1_798' title='bbox 588 2443 680 2478; x_wconf 72' lang='grc' dir='ltr'>λέγειν</span> <span class='ocrx_word' id='word_1_799' title='bbox 706 2443 754 2469; x_wconf 78' lang='grc' dir='ltr'><strong>ἐπὶ</strong></span> <span class='ocrx_word' id='word_1_800' title='bbox 768 2443 830 2469; x_wconf 75' lang='grc' dir='ltr'>Θεοῐ</span> 
     </span>
    </p>
   </div>
   <div class='ocr_carea' id='block_1_103' title="bbox 890 2442 1683 2480">
    <p class='ocr_par' dir='ltr' id='par_1_103' title="bbox 899 2442 1683 2477">
     <span class='ocr_line' id='line_1_103' title="bbox 899 2442 1683 2477; baseline 0 -8"><span class='ocrx_word' id='word_1_801' title='bbox 899 2442 1096 2477; x_wconf 83' lang='lat' dir='ltr'><strong>respondeant,</strong></span> <span class='ocrx_word' id='word_1_802' title='bbox 1112 2448 1200 2470; x_wconf 91' lang='lat' dir='ltr'><strong>utrum</strong></span> <span class='ocrx_word' id='word_1_803' title='bbox 1218 2442 1273 2469; x_wconf 83' lang='lat' dir='ltr'><strong>Deo</strong></span> <span class='ocrx_word' id='word_1_804' title='bbox 1285 2442 1354 2470; x_wconf 90' lang='lat' dir='ltr'><strong>adsit</strong></span> <span class='ocrx_word' id='word_1_805' title='bbox 1370 2450 1402 2469; x_wconf 79' lang='lat' dir='ltr'><strong>ex</strong></span> <span class='ocrx_word' id='word_1_806' title='bbox 1420 2442 1560 2469; x_wconf 82' lang='lat' dir='ltr'><strong>voluntate</strong></span> <span class='ocrx_word' id='word_1_807' title='bbox 1585 2447 1615 2468; x_wconf 88' lang='lat' dir='ltr'><strong>ut</strong></span> <span class='ocrx_word' id='word_1_808' title='bbox 1646 2442 1683 2469; x_wconf 86' lang='lat' dir='ltr'><strong>sit</strong></span> 
     </span>
    </p>
   </div>
   <div class='ocr_carea' id='block_1_104' title="bbox 50 2486 830 2526">
    <p class='ocr_par' dir='ltr' id='par_1_104' title="bbox 50 2487 830 2526">
     <span class='ocr_line' id='line_1_104' title="bbox 50 2487 830 2526; baseline -0.003 -10"><span class='ocrx_word' id='word_1_809' title='bbox 50 2492 169 2526; x_wconf 64' lang='grc' dir='ltr'>ἀνάγκῃ</span> <span class='ocrx_word' id='word_1_810' title='bbox 184 2490 232 2516; x_wconf 74' lang='grc' dir='ltr'>καὶ</span> <span class='ocrx_word' id='word_1_811' title='bbox 248 2490 322 2524; x_wconf 81' lang='grc' dir='ltr'>παρὰ</span> <span class='ocrx_word' id='word_1_812' title='bbox 344 2490 468 2524; x_wconf 85' lang='grc' dir='ltr'>γνώμην,</span> <span class='ocrx_word' id='word_1_813' title='bbox 482 2489 524 2515; x_wconf 84' lang='grc' dir='ltr'>ἶνα</span> <span class='ocrx_word' id='word_1_814' title='bbox 543 2490 572 2515; x_wconf 70' lang='grc' dir='ltr'><strong>τὺ</strong></span> <span class='ocrx_word' id='word_1_815' title='bbox 591 2487 662 2515; x_wconf 72' lang='grc' dir='ltr'>εἶναι</span> <span class='ocrx_word' id='word_1_816' title='bbox 674 2489 739 2516; x_wconf 80' lang='grc' dir='ltr'>Υίὸν</span> <span class='ocrx_word' id='word_1_817' title='bbox 753 2489 830 2525; x_wconf 81' lang='grc' dir='ltr'>ἀληθ;</span> 
     </span>
    </p>
   </div>
   <div class='ocr_carea' id='block_1_105' title="bbox 890 2486 1682 2526">
    <p class='ocr_par' dir='ltr' id='par_1_105' title="bbox 900 2486 1682 2519">
     <span class='ocr_line' id='line_1_105' title="bbox 900 2486 1682 2519; baseline -0.004 -5"><span class='ocrx_word' id='word_1_818' title='bbox 900 2488 989 2514; x_wconf 90' lang='lat' dir='ltr'><strong>bonus</strong></span> <span class='ocrx_word' id='word_1_819' title='bbox 1015 2493 1043 2515; x_wconf 86' lang='lat' dir='ltr'><strong>et</strong></span> <span class='ocrx_word' id='word_1_820' title='bbox 1059 2487 1226 2519; x_wconf 83' lang='lat' dir='ltr'><strong>misericors,</strong></span> <span class='ocrx_word' id='word_1_821' title='bbox 1240 2495 1338 2514; x_wconf 89' lang='lat' dir='ltr'><strong>necne.</strong></span> <span class='ocrx_word' id='word_1_822' title='bbox 1355 2486 1384 2514; x_wconf 91' lang='lat' dir='ltr'><strong>Si</strong></span> <span class='ocrx_word' id='word_1_823' title='bbox 1400 2494 1432 2514; x_wconf 85' lang='lat' dir='ltr'><strong>ex</strong></span> <span class='ocrx_word' id='word_1_824' title='bbox 1459 2487 1607 2517; x_wconf 89' lang='lat' dir='ltr'><strong>voluntate,</strong></span> <span class='ocrx_word' id='word_1_825' title='bbox 1636 2492 1682 2512; x_wconf 84' lang='lat' dir='ltr'><strong>se—</strong></span> 
     </span>
    </p>
   </div>
   <div class='ocr_carea' id='block_1_106' title="bbox 49 2530 830 2570">
    <p class='ocr_par' dir='ltr' id='par_1_106' title="bbox 49 2533 830 2570">
     <span class='ocr_line' id='line_1_106' title="bbox 49 2533 830 2570; baseline 0 -10"><span class='ocrx_word' id='word_1_826' title='bbox 49 2535 97 2561; x_wconf 72' lang='grc' dir='ltr'>νδν</span> <span class='ocrx_word' id='word_1_827' title='bbox 107 2533 339 2570; x_wconf 63' lang='grc' dir='ltr'>ἁρνῄσωνταιτοῦ</span> <span class='ocrx_word' id='word_1_828' title='bbox 354 2534 434 2566; x_wconf 84' lang='grc' dir='ltr'>Θεοῦ,</span> <span class='ocrx_word' id='word_1_829' title='bbox 445 2535 504 2560; x_wconf 81' lang='grc' dir='ltr'><strong>ὲπε.</strong></span> <span class='ocrx_word' id='word_1_830' title='bbox 513 2534 669 2560; x_wconf 80' lang='grc' dir='ltr'>είπάτωσαν</span> <span class='ocrx_word' id='word_1_831' title='bbox 680 2534 745 2568; x_wconf 75' lang='grc' dir='ltr'>ἡμῖν</span> <span class='ocrx_word' id='word_1_832' title='bbox 759 2534 830 2560; x_wconf 51' lang='grc' dir='ltr'>αὺτοτ</span> 
     </span>
    </p>
   </div>
   <div class='ocr_carea' id='block_1_107' title="bbox 890 2530 1682 2570">
    <p class='ocr_par' dir='ltr' id='par_1_107' title="bbox 899 2530 1682 2569">
     <span class='ocr_line' id='line_1_107' title="bbox 899 2530 1682 2569; baseline -0.005 -8"><span class='ocrx_word' id='word_1_833' title='bbox 899 2535 1002 2569; x_wconf 87' lang='lat' dir='ltr'><strong>quitur,</strong></span> <span class='ocrx_word' id='word_1_834' title='bbox 1027 2542 1090 2562; x_wconf 91' lang='lat' dir='ltr'><strong>eum</strong></span> <span class='ocrx_word' id='word_1_835' title='bbox 1114 2534 1230 2569; x_wconf 73' lang='lat' dir='ltr'><strong>cwpisse</strong></span> <span class='ocrx_word' id='word_1_836' title='bbox 1257 2533 1359 2561; x_wconf 91' lang='lat' dir='ltr'><strong>bonum</strong></span> <span class='ocrx_word' id='word_1_837' title='bbox 1382 2539 1453 2565; x_wconf 88' lang='lat' dir='ltr'><strong>esse,</strong></span> <span class='ocrx_word' id='word_1_838' title='bbox 1482 2537 1561 2566; x_wconf 86' lang='lat' dir='ltr'><strong>atque</strong></span> <span class='ocrx_word' id='word_1_839' title='bbox 1573 2531 1609 2558; x_wconf 86' lang='lat' dir='ltr'><strong>ita</strong></span> <span class='ocrx_word' id='word_1_840' title='bbox 1623 2530 1682 2558; x_wconf 79' lang='lat' dir='ltr'><strong>ﬁeri</strong></span> 
     </span>
    </p>
   </div>
   <div class='ocr_carea' id='block_1_108' title="bbox 48 2576 830 2615">
    <p class='ocr_par' dir='ltr' id='par_1_108' title="bbox 48 2579 830 2615">
     <span class='ocr_line' id='line_1_108' title="bbox 48 2579 830 2615; baseline -0.001 -8"><span class='ocrx_word' id='word_1_841' title='bbox 48 2582 82 2607; x_wconf 80' lang='grc' dir='ltr'>τὸ</span> <span class='ocrx_word' id='word_1_842' title='bbox 100 2580 209 2614; x_wconf 57' lang='grc' dir='ltr'>ἀγαθόν</span> <span class='ocrx_word' id='word_1_843' title='bbox 222 2579 291 2607; x_wconf 78' lang='grc' dir='ltr'>εἶναι</span> <span class='ocrx_word' id='word_1_844' title='bbox 315 2581 363 2606; x_wconf 80' lang='grc' dir='ltr'>καὶ</span> <span class='ocrx_word' id='word_1_845' title='bbox 373 2580 533 2615; x_wconf 72' lang='grc' dir='ltr'>οίκτίρμονα</span> <span class='ocrx_word' id='word_1_846' title='bbox 549 2581 595 2606; x_wconf 80' lang='grc' dir='ltr'>τὸν</span> <span class='ocrx_word' id='word_1_847' title='bbox 609 2580 675 2606; x_wconf 84' lang='grc' dir='ltr'>Θεὸν</span> <span class='ocrx_word' id='word_1_848' title='bbox 693 2581 724 2606; x_wconf 82' lang='grc' dir='ltr'>ὲκ</span> <span class='ocrx_word' id='word_1_849' title='bbox 748 2579 830 2615; x_wconf 83' lang='grc' dir='ltr'>βουλή</span> 
     </span>
    </p>
   </div>
   <div class='ocr_carea' id='block_1_109' title="bbox 890 2576 1683 2615">
    <p class='ocr_par' dir='ltr' id='par_1_109' title="bbox 899 2576 1683 2615">
     <span class='ocr_line' id='line_1_109' title="bbox 899 2576 1683 2615; baseline -0.006 -7"><span class='ocrx_word' id='word_1_850' title='bbox 899 2581 998 2615; x_wconf 86' lang='lat' dir='ltr'><strong>poterit</strong></span> <span class='ocrx_word' id='word_1_851' title='bbox 1012 2585 1040 2607; x_wconf 90' lang='lat' dir='ltr'><strong>ut</strong></span> <span class='ocrx_word' id='word_1_852' title='bbox 1054 2581 1111 2615; x_wconf 90' lang='lat' dir='ltr'><strong>ipse</strong></span> <span class='ocrx_word' id='word_1_853' title='bbox 1127 2587 1182 2607; x_wconf 90' lang='lat' dir='ltr'><strong>non</strong></span> <span class='ocrx_word' id='word_1_854' title='bbox 1192 2580 1229 2607; x_wconf 88' lang='lat' dir='ltr'><strong>sit</strong></span> <span class='ocrx_word' id='word_1_855' title='bbox 1255 2580 1351 2606; x_wconf 87' lang='lat' dir='ltr'><strong>bonus.</strong></span> <span class='ocrx_word' id='word_1_856' title='bbox 1381 2578 1530 2606; x_wconf 83' lang='lat' dir='ltr'><strong>Consulere</strong></span> <span class='ocrx_word' id='word_1_857' title='bbox 1555 2576 1628 2604; x_wconf 87' lang='lat' dir='ltr'><strong>enim</strong></span> <span class='ocrx_word' id='word_1_858' title='bbox 1652 2580 1683 2604; x_wconf 83' lang='lat' dir='ltr'><strong>et</strong></span> 
     </span>
    </p>
   </div>
   <div class='ocr_carea' id='block_1_110' title="bbox 51 2622 830 2662">
    <p class='ocr_par' dir='ltr' id='par_1_110' title="bbox 51 2623 830 2662">
     <span class='ocr_line' id='line_1_110' title="bbox 51 2623 830 2662; baseline -0.001 -9"><span class='ocrx_word' id='word_1_859' title='bbox 51 2634 129 2658; x_wconf 83' lang='grc' dir='ltr'>σεως</span> <span class='ocrx_word' id='word_1_860' title='bbox 150 2627 297 2662; x_wconf 73' lang='grc' dir='ltr'>πρόσεστιν</span> <span class='ocrx_word' id='word_1_861' title='bbox 319 2625 403 2660; x_wconf 77' lang='grc' dir='ltr'>αὐτῷ,</span> <span class='ocrx_word' id='word_1_862' title='bbox 421 2625 438 2661; x_wconf 82' lang='grc' dir='ltr'><strong>ῆ</strong></span> <span class='ocrx_word' id='word_1_863' title='bbox 460 2625 491 2651; x_wconf 89' lang='grc' dir='ltr'>οὺ</span> <span class='ocrx_word' id='word_1_864' title='bbox 509 2625 654 2661; x_wconf 82' lang='grc' dir='ltr'>βουλήσει;</span> <span class='ocrx_word' id='word_1_865' title='bbox 682 2625 712 2652; x_wconf 81' lang='lat' dir='ltr'><strong>Et</strong></span> <span class='ocrx_word' id='word_1_866' title='bbox 737 2625 787 2660; x_wconf 76' lang='grc' dir='ltr'>μὲν</span> <span class='ocrx_word' id='word_1_867' title='bbox 802 2623 830 2652; x_wconf 79' lang='grc' dir='ltr'>οὖ</span> 
     </span>
    </p>
   </div>
   <div class='ocr_carea' id='block_1_111' title="bbox 890 2622 1684 2662">
    <p class='ocr_par' dir='ltr' id='par_1_111' title="bbox 901 2622 1684 2662">
     <span class='ocr_line' id='line_1_111' title="bbox 901 2622 1684 2662; baseline -0.005 -9"><span class='ocrx_word' id='word_1_868' title='bbox 901 2627 1000 2662; x_wconf 74' lang='lat' dir='ltr'><strong>eligere</strong></span> <span class='ocrx_word' id='word_1_869' title='bbox 1013 2626 1077 2654; x_wconf 87' lang='lat' dir='ltr'><strong>licet</strong></span> <span class='ocrx_word' id='word_1_870' title='bbox 1090 2626 1116 2653; x_wconf 91' lang='lat' dir='ltr'><strong>in</strong></span> <span class='ocrx_word' id='word_1_871' title='bbox 1131 2630 1274 2660; x_wconf 79' lang='lat' dir='ltr'><strong>utramque</strong></span> <span class='ocrx_word' id='word_1_872' title='bbox 1290 2628 1407 2659; x_wconf 82' lang='lat' dir='ltr'><strong>partem,</strong></span> <span class='ocrx_word' id='word_1_873' title='bbox 1440 2627 1467 2652; x_wconf 87' lang='lat' dir='ltr'><strong>et</strong></span> <span class='ocrx_word' id='word_1_874' title='bbox 1478 2627 1582 2650; x_wconf 67' lang='lat' dir='ltr'><strong>naturae</strong></span> <span class='ocrx_word' id='word_1_875' title='bbox 1608 2622 1684 2656; x_wconf 64' lang='lat' dir='ltr'><strong>cogi-</strong></span> 
     </span>
    </p>
   </div>
   <div class='ocr_carea' id='block_1_112' title="bbox 50 2667 830 2708">
    <p class='ocr_par' dir='ltr' id='par_1_112' title="bbox 50 2669 830 2708">
     <span class='ocr_line' id='line_1_112' title="bbox 50 2669 830 2708; baseline -0.001 -9"><span class='ocrx_word' id='word_1_876' title='bbox 50 2674 84 2699; x_wconf 77' lang='grc' dir='ltr'>ἒιι</span> <span class='ocrx_word' id='word_1_877' title='bbox 106 2673 279 2708; x_wconf 80' lang='grc' dir='ltr'>βουλήσεως,</span> <span class='ocrx_word' id='word_1_878' title='bbox 293 2673 405 2699; x_wconf 78' lang='grc' dir='ltr'>σκοπεῖν</span> <span class='ocrx_word' id='word_1_879' title='bbox 432 2673 482 2705; x_wconf 76' lang='grc' dir='ltr'>δεῖ,</span> <span class='ocrx_word' id='word_1_880' title='bbox 511 2673 552 2699; x_wconf 74' lang='grc' dir='ltr'>ὅτι</span> <span class='ocrx_word' id='word_1_881' title='bbox 578 2673 681 2708; x_wconf 77' lang='grc' dir='ltr'>ἠρξατο</span> <span class='ocrx_word' id='word_1_882' title='bbox 697 2672 746 2706; x_wconf 86' lang='grc' dir='ltr'>μὲν</span> <span class='ocrx_word' id='word_1_883' title='bbox 778 2669 830 2698; x_wconf 67' lang='lat' dir='ltr'><strong>civ:</strong></span> 
     </span>
    </p>
   </div>
   <div class='ocr_carea' id='block_1_113' title="bbox 890 2667 1682 2708">
    <p class='ocr_par' dir='ltr' id='par_1_113' title="bbox 902 2667 1682 2705">
     <span class='ocr_line' id='line_1_113' title="bbox 902 2667 1682 2705; baseline -0.008 -6"><span class='ocrx_word' id='word_1_884' title='bbox 902 2673 986 2700; x_wconf 81' lang='lat' dir='ltr'><strong>tantis</strong></span> <span class='ocrx_word' id='word_1_885' title='bbox 1010 2676 1036 2699; x_wconf 89' lang='lat' dir='ltr'><strong>et</strong></span> <span class='ocrx_word' id='word_1_886' title='bbox 1054 2671 1242 2699; x_wconf 85' lang='lat' dir='ltr'><strong>ratiocinantis</strong></span> <span class='ocrx_word' id='word_1_887' title='bbox 1271 2670 1416 2705; x_wconf 88' lang='lat' dir='ltr'><strong>proprium</strong></span> <span class='ocrx_word' id='word_1_888' title='bbox 1430 2672 1482 2696; x_wconf 83' lang='lat' dir='ltr'><strong>est.</strong></span> <span class='ocrx_word' id='word_1_889' title='bbox 1505 2667 1553 2695; x_wconf 87' lang='lat' dir='ltr'><strong>Sin</strong></span> <span class='ocrx_word' id='word_1_890' title='bbox 1580 2670 1682 2699; x_wconf 81' lang='lat' dir='ltr'><strong>autem,</strong></span> 
     </span>
    </p>
   </div>
   <div class='ocr_carea' id='block_1_114' title="bbox 50 2713 830 2752">
    <p class='ocr_par' dir='ltr' id='par_1_114' title="bbox 50 2714 830 2752">
     <span class='ocr_line' id='line_1_114' title="bbox 50 2714 830 2752; baseline -0.003 -8"><span class='ocrx_word' id='word_1_891' title='bbox 50 2717 177 2751; x_wconf 75' lang='grc' dir='ltr'>ἀγαθὸς,</span> <span class='ocrx_word' id='word_1_892' title='bbox 193 2720 239 2743; x_wconf 74' lang='grc' dir='ltr'>καὶ</span> <span class='ocrx_word' id='word_1_893' title='bbox 258 2717 288 2743; x_wconf 75' lang='grc' dir='ltr'>τὸ</span> <span class='ocrx_word' id='word_1_894' title='bbox 304 2717 342 2752; x_wconf 84' lang='grc' dir='ltr'>μὴ</span> <span class='ocrx_word' id='word_1_895' title='bbox 359 2714 429 2743; x_wconf 75' lang='grc' dir='ltr'>εἶναι</span> <span class='ocrx_word' id='word_1_896' title='bbox 446 2716 474 2743; x_wconf 75' lang='grc' dir='ltr'><strong>δὲ</strong></span> <span class='ocrx_word' id='word_1_897' title='bbox 497 2717 578 2743; x_wconf 76' lang='grc' dir='ltr'>αὑτὸν</span> <span class='ocrx_word' id='word_1_898' title='bbox 593 2717 695 2751; x_wconf 77' lang='grc' dir='ltr'>ἀγαθὸν</span> <span class='ocrx_word' id='word_1_899' title='bbox 708 2717 830 2752; x_wconf 79' lang='grc' dir='ltr'>ἐνδεχόμε</span> 
     </span>
    </p>
   </div>
   <div class='ocr_carea' id='block_1_115' title="bbox 890 2713 1683 2752">
    <p class='ocr_par' dir='ltr' id='par_1_115' title="bbox 904 2713 1683 2750">
     <span class='ocr_line' id='line_1_115' title="bbox 904 2713 1683 2750; baseline -0.006 -5"><span class='ocrx_word' id='word_1_900' title='bbox 904 2726 954 2745; x_wconf 87' lang='lat' dir='ltr'><strong>nec</strong></span> <span class='ocrx_word' id='word_1_901' title='bbox 969 2717 1119 2745; x_wconf 87' lang='lat' dir='ltr'><strong>absurdum</strong></span> <span class='ocrx_word' id='word_1_902' title='bbox 1144 2717 1196 2744; x_wconf 90' lang='lat' dir='ltr'><strong>hoc</strong></span> <span class='ocrx_word' id='word_1_903' title='bbox 1215 2720 1411 2750; x_wconf 83' lang='lat' dir='ltr'><strong>consequatur,</strong></span> <span class='ocrx_word' id='word_1_904' title='bbox 1429 2721 1484 2741; x_wconf 86' lang='lat' dir='ltr'><strong>non</strong></span> <span class='ocrx_word' id='word_1_905' title='bbox 1493 2721 1524 2740; x_wconf 78' lang='lat' dir='ltr'><strong>ex</strong></span> <span class='ocrx_word' id='word_1_906' title='bbox 1541 2713 1683 2740; x_wconf 71' lang='lat' dir='ltr'><strong>voluntate</strong></span> 
     </span>
    </p>
   </div>
   <div class='ocr_carea' id='block_1_116' title="bbox 49 2757 830 2799">
    <p class='ocr_par' dir='ltr' id='par_1_116' title="bbox 49 2761 830 2799">
     <span class='ocr_line' id='line_1_116' title="bbox 49 2761 830 2799; baseline 0.001 -9"><span class='ocrx_word' id='word_1_907' title='bbox 49 2763 102 2790; x_wconf 69' lang='grc' dir='ltr'><strong>νόν</strong></span> <span class='ocrx_word' id='word_1_908' title='bbox 135 2763 214 2789; x_wconf 76' lang='grc' dir='ltr'>ἑστι·</span> <span class='ocrx_word' id='word_1_909' title='bbox 244 2763 276 2789; x_wconf 74' lang='grc' dir='ltr'>τὸ</span> <span class='ocrx_word' id='word_1_910' title='bbox 304 2763 360 2797; x_wconf 86' lang='grc' dir='ltr'>γὰρ</span> <span class='ocrx_word' id='word_1_911' title='bbox 389 2761 562 2797; x_wconf 76' lang='grc' dir='ltr'>βουλεύεσθαι</span> <span class='ocrx_word' id='word_1_912' title='bbox 588 2763 635 2790; x_wconf 75' lang='grc' dir='ltr'><strong>καὶ</strong></span> <span class='ocrx_word' id='word_1_913' title='bbox 660 2763 830 2799; x_wconf 71' lang='grc' dir='ltr'>προαιρεῑσος</span> 
     </span>
    </p>
   </div>
   <div class='ocr_carea' id='block_1_117' title="bbox 890 2757 1684 2799">
    <p class='ocr_par' dir='ltr' id='par_1_117' title="bbox 904 2757 1684 2796">
     <span class='ocr_line' id='line_1_117' title="bbox 904 2757 1684 2796; baseline -0.01 -5"><span class='ocrx_word' id='word_1_914' title='bbox 904 2764 994 2791; x_wconf 86' lang='lat' dir='ltr'><strong>bonus</strong></span> <span class='ocrx_word' id='word_1_915' title='bbox 1007 2768 1060 2794; x_wconf 86' lang='lat' dir='ltr'><strong>est.</strong></span> <span class='ocrx_word' id='word_1_916' title='bbox 1078 2762 1190 2790; x_wconf 86' lang='lat' dir='ltr'><strong>audiant</strong></span> <span class='ocrx_word' id='word_1_917' title='bbox 1200 2761 1237 2795; x_wconf 88' lang='lat' dir='ltr'><strong>id,</strong></span> <span class='ocrx_word' id='word_1_918' title='bbox 1250 2761 1322 2796; x_wconf 87' lang='lat' dir='ltr'><strong>quod</strong></span> <span class='ocrx_word' id='word_1_919' title='bbox 1336 2760 1386 2796; x_wconf 91' lang='lat' dir='ltr'><strong>ipsi</strong></span> <span class='ocrx_word' id='word_1_920' title='bbox 1415 2760 1554 2792; x_wconf 82' lang='lat' dir='ltr'><strong>dixerunt,</strong></span> <span class='ocrx_word' id='word_1_921' title='bbox 1583 2757 1684 2784; x_wconf 74' lang='lat' dir='ltr'><strong>Neres-</strong></span> 
     </span>
    </p>
   </div>
   <div class='ocr_carea' id='block_1_118' title="bbox 93 2831 830 2870">
    <p class='ocr_par' dir='ltr' id='par_1_118' title="bbox 93 2833 819 2870">
     <span class='ocr_line' id='line_1_118' title="bbox 93 2833 819 2870; baseline -0.003 -7"><span class='ocrx_word' id='word_1_922' title='bbox 93 2837 101 2852; x_wconf 86' lang='lat'>&#39;</span> <span class='ocrx_word' id='word_1_923' title='bbox 121 2835 204 2863; x_wconf 77' lang='lat' dir='ltr'><strong>Joan.</strong></span> <span class='ocrx_word' id='word_1_924' title='bbox 223 2843 244 2868; x_wconf 89' lang='grc' dir='ltr'><strong>ι,</strong></span> <span class='ocrx_word' id='word_1_925' title='bbox 261 2836 288 2863; x_wconf 75' lang='grc'><strong>5.</strong></span> <span class='ocrx_word' id='word_1_926' title='bbox 326 2836 336 2852; x_wconf 79' lang='grc'>⁸</span> <span class='ocrx_word' id='word_1_927' title='bbox 361 2835 462 2870; x_wconf 86' lang='lat' dir='ltr'><strong>Ephes.</strong></span> <span class='ocrx_word' id='word_1_928' title='bbox 478 2843 499 2868; x_wconf 84' lang='grc' dir='ltr'><strong>ι,</strong></span> <span class='ocrx_word' id='word_1_929' title='bbox 526 2834 553 2861; x_wconf 76' lang='grc'><strong>5.</strong></span> <span class='ocrx_word' id='word_1_930' title='bbox 591 2833 601 2849; x_wconf 88' lang='grc'>³</span> <span class='ocrx_word' id='word_1_931' title='bbox 618 2833 686 2862; x_wconf 84' lang='lat' dir='ltr'><strong>Gen.</strong></span> <span class='ocrx_word' id='word_1_932' title='bbox 700 2842 719 2868; x_wconf 86' lang='grc' dir='ltr'><strong>ι,</strong></span> <span class='ocrx_word' id='word_1_933' title='bbox 732 2835 760 2868; x_wconf 74' lang='lat'><strong>3,</strong></span> <span class='ocrx_word' id='word_1_934' title='bbox 774 2835 819 2868; x_wconf 70' lang='lat'><strong>25,</strong></span> 
     </span>
    </p>
   </div>
   <div class='ocr_carea' id='block_1_119' title="bbox 890 2831 1093 2870">
    <p class='ocr_par' dir='ltr' id='par_1_119' title="bbox 918 2831 1093 2865">
     <span class='ocr_line' id='line_1_119' title="bbox 918 2831 1093 2865; baseline -0.011 -5"><span class='ocrx_word' id='word_1_935' title='bbox 918 2833 928 2849; x_wconf 76' lang='grc'>⁸</span> <span class='ocrx_word' id='word_1_936' title='bbox 941 2832 1000 2860; x_wconf 82' lang='lat' dir='ltr'><strong>Jac.</strong></span> <span class='ocrx_word' id='word_1_937' title='bbox 1014 2840 1033 2865; x_wconf 87' lang='grc' dir='ltr'><strong>ι,</strong></span> <span class='ocrx_word' id='word_1_938' title='bbox 1051 2831 1093 2858; x_wconf 76' lang='grc'><strong>18.</strong></span> 
     </span>
    </p>
   </div>
  </div>
