1902 3078
226 125 278 157 (ῖῦ

855 127 1047 159 ΕΗΤΗΥΜΙΙ
1070 127 1255 159 ZIGABENI

1803 126 1851 157 ιῖιδ

223 181 306 207 sitate
330 184 358 208 et
373 179 476 209 invitus
490 185 531 208 est
545 180 646 210 bonus.
662 181 764 217 Ecquis
777 187 869 211 autem
899 182 940 210 illi
966 189 1008 209 ne-

1068 181 1108 212 είς
1134 182 1255 218 ἑκάτερα
1275 182 1326 218 τὴν
1349 182 1436 218 ῥοπὴν
1465 182 1533 217 ἔχει,
1549 181 1598 209 καὶ
1612 181 1726 217 λογικῆς
1746 182 1851 216 φύσεώς

224 226 380 254 cessitatem
396 227 510 261 injecit?
525 228 602 260 Quod
616 229 639 257 si
651 229 883 257 absurdissimum
903 233 956 262 est,
981 228 1009 257 in

226 272 280 299 Deo
297 280 358 300 esse
384 274 579 302 necessitatem
601 275 705 308 dicere,
721 281 749 304 et
774 280 918 311 propterea
942 282 1012 303 con-

224 318 356 346 fitendum
391 323 444 351 est,
459 327 521 348 esse
552 326 648 348 natura
671 322 785 353 bonum,
809 322 895 350 multo
923 321 1010 358 magis

222 367 250 389 et
264 363 354 390 verius
368 363 515 392 dicendum
529 371 581 398 est,
597 374 660 394 eum
686 372 795 400 natura,
824 376 879 395 non
910 368 1009 396 volun-

223 415 279 438 tate
299 419 359 439 esse
373 412 433 439 Filii
449 413 568 440 Patrem.
581 414 649 441 lllud
665 419 795 449 praeterea
809 415 887 443 nobis
895 423 1010 450 respon-

222 456 320 491 deant;
336 458 397 484 volo
413 459 486 486 enim
502 467 549 487 eos
567 468 615 494 pro
630 460 742 489 audacia
759 461 878 496 ipsorum
894 462 1012 489 interro—

223 509 298 536 gare,
325 510 386 537 qua:
407 504 519 539 quidem
538 505 716 541 interrogatio
732 507 798 534 licet
820 507 934 534 liberior
958 507 1009 540 sit,

221 547 255 573 al
275 547 403 582 pietatem
429 552 519 576 tamen
533 551 674 585 spectabit.
687 550 827 586 Propitius
842 556 912 586 esto,
926 552 1009 584 Deus,

221 591 417 627 Respondeant
433 594 526 630 igitur,
539 601 630 623 utrum
648 596 729 624 Pater
744 598 802 633 ipse
821 598 896 633 prius
910 606 1012 626 consu-

221 637 317 670 luerit,
349 640 448 668 deinde
477 641 612 674 voluerit,
642 647 703 677 post
728 648 820 671 autem
850 644 947 676 fuerit,
975 653 1010 672 an

220 685 378 719 priusquam
394 687 562 714 consuluerit
584 687 630 715 sit.
644 689 758 723 Oportet
773 690 856 721 enim,
871 695 970 718 uicum
977 691 1010 719 de

225 729 314 758 Verbo
333 731 394 758 talia
421 732 540 760 audeant
558 734 645 769 loqui,
664 734 766 763 similia
793 736 858 764 item
876 736 911 765 de
930 737 1011 764 Patre

220 775 343 808 audiant,
374 780 403 802 ut
418 776 516 809 sciant,
543 777 623 805 istam
645 778 767 813 ipsorum
783 780 960 815 petulantiam
977 783 1010 809 ad

223 820 329 847 Patrem
354 829 464 856 quoque
489 822 645 856 pervenire.
676 823 705 851 Si
730 825 904 860 dixerinl,et
920 827 1009 862 ipsum

220 866 329 893 Patrem
355 875 388 893 ex
410 868 613 897 consultatione
637 873 666 897 et
683 870 822 899 voluntate
848 880 919 905 esse,
942 873 1007 908 quid

219 918 279 940 erat
293 918 440 948 antequam
465 917 613 950 consuluit,
633 923 681 945 aut
700 919 766 954 quid
783 920 902 956 amplius
914 921 1009 950 habuit

220 963 397 995 posteaquam
431 962 591 990 consuluit?
618 963 696 997 Quod
731 966 753 993 si
770 966 905 1001 ejusmodi
922 967 1009 995 inter-

221 1005 326 1039 rogatio
350 1006 470 1035 absurda
491 1014 544 1042 est,
557 1014 586 1037 et
604 1011 700 1046 nequit
716 1012 879 1046 consistere,
906 1018 934 1041 et
951 1014 1008 1043 haec

220 1050 315 1079 dicere
337 1054 450 1081 omnino
470 1055 548 1083 nefas
562 1061 614 1091 est,
628 1064 691 1085 cum
707 1058 775 1086 satis
789 1059 835 1092 sit,
850 1059 877 1087 id
894 1067 944 1087 nos
958 1068 1008 1088 au-

221 1095 290 1129 dire,
304 1102 331 1125 et
344 1100 425 1132 scire,
442 1105 470 1128 et
489 1101 647 1139 intelligere
662 1103 696 1132 de
711 1103 778 1135 Deo.
803 1113 902 1141 nempe
917 1106 1007 1141 ipsum

221 1150 282 1170 esse
297 1144 383 1177 illum.
403 1146 450 1181 qui
475 1153 529 1180 est,
547 1156 637 1177 nonne
651 1149 799 1177 absurdum
814 1156 857 1178 est
872 1152 952 1179 etiam
975 1152 1008 1180 de

221 1188 312 1217 Verbo
332 1190 379 1218 Dei
397 1192 437 1219 sic
450 1193 581 1228 cogitare,
597 1197 626 1221 et
637 1195 779 1223 consilium
793 1198 818 1224 ei
843 1204 875 1225 ac
886 1197 1009 1225 volunta-

221 1238 276 1261 tem
292 1238 485 1272 anteponere?
501 1238 574 1266 Satis
584 1240 657 1267 enim
670 1245 712 1268 est
728 1241 792 1269 item
818 1242 851 1270 de
868 1243 958 1271 Verbo
975 1244 1009 1271 il-

220 1279 266 1308 lud
283 1282 366 1315 scire,
382 1287 411 1310 et
427 1283 590 1320 intelligere.
609 1293 707 1321 nempe
722 1287 812 1322 ipsum
824 1295 880 1316 non
897 1297 929 1316 ex
943 1297 1009 1318 con-

220 1326 367 1355 sultatione
392 1333 419 1356 et
451 1330 592 1359 voluntate
622 1331 707 1360 Deum
732 1341 805 1366 esse.
834 1334 882 1362 sed
909 1339 1008 1363 natura

221 1373 361 1407 proprium
399 1381 461 1403 esse
489 1375 607 1404 Verbum
642 1377 742 1406 Patris.
779 1379 857 1412 Quod
896 1380 1006 1415 quidem

221 1416 343 1447 Verbum
360 1427 423 1448 cum
440 1421 478 1449 sit
493 1423 640 1450 consilium
662 1428 691 1451 et
714 1424 841 1453 voluntas
865 1425 954 1455 Patris
969 1427 1009 1462 ip-

220 1465 292 1498 s'us,
322 1467 458 1500 quomodo
482 1473 573 1504 potest
597 1471 715 1498 consilio
743 1476 772 1499 et
786 1472 927 1500 voluntate
947 1473 1008 1509 eius

1061 228 1122 255 ἐστι
1135 228 1165 255 τδ
1179 229 1265 261 πάθος
1278 229 1358 256 τοῦτο
1369 237 1377 244 ·
1394 230 1418 256 εἰ
1433 228 1462 255 δὲ
1480 229 1524 255 διὰ
1535 228 1566 255 το
1581 227 1613 255 ἐκ
1632 227 1738 254 τούτων
1752 228 1851 254 ἄτοπον

1064 272 1116 300 οὐκ
1143 273 1177 300 ἐκ
1203 273 1358 309 βουλήσεως
1388 274 1539 310 οἰκτίρμων
1561 273 1610 300 καὶ
1635 272 1740 307 ἀγαθός
1766 274 1850 305 ἐστιν,

1061 319 1234 346 ἀκουέτωσαν
1250 320 1323 355 ἅπερ
1338 320 1482 354 εἰρήκασιν
1498 319 1575 346 αὐτοί
1585 327 1593 335 ·
1608 318 1715 345 Οὐκοῦν
1728 318 1848 355 ἀνάγκη.

1062 365 1109 392 καὶ
1127 365 1164 400 μὴ
1180 365 1265 392 θέλων
1292 365 1392 400 ἁγαθός
1417 366 1486 393 ἐστι,
1505 365 1612 396 Καὶτις
1626 365 1641 391 ό
1657 366 1706 400 τήν
1723 365 1845 399 ἀνάγκην

1062 411 1198 438 ἐπιϐαλὼν
1213 412 1287 447 αὐτῷ
1300 420 1308 445 ;
1330 413 1360 438 El.
1374 412 1404 439 δὲ
1420 411 1517 446 ἄλογόν
1534 413 1591 437 ἐστι
1605 411 1695 445 λέγειν
1721 411 1768 437 ὲπῖ
1783 410 1850 437 Θεοῦ

1061 457 1197 493 ἀνάγκην,
1218 458 1265 484 καὶ
1280 457 1324 485 διὰ
1339 457 1419 484 τοῦτο
1432 458 1512 492 φύσει
1529 457 1631 491 ἁγαθός
1651 458 1737 487 ἐστιν,
1751 456 1797 491 εἴη
1817 457 1849 483 ἂν

1060 503 1151 538 πολλῷ
1165 503 1265 538 μᾶλλον
1292 504 1338 530 καὶ
1352 502 1533 538 ἀληθὲστιρον
1553 503 1600 530 τοῦ
1617 502 1680 528 Υἱοῦ
1697 503 1791 537 φύσει,
1802 504 1848 529 καὶ

1060 549 1111 576 οὐκ
1123 550 1156 576 ὲκ
1170 549 1324 585 βουλήσεως
1353 549 1460 584 Πατήρ.
1481 549 1646 576 Ειπάτωσαν
1670 549 1699 576 δὲ
1715 550 1785 584 ἡμῖν
1803 550 1848 577 καὶ

1060 595 1140 623 τοῦτο
1152 596 1244 623 πάλιν.
1258 595 1327 631 Πρὸς
1338 596 1392 630 γὰρ
1402 596 1453 630 τήν
1465 595 1661 631 ἀναισχυντίαν
1674 596 1768 622 αὐτῶν
1783 595 1849 630 ὲρώ·

1062 650 1144 676 τησιν
1173 642 1266 673 αὐτοῖς
1295 642 1410 676 ιπάγειν
1430 641 1471 668 ἔτι
1494 641 1626 676 βούλομαι
1643 641 1848 677 τολμηροτέραν

1064 687 1124 723 μὶν,
1140 688 1292 723 βλέπουσαν
1317 688 1345 714 δὲ
1361 688 1437 722 ὅμως
1462 689 1501 720 εις
1526 687 1681 715 εὐσέϐειαν.
1701 687 1848 722 Ἰλάσθητι,

1062 733 1196 760 Δέσποτα,
1217 733 1246 759 '0
1263 733 1358 768 Πατὴρ
1371 732 1450 764 αὐτὸς
1465 732 1684 768 βουλευσάμενος
1704 733 1848 768 πρότερον,

1063 776 1124 805 εἶτα
1139 778 1266 812 Θελήσεις,
1283 778 1369 810 οὕτως
1393 777 1523 813 ὑπάρχει,
1545 777 1570 813 ⁶ἦ
1586 778 1633 805 καὶ
1649 777 1702 812 πρὸ
1725 778 1775 804 τοῦ
1788 778 1850 814 βου-

1063 824 1230 857 λεύσασθαις
1248 825 1301 860 χρὴ
1320 824 1374 860 γὰρ
1402 823 1528 860 περὶτοῦ
1553 824 1641 858 Λόγου
1656 824 1773 851 τοιαῦτα
1791 825 1851 851 τολ-

1064 870 1171 905 μῶντας
1203 870 1319 903 αὐτοὺς,
1351 870 1465 897 τοιαῦτα
1495 869 1545 896 καὶ
1571 869 1637 904 περὶ
1666 869 1714 896 τοῦ
1747 869 1852 904 [ἰατρὸς

1060 914 1181 948 ἀκούειν,
1197 914 1240 942 ῐνα
1254 914 1366 949 γνῶσιν,
1381 915 1421 942 ὃτι
1439 914 1578 949 ἡτοιαύτη
1595 913 1685 941 αὐτῶν
1700 915 1852 950 προπέτεια

1059 962 1107 988 καὶ
1125 962 1167 992 εις
1191 961 1273 988 αὐτον
1286 962 1333 988 τὺν
1356 961 1465 997 Πατέρα
1480 961 1588 996 φθάνει.
1608 960 1673 988 Ἐὰν
1689 961 1738 995 μὲν
1754 960 1803 987 οὖν
1814 962 1851 987 ει-

1060 1015 1161 1037 πωσιν.
1192 1007 1233 1033 ὅτι
1247 1007 1295 1033 καὶ
1311 1007 1390 1038 αὐτὸς
1406 1007 1438 1033 ὲκ
1451 1006 1615 1042 βουλήσεως,
1631 1007 1659 1034 τι
1683 1004 1718 1042 ἦν
1731 1007 1786 1043 πρὸ
1803 1007 1849 1034 τοῦ

1060 1052 1269 1088 βουλεύσασθαι,
1298 1053 1355 1089 ἢτί
1371 1053 1450 1080 πλέον
1472 1053 1564 1089 ἔσχεν,
1585 1054 1622 1085 ὡς
1649 1053 1728 1088 ὑμεῖς
1744 1053 1850 1087 λέγετε,

1061 1100 1130 1135 μετὰ
1141 1099 1172 1126 τὸ
1190 1098 1385 1134 βουλεύσασθαι
1398 1107 1406 1132 ς
1423 1099 1456 1127 El
1472 1099 1500 1126 δὲ
1524 1100 1624 1130 ἄτοπος
1639 1099 1685 1125 καὶ
1698 1098 1852 1129 ἀσύστατός

1059 1146 1134 1172 ὲστιν
1147 1145 1164 1180 ὴ
1178 1145 1290 1179 τοιαύτη
1304 1145 1448 1180 ιρώτησις,
1458 1145 1505 1172 καὶ
1520 1145 1549 1173 οὺ
1563 1145 1642 1180 θέμις
1655 1144 1724 1177 ὅλως
1735 1144 1852 1172 τοιαῦτα

1059 1191 1151 1225 λέγειν
1172 1192 1264 1226 (ἀρκεῖ
1278 1191 1332 1226 γὰρ
1351 1191 1401 1218 καλ⁵
1420 1190 1501 1227 μόνον
1518 1191 1669 1223 ἀκούοντας
1693 1190 1768 1226 ἡμᾶς
1785 1191 1853 1226 περὶ

1059 1237 1127 1264 Θεοῦ
1142 1237 1253 1270 ειδέναι,
1276 1237 1324 1264 καὶ
1335 1238 1419 1269 νοεῖν,
1441 1238 1483 1264 ὅτι
1499 1238 1580 1268 αὑτός
1592 1238 1665 1264 ἐστιν
1682 1238 1697 1263 ό
1712 1235 1774 1272 ὢν),
1792 1236 1851 1268 πῶς

1058 1283 1109 1311 οὐκ
1122 1283 1217 1318 ἄλογον
1231 1283 1265 1310 ἂν
1279 1283 1322 1318 εῐη
1335 1282 1384 1309 καὶ
1399 1282 1463 1318 περὶ
1479 1282 1527 1309 τοῦ
1540 1282 1608 1309 Θεοῦ
1625 1282 1713 1317 Λόγου
1734 1281 1851 1308 τοιαῦτα

1059 1328 1244 1364 ἐνθυμεῖσθαι,
1262 1329 1310 1356 καὶ
1329 1328 1456 1364 βούλησιν
1481 1329 1528 1355 καὶ
1551 1328 1660 1364 θέλησιν
1693 1328 1851 1370 ιτροὸάλλε-

1060 1375 1144 1409 σθαις
1191 1374 1285 1411 ’Δρκεῐ
1311 1375 1368 1410 γὰρ
1391 1374 1456 1410 περὶ
1483 1373 1531 1401 τοῦ
1557 1373 1645 1408 Λόγου
1670 1374 1769 1400 ειδέναι
1801 1375 1852 1400 καὶ

1058 1421 1141 1454 νοεῖν,
1154 1420 1195 1448 ὅτι
1207 1421 1222 1447 ὸ
1237 1420 1276 1456 μὴ
1289 1419 1322 1447 ιχ
1339 1419 1494 1455 βουλήσεως
1504 1419 1635 1456 ὑπάρχων
1647 1419 1713 1452 Θεὸς
1740 1419 1770 1446 οὐ
1783 1419 1852 1455 βου-

1058 1466 1148 1501 λήσει,
1177 1466 1245 1493 ἁλλὰ
1275 1466 1356 1501 φύσει
1374 1466 1421 1493 τὸν
1435 1465 1501 1493 ἴδιον
1518 1465 1575 1501 ἔχει
1599 1465 1695 1499 Λόγον.
1719 1465 1782 1498 Πῶς
1801 1466 1852 1493 οὖν

220 1510 320 1546 gignit
344 1513 419 1544 nisi,
444 1518 475 1541 ut
499 1519 563 1543 ante
596 1515 672 1546 dixi.
698 1516 819 1545 Verbum
843 1517 916 1554 gigni
958 1527 1007 1554 per

1062 1511 1142 1548 βουλὴ
1166 1511 1215 1539 καὶ
1243 1511 1349 1547 θέλημα
1375 1510 1423 1538 τοῦ
1450 1511 1556 1546 Harpe;
1576 1511 1709 1547 ὑπάρχων
1732 1510 1852 1546 ὸΛόγος

220 1557 340 1592 scipsum
368 1562 416 1586 aut
439 1566 489 1594 per
511 1560 629 1589 alterum
654 1562 773 1590 Verbum
803 1568 930 1592 asserant
956 1565 1007 1593 ho-

220 1603 309 1631 mines
324 1604 424 1632 insani.
443 1605 520 1639 Quod
533 1607 555 1634 si
565 1608 756 1643 continxerint,
771 1615 799 1637 et
813 1609 928 1639 alterum
941 1611 1006 1640 illud

219 1649 292 1684 gigni
304 1657 412 1678 rursum
421 1659 470 1687 per
483 1652 591 1688 aliquod
597 1654 670 1682 aliud
690 1655 808 1684 Verbum
821 1664 934 1687 necesse
944 1658 1006 1687 erit.

220 1695 310 1730 Atque
319 1695 354 1723 ita
363 1698 507 1734 multiceps
514 1699 659 1735 impiorum
667 1701 781 1730 haeresis
788 1702 1008 1737 deprehendetur

221 1742 304 1769 stulte
319 1745 346 1770 tn
360 1743 519 1772 immensam
531 1746 645 1774 deorum
657 1747 862 1777 multitudinem
875 1750 1007 1782 incidere.

221 1785 285 1813 dum
300 1786 399 1815 Filium
413 1793 534 1817 creatum
545 1794 573 1818 et
585 1797 618 1817 ex
628 1790 714 1818 nihilo
725 1791 827 1820 factum
845 1801 917 1828 esse,
931 1794 1008 1823 novis

222 1837 332 1861 utentes
353 1834 476 1868 vocibus,
508 1836 588 1870 eique
611 1837 756 1866 consilium
780 1844 809 1867 et
837 1840 1007 1868 voluntatem

220 1882 412 1912 praeponentes
419 1881 714 1909 conanturOstendere.
722 1881 819 1911 Nonne
830 1883 943 1920 impium
955 1889 1008 1918 est,

221 1930 254 1950 ea
267 1930 328 1957 quae
342 1930 432 1950 rerum
449 1931 654 1960 procreatarum
666 1933 741 1962 sunt,
761 1929 789 1957 in
802 1935 1009 1965 procuratorem

223 1968 383 1996 transferre?
393 1969 491 1998 Nonne
501 1971 662 2001 detestabile
671 1978 700 2002 et
711 1976 909 2004 exsecrandum
921 1981 963 2005 est
971 1977 1011 2005 di-

221 2021 295 2046 cere.
311 2015 453 2044 consilium
478 2022 506 2045 et
517 2018 684 2047 voluntatem
702 2027 763 2048 esse
771 2025 835 2048 ante
846 2021 964 2050 Verbum
981 2023 1011 2051 in

221 2060 300 2088 Patre
312 2061 324 2088 ‘2
335 2060 363 2089 Si
374 2062 447 2090 enim
465 2063 589 2092 voluntas
604 2065 631 2092 in
657 2064 739 2094 Patre
769 2068 908 2102 praecedit,
938 2068 1010 2098 haud

221 2114 285 2135 vera
293 2107 412 2142 loquitur
418 2108 724 2146 Filius,Ego,inquiens,
731 2113 758 2140 in
765 2113 855 2146 Patre,
863 2119 909 2143 aut
918 2116 1012 2144 etiam-

221 2153 243 2180 si
256 2153 313 2188 ipse
326 2162 433 2190 quoque
454 2155 482 2183 in
498 2155 575 2183 Patre
588 2161 641 2190 est,
653 2159 789 2194 posterior
811 2164 902 2189 tamen
917 2163 1011 2191 existi-

221 2199 350 2232 mabitur.
370 2208 432 2228 cum
453 2201 578 2231 voluntas
592 2204 620 2230 in
635 2211 689 2239 qua
712 2205 805 2234 omnia
830 2207 898 2235 facta
930 2215 1006 2243 sunt,

220 2244 381 2279 antecedat,
404 2250 433 2274 et
463 2247 521 2282 ipse
537 2253 618 2283 post,
649 2255 679 2277 ut
704 2258 752 2279 vos
782 2253 904 2288 putatis,
935 2256 1009 2283 exsi-

221 2296 285 2319 stat.
310 2291 385 2319 Licet
407 2293 480 2320 enim
507 2294 593 2329 gloria
610 2301 729 2330 praestet.
745 2302 837 2326 tamen
860 2308 946 2328 unum
955 2302 1009 2330 erit

219 2343 252 2363 ex
265 2335 297 2364 iis
310 2343 369 2371 qua:
381 2337 520 2366 voluntate
534 2338 604 2367 facta
622 2336 697 2369 sunt.
712 2343 747 2370 At
765 2343 891 2373 homines
910 2346 1008 2374 nefarii

220 2383 330 2414 nolunt,
345 2382 464 2411 Verbum
484 2389 512 2412 et
539 2387 685 2414 consilium
706 2388 801 2417 vivens
823 2397 884 2418 esse
900 2391 1007 2426 Filium,

219 2427 268 2455 sed
281 2427 454 2462 prudentiam
463 2434 491 2457 et
507 2430 651 2458 consilium
665 2430 693 2459 et
708 2433 917 2468 sapientiam.ut
930 2436 1008 2465 habi-

220 2482 265 2506 tus
276 2478 419 2511 quosdam,
429 2479 475 2514 qui
487 2479 577 2508 inesse
597 2480 748 2517 abesseque
760 2484 875 2519 possint,
889 2486 1010 2514 humano

222 2533 300 2554 more
333 2526 390 2555 Deo
416 2527 551 2556 inhaerere
575 2530 832 2567 comminiscuntur,
865 2539 893 2563 et
918 2537 1010 2565 omnia

221 2582 342 2611 movent,
354 2583 382 2606 et
396 2578 534 2607 Valentini
559 2581 697 2610 notionem
724 2587 752 2611 et
763 2585 931 2615 voluntatem
949 2587 1010 2617 ideo

223 2633 395 2664 prmponunt,
408 2634 438 2657 ut
452 2630 549 2659 Filium
564 2640 578 2659 a
588 2633 670 2661 Patre
681 2633 811 2670 dividant,
826 2645 945 2674 eumque
955 2647 1009 2668 non

222 2680 361 2715 proprium
374 2680 464 2709 Patris
480 2681 609 2716 Verbum,
625 2683 673 2712 sed
698 2690 820 2714 creatum
837 2695 898 2716 esse
906 2689 1008 2719 dicant.

222 2730 371 2765 Apostolus
393 2735 485 2758 autem
498 2739 554 2759 non
582 2733 740 2770 voluntatis,
756 2736 804 2764 sed
818 2739 946 2767 essentia:
963 2748 1010 2775 pa-

222 2785 309 2809 ternae
322 2781 461 2816 proprium
487 2782 659 2817 splendorem
688 2789 717 2813 et
728 2785 842 2822 ﬁguram
862 2787 1010 2818 Dominum

222 2837 284 2859 esse
296 2831 438 2867 praedicat,
459 2831 512 2867 Qui
520 2840 579 2862 cum
587 2834 631 2870 sit,
641 2835 901 2872 inquiens,aplendor
908 2839 1011 2875 gloriae,

1057 1559 1170 1586 δύναται
1183 1558 1309 1594 γίνεσθαι
1323 1558 1372 1585 καὶ
1392 1557 1474 1590 αὐτὸς
1488 1557 1639 1594 βουλήματι
1653 1558 1701 1584 καὶ
1715 1557 1850 1593 Θελήσεις

1057 1605 1136 1638 ἐκτὸς
1149 1605 1173 1632 εἰ
1187 1605 1236 1640 μὴ,
1248 1603 1320 1631 καθὰ
1333 1604 1476 1639 προεῖπον,
1491 1603 1621 1638 μανέντες
1636 1603 1717 1630 πάλιν
1729 1603 1850 1629 εἴπωσιν

1051 1652 1140 1679 αὐτὸν
1150 1650 1184 1678 δι’
1195 1649 1293 1678 ἑαυτοῦ
1306 1649 1458 1684 γεγονέναι,
1470 1649 1487 1685 ἢ
1503 1649 1537 1676 δι’
1550 1649 1643 1686 ἑτέρου
1656 1650 1739 1681 τινός.
1762 1649 1852 1676 Ἀλλὰ

1058 1698 1110 1725 κᾶν
1125 1696 1309 1729 πλάσσωνται,
1320 1696 1430 1728 πάντως
1451 1695 1576 1727 κάκεῖνος
1588 1695 1632 1722 διά
1646 1704 1719 1728 τινος
1731 1695 1852 1730 γίνεται.

1059 1743 1114 1771 Καὶ
1132 1743 1227 1771 λοιπον
1238 1742 1325 1774 οὕτως
1347 1741 1578 1777 ἑπιλογιζομένων
1600 1741 1690 1778 ἡμῶν,
1717 1741 1765 1769 καὶ
1780 1742 1855 1768 ἀνα.-

1058 1790 1206 1826 κρινόντων
1225 1789 1275 1825 τὴν
1292 1789 1440 1824 ἀλήθειαν,
1468 1788 1626 1824 εὑρίσκεται
1643 1788 1698 1815 τῶν
1724 1787 1814 1816 ἀθέων
1833 1790 1853 1824 ἠ

1059 1833 1243 1867 πολυκέφαλος
1257 1833 1365 1868 αἵρεσις
1383 1833 1424 1864 εἰς
1441 1832 1624 1868 πολυθεότητα
1647 1833 1786 1860 πίπτουσα
1801 1834 1855 1861 καὶ

1058 1878 1178 1914 ἁμετρον
1204 1879 1312 1914 μανίαν,
1327 1879 1356 1905 ἐν
1405 1878 1509 1914 κτίσμα
1525 1880 1571 1906 καὶ
1591 1879 1683 1913 ὲξοῦκ
1697 1879 1784 1907 ὄντων
1804 1880 1855 1907 θέ-

1059 1925 1150 1956 λοντες
1167 1922 1236 1952 εἶναι
1253 1924 1299 1951 τὸν
1319 1924 1393 1957 Υἰδν,
1414 1924 1517 1960 ἑτέρως
1534 1925 1567 1952 τὰ
1582 1925 1653 1952 αὐτὰ
1670 1926 1853 1961 σημαίνουσι,

1061 1969 1190 2005 βούλησιν
1211 1969 1258 1997 καὶ
1284 1969 1393 2004 Θέλησιν
1417 1970 1643 2006 προϐαλλόμενοι.
1660 1971 1723 2002 Πῶς
1737 1968 1786 1998 οὗν
1798 1971 1855 1998 οὐκ

1060 2015 1157 2048 ἀσεϐὲς
1171 2017 1205 2043 τὰ
1220 2016 1275 2042 τῶν
1291 2015 1413 2051 γενητῶν
1439 2016 1488 2043 ἐπὶ
1507 2017 1554 2043 τδν
1569 2016 1745 2052 Δημιουργόν
1761 2025 1853 2052 μετα-

1061 2062 1170 2097 φέρειν;
1190 2062 1225 2088 Ἦ
1240 2061 1298 2092 πῶς
1313 2062 1344 2088 οὐ
1361 2061 1523 2098 βλάσφημον
1542 2062 1634 2097 λέγειν
1649 2062 1779 2098 βούλησιν
1796 2064 1855 2099 πρὸ

1060 2107 1107 2134 τοῦ
1129 2108 1215 2142 Λόγου
1237 2104 1307 2134 εῖναι
1335 2107 1364 2134 ὲν
1378 2107 1417 2143 τῷ
1431 2107 1534 2143 Πατρί;
1558 2108 1591 2136 Εἰ
1614 2109 1668 2144 γὰρ
1685 2110 1855 2145 προηγεῖται

1063 2153 1190 2190 βούλησις
1207 2154 1236 2180 ὲν
1251 2154 1289 2189 τῷ
1305 2154 1404 2190 Πατρὶ,
1419 2154 1469 2181 οὐκ
1488 2155 1615 2189 ἀληθεύει
1629 2155 1717 2190 λέγων
1731 2157 1745 2182 ὸ
1759 2156 1829 2188 Υἱός
1840 2162 1853 2172 ⁸

1066 2201 1140 2236 Ἐγὼ
1154 2201 1189 2227 ὲν
1200 2199 1241 2233 τῷ
1261 2201 1363 2235 Πατρι.
1380 2201 1416 2227 ’Ἡ
1428 2201 1454 2227 εἰ
1475 2201 1524 2227 καὶ
1551 2201 1632 2234 αὐτὸς
1648 2202 1677 2228 ἐν
1701 2203 1741 2237 τῷ
1759 2203 1853 2240 Πατρί

1058 2247 1143 2279 ἐστιν,
1160 2246 1227 2273 ἀλλὰ
1237 2246 1362 2282 δεύτερον
1375 2247 1577 2284 λογισθήσεται,
1593 2247 1679 2284 οὗσης
1690 2248 1853 2285 βουλήσεως

1058 2292 1112 2328 προ
1128 2292 1223 2326 αὐτοῦ,
1239 2293 1269 2319 ιν
1295 2290 1313 2330 ᾖ
1332 2293 1420 2321 πάντα
1433 2293 1538 2328 γέγονε,
1566 2295 1614 2322 καὶ
1641 2295 1722 2327 αὐτὸς
1738 2295 1852 2332 ὑπέστη

1058 2337 1120 2365 καθ’
1136 2337 1219 2373 ὑμᾶς.
1235 2338 1293 2365 Κᾶν
1303 2339 1358 2373 γὰρ
1370 2340 1404 2374 τῇ
1417 2338 1481 2376 δόξῃ
1495 2339 1622 2376 διαφέρῃ,
1639 2340 1698 2369 ἀλλ’
1708 2341 1789 2369 οὐδὲν
1799 2340 1855 2379 ἧτ-

1057 2385 1103 2411 τόν
1116 2385 1190 2412 ἐστιν
1204 2381 1244 2416 εἷς
1256 2384 1310 2412 τῶν
1323 2386 1355 2412 ὲκ
1376 2385 1530 2422 βουλήσεως
1546 2387 1709 2423 γινομένων.
1735 2389 1811 2418 Ἀλλ’
1826 2392 1855 2418 οἱ

1058 2429 1165 2462 ἀσεϐεῖς
1179 2430 1209 2457 οὐ
1224 2430 1335 2457 Θέλουσι
1346 2431 1395 2466 μὲν
1411 2431 1499 2466 Λόγον
1521 2433 1570 2459 καὶ
1586 2433 1686 2470 βουλὴν
1700 2433 1796 2466 ζῶσαν
1813 2434 1857 2463 εἷ-

1059 2484 1102 2503 ναι
1116 2475 1162 2503 τὸν
1173 2476 1248 2510 Υιδν,
1261 2477 1325 2513 περὶ
1336 2477 1365 2504 δὲ
1378 2478 1424 2504 τὸν
1433 2477 1501 2504 Θεὸν
1511 2478 1655 2515 φρόνησιν,
1682 2479 1730 2506 καὶ
1749 2480 1857 2518 βούλη-

1060 2529 1113 2554 σιν,
1146 2521 1193 2548 καὶ
1209 2521 1314 2557 σοφίαν,
1341 2521 1380 2554 ὡς
1403 2522 1460 2556 ἒειν
1478 2523 1688 2557 συμϐαίνουσαν,
1706 2526 1754 2551 καὶ
1780 2525 1856 2552 ἁπο-

1060 2565 1262 2601 συμϐαίνουσαν
1281 2566 1462 2602 ἀνθρωπίνως
1489 2568 1614 2603 γίνεσθαι
1645 2568 1854 2604 μυθολογοῦσι,

1060 2612 1108 2639 καὶ
1124 2613 1213 2639 πάντα
1229 2611 1346 2646 κινοῦσι,
1361 2613 1409 2639 καὶ
1419 2613 1468 2649 τὴν
1482 2613 1662 2641 Οὐαλεντίνου
1679 2614 1788 2643 ἔννοιαν
1806 2618 1855 2644 καὶ

1061 2657 1170 2693 θέλησιν
1193 2657 1404 2692 προσάλλονται,
1434 2659 1477 2686 ινα
1511 2659 1593 2694 μόνον
1615 2659 1785 2695 διαστήσωσι
1806 2662 1855 2689 τὸν

1061 2702 1125 2729 Υίδν
1137 2702 1191 2730 ἀπὸ
1205 2702 1252 2730 τοῦ
1273 2703 1390 2739 Πατρος,
1417 2703 1465 2732 καὶ
1480 2703 1519 2739 μὴ
1542 2704 1659 2732 είπωσιν
1684 2705 1752 2733 ἴδιον
1768 2707 1855 2734 αὑτὸν

1059 2747 1108 2775 τοῦ
1127 2748 1233 2784 [ἰατρὸς
1253 2745 1324 2776 εἶναι
1341 2749 1445 2784 Λόγον,
1460 2750 1528 2777 ἀλλὰ
1554 2751 1656 2786 κτίσμα
1671 2759 1681 2768 ·
1698 2753 1748 2779 καὶ
1767 2753 1822 2789 γὰρ
1838 2755 1853 2781 ὁ

1068 2793 1231 2826 ’Δπόστολος
1256 2795 1287 2822 οὺ
1304 2795 1469 2831 βουλήσεως,
1496 2796 1555 2823 ἀλλ’
1573 2797 1660 2832 αὐτῆς
1676 2798 1727 2833 τῆς
1756 2799 1853 2832 οὐσίας

1062 2840 1112 2876 τῆς
1129 2841 1267 2876 πατρικῆς
1286 2842 1351 2870 [διον
1367 2842 1537 2878 ἀπαύγασμα
1564 2844 1610 2871 καὶ
1625 2844 1793 2882 χαρακτῆρα
1807 2846 1854 2873 τὸν
