1902 3078
248 151 301 184 ῆδθ

870 155 1061 186 EUTIlYMlI
1083 154 1262 186 ZlGAliENI

1819 156 1866 186 4ίο

245 222 372 249 Panibus
385 221 596 255 inobsequentes
609 224 683 252 sunt,
697 223 724 245 rt
741 219 871 246 adversus
884 221 1017 247 meumeui

1082 222 1245 257 7pappévwv
1256 241 1263 254 ,
1281 223 1402 255 ἀπειθεῖς
1416 224 1465 258 μὲν
1486 224 1594 258 γονεῦσι
1611 225 1752 259 γεγόνασι,
1775 227 1858 263 alapa

244 276 303 296 eam
316 267 448 304 synodum
461 266 619 294 decertant?
631 265 677 293 lla:
689 273 779 298 voces.
791 265 878 298 aiunt,
893 275 902 291 ι
917 274 949 293 cx
962 267 1027 293 sub-

245 313 354 346 stantia,
368 323 376 340 ι
395 317 431 346 et,
457 322 466 337 ι
478 311 718 344 consubstantiale,
730 321 738 336 ι
754 312 832 340 nobis
850 312 961 339 minime
974 312 1030 346 pla-

244 364 317 391 cent,
332 358 494 396 quibusdam
516 357 588 385 enim
604 357 768 385 oﬂ’cudiculo
787 357 873 390 luere,
894 357 1028 392 plurimos

245 405 453 433 eouturbarunt.
467 403 508 431 Illi
525 404 607 439 igitur
627 403 738 438 scriptis
755 404 813 432 suis
837 404 874 431 ita
901 409 966 431 sunt
988 404 1028 432 lo-

245 451 309 479 culi.
321 450 419 478 Verum
432 450 470 477 sic
485 449 621 485 quispiam
633 450 687 477 illis
699 453 840 477 occurrat:
851 449 881 477 Si
895 457 959 484 ergo
972 450 1029 477 haec

244 497 325 524 verba
338 504 386 531 per
395 504 425 524 se
439 497 491 523 illis
507 495 665 524 oﬂ‘ensiouis
679 503 760 523 causa
776 495 861 528 luere,
876 503 928 523 non
938 496 1026 522 solum

244 543 375 577 quosdam
389 542 498 574 oﬂ‘eudi,
515 549 547 569 ac
565 542 698 576 plurimos
711 541 816 569 turbari
834 542 965 576 oportuit,
980 542 1025 570 sed

243 592 270 614 et
283 595 332 615 nos
343 587 466 622 aliosque
481 588 623 615 universos
636 587 731 614 eodem
751 587 862 615 alt‘ectos
871 595 931 616 esse
947 587 1027 614 modo

243 640 291 667 par
306 632 366 660 fuit.
386 632 463 666 Quod
482 633 503 660 si
518 633 638 660 universi
651 632 700 660 has
711 640 792 660 voces
803 632 1005 667 amplectuntur
1019 642 1025 659 :

244 678 265 705 si
279 679 325 713 qui
348 679 390 705 illa
406 679 549 713 scripsere,
569 687 624 706 non
638 679 763 714 vulgares
778 679 913 711 homines,
930 679 977 706 sed
993 686 1025 705 ex

245 728 299 751 toto
319 724 385 752 orbe
398 725 486 752 coacti
502 729 566 756 sunt
583 733 590 758 ;
613 725 637 753 si
652 724 699 760 qui
711 724 768 760 jam
788 725 942 752 Ariminum
958 731 1026 752 eon-

243 777 340 797 vertere
361 769 482 805 episcopi
502 770 563 804 plus
586 770 795 805 quadringentis
812 777 844 797 ea
867 766 1031 799 testimonio‘

243 822 293 842 suo
304 815 499 849 comprobant;
514 823 604 844 nonne
615 815 663 851 qui
674 816 807 844 adversus
822 816 957 852 synodum
969 816 1027 844 haec

242 860 366 888 elfutiunt
381 860 444 888 hinc
459 860 612 896 arguuntur
624 881 632 891 ,
658 869 713 889 non
736 861 818 889 verba
837 862 946 896 quidem
968 863 1027 890 cul‘

1079 275 1171 302 χονται
1249 268 1277 294 δὲ
1291 269 1359 304 πρὸς
1368 270 1560 306 οἱκουμενικὴν
1570 271 1694 304 σύνοδονξ
1706 272 1743 298 Τὸ
1757 282 1766 298 ι
1779 273 1813 300 ἐκ
1823 274 1868 310 τῆς

1079 312 1183 345 οὐσίας,
1200 322 1208 337 ι
1233 314 1317 348 φησὶ,
1342 314 1389 340 καὶ
1416 313 1446 340 τὸ
1474 315 1639 350 (ὁμοούσιον
1656 325 1665 341 ι
1698 317 1749 343 οὐκ
1775 318 1867 353 ἤρεσεν

1079 359 1156 393 ἡμῖν.
1242 358 1335 385 Ταῦτα
1348 359 1402 394 γάρ
1419 368 1494 392 τινας
1508 361 1684 388 ἑσκανδάλισε
1699 363 1746 389 καὶ
1759 363 1866 394 πολλοὺς

1079 403 1254 439 ἐθορύϐησεν.
1273 404 1388 431 Ἐκεῖνοι
1407 405 1456 440 μὲν
1472 403 1519 432 οὖν
1535 406 1606 433 οὕτω
1622 408 1774 443 γράφοντες
1798 411 1856 444 etp“

1079 458 1158 476 κασιν
1179 459 1186 465 ο
1203 450 1368 486 ἀπαντήσειε
1383 452 1406 477 δ’
1419 452 1508 484 ἄν,τις
1521 453 1612 485 αὐτοῖς
1628 453 1748 488 εὐλόγως
1765 455 1866 487 οὕτως·

1078 494 1109 519 Εἰ
1124 494 1174 530 μὲν
1187 492 1234 521 οὖν
1245 495 1315 522 αὐτὰ
1324 496 1359 522 τὰ
1371 497 1480 532 ῥήματα
1494 497 1555 523 καθ’
1571 498 1655 524 ἑαυτὰ
1744 502 1869 534 τυγχάνει

1077 539 1142 567 ὅντα
1155 540 1230 567 αῖτια
1239 540 1345 574 τούτοις
1357 543 1397 573 εἰς
1411 542 1568 575 σκάνδαλον,
1580 544 1633 570 ἔδει
1647 546 1682 580 μῆ
1697 554 1775 577 τινας
1791 555 1867 573 σκαν-

1056 600 1062 607 κ
1078 585 1245 617 δαλίςεσθαι,
1278 585 1344 621 μηδὲ
1371 587 1485 619 πολλοὺς
1509 588 1699 623 Θορυσεῖσθαι,
1729 590 1798 617 ἀλλὰ
1823 593 1866 617 καὶ

1078 630 1151 664 ἡμᾶς
1253 631 1299 656 καὶ
1323 630 1386 662 τοὺς
1409 631 1505 662 ἄλλους
1528 633 1631 664 πάντας
1646 633 1743 659 ταυτὸν
1757 635 1866 666 ἐκείνοις

1079 675 1192 710 πάσχειν
1209 675 1239 707 ἑξ
1264 675 1367 703 αὐτῶν·
1386 677 1410 702 εί
1428 676 1456 702 δὲ
1472 678 1497 703 οὶ
1514 678 1563 712 μὲν
1578 679 1678 710 πάντες
1691 679 1822 714 ἀγαπῶσι
1837 682 1864 707 τὰ

1078 721 1204 755 ῥήματα,
1217 721 1242 747 οἰ
1251 720 1279 747 δὲ
1294 720 1380 748 ταῦτα
1394 722 1548 757 γράψαντες
1559 723 1608 757 οὐχ
1619 723 1643 749 οἱ
1657 723 1795 758 τυχόντες,
1811 726 1864 751 ἀλλ’

1077 766 1101 792 οἱ
1123 766 1156 792 ὲκ
1178 766 1268 801 πάσης
1285 767 1334 802 τῆς
1352 767 1514 802 οἰκουμένης
1529 767 1701 800 συνελθόντες
1721 769 1796 802 εἰσὶ,
1824 771 1866 796 καὶ

1077 811 1181 844 τιύτοις
1195 813 1429 849 ἐπιμαρτυροῦσιν
1443 813 1467 839 οἱ
1479 813 1526 840 νῦν
1547 814 1577 840 ὲν
1652 814 1794 851 ’Δριμήνῳ
1807 824 1866 842 συν-

1077 856 1199 889 ελθόντες
1223 857 1366 884 ἐπίσκοποι
1381 857 1404 883 υ¹
1417 858 1463 885 καὶ
1480 857 1598 888 πλείους·
1612 858 1670 890 πῶς
1754 860 1805 885 οὐκ
1821 861 1864 886 ἀν-

242 906 328 941 panda
345 914 406 934 esse
419 927 426 939 ,
444 907 490 934 sed
511 914 605 934 eorum
629 906 676 942 qui
703 907 761 934 haec
781 914 864 942 prave
891 907 1021 942 interpre-

1075 911 1170 938 τικρυς
1194 903 1299 938 ἐλέγχει
1321 902 1399 930 τοῦτο
1418 903 1479 934 τοὺς
1495 902 1565 929 κατὰ
1580 903 1630 938 τῆς
1647 903 1757 930 συνόδου
1775 904 1863 938 λέγον-

243 954 333 977 tantur
353 951 501 978 malitiam?
528 949 616 983 Quam
641 951 720 978 multi
747 955 829 985 sunt,
856 951 903 986 qui
926 951 1026 979 divinis

243 995 391 1030 Scripturis
408 995 525 1031 maligne
542 996 619 1023 lectis
640 1003 671 1023 ac
691 1003 773 1031 prave
789 996 944 1028 intellectis,
963 1004 1026 1024 san-

241 1046 298 1068 ctos
312 1041 375 1068 hinc
390 1041 549 1069 insimulant
565 1042 572 1069 i
587 1041 743 1076 cujusmodi
759 1042 835 1069 l‘uere
848 1042 914 1069 olim
928 1042 1024 1074 Judaei,

241 1087 287 1121 qui
312 1086 458 1114 Dominum
485 1095 538 1114 non
557 1092 727 1122 receperunt,
755 1092 783 1115 et
805 1087 861 1122 jam
884 1087 1024 1115 Manichmi

240 1132 286 1167 qui
304 1132 330 1160 in
358 1133 442 1168 legem
466 1132 678 1167 blasphemaut;
697 1133 776 1168 cujus
803 1141 870 1161 sane
896 1133 946 1166 rei,
970 1140 1024 1160 non

240 1178 398 1213 Scriptores,
417 1179 464 1206 sed
488 1179 609 1214 ipsorum
627 1179 792 1214 perversitas
815 1185 899 1206 causa
915 1178 975 1205 l'uit.
994 1178 1024 1205 Si

240 1224 330 1259 itaque
356 1224 501 1252 verborqu
528 1225 688 1259 pravitatem
719 1225 863 1252 ostendere
886 1223 1000 1258 potestis
1015 1243 1024 1255 ,

239 1270 318 1304 agite,
339 1269 543 1298 demonstrandi
566 1270 636 1297 ratio
663 1271 770 1298 ineatur
787 1279 793 1303 ;
819 1277 870 1297 nec
885 1269 1024 1304 objiciatis

239 1315 317 1342 nobis
332 1315 389 1342 hac
405 1315 543 1342 nonnullis
560 1315 704 1343 offensioni
715 1323 787 1349 esse,
803 1322 836 1343 ne
848 1315 919 1343 idem
933 1315 1022 1347 vobis.

238 1360 308 1393 quod
328 1364 392 1386 tunc
409 1359 564 1393 Pltarisazis,
576 1360 691 1387 accidat.
710 1359 814 1387 Etenim
830 1367 892 1387 cum
908 1360 946 1387 illi
963 1366 1024 1387 sese

238 1405 399 1432 simularent
413 1405 447 1432 de
464 1405 588 1432 doctrina
613 1404 727 1434 Domini.
743 1405 855 1438 oti‘cndi,
874 1405 912 1432 ait
931 1404 1022 1432 Domi-

239 1457 291 1476 nus
316 1449 394 1477 illis:
425 1448 541 1478 «Omnis
565 1450 696 1485 plantatio
713 1458 794 1485 quam
820 1457 873 1476 non
889 1449 1024 1484 plantavit

239 1494 318 1522 Pater
330 1502 406 1522 meus
414 1495 543 1528 cmlestis,
553 1495 737 1524 eradicabitur
757 1497 792 1522 ³.»
801 1495 849 1524 llis
862 1500 952 1522 autem
965 1503 1023 1523 γει-ο

241 1540 282 1567 bis
300 1541 430 1573 ostendit,
450 1549 502 1568 non
525 1541 614 1570 Patris
637 1542 720 1569 verba
745 1550 760 1568 a
784 1549 813 1569 se
831 1550 841 1566 ‹
854 1541 992 1576 plantata,
1009 1551 1018 1567 ι

239 1587 285 1612 sed
309 1593 418 1620 pravam
453 1594 531 1614 suam
560 1592 633 1614 recte
653 1587 789 1614 dictorum
820 1586 1021 1621 interpretatio-

238 1637 310 1662 nem,
327 1631 490 1659 oll'cndiculo
505 1632 559 1659 illis
577 1632 671 1659 fuisse.
691 1631 757 1658 Nam
773 1632 790 1658 ii
805 1632 851 1667 qui
867 1632 931 1658 olim
947 1631 1019 1667 Apo-

237 1677 298 1704 stoli
317 1677 447 1712 epistolas
470 1678 628 1712 culpabant,
655 1685 708 1704 non
723 1677 811 1710 Pauli,
833 1677 879 1704 sed
898 1678 1018 1712 ipsorum

236 1723 427 1758 ignorantiam,
450 1728 476 1750 et
494 1731 651 1758 perversum
669 1723 789 1749 animum
814 1723 900 1757 palam
921 1721 1017 1750 fecere.

236 1770 358 1803 ἑαυτούς.
379 1771 454 1797 Ἐπεὶ
469 1771 515 1797 καὶ
527 1771 551 1797 oi.
566 1770 721 1805 αἰτιώμενοι
735 1770 794 1796 τότε
810 1770 859 1802 τὰς
872 1770 1016 1803 ἐπιστολὰς

235 1819 353 1855 ἀμαθίας
369 1820 414 1845 καὶ
431 1819 560 1854 στρεῦλῆς
572 1818 690 1851 διανοίας
705 1818 884 1856 κατηγόρουν.

338 1863 390 1891 Sed
405 1865 460 1899 jam
483 1865 643 1898 respondete
669 1865 778 1899 (operae
800 1864 915 1899 pretium
942 1864 1013 1890 enim

237 1910 317 1937 fuerit
332 1910 382 1937 hoc
402 1910 435 1937 ab
456 1910 509 1938 illis
526 1910 661 1945 quaerere)
676 1910 787 1945 quinam
809 1915 883 1944 sunt,
899 1917 969 1946 quos
984 1910 1018 1936 de

235 1955 289 1982 illis
303 1955 400 1983 oll'eudi
424 1961 505 1990 atque
525 1955 629 1982 turbari
650 1955 820 1982 causamini?
842 1955 922 1982 Certe
937 1962 1017 1982 nemo

236 2007 330 2027 eorum
347 2001 391 2036 qui
409 2001 450 2035 pie
472 2000 505 2027 de
524 2000 634 2028 Christo
652 2001 784 2033 sentiunt,
804 2001 903 2036 quippe
923 2001 970 2036 qui
984 2009 1015 2028 ea

236 2046 381 2073 defendant
404 2050 593 2081 asserantque.
616 2047 693 2079 Quod
714 2046 736 2074 si
761 2046 854 2073 Ariani
881 2051 944 2074 sunt
969 2046 1015 2080 qui

236 2091 293 2118 lnec
313 2091 422 2125 indigne
437 2090 537 2123 ferunt,
554 2091 618 2125 quid
640 2091 739 2118 mirum
757 2091 781 2118 si
801 2091 956 2118 irascuntur
983 2092 1015 2119 iis

236 2135 280 2170 qui
296 2144 389 2163 eorum
408 2135 522 2163 lueresin
537 2136 570 2163 de
591 2137 680 2164 medio
697 2137 811 2164 tollunt?
825 2136 884 2164 Non
898 2137 969 2164 enim
984 2144 1014 2163 ea

236 2182 316 2208 verba
335 2180 387 2208 illis
401 2181 528 2208 seandalo
547 2186 621 2214 sunt,
635 2181 681 2209 sed
698 2180 797 2215 dolori,
810 2181 881 2217 quod
896 2181 973 2216 quasi
988 2181 1014 2208 in

1075 956 1134 980 τας,
1154 948 1191 979 ὡς
1206 948 1236 974 οὐ
1249 948 1282 974 τὰ
1298 948 1409 983 ῥήματά
1423 949 1496 974 ἐστιν
1511 948 1584 974 αἴτια
1596 968 1603 980 ,
1629 948 1686 974 ἀλλ’
1701 949 1719 983 ἡ
1737 949 1864 976 κακόνοια

1075 994 1129 1020 τῶν
1144 994 1392 1029 παρεξηγουμένων
1405 993 1440 1020 τὰ
1454 993 1584 1026 erimina;
1600 994 1698 1026 Πόσοι,
1713 994 1809 1026 κακῶς
1823 995 1863 1021 ἒν-

1075 1039 1252 1074 τυγχάνοντες
1262 1040 1321 1070 ταῖς
1333 1038 1418 1071 θείαις
1498 1039 1620 1074 Γραφαῖς
1634 1040 1681 1066 καὶ
1695 1040 1863 1076 παρανοοῦν-

1074 1093 1120 1116 τες
1133 1084 1233 1116 ταύτας
1243 1104 1249 1116 ,
1266 1085 1451 1121 κατηγοροῦσι
1466 1085 1519 1111 τῶν
1536 1085 1638 1119 ἁγίωνῑ
1655 1083 1706 1112 οἷοι
1721 1087 1863 1120 γεγόνασιν

1075 1131 1099 1156 οί
1115 1130 1163 1166 μὲν
1179 1130 1240 1157 τότε
1261 1131 1390 1163 Ἰουδαῖοι,
1403 1130 1441 1167 μὴ
1459 1131 1599 1166 δεξάμενοι
1612 1131 1656 1157 τὸν
1671 1131 1784 1166 Κύριον,
1799 1133 1824 1158 οἱ
1837 1133 1864 1158 δὲ

1074 1175 1121 1201 νῦν
1134 1176 1277 1211 Μανιχαῑοι
1295 1176 1516 1212 βλασφημοῦντες
1535 1176 1580 1203 τὸν
1595 1177 1690 1211 νόμον·
1709 1178 1754 1204 καὶ
1767 1178 1817 1212 οὐχ
1836 1179 1863 1204 αἱ

1075 1221 1182 1257 Γραφαὶ
1204 1222 1346 1256 γεγόνασιν
1362 1223 1453 1253 αὐτοῖς
1467 1221 1562 1255 αἴτιαι,
1577 1223 1634 1249 ἀλλ’
1654 1224 1671 1258 ἡ
1684 1223 1759 1258 σφῶν
1775 1223 1863 1250 αὐτῶν

1074 1267 1276 1302 κακοφροσύνη.
1306 1267 1337 1293 Ei
1356 1267 1404 1302 μὲν
1417 1266 1463 1294 οὖν
1480 1268 1618 1300 ἀποδεῖξαι
1632 1268 1747 1295 δύνασθε
1761 1269 1797 1295 τὰ
1813 1270 1860 1304 ῥή-

1075 1321 1146 1347 ματα
1163 1312 1250 1346 φαῦλα
1263 1332 1270 1345 ,
1287 1313 1365 1340 τοῦτο
1382 1315 1481 1340 ποιεῖτε
1495 1331 1503 1344 ι
1587 1315 1634 1340 καὶ
1649 1314 1726 1347 λόγος
1743 1315 1863 1349 ἡγείσθω

1072 1361 1123 1395 τῆς
1139 1359 1301 1394 ἀποδείξεως
1313 1368 1319 1374 ”
1338 1360 1384 1386 καὶ
1400 1360 1437 1396 μὴ
1451 1360 1650 1396 προφασίζεσθε
1662 1360 1725 1391 τοὺς
1745 1360 1862 1387 σκανδα-

1073 1406 1247 1442 λιζομένους,
1272 1406 1316 1433 ἴνα
1332 1406 1369 1442 μὴ
1388 1406 1485 1432 ταυτὸν
1511 1406 1615 1441 πάθητε
1633 1407 1689 1438 τοῖς
1703 1406 1765 1432 τότε
1778 1407 1863 1442 Φαρι-

1073 1452 1169 1484 σαίοις.
1198 1451 1252 1478 Καὶ
1266 1451 1320 1487 γὰρ
1336 1451 1468 1478 κάκείνων
1482 1451 1724 1487 προφασιζομένων
1744 1451 1861 1478 σκανδα-

1072 1496 1193 1530 λίζεσθαι
1204 1498 1250 1524 ἐπὶ
1261 1498 1321 1529 ταῖς
1334 1497 1380 1524 τοῦ
1395 1497 1497 1533 Κυρίου
1511 1498 1640 1532 διδαχαῖς,
1657 1497 1749 1531 ἔλεγεν
1769 1497 1861 1529 air-toi;

1072 1545 1086 1571 ὁ
1097 1543 1198 1579 Κύριος
1208 1552 1214 1558 ·
1235 1553 1244 1569 ι
1258 1544 1336 1570 Πᾶσα
1350 1543 1457 1577 φυτεία,
1472 1544 1504 1579 ἣν
1518 1544 1568 1570 οὐκ
1579 1543 1726 1578 ἐφύτευσεν
1737 1544 1751 1570 ὁ
1766 1545 1860 1579 Πατήρ

1075 1595 1124 1621 μου
1150 1587 1163 1612 ὁ
1178 1587 1317 1622 οὐράνιος,
1338 1586 1563 1622 ἑκριζωθήσεται.
1580 1597 1590 1612 ›
1621 1588 1706 1614 Τοῦτο
1723 1588 1753 1614 δὲ
1774 1588 1860 1622 λέγων

1073 1631 1224 1664 ἐδείκνυεν,
1244 1632 1281 1664 ὡς
1296 1633 1325 1659 οὺ
1341 1633 1374 1659 τὰ
1386 1633 1433 1659 τοῦ
1446 1633 1551 1668 Πατρὸς
1568 1633 1600 1659 δι’
1617 1633 1697 1659 αὑτοῦ
1727 1643 1736 1658 ι
1748 1633 1861 1667 φυτευό-

1075 1686 1142 1713 μενα
1156 1688 1165 1703 ι
1193 1679 1302 1713 ῥήματα
1324 1679 1471 1714 σκάνδαλον
1487 1677 1557 1715 ἦσαν
1574 1680 1681 1710 αὐτοῖς,
1704 1679 1761 1706 ἀλλ’
1784 1680 1862 1706 αὐτοὶ

1073 1723 1164 1755 κακῶς
1185 1724 1356 1760 ἐκδεχόμενοι
1369 1725 1403 1751 τὰ
1417 1724 1505 1756 καλῶς
1522 1724 1654 1760 λεγόμενα
1668 1725 1861 1756 ὲσκανδὰλιζον

1035 1770 1081 1797 τοῦ
1110 1771 1287 1804 Ἀποστόλου,
1311 1773 1342 1800 οὺ
1366 1771 1413 1798 τοῦ
1439 1772 1565 1805 Παύλου,
1592 1771 1659 1799 ἀλλὰ
1684 1773 1735 1808 τῆς
1755 1773 1861 1800 ἑαυτῶν

1179 1862 1254 1888 Ἐπεὶ
1280 1862 1377 1897 (καλὸν
1409 1862 1464 1899 γὰρ
1495 1863 1592 1897 αὐτοὺς
1617 1864 1726 1899 ἐρέσθαι
1750 1865 1859 1899 τοῦτο,)

1071 1909 1175 1939 εἴπατε,
1205 1908 1277 1939 τίνες
1300 1908 1385 1940 εἰσὶν,
1417 1907 1463 1940 οὓς
1490 1909 1689 1944 προφασίζεσθε
1717 1910 1860 1937 σκανδαλί-

1071 1954 1163 1986 ζεσθαι
1181 1953 1228 1980 καὶ
1249 1953 1419 1989 θορυϐεῖσθαι
1445 1956 1491 1982 ἐπὶ
1509 1956 1630 1989 τούτοις;
1652 1956 1711 1982 Τῶν
1734 1958 1785 1992 μὲν
1805 1958 1858 1994 γὰρ

1070 1999 1251 2026 εὐσεϐούντων
1274 2001 1314 2031 εἰς
1335 2000 1380 2026 τὸν
1392 2001 1508 2036 Χριστὸν
1520 2001 1607 2033 οὐδεὶς
1619 2021 1626 2033 ,
1650 2002 1721 2029 αὐτὰ
1804 2004 1857 2039 γὰρ

1070 2045 1249 2081 πρεσϐεύουσι
1275 2046 1322 2072 καὶ
1343 2045 1504 2073 ὲκδικοῦσιν.
1532 2048 1562 2073 Εἰ
1585 2047 1612 2074 δὲ
1634 2048 1688 2074 τῶν
1709 2048 1858 2084 ’Δρειανῶν

1069 2091 1137 2118 εἰσιν
1149 2091 1174 2117 οἰ
1184 2090 1262 2118 τοῦτο
1285 2091 1433 2127 πάσχοντες
1442 2111 1450 2124 ,
1464 2092 1491 2118 τί
1505 2092 1658 2127 θαυμαστὸν
1667 2113 1676 2125 ,
1690 2094 1714 2119 εἰ
1734 2094 1781 2120 ἐπὶ
1801 2096 1856 2126 τοῖς

1069 2136 1224 2172 ἀναιροῦσιν
1253 2136 1342 2163 αὐτῶν
1372 2136 1421 2173 τὴν
1444 2138 1549 2173 αἵρεσιν
1571 2138 1717 2173 ἄχθονταις
1741 2141 1780 2166 Οὐ
1803 2142 1855 2176 γάρ

1068 2184 1141 2209 ἐστιν
1166 2182 1255 2214 αὐτοῖς
1268 2183 1414 2210 σκάνδαλον
1424 2183 1457 2210 τὰ
1470 2184 1580 2219 ῥήματα
1589 2193 1596 2200 ο
1612 2184 1680 2212 ἀλλὰ
1762 2185 1834 2219 λύπη
1845 2207 1852 2215 ,

235 2228 313 2262 cippo
329 2227 462 2262 insculpta
485 2234 561 2254 suam
583 2227 698 2255 limresin
723 2227 874 2255 traducant.
895 2227 1016 2255 Desinite

1072 2229 1107 2255 ὅτι
1122 2228 1307 2263 στηλογραφία
1321 2228 1392 2255 κατὰ
1400 2228 1449 2263 τῆς
1456 2228 1580 2261 ἀσεϐείας
1594 2230 1683 2256 αὐτῶν
1693 2231 1777 2256 ἐστιν.
1789 2231 1852 2257 Οὐκ-

236 2277 317 2311 igitur
331 2275 461 2303 adversus
476 2275 572 2303 Patres
587 2280 695 2303 nostros
817 2275 868 2303 hac
885 2275 918 2302 de
933 2283 1016 2302 causa

236 2323 443 2352 otnunrmurare
459 2329 465 2346 ε
486 2321 586 2356 alioqui
604 2325 702 2354 restat,
721 2325 750 2348 ut
774 2329 883 2348 erucem
908 2328 1017 2355 quoque

239 2366 406 2393 Dominicam
423 2366 579 2401 vituperetis
591 2388 597 2400 ,
618 2367 690 2402 quod
709 2374 741 2393 ea
759 2365 862 2394 Judzeis
884 2366 918 2393 sit
937 2373 1017 2392 scatt-

236 2411 339 2444 dalum,
351 2411 475 2446 gentibus
494 2415 583 2439 autem
595 2411 721 2445 stultitia,
736 2417 765 2440 ut
780 2411 849 2439 dixit
857 2411 1014 2446 Apostolus.

235 2456 334 2484 Verum
354 2457 581 2492 quemadmodum
600 2466 666 2486 crux
684 2460 756 2486 mala
779 2467 832 2486 non
855 2463 913 2488 est.
937 2459 1015 2484 nobis

235 2497 305 2523 enim
320 2497 366 2531 qui
380 2497 526 2530 credimus,
543 2506 552 2523 ‹
572 2497 698 2525 Christus
715 2503 755 2525 est
768 2497 813 2524 Dei
829 2497 914 2524 virtus
928 2502 954 2524 et
971 2497 1018 2524 Dei

234 2541 366 2574 sapientia
382 2542 392 2556 '
407 2562 415 2573 ,
436 2551 445 2568 ›
465 2542 571 2569 etiamsi
586 2541 670 2569 Judaei
685 2542 842 2574 insaniant;
857 2543 892 2569 ita
910 2549 1018 2577 quoque

234 2585 345 2613 Patrum
360 2588 441 2615 verba
457 2596 509 2615 non
525 2595 663 2622 perversa,
686 2587 732 2614 sed
749 2586 825 2614 uuiia
842 2592 904 2617 sunt
920 2588 953 2615 iis
972 2588 1019 2623 qui

235 2638 313 2665 inquo
327 2632 418 2660 animo
436 2640 466 2660 ea
492 2633 604 2666 legunt,
635 2633 747 2666 ipsaque
773 2639 881 2659 omnem
906 2633 1019 2660 omnino

234 2676 376 2704 destruunt
402 2677 584 2712 impietatem:
611 2676 736 2711 quamvis
761 2675 855 2703 Ariani
881 2677 1018 2705 multoties

234 2721 450 2757 disrumpantur,
469 2721 541 2756 quod
553 2728 612 2748 sese
623 2721 657 2747 ab
670 2720 723 2748 illis
739 2721 882 2749 damnatos
897 2721 1016 2748 videant.

233 2766 454 2795 Demonstratum
474 2767 566 2801 itaque
579 2771 621 2794 est
639 2766 712 2793 illam
738 2767 856 2795 scandali
874 2775 956 2803 quam
978 2766 1018 2794 af-

273 2846 282 2861 ι
301 2844 397 2871 Matth.
413 2851 456 2877 xv,
475 2844 518 2871 15.
557 2845 567 2860 ¹
585 2843 592 2870 Ι
608 2845 669 2874 Cor.
688 2854 707 2877 r,
722 2845 767 2873 2L

1069 2273 1116 2300 οὖν
1131 2273 1270 2300 παύσασθε
1292 2274 1471 2308 γογγύζοντες
1493 2274 1563 2301 κατὰ
1584 2274 1639 2300 τῶν
1651 2275 1794 2310 Πατέρων,
1810 2276 1853 2301 καὶ

1067 2319 1178 2346 τοιαῦτα
1192 2319 1422 2355 προφασιζόμενοι
1435 2328 1441 2335 ·
1460 2321 1519 2347 ἐπεὶ
1537 2320 1596 2356 ὥρα
1617 2320 1688 2355 ὑμᾶς
1708 2321 1853 2356 καταμέμ-

1068 2365 1164 2398 φεσθαι
1184 2366 1230 2392 καὶ
1249 2365 1287 2400 τῷ
1299 2366 1423 2402 κυριακῷ
1435 2366 1542 2401 σταυρῷ
1559 2384 1567 2396 .
1645 2367 1685 2392 ὅτι
1716 2366 1852 2398 Ἰουδαίοις

1069 2410 1118 2445 μὲν
1132 2410 1279 2438 σκάνδαλον
1296 2413 1386 2445 ἐστιν,
1405 2411 1492 2439 ἔθνεσι
1507 2412 1535 2438 δὲ
1557 2412 1646 2447 μωρία
1658 2431 1666 2443 ,
1686 2412 1724 2443 ὡς
1744 2409 1823 2438 εἶπεν
1841 2414 1853 2439 ὁ

1073 2457 1240 2488 Ἀπόστολος.
1264 2457 1333 2484 Ἀλλ’
1345 2458 1438 2492 ὥσπερ
1453 2458 1482 2483 οὐ
1494 2457 1594 2491 φαῦλος
1605 2459 1618 2484 ὁ
1635 2459 1750 2489 crta-md;
1761 2467 1768 2473 '
1788 2459 1853 2493 ἡμῖν

1065 2496 1118 2532 γὰρ
1135 2497 1189 2527 τοϊς
1210 2497 1380 2525 πιστεύουσιν
1404 2500 1462 2525 ἐστι
1479 2508 1487 2523 ε
1506 2500 1622 2534 Χριστὸς
1641 2499 1708 2527 θεοῦ
1727 2500 1853 2535 δύναμκ.

1066 2541 1111 2567 καὶ
1127 2540 1193 2567 Θεοῦ
1207 2541 1297 2576 σοφία,
1314 2552 1322 2568 ι
1338 2543 1388 2569 κᾶν
1407 2543 1525 2571 Ἰουδαῖοι
1543 2544 1702 2578 μαίνωνται·
1720 2545 1810 2577 οὕτως
1825 2546 1853 2571 οὑ

1065 2585 1154 2619 φαῦλα
1169 2586 1203 2612 τὰ
1213 2586 1266 2612 τῶν
1279 2587 1408 2622 Πατέρων
1429 2589 1549 2623 ῥήματα,
1568 2588 1626 2616 ἀλλ’
1648 2589 1776 2624 ὠφέλιμα
1801 2591 1854 2621 τοῖς

1065 2632 1182 2666 γνησίως
1199 2633 1400 2667 ἐντυγχάνουσι,
1429 2635 1475 2660 καὶ
1500 2635 1659 2671 ἀναιρετικὰ
1683 2635 1775 2670 πάσης
1797 2637 1853 2662 ἀσε-

1065 2677 1140 2708 ϐείας
1154 2677 1222 2708 ἐστὶ,
1237 2678 1286 2704 κᾶν
1297 2679 1322 2705 οἱ
1344 2679 1477 2714 Ἀρειανοὶ
1499 2680 1629 2713 πολλάκις
1647 2681 1853 2717 διαρῤηγνύωνσ

1064 2732 1119 2753 ται,
1136 2724 1359 2759 κατακριυόμενοι
1377 2726 1441 2760 παρ’
1454 2725 1552 2753 αὐτῶν,
1569 2726 1633 2752 Ὅτε
1648 2726 1738 2753 τοίνυν
1759 2728 1775 2763 ἡ
1791 2726 1853 2763 περὶ

1065 2768 1118 2795 τῶν
1148 2768 1397 2805 σκανδαλιξομένων
1430 2770 1562 2803 ἀπίθανος
1585 2770 1720 2798 δέδεικται
1750 2772 1853 2808 πρόφαο
