1902 3078
79 163 138 195 U5

81 229 132 264 ρὸν

76 275 238 302 εὐσέϐειαν·
255 275 296 302 διὸ
311 274 371 302 οὐδὲ
388 275 523 311 μέμψαιτο
541 276 573 302 ἄν
587 284 629 308 τις
646 277 727 302 αὐτὸν
745 276 867 308 εἰκότως,

78 321 212 348 πταίοντι
223 322 285 357 περὶ
295 321 344 357 τὴν
357 321 456 352 πίστιν,
468 321 608 357 ἄνθρωπον
621 322 689 357 μήτε
702 321 789 349 εἰδότα
804 322 867 358 περὶ

76 363 115 393 ὧν
131 367 216 401 λέγει,
234 368 302 403 μήτε
318 368 381 403 περὶ
396 364 433 394 ὧν
460 367 671 398 διαϐεϐαιοῦται,
698 367 766 394 ἀλλὰ
787 369 864 400 πᾶσι,

77 413 154 439 κατὰ
173 414 204 440 τὸ
221 413 421 448 γεγραμμένον,
449 413 487 444 ὡς
507 413 610 448 κέπφον
645 431 649 435 .
717 413 865 440 ἐπακολου-

77 458 180 485 Θοῦντα
191 468 198 473 ·
217 459 341 490 ’Δκάκιος
355 458 383 485 δὲ
400 459 446 485 καὶ
462 458 586 491 Εὑδύξιος
597 477 605 488 ,
623 459 670 485 καὶ
686 458 865 494 Πατρόφιλος,

76 504 167 531 ταῦτα
179 504 313 538 λέγοντες⁷
330 504 388 536 πῶς
401 505 451 530 οὐκ
465 504 534 537 ἄξιοι
546 505 635 540 πάσης
650 504 703 531 εἰσὶ
723 503 866 539 καταγνώ-

78 555 169 578 σεως;
186 546 338 582 Γράφοντες
427 545 481 581 γὰρ
500 546 611 581 ἄγραφα
631 546 677 572 κα)⁸
701 545 796 579 αὐτοὶ,
817 547 864 573 καί

76 592 278 627 ἀποδεξάμενοι
290 592 418 624 πολλάκις
428 593 466 624 ὡς
477 591 558 619 καλὸν
570 591 655 627 τὸτῆς
666 592 762 624 οὐσίας
769 592 863 628 ὃνομα,

60 633 65 638 ’
77 635 201 670 μάλιστα
218 636 264 662 καὶ
280 636 324 662 διὰ
337 637 386 672 τὴν
398 637 542 672 ἐπιστολὴν
555 637 685 665 Εὗσεϐίου
695 657 702 670 ,
721 638 862 665 αἰτιῶνται

76 681 124 706 νῦν
142 682 206 712 τοὺς
221 681 272 716 πρὸ
287 681 385 713 αὐτῶν,
404 682 442 714 ὡς
458 682 595 714 τοιαύταις
613 683 802 719 χρησαμένους
819 683 864 710 λέ-

76 728 164 758 Eas-tv.
191 726 269 753 Ἀλλὰ
287 728 332 753 καὶ
348 727 468 759 εἰπόντες
490 727 567 754 αὐτοὶ
583 727 650 754 Θεὸν
665 728 698 755 ὲκ
718 728 785 755 Θεοῦ
795 747 802 759 ,
818 729 865 756 καὶ

74 772 166 806 Λόγον
183 773 282 804 ζῶντα,
311 772 361 808 τῆς
387 773 481 805 οὐσίας
508 773 554 808 τοῦ
582 774 688 810 Πατρὸς
712 774 866 809 ἀπαράλλα-

75 827 141 844 κτον
223 818 314 845 εἰκόνα
323 818 368 845 τὺν
378 818 451 851 Υἱὸν,
461 819 642 854 κατηγοροῦσι
653 819 706 847 τῶν
721 821 749 847 ὲν
764 820 865 856 Νικαίᾳ

74 864 212 890 εἰπόντων
230 884 238 896 ,
309 865 340 890 ὲκ
354 864 403 899 τῆς
414 864 516 897 οὐσίας,
528 865 574 891 καὶ
588 865 728 900 ὀμοούσιον
745 866 790 892 τὸν
805 875 864 900 γενι

556 166 743 197 ΡᾸΝΟΡΙᾸΛ
762 165 993 196 ΒΟῦῘιῙᾹΤιΟᾹ.
1013 176 1047 181 -
1065 163 1141 194 TiT.
1162 164 1216 195 Xi.

222 228 253 255 τὸ
273 228 358 264 δνομα
371 248 378 261 ,
403 229 448 257 καὶ
470 229 602 264 πορισμὸν
630 223 804 265 ἡγησαμένου
820 230 864 265 τὴν

919 228 1044 264 sumpsit,
1064 235 1091 257 ct
1102 229 1226 264 pietatem
1240 234 1360 264 qureslus
1381 229 1439 257 loco
1453 229 1557 258 habuit.
1574 229 1699 266 Quapro-

1647 164 1698 201 (66

918 280 978 310 pter
992 283 1071 303 neruo
1085 283 1147 304 clun
1161 275 1223 310 jure
1233 276 1364 310 arguerit,
1382 276 1453 310 quod
1470 276 1542 303 circa
1565 277 1643 304 tidem
1662 278 1701 304 la—

918 321 1008 353 batur,
1026 321 1173 353 hominem,
1185 320 1231 356 qui
1247 328 1334 355 neque
1348 321 1422 347 novit
1432 329 1494 355 quae
1510 322 1588 354 dicit,
1606 330 1655 350 nec
1668 322 1700 349 de

917 366 1018 401 quibus
1046 366 1173 398 afﬁrmat,
1191 365 1238 393 sed
1262 373 1368 397 omnes,
1398 366 1437 393 uti
1464 366 1593 401 scriptum
1609 370 1653 394 est
1674 361 1715 400 ‘,‘

918 413 1002 440 veluti
1016 413 1091 440 larus
1102 412 1264 447 insequitur.
1282 411 1350 439 Cum
1363 416 1453 439 autem
1465 412 1591 446 Aeacius,
1608 411 1700 439 Eudo-

918 459 980 486 xius
993 463 1020 486 et
1034 457 1207 492 Patrophilus
1224 458 1280 485 haec
1292 457 1394 490 dicant,
1411 458 1548 492 quomodo
1562 466 1615 485 non
1626 458 1699 485 omni

916 504 1090 532 damnatione
1107 503 1181 539 digni
1197 504 1279 532 sunt?
1292 502 1371 536 Nam,
1386 511 1447 530 cum
1470 503 1522 538 ipsi
1546 511 1655 538 quoque
1667 510 1698 530 ea

913 545 1071 578 scripserint
1088 553 1148 578 qua:
1160 545 1185 571 in
1201 544 1349 579 Scripturis
1362 554 1415 572 non
1429 546 1572 579 habentur,
1588 553 1614 574 et
1625 555 1696 582 saepe

911 589 1071 616 substantia:
1088 596 1186 616 nomen
1202 594 1230 616 ut
1247 597 1355 623 sanum,
1373 591 1489 618 maxime
1508 597 1618 627 propter
1641 591 1696 619 Eu-

912 634 980 662 sebii
993 634 1148 669 epistolam,
1165 635 1326 669 reCeperiut.
1340 635 1457 669 majores
1467 644 1533 664 suos
1555 644 1628 665 nunc
1641 637 1696 664 cri-

913 680 1062 713 minantur,
1090 680 1162 715 quo;l
1182 680 1337 714 hujusmodi
1371 681 1426 708 sint
1452 682 1495 708 usi
1510 681 1608 709 verbis.
1638 681 1695 711 [mo

912 733 975 753 cum
985 726 1035 760 ipsi
1049 734 1157 761 quoque
1173 725 1398 753 dixerintFilium
1411 734 1471 754 esse
1486 726 1570 755 Deum
1582 735 1617 755 ex
1628 727 1694 760 Deo,

913 779 944 799 ac
962 770 1077 798 Verbum
1093 771 1195 802 vivens.
1211 771 1370 798 substantia:
1386 771 1474 800 Patris
1489 773 1634 808 imagian
1647 781 1696 809 per

913 816 1003 844 omnia
1015 817 1142 850 similem,
1156 817 1212 852 jam
1240 817 1363 845 Nicaanos
1380 817 1474 846 Patres
1503 819 1694 851 criminantur,

912 862 984 897 quod
998 863 1129 895 dixerint,
1144 871 1177 890 ex
1202 863 1369 896 substantia,
1388 872 1418 891 ac
1435 864 1694 893 consubstantialem

75 909 195 944 νηθέντα
207 910 245 944 τῷ
259 910 444 945 γεγεννηκότι.
457 911 489 936 Τί
500 911 528 937 δὲ
543 910 697 946 Θαυμαστὸν
710 912 734 938 ει
746 913 801 943 τοῖς
812 911 864 947 πρὸ

913 914 971 934 esse
985 907 1100 942 genitori
1112 909 1242 943 genitum.
1264 907 1334 942 Quid
1360 909 1457 936 mirum
1476 913 1565 936 autem
1588 909 1609 937 si
1632 917 1694 937 cum

75 955 171 982 αὐτῶν
188 955 234 982 καὶ
251 957 306 988 τοῖς
322 956 397 988 ἰδίοις
414 957 531 992 πατράσι
546 958 722 993 διαμάχονται
732 978 740 990 ,
753 958 819 984 ὅπου
833 966 865 991 γε.

75 1002 123 1028 καὶ
138 1002 218 1028 αὐτοὶ
229 1003 335 1033 ἑαυτοῖς
351 1002 559 1038 ἐναντιούμενοι,
567 1005 622 1036 τοῖς
637 1003 740 1030 ἑαυτῶν
754 1002 867 1037 προσκόο

76 1054 209 1078 πτουσιν;
229 1046 381 1081 Ἐκοέμενοι
405 1047 458 1082 γὰρ
471 1048 499 1074 ὲν
515 1049 569 1080 τοῖς
581 1047 735 1083 λεγομένοις
759 1048 866 1080 Ἐγκαι-

75 1091 145 1123 νίοις
160 1093 188 1118 ἐν
207 1091 355 1127 Ἀντιοχείᾳ.
369 1094 417 1127 τῆς
432 1093 524 1124 οὐσίας
542 1093 589 1120 τοῦ
614 1093 719 1129 Πατρὸς
744 1092 866 1127 ἀπαραλ-

75 1136 179 1163 λακτον
195 1137 286 1164 εἰκόνα
301 1136 369 1165 εἶναι
384 1138 430 1164 τὸν
443 1139 513 1170 ϊίὺν,
523 1139 670 1174 ὀμόσαντές
684 1147 712 1166 τε
797 1137 867 1165 οὓτω

77 1184 200 1218 φρονεῖν,
211 1184 256 1209 καὶ
269 1183 512 1218 ἀναϐεματίσαντες
524 1184 587 1216 τοὺς
596 1184 682 1216 ἄλλως
693 1183 866 1220 φρονοῦντας,

75 1228 147 1255 ἀλλὰ
165 1228 219 1263 γὰρ
236 1228 282 1254 καὶ
297 1229 326 1254 ὲν
339 1229 372 1263 τῇ
396 1229 516 1264 Ἰσαυρίᾳ
530 1229 682 1264 γράψαντες
694 1238 700 1243 ·
717 1230 753 1256 Οὐ
771 1228 867 1263 φεύγο-

78 1282 128 1308 μεν
142 1273 194 1308 τὴν
207 1274 360 1300 ἐκτεοείσαν
372 1273 532 1309 αὺθεντικὴν
544 1275 633 1301 πίστιν
645 1275 672 1302 ὲν
685 1275 740 1306 τοῖς
760 1275 855 1308 Ἐγκαι

76 1320 146 1351 νίοις
157 1321 212 1351 τοῖς
225 1320 296 1346 κατὰ
311 1320 474 1355 ’Δντιόχειαν
494 1321 538 1354 (ὲν
547 1321 638 1352 αὐτοῖς
651 1321 679 1347 δὲ
761 1320 866 1356 ἐγράφη

75 1365 107 1391 τὸ
120 1367 175 1400 τῆς
189 1365 280 1397 οὐσίας
295 1366 410 1401 ὄνομα),
430 1365 522 1402 ὥσπερ
543 1366 732 1401 ἐπιλαθόμενοι
754 1365 866 1397 τούτων,

79 1412 139 1445 μετ’
160 1411 250 1445 ὀλίγον
267 1412 295 1437 ὲν
310 1413 342 1447 τῇ
364 1412 433 1447 αὐτῇ
453 1412 573 1447 Ἰσαυρίᾳ
586 1412 713 1439 τάναντία
734 1411 865 1447 ἔγραψαν,

77 1457 215 1491 λέγοντες
228 1457 263 1483 Τὸ
275 1457 415 1492 ὁμοούσιον
428 1458 513 1484 καὶτὸ
527 1457 692 1492 ὁμοιοούσιον
769 1457 866 1484 ἐκϐάλ-

77 1503 174 1538 λομεν,
191 1503 228 1534 ὠς
241 1503 377 1538 ἀλλότριον
387 1503 440 1530 τῶν
454 1503 566 1538 Γραφῶν
576 1511 582 1518 ·
603 1503 649 1529 καὶ
663 1503 693 1529 τὺ
709 1503 757 1538 τῆς
774 1503 866 1535 οὐσίας

77 1548 166 1583 ὄνομα
190 1547 385 1584 περιαιροῦμεν
398 1568 405 1580 ,
431 1548 468 1580 ὡς
485 1549 522 1584 μὴ
538 1549 661 1584 κείμενον
677 1549 704 1575 ὲν
727 1550 785 1582 ταῖς
798 1549 866 1584 1‘93,-

78 1595 152 1627 φαῖς.

78 1690 173 1714 σεται;
190 1683 226 1708 “Η
243 1683 305 1709 ποία
321 1683 411 1715 πίστις
426 1684 499 1719 παρὰ
514 1684 628 1716 τούτοις,
646 1685 710 1720 παρ’
723 1682 762 1716 οἷς
777 1685 807 1711 οὺ
821 1684 865 1710 λό-

77 1737 136 1762 γος,
153 1729 184 1755 οὐ
203 1729 320 1764 γράμμα
344 1729 462 1764 βέὸαιον,
485 1729 552 1757 ἀλλὰ
576 1731 664 1758 πάντα
684 1730 754 1757 κατὰ
773 1730 866 1766 καιρὸν

77 1773 243 1800 ἀλλάσσεται
257 1774 303 1800 καὶ
320 1774 514 1809 μεταϐάλλεται
540 1783 548 1806 ;
624 1775 728 1811 Εἰγὰρ,
745 1772 766 1802 ὦ
788 1775 867 1802 Ἀκά-

77 1825 119 1843 κιε
131 1817 180 1843 καὶ
205 1817 322 1849 Εὖδόξιε,
340 1819 371 1844 οὐ
386 1818 499 1852 φεύγετε
519 1820 568 1854 τὴν
587 1819 741 1847 ἐκτεθείσαν
761 1820 789 1846 ὲν
811 1821 867 1851 τοῖς

83 1863 249 1897 Ἐγκαινίοις
269 1863 370 1895 πίστιν,
393 1865 421 1890 ὲν
438 1865 506 1900 αὐτῇ
522 1865 549 1891 δὲ
576 1865 739 1900 γέγραπται,
767 1867 866 1898 Οὐσίας

77 1907 288 1942 ἀπαράλλακτος
311 1907 392 1934 εἰκὼν
407 1909 421 1934 ὁ
441 1909 520 1941 Υἱός·
544 1910 602 1942 πῶς
628 1911 658 1937 ἐν
680 1912 713 1945 τῇ
747 1911 866 1948 Ἰσαυρία

78 1953 209 1988 γράφετε,
231 1953 411 1988 Ἐκϐάλλομεν
422 1955 454 1981 τὸ
467 1954 609 1990 ὸμοούσιον
627 1965 634 1989 ;
705 1956 737 1982 Εἰ
753 1956 807 1991 γὰρ
817 1957 866 1984 οὐκ

77 1998 135 2025 ἐστι
155 1999 214 2025 κατ’
229 1999 322 2026 οὐσίαν
336 2000 427 2034 ὅμοιος
437 2001 450 2026 ὁ
465 2000 528 2032 Υἱὸς
538 2000 576 2035 τῷ
593 2001 690 2036 Πατρὶ,
707 2001 764 2032 πῶς
777 2002 864 2037 ἀπαρ-

77 2043 210 2076 άλλακτος
223 2045 273 2080 τῆς
284 2045 379 2077 οὐσίας
398 2045 478 2072 εἰκών
493 2047 566 2073 ἐστιν
580 2055 587 2076 :
610 2047 642 2075 Ei
660 2047 688 2073 δὲ
704 2047 864 2082 μετέγνωτε,

76 2091 233 2126 γράψαντες
244 2091 286 2123 τὸ,
301 2092 350 2126 τῆς
366 2092 459 2124 οὐσίας
475 2092 681 2127 ἀπαράλλακτος
697 2093 791 2120 εἰκών·
808 2093 866 2126 πῶς

76 2135 288 2170 ἀναθεματίζετε
301 2137 364 2169 τοὺς
380 2137 505 2171 ἀνόμοιον
518 2135 587 2164 εἶναι
604 2138 731 2172 λέγοντας
820 2139 865 2168 τὸν

77 2179 160 2211 Υἱόν;
178 2180 208 2206 El
231 2181 285 2215 γὰρ
306 2181 354 2215 οὐχ
371 2181 462 2216 ὅμοιος
479 2183 538 2209 κατ’
559 2182 668 2216 οὐσίαν,
689 2183 797 2216 πάντως
818 2184 866 2211 ἁν-

76 2223 171 2258 όμοιός
183 2225 252 2251 ἐστι.
270 2225 305 2251 Τὸ
316 2225 344 2251 δὲ
360 2225 486 2261 ἀνόμοιον
499 2227 548 2253 οὐκ
565 2227 597 2254 ἂν
621 2227 662 2262 εἴη
682 2228 772 2255 εἰκών.
790 2229 820 2256 Et
835 2228 864 2256 δὲ

75 2270 148 2296 οὕτω
159 2269 219 2296 καθ’
235 2271 306 2305 ὑμᾶς
323 2272 406 2303 ἐστιν,
419 2272 469 2298 οὐκ
484 2271 538 2308 ἄρα
557 2273 571 2298 ὁ
588 2273 632 2299 τὸν
655 2273 717 2299 Υίὺν
737 2273 865 2309 ἑωρακὼς

76 2314 183 2350 ἑώρακε
197 2314 243 2341 τὸν
257 2315 376 2350 Πατέρα,
391 2316 518 2351 πλείστης
532 2317 597 2352 ὅσης
617 2316 699 2352 οὔσης
720 2317 860 2353 διαφορᾶς·

77 2362 179 2395 μᾶλλον
195 2361 222 2387 δὲ
238 2361 269 2387 τὸ
284 2361 343 2388 ὅλον
357 2361 431 2393 ὄντος
444 2363 538 2389 τούτου
559 2364 627 2398 πρὸς
641 2364 743 2391 ἐκεῖνον
817 2365 864 2392 ἀν-

75 2407 180 2441 ομοίου.
197 2406 232 2432 Τὸ
256 2407 283 2433 δὲ
301 2408 425 2442 ἀνόμοιον
439 2409 487 2444 οὐχ
500 2407 554 2435 οἷόν
576 2417 604 2436 τε
620 2410 710 2444 ὅμοιον
726 2410 861 2444 λέγεσθαι.

75 2453 145 2487 Ποία
155 2452 244 2478 τοίνυν
262 2455 369 2488 μηχανῇ
384 2453 414 2480 τὸ
424 2454 548 2489 ἀνόμοιον
557 2455 648 2489 ὅμοιον
659 2454 762 2488 λέγετε,
777 2456 823 2482 καὶ
834 2455 864 2482 τὸ

75 2497 169 2531 ὅμοιον
185 2496 310 2532 ἀνόμοιον
323 2499 445 2532 φρονεῖτε
455 2518 462 2529 ,
484 2498 530 2524 καὶ
550 2498 726 2533 ὑποκρίνεσθε
741 2498 863 2532 λέγοντες

76 2543 168 2568 εἰκόνα
180 2540 249 2568 εἶναι
263 2542 309 2568 τοῦ
325 2543 430 2578 Πατρός
452 2542 496 2569 τὸν
514 2543 593 2575 Υῐόν;
611 2543 642 2569 Et
661 2544 714 2579 γὰρ
735 2544 784 2570 οὐκ
805 2543 862 2571 ἐστι

76 2589 136 2614 κατ’
148 2587 241 2614 οὐσίαν
255 2589 346 2623 ὅμοιος
363 2589 377 2614 ὁ
395 2588 456 2620 Υἱὸς
467 2588 512 2615 τοῦ
528 2589 649 2624 Πατρδς,
674 2588 760 2616 λείπει
779 2598 805 2615 τι
828 2591 861 2625 τῇ

75 2633 171 2665 εἰκόνι,
181 2634 227 2660 καὶ
235 2634 285 2660 οὐκ
297 2633 353 2660 ἔστι
370 2634 475 2669 πλήρης
491 2634 583 2666 εἰκὼν,
595 2634 654 2661 οὐδὲ
663 2634 762 2660 τέλειον
774 2635 862 2662 ἀπαύ-

75 2687 179 2714 γασμα.
201 2680 261 2711 Πῶς
273 2678 319 2706 οὖν
334 2679 533 2714 ἀναγινώσκετε
549 2680 589 2713 τὸ,
612 2690 621 2706 ‹
647 2681 689 2707 Ἐν
707 2680 781 2716 αὐτῷ
795 2690 860 2708 κατ-

75 2726 144 2751 οικεῖ
159 2726 212 2752 πᾶν
228 2726 258 2751 τὸ
283 2726 417 2761 πλήρωμα
434 2727 484 2761 τῆς
504 2727 629 2762 Oed-.1110;
652 2728 829 2763 σωματικῶς*
849 2738 858 2754 ι

76 2771 132 2802 καὶ,
143 2781 152 2795 ι
165 2771 212 2797 Ἐκ
223 2771 269 2797 τοῦ
286 2771 464 2807 πληρώματος
478 2772 559 2799 αὐτιῦ
570 2773 646 2807 ἡμεῖς
659 2774 758 2806 πάντες
768 2774 860 2801 ἐλάϐο-

120 2849 127 2863 “
143 2849 223 2876 i‘rov.
242 2857 290 2880 vn,
305 2849 349 2876 22.

178 1638 226 1670 Τίς
245 1637 291 1665 οὖν
309 1638 349 1665 ἔτι
361 1639 424 1671 τοὺς
440 1639 576 1672 τοιούτους
597 1641 774 1675 Χριστιανοὺς
797 1640 867 1676 ἡγή-
880 1610 901 1637 0

878 2250 898 2278 D

913 953 1075 987 majoribus,
1090 958 1117 980 et
1133 961 1194 981 cum
1213 955 1337 989 patribus
1353 954 1411 981 suis
1423 958 1563 990 pugnant,
1579 955 1624 982 ubi
1642 955 1693 990 ipsi

913 1007 1005 1028 secum
1022 1005 1181 1027 concertant
1203 1000 1228 1027 in
1251 1008 1333 1035 seque
1349 1000 1422 1035 ipsos
1435 1000 1611 1035 impingunt?
1625 1001 1692 1028 Cum

912 1044 984 1071 enim
999 1044 1149 1071 Antiochia:
1163 1044 1189 1071 in
1207 1044 1352 1087 Encamijs,
1372 1049 1401 1071 ut
1422 1049 1535 1077 vocant,
1558 1043 1710 1073 declaras?

914 1095 973 1118 sent
991 1090 1088 1117 Filium
1102 1098 1162 1118 esse
1175 1090 1335 1118 substantia:
1353 1089 1441 1117 Patris
1472 1091 1530 1118 sine
1546 1090 1599 1117 ulla
1614 1090 1694 1118 dissi-

913 1135 1066 1162 militudine
1079 1136 1236 1171 imaginem,
1257 1135 1451 1170 jurassentque
1465 1143 1495 1163 se
1519 1136 1555 1163 ita
1581 1135 1693 1168 sentire,

913 1189 946 1208 ac
963 1189 1011 1208 eos
1027 1181 1073 1216 qui
1084 1181 1163 1208 aliter
1174 1181 1305 1208 sentirent
1317 1180 1489 1209 anathemate
1507 1181 1692 1212 damnassent,

914 1226 1004 1253 imoin
1017 1226 1120 1253 lsauria
1137 1227 1330 1260 scripsissent:
1346 1225 1404 1253 Non
1423 1227 1572 1262 refugimus
1581 1228 1694 1254 authen-

913 1272 993 1298 ticam
1011 1271 1089 1298 fidem
1121 1272 1147 1298 in
1171 1271 1305 1298 Eneazniis
1329 1271 1480 1299 Antiochia:
1500 1272 1600 1299 editam
1625 1273 1695 1307 (illic

913 1321 1002 1344 autem
1011 1317 1170 1344 substantize
1180 1324 1277 1343 nomen
1286 1317 1416 1352 scriptum
1428 1316 1495 1351 est),
1506 1316 1587 1344 veluti
1599 1324 1693 1344 eorum

914 1361 1098 1394 immemores,
1113 1361 1193 1396 paulo
1204 1366 1264 1396 post
1277 1362 1303 1388 in
1313 1362 1370 1397 ipsa
1381 1362 1485 1390 lsauria
1501 1362 1534 1390 iis
1549 1362 1695 1389 adversan-

913 1407 949 1434 tia
960 1407 1155 1441 eonseripsere,
1170 1408 1282 1437 scilicet.
1310 1407 1451 1443 ὀμοούσιον
1473 1411 1500 1434 et
1518 1407 1693 1443 ὀμοιοούσιον,

913 1453 965 1480 hoc
976 1458 1028 1486 est,
1052 1454 1284 1481 consubstantiale
1309 1458 1337 1481 et
1361 1454 1514 1482 substantia
1531 1454 1629 1486 simile,
1649 1458 1694 1480 ut-

913 1502 976 1533 pote
989 1506 1005 1526 a
1029 1498 1178 1534 Scripturis
1195 1499 1294 1533 aliena,
1321 1499 1468 1534 rejieimus,
1494 1504 1519 1527 et
1534 1500 1694 1527 substantia!

913 1552 1011 1571 nomen
1024 1544 1055 1571 de
1067 1545 1155 1572 medio
1169 1545 1288 1572 tollimus
1300 1565 1307 1578 ,
1319 1545 1419 1580 quippe
1428 1552 1489 1572 cum
1504 1545 1530 1572 in
1547 1544 1694 1581 Scripturis

913 1598 967 1617 non
981 1590 1132 1624 reperiatur

1010 1635 1076 1669 Quis
1099 1635 1181 1671 igitur
1206 1635 1279 1663 viros
1302 1636 1458 1670 hujusmodi
1483 1636 1596 1663 ulterius
1616 1635 1694 1663 Chri-

914 1682 1017 1710 stianos
1033 1681 1215 1710 existimabit?
1238 1681 1292 1709 Aut
1310 1690 1371 1716 qua:
1385 1681 1462 1714 lides,
1478 1681 1547 1716 apud
1561 1689 1629 1716 quos
1646 1689 1696 1708 nec

912 1729 1007 1760 verba,
1023 1736 1072 1755 nee
1089 1729 1189 1762 seripta
1205 1727 1282 1755 ﬁrma
1305 1731 1379 1760 sunt,
1393 1728 1440 1755 sed
1455 1728 1546 1755 omnia
1563 1735 1610 1762 pro
1626 1732 1695 1754 tem-

912 1773 987 1807 poris
1008 1773 1113 1800 ratione
1134 1777 1275 1800 mutantur
1285 1777 1311 1799 et
1327 1772 1516 1800 invertuutur?
1532 1772 1560 1799 Si
1573 1772 1658 1804 enim,
1677 1780 1694 1798 ο

912 1818 992 1844 Aeaci
1014 1823 1040 1844 et
1056 1817 1171 1850 Eudoxi,
1187 1825 1240 1844 non
1257 1817 1382 1852 refugitis
1395 1817 1545 1852 expositam
1562 1816 1589 1843 in
1600 1816 1694 1844 Eucae—

913 1863 967 1892 niis
980 1864 1071 1895 (idem,
1087 1863 1113 1890 in
1129 1871 1215 1898 eaque
1230 1863 1362 1898 scriptum
1380 1867 1432 1894 est,
1444 1863 1541 1890 Filium
1555 1870 1615 1890 esse
1626 1863 1692 1890 sub-

914 1910 1019 1937 stantiae
1030 1909 1118 1937 Patris
1136 1910 1194 1938 sine
1221 1909 1401 1945 discrepantia
1422 1909 1567 1944 imaginem
1579 1929 1586 1942 ,
1601 1916 1650 1936 cur
1665 1909 1694 1936 in

913 1956 1017 1983 lsauria
1029 1955 1160 1987 scribitis,
1180 1955 1318 1990 rejicimus
1345 1955 1507 1990 ὁμοούσιονῖ
1535 1954 1563 1981 Si
1577 1962 1695 1990 namque

913 2001 998 2028 Filius
1011 2001 1162 2028 secundum
1175 2000 1355 2028 substantiam
1368 1999 1442 2028 Patri
1465 1999 1562 2028 similis
1574 2007 1627 2026 non
1643 2003 1693 2031 est,

912 2046 958 2081 qui
973 2046 1133 2074 substantia:
1148 2045 1237 2081 imago
1250 2045 1303 2072 erit
1322 2045 1382 2072 sine
1403 2044 1604 2079 discrepantia?
1617 2044 1694 2077 Quod

911 2091 933 2118 si
946 2099 994 2118 vos
1006 2091 1132 2126 paenituit
1149 2091 1303 2125 scripsisse,
1316 2097 1377 2118 eum
1391 2098 1453 2117 esse
1466 2090 1524 2117 sine
1537 2090 1698 2124 discrepans

912 2137 948 2164 tia
966 2136 1124 2164 substantia:
1138 2136 1296 2170 imaginem,
1308 2143 1356 2163 cur
1375 2136 1549 2162 anathemate
1560 2135 1695 2163 damnatis

911 2189 957 2210 eos
973 2181 1018 2216 qui
1042 2181 1137 2208 dicunt
1161 2180 1259 2207 Filium
1285 2188 1346 2209 esse
1369 2179 1443 2207 Patri
1459 2179 1643 2207 dissimilem?
1665 2179 1694 2207 Si

912 2227 984 2254 enim
999 2226 1095 2254 similis
1110 2234 1162 2253 non
1177 2231 1220 2253 est
1237 2226 1386 2253 secundum
1401 2225 1582 2253 substantiam
1594 2245 1602 2257 ,
1616 2223 1698 2261 plane

912 2273 1052 2300 dissimilis
1065 2277 1116 2300 est.
1133 2272 1209 2305 Quod
1221 2277 1312 2300 autem
1328 2272 1460 2299 dissimile
1478 2276 1536 2304 est,
1554 2280 1694 2307 nunquam

912 2319 1002 2352 imago
1017 2316 1106 2344 fuerit.
1126 2317 1186 2349 Sin,
1202 2309 1250 2344 uti.
1267 2324 1316 2344 vos
1328 2316 1427 2350 dicitis,
1440 2317 1475 2344 ila
1492 2325 1522 2344 se
1533 2325 1578 2344 res
1602 2317 1693 2350 habet,

913 2371 1006 2392 verum
1026 2371 1091 2400 ergo
1111 2371 1164 2390 non
1177 2368 1218 2391 est
1233 2363 1280 2398 qui
1306 2361 1501 2395 viditFilium,
1521 2362 1626 2391 Patrem
1652 2363 1695 2390 vi-

913 2409 997 2442 disse,
1014 2417 1076 2437 cum
1093 2409 1175 2436 multa
1193 2409 1263 2436 inter
1282 2413 1428 2444 utrumque
1449 2410 1484 2437 sit
1500 2409 1693 2444 discrepantia,

913 2456 968 2483 imo
979 2456 1069 2490 pelius
1085 2455 1130 2482 bic
1145 2455 1180 2483 sit
1194 2455 1232 2482 illi
1248 2455 1360 2482 omnino
1377 2455 1529 2483 dissimilis.
1545 2455 1622 2488 Quod
1645 2463 1694 2482 au-

913 2505 965 2528 tem
994 2500 1126 2528 dissimile
1152 2505 1206 2534 est,
1222 2499 1310 2537 simile
1327 2507 1466 2534 nunquam
1489 2499 1606 2527 dicatur.
1634 2498 1693 2532 Quo

914 2551 992 2580 pacto
1006 2546 1087 2581 igitur
1102 2546 1234 2574 dissimile
1245 2546 1335 2573 dicitis
1347 2545 1447 2579 simile,
1464 2551 1490 2572 et
1502 2546 1591 2573 simile
1610 2545 1692 2573 dissi-

912 2591 974 2618 mile
990 2590 1162 2623 existimatis,
1175 2599 1207 2618 ac
1220 2591 1392 2619 simulatione
1409 2591 1451 2618 usi
1465 2591 1556 2618 dicitis
1567 2612 1574 2624 ,
1593 2590 1692 2618 Fil'um

912 2642 972 2662 esse
984 2634 1074 2662 Patris
1088 2635 1254 2671 imaginem?
1277 2635 1306 2663 Si
1321 2637 1393 2663 enim
1407 2636 1493 2663 Filius
1514 2644 1567 2663 non
1591 2641 1632 2664 est
1652 2644 1694 2664 se-

911 2681 1031 2708 cundum
1049 2681 1230 2709 substantiam
1251 2681 1340 2710 Patris
1367 2682 1475 2714 similis,
1499 2682 1601 2716 aliquid
1628 2689 1694 2709 sane

912 2727 1021 2762 imagini
1037 2727 1136 2759 delicit,
1152 2735 1238 2762 neque
1251 2732 1293 2754 est
1311 2727 1390 2762 plena
1408 2727 1507 2762 imago.
1533 2733 1586 2753 non
1605 2725 1693 2760 perfe-

912 2776 972 2800 ctus
989 2773 1125 2807 splendor.
1141 2772 1196 2800 Cur
1209 2773 1300 2808 itaque
1317 2773 1368 2800 hoc
1384 2773 1472 2807 legitis
1487 2782 1493 2799 :
1510 2781 1519 2796 ‹
1536 2771 1639 2805 lnipso
1652 2771 1694 2797 in-
