1902 3078
184 133 239 167 467

806 131 999 162 EUTllYMlI
1019 130 1200 163 Zl‘GABENI

1758 131 1812 163 (C8

183 192 287 220 habitat
323 190 413 220 omnis
452 189 592 227 plenitudo
630 187 782 217 divinitatis
817 187 967 224 corporali-

1035 195 1090 220 tsv;
1105 195 1115 212 ι
1130 185 1191 217 Πῶς
1207 185 1252 212 τιν
1274 184 1412 221 Ἀριιανδν
1438 185 1542 214 ’Δίτιον
1559 185 1597 219 ὡς
1613 185 1750 222 αερστικδν
1765 187 1812 214 ικ-

185 242 225 264 ter
252 236 272 269 ¹,
292 246 301 262 ι
319 240 356 269 et,
381 244 390 261 ι
404 242 436 263 ex
456 234 623 271 plenitudine
642 234 703 269 ejus
714 241 766 261 nos
777 240 873 261 omnes
893 240 972 261 acce-

186 281 276 317 pimus
304 281 338 307 ’?
357 291 366 307 ι
395 279 452 307 Cur
475 280 607 307 Arianum
633 278 741 306 Aetium
763 282 792 305 ut
814 278 970 306 luereticum

185 328 295 364 ejieitis,
306 327 369 354 licet
383 335 414 354 ea
428 326 486 361 ipsa
503 333 564 361 qua
574 325 618 353 ille
632 324 802 362 loquamini?
815 324 876 351 Tibi
886 323 971 356 enim,

186 372 280 406 Aeaci,
293 372 400 400 amicus
415 376 467 403 est,
481 371 660 408 Eudoxioque
674 370 757 405 hujus
770 370 899 405 magister
921 369 973 396 im-

185 418 296 454 pietatis
312 417 374 454 fuit,
389 417 415 444 in
431 417 509 452 cujus
521 417 637 453 gratiam
650 424 712 444 eum
728 415 858 444 Leontius
866 415 973 451 episco-

186 472 238 500 pus
250 464 394 491 diaconum
411 462 564 496 ordinavit;
579 467 619 494 ut,
637 463 715 499 quasi
730 462 788 490 ovis
809 461 972 490 vestimento

186 511 348 538 diaconatus
362 509 474 537 nomine
495 516 574 542 usus,
589 507 765 543 blasphemia:
784 507 864 535 verba
888 506 973 534 libere

185 559 278 590 pes-set
293 561 430 581 evomere.

282 599 350 634 Quid
365 600 447 635 igitur
461 598 540 626 vobis
551 597 646 631 suasit,
657 603 687 625 ut
698 597 776 625 vobis
797 597 863 632 ipsis
877 597 972 625 adver-

187 647 297 680 semini,
312 651 473 682 tantumque
487 643 629 673 dedecoris
642 643 786 671 referatis?
808 643 889 671 Certe
902 642 970 671 nihil

187 692 285 720 rationi
312 695 526 719 consentaneum
550 690 634 724 _vobis
661 688 806 717 dicendum
832 687 970 723 suppetit:

187 738 295 773 hocque
308 738 396 765 solum
412 736 614 772 intelligendum
631 735 805 770 relinquitur,
831 742 880 762 vos
898 733 972 762 nulla

187 791 241 811 non
255 783 439 816 simulatione,
454 782 528 810 nullo
560 789 615 808 non
640 784 795 809 commento
813 781 850 808 uti
866 784 973 815 propter

187 830 339 858 Coustantii
353 828 546 865 patrocinium,
560 828 722 862 lucrumque
733 826 805 859 quod
818 826 882 855 hinc
894 825 971 853 vobis

1023 238 1144 271 ϐάλλετε,
1160 238 1248 266 καίτοι
1261 238 1296 266 τὰ
1316 238 1387 266 αὐτὰ
1407 239 1503 275 ἑκείνῳ
1516 239 1656 274 λέγοντεςς
1681 240 1737 266 Καὶ
1755 239 1811 276 γὰρ

1024 284 1072 311 σοῦ
1084 284 1145 320 μὲν,
1162 281 1185 312 ὦ
1204 285 1314 312 ’Λκάκιε
1330 302 1339 315 .
1409 285 1515 321 ἑταῖρός
1530 285 1614 317 ἔστιν,
1634 285 1760 318 Εὑδοξίου
1783 285 1812 313 δὲ

1024 329 1180 361 διδάσκαλος
1197 331 1237 361 εις
1254 330 1303 366 τὴν
1319 330 1448 365 τοιαύτην
1472 329 1600 357 ἀσέϐειαν
1626 331 1748 364 γέγονεν,
1779 329 1813 367 ἧς

1025 374 1106 401 ἓνεκα
1120 375 1166 402 καὶ
1181 375 1305 407 Λεόντιος
1318 375 1399 402 αὑτὸν
1416 376 1430 402 ὁ
1445 375 1594 407 ἐπίσκοπος
1609 376 1731 403 διάκονον
1744 385 1813 403 κατ-

1024 419 1138 456 έστησεν
1148 429 1154 435 ·
1173 421 1227 453 ἵνα,
1245 420 1283 453 ὡς
1297 420 1426 456 ἑνδύματι
1497 414 1633 456 προϐάτου
1648 420 1687 457 τῷ
1699 423 1813 457 ὀνόματι

1024 464 1074 505 τῆς
1088 465 1224 497 διακονίας
1237 465 1388 500 χρώμενος,
1405 467 1448 493 ἐπ’
1465 466 1557 498 ἁδείας
1572 467 1679 503 ἐξεμεῖν
1700 468 1814 504 δύνηται

1024 509 1058 536 τὰ
1070 510 1120 546 τῆς
1132 510 1306 547 βλασφημίας
1322 512 1439 547 ῥήματα.

1121 597 1154 624 Τί
1169 595 1216 624 οὖν
1233 599 1305 633 ὑμᾶς
1323 598 1378 634 ἄρα
1391 599 1511 626 τοιοῦτον
1529 599 1637 627 ἔπεισεν
1647 621 1654 633 ,
1677 600 1749 627 ὥστε
1765 602 1813 628 καὶ
1833 631 1835 634 ,

1025 643 1131 674 ἑαυτοῖς
1144 644 1183 675 είς
1195 643 1227 669 τὸ
1243 643 1362 670 ἐναντίον
1374 646 1543 680 περιπεσεῖν,
1555 646 1602 672 καὶ
1621 646 1756 682 τοσαύτην
1770 648 1813 674 αξ-

1025 687 1125 724 σχύνην
1135 688 1355 722 ἀπενέγκασθαι;
1368 689 1425 716 ἀλλ’
1439 689 1514 716 οὐδὲν
1525 689 1635 725 εὔλογον
1648 691 1680 718 ἂν
1689 691 1793 718 εἴποιτε
1805 701 1812 708 ·

1024 733 1102 760 τοῦτο
1126 733 1155 760 δὲ
1176 735 1254 770 μόνον
1274 735 1460 772 περιλείπεται
1481 737 1567 770 νοεῖν,
1596 737 1637 763 ὅτι
1653 738 1742 764 πάντα
1766 738 1814 765 νῦν

1025 778 1223 814 ὑποκρίνεσθε,
1244 780 1291 806 καὶ
1317 779 1406 807 πάντα
1427 781 1655 817 προσποιούμενοι
1680 782 1815 810 πλάττετε

1024 823 1068 850 διὰ
1083 823 1132 858 τὴν
1148 824 1223 860 παρὰ
1238 826 1426 852 Κωνοταντίου
1515 827 1695 863 προστασίαν,
1718 827 1767 856 καὶ
1783 828 1815 855 τὸ

186 874 286 901 evenit.
299 874 387 909 Atque
397 873 423 900 in
439 877 564 908 promptu
576 872 652 899 vobis
663 876 704 899 est
715 870 808 899 Patres
823 871 950 898 incusare
962 879 969 905 ;

1035 869 1101 905 ταρὰ
1116 870 1163 896 τοῦ
1177 870 1297 897 τοιούτου
1311 871 1417 907 κέρδος.
1431 872 1486 898 Καὶ
1510 874 1686 908 κατηγορεῖτε
1704 874 1755 909 μὲν
1769 875 1815 900 εὐ-

186 925 341 953 Icmereque
353 917 484 953 objicitis,
511 924 565 944 non
592 916 687 944 haberi
708 923 738 943 ea
755 915 836 943 verba
852 915 879 942 in
900 915 974 942 Seri-

186 964 274 999 pturis
287 963 373 992 sacris
392 971 399 990 :
424 967 451 990 et
466 966 494 990 ut
514 962 645 997 scriptum
674 965 725 993 est,
752 971 762 987 ι
783 968 862 988 crura
876 961 974 988 divari-

187 1010 271 1037 castis
287 1009 362 1036 omni
376 1007 525 1036 transeunti
550 1008 578 1041 ³;
595 1017 604 1033 ι
620 1007 656 1034 ita
672 1011 700 1034 ut
714 1007 793 1035 toties
810 1006 971 1034 sententiam

185 1054 368 1088 commutetis,
387 1054 496 1089 quoties
515 1053 598 1082 velint
617 1052 635 1080 ii
659 1053 706 1088 qui
735 1060 783 1080 vos
799 1053 921 1080 mercede
946 1057 973 1080 et

187 1100 298 1135 praemio
326 1099 492 1128 conducunt.
525 1097 687 1133 Quanquam
716 1097 783 1125 nihil
808 1098 930 1130 interest,
949 1097 972 1125 si

187 1146 249 1180 quis
265 1153 318 1172 non
336 1144 450 1179 scriptas
462 1151 542 1171 voces
568 1142 698 1178 proferat,
720 1142 785 1170 dum
801 1143 872 1177 piam
884 1147 973 1170 servet

187 1188 358 1216 sententiam.
389 1187 537 1215 Haareticus
566 1191 657 1213 autem
688 1186 741 1219 vir,
758 1187 822 1214 licet
851 1187 972 1214 verbise

188 1235 326 1270 Scriptura
350 1233 515 1269 depromptis
537 1236 640 1265 utatur,
656 1231 740 1259 nihilo
761 1236 849 1259 tamen
865 1232 968 1265 minus,

187 1285 330 1315 suspectus
345 1287 377 1307 ac
395 1282 488 1309 mente
516 1282 660 1313 corruptus
675 1285 736 1305 eum
764 1278 810 1311 sit,
836 1285 851 1305 a
869 1277 970 1313 Spiritu

187 1331 281 1354 sancto
292 1325 382 1354 audiet
397 1334 404 1352 :
419 1334 428 1350 ι
440 1323 529 1359 Quare
544 1328 572 1351 tu
585 1331 696 1351 enarras
714 1323 834 1359 justitias
851 1329 971 1358 meas,et

186 1370 303 1398 assumis
316 1373 506 1398 testamentum
520 1376 610 1396 meum
621 1375 668 1403 per
678 1376 708 1396 os
722 1373 797 1396 tuum
825 1369 854 1396 ‘3
864 1379 873 1395 ι
883 1368 972 1402 Quare

186 1416 295 1444 diabolo
318 1416 381 1443 licet
410 1423 444 1442 ex
475 1414 624 1450 Scripturis
649 1414 769 1450 loquenti
791 1422 822 1442 os
846 1422 861 1442 a
876 1413 970 1442 Salva-

187 1467 246 1489 tore
264 1462 421 1489 obturatum
436 1465 487 1488 est.
505 1459 604 1487 Beatus
617 1464 706 1487 autem
723 1459 833 1492 Paulus,
845 1460 971 1495 quamvis

186 1515 218 1534 ex
234 1506 357 1542 profanis
372 1507 498 1541 loquatur
516 1515 522 1533 :
551 1515 560 1531 ι
579 1505 722 1533 Cretenses
737 1512 844 1540 semper
858 1505 970 1532 menda-

186 1560 231 1588 ces
255 1552 285 1585 5;
304 1561 312 1577 ι
338 1555 382 1578 et:
398 1560 407 1577 ι
424 1550 511 1586 ipsius
528 1551 599 1578 enim
612 1558 697 1585 genus
719 1557 815 1578 sumus
849 1551 875 1583 ⁶;
894 1559 903 1576 ι
922 1554 968 1577 et:

1024 914 1112 950 χερῶς
1126 915 1180 942 τῶν
1197 916 1334 952 Πατέρων,
1348 916 1547 953 προφασίζεσθε
1558 918 1586 944 δὲ
1603 919 1695 951 ἁπλῶς
1708 919 1759 952 τὰς
1774 919 1816 946 λέ-

1025 960 1091 993 ξεις,
1104 960 1142 993 ὡς
1158 962 1298 997 ἀγράφους
1311 972 1317 978 ·
1334 963 1381 989 καὶ
1395 963 1466 990 κατὰ
1484 964 1516 990 τὸ
1531 964 1733 1001 γεγραμμένον,
1749 975 1759 991 ι
1775 965 1815 992 δι-

1025 1006 1145 1033 ετείνατε
1165 1007 1198 1033 τὰ
1213 1007 1295 1042 σκέλη
1310 1008 1391 1035 παντὶ
1406 1009 1515 1044 παρόδῳ
1527 1017 1533 1024 ·
1546 1019 1555 1036 ι
1565 1009 1636 1036 ὥστε
1649 1010 1815 1042 τοσαυτάκις

1025 1052 1097 1087 ὑμᾶς
1116 1052 1340 1088 μεταϐάλλεσθαι,
1355 1054 1450 1086 ὁσάκις
1465 1054 1498 1081 ἃν
1509 1055 1581 1090 ὑμᾶς
1592 1056 1617 1082 οι
1638 1055 1815 1091 μισθούμενοι

1025 1098 1071 1124 καὶ
1096 1098 1277 1139 χορηγοῦντες
1299 1100 1364 1134 ὑμῖν
1385 1100 1534 1135 βούλονται.
1636 1102 1734 1128 Καίτοι
1762 1102 1816 1129 κᾶν

1025 1142 1213 1177 άγρὰιρουςτις
1223 1142 1289 1179 λαλῇ
1300 1143 1398 1177 λέξεις,
1413 1144 1489 1170 οὐδὲν
1504 1144 1636 1180 διαφέρει,
1648 1145 1701 1177 ἓως
1713 1146 1814 1174 εὐσεϐῆ

1024 1189 1075 1223 τὴν
1086 1189 1205 1215 διάνοιαν
1214 1189 1280 1225 ἔχει.
1302 1189 1332 1216 Ὁ
1346 1189 1375 1216 δὲ
1389 1189 1527 1225 αἱρετικὸς
1544 1190 1594 1225 άνὴ
1601 1199 1625 1226 ρ,
1636 1189 1687 1217 κᾶν
1700 1191 1750 1223 τὰς
1760 1192 1817 1218 ἀπὸ

1024 1234 1079 1260 τῶν
1095 1235 1211 1270 Γραφῶν
1228 1236 1362 1271 χρήσηται
1379 1235 1474 1268 λέξεις,
1502 1236 1577 1262 οὐδὲν
1590 1234 1670 1272 ἦττον
1692 1236 1817 1269 ὕποπτος

1025 1279 1072 1311 ὢν,
1086 1278 1132 1305 καὶ
1147 1279 1192 1305 τὸν
1206 1279 1269 1306 νοῦν
1285 1279 1491 1315 διεφθαρμένος,
1509 1280 1654 1308 ἀκούσεται
1676 1281 1753 1317 παρὰ
1768 1280 1817 1308 τοῦ

1026 1325 1184 1360 Πνεύματος
1196 1334 1202 1340 ·
1227 1334 1236 1350 ι
1254 1325 1312 1352 Ἵνα
1325 1325 1352 1351 τί
1366 1325 1398 1351 σὺ
1412 1326 1493 1361 διηγῇ
1590 1325 1624 1352 τὰ
1640 1326 1818 1359 δικαιώματά

1027 1379 1088 1406 μου,
1102 1371 1149 1397 καὶ
1166 1371 1366 1406 ἀναλαμϐάνεις
1380 1371 1429 1406 τὴν
1447 1371 1580 1407 διαθήκην
1595 1381 1645 1407 μου
1656 1371 1701 1399 διὰ
1716 1373 1827 1408 στόμα-

1026 1416 1072 1447 τός
1095 1424 1141 1442 σου
1153 1425 1160 1450 ;
1170 1426 1179 1442 ι
1197 1416 1289 1448 οὕτως
1311 1417 1325 1443 ό
1345 1416 1394 1452 μὲν
1407 1416 1543 1449 διάϐολος,
1557 1417 1645 1444 καίτοι
1659 1417 1749 1446 λαλῶν
1762 1419 1818 1445 άπὸ

1025 1461 1079 1488 τῶν
1103 1462 1228 1498 Γραφῶν,
1255 1462 1410 1497 πεφίμωται
1427 1462 1503 1498 παρὰ
1517 1463 1564 1490 τοῦ
1580 1463 1705 1499 Σωτῆρος
1718 1473 1725 1479 ·
1751 1466 1766 1491 ὁ
1787 1465 1817 1492 δὲ

1028 1508 1160 1543 μακάριος
1172 1507 1288 1540 Παῦλος.
1306 1508 1357 1535 κᾶν
1373 1510 1405 1535 ἑκ
1418 1509 1472 1535 τῶν
1488 1508 1587 1541 ἔξωθεν
1604 1509 1671 1544 λαλῇ
1682 1518 1689 1524 ·
1712 1519 1720 1535 ι
1736 1511 1816 1546 Κρῆ-

1026 1561 1072 1585 τες
1088 1553 1130 1579 ἀεὶ
1143 1553 1272 1588 ψεῦσται¹
1289 1563 1298 1579 ι
1323 1554 1369 1580 καὶ
1381 1575 1389 1587 ,
1419 1563 1428 1580 ι
1445 1554 1498 1581 Τοῦ
1518 1554 1573 1590 γὰρ
1666 1555 1714 1581 καὶ
1737 1556 1817 1590 γένος

189 1607 199 1623 ι
216 1598 402 1632 Corrumpunt
417 1604 506 1625 mores
536 1597 621 1624 bonos
638 1596 772 1630 colloquia
798 1603 881 1631 prava
911 1597 940 1630 7;
958 1607 967 1622 ι

1035 1600 1125 1634 ισμέν·
1149 1609 1157 1625 ι
1177 1599 1233 1631 καὶ,
1255 1609 1264 1624 ι
1279 1599 1437 1634 Φθείρουσιν
1453 1600 1506 1634 ἢθη
1519 1599 1624 1635 χρηστὰ
1639 1599 1743 1635 ὁμιλίαι
1767 1610 1818 1627 κα-

186 1647 304 1670 attamen
317 1648 426 1670 sanctus
439 1650 499 1669 eum
519 1643 564 1675 sit,
582 1643 652 1676 piam
670 1642 767 1668 retinet
781 1641 945 1669 sententiam
962 1650 969 1668 ε

186 1692 213 1714 et
227 1695 287 1714 cum
301 1687 401 1714 Christi
426 1691 543 1714 mentem
570 1686 679 1719 habeat,
699 1685 823 1720 gentibus
843 1687 971 1722 magister

185 1738 225 1760 est
239 1733 298 1760 lidei
311 1738 338 1760 et
352 1733 483 1764 veritatis,
508 1737 535 1759 et
553 1740 615 1759 cum
636 1732 736 1767 pietate
764 1739 870 1767 semper
883 1732 970 1767 loqui-

186 1784 240 1805 tur.
259 1777 426 1812 Eequidnam
442 1777 494 1804 ﬁde
509 1777 620 1812 dignum
640 1777 711 1804 inest
736 1777 870 1805 Arianicis
887 1785 970 1805 vocu-

185 1823 228 1855 lis,
246 1823 345 1858 quibus
356 1830 437 1850 eruca
450 1827 477 1849 et
491 1823 595 1850 locusta
619 1822 753 1850 Salvatori
784 1823 967 1858 anteponitur,

184 1868 289 1906 ipsique
301 1868 358 1894 hme
373 1867 493 1894 convicia
510 1868 653 1894 dicuntur:
670 1868 822 1902 Aliquando
834 1875 967 1900 noueras,

184 1919 210 1941 et
223 1918 330 1940 creatus
342 1921 382 1946 es,
398 1914 561 1948 alienusque
573 1921 603 1940 es
620 1921 635 1940 a
653 1913 708 1941 Deo
732 1915 882 1941 secundum
904 1915 968 1942 sub-

184 1959 311 1986 stantiam
323 1968 329 1986 :
340 1959 497 1993 nullamque
506 1959 615 1985 demum
630 1967 682 1986 non
695 1958 835 1994 proferunt
848 1960 968 1994 blasphe-

186 2004 285 2032 miam!
302 2003 441 2038 Propalam
452 2007 526 2030 certe
536 2001 648 2034 iaciunt,
661 2009 690 2029 se
700 2002 773 2029 nulla
782 2003 833 2030 alia
843 2003 877 2030 de
891 2009 973 2029 causa

186 2059 246 2078 eum
262 2058 358 2085 magna
378 2049 481 2085 synodo
505 2056 635 2084 pugnare,
652 2055 733 2083 quam
751 2050 821 2082 quod
845 2048 973 2075 Arianam

186 2095 357 2124 ﬂamnaverit
373 2094 509 2121 haeresim.
530 2094 567 2122 Ea
585 2094 666 2121 etiam
682 2093 736 2121 illis
755 2102 836 2121 causa
851 2098 893 2121 est
907 2101 973 2121 eou-

187 2141 373 2170 substantialis
393 2148 486 2168 vocem
506 2140 667 2168 criminandi
692 2140 725 2168 de
741 2147 793 2175 qua
814 2139 866 2175 ipsi
893 2147 976 2175 prave

188 2189 321 2216 sentiunt.
344 2185 372 2213 Si
391 2194 506 2221 namque
528 2190 601 2213 recte
614 2186 768 2217 crederent,
789 2184 895 2213 Patrem
912 2192 976 2213 \‘ere

1025 1644 1088 1671 καί·
1103 1654 1112 1669 ι
1125 1644 1180 1670 ἀλλ’
1193 1644 1278 1679 ὅμως,
1292 1644 1369 1678 ἅγιος
1383 1643 1430 1676 ὣν,
1444 1643 1500 1679 ἔχει
1512 1644 1562 1679 τὴν
1570 1644 1689 1671 διάνοιαν
1703 1645 1817 1680 εὐσεϐῆ·

1025 1689 1132 1717 καὶτοῦ
1149 1690 1267 1725 Χριστοῦ
1280 1689 1343 1716 νοῦν
1359 1689 1428 1725 ἔχων
1440 1709 1447 1721 ,
1464 1690 1621 1722 διδάσκαλός
1642 1690 1819 1717 ὲστινὲθνὼν

1026 1735 1055 1760 ὲν
1069 1733 1159 1760 πίστει
1181 1734 1228 1760 καὶ
1248 1732 1379 1769 ἀληθείᾳ·
1402 1734 1450 1760 καὶ
1468 1733 1486 1760 ἃ
1497 1733 1581 1765 λαλεῖ,
1598 1734 1658 1769 μετ’
1674 1735 1819 1767 εὐσεϐείας

1027 1779 1182 1814 φθέγγεται.
1196 1779 1264 1806 Ποία
1282 1780 1371 1806 τοίνυν
1384 1780 1414 1806 ὲν
1424 1781 1481 1811 τοῖς
1501 1780 1647 1815 ’Λρειανοῖς
1727 1781 1806 1816 ρημα

1026 1825 1094 1856 τίοις
1117 1825 1168 1851 κᾶν
1185 1824 1329 1860 πιθανότης
1354 1825 1437 1857 ἐστὶν,
1453 1825 1483 1851 ὲν
1507 1823 1547 1857 οἶς
1575 1825 1743 1860 προτιμᾶται
1769 1826 1819 1852 τοῦ

1028 1870 1152 1905 Σωτῆρος
1169 1871 1184 1905 ή
1201 1870 1298 1906 κάμπη
1314 1871 1360 1897 καὶ
1377 1871 1393 1905 ἡ
1410 1871 1501 1906 eum.
1518 1871 1563 1897 καὶ
1577 1869 1737 1906 λοιδορεῖται
1752 1871 1821 1906 παρ’

1026 1914 1130 1941 αὐτῶν·
1149 1914 1206 1940 Οὐκ
1229 1912 1263 1949 ἦς
1277 1923 1353 1947 me,
1381 1915 1428 1941 καὶ
1443 1914 1589 1950 ὲκτίσϐης,
1610 1915 1683 1947 ξένος
1698 1924 1728 1941 τε
1757 1916 1820 1941 κατ’

1027 1959 1120 1986 οὐσίαν
1143 1959 1191 1986 τοῦ
1215 1959 1282 1986 Θεοῦ
1296 1960 1454 1994 τυγχάνεις·
1473 1961 1520 1987 καὶ
1539 1961 1606 1992 ὂλως
1622 1961 1698 1987 οῦδὲν
1713 1960 1822 1995 δυσφη-

1024 2001 1088 2036 μίας
1098 2001 1126 2028 ὲν
1144 2001 1236 2032 αὐτοῖς
1249 2000 1476 2035 παραλέλειπται.
1489 2000 1624 2036 Φανεροὺς
1637 2001 1683 2028 οὖν
1698 2002 1818 2034 ἑαυτοὺς

1024 2048 1092 2074 πᾶσι
1105 2047 1281 2078 καθιστῶσιν.
1295 2048 1335 2074 ὅτι
1348 2047 1382 2074 δι’
1398 2047 1476 2074 οὐδὲν
1487 2048 1581 2083 ἕτερον
1597 2048 1729 2083 μάχονται
1744 2049 1817 2083 πρὸς

1024 2094 1074 2129 τὴν
1092 2093 1200 2120 σύνοδον
1218 2093 1328 2127 huiqu
1339 2093 1390 2129 τὴν
1404 2094 1536 2129 μεγάλην,
1547 2094 1564 2129 ἢ
1579 2094 1620 2121 ὅτι
1636 2095 1686 2130 τὴν
1704 2095 1816 2129 ’Δρεια-

1025 2139 1074 2173 νὴν
1091 2138 1196 2173 αἵρεσιν
1219 2138 1374 2174 κατέκρινε.
1393 2140 1443 2166 Διὰ
1463 2139 1543 2166 τοῦτο
1563 2139 1618 2174 γὰρ
1632 2141 1678 2166 καὶ
1699 2142 1751 2175 τὴν
1767 2141 1818 2167 τοῦ

1026 2185 1171 2220 ὀμοουσίου
1188 2184 1260 2217 λέξιν
1275 2185 1459 2217 διασάλλουσι,
1478 2185 1572 2218 κακῶς
1589 2187 1667 2213 αὐτοὶ
1683 2188 1818 2222 φρονοῦν-

188 2233 297 2260 Patrem
319 2231 533 2259 confiterentur:
560 2230 657 2258 Filium
676 2239 739 2258 vero
763 2231 910 2267 genuinum
932 2230 972 2257 Fi-

1035 2237 1072 2260 n;
1087 2230 1135 2258 καὶ
1151 2231 1214 2266 περὶ
1227 2230 1323 2264 αὐτῆς.
1336 2231 1366 2257 Εἰ
1378 2231 1432 2266 γὰρ
1444 2232 1585 2258 ἐπίστευον
1595 2232 1694 2267 ὀρθῶς,
1712 2234 1760 2259 καὶ
1771 2234 1819 2260 τὸν

189 2279 266 2310 lium,
281 2282 308 2305 et
320 2281 415 2304 natura
427 2283 520 2303 verum
531 2278 674 2304 crederent
687 2275 816 2309 Verbum,
829 2281 855 2303 et
867 2277 978 2311 Sapien-

191 2324 254 2351 tiam
281 2323 379 2350 Patris.
408 2323 487 2356 Quod
515 2327 605 2349 autem
630 2323 728 2350 dicitur
751 2330 783 2350 ex
811 2322 865 2350 Deo
879 2322 977 2350 Filium

191 2378 263 2401 esse,
280 2370 303 2396 Il
319 2377 372 2396 non
391 2374 420 2396 ut
436 2369 470 2396 de
480 2368 613 2396 creaturis
629 2367 737 2400 dicitur,
751 2368 786 2395 ita
801 2368 834 2395 do
848 2368 893 2395 illo
906 2367 979 2394 alﬁr-

194 2420 316 2448 marent;
335 2415 382 2442 sed
396 2415 471 2445 illum
483 2415 644 2444 substantia
660 2413 748 2441 Patris
763 2413 902 2448 propriam
919 2421 980 2441 esse

192 2461 296 2499 prolem
311 2461 502 2496 intelligerent,
514 2459 743 2499 quemadmodum
755 2459 883 2495 splendor
894 2467 909 2486 a
921 2460 981 2486 luce

192 2513 281 2535 ortum
302 2506 393 2538 habet,
409 2513 578 2541 nequaquam
596 2505 694 2541 singuli
718 2513 811 2533 eorum
829 2505 924 2532 Patres
942 2504 982 2531 iu-

192 2557 345 2584 eusassent,
370 2561 402 2579 ac
419 2553 509 2587 potius
534 2552 648 2579 ﬁdenter
666 2551 797 2579 dixissent
820 2551 889 2579 bene
904 2558 984 2586 syno-

194 2598 258 2625 dum
289 2598 442 2634 scripsisse,
460 2604 487 2625 et
514 2606 573 2626 eam
600 2605 661 2627 esse
684 2602 784 2626 rectam
811 2597 845 2624 de
868 2597 982 2626 Domino

196 2649 288 2672 nostro
299 2644 364 2672 Jesu
380 2644 487 2672 Christo
504 2644 594 2673 ﬁdem.

233 2777 240 2791 ¹
256 2775 359 2803 Coloss.
377 2783 406 2801 n.
425 2776 449 2802 9.

499 2777 508 2791 ’
525 2776 602 2803 Joan.
617 2784 635 2808 ι,
650 2775 693 2803 l6.

197 2810 207 2826 ’
222 2811 231 2838 Ι
247 2812 310 2838 Cor.
330 2818 373 2843 XV,
391 2811 433 2838 55.

742 2777 752 2792 '
769 2777 868 2804 Ezecb.
887 2786 943 2809 XVI,
961 2779 1005 2806 23.

1030 2276 1079 2310 μὲν
1096 2276 1203 2310 Πατέρα
1218 2276 1327 2311 Πατέρα
1342 2276 1449 2311 άληθῶς
1466 2277 1631 2311 ὠμολάγουν,
1648 2279 1693 2304 τὸν
1708 2278 1736 2304 δὲ
1751 2278 1820 2304 Υίὸν

1030 2321 1140 2355 γνήσιον
1153 2320 1217 2346 Υἱὸν
1232 2321 1279 2347 καὶ
1303 2321 1382 2354 φύσει
1397 2321 1523 2356 ἀληθινὸν
1537 2323 1633 2356 Λόγον,
1648 2324 1692 2349 καὶ
1718 2323 1822 2356 Σοφίαν

1030 2367 1171 2393 ὲπίστευον
1186 2363 1256 2392 εἶναι
1279 2366 1327 2393 τοῦ
1343 2367 1448 2402 Πατρός
1458 2374 1466 2382 θ
1483 2368 1514 2394 τό
1534 2376 1563 2394 τε
1577 2369 1608 2394 ὲκ
1622 2368 1669 2394 τοῦ
1691 2368 1762 2395 θεοῦ
1776 2370 1824 2396 λέ-

1030 2419 1090 2446 γειν
1100 2411 1146 2438 τὸν
1163 2413 1236 2444 Υἱδν,
1258 2413 1281 2438 εί
1300 2413 1347 2447 μὴ,
1365 2412 1459 2448 ὥσπερ
1482 2413 1590 2447 λέγεται
1606 2415 1671 2449 περὶ
1689 2415 1743 2441 τῶν
1761 2424 1824 2442 κτι-

1033 2457 1154 2490 σμάτων,
1169 2456 1254 2488 οὕτως
1269 2457 1363 2491 ελεγον
1379 2459 1426 2484 καὶ
1440 2458 1504 2492 περὶ
1519 2458 1612 2490 αὐτοῦ,
1629 2458 1697 2485 ἀλλὰ
1713 2459 1765 2494 τῆς
1777 2460 1825 2486 οὗ·

1034 2503 1094 2533 σίας
1112 2502 1158 2528 τοῦ
1184 2502 1289 2537 Πατρὸς
1309 2503 1375 2529 ἴδιον
1389 2503 1469 2530 αὑτὸν
1484 2504 1574 2530 ἐνόουν
1590 2502 1659 2530 εἶναι
1684 2505 1823 2540 γέννημα,

1034 2548 1071 2579 ὡς
1083 2548 1139 2574 ἔστι
1153 2548 1182 2575 τὺ
1192 2548 1361 2583 άπιύγασμα
1373 2549 1404 2575 ὲκ
1415 2549 1463 2575 τοῦ
1477 2550 1565 2583 φωτός
1578 2558 1586 2565 ·
1595 2550 1645 2576 οὐκ
1657 2549 1689 2576 ἂν
1704 2550 1825 2582 ἕκαστος

1035 2596 1124 2623 αὐτῶν
1141 2596 1288 2631 κατηγόρει
1310 2596 1364 2622 τῶν
1381 2597 1527 2632 Πατέρων·
1549 2597 1606 2623 ἀλλ’
1622 2597 1767 2632 ιοάρρουν,
1781 2599 1825 2625 ὅτι.

1035 2643 1125 2671 καλῶς
1147 2642 1265 2677 ἔγραψεν
1280 2643 1296 2677 ἡ
1318 2642 1427 2672 σύνοδος
1441 2651 1448 2658 ·
1468 2644 1514 2669 καὶ
1526 2643 1612 2674 οὕτως
1628 2644 1703 2670 ἐστὶν
1721 2644 1737 2678 ἡ
1752 2644 1824 2679 ὀροὴ

1036 2688 1099 2722 περὶ
1115 2688 1163 2713 τοῦ
1181 2688 1284 2722 Κυρίου
1300 2688 1378 2721 ἡμῶν
1403 2688 1492 2722 Ἰησοῦ
1508 2689 1626 2725 Χριστοῦ
1645 2689 1750 2721 πίστις.

1054 2778 1147 2806 διἐιιιη
1166 2786 1237 2811 XLIX,
1265 2780 1305 2806 16.
1345 2781 1354 2795 ³
1374 2779 1426 2806 ἰἰι.
1445 2788 1461 2811 l.
1492 2780 1531 2809 l2.
1571 2782 1580 2796 ‘
1595 2781 1655 2809 Act.
1683 2787 1752 2813 xm,
1776 2780 1821 2809 28-
