1902 3078
73 123 131 157 469

567 127 755 159 PANOPLIA
773 128 1002 160 DOGMATICA.
1027 143 1060 149 -
1079 130 1153 162 TlT.
1175 132 1218 162 XI

1655 134 1715 167 4τό

118 183 192 211 Ἀλλ’
222 182 341 220 ἂσαφὴς,
374 183 467 219 φασιν,
497 184 573 212 tactv
604 185 669 221 ἡμῖν
696 185 750 212 τῶν
780 185 867 212 τοιού-

955 186 1020 219 Sed.
1046 186 1135 220 aiunt,
1160 187 1276 217 obscura
1303 189 1383 218 nobis
1412 193 1455 218 est
1484 189 1584 219 lterum
1610 191 1708 219 verbo—

70 236 130 258 «now
158 226 260 262 λέξεων
281 230 299 265 ή
319 230 433 258 διάνοια.
451 230 508 258 Καὶ
533 229 613 258 τοῦτο
634 231 690 266 γὰρ
717 231 868 267 προεφασί-

77 286 172 310 σαντο,
186 277 313 312 λέγοντες
323 298 330 310 ,
344 278 400 309 ὅτι,
424 278 462 314 μὴ
482 277 623 314 δυνάμενοι
640 277 802 305 καταλαϐεῖν
818 278 866 312 τὴν

78 323 229 358 ἑρμηνείαν
253 323 357 355 αὐτῶν,
387 323 553 359 ἐκϐάλλομεν
568 323 670 356 ταύτας
693 324 742 355 τὰς
770 322 866 355 λέξεις.

72 368 168 395 ιΤοῦτο
184 369 213 395 δὲ
225 369 250 395 εί
266 368 374 403 ἀληθῶς
392 369 501 403 ἔλεγον,
515 369 565 396 οὐκ
583 369 636 396 ἔδει
655 369 744 404 λέγειν
757 369 865 400 αὐτοὺς,

85 413 272 448 Ἐκϐάλλομεν
288 413 405 445 ταύτας·
422 414 479 441 ἀλλ’
498 413 591 449 ἠξίουν
680 414 775 450 μαθεῖν
791 414 867 450 παρὰ

78 458 134 484 τῶν
146 459 346 494 ἐπισταμένων,
361 459 421 486 ἐπεὶ
437 459 572 494 ὀφείλουσι
587 468 630 494 γε,
643 460 689 487 καὶ
704 461 774 496 ἅπερ
786 459 819 486 ἃν
838 460 867 486 ὲν

78 505 140 536 ταῖς
155 503 241 535 θείαις
254 505 374 540 Γραφαῖς
388 504 425 540 μὴ
439 505 570 540 νοήσωσιν
583 505 732 537 ἐκϐάλλειν,
743 506 789 532 καὶ
800 514 867 532 κατ-

77 550 192 584 ηγορῖῖν
216 550 278 581 τοὺς
305 549 463 585 γράᾷαντας
572 551 652 578 αὐτὰ.
683 550 762 577 Ἀλλὰ
789 550 868 577 τοῦτο

69 584 185 630 ὶμᾶλλον
201 595 357 630 αἱρετικιῖΝ,
371 596 418 622 καὶ
431 595 481 630 οὐχ
495 594 572 630 ἡμῶν
582 595 636 622 τῶν
654 595 825 630 Χριστιανῶν
837 595 868 622 τὸ

78 640 220 676 τόλμημα.
238 640 272 667 Ἀ
288 641 341 677 γὰρ
352 641 502 677 ἀγνοοῦμεν
517 642 547 668 ὲν
562 643 618 673 τοῖς
627 641 742 676 λογίοις,
754 642 804 668 οὐκ
820 643 867 668 ὲκ-

78 685 228 722 6ἀλλομεν,
243 685 310 713 ἀλλὰ
323 687 458 722 ζητοῦμεν
471 687 518 718 οὒς
529 687 703 722 ἀπεκάλυψεν
781 688 796 714 ὸ
811 687 869 714 Κύ-

80 740 150 768 ριος,
165 732 213 758 καὶ
226 732 292 767 παρ’
308 732 396 759 αὐτῶν
408 732 552 768 μανθάνειν
564 732 702 768 ἀξιοῦμεν.
719 732 826 768 Ἐπειδὴ
839 733 868 759 δὲ

79 776 129 803 καὶ
148 775 222 803 οὕτω
235 777 448 812 προφασίζονται
459 777 508 813 τὴν
520 777 654 812 ἀσάφειαν
669 776 726 804 τῶν
739 777 868 804 τοιούτων

78 822 181 854 λέξεων
193 843 200 855 ,
219 822 436 858 ὁμολογείτωσαν
453 822 519 857 γοῦν
529 822 564 849 τὰ
576 821 655 854 εὐθὺς
673 823 867 858 ιπιφερόμενα,

920 239 981 259 rum
1007 233 1155 261 sententia.
1174 233 1300 274 Eaertim
1324 235 1375 263 fuit
1395 235 1483 264 futilis
1506 237 1647 266 hominum
1661 246 1710 266 ex-

923 275 1030 303 cusatio
1047 283 1054 302 :
1071 283 1134 304 eum
1151 283 1206 303 non
1218 277 1356 311 possimus
1382 277 1526 306 verborum
1542 279 1704 314 interpreta-

923 321 1024 348 tionem
1038 322 1158 357 assequi,
1173 322 1217 349 illa
1232 322 1384 357 rejicimus.
1398 322 1431 349 At
1449 323 1472 350 si
1489 323 1595 351 sincero
1608 324 1705 359 loque-

925 370 1018 394 rentur
1037 368 1139 401 animo,
1154 375 1208 395 non
1221 367 1325 396 dictum
1343 368 1475 403 oportuit,
1491 368 1535 396 illa
1548 369 1705 403 rejicimus;

921 412 969 441 sed
1080 413 1242 441 seiscitatnri
1259 419 1337 441 erant
1350 418 1381 441 ut
1395 423 1410 441 a
1428 414 1523 449 peritis
1536 415 1685 442 ediscerent
1697 424 1705 442 :

923 458 1024 494 alioqui
1044 459 1168 494 rejiciant
1184 460 1314 495 quidquid
1325 460 1352 487 in
1364 460 1513 495 Scripturis
1540 460 1639 488 divinis
1653 469 1705 488 non

923 504 1085 540 intelligunt,
1101 512 1203 541 eosque
1218 507 1263 541 qui
1294 506 1338 534 illa
1356 506 1490 541 scripsere
1515 506 1704 534 criminentur.

923 549 975 578 Sed
989 550 1174 578 han-eticorum
1189 552 1278 586 potius
1294 560 1376 587 quam
1398 556 1521 580 nostrum
1533 552 1704 580 Christiano-

923 605 982 624 rum
1003 596 1084 624 fuerit
1099 598 1212 625 audacia
1233 598 1378 633 ejusmodi.
1401 598 1468 631 Qum
1488 599 1561 626 enim
1578 599 1605 626 in
1619 599 1706 626 sacris

921 642 1037 677 eloquiis
1051 650 1105 670 non
1126 643 1311 679 intelligimus,
1327 652 1379 671 non
1401 645 1462 671 ideo
1477 644 1627 679 rejicimus,
1657 645 1704 672 scd

922 689 956 716 ab
973 688 1006 716 iis
1019 689 1179 724 quaerimus.
1200 689 1235 716 ab
1249 690 1284 717 iis
1295 690 1418 718 ediscere
1435 690 1617 724 postulamus,
1643 691 1705 725 qui-

921 735 972 762 bus
984 734 1115 763 Dominus
1131 735 1267 763 revelavit.
1282 735 1390 768 Verum,
1403 735 1466 770 quia
1482 743 1542 762 eam
1557 735 1703 762 verborum

921 782 1113 810 obscuritatem
1129 785 1290 816 praetexunt,
1308 781 1444 809 fateantur
1455 789 1520 818 ergo
1532 790 1592 816 quae
1612 782 1703 810 statim

922 828 1085 860 inferuntur,
1115 832 1143 855 et
1170 828 1342 856 anathemate
1361 829 1490 856 damnent
1510 835 1557 855 eos
1571 828 1618 863 qui
1643 836 1704 855 scn-

79 868 127 895 καὶ
139 867 412 904 ἀναθεματιζέτωσαν
422 869 485 901 τοὺς
496 868 671 904 φρονοῦντας,
684 869 713 902 ἐξ
723 869 772 895 οὐκ
783 868 867 896 ὄντων

921 874 999 904 tiunt,
1010 881 1042 901 ex
1055 881 1109 901 non
1126 874 1296 902 exstantibus
1308 882 1369 902 esse
1382 874 1492 908 Filium,
1505 880 1532 902 et
1551 882 1605 902 non
1619 873 1704 902 fuisse

79 912 151 941 εἶναι
166 914 212 941 τὸν
228 914 304 947 Υίὸν,
328 916 385 947 καὶ,
401 915 457 942 οὐκ
469 913 504 950 ἦν
527 914 591 951 πρὶν
605 915 722 950 γεννηθῇ
733 935 740 947 ,
760 915 808 941 καὶ
827 914 868 941 ὅτι

79 961 185 995 κτίσμα
201 960 249 987 καὶ
270 960 374 995 ποίημά
395 961 468 987 ἐστιν
484 961 498 987 ό
517 960 564 987 τοῦ
586 960 653 988 Θεοῦ
676 960 761 995 Λόγος
775 969 781 976 ·
809 960 867 993 καὶ,

80 1006 207 1041 Τρεπτός
223 1006 281 1032 ἐστι
372 1006 405 1041 τῇ
421 1006 516 1040 φύσει·
539 1006 601 1039 καὶ,
622 1006 666 1040 Ἐξ
685 1007 780 1041 ἐτέρας
800 1007 867 1034 ὐπο-

81 1051 206 1083 στάσεως
216 1061 223 1066 ·
237 1051 284 1078 καὶ
298 1052 366 1083 ὅλως
377 1051 648 1087 ἁναϐεματιζὲτωσαν
660 1061 709 1088 την
729 1052 868 1089 Ἃρειανὴν

81 1098 200 1133 αἵρεσιν,
213 1097 263 1132 τὴν
275 1097 339 1130 ὲφευ
345 1096 443 1132 ροῦσαν
454 1097 502 1132 τὴν
515 1097 641 1133 τοιαύτην
733 1096 868 1124 ἀσέϐειαν.

81 1143 138 1168 Καὶ⁸
157 1142 250 1168 λοιπὸν
274 1142 311 1178 μὴ
330 1142 493 1177 λεγέτωσαν,
513 1142 693 1178 Ἐκϐάλλομεν
711 1142 760 1174 τὰς
771 1143 867 1176 λέξεις,

80 1187 141 1213 ἀλλ’
154 1187 196 1213 δτι
207 1186 289 1213 Οὔπω
303 1186 416 1222 νοοῦμεν
429 1187 513 1218 αὑτάς
522 1194 528 1201 ·
541 1186 585 1213 ῐνα
597 1186 668 1213 οὕτω
679 1186 794 1222 πιθανήν
808 1195 869 1213 τινα

80 1233 221 1268 πρόφασιν
234 1233 315 1267 ἔχωσι
332 1232 378 1259 τοῦ
388 1232 578 1268 παραιτεῖσθαι
594 1232 704 1264 ταύτας.
719 1230 756 1259 Εὖ
770 1232 798 1258 δὲ
808 1230 867 1260 οῖδα

80 1278 130 1305 καὶ
147 1278 309 1312 πέπεισμαι,
326 1278 371 1304 καὶ
386 1278 462 1304 αὑτοὶ
478 1277 506 1304 δὲ
521 1277 599 1304 τοῦτο
622 1277 812 1312 γινώσκουσιν,
827 1278 868 1304 ὅτι

79 1323 170 1350 ταῦτα
195 1323 243 1350 ἐὰν
275 1322 473 1358 ὁμολογήσωσι,
502 1324 548 1350 καὶ
574 1323 791 1358 ἁναθεματίσωσι
819 1324 868 1359 τὴν

87 1368 231 1404 ’Λρειανὴν
246 1368 364 1403 αἵρεσιν,
380 1369 430 1394 οὐκ
439 1368 601 1404 ἀρνήσονται
613 1368 740 1400 κάκείνας
756 1368 804 1400 τὰς
819 1368 868 1403 τῆς

81 1415 194 1442 συνόδου
210 1414 306 1447 λέξεις.
320 1415 368 1441 Διὰ
380 1414 460 1441 τοῦτο
471 1414 525 1450 γὰρ
540 1415 586 1441 καὶ
601 1415 624 1441 oi
640 1414 759 1450 Πατέρες
769 1434 777 1447 ,
791 1416 868 1450 είρη-

80 1461 162 1492 κότες
175 1461 208 1487 ὲκ
218 1461 268 1496 τῆς
282 1461 375 1491 οὐσίας
387 1461 514 1497 γεννητὸν
527 1460 573 1487 τὸν
590 1460 654 1487 Υἱὺν
676 1460 816 1496 ὁμοούσισν
829 1461 868 1497 τῷ

81 1506 184 1541 Ila-:91,
199 1505 279 1536 εὐθὺς
289 1504 427 1540 ἀπήγαγον
438 1513 446 1520 ·
463 1505 526 1536 τοὺς
539 1503 567 1531 δὶ
586 1503 714 1538 λέγοντας
729 1503 763 1531 τὰ
778 1512 867 1539 προει-

920 924 1065 955 antequam
1082 921 1248 955 gigneretur.
1273 925 1301 948 et
1326 925 1480 949 creaturam
1507 921 1704 955 opiﬁciumque

920 973 980 994 esse
998 966 1043 994 Dei
1068 966 1210 996 Verbum:
1233 973 1331 996 natura
1356 969 1487 996 mutabile
1518 977 1590 1001 esse,
1625 974 1652 996 et
1668 976 1700 996 cx

921 1012 973 1040 alia
986 1012 1138 1040 substantia
1151 1022 1158 1046 ;
1171 1013 1337 1048 demumque
1358 1013 1487 1041 Arianam
1502 1014 1634 1041 damnent
1649 1013 1703 1041 hze-

920 1060 1002 1088 resim
1023 1067 1084 1095 qur
1103 1059 1260 1095 huiusmodi
1283 1059 1447 1094 impietatem
1475 1059 1649 1094 excogitavit.
1665 1058 1704 1086 Nc

920 1105 1159 1140 dicantdeinceps,
1177 1104 1215 1132 Ea
1232 1104 1312 1132 verba
1329 1104 1465 1139 rejicimus
1480 1113 1487 1137 ;
1505 1104 1562 1137 sed,
1577 1104 1702 1132 Nondum

921 1153 965 1179 illa
981 1151 1174 1185 intelligimus;
1193 1155 1223 1177 ut
1246 1150 1286 1178 sic
1302 1150 1475 1178 verisimilem
1502 1158 1532 1178 ea
1560 1151 1703 1178 recusandi

920 1203 1029 1224 causam
1045 1195 1166 1222 atl‘erant.
1183 1194 1269 1225 Probe
1295 1195 1352 1222 scio
1372 1199 1462 1222 autem
1485 1201 1518 1222 ac
1533 1195 1703 1230 exploratum

922 1243 1017 1274 habeo,
1035 1242 1106 1276 quod
1128 1241 1179 1276 ipsi
1206 1247 1314 1275 quoque
1327 1248 1380 1267 non
1405 1241 1541 1275 ignorant,
1558 1249 1605 1268 eos
1616 1241 1638 1268 si
1654 1242 1703 1269 ist:-

921 1288 1101 1316 conﬁteantur
1114 1291 1142 1314 et
1161 1287 1289 1314 Arianam
1305 1285 1421 1312 haeresin
1444 1286 1616 1313 anathemate
1627 1286 1704 1313 dant-

922 1339 995 1367 nent,
1012 1333 1108 1369 synodi
1133 1332 1214 1360 verba
1243 1339 1296 1358 non
1325 1335 1482 1365 negaturos.
1512 1331 1615 1358 Idcirco
1630 1331 1703 1358 enim

921 1381 1014 1408 l’atrcs
1026 1387 1088 1408 cum
1104 1379 1238 1406 dixissent
1253 1385 1286 1405 ex
1299 1377 1453 1405 substantia
1476 1375 1567 1404 Patris
1581 1376 1702 1411 genitum

922 1427 1018 1453 Filium
1033 1432 1094 1453 esse
1108 1424 1182 1451 Patri
1197 1422 1468 1455 consubstantialem,
1494 1422 1586 1449 statim
1605 1422 1704 1449 intule-

921 1477 985 1500 runt
999 1481 1006 1499 :
1020 1471 1074 1499 Eos
1089 1475 1179 1498 autem
1191 1470 1237 1505 qui
1249 1469 1374 1504 pratdicta
1386 1469 1432 1496 illa
1448 1468 1556 1495 Arianae
1567 1468 1704 1495 haereseos

920 1517 1003 1545 verba
1028 1516 1132 1547 dicunt,
1152 1514 1322 1542 anathemate
1347 1513 1534 1546 damnamus;
1566 1518 1597 1540 ut
1612 1517 1703 1541 osten-

80 1552 207 1588 ρημένα,
222 1553 296 1588 ἅπερ
314 1553 374 1579 ἐστὶ
387 1552 437 1586 τῆς
457 1551 600 1587 ’Λρειανῆς
615 1552 759 1587 αἱρέσεως.
774 1552 1022 1587 ἀναθεματίζομεν.

357 1601 406 1628 Ἐκ
416 1599 470 1634 τῆς
483 1599 589 1634 αὐτῆς.

1238 1600 1279 1628 Ea:
1289 1599 1393 1628 eadem.

122 1650 197 1684 Πρὸς
205 1650 233 1677 δὲ
245 1650 308 1681 τοὺς
315 1649 529 1684 ἀποδεχομένους
538 1651 575 1676 τὰ
585 1649 633 1684 μὶν
641 1649 708 1677 ἄλλα
718 1650 808 1677 πάντα
815 1650 867 1677 τῶν

958 1649 1038 1678 Viros
1050 1654 1141 1678 autem
1155 1651 1201 1686 qui
1215 1651 1267 1678 alia
1281 1651 1387 1684 quidem
1396 1650 1486 1678 omnia
1493 1649 1592 1678 Nicaeae
1601 1653 1701 1685 scripta

81 1697 113 1722 ἓν
129 1695 235 1731 Νικαίᾳ
251 1695 426 1729 γραφέντων,
440 1694 506 1729 περὶ
518 1695 546 1720 δὲ
568 1695 648 1729 μόνον
674 1695 706 1721 τδ
725 1695 869 1729 ὁμοούσιοι

79 1740 381 1777 ἁμφιόἁλλοντας,χρὴ
395 1741 431 1775 μὴ
443 1741 480 1772 ὡς
492 1741 560 1775 πρὺε
576 1741 690 1776 ἐχθροὺς
704 1742 866 1768 διακεῖσθαι·

81 1789 132 1815 καὶ
146 1789 201 1822 γὰρ
212 1788 260 1814 καὶ
269 1789 285 1822 ἡ
292 1789 353 1822 μιίς
363 1789 414 1822 οὐχ
422 1787 459 1817 ὡς
468 1786 538 1822 πρὸς
546 1786 763 1821 Ἀρειομανίτας,
771 1787 826 1814 οὐδ’
832 1788 868 1819 ὡς

80 1828 253 1864 μαχομένους
267 1829 334 1863 πρὸς
349 1829 411 1859 τοὺς
424 1828 548 1862 Πατέρας
564 1827 737 1862 ἐνιστάμεθα,
757 1827 814 1854 ἀλλ’
831 1826 868 1857 ὡς

79 1873 192 1906 ἀδελφοὶ
209 1871 276 1906 πρὸς
288 1871 417 1906 ἀδελφοὺς
433 1871 612 1906 διαλεγόμεθα
625 1892 632 1903 ,
647 1872 696 1906 τὴν
717 1871 801 1906 αὐτὴν
819 1871 869 1906 μὲν

79 1919 150 1953 ἡμῖν
163 1917 281 1944 διάνοιαν
293 1917 414 1951 ἔχοντας,
430 1917 494 1952 περὶ
504 1917 533 1944 δὲ
542 1916 573 1943 τὸ
588 1916 673 1951 ὄνομα
688 1916 767 1951 μόνον
779 1916 869 1943 διστά-

80 1963 191 1993 ζοντας.
206 1961 261 1987 Καὶ
272 1961 326 1996 γὰρ
338 1960 529 1996 ὁμολογοῦντες
542 1961 574 1988 ἐκ
589 1961 638 1995 τῆς
649 1960 743 1992 οὐσίας
755 1960 802 1986 τοῦ
817 1961 869 1986 Πα-

79 2006 148 2041 τρὸς
161 2004 240 2037 εῖναι,
256 2005 303 2032 καὶ
316 2005 353 2040 μὴ
370 2004 400 2038 ὲξ
423 2004 518 2041 ἐτέρας
534 2004 709 2034 ὑποστάσεως
732 2004 777 2030 τὸν
793 2003 868 2036 Υίὸν,

79 2051 186 2085 κτίσμα
203 2057 231 2077 τε
245 2050 282 2085 μὴ
293 2048 374 2082 εἶναι,
389 2050 456 2085 μηδὲ
473 2050 579 2084 ποίημα
593 2049 692 2081 αὐτὸν,
713 2048 782 2075 ἀλλὰ
801 2049 867 2083 γνή-

80 2105 141 2123 σιον
153 2096 199 2122 καὶ
212 2096 290 2130 φύσει
303 2096 424 2131 γέννημα
436 2095 527 2127 arcu»;
541 2103 571 2121 τε
657 2094 737 2121 αὐτὸν
751 2095 869 2120 συνεῖναι

78 2142 122 2177 τῷ
134 2142 222 2177 Πατρὶ
237 2142 323 2175 Λόγον
340 2142 404 2168 ὄντα
420 2142 468 2168 καὶ
488 2142 588 2175 Σοφίαν
599 2162 605 2174 ,
626 2141 656 2168 οὑ
676 2141 784 2177 μακρὰν
801 2141 869 2167 εἰσιν

78 2187 262 2220 ἀποδέξασθαι
274 2188 321 2215 καὶ
331 2187 378 2222 τὴν
392 2187 438 2214 τοῦ
522 2187 664 2222 ὁμοουσίου
677 2186 758 2219 λέξιν.
776 2186 869 2212 Τοιοῦ-

78 2242 129 2265 τος
139 2234 167 2260 δέ
181 2235 238 2260 ἐστι
252 2233 390 2264 Βασίλειος
405 2235 418 2259 ὁ
435 2233 489 2260 ἀπὸ
509 2234 661 2270 Ἀγκύρας,
677 2232 783 2269 γράψας
807 2232 870 2268 περὶ

79 2280 214 2311 πίστεως.
227 2279 263 2306 Τὸ
276 2279 325 2314 μὲν
339 2279 393 2314 γὰρ
403 2279 493 2314 ὅμοιον
510 2279 587 2314 μόνον
602 2279 692 2312 λέγειν
704 2279 763 2305 κατ’
777 2278 870 2304 οὐσίαν

79 2326 114 2352 οὐ
128 2325 235 2356 πάντως
251 2325 377 2360 σημαίνει
388 2326 436 2351 καὶ
447 2326 478 2351 τὸ
492 2327 524 2351 ἐκ
535 2326 584 2360 τῆς
596 2325 698 2357 οὐσίας,
716 2325 745 2358 ἐξ
762 2321 792 2352 οὗ
804 2324 871 2359 μᾶλ-
887 2325 908 2352 Ι)

80 2371 140 2402 λον,
154 2371 192 2402 ὡς
208 2371 253 2397 καὶ
276 2371 353 2397 αὐτοὶ
376 2372 512 2406 εἰρήκασι,
538 2370 697 2405 σημαίνεται
713 2371 742 2397 τὸ
761 2370 870 2406 γνήσιον

78 2417 131 2443 τοῦ
157 2416 221 2442 Υἱοῦ
246 2417 313 2452 πρὸς
340 2417 386 2443 τὸν
409 2416 527 2451 Πατέρα.
552 2417 604 2442 Καὶ
629 2417 683 2452 γὰρ
712 2417 870 2451 κασσίτερος

78 2462 175 2497 ὅμοιός
268 2463 324 2489 ἐστι
352 2462 430 2496 μόνον
455 2461 493 2496 τῷ
519 2461 647 2497 ἀργύρῳ,
667 2462 716 2487 καὶ
739 2461 819 2493 λύκος
832 2461 871 2495 τῷ

79 2508 158 2539 κυνὶ,
175 2507 222 2534 καὶ
232 2507 330 2542 χαλκὸς
343 2506 477 2541 χρυσίζων
490 2505 529 2541 τῷ
544 2505 664 2541 ἀληθινῷ
684 2505 791 2541 χρυσῷ,
809 2505 870 2532 οὔτε

79 2554 112 2580 δὲ
132 2553 291 2589 κασσίτερος
304 2554 337 2579 ἐκ
348 2552 394 2579 τοῦ
406 2552 526 2587 ἀργύρου
542 2552 688 2587 τυγχάνει,
713 2551 774 2578 οὔτε
791 2552 871 2584 λύκος

79 2599 122 2630 ὡς
142 2599 198 2630 υίὸς
220 2599 268 2625 τοῦ
290 2598 369 2629 κυνὸς
384 2597 417 2624 ἂν
436 2597 587 2633 νομισθείη.
605 2597 714 2632 Ἐπειδὴ
733 2597 760 2623 δὲ
781 2597 827 2623 καὶ
840 2598 872 2624 ὲκ

79 2645 133 2679 τῆς
144 2644 237 2675 οὐσίας
260 2645 308 2671 καὶ
325 2642 491 2679 ὀμοιοούσιον
583 2642 662 2669 αὑτὸν
686 2643 812 2678 εἰρήκασι
825 2663 830 2675 ,
845 2642 871 2669 τί

79 2689 178 2725 ἕτερον
202 2689 378 2724 σημαίνουσιν
401 2689 434 2715 ὲκ
456 2688 557 2716 τούτων
573 2688 589 2722 ἢ
602 2688 632 2714 τὸ
644 2687 802 2723 ὁμοούσιον;
817 2688 872 2715 Καὶ

80 2735 139 2769 γὰρ
149 2734 243 2769 ὥσπερ
262 2735 275 2760 ὁ
288 2733 374 2768 λέγων
391 2733 470 2768 μόνον
484 2732 650 2768 ὁμοιοούσιον
661 2733 690 2759 οὐ
707 2732 814 2764 πάντως
825 2733 872 2759 καὶ

80 2783 114 2807 τὸ
130 2781 162 2807 ὲκ
178 2781 228 2816 τῆς
242 2780 335 2812 οὐσίας
346 2779 486 2814 γνωρίζει,
500 2778 585 2811 οὕτως
598 2779 612 2805 ὁ
628 2778 715 2812 λέγων
731 2778 872 2814 όμοούσιον

83 2827 258 2862 ἀμφοτέρων,
283 2826 327 2853 τοῦ
351 2835 379 2852 τε
399 2825 566 2861 ὁμοιοουσίου
589 2825 635 2852 καὶ
651 2825 697 2851 τοῦ
714 2825 745 2851 ἐκ
762 2825 810 2860 τῆς
828 2825 878 2852 ob:

921 1697 1067 1732 recipiunt,
1082 1697 1116 1724 de
1135 1697 1194 1724 solo
1207 1702 1297 1724 autem
1312 1696 1557 1725 consubstantialis
1570 1697 1702 1724 vocabulo

922 1743 1072 1778 ambigunt,
1089 1750 1142 1770 non
1160 1748 1190 1770 ut
1203 1743 1329 1770 inimicos
1344 1745 1460 1777 spectari
1476 1750 1524 1775 par
1545 1747 1595 1770 est.
1610 1743 1701 1777 Neque

922 1786 993 1813 enim
1015 1787 1088 1814 velut
1104 1787 1299 1820 Ariomanitas,
1328 1792 1374 1814 aut
1389 1786 1501 1814 Patrum
1515 1788 1700 1819 adversarios,

920 1829 1044 1856 homines
1071 1829 1267 1864 aggredimur;
1287 1829 1332 1857 sed
1359 1829 1531 1864 disputamus
1553 1830 1637 1856 Veluti
1647 1829 1698 1857 fra-

920 1878 974 1900 tres
987 1880 1050 1899 cum
1062 1872 1202 1905 fratribus,
1228 1874 1275 1908 qui
1296 1874 1390 1901 eadem
1409 1881 1462 1908 qua
1480 1881 1530 1901 nos
1550 1878 1614 1901 sunt
1640 1882 1700 1901 scn-

919 1919 1013 1951 tentia,
1025 1919 1083 1946 solo
1097 1918 1207 1945 nomine
1221 1919 1249 1945 in
1266 1919 1478 1946 controversiam
1497 1919 1622 1946 adducto.
1632 1918 1700 1946 Cum

919 1965 991 1993 enim
1007 1965 1189 1992 conﬁteantur
1204 1971 1238 1991 ex
1263 1964 1416 1992 substantia
1445 1964 1532 1992 Patris
1554 1971 1581 1992 et
1598 1972 1651 1992 non
1668 1972 1701 1992 ex

919 2011 970 2038 alia
981 2010 1130 2038 substantia
1143 2017 1203 2038 esse
1218 2008 1327 2043 Filium,
1342 2017 1392 2037 ncc
1410 2016 1563 2038 creaturam
1587 2011 1629 2037 vel
1644 2011 1702 2045 opi-

919 2056 1011 2084 ticium
1042 2056 1118 2083 illum
1139 2063 1225 2084 esse:
1253 2056 1301 2083 sed
1328 2056 1472 2090 genuinam
1497 2056 1702 2090 naturalemque

919 2103 1034 2138 prolem,
1051 2102 1123 2129 etab
1136 2107 1238 2129 :rterno
1248 2109 1301 2129 una
1315 2109 1377 2128 cum
1391 2101 1471 2129 Patre
1484 2101 1602 2129 Verbum
1614 2107 1640 2128 et
1652 2101 1702 2129 Sa.

919 2149 1049 2184 pientiam
1062 2148 1205 2181 exsistere,
1231 2155 1285 2175 non
1301 2148 1380 2182 longe
1393 2148 1493 2175 absunt
1515 2155 1530 2174 a
1548 2147 1702 2182 recipienda

919 2194 1161 2222 consubstantialis
1173 2201 1250 2221 voce.
1261 2193 1335 2221 Talis
1346 2197 1388 2220 est
1402 2193 1518 2221 Basilius
1530 2193 1645 2228 Ancyrae
1655 2192 1700 2227 qui

908 2240 953 2271 ,dc
964 2239 1016 2267 {ide
1032 2240 1151 2274 scripsit.
1166 2239 1245 2271 Nam,
1259 2240 1282 2268 si
1295 2239 1401 2268 sitniiis'
1410 2243 1514 2266 tantum
1540 2238 1645 2266 dicatur
1661 2245 1703 2266 se-

921 2287 1040 2313 cundum
1057 2285 1250 2318 substantiam,
1265 2285 1291 2312 id
1306 2291 1360 2312 non
1384 2285 1454 2312 idem
1472 2291 1584 2319 prorsus
1599 2284 1702 2318 signiﬁ—

921 2336 1056 2366 catatquc
1070 2331 1134 2358 illud
1152 2339 1204 2358 :ex
1219 2330 1388 2363 substantia;
1419 2338 1474 2364 quc
1498 2331 1581 2358 verbo
1604 2331 1703 2366 magis.

921 2382 951 2405 ut
967 2378 1016 2412 ipsi
1030 2378 1132 2409 dixere,
1148 2375 1236 2403 Patris
1251 2383 1408 2411 germanum
1425 2375 1522 2403 Filium
1539 2377 1625 2411 ipsum
1643 2384 1704 2404 csse

921 2425 1098 2459 signiﬁcatur.
1119 2422 1186 2450 Nam
1200 2427 1326 2450 stannum
1342 2426 1383 2449 cst
1401 2427 1513 2456 argento
1531 2423 1630 2455 simile,
1653 2431 1699 2450 ca-

921 2470 963 2497 nis
977 2469 1051 2503 lupo,
1070 2468 1256 2496 aurichalcum
1276 2475 1340 2495 vero
1361 2475 1440 2499 auro,
1457 2475 1506 2494 nec
1526 2472 1616 2494 tamen
1630 2472 1704 2494 stau-

922 2523 986 2542 num
1001 2523 1034 2542 ex
1053 2519 1164 2550 argento
1177 2518 1229 2546 est.
1250 2521 1301 2542 nec
1323 2513 1404 2549 lupus
1425 2513 1502 2541 canis
1521 2514 1593 2541 tilius
1610 2513 1703 2540 haberi

922 2555 1020 2595 potest.
1035 2560 1259 2595 Quandoquidem
1286 2566 1376 2588 autem
1394 2565 1422 2587 et
1447 2568 1479 2587 ex
1497 2560 1660 2591 substantia.
1677 2564 1705 2587 et

922 2606 1081 2634 substantiae
1102 2606 1220 2633 similem
1233 2614 1295 2633 eum
1311 2613 1372 2633 esse
1395 2606 1531 2637 dixerunt,
1549 2607 1614 2641 quid
1631 2606 1703 2632 aliud

923 2653 965 2680 his
982 2652 1137 2687 signiﬁcant
1160 2660 1241 2687 quam
1257 2660 1318 2679 ctlm
1342 2659 1403 2680 esse
1426 2651 1704 2680 consubstantialem?

923 2698 1040 2730 Etenim,
1055 2699 1126 2726 sicut
1140 2699 1186 2733 qui
1197 2698 1260 2726 dicit
1273 2702 1387 2730 tantum,
1403 2698 1561 2725 substantia:
1576 2697 1702 2728 similcm,

923 2752 977 2771 non
993 2751 1103 2778 prorsus
1118 2744 1219 2771 indicat
1242 2751 1304 2770 eum
1329 2751 1361 2770 ex
1387 2742 1537 2770 substantia
1562 2749 1642 2772 esse;
1664 2742 1704 2768 sic

922 2790 968 2826 qui
988 2790 1064 2823 dicit,
1078 2790 1347 2822 consubstantialem,
1363 2789 1504 2822 utriusque
1517 2787 1581 2814 dicti
1593 2792 1702 2814 sentrzr

923 2837 988 2863 tiam
1017 2835 1213 2869 complectitur,
1242 2839 1279 2868 ct,
1301 2834 1459 2862 substantiae
1492 2832 1599 2862 similis,
1617 2837 1652 2863 rt,
1670 2839 1701 2858 cx
