1902 3078
214 110 262 144 471

215 233 279 252 num
296 233 358 253 esse
373 229 537 255 creaturam.
553 229 579 252 et
602 229 702 260 negant
714 227 849 263 ~genitum
865 235 926 254 esse
951 227 997 254 Fi-

216 271 293 303 lium,
307 278 339 297 ex
357 270 483 297 humanis
512 271 643 305 exemplis
671 271 718 298 ﬂlii
733 279 765 298 ac
786 273 870 306 patris
884 280 932 299 sua
948 272 996 299 ad-

215 323 323 343 versum
343 315 404 342 illos
424 320 583 349 argumenta
598 316 711 343 mutuati
745 321 819 349 sunt,
842 317 892 344 bac
908 322 997 345 tamen

213 360 382 394 exceptione,
397 359 469 393 quod
486 358 557 386 Deus
571 367 624 386 non
643 360 678 387 sit
695 365 724 387 ut
737 361 828 395 homo,
843 369 931 397 neque
945 362 997 389 hu-

214 407 287 433 mani
401 410 495 440 partus
512 406 607 434 similis
633 407 670 434 sit
696 407 756 434 Filii
779 409 926 443 generatio,
950 410 998 437 sed

215 452 277 478 ralis
290 451 324 478 sit
337 451 426 485 qualis
440 451 494 478 Deo
506 451 642 485 convenit,
660 456 687 479 et
703 460 718 479 a
730 453 809 480 nobis
823 454 934 489 intelligi
948 455 997 482 de-

214 496 269 523 bet.
284 495 350 522 Nam
369 502 396 523 et
406 495 513 524 Patrem
530 496 631 524 fontem
655 499 795 533 sapientiae
813 500 906 527 dixere
916 505 998 535 atque

215 542 286 573 \itae,
299 541 396 568 Filium
407 549 469 569 vero
484 542 655 576 splendorem
671 548 779 571 aeterne
800 544 878 578 lucis,
891 545 997 580 ipsum-

213 594 266 620 que
277 594 336 614 esse
351 586 432 614 fontis
449 593 566 622 parturn.
579 589 626 622 qui
644 589 679 616 ait
691 598 697 616 :
710 598 720 614 ε
732 589 788 624 Ego
804 598 864 617 sirm
880 591 933 618 vita
950 594 959 609 ⁸
970 601 995 623 ,ι

213 638 250 666 et,
265 643 272 658 r
287 632 342 668 Ego
359 632 497 668 Sapientia
511 634 604 661 habito
619 635 646 662 in
659 635 773 664 consilio
802 635 841 663 ⁸.»
858 636 942 664 Porro
955 637 998 665 lu-

213 680 253 706 cis
264 680 447 714 splendorem,
462 679 547 707 fontis
569 685 688 715 partum,
703 681 792 709 Patris
806 681 917 715 Filium,
928 691 997 718 quo-

214 726 295 752 modo
311 729 372 759 apte
397 726 590 757 norninareris.
621 727 692 759 nisi.
718 729 998 757 consubstantialem?

214 770 329 805 Ergone,
341 779 403 798 cum
413 772 553 799 hominum
569 773 658 808 proles
680 773 801 808 ejusdem
815 776 852 802 sit
868 775 996 804 substan-

214 817 267 849 tiar,
285 824 381 846 cavere
392 822 508 852 oportet,
521 825 554 845 ne
583 819 606 846 is
626 820 673 854 qui
697 819 782 847 Filius
805 821 914 854 dicitur,
929 829 996 849 con-

214 863 400 891 substantialis
415 869 443 891 et
463 865 520 900 ipse
543 866 709 898 nominetur.
731 872 760 894 ut
777 867 916 895 hominum
931 876 995 904 pro-

214 909 252 936 les
269 919 274 935 :
294 909 365 936 absit
380 910 386 935 ι
403 917 574 944 nequaquam
598 919 628 938 se
650 912 687 939 ita
706 920 749 940 res
763 911 853 940 habet.
873 912 924 941 Sed
943 914 996 942 hoc

211 953 290 981 facile
307 954 436 987 solvitur;
459 954 544 982 Filius
558 957 658 991 quippe
682 955 800 985 \‘erbum
817 963 844 985 et
859 958 994 993 Sapientia

212 1006 253 1027 est
267 998 368 1032 Patris,
385 1001 485 1034 quibus
515 1000 604 1029 Patris
626 1004 826 1036 generationem
842 1003 994 1038 impassibi-

212 1046 264 1072 lem
277 1049 304 1072 et
323 1046 465 1073 indivisam
479 1054 539 1073 esse
553 1047 731 1081 signiﬁcatur.
757 1048 823 1075 Nam
848 1056 882 1075 ne
907 1049 993 1076 homi-

213 1099 277 1118 num
290 1091 398 1126 quidern
410 1092 521 1119 verbum
545 1100 609 1126 pars
625 1100 718 1120 eorum
742 1098 793 1125 est,
818 1101 905 1129 neque
931 1102 993 1121 cum

211 1137 328 1170 quadam
342 1137 469 1172 passione
486 1137 520 1164 ab
532 1137 584 1165 illis
597 1138 734 1172 procedit;
752 1139 850 1165 nedum
873 1139 919 1166 Dei
933 1139 993 1166 Ver-

213 1184 289 1214 bum.
304 1184 376 1218 quod
392 1184 489 1211 Filium
509 1192 570 1212 esse
591 1192 671 1212 suum
692 1184 772 1212 Pater
789 1185 946 1213 declaravit.
960 1183 1000 1211 Ne

212 1233 302 1256 autem
319 1229 454 1264 quispiam
469 1230 583 1257 audiens
603 1230 747 1262 duntaxat,
761 1229 891 1262 Verbum,
904 1230 997 1258 existi-

213 1279 268 1302 met
279 1274 413 1309 ejusmodi
427 1275 492 1302 illud
508 1283 569 1302 esse
589 1275 669 1309 quale
681 1280 723 1302 est
745 1275 905 1308 humanum,
920 1283 997 1302 neru-

213 1328 246 1355 pe
258 1320 316 1347 sine
328 1320 497 1353 substantia;
514 1320 561 1347 sed
581 1328 661 1354 quem
681 1321 765 1352 audit,
782 1320 880 1348 Filium
891 1342 897 1353 ,
913 1329 998 1356 agno-

213 1370 270 1393 seat
286 1369 346 1393 esse
366 1364 482 1392 Verbum
497 1365 601 1397 vivens,
618 1370 644 1393 et
659 1365 824 1400 Sapientiam
846 1367 996 1394 substantia

213 1411 364 1446 praeditam.

305 1501 415 1535 Deinde,
427 1502 654 1536 quemadmodum
669 1502 714 1529 ubi
732 1509 794 1529 eum
812 1502 914 1537 prolem
929 1503 996 1530 dici-
1010 1511 1030 1538 C

211 1555 282 1579 mus,
301 1548 353 1574 hoc
365 1555 419 1574 non
433 1547 552 1574 humano
580 1554 655 1575 more
677 1547 854 1582 intelligimus
868 1556 874 1579 ;
891 1552 918 1574 et
933 1556 996 1575 eum

211 1593 318 1620 Patrem
334 1601 395 1621 esse
411 1593 494 1620 Deum
511 1593 696 1628 agnoscimus,
718 1601 771 1620 non
795 1594 946 1628 corporalia
963 1594 997 1622 de

210 1639 257 1666 illo
268 1640 419 1674 cogitamus
434 1649 441 1666 :
456 1639 502 1666 sed
519 1639 584 1665 dnrn
610 1639 653 1665 illa
669 1639 796 1666 audimrrs
804 1640 925 1674 exempla
944 1641 994 1667 Iru-

207 1685 381 1719 jnsmodique
398 1685 490 1716 verba.
503 1692 533 1711 ea
559 1689 649 1711 tamen
683 1685 842 1719 congruenli
857 1686 936 1712 modo
962 1686 996 1713 de

212 1728 265 1755 Ι)ρο
280 1729 465 1763 intelligimus,
479 1737 532 1756 non
544 1729 616 1756 enim
639 1729 709 1756 Deus
723 1735 752 1756 ut
767 1729 865 1763 homo;
882 1730 921 1757 sie
932 1738 994 1757 cum

210 1773 468 1800 consubstantialem
491 1773 628 1803 audimus,
642 1780 750 1799 omnem
775 1780 886 1800 SCIISUIII
906 1778 995 1800 ιμιιε-

210 1819 325 1846 cendere
348 1819 488 1849 debemus.
501 1823 528 1845 et
543 1819 620 1852 juxta
633 1817 809 1845 Proverbium
831 1818 855 1849 ³,
871 1819 994 1852 spiritua-

209 1865 269 1892 liter
280 1865 430 1899 intelligere
444 1872 505 1898 qua:
537 1868 709 1898 apponuntur
725 1864 820 1897 nobis;
848 1869 877 1891 nt
894 1872 994 1899 cogno-

208 1917 327 1941 scamus,
344 1917 398 1936 non
413 1909 562 1941 voluntate,
583 1908 628 1936 sed
649 1916 741 1935 revera
755 1916 817 1936 eum
835 1908 934 1936 Filium
959 1918 991 1936 ex

206 1954 287 1981 Patre
297 1962 456 1988 germanum
469 1961 540 1985 esse.
556 1954 634 1988 quasi
666 1961 699 1981 ex
721 1954 794 1981 l‘onte
805 1955 898 1987 vitam,
918 1959 946 1982 et
959 1964 991 1982 ex

207 2001 267 2028 luce
277 2000 459 2035 splendorum.
482 2000 591 2035 Alioqui
620 2008 669 2028 cur
695 2001 755 2028 illas
779 2009 869 2034 voces,
891 2002 991 2036 proles,

207 2047 289 2079 lilius,
321 2054 372 2072 non
391 2046 610 2080 xeorporaliter,
637 2047 871 2074 consubstantiale
900 2052 990 2074 autem

205 2092 283 2126 quasi
298 2093 330 2119 de
345 2092 514 2126 corporibus,
529 2091 722 2126 intelligimus:
738 2100 800 2120 cum
819 2093 990 2128 potissimum

204 2146 258 2164 non
276 2138 309 2165 de
323 2138 377 2165 alio
391 2142 472 2172 atque
485 2138 538 2164 alio
566 2139 623 2165 lane
646 2138 781 2172 dicantur,
798 2139 845 2167 sed
870 2140 904 2167 de
923 2147 990 2174 quo,

205 2183 306 2217 proles,
332 2183 366 2209 de
392 2183 499 2213 eodem.
530 2183 774 2215 consubstantiale,
801 2185 903 2212 dictum
934 2185 991 2213 sit?

204 2216 310 2263 l’arque
335 2233 377 2255 est
405 2228 529 2255 eamdem
562 2230 726 2256 sententiam
759 2231 903 2265 utriusque
924 2231 989 2259 dicti
1006 2216 1026 2244 υ

203 2273 275 2300 circa
292 2273 460 2301 Salvatorem
473 2274 601 2306 retinere,
623 2282 710 2310 neqrre
723 2283 816 2304 vocem
830 2277 915 2308 illam,
927 2285 989 2311 pro—

203 2319 252 2351 les,
265 2325 351 2353 recte;
365 2320 438 2347 illam
464 2324 565 2353 autem,
582 2321 833 2356 eonsubstantialis,
856 2324 935 2351 aliter
947 2324 989 2350 in-

203 2367 344 2400 terpretari
362 2375 369 2398 ;
385 2373 555 2401 consequens
568 2367 640 2394 enim
651 2372 694 2394 est
706 2375 766 2400 vos,
778 2377 839 2396 eum
856 2377 886 2396 ea
899 2375 1002 2398 merrle'

202 2412 294 2439 dicitis
305 2412 404 2439 Filium
424 2412 513 2440 Patris
536 2412 651 2439 Verbum
674 2418 701 2440 et
725 2414 892 2449 Sapientiam
915 2424 986 2448 esse,

201 2457 335 2484 diversam
353 2457 386 2483 de
399 2457 441 2483 his
458 2457 558 2484 habere
583 2459 754 2492 sententiam,
772 2465 799 2487 ct
826 2461 880 2488 alio
906 2462 986 2488 mole

205 2503 331 2534 Verbum,
341 2503 394 2530 alio
409 2502 574 2536 Sapientiam
589 2504 746 2540 intelligere.
756 2507 790 2534 At
805 2507 873 2534 sicut
889 2508 986 2534 absur-

201 2549 266 2575 dum
281 2549 345 2575 illud
370 2554 411 2577 est
426 2559 432 2576 :
451 2558 567 2585 namque
579 2550 664 2580 Filius
693 2558 735 2580 est
749 2553 866 2581 Verbum
881 2560 907 2581 et
937 2554 985 2581 Sa-

201 2594 301 2629 pientia
318 2594 416 2627 Patr-is,
432 2603 557 2631 unusque
572 2602 613 2625 est
623 2607 655 2625 ex
670 2598 750 2627 Patre
775 2599 856 2630 fctus.
884 2605 911 2627 et
927 2600 986 2634 ejus

201 2641 361 2668 substantia:
372 2642 497 2676 proprius
512 2650 519 2675 ;
536 2643 570 2670 ita
585 2651 638 2672 una
649 2646 798 2680 eademque
821 2645 983 2680 signiﬁcatio

201 2692 241 2714 est
261 2687 344 2722 prolis
359 2692 385 2715 et
397 2688 654 2717 consubstantialis:
682 2696 708 2718 et
720 2691 765 2725 qui
783 2690 984 2718 cerrSr-tFilirrm

201 2741 260 2760 esae
275 2733 369 2765 fetum,
386 2734 408 2761 is
430 2739 502 2762 recte
527 2736 608 2762 sentit
622 2744 683 2763 eum
717 2745 776 2763 ess:
804 2736 985 2763 consubstan-

201 2779 290 2806 .ialem
295 2799 301 2806 .

241 2832 341 2862 'Juan.
357 2843 411 2868 xw,
424 2835 450 2863 6.
490 2837 500 2852 '
515 2836 595 2863 Prov.
617 2844 675 2868 vm,
696 2835 737 2861 l2.
778 2836 787 2850 '
806 2837 883 2865 Prov.
902 2844 980 2869 um,
996 2837 1019 2863 Ι.

830 110 881 140 EU
890 109 1021 140 l’llYMlI
1041 110 1222 141 ZIGABENI

215 170 377 206 substantia.
392 178 546 214 lterumque
561 178 622 206 illos
636 180 754 214 aggressi
768 181 815 215 qui
829 180 925 208 dicunt
933 181 997 209 Vet-
1013 184 1035 210 A
1051 174 1110 206 σίας
1138 192 1146 204 ι

1787 105 1838 138 ιτε

1225 172 1351 208 σημαίνει
1367 173 1415 209 τὴν
1430 172 1560 200 διάνοιαν.
1586 172 1641 200 Καὶ
1669 173 1748 200 αὐτοὶ
1771 173 1834 208 γοῦν

1049 218 1217 254 ἐνιστάμενοι
1233 219 1313 246 πάλιν
1331 219 1397 254 πρὸς
1416 219 1478 250 τοὺς
1492 220 1595 255 κτίσμα
1614 219 1745 254 λέγοντας
1765 218 1834 247 εἶναι

1049 267 1094 292 τὸν
1105 267 1201 300 Λόγον,
1215 266 1262 293 καὶ
1273 265 1310 301 μὴ
1323 265 1446 296 θέλοντας
1462 265 1543 292 αὐτὴν
1555 266 1664 301 γνήσιον
1677 265 1742 292 Υἰὸν
1753 263 1833 298 εἶναι,

1048 311 1077 345 ἐξ
1103 311 1279 347 ἀνθρωπίνων
1308 310 1537 346 παραδειγμάτων
1563 311 1622 338 υἱοῦ
1656 312 1703 338 καὶ
1730 313 1834 348 πατρὸς

1048 359 1173 394 εἰλήφασι
1195 357 1244 389 τὰς
1262 358 1321 383 κατ’
1339 356 1428 383 αὐτῶν
1449 356 1619 390 ἀποδείξεις,
1639 357 1834 394 ὲξαιρουμένου

1048 405 1142 432 τούτου
1158 423 1167 437 .
1237 404 1278 430 ὄτι
1297 403 1333 439 μὴ
1343 403 1380 434 ὠς
1391 402 1534 438 ἄνθρωπός
1550 404 1624 430 ἐστιν
1638 404 1652 430 6
1667 404 1744 436 Θεὸς,
1768 404 1836 440 μηδὲ

1047 450 1085 482 ὡς
1097 449 1251 486 ἀνθρωπίνη
1266 449 1342 485 γονὴ,
1356 449 1443 481 οὕτως
1452 449 1549 485 ἐστὶνὴ
1559 450 1605 476 τοῦ
1616 450 1682 477 Υἱοῦ
1697 451 1834 486 γέννησις,

1048 495 1104 522 ἀλλ’
1113 496 1150 527 ὡς
1165 496 1182 530 ὴ
1196 495 1256 531 Θεῷ
1266 495 1419 531 πρέπουσα,
1432 496 1479 522 καὶ
1493 496 1565 531 ἡμᾶς
1581 497 1738 532 ἁρμόζουσα
1753 499 1834 524 νοεῖν.

1048 543 1103 570 Καὶ
1117 541 1172 578 γὰρ
1182 542 1230 569 καὶ
1243 542 1334 577 πηγὴν
1353 542 1480 578 εἰρήκασι
1496 542 1542 568 τὸν
1554 542 1666 578 Πατέρα
1677 544 1726 578 τῆς
1738 543 1835 578 σοφίας

1048 589 1094 616 καὶ
1104 589 1155 625 τῆς
1169 589 1253 623 ζωῆς,
1266 588 1312 614 τὸν
1325 588 1353 614 δὲ
1366 588 1429 615 Υἱδν
1440 588 1611 624 ἀπαύγασμα
1628 589 1716 624 φωτὸς
1736 589 1834 623 ἀϊδίου⁹

1048 635 1095 662 ναὶ
1109 635 1191 661 αὑτὸν
1205 633 1274 662 εἶναι
1287 634 1317 661 τὺ
1337 635 1368 660 ἐκ
1382 634 1430 669 τῆς
1454 634 1545 670 πηγῆς
1562 635 1684 670 γέννημα
1704 635 1832 670 λέγοπα·

1049 691 1059 707 ει
1080 680 1151 715 Ἐγώ
1165 681 1223 716 εἰμι
1314 681 1331 715 ἡ
1344 679 1411 715 ζωὴ,
1425 689 1434 706 ν
1447 681 1504 712 καὶ,
1515 689 1524 705 ι
1543 679 1612 714 Ἐγὼ
1626 681 1643 716 ἡ
1659 681 1744 715 Σοφία
1771 689 1835 707 κατ-

1047 727 1190 762 εσκήνωσα
1216 725 1324 761 βουλήν.
1344 735 1354 752 ι
1385 725 1422 752 Τὸ
1438 725 1467 752 δὲ
1487 726 1519 752 ὲκ
1545 726 1631 760 φωτὸς
1654 727 1835 762 ἀπαύγασμα,

1047 773 1094 800 καὶ
1107 773 1140 800 ἐκ
1151 772 1242 807 πηγῆς
1256 771 1390 806 γέννημα,
1407 771 1454 798 καὶ
1471 772 1503 799 ἐκ
1514 772 1620 808 Πατρὸς
1632 772 1706 805 Υίδν,
1725 772 1785 805 πῶς
1803 773 1836 800 ἄν

1046 828 1088 851 τις
1107 818 1280 854 ἁρμοζόντως
1302 817 1462 853 ὀνομάσειεν
1485 817 1502 852 ἢ
1517 817 1675 852 ὁμοούσιονς
1702 816 1766 854 'Ap‘
1790 816 1837 844 οὖν

1049 865 1086 900 μὴ
1099 885 1106 896 ,
1122 864 1217 899 ἐπειδὴ
1239 863 1273 890 τὰ
1295 863 1326 895 ἒξ
1348 863 1498 899 ἀνθρώπων
1521 864 1678 898 γεννήματα
1705 863 1838 898 όμοούσιά

1013 897 1034 924 Β
1047 897 1130 943 ἐστιν,
1146 897 1317 937 εὐλαδεῖσοαι
1334 909 1375 936 δεῖ
1390 897 1427 944 μὴ
1440 909 1486 936 καὶ
1501 910 1516 936 6
1526 909 1598 940 Υἱὸς,
1608 897 1755 944 λεγόμενος
1766 911 1834 945 ὁμο-

1047 956 1147 989 ούσιος,
1161 955 1302 991 νομισθείη
1310 956 1357 982 καὶ
1368 955 1448 987 αὐτὸς
1461 956 1500 987 ὡς
1514 955 1684 990 ἀνθρώπινον
1695 955 1832 991 γέννημα;

1049 1003 1086 1038 μὴ
1100 1002 1219 1036 γένοιτοε
1237 1003 1288 1029 οὐκ
1303 1002 1376 1028 ἔστιν
1386 1001 1481 1034 οὕτως.
1503 1001 1582 1028 ’Λλλὰ
1598 1002 1645 1028 καὶ
1657 1003 1767 1036 ταχεῖαν
1778 1001 1836 1036 ἔχει

1047 1049 1096 1084 τὴν
1109 1048 1185 1074 λύσιν
1196 1047 1292 1074 τοῦτο·
1303 1048 1388 1082 Λόγος
1402 1048 1456 1082 γάρ
1473 1049 1538 1077 ἐστι,
1548 1048 1595 1074 καὶ
1610 1048 1696 1082 Σοφία
1715 1048 1762 1074 τοῦ
1777 1048 1835 1074 Πα-

1047 1103 1110 1128 τρος
1124 1095 1138 1120 ὀ
1151 1094 1214 1126 Υἱός
1226 1102 1232 1109 ·
1247 1093 1278 1126 ἐξ
1290 1090 1326 1120 ὢν
1342 1093 1372 1120 τὸ
1391 1093 1495 1125 ἀπαθὲς
1512 1093 1560 1120 καὶ
1571 1092 1602 1119 τὸ
1614 1093 1764 1129 ἀμέριστον
1785 1093 1837 1127 τῆς

1048 1140 1080 1166 ὲκ
1093 1139 1140 1166 τοῦ
1151 1139 1257 1175 Πατρὸς
1269 1140 1421 1175 γεννήσεως
1431 1139 1601 1174 γνωρίζεται.
1615 1139 1701 1173 Λόγος
1709 1139 1763 1174 γὰρ
1775 1139 1836 1166 οὐδὲ

1046 1184 1060 1210 6
1147 1184 1201 1210 τῶν
1214 1183 1365 1219 ἀνθρώταιιν
1379 1182 1461 1218 μέρος
1472 1183 1556 1215 ἐστὶν,
1575 1182 1634 1209 οὐδὲ
1661 1181 1733 1209 κατὰ
1751 1182 1838 1213 πάθος

1047 1230 1077 1262 ὲξ
1090 1229 1180 1256 αὐτῶν
1206 1230 1380 1266 προέρχεται,
1405 1229 1471 1264 μήτι
1490 1237 1521 1262 γε
1537 1230 1551 1255 ὁ
1571 1228 1618 1254 τοῦ
1633 1227 1716 1261 Θεοῦ,
1728 1228 1758 1254 ὃν
1772 1228 1837 1254 Υῑὸν

1047 1273 1223 1302 εἷναιέαυτοῦ
1238 1277 1252 1302 ὸ
1267 1276 1363 1312 Πατὴρ
1378 1276 1527 1310 ἐδήλωσεν⁹
1550 1275 1593 1302 ἵνα
1619 1275 1655 1310 μὴ
1681 1274 1762 1300 πάλιν
1783 1283 1836 1306 τις,

1047 1321 1153 1348 ἀκούων
1177 1321 1266 1356 μόνον,
1286 1321 1382 1355 Λόγον,
1403 1321 1501 1357 νομίσῃ
1526 1320 1644 1348 τοιοῦτον
1673 1318 1754 1353 εἶναι,
1779 1317 1837 1351 0%;

1047 1366 1121 1393 ἐστιν
1136 1368 1151 1394 6
1164 1367 1218 1394 τῶν
1235 1367 1397 1403 ἀνθρώπων,
1421 1367 1621 1398 ἀνυπόστατος’
1636 1367 1694 1393 ἀλλ’
1715 1367 1835 1398 ἁκούων,

1046 1412 1088 1439 ὅτι
1098 1412 1162 1444 Υἱός
1174 1414 1242 1446 ἐστι,
1252 1412 1371 1449 γινώσκῃ
1447 1412 1540 1440 τοῦτον
1554 1410 1623 1439 εἶναι
1637 1412 1726 1445 ζῶντα
1736 1412 1834 1446 Λόγον,

1047 1458 1094 1484 καὶ
1106 1458 1225 1485 ὲνούσιον
1242 1459 1350 1493 Σοφίαν.

1140 1505 1264 1537 Ἔπειτα,
1280 1505 1374 1540 ὥσπερ
1391 1506 1421 1532 τὸ
1435 1507 1557 1541 γέννημα
1573 1505 1710 1539 λέγοντες,
1721 1504 1773 1531 οὐκ
1787 1505 1836 1531 ἀν·

1045 1553 1189 1589 θρωπίνως
1200 1553 1323 1588 νοοῦμεν,
1341 1553 1388 1580 καὶ
1404 1553 1512 1588 Πατέρα
1527 1552 1573 1579 τὸν
1595 1552 1661 1579 Θεὸν
1674 1553 1786 1584 εἰδότες,
1804 1553 1834 1579 ού

1047 1600 1204 1634 σωματικήν
1230 1608 1291 1626 τινα
1320 1599 1384 1636 περὶ
1410 1599 1492 1626 αὑτοῦ
1519 1598 1694 1634 λαμϐάνομεν
1710 1599 1832 1625 ἔννοιαν·

1045 1644 1112 1670 ἀλλά
1132 1644 1167 1671 τὰ
1186 1645 1235 1679 μὲν
1251 1644 1461 1680 παραδείγματα
1475 1645 1521 1670 καὶ
1536 1645 1584 1673 τὰς
1597 1644 1724 1676 τοιαύτας
1747 1643 1835 1676 λέξεις

1045 1689 1191 1725 ἀκούομεν,
1207 1689 1381 1725 ἁρμοζόντως
1388 1689 1416 1716 δὲ
1431 1690 1494 1725 περὶ
1508 1689 1574 1716 Θεοῦ
1589 1689 1702 1725 νοοῦμεν
1712 1699 1718 1704 -
1735 1691 1767 1717 οὑ
1780 1689 1835 1725 γὰρ

1045 1735 1082 1766 ὡς
1093 1734 1235 1770 ἄνθρωπος
1255 1735 1269 1761 6
1286 1735 1368 1766 Θεός·
1386 1734 1472 1766 οὕτως
1498 1735 1551 1770 ἀρα
1573 1735 1619 1761 καὶ
1635 1735 1665 1761 τὸ
1691 1736 1835 1770 όμοούσιον

1045 1780 1199 1813 ἀκούοντες,
1226 1781 1400 1815 ὑπερὸαίνειν
1416 1779 1559 1815 ὀφείλομεν
1588 1781 1678 1806 πᾶσαν
1695 1781 1834 1816 αἴσθησιν,

1044 1827 1091 1853 καὶ
1107 1827 1175 1853 κατά
1186 1827 1236 1862 τὴν
1249 1826 1402 1863 Παροιμίαν
1422 1844 1430 1857 ,
1498 1826 1600 1861 νοητῶς
1617 1827 1687 1853 νοεῖν
1703 1826 1738 1853 τὰ
1751 1835 1836 1863 παρα-

1043 1874 1171 1908 τιθέμενα
1185 1874 1250 1908 ἡμίν
1261 1882 1267 1888 ⁸
1284 1873 1355 1900 ὥστε
1373 1873 1465 1908 μέντοι
1479 1871 1632 1907 γινώσκειν,
1645 1872 1686 1898 ὅτι
1704 1873 1742 1907 μὴ
1755 1872 1834 1908 Θελή-

1045 1928 1094 1952 σει,
1111 1919 1180 1946 ἀλλά
1195 1919 1303 1954 ἀληθῶς
1315 1919 1379 1950 Υίὸς
1394 1920 1468 1945 ὲστιν
1488 1919 1520 1944 ἐκ
1535 1917 1643 1954 Πατρὸς
1656 1918 1770 1952 γνήσιος
1780 1939 1787 1950 ,
1798 1917 1834 1948 ὡς

1042 1967 1074 1992 ὲκ
1085 1966 1174 2000 πηγῆς
1189 1965 1258 2000 ζωὴ,
1274 1965 1321 1991 καὶ
1331 1964 1419 1998 φωτὸς
1434 1963 1615 1999 ἀπαύγασμα.
1633 1963 1668 1989 Ἢ
1690 1963 1736 1989 διὰ
1757 1963 1785 1989 τί
1804 1963 1834 1989 τὸ

1043 2012 1102 2047 μὲν,
1116 2011 1249 2046 γέννημα,
1263 2011 1309 2037 καὶ
1320 2011 1360 2041 τὸ,
1370 2010 1442 2042 Υἱὸς,
1452 2009 1482 2036 οὐ
1498 2008 1671 2044 σωματικῶς,
1681 2008 1712 2035 τὸ
1726 2008 1756 2035 δὲ
1769 2009 1834 2043 ὀμο-

1041 2057 1140 2089 ούσιον,
1158 2057 1195 2088 ὡς
1213 2057 1258 2082 ἐπὶ
1274 2057 1406 2091 σωμάτων
1421 2054 1616 2089 διανοούμεθα,
1635 2055 1684 2080 καὶ
1702 2053 1832 2088 μάλιστα,

1041 2104 1081 2130 ὅτι
1094 2104 1123 2130 οὐ
1141 2103 1205 2138 περὶ
1222 2102 1302 2129 ἄλλον
1316 2102 1361 2128 καὶ
1372 2101 1450 2128 ἄλλον
1468 2101 1527 2127 ἐστὶ
1540 2101 1574 2127 τὰ
1595 2100 1743 2135 λεγόμενα,
1763 2100 1833 2127 ἀλλά

1041 2149 1103 2185 περὶ
1117 2146 1146 2176 οὗ
1160 2150 1190 2175 τὸ
1215 2148 1348 2183 γέννημα,
1376 2147 1439 2182 περὶ
1453 2147 1548 2173 τούτου
1573 2147 1618 2173 καὶ
1632 2146 1662 2172 τὸ
1685 2146 1831 2181 ὁμοούσιον

1040 2194 1155 2230 ὲλέχθη;
1174 2193 1228 2220 Καὶ
1241 2193 1340 2228 πρέπει
1355 2193 1403 2228 τὴν
1421 2192 1507 2227 αὐτὴν
1529 2192 1647 2218 διάνοιαν
1666 2192 1831 2227 ἀμ’ςοτέρων

1039 2239 1092 2266 τῶν
1104 2239 1202 2272 λέξεων
1215 2239 1262 2264 ὲπὶ
1277 2238 1324 2264 τοῦ
1355 2237 1482 2272 Σωτῆρος
1498 2236 1649 2269 διασώζειν,
1672 2237 1719 2263 καὶ
1738 2237 1777 2272 μὴ
1800 2236 1831 2262 τὸ

1040 2286 1089 2320 μὲν
1105 2286 1228 2320 γέννημα
1316 2283 1404 2314 καλῶς
1420 2282 1625 2317 ἐξηγεῖσθαι,τδ
1640 2282 1668 2308 δὲ
1686 2282 1830 2317 ὁμοούσιον

1038 2331 1139 2362 ἄλλως·
1171 2331 1232 2357 ἐπεὶ
1258 2329 1404 2356 ἀκόλουθόν
1432 2330 1516 2361 ἐστιν,
1544 2329 1615 2355 οὓτω
1638 2328 1831 2363 διακειμένους

1038 2379 1110 2413 ὑμᾶς
1124 2377 1170 2403 καὶ
1186 2377 1314 2411 λέγοντας
1327 2375 1411 2408 Λόγον
1425 2375 1472 2401 καὶ
1481 2374 1580 2408 Σοφίαν
1595 2373 1643 2400 τοῦ
1662 2373 1769 2408 Πατρδς
1784 2373 1831 2399 τὸν

1037 2424 1112 2454 Tib),
1128 2423 1257 2458 διάφορον
1271 2422 1342 2456 ἔχειν
1357 2421 1404 2447 καὶ
1417 2420 1481 2455 περὶ
1503 2420 1605 2446 τούτων
1622 2420 1671 2455 τὴν
1693 2420 1830 2450 διάνοιαι,

1037 2471 1083 2497 καὶ
1100 2469 1186 2500 ἄλλως
1208 2469 1257 2504 μὲν
1276 2469 1322 2494 τὸν
1339 2468 1423 2502 Λόγον
1440 2469 1510 2494 νοεῖν
1521 2487 1528 2499 ,
1551 2467 1651 2501 ἑτέρως
1672 2466 1699 2492 δὲ
1716 2465 1766 2500 τὴν
1782 2466 1831 2491 Σο·

1038 2517 1110 2550 (ρίαν.
1132 2516 1201 2542 Ἀλλ’
1213 2515 1307 2549 ὥσπερ
1318 2515 1416 2541 ἄτοπον
1430 2513 1510 2540 τοῦτο
1521 2520 1527 2526 ·
1544 2513 1629 2546 Λόγος
1646 2512 1700 2546 γὰρ
1716 2512 1765 2538 καὶ
1783 2512 1830 2537 Σο-

1039 2563 1086 2596 φία
1099 2561 1144 2588 τοῦ
1155 2561 1261 2596 Πατρός
1276 2561 1349 2586 ἐστιν
1360 2561 1374 2586 6
1388 2559 1451 2590 Υἱὸς
1462 2579 1468 2590 ,
1485 2558 1532 2585 καὶ
1550 2557 1578 2584 ἓν
1594 2559 1652 2583 ἐστι
1673 2557 1703 2583 τὸ
1719 2557 1751 2582 ἐκ
1774 2557 1830 2583 Πα-

1036 2608 1098 2642 τρὶς
1108 2607 1242 2642 γέννημα,
1259 2606 1304 2632 καὶ
1320 2605 1384 2631 ἴδιον
1397 2605 1446 2640 τῆς
1463 2604 1557 2635 οὐσίας
1570 2602 1652 2630 αὑτοῦ
1666 2610 1674 2618 ”
1688 2602 1775 2633 οὕτως
1789 2599 1829 2633 εἷς

1037 2653 1108 2678 ἐστιν
1123 2654 1136 2678 6
1149 2652 1211 2682 νοῦς
1295 2651 1343 2678 τοῦ
1356 2651 1524 2686 γεννήματος
1540 2649 1586 2676 καὶ
1599 2648 1647 2674 τοῦ
1666 2648 1810 2682 ὀμοουπῐου
1820 2656 1827 2662 ·

1037 2698 1082 2724 καὶ
1096 2699 1110 2724 ὁ
1123 2698 1228 2733 φρονῶν
1238 2698 1361 2732 γέννημα
1376 2696 1421 2722 τὸν
1437 2695 1501 2722 Υἱδν
1523 2695 1616 2730 φρονεῖ
1630 2693 1726 2721 τοῦτον
1741 2693 1827 2729 ὀρθῶς

1037 2744 1082 2770 καὶ
1093 2743 1243 2779 ὸμοούσιον.
