1902 3078
57 121 105 154 473

143 189 266 225 Adtigit-t1
279 188 328 224 μὲν
343 186 390 216 οὖν
399 187 485 215 ταῦτα
498 186 593 220 δεῖξαι,
609 186 663 213 τῶν
677 185 827 220 ἀγαπητῶν
840 187 859 212 Δ

58 236 100 270 τὴν
111 235 220 262 διάνοιαν
236 233 271 269 μὴ
287 233 439 268 ἀλλοτρίαν.
460 232 526 267 μηδὲ
547 231 654 267 μακρὰν
676 228 758 256 οὖσαν
779 229 827 256 τοῦ

57 281 194 317 ὁμοουσίου,
214 279 320 314 Ἐπειδὴ
335 279 374 311 δὲ,
385 279 425 310 ὼς
438 279 514 305 αὐτοί
531 286 597 312 φασι
619 277 682 312 (τὴν
696 277 750 312 γὰρ
767 277 827 303 tm-

57 327 141 363 στολὴν
155 326 202 353 οὐκ
216 325 292 360 ἔσχον
310 324 381 360 ἐγὼ)
393 346 400 354 ,
411 325 437 351 οἱ
457 324 502 351 τὸν
521 322 679 358 Σαμοσατέα
697 321 826 356 κατακρί-

56 381 138 404 ναντες
153 371 291 398 ἐπίσκοποι
303 371 455 406 γράφοντες
472 370 598 405 εἰρήκασι
620 368 656 403 μὴ
670 366 740 395 εἶναι
760 369 825 402 ὁμο-

56 418 133 445 ούσιον
145 418 188 443 τὸν
204 417 266 443 Υῑὺν
285 416 323 451 τῷ
339 416 427 451 Ila-r9!
440 433 448 446 ,
517 415 563 442 καὶ
571 414 663 441 λοιπὸν
677 413 764 444 αὐτοὶ,
775 412 826 439 ’διὰ

55 464 97 499 τὴν
123 462 186 498 πρὸς
203 463 265 494 τοὺς
279 462 423 497 εἰρηκότας
449 460 591 487 εὐλάὸειάν
613 468 644 486 τε
670 460 718 486 καὶ
733 459 824 494 τιμὴν,

55 508 116 535 οὕτω
131 508 191 543 περὶ
212 507 261 543 τὴν
276 507 349 539 λέξιν
373 506 540 533 διάκεινται·
563 505 645 532 καλὸν
663 507 721 541 μετ’
737 506 825 533 αὐτῶν

58 555 107 589 μετ’
119 553 256 584 εὐλαϐείας
270 553 316 579 καὶ
334 552 397 587 περὶ
417 551 512 578 τούτου
534 551 740 586 διασκέψασθαι.
761 551 817 584 Συγ

57 599 151 634 κρούειν
168 598 215 633 μὲν
227 598 282 634 γὰρ
296 598 406 629 τούτους
484 596 552 632 πρὸς
561 597 680 628 ἐκείνους
690 597 823 632 ἀπρεπές·

56 645 143 675 πάντες
155 643 208 678 γάρ
227 645 281 670 εισι
303 643 438 679 Πατέρες·
459 642 606 677 διακρίνειν
627 642 655 669 δὲ
670 642 760 674 πάλιν,
788 642 825 674 ὡς

55 687 116 716 οὗτοι
130 689 176 724 μὲν
196 689 304 720 καλῶς,
319 689 417 716 ἐκεῖνοι
441 687 471 715 δὲ
495 687 648 714 τούναντίον
673 689 824 724 εἰρήκασιν,

54 735 94 769 οὐχ
112 735 193 761 ὅσιονυ
218 735 242 760 οἱ
261 735 360 766 πάντες
374 733 429 769 γὰρ
452 732 638 768 ἐκοιμήθησαν
654 733 684 759 ὲν
704 734 823 769 Χριστῷ.

55 780 85 805 οὐ
105 781 152 815 χρὴ
164 780 192 806 δὲ
210 780 389 815 φιλονεικεῖν,
417 779 476 806 οὐδὲ
498 778 554 805 τῶν
579 778 757 806 συνελθόντων
778 779 824 806 τὸν

55 826 155 862 ἀριθμὸν
164 827 339 862 συμϐάλλειν,
348 827 391 853 ἵνα
404 826 440 862 μὴ
452 826 568 853 δοκῶσιν
578 827 601 853 ol
677 823 826 858 τριακόσιοι

54 869 107 898 τοὺς
121 867 260 898 ἐλάττονας
276 865 453 901 ἐπικρύπτειν
463 873 469 879 ·
485 864 539 890 οὐδ’
549 864 583 890 ἂν
603 864 684 890 πάλιν
699 865 744 891 τὸν
761 864 825 899 χρό-
842 876 863 904 Β
877 868 1013 895 metienda

54 919 91 937 νον
103 911 259 946 ἀναμετρεῖν
271 931 279 943 ,
295 910 338 936 ἵνα
350 910 387 945 μὴ
398 909 513 936 δοκῶσιν
523 910 548 936 οῑ
564 908 743 944 προλαϐόντες
754 909 827 944 ἀφα-

54 955 125 987 νίζειν
137 956 198 987 τοὺς
223 955 293 991 μετὰ
311 955 396 982 ταῦτα
405 955 577 991 γενομένους.
596 957 628 982 Ol
642 955 742 987 πάντες
759 955 824 990 γὰρ,

53 1000 114 1026 καθὰ
131 1000 299 1036 προείρηται,
314 1001 434 1036 Πατέρες
445 1001 498 1028 εἰσί
508 1010 515 1016 ·
540 1002 587 1029 καὶ
600 1002 674 1036 ὅμως
687 1002 748 1028 οὐδὲ
762 1002 786 1028 οἱ
803 1004 824 1027 τ’

51 1043 164 1079 νεώτερόν
252 1054 280 1072 τι
293 1047 474 1081 φρονήσαντες
490 1046 611 1082 ἔγραψαν
622 1068 629 1080 ,
645 1047 705 1073 οὐδὲ
719 1045 825 1078 ἑαυτοῖς

53 1090 295 1127 καταθαροήσαντες
309 1113 316 1124 ,
346 1092 476 1128 ἀγράφων
505 1093 674 1128 προέστησαν
704 1092 802 1125 λέξεων
815 1101 822 1108 ·

53 1135 109 1162 ἀλλὰ
119 1136 150 1162 ὲκ
162 1137 292 1172 Πατέρων
308 1136 462 1172 ὁρμώμενοι
474 1138 520 1163 καὶ
533 1138 619 1168 αὐτοὶ,
641 1138 696 1168 τοῖς
714 1136 824 1163 ἐκείνων

53 1183 185 1217 ἐχρήσαντο
197 1183 311 1218 ῥήμασι.
325 1183 456 1209 Διονύσιοι
472 1183 526 1218 γὰρ
541 1182 588 1209 δύο
609 1183 750 1216 γεγόνασιν
775 1183 825 1218 εμ.

53 1227 154 1262 προσθεν
165 1227 230 1254 πολὺ
244 1227 301 1254 τῶν
321 1227 505 1262 ἐϐδομήκοντα
583 1227 637 1253 τῶν
656 1227 824 1253 καθελόντων

52 1271 89 1298 τὴν
101 1269 256 1307 ’Σαμοσατέα
267 1282 273 1288 ·
289 1272 391 1299 τούτων
406 1274 420 1299 ὁ
435 1273 484 1308 μὲν
499 1273 549 1307 τῆς
570 1272 676 1308 Ῥώμης
686 1292 692 1304 ,
706 1273 720 1298 ὁ
732 1272 760 1298 δὲ
774 1272 823 1306 τῆς

57 1317 240 1354 Ἀλεξανδρείας
251 1317 288 1354 ἦν
300 1319 456 1350 ἐπίσκοπος.
475 1319 554 1345 Ἀλλά
564 1327 644 1345 τινων
660 1317 822 1353 αἰτιασαμέ-

52 1371 96 1389 νων
106 1364 174 1399 παρὰ
182 1364 221 1399 τῷ
231 1365 375 1400 ἐπισκὸπῳ
386 1364 495 1399 Ῥώμης
508 1364 552 1390 τὸν
560 1364 609 1399 τῆς
623 1363 824 1398 Ἀλεξανδρείας

52 1409 194 1440 ἐπίσκοπον.
206 1410 243 1442 ὡς
256 1410 371 1444 λέγοντα
385 1411 488 1446 ποίημα
496 1431 503 1442 ,
519 1410 565 1436 καὶ
578 1409 615 1445 μὴ
624 1409 765 1445 ὁμοούσιον
778 1408 823 1436 τὸν

52 1454 104 1481 Υἱὸν
118 1455 153 1491 τῷ
162 1457 258 1491 Πατρὶ,
277 1457 293 1491 ἡ
308 1457 355 1491 μὲν
373 1456 443 1483 κατὰ
468 1456 576 1492 Ῥώμην
595 1455 703 1487 σύνοδος
722 1455 823 1490 ἢγανά-

52 1508 136 1535 κτησεν
147 1509 153 1515 ·
168 1502 182 1527 ὀ
192 1501 220 1528 δὲ
229 1501 281 1536 τῆς
294 1501 402 1537 Ῥώμης
415 1502 563 1533 ἐπίσκοπος
577 1500 625 1537 τὴν
637 1501 743 1527 πάντων
757 1500 823 1535 γνώ-

53 1555 97 1593 μην
108 1549 200 1583 γράφει
217 1548 287 1584 πρὸς
300 1548 345 1574 τὴν
357 1548 500 1583 ὁμώνυμον
516 1547 622 1574 ἑαυτοῦ.
689 1548 818 1593 Κάκεῖνος
835 1565 856 1593 c

51 1591 139 1626 λοιπὸν,
164 1593 399 1629 ἀπολογούμενος,
426 1594 457 1620 τὸ
484 1594 533 1628 μὲν
551 1593 652 1628 βιϐλίον
673 1592 821 1628 ἐπιγράφει

519 121 705 152 PANOPLIA
725 119 957 152 DOGMATICA.
971 131 1007 138 ’-
1026 120 1099 151 ΤΙΤ.
1122 119 1173 150 XI.

964 187 997 216 Et
1009 188 1076 216 satis
1087 187 1198 223 quidem
1215 187 1275 215 haec
1288 191 1353 215 sunt
1364 186 1402 214 ad
1417 186 1650 220 comprobandum

866 235 1028 263 dilectorem
1053 233 1215 261 sententiam
1237 239 1290 260 non
1313 232 1441 263 alienam.
1465 239 1552 267 neque
1572 232 1655 267 longe

866 289 926 309 esse
943 288 958 308 a
972 279 1209 308 consubstantiali.
1225 279 1359 312 Quoniam
1373 283 1474 311 autem,
1496 284 1524 305 ut
1538 279 1589 312 ipsi
1610 278 1653 305 di-

868 332 934 354 cunt
951 327 1033 362 (nam
1055 325 1170 360 epistola
1189 332 1271 360 penes
1288 332 1332 351 me
1348 331 1400 351 non
1415 323 1487 356 mu).
1497 323 1543 358 qui
1557 322 1652 349 Sarno-

868 379 1003 402 sateusem
1038 372 1203 400 damnarunt
1238 370 1359 406 episcopi
1389 370 1490 404 scripto
1519 369 1653 396 tradidere

869 419 967 447 Filium
984 419 1031 446 Dei
1049 426 1103 446 non
1116 425 1176 445 esse
1188 417 1262 444 Patri
1274 415 1546 447 consubstantialem,
1561 422 1593 442 ac
1608 415 1655 442 de-

871 473 945 493 mum
960 465 1021 499 ipsi,
1040 463 1149 499 pietatis
1164 463 1331 497 honorisque
1343 469 1425 489 causa
1442 469 1506 495 erga
1522 460 1595 487 viros
1607 459 1654 494 qui

871 512 927 538 hac
946 511 1081 542 dixerunt.
1096 510 1136 538 sic
1159 516 1208 543 pro
1224 516 1255 536 ea
1275 515 1339 535 voce
1360 512 1424 534 sunt
1441 506 1546 539 allecti,
1565 511 1655 540 operae

868 555 982 590 pretium
998 554 1079 582 fuerit
1093 555 1136 589 pie
1147 561 1207 581 cum
1223 554 1289 588 ipsis
1306 561 1338 580 ea
1351 552 1384 580 de
1395 559 1423 579 re
1434 552 1577 580 disserere.
1593 549 1653 577 Non

869 602 944 628 deret
958 601 1057 636 quippe
1071 601 1133 628 illos
1150 608 1210 627 cum
1224 600 1266 627 his
1276 600 1461 626 committere:
1475 605 1570 626 omnes
1580 598 1653 625 enim

870 645 962 674 Patres
971 650 1050 677 sunt;
1065 653 1153 680 neque
1161 649 1286 672 sanctum
1295 649 1367 671 esset
1377 644 1489 671 delinire
1499 644 1549 670 hos
1557 643 1654 678 probe,

871 692 930 719 illos
936 691 1005 718 male
1011 691 1116 718 loculos
1124 697 1197 717 esse:
1205 696 1301 716 omnes
1307 688 1405 723 quippe
1411 688 1437 714 in
1443 687 1553 723 Christp
1558 687 1657 714 obdor-

871 737 997 764 tnierunt.
1007 735 1215 770 Disceptandum
1224 741 1306 769 porro
1313 741 1366 760 non
1376 737 1518 767 est,ueque
1525 738 1657 759 numerus

871 780 1052 809 conferendas
1069 779 1191 807 virorum
1212 779 1259 813 qui
1274 777 1362 805 coacti
1377 781 1451 809 sunt,
1466 784 1499 804 ne
1514 776 1657 803 videamur

872 827 984 855 trecenti
1010 826 1050 853 illi
1073 825 1215 861 pauciores
1238 824 1397 854 obscurare,
1426 829 1514 857 neque
1536 825 1657 856 tempora

1116 870 1190 898 sunt,
1208 873 1241 891 ne
1254 866 1299 898 qui
1313 872 1476 900 pneccssere
1489 866 1658 900 subsequen-

876 915 916 936 tes
927 915 1104 939 exauctorare
1121 916 1257 947 putemur.
1275 913 1375 940 Omnes
1398 912 1470 940 enim
1483 933 1492 946 ,
1507 911 1547 939 uti
1575 919 1656 946 supra

875 955 976 982 dictum
991 960 1042 989 est,
1062 956 1157 984 Patres
1174 961 1254 989 sunt;
1269 964 1356 991 neque
1378 961 1468 983 tamen
1484 955 1597 983 trecenti
1619 955 1656 982 illi

875 1001 993 1035 aliquam
1011 1009 1107 1029 novant
1121 1002 1255 1037 scripsere
1277 1002 1440 1030 sententiam
1456 1011 1463 1034 ;
1480 1009 1578 1036 neque,
1603 1001 1655 1028 sibi

875 1047 941 1082 ipsis
956 1048 1063 1080 conﬁsi,
1086 1048 1176 1076 verbis
1190 1056 1242 1075 non
1259 1052 1337 1075 antea
1363 1048 1472 1082 scriptis
1493 1047 1654 1082 patrocinati

874 1098 955 1126 sunt;
971 1094 1019 1121 sed
1034 1094 1157 1128 exemplo
1179 1093 1290 1120 Patrum
1314 1093 1428 1125 incitati,
1449 1101 1544 1120 eorum
1573 1093 1655 1120 verba

874 1144 1050 1174 usurparunt.
1069 1140 1118 1166 Diu
1136 1147 1252 1175 namque
1263 1144 1324 1167 ante
1344 1140 1404 1166 illos
1420 1139 1591 1174 septuaginta
1607 1138 1654 1173 qui

875 1183 1095 1212 Samosatensem
1111 1185 1305 1219 deposuerunt,
1318 1184 1372 1210 duo
1380 1184 1499 1219 Dionysii
1516 1184 1655 1217 exstitere,

874 1236 988 1262 quorum
1002 1229 1069 1256 alter
1083 1228 1175 1256 Romae
1187 1249 1194 1261 ,
1221 1229 1288 1255 alter
1313 1229 1483 1256 Alexandriae
1510 1229 1655 1263 episcopus

873 1278 942 1302 erat.
953 1273 1020 1302 Cum
1040 1279 1129 1302 atttem
1144 1275 1253 1309 quidam
1271 1275 1304 1301 ad
1319 1274 1471 1301 Romanum
1485 1277 1653 1309 episcopum,

872 1320 1084 1347 Alexandrinum
1101 1320 1271 1351 detulissent,
1284 1321 1355 1354 quod
1368 1319 1465 1346 Filium
1486 1328 1543 1347 rem
1556 1319 1653 1347 factam

872 1370 900 1393 et
915 1364 989 1392 Patri
1003 1373 1055 1392 non
1074 1365 1334 1393 consubstantialem
1347 1365 1494 1391 alﬁrmarot
1505 1385 1512 1397 ,
1534 1365 1655 1400 synodus

873 1410 967 1438 Roma!
980 1416 1074 1438 coacta
1092 1419 1148 1438 rem
1164 1411 1273 1446 indigne
1290 1411 1350 1438 tttlit
1364 1420 1371 1442 ;
1397 1411 1537 1439 Romanus
1563 1417 1653 1439 atttem

873 1458 1016 1492 episcopus
1027 1457 1149 1484 omnium
1162 1457 1323 1483 sententiam
1335 1458 1472 1491 rescripsit
1483 1457 1515 1484 ad
1527 1458 1654 1491 gentilem

874 1511 964 1531 suum.
979 1504 1014 1531 At
1027 1503 1072 1530 ille
1093 1504 1134 1530 sui
1151 1504 1282 1538 purgandi
1302 1511 1385 1530 causa
1407 1504 1506 1530 librum
1530 1504 1582 1530 edit
1603 1504 1655 1531 hoc

872 1550 958 1582 titulo,
972 1549 1101 1576 Elenclius
1112 1554 1137 1576 et
1151 1549 1290 1584 Apologia,
1305 1554 1331 1577 et
1345 1549 1387 1576 his
1402 1549 1492 1577 verbis
1505 1549 1537 1577 ad
1552 1548 1654 1576 lloma-

873 1603 936 1622 num
945 1595 1055 1630 scripsit
1071 1595 1228 1629 episcopum
1243 1603 1250 1621 :

56 1638 182 1674 Ὲλέτχου
193 1640 241 1667 καὶ
268 1639 451 1673 Ἀπολογίας.
478 1639 581 1674 Γράφει
595 1639 624 1665 δὲ
643 1638 729 1665 ταῦτα
753 1638 820 1673 πρὸς
835 1638 950 1666 ὶκείνον.

186 1693 195 1709 ‹
212 1684 269 1710 Καὶ
283 1683 316 1710 δι’
332 1683 414 1717 ἄλλης
436 1681 580 1716 ἐπιπολῆς
608 1680 725 1715 ἔγραψα,
740 1679 768 1705 ὲν
780 1676 819 1710 οἷς

50 1729 134 1764 ἣλεγξα
147 1731 192 1757 καὶ
202 1731 215 1757 ὃ
233 1729 417 1767 προφέρουσιν
432 1728 556 1763 ἔγκλημα
575 1727 636 1754 κατ’
650 1725 728 1760 ἐμοῦ,
753 1724 819 1759 ψεῦ-

50 1775 85 1807 δος
95 1776 129 1808 ὃν,
142 1776 177 1809 ὡς
193 1777 222 1803 οὐ
235 1777 361 1811 λέγοντος
377 1776 422 1802 τὸν
456 1774 571 1810 Χριστὸν
586 1771 728 1808 ὁμοούσιον
751 1768 820 1797 εἶναι

49 1822 80 1856 τῷ
91 1823 153 1858 Θεῷ.
171 1824 201 1850 Εἰ
212 1823 269 1859 γὰρ
283 1823 329 1849 καὶ
340 1822 370 1848 τδ
377 1822 462 1856 ὄνομ-α
472 1819 550 1846 τοῦτό
570 1827 640 1853 φημι
654 1817 691 1853 μὴ
706 1815 821 1852 εὑρηκέ-

49 1876 94 1900 ναι,
111 1870 166 1905 μηδ’
177 1868 362 1904 ἀνεγνωκέναι
377 1876 427 1894 που
438 1867 491 1892 τῶν
515 1865 599 1899 ἁγίων
614 1863 739 1902 Γραφῶν,
752 1861 822 1889 ἀλλά

48 1922 74 1946 γε
85 1914 114 1941 τὰ
123 1914 324 1950 ἐπιχειρήματα
337 1922 387 1948 μου
398 1912 432 1938 τὰ
440 1912 514 1946 ὲξῆς,
527 1911 544 1938 ἃ
561 1909 757 1943 σεσιωπήκασι,
771 1907 821 1942 τῆς

49 1959 151 1992 διανοίας
165 1961 265 1996 ταύτης
297 1960 346 1986 οὐκ
367 1958 474 1994 ἀπᾴδει.
500 1957 554 1984 Καὶ
584 1955 638 1990 γὰρ
718 1953 822 1988 ἀνθρω-

48 2006 116 2032 πείαν
126 2007 203 2041 γονὴν
229 2005 400 2041 παρεθέμην,
426 2004 502 2039 δῆλον
524 2003 560 2034 ὡς
585 2000 667 2028 οὖσαν
693 1999 820 2034 ὁμογενῆ,

49 2053 124 2086 φήσας
139 2053 244 2084 πάντως
273 2052 337 2083 τοὺς
365 2052 452 2086 γονεῖς
468 2050 545 2084 μόνον
619 2047 728 2082 ἑτέρους
751 2043 821 2072 εἶναι

50 2097 92 2122 τῶν
105 2098 212 2129 τέκνων,
223 2098 265 2124 ὅτι
282 2096 319 2132 μὴ
336 2096 412 2122 αὐτοὶ
425 2093 478 2121 εἷεν
493 2094 528 2120 τὰ
541 2091 662 2126 τέκναοῆ
680 2091 749 2126 μήτε
774 2098 821 2124 γο-

49 2144 95 2174 νεῖς
105 2144 248 2177 ἀναγκαῖον
259 2142 394 2178 ὑπάρχειν
407 2139 486 2170 εἶναι,
505 2140 572 2175 μήτε
588 2138 679 2165 τέκνα.
702 2137 757 2164 Καὶ
772 2136 821 2171 τὴν

50 2188 90 2222 μὲν
104 2190 252 2225 επιστολὴν,
279 2189 318 2219 ὡς
342 2188 479 2222 προεῖπον,
504 2185 548 2212 διὰ
573 2183 622 2215 τὰς
648 2182 821 2218 περιστάσεις

47 2233 90 2260 οὒκ
101 2231 151 2268 ἔχω
164 2234 342 2270 προκομίσαι·
354 2233 378 2259 ει
398 2232 420 2258 δ’
435 2229 491 2262 οὖν,
509 2230 578 2257 αὑτά
657 2237 699 2255 σοι
711 2228 746 2254 τὰ
761 2227 821 2253 τότε

959 1691 969 1708 ‹
981 1682 1009 1709 1η
1021 1681 1072 1708 alia
1086 1681 1148 1708 item
1165 1681 1277 1716 cpistola
1290 1688 1320 1707 ea
1334 1680 1441 1715 scripsi,
1453 1680 1551 1715 quibus
1561 1679 1654 1708 crimi-

869 1729 1005 1756 nationem
1029 1727 1246 1755 adversariorum
1267 1727 1364 1760 repuli,
1384 1727 1595 1761 mendacemque
1609 1734 1654 1754 os-

869 1775 941 1803 tendi
953 1782 1005 1809 qua
1018 1774 1125 1801 aiebant
1137 1780 1179 1800 me
1191 1772 1326 1800 Christum
1339 1780 1436 1807 negare
1449 1781 1509 1799 esse
1522 1772 1573 1799 Deo
1586 1780 1654 1799 cett-

870 1819 1083 1848 substantialem.
1100 1817 1218 1845 Tametsi
1236 1818 1308 1845 enim
1336 1817 1421 1845 fateor
1439 1826 1481 1844 me
1503 1819 1555 1845 hoc
1574 1825 1654 1845 roca-

870 1866 962 1893 bulum
986 1872 1119 1899 nusquam
1141 1864 1341 1899 Scriptttrarum
1365 1871 1502 1891 sacrarum
1523 1864 1564 1890 vel
1580 1864 1654 1891 inve-

871 1912 944 1939 nisse
961 1911 1002 1938 vel
1015 1911 1123 1945 legisse.
1143 1915 1261 1937 attamen
1276 1914 1432 1944 argumenta
1446 1917 1503 1936 mea
1519 1917 1578 1943 quae
1590 1910 1654 1936 sub-

871 1963 1031 1993 sequuntur,
1043 1964 1158 1992 quaeque
1180 1957 1224 1984 isti
1242 1960 1394 1989 tacuerunt,
1408 1955 1443 1982 ab
1456 1956 1506 1982 hac
1521 1955 1653 1982 sententia

871 2012 925 2030 non
941 2003 1106 2037 discrepant.
1120 2002 1224 2029 Etenim
1243 2001 1387 2028 humanam
1403 2000 1503 2034 prolem
1521 2000 1547 2026 iu
1560 2008 1654 2026 ext-m-

872 2050 944 2084 plum
959 2049 1048 2082 attuli,
1067 2055 1149 2084 quam
1163 2052 1236 2082 patet
1257 2048 1378 2082 ejusdem
1403 2053 1464 2074 esse
1495 2046 1602 2080 geni-ris
1622 2053 1654 2074 ac

872 2096 1032 2131 genitorem.
1061 2094 1174 2129 Dixique
1193 2101 1284 2120 revera
1307 2094 1332 2120 in
1348 2094 1400 2120 hoc
1426 2093 1513 2120 solum
1529 2096 1654 2126 parentes

873 2142 980 2169 diﬂ‘erre
991 2149 1006 2168 a
1019 2141 1090 2173 ﬁliis,
1105 2141 1177 2175 qttod
1195 2140 1246 2175 ipsi
1263 2147 1316 2167 non
1337 2140 1391 2167 sint
1403 2139 1450 2166 ﬁlii
1464 2148 1472 2166 :
1486 2139 1587 2173 alioqui
1605 2145 1653 2164 nc-

873 2195 949 2216 ccsse
976 2187 1033 2214 fore
1047 2194 1134 2222 neque
1157 2191 1281 2221 parentes
1309 2185 1449 2215 exsistere.
1472 2192 1559 2219 neque
1575 2184 1653 2211 ﬁlios.

874 2234 1020 2268 Epistulam
1039 2238 1139 2264 autem,
1153 2237 1182 2259 ut
1197 2237 1258 2258 ante
1269 2231 1334 2262 dixi,
1347 2231 1381 2258 ob
1393 2235 1550 2265 praesentem
1564 2237 1654 2256 rerttm

49 2279 155 2314 ῥήματα.
170 2281 270 2316 μᾶλλον
285 2280 313 2306 δὲ
327 2279 375 2306 καὶ
390 2278 480 2313 πάσης
491 2275 634 2310 ἀνέπεμψα
651 2275 681 2301 τὺ
693 2273 821 2309 ἀντίγρα-

873 2279 1054 2308 conditionem
1082 2286 1162 2313 penes
1187 2285 1229 2304 me
1244 2285 1297 2304 non
1323 2277 1418 2303 habeo.
1446 2275 1572 2310 Alioquin
1596 2275 1654 2310 ipsa

49 2333 97 2357 ιεοψ
113 2326 178 2361 ὅπερ
207 2326 256 2352 ἐὰν
273 2325 427 2359 εὐπορήσο),
448 2322 561 2357 ποιήσω.
581 2319 645 2348 οἶδα
668 2320 696 2346 δὲ
711 2319 759 2346 καὶ
775 2318 822 2353 μέ-

50 2378 142 2405 μνημαι
158 2371 269 2397 πλείονα
294 2368 422 2404 προσθεὶς
445 2367 499 2394 τῶν
524 2367 660 2400 συγγενῶν
682 2364 821 2400 ὁμοιώμα-

48 2421 86 2439 τα·
146 2415 200 2441 Καὶ
215 2414 271 2449 γὰρ
289 2413 337 2440 καὶ
361 2412 442 2446 φυτὸν
459 2413 544 2443 εἶπον,
562 2411 615 2438 ἀπὸ
633 2411 787 2445 σπέρματος
804 2410 820 2445 ἦ

48 2459 94 2485 ἀπὸ
109 2460 181 2495 ῥίζης
193 2460 315 2491 ἀνελθὸν,
327 2459 418 2492 ἕτερον
435 2456 503 2484 εἶναι
519 2457 565 2484 τοῦ
585 2457 644 2484 ὅθεν
660 2457 821 2490 ἐϐλάστησε,

49 2505 87 2530 καὶ
102 2506 206 2538 πάντως
223 2506 320 2540 ἐκείνῳ
330 2505 496 2540 καθέστηκεν
521 2504 638 2539 ὁμοφυές
648 2512 655 2519 ο
672 2504 719 2530 καὶ
740 2511 822 2529 ποτα-

50 2550 152 2584 μδνᾶπὺ
165 2553 257 2588 πηγῆς
273 2552 378 2587 ῥέοντα,
390 2551 481 2586 ἕτερον
496 2551 544 2578 καὶ
567 2549 658 2585 σχῆμα
677 2549 723 2575 καὶ
739 2549 822 2582 ὄνομα

51 2598 240 2633 μετειληφέναι·
259 2599 326 2633 μήτε
338 2597 392 2632 γὰρ
405 2597 453 2632 τὴν
480 2596 571 2631 πηγὴν
596 2595 727 2629 ποταμὸν,
755 2595 822 2629 μήτε

49 2642 87 2669 τὸν
102 2645 219 2679 ποταμὸν
239 2644 330 2678 πηγὴν
347 2642 482 2677 λέγεσθαι,
510 2642 557 2669 καὶ
578 2642 719 2677 ἀμφότερα
736 2641 823 2676 ὑπάρ-

50 2696 108 2720 χειν·
121 2689 166 2716 καὶ
179 2690 229 2724 τὴν
248 2689 297 2724 μὲν
308 2689 397 2723 πηγὴν
409 2688 489 2715 οἱονεὶ
504 2688 613 2722 Πατέρα
638 2686 716 2716 εἶναι,
735 2687 779 2714 τὴν
793 2686 821 2712 δὲ

49 2733 161 2767 ποταμὸν
186 2731 256 2759 εἶναι
273 2731 304 2757 τὸ
319 2733 350 2758 ὲκ
373 2731 422 2766 τῆς
445 2730 535 2766 πηγῆς
560 2730 740 2765 γεννώμενον.
815 2736 825 2752 ι

50 2775 158 2812 Εἴρηκεν
218 2779 233 2804 ὁ
250 2770 407 2808 ἐπίσκοπος.

874 2327 920 2353 tibi
936 2334 997 2361 qua:
1023 2329 1086 2351 tunc
1111 2324 1205 2358 scripsi
1232 2323 1325 2354 verba,
1352 2322 1406 2349 imo
1430 2322 1511 2350 totius
1534 2322 1655 2356 epistolze

873 2371 1009 2405 exotttpiat'
1027 2371 1172 2398 misissem.
1189 2369 1347 2403 mittamque
1361 2368 1383 2395 si
1397 2369 1505 2402 quando
1518 2369 1583 2395 mihi
1595 2368 1655 2404 ejus

873 2417 950 2452 copia
967 2416 1057 2443 fuerit.
1074 2416 1135 2443 Scin
1146 2420 1233 2441 autent
1248 2419 1328 2449 atque
1341 2414 1450 2441 memini
1466 2422 1507 2441 me
1523 2414 1655 2448 plurimas

873 2472 905 2491 ex
922 2464 1002 2490 rebus
1013 2463 1081 2489 inter
1091 2470 1120 2489 se
1131 2468 1224 2496 cogita:
1232 2462 1253 2488 is
1264 2461 1453 2488 similitudines
1467 2461 1653 2494 conglobasse.

874 2509 977 2535 Etruitn
995 2509 1124 2542 plantam,
1139 2507 1196 2534 sive
1204 2515 1234 2533 cx
1247 2506 1360 2538 semine,
1372 2506 1428 2533 sive
1441 2513 1473 2532 ex
1487 2506 1577 2532 radice
1592 2514 1651 2533 suc-

874 2559 1050 2583 cresccutem.
1074 2553 1153 2579 aliam
1172 2560 1233 2580 esse
1246 2551 1302 2578 dixi
1319 2552 1352 2578 ab
1365 2559 1397 2577 eo
1417 2551 1487 2577 unde
1502 2551 1653 2585 pullulavit,

875 2600 981 2626 tametsi
998 2599 1118 2633 ejusdem
1135 2605 1247 2632 prorsus
1265 2602 1305 2624 est
1320 2601 1423 2623 natura:
1437 2605 1443 2623 :
1461 2596 1627 2630 fluviumque
1639 2604 1653 2623 ει

875 2645 947 2672 fonte
964 2645 1101 2675 ﬂuentum,
1117 2644 1197 2670 aliam
1215 2642 1329 2669 formam
1346 2646 1373 2669 et
1392 2649 1488 2668 nomen
1507 2642 1629 2676 accipere
1646 2651 1652 2669 :

875 2700 961 2725 noque
973 2692 1044 2717 enim
1058 2695 1104 2716 aut
1120 2690 1217 2716 fontem
1232 2688 1354 2719 lintrium,
1369 2693 1416 2714 aut
1430 2687 1540 2714 ﬂuvium
1554 2687 1654 2715 fontem

872 2734 937 2766 dici,
957 2733 1003 2760 sed
1027 2737 1173 2766 utrumque
1195 2731 1347 2758 exsistere:
1364 2739 1396 2759 ac
1418 2731 1518 2759 fontem
1543 2732 1651 2766 quidem

873 2778 951 2813 quasi
972 2782 1074 2812 patrem
1095 2784 1165 2809 esse,
1186 2776 1296 2803 [luvium
1320 2784 1395 2809 vero,
1412 2784 1511 2810 aquam
1526 2784 1558 2804 ex
1578 2776 1653 2804 fonte

874 2830 1037 2852 manentem.
1052 2832 1062 2849 ι
1079 2821 1214 2850 Hactenus
1227 2823 1370 2857 episcopus
1385 2822 1438 2849 ille.

1596 117 1652 150 ιἰι
1707 116 1711 119 ’
