1902 3078
193 116 196 120 ’
229 125 282 158 179

842 128 1036 158 EUIHYIIII
1055 127 1236 158 ZIGABENI

1804 124 1851 156 I8?)

225 208 334 236 quoque
357 200 378 228 si
397 208 429 228 ex
459 199 587 228 Patrlbus
609 200 654 227 alii
675 200 729 227 alio
748 200 829 227 modo
847 200 880 226 de
897 200 1012 227 consulr

1065 195 1151 229 ἡμεῖς,
1168 193 1225 219 ἀλλ’
1243 190 1362 223 εὐσεϐῶς
1378 192 1411 219 τὰ
1428 191 1492 227 παρ’
1508 191 1596 218 αὐτῶν
1623 188 1778 226 δεχώμεθα,
1803 190 1851 221 ἕως

226 246 345 273 stantiali
362 245 442 272 locuti
459 249 540 278 sunt,
560 252 594 272 tte
610 245 807 272 contendamus
821 254 828 272 ε
845 246 891 272 sed
907 246 949 280 pie
966 254 1010 272 eo-

227 300 286 318 rum
304 292 375 317 dicta
392 291 575 325 excipiamus,
604 289 669 317 dum
697 291 816 319 maxime
842 295 898 319 toto
923 292 1012 319 stuuio

227 339 278 372 picl
284 337 318 364 ιιιὶ
335 344 444 372 operam
465 337 609 364 dederunt.

321 382 438 416 lguatius
465 386 547 414 certe.
572 383 618 417 qui
635 387 696 418 post
713 383 849 418 apo~tolos
863 383 1014 411 Antiochia:

226 428 370 462 episcopus
396 427 562 454 constitutus
579 432 637 460 est,
665 429 777 463 ipseque
794 433 896 463 martyr
911 428 1012 456 Christi

228 474 288 505 l'uii,
304 474 336 499 de
353 473 465 499 Domino
478 474 611 505 scribens,
623 473 692 501 dixit
717 483 725 502 ι
783 483 792 499 ί
806 473 882 500 Unus
893 475 1013 501 medicus

224 506 268 546 ’ρει
284 519 402 545 carnalis
423 522 449 545 et
470 519 631 553 spiritualis,
645 519 732 546 factus
753 525 778 547 et
792 528 846 546 non
860 520 948 546 factus
959 541 966 552 ,
986 521 1011 547 in

227 566 337 591 homine
355 564 443 595 Deus,
462 564 488 590 in
508 569 593 591 morte
609 565 662 591 vita
678 572 740 591 vera
753 585 760 598 ,
775 570 801 592 et
824 573 857 592 ex
879 565 963 592 Maria
986 570 1013 592 et

227 618 260 636 ex
278 609 340 635 Deo.
363 618 372 635 ι
392 604 614 641 Quidaut'autem
633 612 692 642 post
713 608 844 644 lgnatium
860 614 887 636 et
904 610 953 644 ipsi
980 617 1012 636 ex

229 655 365 689 magistris
383 655 482 682 nostris
496 656 636 682 scribunt:
650 665 659 681 ι
672 656 761 683 Uutuu
776 664 828 682 uou
846 655 946 683 factum
961 662 1012 689 est,

229 701 333 728 scilicet
353 699 431 727 Pater
447 709 453 726 τ
470 705 496 727 et
515 708 585 727 unus
602 709 635 727 ex
661 701 720 735 ipso
744 700 829 728 Filius
855 709 1012 735 germanus,

229 747 318 780 proles
330 754 403 778 vera,
417 745 533 773 Verbum
551 751 576 773 et
590 746 728 781 Sapientia
743 746 842 774 Patris.
858 756 866 771 ι
880 746 907 773 Si
922 747 1014 781 itaque

231 792 283 818 illis
298 792 377 818 etiam
393 792 580 825 adversamur,
595 793 630 819 sit
642 793 720 820 nobis
732 792 874 819 adversum
896 793 1014 827 synodos

230 845 338 872 quoque
352 843 499 865 certamen.
523 838 602 871 Quod
619 839 641 865 si
659 839 735 872 gnari
750 846 845 865 eorum
863 838 889 865 iu
904 838 1014 864 Christo

231 885 309 916 lidei,
328 891 488 920 persuasum
510 884 641 911 habemus
657 884 765 911 beatum
782 884 864 911 etiam
881 883 1014 918 lgnatium

231 937 303 958 recte
318 933 470 965 scripsisse.
487 940 548 959 cum
568 933 642 959 illum
660 933 750 960 carnis
761 940 844 960 causa
861 933 960 959 l'aetutu
976 931 1018 958 di-

234 977 270 1004 xit
294 977 430 1012 (Christus
446 978 518 1004 enim
535 985 598 1004 caro
613 978 699 1005 factus
712 978 776 1013 est),
790 983 817 1005 et
833 978 1016 1009 non—factum,

232 1024 297 1057 quia
311 1031 366 1049 nou
387 1031 419 1049 ex
433 1024 548 1057 opiliciis
560 1029 587 1051 et
611 1024 692 1051 rebus
708 1024 785 1051 factis
797 1029 854 1056 est,
869 1025 915 1051 sed
932 1023 1017 1051 Filius

231 1068 353 1095 exPatre
367 1077 373 1094 Ζ
389 1077 437 1095 IICC
453 1070 611 1104 ignoramus
622 1077 668 1098 POS
681 1079 727 1105 (IIII
741 1079 822 1097 llIllllll
835 1076 1016 1101 IIOH-IIICIIIIII,

236 1115 340 1142 sriliect
448 1114 552 1141 Patrem
569 1116 672 1148 dixere,
686 1124 738 1142 non
754 1117 832 1144 quasi
854 1116 968 1142 Verbum
983 1117 1018 1143 sit

234 1166 277 1184 res
296 1159 363 1185 facta
379 1165 424 1186 aut
437 1161 575 1194 opilicium
590 1162 625 1188 ila
641 1162 804 1196 scripsisse;
820 1163 866 1189 sed
881 1163 943 1197 quia
959 1163 1018 1189 nul-

233 1203 286 1230 lam
307 1203 385 1231 Pater
403 1205 499 1232 habeat
514 1214 643 1239 causam;
670 1207 724 1234 imo
754 1208 860 1242 potius,
879 1209 943 1243 quia
961 1209 1018 1242 ipse

233 1252 342 1284 quidem
360 1252 438 1278 Pater
455 1253 489 1279 sit
508 1253 673 1288 Sapientiae.
692 1251 798 1288 opiﬁcia
814 1261 904 1282 autem
925 1257 1016 1282 omnia

233 1297 259 1323 in
275 1298 406 1331 sapientia
423 1298 533 1332 fecerit;
549 1308 598 1326 cur
614 1308 667 1327 non
682 1302 762 1328 etiam
775 1301 879 1333 Patres.
893 1309 955 1329 cum
970 1310 1018 1329 eos

232 1342 278 1376 qui
291 1341 511 1371 SamOsateusem
526 1345 686 1379 deposuere,
700 1351 755 1373 tum
769 1354 816 1373 eos
832 1347 876 1382 qui
888 1347 1016 1373 Arianam

234 1388 357 1414 haeresim
375 1389 485 1416 infamia
502 1395 648 1423 notarunt.
664 1392 691 1418 in
710 1400 795 1420 unum
814 1383 922 1427 pit-latis
937 1398 1016 1420 tuen-

231 1434 272 1460 da:
284 1435 403 1461 studium
417 1437 621 1471 conjungimus,
634 1438 689 1465 imo
700 1446 884 1473 segregamus,
896 1443 923 1466 et
933 1447 1016 1474 quare

233 1487 286 1505 nou
303 1481 392 1514 potius
407 1480 440 1508 de
460 1482 512 1509 illis
528 1487 599 1509 recte
612 1483 746 1510 sentimus
763 1493 771 1511 :
785 1484 1015 1519 quandoquidem,

233 1526 271 1551 uti
284 1525 339 1559 jam
365 1526 419 1553 dixi
432 1547 438 1558 ,
466 1528 570 1561 priores
593 1528 631 1555 illi
649 1529 738 1556 solum
755 1529 954 1558 Samosateitsis
969 1539 1013 1558 so-

232 1572 354 1605 phisma.
370 1577 397 1599 et
420 1573 478 1607 ejus
494 1574 745 1609 interpretationem
762 1581 914 1610 spectantes
924 1568 934 1608 .I
947 1577 1016 1604 scri-

235 1661 318 1687 \‘crba
341 1670 407 1688 sane
427 1662 606 1698 intelligentes
619 1685 626 1697 ,
652 1665 745 1692 dixere
763 1665 860 1693 Filium
875 1674 936 1695 esse
952 1675 1016 1695 con-

235 1707 460 1734 substantialem?
477 1708 606 1743 Equidem
627 1717 689 1738 cum
708 1711 753 1738 tali
771 1711 804 1739 de
817 1712 870 1746 piis
883 1713 937 1740 illis
953 1721 1016 1748 erga

235 1752 373 1779 Christum
385 1753 451 1780 viris
463 1753 513 1780 sim
526 1755 671 1788 sententia,
686 1756 742 1783 hare
752 1757 846 1791 paucis
857 1758 1017 1792 conscripsi.

235 1797 312 1830 Quod
328 1798 351 1825 si
368 1799 499 1833 epistolaz.
517 1807 599 1834 quam
617 1801 677 1828 illos
691 1803 834 1836 scripsisse
848 1803 952 1836 dicunt,
969 1805 1018 1830 mi-

236 1843 262 1869 hi
275 1843 351 1877 copia
365 1843 471 1876 fuisset,
485 1846 612 1872 existimo
623 1846 715 1880 plures
728 1847 963 1882 deprehensurum
977 1856 1018 1876 me

236 1889 321 1916 fuisse
338 1897 445 1921 causas,
461 1898 510 1916 cur
528 1892 596 1918 beati
616 1893 654 1920 illi
670 1894 705 1920 ita
721 1895 842 1922 scribere
854 1895 941 1922 coacti
952 1895 1016 1922 sint.

235 1935 288 1962 Par
300 1941 342 1963 est
355 1937 427 1963 enim
445 1937 576 1973 decelque
591 1946 641 1966 nos
660 1940 697 1966 ita
711 1940 828 1973 sentire,
848 1940 1018 1977 probumque

235 1990 298 2017 erga
323 1982 416 2010 Patres
436 1985 557 2011 animum
571 1992 695 2017 servare,
710 1986 733 2013 si
752 1989 842 2014 tamen
856 1987 941 2021 spurii
963 1995 1018 2014 non

235 2035 346 2060 sumus,
364 2033 389 2055 et
404 2029 425 2056 si
441 2029 475 2056 ab
489 2029 541 2058 illis
557 2031 716 2059 traditiones
729 2031 893 2066 pietatisque
914 2033 1018 2060 doctri-

235 2082 298 2101 ιιιιιιι
315 2079 446 2102 ιεηειηιις.

327 2206 417 2234 Talem
435 2207 516 2242 igitur
527 2207 636 2235 Patrqu
652 2208 737 2237 fuisse
750 2215 868 2238 mentem
882 2212 1017 2246 dicamus,
1032 2225 1053 2252 D

234 2252 441 2288 credamusque.
463 2254 519 2288 Age
537 2262 600 2281 vero
617 2263 725 2283 rursum
741 2263 802 2283 cuin
820 2257 874 2285 illis
889 2266 946 2285 rem
961 2259 1019 2294 pla-

233 2298 292 2324 cide
307 2303 333 2325 et
349 2298 421 2326 bono
438 2300 530 2326 animo
546 2299 726 2334 inquiramus,
742 2302 829 2336 deque
843 2311 925 2337 supra
936 2303 1017 2332 dictis

234 2345 398 2371 tucntionetn
429 2345 683 2373 Iaciamus:auuon
717 2355 809 2375 revera
835 2349 1017 2378 demonstrari

233 2389 319 2423 possit
344 2383 485 2424 episcopos
496 2390 590 2418 Nicaue
601 2396 778 2426 congregatos
794 2398 866 2419 recte
878 2393 997 2421 sensisse
1007 2394 1018 2421 τ

234 2433 262 2461 Si
283 2434 397 2462 Verbum
416 2440 456 2463 est
475 2444 517 2463 res
535 2436 622 2468 facta,
645 2441 671 2463 et
687 2437 804 2464 alienum
820 2446 833 2464 a
852 2437 940 2466 Patris
952 2440 1017 2466 sub—

233 2481 342 2514 stantia,
356 2481 391 2508 ita
403 2486 456 2509 uta
471 2482 549 2509 Patre
558 2487 722 2517 Segregetur,
737 2483 790 2509 imo
804 2491 835 2510 ea
845 2485 1016 2518 separatione

232 2534 294 2561 qua:
310 2535 324 2553 a
341 2527 498 2555 diversitate
512 2532 616 2555 natura:
633 2529 820 2562 proﬁciscatur
831 2549 837 2560 ,
854 2529 927 2557 Patri
942 2535 1016 2558 certe

232 2573 464 2600 consubstantiale
478 2581 648 2608 nequaquam
666 2574 761 2606 Itlct‘il;
777 2576 823 2602 sed
840 2576 928 2609 potius
942 2577 1016 2611 ejus—

232 2618 292 2645 dem
309 2623 421 2650 naturm,
441 2619 518 2653 cujus
535 2626 577 2646 res
597 2618 683 2651 lactat,
700 2620 750 2647 etsi
767 2620 821 2647 illis
838 2621 924 2655 gratia
941 2626 1012 2648 ante-

231 2665 319 2692 cellat.
337 2664 413 2697 Quod
426 2664 449 2691 si
462 2665 639 2692 conﬁteantur
649 2673 711 2692 cum
727 2674 780 2692 non
792 2674 853 2694 esse
865 2667 1014 2700 op'ilicium,

231 2711 278 2738 sed
296 2711 439 2746 genuinam
454 2718 486 2737 ex
510 2707 597 2737 Patris
623 2711 775 2739 substantia
790 2711 903 2746 prolem,
916 2719 1015 2740 conse-

231 2763 317 2791 quens
333 2763 398 2783 sane
413 2755 495 2783 fuerit
509 2764 571 2784 eum
587 2757 794 2791 inseparabilem
812 2765 873 2785 esse
889 2765 905 2785 a
923 2756 1014 2791 Patre,

230 2809 293 2828 cum
323 2802 358 2828 sit
372 2801 493 2836 ejusdem
512 2807 615 2830 natura:
627 2823 635 2835 ,
661 2807 754 2837 utpote
778 2804 813 2830 ab
831 2804 876 2831 illo
895 2804 1013 2839 genitus.

231 2846 304 2874 Talis
321 2851 409 2881 autem
421 2855 482 2875 cum
500 2847 551 2881 sit,
566 2847 627 2882 jure
641 2848 881 2877 consubstantialis
895 2849 1013 2878 dicatur.

1063 240 1179 276 μαλίστα
1196 239 1244 274 τὴν
1262 238 1377 274 σπουδὴν
1387 235 1459 273 εἶχον
1473 239 1511 269 εἰς
1527 237 1676 264 εὐσέϐειαν.

1164 391 1291 426 Ἰγνάτιος
1308 388 1354 418 οὖν
1371 407 1380 420 ,
1453 392 1467 417 ὁ
1483 391 1552 426 μετὰ
1566 390 1628 422 τοὺς
1647 391 1816 421 ἀποστόλους
1826 392 1853 418 ἐν

1069 438 1216 473 Ἀντιοχείᾳ
1239 437 1417 468 κατασταθεὶς
1443 437 1601 468 ἐπίσκοπος.
1623 437 1670 463 καὶ
1685 437 1794 471 μάρτυς
1807 437 1852 464 τοῦ

1062 483 1178 519 Χριστοῦ
1194 482 1347 518 γενόμενος,
1363 482 1475 518 γράφων
1503 482 1566 516 περὶ
1581 482 1626 507 τοῦ
1644 482 1762 517 Κυρίου,
1777 483 1853 517 εἴρη-

1063 538 1119 556 κεν·
1140 539 1149 554 ι
1167 527 1213 560 Εἷς
1241 529 1331 565 ἱατρός
1356 530 1424 560 ἐστι,
1449 528 1577 563 σαρκικὺς
1593 528 1640 553 καὶ
1656 528 1850 563 πνευματικὰς,

1062 574 1174 610 γενητὸς
1191 574 1237 601 και
1248 574 1379 610 ἀγένητος
1394 594 1404 606 ,
1477 574 1506 599 ιν
1519 573 1654 608 ἀνθρώπῳ
1667 573 1743 605 θεὸς.
1759 575 1790 600 ἐν
1804 574 1852 600 θα-

1063 621 1134 655 νάτῳ
1151 621 1207 656 ζωὴ
1221 620 1344 656 ἀληθινὴ,
1355 620 1403 646 καὶ
1418 620 1450 646 ἐκ
1464 620 1573 655 Μαρίας
1586 620 1632 646 χαὶ
1644 620 1675 646 ἐκ
1691 620 1771 647 Θεοῦ.
1783 629 1794 645 ι
1804 621 1851 647 Τι-

1063 667 1106 698 νὲς
1120 667 1148 693 δὲ
1162 667 1208 693 καὶ
1229 665 1282 692 τῶν
1299 665 1367 701 μετὰ
1397 665 1526 699 Ἰγνάτιον
1542 664 1693 691 διδάσκαλοι
1712 666 1760 692 κα).
1775 666 1852 692 αὐτοὶ

1062 713 1222 748 γράφουσιν
1235 722 1244 737 ι
1258 712 1305 738 Ἐν
1318 712 1348 737 τὸ
1361 711 1492 746 ἀγένητον
1572 712 1587 736 ὁ
1603 711 1707 746 Πατὴρ,
1723 712 1771 738 καὶ
1784 709 1825 743 εἷς
1838 714 1853 738 ό

1063 759 1093 790 ἐξ
1104 758 1183 785 αὑτοῦ
1198 757 1261 788 Υἱὸς
1271 758 1392 792 γνήσιος,
1408 756 1531 791 γέννημα
1552 756 1688 791 ἀληθινὸν,
1704 757 1792 790 Λὰγος
1806 758 1853 783 καὶ

1064 804 1148 838 Σοφία
1170 803 1217 829 τοῦ
1231 803 1362 838 Πατρός.)
1383 803 1414 828 El
1432 803 1482 837 μὲν
1511 800 1558 828 οὖν
1585 803 1631 828 καὶ
1655 802 1723 837 πρὸς
1739 802 1853 834 τούτους

1064 849 1192 881 ἐναντίως
1219 849 1388 883 διακείμεθα,
1406 848 1474 875 ἔστω
1502 848 1549 874 καὶ
1579 848 1645 883 πρὸς
1661 849 1709 880 τὰς
1726 849 1853 880 συνόδους

1033 896 1155 931 Βὴμίνή
1171 895 1255 930 μάχηλ
1273 895 1304 921 Εἰ
1323 895 1361 927 δὲ,
1385 895 1434 929 τὴν
1457 896 1485 920 ὲν
1506 894 1616 930 Χριστῷ
1642 894 1733 919 πίστιν
1760 895 1852 920 αὐτῶν

1065 942 1251 974 γινώσκοντες,
1268 939 1447 974 πεπείσμεθα,
1462 940 1504 965 ὅτι
1519 939 1565 965 καὶ
1579 939 1593 963 ὁ
1606 938 1740 973 μακάριος
1762 937 1853 970 Ἰγνά-

1065 994 1120 1018 τιος
1139 986 1226 1022 ὀρθῶς
1245 986 1357 1021 ἔγραψε,
1379 985 1492 1019 γενητὸν
1518 984 1598 1022 αὐτόν
1622 984 1709 1017 λέγων
1730 982 1775 1008 διὰ
1804 982 1854 1016 τὴν

1066 1031 1154 1067 σάρκα
1167 1033 1174 1063 (
1188 1033 1202 1058 ό
1216 1032 1270 1067 γὰρ
1286 1031 1401 1067 Χριστὸς
1419 1031 1487 1066 σὰρξ
1507 1031 1626 1065 ἐγένετο)
1640 1038 1647 1044 ·
1663 1029 1798 1063 ἀγένητον
1814 1028 1852 1059 δὲ,

1064 1077 1104 1103 ὅτι
1122 1078 1159 1112 μὴ
1173 1077 1226 1104 τῶν
1240 1077 1399 1113 ποιημάτων
1415 1079 1461 1104 καὶ
1474 1076 1593 1112 γενητῶν
1621 1076 1703 1107 ζεστιν,
1720 1074 1779 1100 ἀλλ’
1791 1074 1855 1104 Υἱὸς

1064 1124 1096 1150 ὲκ
1112 1124 1228 1159 Πατρός.
1244 1124 1301 1150 Οὐκ
1317 1123 1467 1158 ἀγνοοῦμεν
1492 1123 1530 1154 δὲ,
1544 1123 1585 1149 ὅτι
1599 1122 1646 1148 καὶ
1669 1123 1694 1147 οἱ
1710 1121 1855 1155 εἰρηκότες

1065 1171 1093 1198 ἐν
1103 1170 1134 1198 τό
1145 1172 1276 1205 ἀγένητον
1355 1170 1401 1196 τὸν
1416 1169 1525 1205 Πατέρα
1540 1169 1674 1202 λέγοντες,
1690 1168 1740 1202 οὐχ
1749 1168 1790 1197 ὡς
1804 1176 1851 1200 γε.

1064 1217 1144 1251 νητοῦ
1159 1217 1206 1243 καὶ
1222 1217 1373 1251 ποιήματος
1396 1215 1471 1247 ὄντος
1498 1215 1545 1241 τοῦ
1562 1215 1648 1247 Λόγου
1667 1214 1754 1244 οὕτως
1772 1214 1855 1248 ἐγρα-

1063 1263 1127 1297 ψαν,
1144 1262 1252 1288 ἀλλ’ὅτι
1278 1261 1314 1296 μὴ
1339 1261 1394 1296 ἔχει
1485 1260 1530 1286 τὸν
1558 1260 1652 1286 αἴτιον·
1678 1259 1725 1285 καί
1753 1259 1854 1294 μᾶλλον

1064 1308 1146 1340 αὐτὸς
1160 1308 1254 1343 Πατὴρ
1288 1308 1338 1342 μέν
1355 1307 1412 1333 ἐστι
1432 1307 1480 1341 τῆς
1504 1307 1612 1341 Σοφξας,
1642 1305 1676 1332 τὰ
1703 1306 1733 1331 δὲ
1749 1305 1854 1339 γενητὰ

1064 1355 1152 1382 πάντα
1163 1355 1191 1380 ὲν
1206 1354 1285 1389 σοφία
1304 1353 1446 1388 πεποίηκε·
1473 1353 1517 1379 διὰ
1544 1352 1570 1379 τί
1587 1352 1623 1387 μὴ
1650 1351 1696 1377 καὶ
1791 1351 1853 1381 τοῦς

1063 1401 1197 1436 Πατέρας,
1218 1399 1280 1430 τούς
1301 1408 1331 1425 τε
1361 1399 1406 1425 τὸν
1427 1398 1585 1434 Σαμοσατέα
1613 1396 1789 1429 καθελόντας,
1808 1397 1855 1422 καὶ

1062 1448 1111 1482 τὴν
1134 1446 1274 1481 Ἀρειανὴν
1287 1446 1391 1481 αἵρεσιν
1405 1444 1641 1480 στηλιτεῦσαντας,
1656 1444 1696 1475 εις
1710 1442 1854 1469 εὐσέϐειαν

1064 1493 1223 1527 συνάγομεν,
1240 1491 1307 1518 ἀλλὰ
1321 1491 1510 1525 διαστέλλομεν
1523 1490 1574 1517 ἀνὰ
1593 1490 1673 1524 μέσον
1690 1488 1792 1521 αὐτῶν,
1809 1490 1854 1514 καὶ

1063 1537 1093 1563 οὺ
1114 1537 1212 1572 μᾶλλον
1243 1535 1331 1572 ὀρθῶς
1359 1536 1423 1570 περὶ
1439 1535 1526 1561 αὐτῶν
1543 1534 1713 1570 φρονοῦμενς
1732 1534 1774 1560 ὅτι
1803 1534 1853 1560 κά-

1063 1584 1155 1610 κεῖνοι.
1172 1582 1297 1610 καθάπερ
1312 1580 1397 1610 εἶπον.
1413 1582 1480 1610 πρὸς
1499 1581 1529 1607 τὸ
1547 1581 1666 1610 σόφισμα
1685 1580 1733 1606 τοῦ
1762 1580 1852 1610 Σαμο-

236 1582 354 1605 pmsma.
370 1582 397 1599 et
420 1582 478 1607 ejus
494 1582 745 1609 interpretationem
762 1582 930 1610 spectantes.
947 1584 1016 1604 scrt-
1042 1607 1048 1615 ,
1063 1584 1155 1616 κεῖνοι,
1172 1582 1297 1617 καθάπερ
1312 1582 1397 1614 εἶπον,
1413 1582 1480 1616 πρὸς
1499 1582 1529 1607 τὸ
1547 1582 1666 1615 σόφισμα
1685 1582 1733 1606 τοῦ
1762 1582 1826 1615 Σαμ

236 1623 314 1649 psere
330 1624 381 1643 nou
397 1625 458 1645 esse
472 1617 611 1646 Christum
624 1620 900 1648 consubstantialem:
914 1621 941 1648 hi
956 1630 1018 1649 vero
1029 1608 1049 1634 (⁸
1064 1629 1166 1649 κητέω-
1204 1630 1248 1649 νηι
1275 1629 1324 1649 ιιι-ἶνιν
1353 1628 1500 1649 ἐηιιτιυςίμιν
1534 1626 1616 1649 αὑτοῦ
1650 1627 1699 1649 τὶιν
1734 1626 1826 1649 διάνοει

1064 1629 1175 1661 σατὲωζ,
1204 1630 1250 1656 καὶ
1275 1629 1324 1664 τὴν
1353 1628 1500 1664 ἑρμηνείαν
1534 1626 1616 1654 αὑτοῦ
1650 1627 1699 1660 τὴν
1734 1626 1854 1653 διάνοιαν

1063 1674 1178 1709 ἔχοντες,
1193 1674 1325 1710 ἔγραψαν,
1338 1675 1394 1700 Οὐκ
1411 1674 1483 1700 ἐστιν
1498 1672 1649 1708 ὁμοούσιος-
1667 1672 1713 1698 καὶ
1723 1670 1799 1698 οὗτοι
1817 1673 1854 1703 δὲ,

1064 1720 1152 1752 καλῶς
1167 1721 1322 1755 νοήσαντες,
1333 1721 1476 1755 εἰρήκασιν
1488 1718 1629 1754 ὁμοούσιον
1641 1716 1711 1744 εἶναι
1722 1718 1768 1744 τὸν
1779 1718 1854 1744 Υἱὰν.

1063 1765 1117 1791 Καὶ
1130 1766 1184 1800 γὰρ
1200 1764 1276 1799 κάγὼ
1297 1765 1408 1791 τοιαῦτα
1423 1764 1472 1799 μὲν
1496 1764 1564 1791 νοῶν
1662 1763 1726 1798 περὶ
1747 1763 1804 1789 τῶν
1816 1764 1858 1789 εὑ-

1064 1811 1213 1838 σεὸοὑντων
1229 1812 1269 1842 εις
1284 1811 1329 1837 τὸν
1353 1811 1469 1844 Χριστόν
1492 1811 1525 1837 δι’
1543 1810 1641 1843 ὀλίγων
1654 1809 1772 1844 ἔγραψα·
1789 1811 1815 1835 εἰ
1830 1810 1857 1835 δὲ

1062 1857 1172 1884 δυνατὸν
1183 1855 1217 1892 ἦν
1233 1857 1383 1893 εὐπορῆσαι
1398 1857 1445 1884 καὶ
1455 1857 1504 1892 τῆς
1516 1855 1668 1890 ἐπιστολῆς,
1687 1855 1721 1890 ἦν
1730 1856 1857 1888 λέγουσιν

1063 1903 1184 1934 ἐκείνους
1272 1903 1449 1939 γεγραφέναι,
1461 1902 1581 1938 ἠγοῦμαι
1605 1901 1714 1933 πλείους
1741 1901 1858 1936 εὑρεθή-

1065 1950 1157 1976 σεσθαι
1181 1950 1231 1981 τὰς
1250 1950 1410 1985 προφάσεις,
1435 1949 1469 1976 δι’
1491 1948 1522 1980 ἃς
1550 1947 1765 1983 ἡναγκάσθησαν
1784 1948 1857 1974 οὕτω

1063 1995 1167 2030 γράψαι
1180 1995 1205 2021 οι
1220 1995 1349 2030 μακάριοι
1365 1996 1473 2021 ἐκεῖνοι.
1490 1995 1535 2020 Δεῖ
1548 1993 1603 2029 γὰρ
1631 1994 1705 2028 ἡμᾶς
1719 1993 1770 2020 καὶ
1790 1994 1857 2029 πρέ-

1065 2050 1109 2068 πει
1125 2041 1236 2068 τοιαῦτα
1250 2043 1366 2076 φρονεῖν,
1377 2041 1502 2076 τοιαύτην
1516 2049 1546 2067 τε
1561 2039 1656 2071 σώζειν
1670 2039 1779 2075 ἀγαθὴν
1794 2048 1857 2066 συν-

1065 2087 1167 2122 είδησιν
1183 2087 1251 2123 πρὸς
1270 2088 1333 2119 τοὺς
1347 2087 1480 2122 Πατέρας,
1504 2086 1562 2120 εἴγε
1581 2086 1617 2120 μὴ
1629 2085 1701 2111 νόθοι
1720 2085 1856 2120 τυγχάνο-

1067 2140 1125 2167 μεν,
1136 2132 1193 2158 axx
1208 2131 1238 2164 ὲξ
1250 2131 1338 2158 αὐτῶν
1352 2131 1449 2166 ἔχομεν
1473 2131 1523 2162 τὰς
1536 2130 1710 2166 παραδόσεις.
1727 2130 1778 2156 καὶ
1793 2130 1855 2165 παρ’

1065 2177 1154 2204 αὐτῶν
1167 2176 1216 2213 τὴν
1227 2177 1276 2212 τῆς
1286 2176 1426 2207 εὐσεϐείας
1440 2175 1623 2202 διδασκαλίαν.

1156 2219 1273 2255 Τοιαύτη
1291 2220 1341 2254 μὲν
1353 2217 1399 2246 οὖν
1415 2220 1431 2254 ἡ
1448 2219 1553 2246 διάνοια
1565 2219 1619 2245 τῶν
1631 2219 1763 2254 Πατέρων
1781 2219 1851 2251 λεγέ-

1065 2265 1121 2292 olim
1136 2265 1183 2292 καὶ
1198 2265 1375 2292 πιστευέσθω.
1392 2264 1460 2300 Φέρε
1473 2264 1501 2290 δὲ
1516 2263 1564 2291 καὶ
1591 2264 1649 2298 μετ’
1668 2263 1762 2289 αὐτῶν
1775 2264 1854 2290 πάλιν

1065 2311 1236 2346 ἐξετάσωμεν
1262 2310 1292 2337 τὸ
1309 2312 1424 2346 πρᾶγμα
1449 2309 1553 2344 πράως,
1581 2309 1628 2336 καὶ
1648 2309 1717 2344 μετὰ
1737 2309 1856 2343 συνειδὴ-

1066 2366 1134 2388 σεως
1147 2357 1260 2392 ἀγαθῆς,
1277 2356 1512 2392 μνημονεύσαντες
1589 2355 1635 2382 καὶ
1654 2355 1708 2381 τῶν
1726 2363 1854 2390 προειρη-

1067 2403 1164 2437 μένων·
1184 2403 1208 2428 si.
1224 2403 1260 2437 μὴ
1283 2401 1321 2437 τῷ
1330 2401 1387 2428 ὄντι
1401 2401 1551 2428 δείκνυνται
1566 2399 1656 2432 καλῶς
1670 2400 1856 2434 φρονήσαντες

1066 2448 1089 2473 οἱ
1120 2448 1148 2474 ἐν
1174 2449 1207 2483 τῇ
1235 2447 1338 2482 Νικαίᾳ
1364 2447 1534 2478 συνελθόντες
1567 2446 1721 2473 ἐπίσκοποι.
1746 2446 1780 2471 Et
1808 2446 1856 2480 μὲν

1066 2494 1171 2529 ποίημά
1186 2496 1259 2521 ἐστιν
1275 2495 1290 2521 ό
1307 2494 1402 2528 Λόγος,
1419 2494 1468 2520 καὶ
1493 2492 1632 2528 ἀλλότριος
1658 2492 1709 2526 τῆς
1723 2491 1772 2517 τοῦ
1801 2492 1862 2517 Πα-Δ

1066 2539 1129 2574 τρός
1145 2539 1246 2572 οὐσίας,
1262 2538 1332 2565 ὥστε
1344 2539 1391 2565 καὶ
1401 2537 1564 2573 χωρίζεσθαι
1577 2535 1659 2563 αὐτὸν
1673 2534 1728 2562 ἀπὸ
1737 2535 1787 2561 τοῦ
1799 2535 1855 2562 Πα-

1065 2584 1130 2620 τρὸς
1144 2584 1183 2619 τῷ
1198 2585 1339 2620 ἐτεροφυεῖ
1367 2583 1509 2620 χωρισμῷ,
1526 2583 1575 2610 οὐκ
1599 2582 1633 2609 ἂν
1652 2582 1694 2616 εἴη
1712 2581 1855 2616 όμοοιὶσιος

1065 2630 1104 2664 τῷ
1118 2630 1214 2665 Πατρὶ,
1230 2629 1296 2656 ἀλλὰ
1327 2629 1425 2664 μᾶλλον
1441 2627 1572 2664 ὁμογενὴς
1653 2628 1685 2662 τῇ
1699 2627 1782 2661 φύσει
1801 2628 1854 2658 1:03;

1067 2676 1209 2711 ποιήμασι,
1224 2675 1276 2702 κᾶν
1294 2674 1450 2710 ὑπερϐάλλῃ
1460 2676 1494 2709 τῇ
1508 2674 1609 2709 χάριτι·
1629 2674 1652 2699 εί
1665 2673 1693 2699 δὲ
1708 2671 1854 2706 ὁμολογοῦ-

1069 2730 1117 2756 μεν
1133 2721 1171 2756 μὴ
1199 2719 1267 2748 εἶναι
1286 2720 1366 2747 αὐτὸν
1395 2721 1510 2756 ποίημα,
1533 2719 1601 2746 ἀλλὰ
1627 2719 1737 2754 γνήσιον
1755 2719 1790 2744 ὲκ
1806 2719 1853 2752 τῆς

1067 2767 1159 2798 οὐσίας
1174 2767 1221 2793 τοῦ
1248 2767 1354 2802 Πατρός
1378 2767 1510 2801 γέννημα,
1531 2764 1675 2792 ἀκόλουθον
1702 2763 1736 2790 ἂν
1750 2765 1795 2798 εἴη
1809 2764 1852 2790 καὶ

1067 2812 1217 2848 ἀχώριστον
1234 2812 1313 2838 αὑτὸν
1329 2810 1397 2839 εἶναι
1410 2811 1456 2838 τοῦ
1469 2810 1585 2846 Πατρός,
1602 2810 1707 2845 όμοφυῆ
1730 2809 1797 2836 ὄντα
1811 2809 1851 2835 διὰ

1068 2858 1096 2885 τὸ
1113 2859 1140 2892 ἐξ
1159 2858 1239 2886 αὑτοῦ
1254 2857 1441 2893 γεγεννῆσθαι.
1470 2857 1595 2889 Τοιοῦτος
1617 2856 1647 2883 δὲ
1664 2856 1712 2889 ὢν,
1740 2855 1850 2886 εἰκότως
