1902 3078
21 120 81 153 481

23 239 112 265 ἐστὶν
127 240 142 266 6
154 239 229 272 Υἱός,
249 240 315 267 ἀλλὰ
335 243 366 277 τῇ
381 243 458 279 olidi;
483 245 567 279 Λόγος
592 247 650 274 ἐστὶ
681 249 726 275 καὶ
748 250 831 283 Σοφία

21 285 78 311 τοῦ
100 286 252 322 Πατρὸς,ἡ
269 287 297 313 δὲ
316 288 394 314 οὐσία
411 288 480 325 αὕτη
494 290 544 325 τῆς
561 292 655 325 οὐσίας
670 293 719 328 τῆς
731 302 815 330 πατρί

22 332 84 366 κῆς
114 333 175 358 ἔστι
189 333 310 368 γέννημα
325 334 372 361 καὶ
385 335 510 372 ὁμοιότης
524 338 618 372 αὐτῆς,
635 338 729 376 ὥσπερ
742 341 788 367 καὶ
800 340 830 368 τὸ

22 378 213 413 ἀπαυγασμα
225 379 271 406 τοῦ
283 380 380 414 φωτός
396 380 467 415 λέγει
481 382 509 408 δὲ
523 385 537 410 6
548 384 621 417 Υἱὸς,
639 395 648 410 1
672 386 741 421 Ἐγὼ
758 388 802 414 καὶ
814 388 829 414 ὁ

22 424 136 459 Πατὴρ
151 425 182 450 ἓν
197 425 307 460 ἑσμεν,»
326 427 382 458 καὶ,
402 436 411 451 1
441 426 469 453 ὐ
488 429 537 463 ἐμὲ
552 430 681 464 ἑωρακὼς
775 433 826 459 ἑώ-

23 479 102 504 ρακε
117 470 166 496 τὸν
182 470 317 506 Πατέρα”»
334 472 392 503 πῶς
409 472 448 499 δεῖ
460 475 528 500 νοεῖν
542 475 643 507 ταύτας
654 477 703 509 τὰς
719 479 824 513 φωνάς;

19 515 38 548 ἢ
65 515 133 547 πῶς
146 515 232 547 αὐτὰς
259 516 487 552 ἐκλαμϐάνοντες,
512 520 633 555 σώσομεν
662 521 692 548 τὸ
709 523 737 550 ἓν
758 522 825 552 εἶναι

18 557 73 583 τὸν
95 558 212 593 Πατέρα
232 558 278 584 καὶ
297 559 342 584 τὸν
361 559 441 592 Υἱόθς
462 559 493 585 Εἰ
507 560 556 594 μὲν
570 559 616 587 οὖν
630 563 664 597 τῇ
686 565 831 601 συμφωνίᾳ

22 603 86 628 τῶν
99 603 260 638 δογμάτων,
281 604 326 630 καὶ
343 604 381 640 τῷ
399 605 436 641 μὴ
462 605 604 640 διαφωνεῖν
622 607 688 643 πρὸς
708 609 754 636 τὸν
776 610 831 637 Πα-

20 649 111 683 τέρα,
133 649 173 680 ὡς
201 650 224 675 οὶ
256 650 388 685 ’Δρειανοὶ
409 651 526 686 λέγουσι,
553 652 653 686 φαῦλος
678 655 692 680 ὀ
711 654 830 688 τοιοῦτος

20 694 106 725 νῡῦς.
126 695 184 720 Καὶ
209 694 264 730 γὰρ
290 696 336 722 καὶ
348 697 372 722 ot
386 696 458 730 ἇγιοι
471 718 478 729 ,
549 698 596 725 καὶ
612 698 711 733 μᾶλλόν
726 708 756 734 γε
779 702 830 736 ἄγ-

20 740 106 773 γελοι
129 741 179 767 καὶ
190 741 364 776 ἀρχάγγελοι,
381 742 429 778 τὴν
441 743 568 779 τοιαύτην
591 743 682 780 ἔχουσι
697 745 764 781 πρὸς
783 746 828 773 τὸν

20 785 98 812 Θεὸν
123 787 297 822 συμφωνίαν,
314 788 361 813 καὶ
377 788 488 823 οὐδεμία
509 790 574 824 παρ’
588 791 677 822 αὐτοῖς
693 791 749 818 ἐστι
768 792 827 818 δια-

21 830 132 863 φωνία.
161 831 192 857 '0
221 831 275 867 γὰρ
291 831 462 866 διαφωνήσας
479 833 599 866 διάσολος
619 835 760 871 ἐθεωρήθη
782 837 827 863 πι-

21 883 106 901 πτων
124 876 158 902 ἐκ

21 921 49 945 εἰ
66 920 115 947 διὰ
131 921 181 957 τὴν
199 923 357 957 συμφωνίαν
373 924 402 950 ἓν
418 925 491 951 ἐστιν
503 927 516 952 ὁ
530 926 623 961 Πατὴρ
652 927 699 953 καὶ
710 929 724 953 ὀ
750 927 824 962 Υἱὸς,

21 966 71 1000 εἴη
89 965 124 992 ἂν
140 967 186 993 καὶ
202 967 256 994 τῶν
269 969 389 1005 γενητῶν
408 970 442 997 τὰ
458 971 653 1006 συμφωνοῦντα
667 972 738 1000 οὕτω
758 975 825 1010 πρὸς

19 1011 74 1036 τὸν
95 1011 175 1044 Θεὸν,
194 1012 241 1039 καὶ
256 1013 326 1040 εἴποι
347 1015 380 1041 ἂν
399 1015 521 1047 ἕκαστος’
545 1026 554 1041 1
577 1017 646 1051 Ἐγὼ
672 1019 717 1044 καὶ
740 1020 754 1045 6
768 1020 824 1047 Πα‹

21 1055 81 1090 tirno
99 1056 130 1082 ἓν
159 1058 252 1092 ἐσμεν.
267 1068 275 1083 »
305 1059 336 1085 Et
356 1059 383 1085 δὲ
411 1061 490 1087 τοῦτο
519 1062 628 1088 ἄτοπον·
652 1063 750 1091 ἄτοπον
770 1066 823 1101 γάρ

21 1102 105 1126 ἐστιν
120 1101 239 1136 ἀληθῶς·
254 1103 358 1138 ἀνάγκη
374 1104 465 1131 λοιπὺν
491 1106 561 1133 κατὰ
578 1107 624 1143 τὴν
642 1108 733 1135 οὐσίαν
754 1112 823 1138 νοεῖν

22 1145 75 1170 καὶ
90 1145 143 1180 τὴν
161 1146 226 1172 Υἱοῦ
242 1147 288 1173 καὶ
319 1148 423 1183 Πατρὸς
443 1146 568 1184 ἐνότηταί
580 1150 620 1177 Τὰ
646 1151 757 1188 μὲνγὰρ
776 1161 822 1187 γε-

21 1190 99 1224 νητέι
121 1190 172 1216 κᾶν
188 1192 346 1226 συμψωνίαν
363 1193 411 1229 ἔχῃ
429 1194 496 1229 πρὸς
509 1195 553 1221 τὸν
575 1198 752 1232 πεποιηκότα,
765 1198 822 1225 ἀλλ’

21 1235 52 1260 ἐν
67 1235 178 1270 κινήσει
204 1237 250 1263 καὶ
284 1239 413 1274 μετουσίᾳ
439 1239 485 1265 καὶ
509 1239 547 1274 νῷ
576 1241 678 1277 ταύτην
694 1242 760 1277 ἔχει,
775 1244 822 1278 ἦν·

23 1290 84 1316 περ
180 1283 194 1308 6
221 1283 258 1318 μὴ
279 1283 398 1317 φυλάξας
416 1285 576 1321 ὲκὸἐὸληται
608 1287 662 1314 τῶν
687 1289 819 1323 οὐρανῶν·

28 1327 61 1352 Ὀ
81 1327 110 1353 δὲ
127 1326 190 1358 Υἱὸς
210 1328 241 1354 ἐκ
271 1329 320 1364 τῆς
343 1330 435 1361 obuia;
462 1330 499 1357 ὢν
523 1331 661 1367 γέννημα,
688 1334 765 1369 οὐσία
792 1334 821 1362 ἓν

23 1372 105 1398 ἐστιν
195 1373 274 1404 αὐτὸς
287 1375 332 1400 καὶ
343 1375 356 1401 ὁ
369 1376 500 1410 γεννήσας
518 1376 598 1403 αὑτὸν
613 1378 718 1414 Πατήρ.

125 1415 175 1442 Διὰ
189 1416 267 1443 τοῦτο
283 1418 335 1453 γὰρ
364 1420 412 1445 καὶ
434 1420 465 1446 τὸ
490 1420 580 1452 ἰσάζον
606 1421 660 1457 ἔχει
691 1423 758 1458 πρδς
775 1423 820 1452 τὸν

22 1461 142 1498 Πατέρα
153 1463 212 1494 ταῖς
228 1463 354 1490 ὲνοειδέσι
366 1467 478 1500 φωναῖς,
494 1466 584 1493 καὶτὰ
600 1469 646 1494 ἐπὶ
657 1468 703 1495 τοῦ
715 1469 820 1505 Πατρὸς

21 1507 176 1542 λεγόμενα,
187 1508 273 1535 ταῦτα
303 1510 350 1536 καὶ
360 1511 406 1536 ἐπὶ
426 1511 490 1538 Υἱοῦ
507 1512 629 1546 λέγουσιν
650 1515 678 1540 αι
701 1515 818 1550 Γραφαὶ,

22 1554 116 1589 χωρὶς
131 1554 209 1589 μόνον
300 1555 346 1582 τοῦ
374 1556 499 1591 λέγεσθαι
512 1558 591 1585 αὑτὸν
601 1558 718 1595 Πατέρα.
734 1560 820 1592 Αὐτὸς

534 132 720 166 ΓΛΝΟΡΠΑ
743 138 972 172 DOGMATICA.
990 156 1025 161 —
1043 144 1118 176 TlT.
1138 146 1188 175 XI.

23 193 81 219 καὶ
100 193 250 228 opacus-to;
262 195 295 221 ἂν
302 195 414 230 λέγοιτο.
427 198 575 228 "Eminet
589 202 625 238 μὴ
640 203 672 229 ὲκ
687 205 813 238 pernovi:

25 239 32 248 ε
80 239 87 248 ι
133 239 202 248 η...
352 243 365 248 -
401 243 439 248 ..
490 245 518 248 Α.

866 225 867 229 η
886 200 984 229 Deinde
1002 203 1088 230 sinon
1107 212 1137 231 ex
1155 196 1359 241 participatione
1373 210 1456 240 Filius
1471 219 1523 248 est,

1537 217 1583 244 sed
1600 220 1666 246 sub-

883 248 981 274 stantia
1002 248 1058 283 ipsa
1083 249 1199 277 Verbum
1215 257 1254 279 est
1277 258 1303 280 et
1328 253 1464 290 Sapientia
1486 259 1665 292 Pati-iubam:

881 298 970 320 autem
990 294 1140 322 substantia
1151 316 1158 328 ,
1184 302 1302 330 paterna:
1324 302 1482 330 substantia:
1498 306 1567 334 fetus
1581 315 1622 336 est
1637 319 1665 338 et

879 341 938 375 ejus
956 342 1115 376 similitudo,
1130 345 1209 372 νυΙιιιι
1228 347 1355 381 splendor
1366 355 1407 377 est
1421 353 1570 390 similitudo
1584 357 1662 392 luris,

880 386 1015 422 Filiusquc
1030 390 1114 418 dicit:
1132 401 1141 416 ι
1157 390 1212 427 Ego
1235 399 1261 420 et
1281 393 1359 422 Pater
1377 405 1459 425 unum
1486 386 1580 430 sumus
1604 405 1610 419 ¹
1625 413 1632 437 ;

877 439 904 461 et
918 444 924 461 :
945 444 954 460 1
972 434 1022 468 Qui
1037 437 1104 463 vidit
1117 446 1169 471 me,
1186 439 1250 466 vidit
1264 446 1290 468 et
1304 441 1410 469 Patren]
1438 445 1465 478 ';
1484 455 1494 472 ι
1525 434 1661 482 quomoda

877 479 918 507 ba:
930 489 1009 509 voces
1024 483 1200 518 intelligentiae
1211 487 1294 514 sunt?
1307 493 1353 515 aut
1366 497 1419 524 qua
1434 499 1523 520 meutc
1533 479 1580 521 cas
1592 497 1661 523 acci-

876 526 989 560 pientes,
1000 527 1107 556 Patrem
1119 535 1145 557 et
1155 530 1251 559 Filium
1262 541 1345 561 unum
1355 543 1415 563 esse
1426 538 1579 567 tuebimur?
1590 541 1656 569 Nam

877 576 901 602 si
919 577 951 602 ob
962 576 1117 610 dogmalunt
1132 583 1296 604 consensum
1311 597 1318 609 .
1334 584 1360 605 et
1374 580 1445 612 quod
1461 579 1541 607 Pater
1561 589 1575 607 a
1593 580 1662 607 Filio

877 628 930 648 non
948 621 1100 653 dissentiat,
1116 626 1144 648 ut
1156 622 1249 649 dicunt
1263 623 1368 655 Ariani,
1381 632 1463 658 prava
1475 633 1540 652 sane
1552 629 1593 652 est
1606 626 1664 652 lucc

877 665 1043 699 intelligendi
1061 666 1141 693 ratio.
1170 665 1274 694 Etenim
1290 668 1377 694 sancti
1390 688 1397 700 ,
1422 673 1449 695 et
1469 670 1554 696 multo
1575 671 1662 704 magis

875 711 962 745 angeli
978 715 1004 737 et
1018 711 1171 747 archangeli
1185 732 1193 744 ,
1215 713 1370 747 hujusmodi
1392 714 1492 741 habent
1517 723 1579 742 cum
1606 715 1661 743 Deo

874 762 1050 789 consensum,
1067 764 1116 784 nec
1132 757 1184 784 ulla
1196 759 1266 792 apud
1280 759 1354 793 ipsos
1370 764 1411 787 cst
1425 760 1578 794 dissensio;
1598 770 1660 788 nam

873 802 919 836 qui
936 801 1040 829 discors
1054 802 1104 829 fuit
1117 802 1258 836 diabolus,
1274 811 1289 830 e
1307 805 1377 832 coelo
1397 806 1494 833 radere
1512 807 1587 834 visus
1606 812 1660 839 est,

871 850 902 872 ut
915 846 954 873 ait
967 847 1110 875 Dominus.
1126 847 1154 874 Si
1171 856 1235 884 ergo
1251 850 1286 876 ob
1299 857 1464 878 consensum
1480 851 1559 878 Pater
1573 858 1600 879 et
1615 852 1659 880 Fi-

177 876 230 902 τῶν
243 877 374 912 οὐρανῶν,
398 878 436 910 ὠς
458 876 534 905 εἶπεν
556 881 570 906 6
595 880 705 915 Κύριος.
723 883 813 909 Οὐκοῦπ

872 890 925 918 lius
939 899 1023 919 unum
1042 898 1124 926 sunt,
1151 894 1232 921 etiam
1255 895 1361 929 opilieia
1386 904 1447 930 qua:
1467 897 1502 923 ita
1527 906 1587 924 eum
1604 898 1659 925 Deo

871 937 1056 971 consentient,
1073 946 1156 965 unum
1173 945 1235 965 cum
1250 947 1282 966 eo
1300 939 1400 967 fuerint
1411 961 1418 973 ,
1434 948 1551 975 quorum
1570 943 1656 977 quod-

869 989 921 1016 que
933 982 1022 1009 dicere
1037 983 1122 1017 possit
1136 993 1141 1009 :
1158 992 1167 1008 1
1184 983 1238 1018 Ego
1254 988 1280 1011 ct
1302 983 1381 1012 Pater
1407 994 1491 1013 unum
1518 995 1624 1015 sumus.
1643 998 1653 1013 ι

869 1027 946 1060 Quod
962 1029 984 1055 si
999 1029 1145 1056 absurdum
1165 1030 1215 1057 hoc
1233 1031 1288 1061 sit,
1304 1036 1333 1057 ut
1347 1039 1441 1059 revera
1457 1037 1517 1064 est,
1543 1041 1656 1062 necesse

869 1074 977 1100 demum
994 1073 1075 1101 fuerit
1089 1074 1149 1101 Filii
1172 1080 1198 1101 et
1228 1075 1316 1102 Patris
1339 1077 1468 1104 unitatem
1505 1078 1653 1106 secundum

868 1118 1048 1146 substantiam
1061 1119 1221 1154 intelligere.
1233 1119 1286 1148 Res
1302 1120 1380 1148 facta:
1394 1122 1465 1148 enim
1478 1125 1654 1157 quantumvis

867 1170 928 1190 cum
946 1164 1041 1198 opilice
1055 1173 1105 1192 suo
1116 1173 1279 1193 consensum
1295 1167 1410 1194 habeant
1427 1176 1432 1193 :
1451 1174 1522 1195 mutu
1537 1173 1653 1201 tantum,

866 1209 1088 1243 participatione,
1105 1215 1132 1237 et
1148 1216 1236 1238 triente
1257 1219 1319 1238 eum
1340 1212 1458 1245 habent,
1486 1222 1567 1248 quem
1588 1223 1650 1242 cum

866 1253 911 1280 ille
925 1262 978 1280 non
995 1259 1140 1286 servasset,
1154 1255 1256 1289 ejectus
1269 1264 1300 1282 cx
1315 1256 1383 1283 cmlo
1396 1262 1446 1284 est.
1460 1257 1544 1286 Filius
1559 1264 1648 1286 autent

865 1307 927 1326 cum
945 1300 979 1326 sit
995 1307 1027 1326 ex
1045 1301 1197 1327 substantia
1212 1301 1292 1333 fetus,
1303 1301 1456 1329 substantia
1470 1311 1578 1338 quoque
1593 1305 1653 1340 ipso

864 1348 900 1377 et,
914 1345 962 1380 qui
975 1344 1068 1379 genuit
1084 1352 1158 1377 eum,
1175 1345 1254 1372 Pater
1270 1354 1354 1373 unum
1371 1352 1445 1374 sunt.

969 1420 1151 1453 Quamobrem
1170 1421 1283 1449 vocibus
1309 1422 1439 1450 unitatem
1465 1423 1649 1452 indicantibus

863 1467 1042 1504 :equalitatem
1062 1475 1123 1494 cum
1138 1467 1218 1494 Patre
1236 1468 1337 1494 habere
1351 1468 1468 1499 dicitur,
1486 1474 1513 1496 et
1535 1469 1596 1496 hinc
1619 1470 1649 1497 ﬁt

863 1518 892 1540 ut
912 1521 972 1548 qua?
1087 1513 1120 1540 de
1136 1511 1214 1540 Patre
1233 1512 1382 1545 dicuntur,
1408 1513 1501 1540 eadem
1522 1514 1555 1541 de
1578 1514 1648 1541 Filio

863 1558 1009 1593 Scriptum
1023 1563 1146 1585 asseram
1160 1567 1166 1585 :
1179 1565 1209 1585 ea
1225 1563 1315 1585 tamen
1329 1558 1487 1592 exceptione
1514 1559 1585 1594 quod
1603 1559 1648 1586 ille

21 1599 85 1635 γὰρ
101 1596 177 1625 εἶπεν
189 1600 202 1625 ὁ
220 1600 292 1632 Υἱός·
313 1610 322 1626 1
341 1602 443 1635 Πάντα,
467 1603 517 1630 ὅσα
534 1604 589 1639 ἔχει
608 1605 621 1631 ὁ
644 1605 746 1642 Πατὴρ,
766 1606 813 1642 ὲμά

866 1604 940 1631 Pater
951 1604 1068 1632 dicatur.
1095 1603 1155 1639 Ipse
1170 1605 1242 1631 enim
1256 1604 1342 1632 Filius
1355 1605 1412 1632 ait:
1434 1615 1442 1630 1
1459 1604 1555 1633 Omnia
1572 1615 1646 1640 qua:-

22 1646 116 1671 ὲττιθ»
134 1645 171 1680 τῷ
183 1654 212 1671 τε
226 1646 314 1682 Πατρὶ
329 1646 414 1681 ἐλεγε-
439 1657 447 1673 1
463 1648 554 1676 Πάντα
572 1649 605 1676 τά
632 1650 685 1685 ὲμὰ
703 1651 737 1677 σά
750 1652 818 1683 ἐστι,

21 1699 74 1716 και
86 1690 120 1716 τὰ
135 1690 168 1716 σὰ.
181 1692 261 1725 ἐμά-ι
279 1689 334 1718 οἷον
350 1693 390 1725 τὸ,
405 1693 480 1725 Θεός.
502 1704 511 1720 1
524 1695 607 1726 Θεὸς»
625 1695 679 1731 γὰρ
767 1706 775 1722 1
785 1694 819 1732 ἦν

21 1736 36 1761 ὁ
55 1735 169 1770 Λόγος»
185 1737 225 1768 τὸ,
243 1737 455 1774 Παντοκράτωρ·
474 1749 482 1764 1
504 1740 570 1767 Τάδε
585 1741 657 1775 λέγει
681 1742 695 1768 ὀ
707 1742 755 1773 ὢν,
772 1743 819 1769 καὶ

21 1782 36 1807 ὁ
54 1779 104 1816 ἦν,
121 1782 189 1808 καὶὸ
199 1783 343 1818 ἐρχόμενος
356 1785 370 1810 6
385 1784 592 1821 Πάντοκράτωρ·
601 1796 609 1811 ι
620 1787 649 1813 τὸ
663 1785 730 1814 εῖναι
750 1787 817 1822 φῶς·

24 1835 34 1850 1
58 1825 134 1860 Ἐγώ
149 1827 231 1861 itum
249 1827 324 1863 φησὶ,
340 1837 349 1854 1
368 1829 398 1855 τὸ
411 1829 478 1863 φῶς
493 1840 502 1856 »
524 1830 553 1856 τὸ
567 1831 759 1866 δημιουργικὸν
774 1833 816 1860 at-

22 1880 96 1898 τιον⁴
125 1881 134 1898 1
151 1873 242 1900 Πάντα
271 1874 325 1910 γὰρ
354 1874 389 1901 δι’
404 1875 486 1902 αὑτοῦ
516 1876 633 1910 ἐγένετο·
656 1887 664 1903 »
689 1879 744 1908 καὶ,
759 1889 768 1904 1
785 1880 817 1906 Ἀ

23 1916 121 1951 βλέπω
138 1916 181 1943 τὸν
202 1918 311 1953 Πατέρα
329 1919 466 1953 ποιοῦντα,
483 1921 570 1948 ταῦτα
585 1923 661 1957 κάγὼ
675 1923 768 1950 mntiri
787 1924 818 1950 ἰδ

22 1955 203 1989 εἴναιὰϊδιοψ
222 1973 232 1989 1
254 1964 290 1990 Ἦ
311 1973 341 1990 τε
360 1974 370 1991 »
386 1966 440 2001 γὰρ
462 1975 471 1991 1
486 1966 569 1998 ἀΐδιος
599 1955 679 1994 αὖτοῦ
705 1968 818 2005 δύναμις

23 2008 76 2034 xa’t
91 2007 194 2043 θειότης
209 2029 217 2041 ,
284 2019 293 2036 ι
312 2010 368 2042 καὶ,
387 2020 396 2036 1
408 2011 451 2037 Ἐν
464 2012 534 2047 ἀρχῇ
553 2010 587 2048 ἦν
600 2014 613 2039 6
626 2014 738 2048 Λόγος,»
755 2015 814 2047 καὶ,

27 2064 36 2079 1
59 2051 117 2080 Ἶιν
132 2054 160 2080 τὸ
174 2054 230 2088 φῶς
244 2055 274 2082 τὸ
287 2056 425 2092 ἀληθινὸν,
446 2057 460 2084 ὃ
475 2058 586 2092 φωτίζει
609 2060 698 2087 πάντα
712 2060 817 2096 ἄνθρω-

24 2107 82 2124 πον
97 2098 239 2134 ἐρχόμενον
261 2101 299 2132 εἰς
327 2100 372 2127 τὸν
391 2102 502 2136 κόσμον·
516 2112 525 2128 ι
550 2103 580 2129 τὸ
605 2101 673 2130 εἶναι
704 2105 814 2140 Κύριος·

27 2153 36 2168 Ι
62 2143 177 2178 Ἐϐρεξε
200 2143 254 2180 γὰρ
266 2144 366 2180 Κύριος
380 2145 450 2172 θεῖον
473 2147 518 2173 καὶ
531 2147 586 2182 πῦρ
598 2148 673 2184 παρὰ
684 2149 813 2185 ΚυρίουῚ

25 2189 78 2215 καὶ
91 2189 104 2214 6
125 2189 172 2223 μὲν
187 2190 280 2225 Πατήρ
297 2199 387 2226 φησιν·
406 2201 415 2217 1
428 2192 501 2226 Ἐγὼ
511 2193 638 2228 Κύριος.»
653 2194 710 2226 καὶ,
720 2203 730 2220 I
744 2195 814 2222 Τάδε

24 2235 104 2267 λέγει
120 2233 218 2275 Κύριος
238 2235 251 2260 ὁ
264 2235 330 2267 Θεὸς
427 2237 442 2263 6
467 2238 688 2275 παντοκράτωρ»
709 2240 772 2276 περὶ
786 2240 815 2268 δὲ

861 1658 968 1686 cunque
983 1651 1065 1678 habet
1079 1649 1168 1681 Pater,
1185 1658 1242 1677 mea
1259 1655 1323 1677 sunt
1343 1653 1353 1668 ³
1367 1660 1374 1683 ;
1391 1660 1400 1676 »
1417 1650 1546 1686 Patrique
1560 1653 1643 1680 dixit:

863 1704 872 1721 1
887 1695 982 1723 Omnia
997 1703 1073 1729 mea,
1088 1700 1133 1722 tua
1151 1699 1231 1728 sunt,
1248 1701 1273 1723 et
1287 1700 1331 1722 tua
1343 1703 1402 1722 mea
1422 1697 1442 1722 '.
1461 1705 1469 1722 ι
1485 1696 1644 1730 Huiusmodi

859 1745 901 1768 est
914 1741 978 1775 illud
989 1761 996 1774 ,
1012 1741 1082 1768 Deus
1096 1750 1103 1768 :
1117 1749 1178 1768 nam
1191 1761 1197 1773 ,
1215 1749 1224 1766 1
1241 1740 1313 1768 Deus
1330 1746 1387 1767 erat
1403 1740 1520 1767 Verbum
1547 1742 1575 1773 ';
1595 1752 1603 1767 ι
1618 1748 1646 1769 et

860 1785 935 1817 illud,
951 1784 1148 1820 Omnipotens:
1166 1795 1175 1811 ι
1193 1785 1255 1813 Haec
1269 1786 1334 1813 dicit
1349 1787 1394 1820 qui
1410 1791 1462 1818 est,
1475 1791 1502 1813 et
1514 1787 1558 1821 qui
1575 1792 1642 1818 erat,

858 1835 884 1857 et
907 1831 952 1866 qui
970 1836 1101 1858 venturus
1117 1834 1158 1858 est
1183 1831 1361 1866 Omnipotens
1381 1834 1391 1849 ⁸
1408 1839 1438 1862 ;»
1470 1836 1497 1857 et
1520 1832 1590 1866 quod
1608 1834 1643 1858 sit

859 1877 903 1903 lux
922 1885 928 1903 :
947 1885 956 1902 1
972 1876 1028 1912 Ego
1038 1883 1108 1909 sum,
1125 1886 1134 1902 ›
1152 1877 1250 1911 inquit,
1269 1886 1277 1902 ι
1293 1876 1362 1903 lux"
1380 1885 1387 1909 ;
1405 1885 1414 1901 ι
1429 1877 1500 1910 quod
1517 1878 1553 1904 sit
1567 1884 1643 1904 crea—

859 1921 910 1948 trix
922 1929 1015 1952 causa.
1024 1921 1214 1953 nam,10mnia
1227 1930 1274 1957 per
1285 1922 1373 1957 ipsum
1384 1922 1454 1949 facta
1466 1927 1530 1950 sunt
1545 1925 1556 1941 ⁸
1565 1943 1571 1955 ,
1584 1932 1593 1948 »
1604 1928 1640 1954 et.

861 1976 869 1992 1
881 1966 946 2000 Qua:
956 1967 1034 1995 video
1044 1967 1152 1995 Patrem
1165 1967 1316 2001 facientem,
1328 1969 1386 1996 haec
1400 1973 1427 1995 et
1441 1976 1490 2003 ego
1503 1969 1572 1996 facio
1588 1971 1598 1986 '
1611 1978 1617 2003 ;
1630 1975 1644 1995 n‘

858 2012 931 2047 quod
957 2013 993 2041 sit
1022 2017 1140 2041 aeternus
1155 2020 1162 2040 :
1179 2023 1188 2039 1
1206 2012 1374 2048 Sempiterna
1391 2024 1400 2040 »
1415 2015 1487 2042 enim
1506 2025 1514 2040 1
1535 2023 1641 2050 quoque

857 2057 917 2092 ejus
929 2058 1014 2086 virtus
1030 2062 1057 2086 et
1073 2058 1201 2086 divinitas
1213 2058 1245 2090 ‘°,
1262 2068 1272 2084 »
1302 2064 1339 2091 et,
1362 2069 1370 2085 1
1389 2059 1417 2086 In
1436 2061 1570 2094 principio
1585 2066 1643 2088 erat

859 2103 977 2131 Verbum
989 2106 1026 2138 “;
1046 2113 1056 2131 »
1073 2108 1110 2138 et,
1127 2113 1136 2130 1
1150 2103 1215 2131 Erat
1230 2104 1275 2131 lux
1289 2112 1352 2131 vera
1365 2113 1425 2139 qua:
1441 2106 1575 2133 illuminat
1585 2115 1643 2133 om-

859 2157 919 2176 nem
936 2150 1071 2177 homincm
1088 2150 1240 2177 venientem
1257 2149 1283 2176 in
1297 2151 1427 2177 mundum
1440 2151 1482 2182 ";
1501 2160 1509 2176 ι
1524 2152 1595 2185 quod
1608 2153 1644 2179 sit

859 2193 990 2221 Dominus
1008 2203 1015 2210 -
1037 2203 1046 2219 1
1059 2193 1131 2221 Pluit
1144 2194 1216 2220 enim
1235 2193 1366 2221 Dominus
1381 2194 1470 2228 ignem
1483 2199 1510 2221 et
1527 2196 1644 2230 sulphur

859 2247 873 2266 a
900 2238 1016 2266 Domino
1031 2238 1072 2272 ";
1088 2248 1098 2265 »
1116 2244 1143 2265 et
1155 2238 1235 2266 Pater
1255 2239 1363 2273 quidem
1380 2240 1418 2266 ait
1436 2249 1441 2266 :
1460 2249 1469 2266 1
1485 2240 1539 2275 Ego
1552 2241 1643 2268 Domié

24 2279 77 2305 τοῦ
101 2278 163 2305 Υἱοῠ
186 2280 199 2305 6
224 2280 329 2322 Παῦλὸς
355 2290 445 2317 φησιν·
477 2293 486 2309 1
509 2282 558 2316 Εἷς
581 2285 682 2321 Κύριος
712 2286 813 2322 Ἰησοῦς

866 2293 911 2313 ius
925 2285 964 2319 ",
981 2294 991 2311 »
1009 2288 1050 2318 et,
1075 2294 1085 2311 1
1100 2284 1162 2312 Haec
1178 2285 1243 2313 dicit
1267 2285 1398 2312 Dominus
1423 2285 1492 2313 Deus
1517 2288 1642 2322 omnipo-

25 2322 155 2358 Χριστὸς,
171 2323 203 2349 δι’
218 2320 248 2350 οὗ
262 2325 296 2351 τὰ
318 2327 432 2353 πάντα.»
453 2327 508 2354 Καὶ
535 2329 573 2364 τῷ
601 2320 649 2364 μὲν
665 2320 752 2366 Πατρὶ
764 2331 816 2359 λει-

25 2369 188 2405 τουργοῦσιν
202 2370 321 2404 ἄγγελοι·
333 2372 347 2398 ὁ
363 2371 391 2398 δὲ
408 2372 472 2405 Υιός
486 2376 676 2409 προσκυνεῖται
690 2378 752 2412 παρ’
767 2377 815 2403 αὐ-

26 2414 95 2440 τῶν·
113 2422 121 2438 1
140 2413 191 2439 Καὶ
208 2416 475 2451 προσκυνησάτωσαν
491 2417 564 2453 αὐτῷ
582 2420 682 2452 πάντες
704 2420 814 2456 ἄγγελοι

26 2456 125 2484 Θεοῦ.»
144 2458 256 2492 Λέγεται
269 2459 297 2486 δὲ
317 2458 386 2487 εἶναι
482 2463 530 2489 καὶ
558 2464 658 2499 Κύριος
681 2466 813 2500 ἀγγέλωνο

30 2513 40 2528 1
61 2503 203 2538 Διηκὸνουν
223 2513 232 2529 »
251 2504 305 2539 γὰρ
321 2515 329 2530 1
352 2506 426 2541 αὐτῷ
444 2508 468 2533 οἱ
483 2508 617 2542 ἄγγελοι-ι
637 2509 693 2542 καὶ,
708 2520 716 2535 1
733 2511 813 2537 Ἀπο-

29 2548 121 2574 στελεῖ
134 2548 147 2574 ὸ
162 2548 224 2580 Υἱὸς
239 2549 285 2576 τοῦ
300 2551 442 2587 ἀνθρώπου
464 2554 526 2584 τοὺς
547 2554 678 2588 ἀγγέλους
695 2556 785 2582 αὑτοῦ·
801 2566 810 2583 ι

26 2594 58 2620 τὸ
71 2593 196 2628 τιμᾶσθαι
212 2595 250 2627 ὡς
261 2596 305 2622 τὸν
319 2596 436 2632 Πατέρα·
457 2608 465 2623 ι
478 2599 534 2625 Ἵνα
553 2609 561 2624 ι
581 2600 644 2634 γὰρ,
655 2600 730 2636 φησὶ,
744 2610 760 2637 λι
775 2610 814 2628 τι-

32 2636 107 2671 μῶσι
120 2636 162 2663 τόν
173 2638 246 2670 Υεόν,
264 2639 354 2671 καθὼς
368 2641 467 2676 τιμῶσι
482 2642 527 2668 τὸν
549 2643 658 2680 Πατέρα
676 2655 684 2670 »
704 2645 733 2671 τὸ
744 2644 813 2673 εἶναι

32 2682 81 2708 ἴσα
97 2681 162 2717 Θεῷ·
180 2693 189 2708 ‹
201 2684 256 2718 Οὐχ
349 2686 494 2722 ἁρπαγμὸν
511 2689 630 2724 ἡγήσατο
642 2690 672 2717 τὸ
688 2688 755 2718 εἶναι
768 2693 813 2720 ἴσα

63 2739 72 2774 τ
88 2735 163 2774 Joan.
185 2747 211 2768 κ.
228 2739 271 2766 30.
322 2741 332 2756 ’
345 2741 425 2768 Joan.
440 2750 496 2774 xtr,
521 2742 548 2770 9.

24 2778 36 2791 τ
54 2773 202 2809 τΙοιιιιςιίιι,
223 2775 265 2801 ιι.
304 2776 314 2791 ⁸
330 2775 408 2803 .loan.
428 2784 446 2803 ι.
459 2773 494 2804 3(
532 2777 542 2794 '
559 2776 637 2805 Joan.
649 2787 676 2809 ν,
692 2780 735 2806 l9.

27 2808 75 2834 Et.
114 2807 134 2822 "
148 2808 263 2835 Malm-lt.
280 2818 322 2842 ιιι,
338 2810 364 2837 6.
404 2811 424 2827 "
439 2811 506 2839 Gen.
522 2821 585 2842 xvu.
602 2814 626 2840 ί.

30 2843 156 2872 utv.5l.
194 2844 216 2858 "
233 2844 313 2873 Joan.
330 2854 356 2879 ν,
372 2845 418 2873 ’25.

600 2742 703 2772 'Joan.
730 2753 784 2772 xvi.
810 2746 852 2773 15.
906 2748 916 2761 ⁸
935 2746 966 2774 In

600 2780 733 2801 m.v,m,
783 2780 885 2801 ιοιιηπι
917 2790 922 2801 ι
951 2783 967 2801 ε»

692 2780 735 2806 t9.
783 2781 803 2796 '°
818 2780 896 2808 Rom.
917 2790 935 2811 ι,
951 2782 996 2810 9.0.
1045 2783 1063 2799 ”
1077 2783 1155 2810 Joan.

678 2815 701 2830 ¹⁶
715 2814 725 2840 I
741 2814 804 2843 Cor.
822 2825 880 2849 νιιι,
896 2817 922 2844 6.
963 2817 982 2833 ¹⁷
1002 2817 1083 2845 Hebr.
1101 2826 1121 2851 ι,
1137 2818 1164 2845 6.

859 2333 970 2364 tens";
987 2340 997 2356 ι
1011 2330 1043 2357 de
1061 2329 1130 2358 Filio
1146 2335 1236 2358 autem
1272 2331 1360 2365 inquit
1377 2330 1478 2359 Paulus
1503 2342 1510 2359 ι
1539 2328 1643 2360 (Unus

860 2375 992 2404 Dominus
1006 2375 1085 2404 Jesus
1098 2377 1232 2409 Christus,
1249 2385 1296 2411 per
1312 2385 1392 2412 quem
1409 2378 1500 2405 omnia
1511 2378 1543 2406 ".
1563 2388 1571 2404 »
1590 2379 1642 2406 Pu-

859 2420 894 2447 tri
910 2421 1065 2448 ministrant
1082 2421 1169 2456 angeli
1183 2441 1190 2454 ,
1208 2420 1292 2448 Filius
1308 2426 1397 2448 autem
1414 2423 1447 2448 ab
1463 2423 1529 2457 ipsis
1545 2423 1643 2451 adera—

858 2470 902 2492 tnr
914 2472 925 2493 ξ
938 2475 947 2491 1
963 2465 995 2493 Et
1010 2466 1122 2494 adorent
1134 2475 1196 2493 cum
1211 2474 1305 2494 omnes
1321 2468 1407 2502 angeli
1426 2467 1473 2495 Dei
1486 2468 1518 2495 ".
1535 2478 1544 2494 »
1572 2468 1640 2497 1ὶίσεὶ⁴

860 2515 902 2537 tur
919 2511 1000 2538 etiam
1018 2519 1078 2539 esse
1097 2511 1229 2540 Dominus
1245 2512 1413 2547 angelorum,
1434 2520 1507 2547 nam,
1526 2523 1535 2539 1
1547 2514 1641 2549 Angeli

859 2556 1051 2584 ministrabant
1078 2557 1103 2584 ei
1115 2558 1135 2573 "
1151 2566 1157 2590 ;
1179 2567 1188 2583 »
1205 2562 1251 2590 et,
1286 2568 1294 2583 1
1312 2558 1398 2586 Mittet
1415 2559 1500 2586 Filius
1523 2559 1642 2588 hominis

858 2601 967 2635 angelos
998 2602 1118 2634 suOs";
1139 2611 1147 2627 I
1165 2603 1237 2637 quod
1268 2604 1416 2630 honoretur
1444 2604 1514 2631 sicut
1538 2604 1637 2633 Pater:

861 2654 870 2672 1
886 2645 920 2673 Ut
937 2655 946 2671 »
959 2667 965 2678 ,
983 2646 1079 2681 inquit,
1098 2656 1108 2672 ι
1123 2646 1301 2675 honoriﬁcent
1317 2647 1427 2681 Filium,
1444 2650 1514 2676 sicut
1530 2649 1601 2677 bono
1619 2650 1625 2676 i

859 2693 939 2719 ﬁcant
961 2690 1067 2719 Patrem
1078 2690 1111 2721 '°.
1131 2701 1140 2719 ι
1173 2692 1250 2725 Quod
1269 2693 1303 2721 sit
1319 2695 1431 2729 aequalis
1456 2694 1510 2722 Deo
1528 2703 1534 2721 :
1555 2705 1564 2720 ι
1581 2694 1639 2722 Non

906 2748 916 2761 ⁸
935 2746 1014 2775 Joan.
1041 2757 1104 2778 xvu.
1127 2749 1167 2776 10.
1216 2749 1226 2764 ¹
1243 2748 1321 2776 Joan.
1341 2756 1359 2777 ι.
1376 2748 1400 2774 Ι.
1449 2748 1460 2763 ⁸
1481 2750 1563 2782 Apoc.
1580 2757 1598 2781 ι,
1614 2749 1642 2776 8.

1045 2783 1063 2799 ”
1077 2783 1155 2810 Joan.
1177 2791 1196 2816 ι,
1214 2784 1239 2810 ι.
1288 2784 1309 2799 ¹¹
1325 2783 1390 2809 ibid.
1403 2783 1430 2810 9.
1469 2783 1491 2798 "
1503 2784 1572 2811 Gen.
1588 2792 1644 2815 xIx.

1215 2819 1235 2834 ὀ
1254 2818 1350 2846 Matth.
1368 2825 1405 2851 ιν,
1426 2818 1467 2846 tl.
1516 2817 1645 2846 "Matth.
