1902 3078
218 132 271 164 437

838 123 1030 155 EUTllYMll
1047 124 1225 154 ZlGABENl

1797 121 1843 153 L88

218 194 281 223 gere
294 185 412 213 humano
427 192 501 213 more
517 184 660 214 debemus,
674 190 763 218 neque
778 189 910 217 corporeo
926 180 1006 208 modo

1065 181 1097 215 ul
1111 180 1238 215 λάθωμεν
1256 178 1437 214 ἀφαιροῦντες
1452 178 1498 204 τον
1518 178 1582 205 Υἱδν
1593 178 1648 205 ἀπὸ
1663 178 1711 205 τοῦ
1730 178 1844 213 Πατρδς,

219 231 452 260 ecusubstautiale
476 230 610 265 acripere.
637 228 690 256 Sed
714 228 897 256 recedendum
927 227 1008 253 nobis

219 282 261 305 est
275 285 290 305 a
304 277 386 304 rebus
412 277 499 308 factis,
519 283 550 303 ac
566 275 696 310 depositis
714 273 840 301 humanis
863 272 1039 307 imaginibus,

1062 228 1108 254 καὶ
1128 226 1319 261 προστιθέντες
1334 226 1390 257 τοῖς
1401 224 1498 251 ἑαυτοῦ
1517 225 1657 259 κτίσμασι.

1066 272 1248 307 omnibusque
1267 271 1381 298 omnino
1404 271 1539 303 sensibus,
1563 270 1596 298 ad
1620 270 1731 298 Putrem
1751 278 1846 298 ascen-

220 326 295 358 dere,
312 333 346 352 ne
369 325 446 351 inscii
462 323 559 351 Filium
576 331 591 350 a
613 323 692 350 Patre
710 322 876 351 auferamus.
893 328 1012 356 eumque
1028 321 1108 348 rebus
1122 328 1137 347 a
1154 327 1184 347 se
1202 321 1300 346 creatis
1320 319 1509 355 adiungamus.

257 370 376 397 Rursum
401 370 424 398 si
451 369 561 396 Patrem
588 373 617 397 et
643 369 741 396 Filium
761 368 933 397 conﬁtcntes,
956 367 1010 393 duo

220 412 374 447 principia,
402 419 449 440 aut
471 414 540 440 dttos
573 413 642 440 Deos
669 412 800 444 dicimus,
830 412 1008 445 quemadmo-

217 464 282 486 dum
300 459 420 486 Marcion
439 464 464 486 et
481 459 656 491 Valentinus;
672 464 718 485 aut
733 458 844 490 Filium,
858 462 1004 493 quemdam

219 507 303 533 alium
318 505 469 532 divinilatis
482 505 592 532 modqu
607 505 717 537 habere,
740 510 766 531 et
791 512 844 531 non
861 513 920 533 esse
937 506 1005 534 ima—

220 552 309 585 ginem
325 555 351 577 et
372 551 485 585 ﬁguram
501 549 601 582 Patris,
619 551 690 585 quod
705 558 737 577 ex
753 550 813 585 ipso
828 551 935 586 genitus
949 551 984 578 sit
999 562 1004 568 -

221 603 280 623 esto
296 596 454 628 dissimilis;
471 604 532 622 nam
548 596 644 623 alienze
659 597 729 623 inter
753 604 783 624 se
806 604 919 632 prorsus
943 603 1006 624 sunt

221 642 373 669 istiusmodi
392 642 562 668 substantiae.
578 641 655 674 Quod
676 641 697 668 si
723 649 804 668 unam
833 642 1006 677 agnoscimus

219 692 246 714 et
260 688 346 715 solam
364 687 454 714 Patris
470 687 654 720 divinitatem,
678 687 816 722 lmjusque
837 687 953 715 Verbum
979 695 1005 716 et

221 732 387 768 Sapientiam
400 733 501 760 Filium
522 740 593 766 esse,
608 738 634 760 et
649 733 700 760 ltoc
712 733 862 764 credentes,
880 733 949 761 dttos
963 738 1004 761 ta-

219 786 280 804 men
301 778 369 805 Deos
386 778 498 805 minime
513 778 631 805 dicimus
644 799 650 810 ,
668 779 853 813 unitatemque
866 779 926 806 Filii
942 788 1004 807 cum

219 823 300 851 Patre
324 833 376 851 non
403 824 535 852 doctrinze
560 824 752 856 similitudine,
781 825 826 852 sed
853 826 1002 852 secundum

219 869 411 901 substantiam,
427 874 453 896 et
475 877 567 899 revera
589 870 738 897 consistere
755 871 887 897 sentimus
900 890 907 898 .
923 870 959 897 ita
976 875 1003 896 ut
1022 857 1041 884 Β

218 919 360 949 propterea
374 923 427 941 non
443 915 512 942 duos
527 915 606 946 Deos,
624 914 670 942 sed
690 923 774 942 unum
789 915 923 946 dicamus,
943 923 1005 942 cum

220 967 274 986 una
294 959 329 986 sit
344 960 449 994 species
463 959 624 991 divinitatis,
651 965 680 986 ut
703 965 744 987 est
761 960 805 987 ius
821 965 847 987 et
864 960 1006 996 splendor;

219 1005 263 1032 illa
279 1005 349 1031 enim
369 1005 530 1039 patriarchae
544 1004 627 1032 Jaeob
640 1005 698 1032 visa
711 1010 762 1038 est,
780 1006 871 1041 aitque
887 1006 1007 1041 Scriptu-

219 1058 248 1077 ra
263 1059 270 1077 τ
292 1059 300 1075 ι
318 1050 399 1077 Ortus
419 1054 459 1077 est
472 1053 562 1076 autent
582 1050 618 1076 illi
640 1051 681 1077 sol
694 1072 700 1082 ,
718 1055 861 1085 postquam
882 1051 1007 1077 transivit

219 1096 323 1130 species
341 1095 387 1122 Dei
413 1096 431 1122 '.
447 1105 456 1121 ι
471 1095 526 1123 lloc
540 1103 602 1122 cum
619 1096 740 1123 riderent
754 1097 840 1123 sancti
856 1097 1005 1132 propheta},

218 1148 251 1167 ac
265 1140 446 1175 intelligerent
460 1140 604 1174 cujusnam
628 1141 663 1168 sit
686 1141 731 1168 ille
748 1140 833 1169 Filius
853 1147 879 1169 ct
904 1143 1005 1177 imago,

219 1185 326 1212 aiebant
340 1194 346 1212 :
360 1195 368 1209 ι
380 1184 492 1212 Factum
508 1191 550 1212 est
562 1185 679 1212 Verbum
691 1185 795 1212 Domini
811 1187 844 1212 ad
855 1194 897 1213 uie
947 1187 972 1219 ',
993 1195 1002 1212 ι

219 1237 337 1264 cumque
357 1229 462 1256 Patrem
481 1229 507 1256 in
524 1237 556 1257 eo
577 1231 665 1257 risum
681 1231 884 1266 rerelatumque
906 1238 1006 1266 cogno-

218 1279 333 1305 scerent,
349 1274 460 1301 lidenter
474 1274 615 1302 dicebant:
629 1284 638 1300 ‹
651 1275 732 1302 Visus
744 1280 784 1303 est
796 1276 860 1303 mihi
875 1276 944 1303 Deus
959 1284 1006 1311 pa-

219 1323 290 1346 trum
305 1323 474 1352 nostrorum,
485 1318 554 1346 Deus
566 1319 729 1356 Abraam,et
742 1320 815 1348 Isaac
826 1325 853 1348 et
860 1320 943 1348 Jacob
962 1322 983 1349 ³,
992 1331 1002 1346 ι

219 1363 286 1390 Cum
303 1363 386 1397 igitur
401 1363 436 1390 ita
451 1371 480 1390 se
493 1371 536 1391 res
551 1363 656 1396 habeat,
673 1372 723 1391 cur
737 1373 797 1392 eum
813 1366 859 1400 qiti
878 1374 949 1393 unus
964 1370 1005 1393 cst

218 1415 280 1434 cum
297 1406 386 1437 Patre.
404 1412 431 1434 et
447 1407 510 1434 talis
523 1412 635 1442 apparet
649 1409 737 1443 qualis
748 1414 789 1436 est
800 1409 889 1442 Pater,
906 1418 1003 1437 secun-

217 1453 282 1479 dum
300 1453 505 1480 similitudinem
525 1457 606 1488 atque
627 1461 707 1481 unam
729 1455 910 1486 divinitatem,
925 1463 1004 1482 vere-

219 1505 281 1524 mur
296 1497 388 1524 dicere
414 1498 697 1525 cmsuhstantialem?
714 1498 742 1525 Si
758 1499 830 1526 enim
844 1519 852 1531 ,
871 1501 1003 1534 quemad—

220 1541 331 1569 modum
349 1543 448 1577 saepius
464 1543 566 1570 dictum
583 1549 624 1570 est
636 1563 643 1575 ,
661 1544 762 1570 nullam
778 1545 858 1571 habet
874 1551 903 1572 ut
919 1545 1004 1572 Filius
1022 1549 1042 1575 α

221 1588 412 1622 proprietatem
427 1588 666 1616 similitudinemve
680 1597 740 1616 cum
754 1595 864 1624 paterna
878 1591 1004 1618 substan-

220 1633 268 1664 tia.
287 1641 318 1660 ea
335 1640 400 1659 voce
416 1633 454 1660 uti
480 1637 552 1661 recte
567 1641 701 1660 veremur.
718 1634 766 1660 Sin
788 1639 877 1662 autem
896 1636 940 1664 ille
962 1640 1005 1664 est

220 1674 307 1702 Patris
322 1675 430 1710 propria
444 1676 485 1703 vis
500 1676 678 1703 illuminatrix
696 1680 722 1702 et
737 1678 863 1709 cmatrix,
880 1678 940 1705 sine
954 1686 1008 1713 qua

219 1727 269 1746 nec
282 1725 368 1754 creat,
385 1729 435 1749 nec
451 1723 626 1758 cognoscitur
643 1723 747 1754 (omnia
763 1724 835 1750 enim
852 1731 900 1758 per
918 1724 1006 1759 ipsum

218 1770 245 1791 rt
263 1765 288 1792 in
305 1765 363 1800 ipso
374 1767 551 1803 consistunt),
569 1776 619 1795 cur
634 1775 691 1796 rem
709 1769 889 1804 intelligentes
904 1789 911 1800 ,
928 1777 1007 1797 recu-

219 1819 312 1839 samus
327 1820 422 1841 vocem
440 1814 465 1841 ld
482 1814 678 1849 signiﬁcantem
694 1815 837 1850 proferre?
850 1816 920 1849 Quid
933 1817 1006 1844 cnim

219 1861 262 1883 est
281 1857 404 1891 ejusdem
419 1864 524 1887 natura:
538 1867 599 1887 esse
618 1861 696 1895 cujus
710 1860 799 1891 Pater.
815 1862 868 1889 nisi
886 1871 946 1890 esse
970 1863 1007 1890 illi

220 1903 473 1931 cousubstantiale?
486 1904 544 1932 Non
556 1906 628 1932 enim
643 1906 761 1933 alienum
779 1907 851 1935 Deus
864 1909 945 1935 veluti
957 1909 1009 1936 mi-

221 1948 308 1975 nistro
335 1957 418 1984 egens
444 1949 543 1977 Filium
577 1953 747 1987 assumpsit;
785 1961 874 1988 neque
900 1954 1009 1989 opiﬁcia

221 1993 346 2022 Creatori
362 2000 426 2023 sunt
440 1996 572 2031 dignitate
588 1998 675 2032 paria,
693 2004 722 2025 ut
735 1999 846 2034 perinde
864 1999 907 2027 illa
927 2005 1009 2035 atque

220 2039 278 2074 ipse
293 2041 470 2074 honorentur,
483 2047 539 2076 aut,
550 2048 577 2070 ut
593 2045 742 2078 putandum
756 2045 801 2078 sit,
815 2053 847 2073 ea
860 2051 886 2074 et
901 2047 1007 2074 Patrem

221 2093 305 2112 unum
321 2094 392 2113 esse.
410 2088 537 2123 Alioquin
553 2090 624 2116 ausit
639 2091 700 2125 qu‘s
715 2091 770 2119 haec
781 2093 910 2126 dividere,
925 2101 956 2121 ae
968 2094 1009 2121 di-

220 2138 282 2159 cere
295 2132 380 2159 solem
401 2137 428 2160 et
446 2134 615 2169 splendorem
634 2137 688 2164 duo
701 2145 762 2165 esse
779 2138 893 2172 lumina,
908 2144 955 2167 aut
968 2140 1009 2167 di—

220 2184 326 2205 versam
343 2178 463 2213 aliquam
482 2181 673 2213 substantiam,
695 2188 741 2210 aut
755 2185 926 2220 splenderent
943 2186 1008 2214 solis

220 2223 346 2251 accidens
363 2232 435 2256 esse,
454 2230 481 2253 et
503 2234 557 2254 non
582 2228 732 2262 simplicem
757 2237 789 2257 ac
816 2229 914 2266 purum
942 2232 1008 2261 solis

220 2274 345 2303 partum;
368 2271 403 2298 ita
427 2276 453 2299 ul
479 2273 533 2300 duo
553 2274 661 2306 quidem
680 2275 734 2304 sint
759 2277 843 2305 solet
869 2279 1006 2313 splendor,

220 2321 274 2342 una
298 2319 387 2343 tamen
407 2318 463 2349 lux,
480 2326 513 2346 eo
526 2320 597 2355 quol
623 2321 669 2349 ille
689 2330 704 2349 a
726 2324 784 2350 sole
809 2324 922 2352 oriatur.
939 2325 1008 2353 Cum

221 2360 378 2394 lmjusmodi
393 2364 442 2394 sit.
458 2365 512 2392 imo
525 2367 611 2401 magis
627 2368 817 2403 inseparabilis
834 2377 931 2400 natura
947 2372 1008 2400 Filii

219 2414 235 2433 a
256 2405 346 2440 Patre,
371 2414 395 2436 et
417 2418 478 2438 cum
502 2411 630 2440 divinitas
645 2413 714 2441 Filio
730 2423 783 2442 non
799 2417 945 2453 acciderit,
962 2419 1008 2446 sed

220 2458 329 2488 paterna
344 2455 472 2485 divinitas
491 2457 517 2484 in
540 2458 610 2486 Filio
631 2460 685 2490 sit:
709 2461 746 2488 ita
770 2466 799 2489 ut
816 2463 863 2497 qui
877 2464 949 2490 videt
966 2463 1010 2490 Fi-

219 2500 297 2532 lium,
316 2500 341 2527 in
358 2502 414 2535 ipso
428 2502 534 2532 Patrem
548 2505 647 2538 videat,
661 2515 710 2534 cur
726 2508 773 2543 qui
786 2508 941 2544 ltujusmodi
956 2515 1008 2541 est,

221 2553 274 2573 non
290 2547 398 2575 dicatur
414 2551 676 2580 eonsultstautialis?

320 2632 369 2661 Sat
384 2635 493 2670 quidem
505 2637 563 2665 lucc
577 2644 662 2673 sunt,
681 2649 741 2675 qua!
759 2642 836 2669 vobis
855 2643 987 2669 suadeant
1000 2665 1007 2676 ,

221 2680 251 2704 ut
266 2684 319 2705 non
345 2681 536 2710 accusetiscos
551 2685 597 2718 qui
619 2685 712 2714 dixere
733 2686 829 2713 Filium
853 2696 913 2713 esse,
935 2687 1007 2716 Patri

219 2724 489 2754 consubstantialem.
506 2728 632 2757 Attamen
657 2731 743 2765 ipsam
769 2733 1009 2762 consubstantialis

260 2818 268 2834 ⁸
288 2818 356 2846 Gen.
370 2828 453 2854 xxx",
470 2821 514 2848 5|.
553 2824 563 2838 ²
579 2823 629 2849 lsa.
648 2831 757 2855 xui-in,
773 2823 879 2856 1;.lcr.
897 2831 916 2858 t,
930 2823 1044 2857 2.4,11

1053 2845 1059 2858 ,
1073 2829 1126 2853 etc.

1099 366 1153 392 Καὶ
1180 366 1268 397 ἄλλως
1291 365 1331 397 δὲ,
1356 366 1381 391 εἰ
1407 366 1457 400 μὲν
1476 366 1582 397 Πατέρα
1601 367 1648 392 καὶ
1671 365 1735 391 Υιδν
1755 365 1847 400 ὁμολο-

1059 413 1181 447 γοῦντες,
1211 412 1257 444 δύο
1282 412 1357 444 τινὰς
1386 412 1481 448 ἀρχὰς,
1503 413 1583 448 ἢδύο
1598 413 1698 445 Θεοὺς,
1728 414 1849 448 καθάπερ

1059 458 1191 493 Μαρκίων
1218 457 1265 485 καὶ
1291 457 1474 489 Οὐαλεντῐνος,
1497 457 1624 494 λέγομεν,
1645 459 1662 494 ἢ
1680 459 1778 494 ἕτερόν
1792 468 1849 486 τινα

1060 505 1158 538 τρόπον
1185 502 1311 537 θεότητος
1325 503 1398 538 ἔχειν
1420 503 1464 529 τὸν
1479 504 1554 535 ram,
1570 504 1616 530 καὶ
1641 505 1678 539 μὴ
1692 505 1786 531 εἰκόνα
1806 506 1848 531 καὶ

1060 548 1223 583 χαρακτῆρα
1235 547 1280 574 τοῦ
1298 547 1404 583 Πατρὸς
1416 546 1484 575 εἶναι
1503 549 1548 574 τὸν
1563 549 1636 580 Υἱὸν,
1648 549 1692 575 διὰ
1708 549 1740 575 τὸ
1752 550 1783 581 ἐξ
1801 551 1847 576 αὖ·

1059 593 1105 619 τοῦ
1121 593 1281 627 πεφυκέναι·
1295 593 1365 620 ἔστω
1381 594 1516 628 ἀνόμοιος·
1542 594 1615 626 ξέναι
1643 594 1698 630 γάρ
1714 595 1767 621 εἱσι
1785 604 1848 621 παν-

1059 639 1177 665 τάπασιν
1194 639 1315 674 ἀλλήλων
1328 640 1354 665 αἱ
1365 639 1488 666 τοιαῦται
1500 640 1598 666 οὐσίαν
1617 641 1641 666 εἰ
1659 640 1688 666 δὲ
1703 640 1769 675 μίαν
1784 641 1848 667 οῖδα-

1063 692 1112 719 μεν
1131 685 1178 710 καὶ
1195 685 1277 720 μόνην
1294 684 1408 720 Θεὸτητα
1431 685 1480 720 τὴν
1503 684 1549 711 τοῦ
1567 685 1683 719 Πατρὺς,
1696 685 1793 712 τούτου
1821 695 1848 711 τε

1062 729 1147 764 Λόγον
1161 730 1207 756 καὶ
1224 730 1324 764 Σοφίαν
1341 728 1410 756 εἶναι
1422 731 1468 756 τὸν
1483 730 1556 762 Υἱὸν,
1572 731 1618 757 καὶ
1631 730 1702 756 οὕτω
1716 731 1850 757 πιστεύον-

1061 781 1108 805 τες
1121 774 1151 800 οὺ
1169 774 1286 809 λέγομεν
1297 774 1344 802 δύο
1360 775 1458 807 Θεοὺς,
1476 775 1525 810 τήν
1541 783 1570 801 τε
1585 775 1699 810 ἑνότητα
1720 775 1767 801 τοῦ
1786 776 1850 802 Υἱοῦ

1062 819 1130 855 πρὸς
1153 820 1199 847 τὸν
1226 821 1336 856 Πατέρα
1360 821 1408 855 οὐχ
1424 819 1553 856 ὁμοιώσει
1570 820 1751 852 διδασκαλίας,
1784 821 1850 847 ἀλλὰ

1061 865 1133 892 κατὰ
1144 865 1194 900 τὴν
1204 866 1298 892 οὐσίαν
1313 866 1360 892 καὶ
1387 866 1500 902 ἀληθείᾳ
1606 866 1767 901 φρονοῦμεν·
1781 867 1851 893 ὥστε

1062 909 1105 936 διὰ
1119 909 1199 936 τοῦτο
1215 909 1252 945 μὴ
1263 910 1352 944 λέγειν
1365 910 1412 937 δύο
1427 911 1510 942 Θεοὺς
1520 931 1526 943 ,
1554 911 1610 937 ἀλλ’
1624 911 1672 937 ἕνα
1685 911 1761 944 Θεὸν,
1793 913 1852 942 ἑνὸς

1062 954 1137 986 ὖντος
1149 954 1235 986 εἴδους
1246 954 1380 990 θεότητος,
1395 956 1433 987 ὡς
1449 955 1508 982 ἔστι
1532 956 1562 982 τὸ
1580 956 1638 990 φῶς
1658 957 1703 983 καὶ
1715 958 1746 984 τὸ
1763 958 1852 984 ἀπαύ-

1062 1008 1174 1036 γασμα·
1189 1000 1268 1027 τοῦτο
1280 1001 1334 1036 γὰρ
1349 1001 1426 1037 ὤφθη
1442 1002 1480 1037 τῷ
1508 1003 1663 1039 πατριάρχῃ
1682 1003 1790 1036 Ἰακὼὸ,
1806 1005 1851 1030 καί

1064 1054 1144 1081 φησιν
1158 1047 1174 1081 ἡ
1189 1046 1293 1081 Γραφή·
1313 1057 1321 1072 ι
1342 1047 1472 1074 ’Λνέτειλε
1485 1048 1514 1074 δὲ
1542 1049 1616 1083 αὐτῷ
1631 1050 1645 1075 6
1658 1049 1742 1084 ἣλιος,
1770 1050 1852 1084 ἡνίκα

1064 1091 1186 1127 παρῆλθε
1201 1092 1232 1118 τὸ
1258 1090 1329 1124 εἶδος
1351 1092 1397 1119 τοῦ
1414 1093 1507 1119 Θεοῦ-ι
1528 1095 1574 1120 καὶ
1680 1095 1759 1121 τοῦτο
1784 1095 1851 1122 θεω-

1065 1136 1174 1172 ροῦντες
1183 1138 1208 1164 οἱ
1226 1137 1297 1171 ἆγιοι
1312 1138 1450 1173 προφῆται
1467 1139 1513 1165 καὶ
1526 1139 1658 1171 νοοῦντες,
1677 1140 1749 1171 τίνος
1776 1141 1852 1166 ἐπὶν

1063 1182 1127 1214 Υἱὸς
1152 1184 1199 1210 καὶ
1224 1183 1315 1216 εἰκὼν,
1343 1184 1445 1218 ἔλεγον·
1464 1193 1472 1209 ι
1499 1185 1620 1218 Ἐγένετο
1650 1185 1735 1219 Λόγος
1748 1186 1852 1221 Κυρίου

1063 1228 1132 1264 πρὸς
1146 1228 1205 1263 μέ.»
1222 1228 1401 1261 Γινώσκοντες
1478 1230 1523 1256 τὸν
1537 1231 1566 1255 ὲν
1580 1229 1654 1264 αὑτῷ
1667 1230 1853 1265 θεωρούμενον

1064 1273 1111 1300 καὶ
1140 1274 1398 1310 ἀποκαλυπτόμενον
1434 1275 1559 1310 Πατέρα,
1594 1275 1725 1312 ὲοάρῤουν
1753 1277 1851 1303 εἰπεῖν·

1067 1329 1076 1346 ι
1096 1320 1183 1355 Ὠφοη
1209 1330 1252 1356 μοι
1276 1323 1290 1347 ὁ
1315 1321 1379 1353 Θεὸς
1405 1322 1458 1348 τῶν
1485 1322 1610 1355 πατέρων
1635 1322 1723 1357 ἡμῶν,
1744 1323 1758 1348 6
1787 1322 1853 1355 Θεὸς

1071 1366 1204 1402 Ἀϐραὰμ,
1219 1367 1265 1393 καὶ
1371 1368 1462 1394 Ἰσαὰκ
1489 1368 1535 1394 καὶ
1564 1367 1686 1394 ’1ακώ6.›
1706 1369 1810 1395 Τούτου
1826 1369 1853 1395 δὲ

1064 1410 1148 1443 οὕτως
1162 1412 1248 1444 ὄντος.
1262 1411 1306 1439 διὰ
1322 1412 1348 1438 τί
1373 1413 1418 1439 τὸν
1444 1413 1490 1439 ἕνα
1507 1413 1572 1439 ὄντα
1600 1412 1667 1448 πρὸς
1679 1413 1726 1439 τὺν
1742 1414 1855 1448 Πατέρα

1065 1458 1112 1485 καὶ
1126 1459 1296 1494 φαινόμενον.
1325 1458 1363 1490 ὡς
1388 1458 1460 1484 ἔστιν
1483 1459 1496 1485 6
1515 1458 1610 1494 Πατὴρ
1627 1478 1636 1490 ,
1719 1459 1792 1485 κατὰ
1807 1459 1855 1494 τὴν

1065 1504 1209 1540 ὁμοιότητα
1236 1504 1282 1530 καὶ
1312 1504 1374 1539 μίαν
1399 1503 1521 1538 Θεότητα,
1551 1503 1739 1539 εύλαϐούμεθα
1767 1505 1856 1530 εἰπεῖν

1064 1549 1218 1584 ὀμοούσιον;
1231 1541 1262 1576 ἐι
1276 1550 1324 1585 μὲν
1335 1549 1399 1585 γὰρ,
1416 1549 1510 1584 ὥσπερ
1527 1549 1633 1584 εἴρηται
1644 1549 1787 1582 πολλάκις,
1809 1550 1857 1576 οὐκ

1066 1593 1122 1628 ἔχει
1135 1593 1182 1628 τὴν
1199 1593 1319 1629 ἰδιότητα
1330 1594 1379 1629 τῆς
1396 1594 1530 1629 πατρικῆς
1553 1594 1656 1626 οὐσίας,
1670 1595 1730 1621 οὐδὲ
1742 1595 1793 1630 τὴν
1807 1596 1853 1630 ξμς

1067 1639 1178 1674 φέρειαν
1194 1639 1231 1670 ὡς
1256 1638 1331 1670 Υἱὸς,
1353 1639 1444 1670 καλῶς
1474 1638 1669 1674 εὐλαϐούμεθα·
1693 1639 1760 1665 εἰδὲ
1774 1639 1855 1666 τοῦτό

1062 1679 1120 1705 ἐστι
1135 1679 1342 1714 τὸφωτιστικὺν
1357 1681 1404 1708 καὶ
1430 1681 1625 1716 δημιουργικὸν
1646 1680 1677 1706 τὸ
1709 1680 1857 1706 ἱδιαῖτατον

1060 1725 1106 1751 τοῦ
1119 1726 1235 1762 Πατρδς,
1250 1723 1284 1753 οὗ
1298 1726 1361 1753 ἄνευ
1380 1727 1441 1753 οὔτε
1463 1727 1632 1763 δημιουργεῖ,
1647 1726 1708 1752 οὕτε
1721 1725 1858 1759 γινιῦσιιε⁹

1061 1779 1105 1797 ται
1122 1770 1230 1806 (πάντα
1250 1772 1304 1807 γὰρ
1320 1773 1352 1798 δι’
1368 1772 1450 1799 αὑτοῦ
1475 1773 1522 1799 καὶ
1536 1774 1564 1799 ὲν
1578 1771 1653 1807 αὐτῷ
1670 1772 1835 1806 συνέστηκε)
1849 1779 1855 1784 ⁵

1061 1816 1104 1843 διὰ
1119 1817 1154 1844 τί.
1168 1817 1198 1843 τὸ
1210 1818 1326 1852 πρᾶγμα
1336 1817 1468 1849 νοοῦντες,
1490 1817 1696 1853 παραιτούμεθα
1712 1816 1762 1851 τὴν
1777 1816 1858 1842 τοῦτο

1062 1863 1248 1898 σημαίνουσαν
1278 1863 1349 1896 λέξιν
1377 1865 1482 1896 εεπέῖνς
1515 1864 1546 1889 Τί
1560 1866 1614 1898 γάρ
1633 1863 1692 1889 ἐστι
1717 1862 1749 1888 τὸ
1769 1862 1857 1893 οὗτος

1061 1908 1179 1942 ὁμοφυὲς
1193 1907 1232 1943 τῷ
1246 1908 1333 1944 Πατρὶ
1350 1908 1366 1944 ἦ
1380 1908 1522 1944 ὁμοούσιον
1535 1907 1633 1940 αύτοῦ;
1651 1908 1688 1934 Οὺ
1704 1908 1760 1942 γὰρ

1061 1962 1136 1989 τριον
1150 1954 1187 1986 ὡς
1200 1954 1338 1989 ὑπουργοῦ
1354 1954 1480 1990 δεόμενος
1497 1954 1681 1990 προσελάϐετο
1699 1955 1713 1979 ὁ
1729 1953 1800 1985 Θεὸς
1812 1953 1858 1978 τὸν

1062 2000 1136 2031 Υξὺυ,
1152 2000 1213 2026 οὐδὲ
1229 2000 1262 2027 τὰ
1277 2001 1416 2036 ποιήματα
1431 2000 1520 2033 ἱσάξια
1539 2000 1585 2027 τοῦ
1611 2000 1765 2031 κτίσαντος,
1786 2000 1858 2026 ὥστε

1061 2046 1193 2081 τιμᾶσθαι
1207 2046 1293 2073 ταῦτα
1308 2048 1346 2079 ὡς
1361 2048 1473 2078 ἐκεῖνον,
1504 2047 1520 2082 ἢ
1551 2046 1682 2082 νομίζειν,
1707 2046 1748 2072 ὅτι
1771 2046 1858 2072 ταῦτα

1062 2091 1109 2116 καὶ
1123 2092 1136 2116 ὁ
1148 2091 1242 2127 Πατὴρ
1255 2091 1285 2118 ἓν
1300 2092 1378 2118 εἰσιν.
1396 2092 1431 2118 Ἢ
1444 2091 1607 2127 τολμησάτω
1623 2099 1667 2122 τις
1679 2091 1789 2119 διελεῖν.
1812 2091 1859 2116 καὶ

1062 2137 1158 2168 εἰπεῖν,
1175 2137 1221 2163 δύο
1237 2137 1314 2172 φῶτα
1329 2136 1396 2164 εἶναι
1411 2136 1455 2164 τὸν
1470 2137 1546 2172 ἥλιον
1560 2136 1606 2163 καὶ
1623 2136 1653 2163 τὸ
1669 2135 1856 2171 ἀπαύγασμα.

1063 2182 1078 2218 ἢ
1095 2183 1190 2218 ἑτέραν
1206 2183 1267 2210 τινὰ
1279 2180 1348 2209 εἶναι
1373 2183 1476 2215 οὐσίαν,
1491 2182 1508 2218 ῆ
1534 2183 1575 2209 ὅτι
1593 2181 1803 2217 ὲπισυμϐέϐηκε
1829 2182 1858 2207 τὸ

1062 2229 1241 2264 ἀπαύγασμα,
1256 2230 1351 2266 καὶμὴ
1369 2229 1472 2257 ἁπλοῦν
1492 2227 1560 2256 εἶναι
1581 2229 1629 2255 καὶ
1655 2228 1780 2263 καθαρὸν
1796 2228 1858 2262 γέν-

1062 2283 1135 2310 νημα
1152 2275 1183 2301 ἐκ
1193 2275 1239 2301 τοῦ
1256 2275 1331 2310 ἡλίου
1356 2275 1444 2302 τοῦτο·
1468 2275 1538 2302 ὥστε
1553 2274 1599 2301 δύο
1626 2274 1674 2309 μὲν
1695 2272 1768 2301 εἶναι
1782 2274 1859 2309 ἣλιον

1062 2319 1109 2347 καὶ
1125 2319 1305 2355 ἀπαύγασμα,
1320 2320 1348 2347 ἓν
1362 2320 1390 2347 δὲ
1411 2321 1442 2347 τὸ
1459 2321 1527 2355 φῶς.
1561 2320 1605 2347 διὰ
1620 2320 1650 2346 τὸ
1665 2320 1696 2346 ὲκ
1715 2320 1766 2346 τοῦ
1783 2320 1859 2355 ἡλίου

1061 2365 1130 2393 εἶναι
1144 2365 1222 2393 τοῦτο
1237 2366 1370 2402 γέννημα.
1387 2366 1521 2401 Τοιαύτης
1539 2366 1567 2392 δὲ
1581 2365 1664 2402 οὔσης
1679 2366 1725 2392 καὶ
1758 2366 1860 2401 μᾶλλον

1059 2411 1212 2448 ἀδιαιρέτου
1228 2411 1278 2446 τῆς
1301 2411 1408 2445 φύσεως
1435 2411 1483 2438 τοῦ
1501 2411 1565 2438 Υῐοῠ
1658 2410 1726 2446 πρὸς
1737 2411 1787 2438 τὸν
1805 2412 1860 2437 Πα-

1059 2459 1135 2494 τέρα,
1156 2458 1204 2484 καὶ
1222 2458 1271 2484 οὐκ
1283 2458 1474 2494 ὲπισυμϐάσης
1500 2458 1549 2493 τῆς
1569 2457 1696 2492 θεότητῡς
1723 2457 1764 2491 τῷ
1790 2457 1859 2491 Υἱῷ,

1059 2505 1127 2531 ἀλλὰ
1139 2505 1189 2540 τῆς
1204 2505 1342 2540 πατρικῆς
1355 2504 1480 2539 ῡεὸτητος
1497 2504 1580 2539 οὔσης
1605 2504 1633 2530 ὲν
1648 2502 1687 2537 τῷ
1699 2502 1772 2537 Υἱῷ,
1787 2503 1859 2529 ὥστε

1059 2551 1104 2576 τὸν
1115 2550 1256 2587 ἑωρακότα
1266 2550 1311 2576 τδν
1323 2551 1386 2576 Υελν
1405 2551 1470 2586 ὀρᾷν
1488 2551 1515 2576 ὲν
1532 2549 1606 2585 αὖτῷ
1619 2549 1664 2575 τὸν
1681 2549 1807 2584 Πατέρα,
1817 2548 1859 2575 δια

1059 2596 1085 2623 τί
1102 2597 1116 2623 6
1129 2596 1247 2628 τοιοῦτος
1264 2596 1301 2632 μὴ
1313 2595 1345 2622 ἂν
1359 2595 1463 2630 λέγοιτο
1480 2596 1637 2631 ὀμοούσιοςς

1159 2642 1236 2668 Ἔστι
1265 2641 1313 2676 μὲν
1414 2639 1460 2668 οὖν
1477 2640 1558 2668 ἱκανὰ
1588 2642 1635 2667 καὶ
1658 2639 1747 2667 ταῦτα
1764 2641 1858 2667 πεῖσαι

1061 2688 1142 2722 ὑμᾶς,
1213 2689 1374 2723 κατηγορεῖν
1399 2687 1453 2713 τῶν
1471 2687 1631 2722 εἰρηκότων,
1647 2686 1794 2721 ὁμοούσιον
1823 2685 1860 2713 εἴ-

1060 2741 1103 2759 ναι
1119 2733 1164 2759 τὺν
1181 2732 1245 2759 Υἱὸν
1263 2733 1302 2768 τῷ
1317 2733 1413 2768 Πατρί·
1432 2733 1479 2760 καὶ
1502 2732 1586 2768 αὐτὴν
1600 2733 1629 2759 δὲ
1642 2733 1717 2768 ὅμως
1731 2733 1785 2769 τὴν
1811 2731 1858 2760 to}

1164 2826 1174 2841 '
1193 2825 1277 2854 Exod.
1293 2833 1335 2859 nt,
1351 2826 1391 2854 l9.
