1902 3078
141 160 184 192 497

599 161 785 191 PANOPLIA
794 143 799 146 .
808 161 879 191 DUG
885 161 911 190 Μ
917 161 1036 192 ΛΤΙΩΑ.
1061 176 1095 182 -
1112 162 1186 192 ΤΙΤ.
1197 162 1260 197 ,ΧΠ

1691 158 1745 191 498

139 216 279 250 λεγομένων
293 224 324 249 τη
330 215 438 249 μασίαν,
455 217 500 242 καὶ
515 217 528 242 6
541 215 573 243 τὰ
587 215 744 251 ἀνθρώπινα
759 215 805 242 τοῦ
818 215 904 248 Λόγου

967 217 1128 243 inmanitate
1143 217 1201 251 ejus
1218 216 1388 243 divinitatem
1403 223 1457 242 non
1470 215 1586 250 ignoret,
1606 206 1634 242 et
1650 213 1696 250 qui
1710 213 1746 241 de

139 262 249 297 γράφων,
264 259 316 287 οἶδε
330 262 376 287 καὶ
392 262 424 288 τὰ
440 263 502 297 περὶ
516 262 566 296 τῆς
583 262 708 296 θεότητος
721 260 814 288 αὐτοῦ.
836 260 864 287 Ὀ
879 259 907 286 δι

138 308 195 342 περὶ
211 309 257 342 τῆς
279 306 404 343 θεότητος
422 307 601 343 ἐξηγούμενος
619 307 668 333 οὐκ
685 307 777 340 ἀγνοεῖ
791 306 832 338 ξτά
851 304 907 331 [δια

138 356 182 388 τῆς
203 353 329 388 ὲνσὰρκου
364 354 513 387 παρουσίας
532 353 612 379 αὐτοῦ
625 373 632 384 ,
656 352 713 378 ἀλλ’
736 352 849 377 ἕκαστον
870 350 908 381 ὡς

139 399 289 434 ἐπιστήμων
306 400 353 425 καὶ
372 399 482 432 δόκιμος
497 398 663 434 τραπεζίτης
677 397 841 431 διακρίνων,
859 395 907 430 τὴν

138 445 266 471 εὑσέὃειαν
283 445 513 480 βαδιεῖται.’¹οταν
526 444 590 479 γοῦν
601 444 681 471 αὑτὸν
693 444 820 470 κλαίοντα
830 443 906 479 λέγῃ,

136 488 210 522 οἶδεν,
222 490 260 516 ὅτι
274 490 417 524 ἀνθρωπος
428 490 573 523 γενόμενος
588 491 601 516 6
615 489 728 524 Κύριος,
745 488 864 515 δείκνυσι
878 487 909 515 τὺ

138 535 182 568 μὲν
197 535 297 561 κλαίειν
311 534 466 570 ἀνθρώπου,
484 535 586 569 ἐγείρει
602 534 630 561 δὲ
645 534 770 567 Λάζαρον
782 533 818 564 ῶς
831 533 906 564 Θεός.

136 580 186 606 Καὶ
204 579 338 607 πεινῶντα
362 580 422 615 μὲν,
444 580 492 607 καὶ
510 579 630 614 διψῶντα
656 578 711 606 οἶδε
735 579 907 613 σωματικῶς,

137 625 226 656 θεῑκῶς
240 625 268 652 δὲ
285 625 451 660 χορτάζοντα
466 625 520 652 ἀπὸ
535 625 613 652 πέντε
629 625 720 660 ἀρτων
735 633 907 659 πεντακισχι-

134 670 210 702 λίους.
226 671 279 697 Καὶ
295 670 420 705 κείμενον
435 671 484 706 μιν
497 669 567 698 οἶδεν
583 672 612 698 ὲν
629 671 765 706 μνημείῳ,
779 670 816 701 ὡς
830 670 908 704 σῶμα

135 716 305 750 ἀνθρώπινον,
322 717 495 751 ἐγειρόμενον
509 716 536 742 δὲ
552 717 589 748 ὼς
603 715 670 742 Θεοῦ
687 715 768 750 σῶμα
782 715 847 750 παρ’
861 716 909 742 αὺ-

133 761 176 788 τοῦ
193 762 237 788 τοῦ
250 763 347 796 Λόγου,
363 759 393 788 οὗ
409 763 456 789 καὶ
470 763 582 797 γέγονεν
599 762 677 798 σάρξ.

170 808 198 834 ⁸0
211 808 258 843 μὲν
271 809 393 842 γεωργὸς
410 808 483 840 ξένος
499 809 556 835 ἐστὶ
570 809 630 836 κατ’
643 809 737 836 οὐσίαν
752 809 801 844 τῆς
819 807 909 841 ἀμπέο

133 852 185 885 λου,
209 854 242 879 τὰ
267 853 295 880 δὲ
322 853 448 888 κλήματα
473 853 602 889 ὀμοούσια
624 855 671 882 καὶ
697 854 834 889 συγγενῆ,
860 853 907 880 καὶ

132 898 265 933 ἀδιαίρετα
288 898 337 932 τῆς
347 898 469 933 ἀμπέλου
485 899 659 934 τυγχάνουσι,
675 899 722 926 καὶ
740 900 805 934 μίαν
817 899 907 933 ἔχουσι

134 946 177 970 καὶ
188 944 235 978 τὴν
247 944 334 978 αὐτὴν
348 944 456 978 γένεσιν
468 944 537 971 αὐτά
551 953 579 971 τε
595 945 640 971 καὶ
654 945 671 979 ἡ
686 944 815 980 ἄμπελος.
831 944 910 970 Ἐστι

133 990 170 1022 δὲ,
191 990 228 1021 ὡς
253 988 331 1016 εἶπεν
352 993 366 1017 6
390 988 501 1024 Κύριος,
525 990 605 1021 αὐτὸς
632 990 650 1025 ὴ
671 990 802 1024 ἄμπελος,
829 990 910 1024 ἡμεῖς

133 1034 165 1061 τὰ
180 1035 315 1070 κλήματα.
328 1035 358 1061 ΕΞ
373 1035 422 1070 μὲν
435 1035 481 1062 οὖν
495 1035 637 1070 ὁμοούσιος
650 1036 716 1070 ἡμῖν
727 1037 801 1062 ἐστιν
812 1036 826 1061 6
837 1035 909 1068 Υἱὸς,

133 1082 176 1107 nat
196 1082 243 1116 τὴν
259 1081 346 1116 αὐτὴν
371 1082 436 1116 ἡμῖν
451 1081 506 1116 ἔχει
529 1081 645 1115 γένεσιν,
662 1080 733 1107 ἔστω
747 1081 817 1108 κατὰ
832 1080 911 1107 τοῦτο

132 1125 175 1152 καὶ
187 1126 201 1152 ό
215 1126 277 1157 Υιὺς
292 1125 429 1160 ἀλλότριος
445 1124 504 1151 κατ’
516 1125 610 1151 οὐσίαν
622 1123 669 1150 τοῦ
685 1125 801 1159 Πατρὸς,
817 1124 911 1159 ὥσπερ

133 1173 176 1197 καὶ
201 1172 218 1206 ὴ
244 1171 367 1207 ἄμπελος
393 1171 440 1198 τοῦ
468 1171 609 1206 γεωργοῦ·
636 1171 660 1197 εί
688 1170 717 1197 at
748 1170 812 1197 ἄλλο
838 1171 911 1196 ἐστὶν

132 1218 145 1244 6
162 1217 222 1249 Υίὺς
237 1218 302 1253 παρ’
317 1218 331 1243 ὅ
346 1219 429 1252 ἐσμεν
447 1219 535 1252 ἡμεῖς.
552 1218 678 1248 κάκεῖνος
694 1216 744 1251 μὲν
759 1216 846 1249 Λόγος
863 1216 910 1243 τοῦ

133 1264 250 1298 Πατρὺς,
268 1265 349 1299 ἡμεῖς
364 1264 393 1290 δὲ
406 1265 438 1290 ὲκ
453 1264 504 1298 γῆς
517 1263 680 1297 γεγόναμεν.
697 1263 745 1289 καὶ
760 1263 807 1289 τοῦ
827 1262 912 1296 Ἀδάμ

131 1310 210 1344 ἐσμεν
225 1311 342 1344 ἔκγονοι,
360 1311 410 1336 οὐκ
421 1310 521 1344 ὀφείλει
536 1310 567 1336 τὸ
584 1309 664 1345 ῥητὸν
681 1310 722 1340 είς
736 1309 786 1344 τὴν
797 1308 912 1343 θεότητα

132 1357 313 1391 ἀναφέρεσθαι
328 1356 373 1382 τοῦ
396 1355 526 1390 Χριστοῦ,
546 1355 612 1382 ἀλλὰ
636 1354 728 1381 λοιπον
744 1354 784 1385 είς
803 1354 852 1389 τὴν
867 1354 913 1379 ἀν-

131 1401 267 1437 θρωπίνην
284 1401 368 1429 αὑτοῦ
386 1403 548 1435 παρουσίαν.
574 1401 651 1428 Ἐπεὶ
668 1401 714 1426 καὶ⁹
732 1399 821 1430 οὕτως
837 1399 914 1435 είρη-

131 1456 175 1474 ιιεν
186 1449 199 1473 6
211 1449 308 1484 Σωτήρ
319 1456 325 1463 ·
343 1447 418 1482 Ἐγὼ
427 1447 444 1481 ἡ
459 1447 602 1482 ἄμπελος,
618 1446 702 1481 ἡμεῖς
714 1447 750 1473 τὰ
765 1445 913 1480 κλήματα,

131 1494 147 1520 ὁ
162 1495 261 1528 Πατὴρ
280 1496 297 1521 ό
315 1494 452 1529 γεωργός.
479 1494 575 1526 Ἡμεῖς
591 1493 646 1527 γὰρ
659 1491 704 1518 τοῦ
721 1491 823 1525 Κυρίου
843 1492 914 1518 κατὰ

959 262 1010 289 hac
1023 262 1152 296 disputat,
1163 269 1193 289 ea
1202 269 1262 296 quae
1271 260 1357 296 ipsius
1367 261 1394 287 in
1402 260 1626 292 carneadventus
1633 258 1744 295 propria

959 314 1032 338 sunt.
1051 309 1128 339 sciat,
1146 311 1173 335 et
1186 307 1213 334 in
1229 312 1345 342 utroque
1365 311 1493 340 tanquam
1507 305 1613 341 peritus
1638 309 1665 332 et
1679 311 1742 339 pro-

959 353 1038 380 batus
1055 353 1152 390 aliquis
1180 351 1379 379 nummularius
1393 351 1497 386 judicio
1512 357 1562 377 suo
1586 356 1744 386 germanam

959 399 1087 434 pietatem
1117 399 1240 433 explorat
1262 403 1289 425 et
1314 398 1447 434 agnoscit.
1467 398 1557 430 Quare
1579 403 1642 423 cum
1667 395 1743 422 illum

959 445 1070 471 ﬂentem
1085 445 1206 476 adducit,
1239 443 1315 470 novit
1329 451 1391 470 eum
1418 447 1448 470 ut
1467 441 1605 470 hominem
1621 441 1696 472 llere.
1715 444 1748 467 ut

960 490 1043 517 Deum
1069 495 1160 517 tamen
1178 497 1307 517 revocare
1333 489 1466 517 Lazarum
1497 489 1524 515 in
1538 487 1630 516 vitam.
1658 486 1745 520 Quem

960 536 1126 563 humanitate
1135 535 1241 563 esurire
1255 535 1385 570 sitireque
1405 533 1606 565 animadvertit,
1620 533 1746 561 eumdem

960 582 1105 609 divinitate
1120 582 1193 610 videt
1206 583 1326 617 quinque
1342 581 1457 617 panibus
1467 581 1588 616 quinque
1601 578 1747 606 hominum

960 628 1042 655 millia
1056 634 1188 655 saturare.
1214 627 1290 661 Quod
1325 627 1353 655 in
1367 631 1543 655 monumento
1571 625 1688 661 positum
1713 629 1744 650 ut

958 682 1057 708 corpus
1085 674 1234 701 humanum
1267 672 1375 708 aspicit,
1396 672 1423 700 id
1450 676 1480 699 ut
1503 671 1549 698 Dei
1578 678 1678 705 corpus
1706 669 1748 696 in-

960 720 1055 755 telligit
1071 719 1219 747 excitatum
1233 718 1267 746 ab
1280 717 1339 754 ipso
1359 715 1458 750 Verbo,
1470 716 1550 751 cujus
1559 721 1604 743 est
1616 715 1661 743 illa
1670 723 1746 742 caro.

995 812 1118 847 Agricola
1135 810 1244 846 quidem
1260 817 1275 838 a
1287 810 1342 838 vite
1351 809 1477 837 diversus
1490 813 1533 837 est
1545 807 1679 840 essentia;
1691 807 1749 843 pal-

963 858 1044 885 mites
1068 862 1158 884 autent
1170 857 1264 884 eadem
1288 855 1408 883 essentia
1430 863 1492 883 cum
1522 854 1578 882 vite
1608 849 1746 889 conjuncti

961 908 1034 936 sunt,
1043 909 1070 930 et
1084 903 1118 930 ab
1135 910 1165 930 ea
1180 902 1301 937 separari
1311 909 1366 929 non
1379 906 1503 936 possuntl
1519 905 1547 928 et
1559 900 1684 928 eumdem
1696 901 1749 927 ha-

960 949 1024 976 bent
1038 953 1126 975 ortum
1142 955 1203 975 eum
1219 947 1277 981 ipsa
1295 946 1360 974 vite.
1375 945 1516 978 Dominus,
1532 949 1562 973 ut
1573 950 1687 980 ipsemet
1698 946 1747 978 ait,

960 992 1024 1020 vitis
1038 996 1090 1025 est,
1121 995 1292 1024 nosrautem
1316 991 1452 1026 palmites,
1473 991 1495 1018 si
1524 991 1607 1026 igitur
1625 990 1747 1025 ejusdem

960 1038 1085 1065 essentia:
1099 1037 1240 1064 nobiscum
1259 1041 1299 1064 est
1312 1035 1406 1068 Filius,
1420 1041 1447 1063 et
1464 1036 1590 1063 eumdem
1607 1035 1749 1062 nobiscum

961 1088 1051 1110 ortum
1064 1083 1154 1114 habet,
1180 1083 1217 1110 sit
1247 1082 1283 1110 ob
1299 1082 1326 1110 id
1347 1083 1428 1110 etiam
1464 1081 1548 1109 Filius
1572 1081 1607 1109 ab
1632 1081 1749 1108 essentia

961 1129 1052 1156 Patris
1064 1129 1181 1160 alienus,
1200 1132 1230 1156 ut
1253 1128 1317 1156 vitis
1343 1128 1377 1156 ab
1398 1128 1525 1164 agricola.
1552 1127 1598 1154 Sin
1620 1126 1693 1153 aliud
1708 1131 1752 1153 est.

962 1173 1057 1205 Filius,
1092 1182 1173 1209 quam
1210 1181 1260 1201 nos
1296 1181 1402 1206 sumus,
1441 1178 1523 1208 atque
1554 1171 1600 1201 ille
1638 1171 1749 1207 quidem

962 1219 1080 1246 Verbum
1105 1224 1147 1247 est
1168 1218 1269 1251 Patris,
1293 1226 1342 1246 nos
1361 1224 1451 1246 autem
1476 1222 1506 1246 ut
1539 1217 1586 1245 ﬁlii
1628 1217 1712 1244 Adam
1734 1224 1750 1243 e

962 1270 1038 1292 terra
1050 1265 1111 1293 facti
1127 1273 1232 1298 sumus,
1266 1265 1368 1292 dictum
1387 1264 1453 1292 illud
1486 1264 1519 1290 ad
1543 1262 1645 1290 Christi
1682 1263 1750 1289 divi-

962 1312 1075 1339 nitatem
1089 1310 1264 1338 referendum
1279 1318 1335 1338 non
1351 1315 1403 1342 est,
1425 1310 1473 1337 sed
1488 1309 1522 1337 ad
1552 1309 1613 1343 ejus
1625 1307 1756 1335 humani»

963 1363 1121 1392 tatem.quo
1136 1356 1244 1392 quidem
1259 1361 1285 1384 et
1298 1359 1355 1391 ipse
1369 1357 1497 1383 Dominus
1524 1359 1671 1391 spectans:
1692 1353 1754 1390 Ego

966 1411 1034 1434 sum,
1052 1403 1148 1436 inquit.
1176 1402 1237 1430 vitis
1263 1407 1287 1429 et
1314 1409 1359 1429 vos
1389 1401 1522 1436 palmites.
1556 1401 1638 1428 Pater
1662 1406 1751 1426 autem

964 1448 1080 1483 agricola
1094 1449 1116 1474 ι.
1139 1447 1192 1475 Nos
1200 1447 1273 1474 enim
1292 1445 1407 1473 Domino
1419 1450 1531 1481 propter
1547 1444 1748 1472 humanitatem

964 1495 1023 1528 ejus
1046 1493 1207 1529 cognatione
1228 1493 1368 1527 conjuncti
1386 1500 1491 1519 sumus.
1522 1492 1705 1525 Quamobrem
1725 1494 1753 1518 et

130 1540 160 1565 τ’)
173 1540 344 1575 ἀνθρώπινον
359 1539 440 1565 αὐτοῦ
450 1539 591 1572 συγγενεῖς
606 1538 699 1572 ἐσμεν,
716 1537 763 1563 καὶ
777 1536 857 1567 αὐτὸς
870 1536 911 1562 διὰ

966 1540 1023 1575 ipse
1036 1549 1042 1566 :
1060 1539 1192 1572 Narrabo,
1204 1539 1302 1573 inquit,
1315 1546 1409 1565 nomen
1424 1543 1498 1565 tuum
1512 1537 1637 1572 fratribus
1655 1536 1718 1563 meis
1729 1536 1752 1563 '.

131 1586 206 1612 τοῦτο
220 1585 280 1613 εἷπε
293 1593 300 1600 ·
321 1585 500 1620 διηγήσομαι
518 1584 552 1611 τὸ
568 1584 661 1618 ὄνομά
675 1590 734 1610 σου
752 1582 814 1616 τοῖς
828 1582 916 1610 ἀδελ-

130 1632 195 1666 φοῖς
204 1641 274 1667 μου.
296 1632 326 1658 ⁸0
341 1632 367 1658 δὲ
383 1630 475 1666 Πατὴρ
487 1631 500 1657 6
510 1630 630 1666 γεωργός
641 1638 649 1645 ·
664 1629 744 1661 αὐτὸς
758 1628 812 1665 γὰρ
825 1628 918 1664 εῑργά-

132 1686 194 1705 emo
216 1679 261 1705 διὰ
288 1677 337 1704 τοῦ
363 1677 450 1711 Λόγου
477 1676 526 1712 τὴν
552 1675 690 1710 ἄμπελον,
715 1675 776 1710 ἥτις
800 1674 858 1701 ἐστὶ
886 1673 916 1700 τὸ

131 1716 270 1758 κυριακὸν
290 1723 381 1758 σῶμα.
397 1721 460 1758 Ἆρ’
478 1722 524 1749 οὖν
544 1722 581 1753 ὡς
597 1722 621 1748 οι
638 1720 816 1756 χριστομάχοι
834 1719 917 1755 θρυλ-

131 1769 205 1796 ὶοῦσι
222 1770 361 1801 Διονύσιος
374 1769 409 1795 τὰ
425 1768 582 1804 ἀνθρώπινα
593 1767 640 1794 τοῦ
657 1766 776 1802 Χριστοῦ
791 1766 915 1801 γράφων,

130 1816 175 1841 καὶ
190 1816 280 1850 λέγων
295 1815 376 1848 οὕτω,
387 1813 494 1849 ποίημα
507 1813 590 1840 αὑτὸν
606 1813 621 1849 ἢ
634 1813 681 1840 ἕνα
697 1813 751 1839 τῶν
765 1811 917 1846 ἀνθρώπων

130 1861 220 1894 ἔλεγεν
235 1860 323 1892 εῐναι;
337 1860 384 1886 καὶ
397 1860 450 1895 μὴν
463 1860 512 1895 οὐχ
523 1859 608 1890 οὕτως
619 1858 737 1894 ἔγραψεν
751 1858 780 1885 ὲν
793 1858 853 1888 ταῖς
868 1857 915 1884 ἀλ-

129 1907 186 1940 λαις
206 1907 383 1939 ἐπιστολαῖς,
404 1906 472 1933 ἀλλὰ
489 1906 535 1932 καὶ
549 1905 636 1939 ὀρθῶς
654 1905 759 1939 φρονῶν
779 1904 808 1930 ἐν
821 1904 916 1935 αὑταῖς

130 1953 263 1986 φαίνεται,
284 1954 332 1980 καὶ
347 1952 457 1979 δύναται
469 1951 502 1978 δι’
518 1951 608 1977 αὐτῶν
622 1951 718 1985 βοῆσαι
734 1950 804 1977 κατά
815 1949 916 1976 τούτων

129 2000 224 2033 λέγων,
236 2000 297 2025 Οὐκ
312 1999 370 2033 είμὶ
385 1998 434 2032 τῆς
448 1998 530 2031 αὐτῆς
547 1997 635 2032 δόξης,
650 1993 672 2023 ὦ
689 1995 827 2031 θεομάχοι,
845 1995 874 2022 οὐ
888 1996 916 2023 δὲ

129 2046 161 2072 τὰ
177 2045 302 2081 ἡμέτερα
314 2044 450 2079 πρόφασιν
471 2043 568 2079 Ἀρείῳ
581 2045 714 2078 ταρέσχεν
727 2043 765 2074 είς
778 2042 914 2074 ἀσέϐειαν,

127 2091 195 2118 ἀλλὰ
214 2091 285 2126 πρὸς
317 2090 462 2125 Ἀμμωνᾶν
478 2091 523 2115 καὶ
542 2088 702 2124 Εὐφράνορα
727 2087 770 2115 διὰ
784 2088 847 2120 τοὺς
866 2096 913 2114 σα-

127 2136 303 2169 6ελ).ίζοντας
321 2137 443 2171 γράφων,
458 2135 596 2171 ἐμνήσῢην
610 2136 656 2162 καὶ
664 2135 710 2161 τοῦ
725 2134 859 2170 γεωργοῦ,
871 2135 916 2161 καὶ

126 2184 175 2216 τῆς
189 2183 327 2218 ἀμπέλου,
341 2181 452 2209 καὶτῶν
465 2181 592 2208 τοιούτων
604 2181 690 2208 ἀλλων
704 2181 844 2216 ῥημάτων,
861 2180 913 2213 ἵνα,

966 1587 1046 1613 l’ater
1056 1591 1147 1613 autem
1164 1585 1280 1621 agricola
1299 1589 1351 1617 est,
1377 1584 1422 1619 qui
1440 1592 1489 1620 per
1503 1583 1623 1611 Verbum
1656 1583 1752 1614 vitem,

966 1634 1018 1661 hoc
1034 1637 1087 1666 est,
1106 1632 1212 1660 Domini
1229 1639 1329 1667 corpus
1355 1631 1419 1659 fecit
1433 1637 1461 1659 et
1475 1631 1570 1659 coluit.
1588 1631 1648 1658 Non
1671 1631 1754 1666 igitur

965 1688 998 1708 eo
1015 1687 1108 1712 sensu,
1125 1687 1178 1714 quo
1194 1680 1343 1714 praedicant
1355 1679 1449 1706 hostes
1463 1678 1578 1709 Christi,
1612 1677 1754 1712 Dionysius

966 1728 1090 1755 scribens
1105 1734 1137 1753 ea
1153 1734 1213 1762 qun
1225 1727 1258 1752 ad
1274 1725 1381 1753 Domini
1395 1724 1531 1760 pertinent
1542 1724 1755 1754 humanitatem.

965 1774 1043 1806 dixit,
1075 1777 1133 1800 tum
1173 1779 1236 1800 esse
1264 1772 1378 1802 factum.
1411 1776 1492 1804 atque
1517 1777 1601 1797 unum
1634 1777 1694 1796 esse
1721 1775 1753 1795 ex

966 1820 1130 1847 hominibus.
1146 1819 1223 1851 Quod
1248 1826 1280 1845 ex
1298 1817 1357 1845 aliis
1367 1817 1428 1852 ejus
1442 1816 1565 1851 epistolis
1593 1815 1679 1842 multo
1698 1814 1754 1841 cla-

965 1868 1022 1895 rius
1035 1870 1124 1902 potest
1140 1864 1264 1900 intclligi,
1280 1864 1306 1891 in
1325 1864 1425 1898 quibus
1450 1868 1505 1889 tam
1538 1865 1632 1895 aperte
1662 1859 1755 1887 decla-

966 1914 1046 1945 ravit,
1064 1919 1094 1940 se
1118 1916 1193 1939 recte
1208 1910 1322 1941 sentire,
1337 1913 1366 1937 ut
1376 1907 1581 1937 adversusillos
1594 1906 1668 1934 clara
1687 1912 1755 1934 voce

966 1960 1057 1988 dicere
1083 1958 1208 1986 videatur
1226 1965 1234 1985 :
1251 1957 1308 1992 Ego
1331 1955 1496 1983 sententiam
1539 1957 1657 1981 vestram
1698 1958 1756 1978 nou

967 2005 1064 2040 probo,
1081 2004 1128 2031 Dei
1145 2003 1248 2034 hostes,
1261 2008 1350 2036 neque
1360 2000 1460 2035 scripta
1474 2003 1567 2027 nostra
1583 1997 1754 2026 occasionem

967 2050 1041 2082 Ario,
1057 2053 1086 2077 ut
1102 2048 1184 2084 impie
1197 2047 1320 2078 sentiret,
1331 2046 1517 2081 praebuerunt.
1533 2042 1587 2071 Sed
1600 2043 1633 2070 ad
1645 2043 1757 2070 Ammo—

966 2104 1027 2124 nam
1046 2100 1072 2123 et
1091 2094 1298 2129 Euphranorem
1310 2091 1444 2122 scribens.
1463 2095 1493 2118 ut
1505 2097 1553 2118 eos
1581 2089 1627 2124 qui
1644 2086 1754 2116 Sabellii

966 2141 1086 2176 partibus
1098 2139 1239 2169 favebant.
1257 2137 1456 2172 impugnarem,
1472 2135 1597 2170 agricola:
1611 2138 1639 2161 et
1649 2132 1713 2160 vitis
1728 2138 1757 2161 et

966 2185 1094 2214 similium
1105 2185 1248 2211 verborum
1257 2183 1423 2210 mentionem
1433 2182 1494 2209 fecit
1505 2189 1558 2216 quo
1568 2181 1755 2207 demonstrata

127 2229 159 2254 τὰ
176 2216 339 2263 ἀνθρώπινα
358 2227 404 2254 τοῦ
421 2226 538 2262 Χριστοῦ
552 2226 651 2260 δείξας,
665 2225 752 2253 πείσω
774 2225 811 2261 μὴ
825 2226 911 2259 λέγειν

968 2230 1069 2258 Christi
1099 2229 1268 2256 humanitate
1283 2228 1472 2263 persuaderem
1505 2227 1556 2254 illis
1584 2233 1619 2253 ne
1649 2225 1758 2252 Patrem

126 2274 245 2306 ἐκείνους
257 2275 300 2301 ὃτι
310 2274 324 2298 ό
340 2273 433 2307 Πατήρ
443 2273 515 2299 ἐστιν
531 2271 695 2307 ὀγενόμενος
710 2271 860 2306 ἄνθρωπος.
875 2270 919 2302 Ὠς

127 2321 180 2355 γᾶρ
195 2322 209 2347 6
226 2321 353 2355 γεωργὸς
370 2321 419 2346 οὐκ
434 2319 507 2346 ἐστιν
523 2321 551 2345 ἐν
566 2320 599 2354 τῇ
619 2318 743 2353 ἀμπέλῳ,
761 2318 846 2349 οὕτως
869 2318 920 2344 οὐκ

126 2367 200 2393 ἐστιν
211 2368 241 2393 ὲν
252 2366 294 2401 τῷ
305 2365 411 2400 σώματι
424 2365 568 2400 γενόμενος
576 2366 589 2390 ό
598 2363 709 2400 Πατὴρ,
726 2363 783 2390 ἀλλ’
794 2365 808 2390 6
822 2364 917 2397 Λόγος.

127 2413 180 2438 Καὶ
189 2414 201 2438 ὁ
207 2413 297 2447 Λόγος
306 2413 334 2438 ἐν
343 2413 375 2447 τῇ
383 2411 497 2446 ἀμπέλῳ
505 2411 648 2445 γενόμενος
654 2409 795 2445 ἅνθρωπος
803 2409 918 2444 ἐκλήθη*

124 2458 249 2492 ἄμπελος
264 2458 295 2484 δὲ
309 2457 409 2492 ἐκλήθη
425 2457 438 2483 ό
453 2457 516 2487 Υίὺς
534 2456 576 2483 διὰ
591 2455 640 2491 τὴν
650 2455 715 2491 πρὸς
733 2455 767 2482 τὰ
781 2456 917 2490 κλήματα,

126 2503 199 2538 ἅπερ
232 2503 319 2537 ἐσμὲν
341 2503 431 2537 ἡμεῖς,
454 2501 613 2537 σωματικὴν
636 2501 805 2535 συγγένειαν.
827 2499 920 2535 Ταύτῃ

126 2549 175 2582 μὲν
188 2548 239 2575 οὖν
250 2549 286 2583 τῇ
303 2547 407 2583 διανοίᾳ
422 2546 470 2582 τὴν
483 2547 550 2582 πρὸς
565 2546 737 2581 Εὐφράνορα,
749 2545 794 2571 καὶ
808 2544 920 2578 ’Λμμω-

125 2595 174 2620 »ἄν
194 2594 309 2629 ἔγραψα
325 2593 479 2627 ἐπιστολὴν,
494 2592 562 2627 πρὸς
577 2591 604 2618 δὲ
623 2593 672 2626 τὴν
685 2590 762 2626 ὑμῶν
782 2590 919 2618 ἀναίδειαν

123 2641 173 2671 τὰς
189 2641 295 2676 ἑτέρας
309 2639 451 2670 ἐπιστολὰς
466 2639 514 2670 τὰς
529 2638 592 2673 παρ’
609 2636 675 2673 ἐμοῦ
691 2636 842 2672 γραφείσας
855 2637 920 2662 ἁνα-

122 2686 233 2721 τίοημι,
255 2685 302 2712 ἵνα
317 2685 363 2712 καὶ
380 2685 446 2719 περὶ
462 2684 512 2719 τῆς
535 2683 688 2718 ἐπιστολῆς,
718 2681 752 2719 ἦς
768 2683 917 2718 omnem,

124 2732 231 2765 γνῶσιν
245 2732 272 2758 οἱ
290 2731 416 2766 φρόνιμοι
430 2729 479 2765 τὴν
493 2731 522 2756 ὲν
537 2730 626 2760 αὐτοῖς
640 2728 796 2762 ἀπολογίαν,
810 2728 855 2754 καὶ
868 2728 916 2762 τῆς

122 2777 151 2802 ὲν
168 2776 286 2812 Χριστῷ
306 2777 422 2808 πίστεως
437 2776 486 2810 τὴν
502 2775 584 2810 ὀρθήν
602 2783 651 2809 μου
668 2774 808 2810 φρόνησιν.

154 2874 162 2888 ¹
180 2874 264 2901 Joan.
284 2880 325 2906 xv,
341 2874 366 2900 5.
405 2874 415 2888 ¹
429 2872 498 2899 Psul.
517 2880 560 2901 xx,
578 2871 620 2898 ‘25.

970 2277 1071 2303 luctum
1094 2282 1153 2302 esse
1175 2274 1324 2304 hominem,
1346 2273 1500 2300 crederent.
1520 2270 1754 2304 Quemadmodum

970 2321 1042 2348 enim
1051 2319 1166 2355 agricola
1175 2326 1229 2346 non
1240 2323 1281 2346 est
1294 2318 1321 2345 in
1333 2317 1396 2350 vite,
1407 2317 1445 2344 sic
1455 2325 1504 2344 nec
1513 2317 1593 2343 Pater
1602 2320 1644 2343 est
1656 2315 1684 2342 in
1695 2323 1757 2343 cor-

969 2373 1035 2401 pore
1042 2365 1129 2393 l'actus
1137 2365 1229 2396 homo,
1238 2363 1286 2391 sed
1295 2361 1414 2390 Verbum
1420 2383 1426 2389 .
1436 2362 1513 2395 Quod
1520 2361 1630 2396 quidem
1637 2361 1759 2389 Verbum

971 2412 997 2439 in
1015 2412 1070 2439 vite
1082 2410 1183 2438 factum
1200 2410 1281 2437 homo
1299 2415 1411 2437 vocatus
1424 2413 1477 2436 est.
1500 2408 1585 2436 Filius
1596 2414 1660 2443 ergo
1676 2413 1759 2435 voca-

971 2463 1013 2484 tus
1040 2461 1080 2484 est
1106 2456 1169 2483 vitis
1188 2460 1298 2491 propter
1319 2463 1478 2490 corpoream
1493 2454 1759 2490 cognationem,qua

971 2511 1032 2530 cum
1063 2501 1231 2537 palmitibus,
1252 2501 1298 2537 qui
1315 2509 1366 2529 nos
1401 2509 1505 2534 sumus,
1534 2500 1678 2528 devinctus
1703 2503 1757 2526 est.

971 2548 1015 2576 Sic
1028 2556 1078 2584 ego
1094 2548 1167 2576 sensi
1183 2549 1210 2575 in
1228 2548 1355 2582 epistola,
1384 2555 1466 2583 quam
1491 2546 1525 2573 ad
1549 2545 1756 2581 Euphranorem

971 2600 998 2622 et
1025 2595 1188 2622 Ammonam
1205 2594 1313 2629 scripsi.
1330 2593 1396 2621 Nam
1419 2593 1492 2628 quod
1512 2592 1545 2620 ad
1562 2591 1758 2627 impudentiam

973 2645 1090 2668 vestram
1113 2640 1222 2672 attinet.
1244 2644 1357 2667 caeteras
1385 2647 1459 2667 meas
1478 2638 1626 2675 proferam,
1657 2641 1687 2664 ut
1719 2643 1754 2663 ex

970 2685 1016 2716 iis.
1032 2685 1171 2719 quomodo
1193 2692 1307 2720 purgem
1333 2692 1377 2712 me
1402 2685 1429 2711 in
1451 2692 1484 2711 en
1506 2684 1578 2718 quod
1600 2686 1695 2710 contra
1711 2686 1758 2707 me

968 2735 1080 2765 propter
1092 2730 1164 2757 illam
1175 2730 1316 2765 epistolam
1326 2729 1493 2765 divulgastis,
1506 2728 1653 2758 prudentes
1669 2723 1757 2766 homi'

969 2783 1017 2802 nes
1045 2775 1197 2811 intelligant
1217 2780 1244 2801 et
1262 2779 1362 2802 rectam
1393 2783 1479 2802 meam
1496 2773 1556 2801 ﬁdei
1571 2773 1598 2800 in
1616 2771 1757 2800 Christum

973 2821 1132 2848 sententiam
1161 2825 1319 2855 agnoscant.
