1902 3078
153 165 208 198 [99

789 170 978 200 EUTHYMII
999 164 1182 202 ZlGABE‘NI

1724 171 1774 202 500

149 226 216 253 Item
228 225 351 251 adversus
369 225 480 263 Arianae
497 231 520 252 et
531 226 729 263 ΔΕιιη-ιῃιιίαιιιη.
755 227 844 263 Magni
858 228 931 255 Βαεί·

990 227 1141 263 Ἕτιγκατὰ
1164 227 1319 263 ’λρειίινῶν
1335 235 1365 254 τε
1379 227 1429 263 au)
1445 227 1638 261 Εὑνομιανῶν
1655 229 1709 255 τοῦ
1723 239 1774 263 με-

395 260 436 292 lt'i.
451 269 483 287 ea;
495 261 579 294 primo
592 261 669 290 libro.

184 356 250 384 Rem
261 357 448 392 expendentes
464 358 631 390 invenimus,
650 365 700 386 nos
722 358 834 394 ingeniti
845 360 935 386 notio-

147 411 210 429 unm
224 403 332 438 assequi
342 411 397 430 non
411 411 443 431 ex
463 411 495 431 ea
507 404 667 439 quaestione,
682 413 734 440 qua
748 405 814 440 quid
828 405 872 436 sit,
886 405 934 432 sed

146 457 179 475 ex
193 449 248 480 illa,
264 457 317 484 qua
332 450 468 484 quomodo
486 450 533 482 sit,
549 451 717 485 indagamus.
734 451 848 478 Animus
862 451 934 478 enim

147 500 242 522 noster
249 496 405 530 exquirens,
419 501 510 523 utrum
521 495 602 530 Deus,
616 498 661 531 qui
677 505 758 532 supra
781 497 874 524 omnia
882 502 933 530 est,

148 541 264 575 aliquam
285 549 367 576 supra
391 550 420 569 se
437 550 548 569 causam
573 543 680 575 haheat,
695 551 757 570 cum
780 543 935 578 excogitare

149 587 249 614 nullam
269 588 365 622 possit,
389 588 456 615 illud
487 589 573 623 ipsius
602 590 665 616 vitae
695 589 858 624 principium
878 598 934 617 nou

149 633 252 661 habens
267 634 417 669 ingenitum
434 635 561 669 appellat.
590 636 710 663 Utenim
738 644 800 663 cum
823 637 857 664 de
886 638 934 664 ho-

148 679 267 706 minibus
282 680 423 712 loquentes
445 680 519 707 hunc
548 689 581 708 ex
609 681 655 709 illo
681 687 774 709 natum
802 683 931 715 dicimus,

147 734 201 752 non
219 725 282 760 quid
307 725 351 752 ille
369 726 415 759 sit,
434 727 481 754 sed
498 727 569 754 unde
589 733 666 756 ortus.
682 727 728 759 sit.
757 729 931 763 exponimus,

147 771 186 798 sic
207 779 269 798 cum
288 771 438 806 ingenitum
469 780 598 801 vocamus
624 773 708 800 Deum
722 795 729 807 ,
750 783 782 801 ex
801 782 868 802 voce
880 783 934 802 non

147 817 210 850 quid
241 816 313 845 Deus
338 818 383 850 sit,
396 818 445 845 sed
465 826 527 845 eum
552 819 652 846 anullo
663 827 723 847 esse
745 820 931 847 declaramus.

148 862 193 889 Sic
208 867 299 891 autem
318 864 343 891 id
359 864 431 899 quod
441 863 501 892 dico
514 864 621 899 planius
638 865 693 892 ﬁet.
711 865 799 893 Lucas
813 874 931 901 evange-

148 909 208 936 lista
231 908 278 938 Dei
294 914 322 938 et
337 911 492 939 Servatoris
518 912 605 939 nostri
627 912 691 940 .lesu
709 912 810 940 Christi
835 921 933 949 genea-

146 955 243 990 logiam
271 957 361 984 carnis
386 965 538 992 exponens,
555 959 629 986 etab
655 959 757 986 ultimis
771 960 804 988 ad
831 961 933 995 primos

148 1001 324 1037 progrediens
339 1002 447 1029 initium
465 1003 581 1038 sumpsit
600 1011 615 1030 a
632 1003 744 1039 Joseph,
760 1010 789 1031 et
800 1005 875 1032 hunc
891 1006 932 1032 Eli

146 1047 233 1075 ﬁlium
254 1048 358 1080 dicens,
386 1049 426 1076 Eli
440 1054 531 1076 autem
550 1049 634 1076 ﬁlium
649 1049 779 1083 lllattlian,
795 1055 876 1085 atque
896 1051 930 1077 ita

146 1092 275 1128 deinceps
295 1093 417 1129 singulos
441 1101 587 1121 recensens
597 1094 629 1121 ad
646 1095 731 1122 Adam
748 1096 932 1123 narrationem

146 1138 270 1165 deduxit.
298 1138 350 1166 Sed
366 1147 427 1166 cum
446 1139 479 1166 ad
495 1147 638 1174 supremos
653 1141 833 1174 pervenisset,
851 1140 931 1173 Seih,

147 1184 284 1218 inquiens,
297 1191 330 1211 ex
347 1185 442 1216 Adam.
454 1185 539 1212 Adam
556 1190 648 1212 autem
665 1193 699 1213 ex
716 1186 782 1218 Deo,
797 1185 862 1213 fecit
879 1195 931 1214 nu-

147 1229 270 1257 lucrandi
295 1230 388 1257 ﬁnem.
412 1230 506 1265 Neque
528 1238 592 1258 vero
618 1232 644 1257 in
660 1239 690 1258 ea
707 1232 840 1266 cujusque
855 1236 932 1260 ortus

147 1276 329 1310 explicatione
345 1281 457 1304 naturas
481 1284 575 1304 eorum
592 1284 660 1311 quos
683 1282 867 1309 recensuerat,
886 1285 932 1304 os-

146 1320 245 1354 tendit,
272 1321 320 1348 sed
344 1322 490 1355 conjuncta
514 1323 660 1358 principia,
681 1331 714 1349 ex
737 1331 791 1357 quo
817 1323 932 1357 quisque

145 1370 225 1404 natus
253 1371 325 1393 esset
353 1369 488 1401 exposuit.
515 1368 749 1400 Quemadmodum
774 1369 855 1404 igitur
886 1370 931 1396 ille

145 1402 225 1445 dix'it,
241 1413 327 1440 Adam
345 1421 377 1440 ex
405 1413 470 1445 Deo,
492 1414 528 1441 ita
549 1419 656 1442 nosmet
673 1415 695 1442 si
714 1422 729 1442 a
744 1415 823 1442 nobis
834 1415 930 1449 exqui-

144 1466 249 1490 ramus,
277 1458 349 1486 Deus
367 1464 457 1486 autem
481 1468 512 1486 ex
528 1460 606 1494 quo?
630 1467 722 1487 nonne
747 1460 775 1486 in
797 1460 930 1494 cujusque

146 1504 311 1538 cogitatione
342 1512 499 1540 promptum
533 1506 598 1533 illud
624 1507 688 1538 erit,
718 1514 752 1533 ex
777 1506 929 1533 nullo?Ex

146 1549 222 1577 nullo
238 1554 330 1577 autem
349 1550 414 1584 quid
433 1551 504 1577 aliud
521 1551 668 1585 signiﬁcat,
688 1551 741 1578 nisi
759 1559 814 1577 non
831 1551 931 1578 habere

146 1595 323 1630 principium,
341 1601 368 1624 et
382 1604 435 1624 non
453 1596 554 1624 habere
569 1596 746 1631 principium,
766 1596 831 1630 quid
845 1596 930 1628 aliud,

147 1641 198 1667 nisi
214 1641 365 1677 ingenitum
382 1642 463 1669 esse?
491 1641 526 1669 Ut
541 1641 624 1677 igitur
640 1642 666 1669 in
684 1640 853 1674 hominibus,
869 1650 930 1669 cum

149 1685 194 1712 hic
218 1694 251 1712 ex
274 1686 320 1713 illo
341 1692 420 1714 natus
444 1687 593 1718 diceretur.
611 1694 666 1714 non
691 1694 785 1713 eorum
814 1688 931 1714 essentia

146 1731 350 1764 declarabatur,
376 1733 415 1760 sic
431 1741 492 1760 cum
517 1733 550 1760 de
562 1733 683 1760 omnium
706 1733 762 1760 Deo
781 1734 930 1768 ingenitum

147 1777 273 1811 dicimus,
289 1779 360 1813 quod
375 1779 489 1814 perinde
505 1783 547 1806 est
561 1786 592 1807 ac
605 1779 627 1808 si
645 1787 676 1806 ex
692 1779 767 1806 nullo
780 1779 930 1813 diceretur,

146 1830 199 1849 non
213 1824 273 1858 ejus
286 1825 433 1852 essentiam
442 1825 623 1857 ostendimus;
636 1825 691 1860 jam
700 1825 746 1859 qui
761 1825 788 1852 in
802 1826 931 1860 principio

146 1877 247 1902 carere,
275 1871 423 1898 essentiam
447 1878 508 1898 esse
533 1871 609 1903 dicit,
635 1871 760 1898 similiter
774 1871 849 1904 facit,
866 1873 930 1899 utsi

146 1915 208 1950 quis
231 1916 412 1952 interrogatus
425 1925 550 1951 quaenam
566 1917 601 1944 sit
615 1917 698 1944 Adam
718 1918 837 1944 essentia
851 1922 931 1952 atque

147 1964 256 1992 natura,
291 1960 457 1994 respondeat
482 1968 536 1988 non
562 1968 595 1988 ex
618 1960 739 1987 hominis
771 1965 798 1987 et
823 1961 931 1987 iemime

147 2006 338 2033 commistione
351 2011 444 2033 natum
457 2014 528 2038 esse,
546 2006 593 2034 sed
608 2014 686 2033 manu
701 2006 794 2034 divina
825 2007 928 2034 forma-

148 2057 218 2078 tum.
247 2051 327 2079 Tunc
354 2052 427 2079 enim
455 2052 510 2083 ille,
542 2053 588 2087 qui
619 2053 797 2088 interrogavit
826 2062 833 2080 :
868 2053 929 2080 Non

147 2105 251 2134 quzero,
267 2098 382 2132 inquiet,
405 2098 540 2132 quomodo
567 2099 711 2131 exstiterit,
727 2099 774 2126 sed
789 2107 848 2134 quae
865 2100 930 2126 sub-

145 2145 219 2176 jecta
236 2143 323 2177 ipsius
337 2144 450 2170 materia
467 2143 559 2175 fuerit,
574 2144 647 2178 quod
665 2145 779 2171 multum
796 2145 883 2177 abest,
900 2152 930 2171 ut

146 2196 180 2214 ex
203 2189 383 2223 responsione
408 2194 453 2216 tua
479 2190 606 2225 colligere
626 2190 739 2217 valeam.
761 2190 834 2218 Idem
852 2191 930 2217 nobis

146 2242 180 2261 ex
205 2235 256 2261 huc
280 2241 347 2262 voce
367 2234 499 2269 ingenitus
513 2256 520 2268 ,
542 2236 686 2271 contingit.
713 2236 750 2263 Ex
767 2244 798 2263 ea
813 2242 930 2271 namque
948 2227 968 2253 D

146 2279 282 2314 quomodo
296 2281 332 2307 sit
345 2281 446 2314 potius,
464 2289 545 2316 quam
573 2282 631 2315 ejus
652 2286 777 2309 naturam
793 2282 932 2310 discimus.

150 2326 234 2353 Video
258 2326 332 2353 enim
355 2334 418 2358 nos,
433 2327 664 2361 quemadmodum
689 2327 712 2354 si
725 2328 825 2355 mentis
848 2329 933 2355 aciem

146 2371 179 2397 ad
196 2373 309 2397 ventura
324 2370 421 2398 saecula
441 2371 600 2405 dirigamus,
619 2371 702 2398 vitam
723 2379 782 2405 quae
794 2372 867 2399 nullo
882 2372 934 2399 (ine

146 2410 288 2442 terminata
303 2415 347 2448 sit,
362 2415 493 2442 inﬁnitam
502 2415 629 2449 dicimus,
646 2416 684 2442 ita
693 2415 715 2443 si
730 2416 892 2451 cogitatione
901 2417 933 2444 ad

147 2461 289 2496 superiora
301 2461 398 2488 saecula
412 2461 637 2494 conscendamus,
650 2467 677 2488 et
691 2462 853 2489 inﬁnitatem
870 2463 931 2490 vita:

148 2507 196 2534 Dei
214 2513 343 2542 tanquam
360 2508 524 2535 immensum
540 2508 677 2542 quoddam
695 2508 805 2544 pelagus
823 2509 932 2536 intuen—

149 2558 201 2585 les,
217 2552 323 2579 nullum
335 2552 511 2587 principium,
523 2560 556 2580 ex
570 2561 623 2588 quo
637 2561 698 2580 esse
713 2553 840 2587 coeperit,
856 2561 934 2587 repe-

148 2600 203 2627 rire
224 2601 371 2635 possimus,
386 2600 433 2628 sed
461 2601 507 2627 Dei
524 2601 606 2628 vitam
626 2603 703 2628 ultra
718 2608 800 2635 quam
824 2600 935 2636 cogitari

148 2647 245 2680 possit,
261 2654 368 2682 semper
387 2647 565 2674 excedentem
586 2646 848 2678 animadvertamus,
870 2645 935 2673 illud

148 2694 234 2727 ipsius
249 2693 311 2720 vitae
340 2693 475 2728 principio
489 2700 590 2720 vacans
605 2693 758 2728 ingenitum
782 2690 933 2726 appellare.

147 2739 185 2767 Ea
201 2739 273 2766 enim
289 2738 402 2775 ingeniti
419 2739 461 2766 vis
476 2745 529 2772 est,
548 2744 578 2767 ut
591 2747 624 2767 ex
650 2739 725 2767 nullo
740 2737 874 2773 signiﬁcet
889 2737 935 2764 ha-

146 2784 214 2814 bere
228 2785 392 2821 principium
406 2785 567 2815 exsistendi.

1022 262 1117 295 γάλου
1129 261 1288 298 Dacus/oo
1298 262 1330 287 ἐκ
1339 261 1392 298 τοῦ
1403 263 1519 295 πρώτου
1529 263 1622 297 λόγου
1634 263 1695 290 τῶν
1702 261 1774 298 πρὸς

1022 298 1172 331 Εὐνόμιον
1186 296 1411 330 ἁντιρῤητικῶν.

1023 363 1195 399 Εὐρίσχομεν
1208 364 1390 399 λογιζόμενοι,
1402 365 1443 392 ὅτι
1453 365 1502 391 οὐκ
1517 366 1546 390 ὲν
1557 367 1589 401 τῇ
1600 365 1647 392 τοῦ
1663 367 1690 393 τι
1703 367 1748 393 ἐστ
1761 375 1773 392 ν

986 410 1162 444 ἁνερευνήσει
1178 411 1194 445 ή
1214 410 1261 436 τοῦ
1280 411 1425 446 ἀγεννὴτου
1442 412 1507 445 ἡμῖν
1517 411 1605 438 ἔννοια
1617 413 1771 444 ὑποπίπτει,

986 455 1054 481 ἀλλὰ
1081 456 1181 489 μᾶλλον
1197 457 1225 482 ὲν
1243 457 1276 491 τῇ
1299 456 1345 482 τοῦ
1360 457 1427 491 ὅπερ
1449 457 1531 484 ἐστίν.
1556 457 1705 489 Ἐξετάζων
1722 458 1773 491 γὰρ

985 500 1063 535 ἡμῶν
1078 502 1090 526 ὁ
1103 501 1174 533 νοῦς,
1186 502 1209 528 εί
1220 503 1234 528 ὁ
1248 502 1295 528 ἐπὶ
1306 502 1414 528 πάντων
1425 502 1489 532 Θεὸς
1502 502 1599 529 ἑαυτοῦ
1609 511 1671 529 τινα
1685 503 1772 529 αἰτίαν

985 546 1186 581 ὑπερκειμένην
1201 548 1268 582 ἔχει,
1285 545 1345 574 εἶτα
1360 548 1390 574 οὐ
1409 548 1555 581 δυνάμενος
1568 549 1685 574 ἐπινοεῖν
1699 549 1772 574 οὐδε-

986 591 1060 625 μίαν,
1076 592 1106 618 τὸ
1122 593 1238 627 ἄναρχον
1255 593 1305 627 τῆς
1320 593 1402 619 αὐτοῦ
1419 592 1502 627 ζωῆς
1519 594 1664 628 ἀγέννητον
1691 601 1773 628 προσ-

983 637 1142 670 ηγόρευσεν,
1156 638 1200 669 Ὧς
1210 638 1263 672 γὰρ
1272 639 1300 664 ὲν
1311 639 1365 669 τοῖς
1378 639 1442 673 περὶ
1450 639 1504 664 τῶν
1514 639 1665 672 ἀνθρώπων
1674 639 1773 673 λόγοις,

985 679 1048 706 ὅταν
1066 680 1200 716 λέγωμεν,
1219 681 1258 708 ὅτι
1273 683 1286 707 ὁ
1300 682 1375 708 δεῖνα
1390 683 1421 708 ὲκ
1433 682 1509 709 τοῦδε
1523 684 1644 716 γέγονεν,
1659 684 1690 709 οὐ
1705 684 1735 709 τὸ
1747 683 1773 709 τί

983 726 1056 753 ἔστιν
1075 728 1201 758 ἑκάστου,
1217 727 1284 753 ἀλλὰ
1293 727 1323 754 τὸ
1333 728 1394 754 ὅθεν
1407 728 1502 761 γέγονε
1514 728 1692 762 διηγούμεθα,
1703 729 1772 755 οὕτω

984 773 1030 799 καὶ
1052 773 1081 799 ὲν
1100 773 1156 804 τοῖς
1177 774 1241 808 περὶ
1255 773 1322 799 Θεοῦ
1346 774 1362 808 ὴ
1382 774 1528 808 ἀγέννητος
1548 775 1622 808 φωνὴ
1637 775 1666 800 οὐ
1687 775 1715 800 τὸ
1737 775 1772 804 τί.

984 819 1050 844 ἀλλὰ
1065 818 1094 844 τὸ
1108 818 1266 852 μηδαμόθεν
1279 814 1361 845 αὑτοῦ
1374 819 1512 853 σημαίνει.
1526 819 1631 846 Οὑτωσὶ
1645 820 1667 845 δ’
1681 819 1714 846 ἂν
1729 828 1774 846 σα-

985 864 1125 898 φέστερον,
1142 865 1156 891 ὖ
1169 865 1249 899 λέγω,
1269 867 1384 899 γένοιτο.
1404 865 1433 892 '0
1453 865 1646 900 εὐαγγελιστὴς
1662 866 1771 896 Λουκᾶς

983 909 1032 945 τὴν
1049 910 1119 937 κατὰ
1136 910 1224 945 σάρκα
1239 912 1414 945 γενεαλογίαν
1432 911 1479 938 τοῦ
1496 911 1564 938 Θεοῦ
1585 912 1630 938 καὶ
1646 912 1774 947 Σωτῆρος

983 956 1062 991 ἡμῶν
1095 956 1182 991 Ἰησοῦ
1210 956 1326 991 Χριστοῦ
1352 957 1542 992 ἐκτιθέμενος,
1568 958 1615 983 καὶ
1642 958 1696 984 ἀπὸ
1721 957 1774 983 τῶν

983 1001 1144 1029 τελευταίων
1163 1003 1208 1028 ἐπὶ
1233 1004 1295 1034 τοὺς
1314 1003 1440 1038 πρώτους
1467 1003 1652 1035 ἀναποδίζων,
1673 1004 1774 1038 ἤρξατο

985 1047 1034 1082 μὲν
1050 1047 1102 1074 ἀπὸ
1118 1048 1165 1074 τοῦ
1187 1047 1295 1083 Ἰωσὴφ,
1308 1049 1392 1074 εἰπὼν
1406 1049 1434 1074 δὲ
1448 1048 1543 1075 τοῦτον
1560 1049 1608 1083 μὲν
1627 1048 1674 1074 τοῦ
1702 1049 1772 1079 Ἠλὶ,

982 1093 1028 1118 τὸν
1049 1093 1077 1119 δὲ
1094 1093 1140 1119 τοῦ
1163 1093 1286 1126 Ματθᾶν,
1307 1094 1355 1120 καὶ
1377 1093 1448 1120 οὕτω
1471 1094 1540 1120 κατὰ
1557 1094 1685 1120 ἀνάλυσιν
1706 1094 1773 1128 πρὸς

984 1138 1030 1165 τὸν
1057 1139 1140 1173 ’Λδὰμ
1160 1140 1209 1173 τὴν
1227 1140 1358 1174 ἐξήγησιν
1377 1139 1530 1173 ἐπανάγων,
1548 1137 1608 1167 εἶτα
1623 1140 1708 1166 ἐλθὼν
1727 1140 1774 1165 ἐπὶ

984 1185 1046 1215 τοὺς
1064 1184 1130 1217 ἄνω,
1148 1185 1194 1210 καὶ
1211 1184 1308 1216 είπὼν,
1326 1186 1367 1212 ὅτι
1383 1187 1397 1212 ὁ
1411 1186 1464 1219 Σὴθ
1483 1187 1514 1212 ὲκ
1530 1186 1576 1211 τοῦ
1600 1186 1696 1218 Ἀδὰμ,
1713 1187 1726 1211 ὁ
1744 1186 1774 1211 δὲ

984 1231 1056 1265 ἀδὰμ
1070 1232 1102 1257 ὲκ
1122 1231 1168 1256 τοῦ
1184 1230 1250 1257 Θεοῦ
1262 1251 1269 1263 ,
1290 1231 1407 1258 ἐνταῦθα
1425 1232 1474 1266 τῆς
1487 1232 1643 1262 ἀναϐάσεως
1659 1231 1771 1264 ἔληξεν,

982 1275 1041 1310 οὐχὶ
1054 1276 1102 1306 τὰς
1115 1275 1208 1308 οὐσίας
1219 1276 1272 1303 τῶν
1283 1277 1428 1311 ἁπηριθμη
1436 1276 1524 1311 μένων
1538 1277 1623 1311 δηλῶν
1635 1278 1662 1303 ὲν
1674 1279 1705 1312 τῇ
1717 1278 1773 1311 διη-

982 1321 1062 1355 γήσει
1076 1320 1125 1354 τῆς
1141 1320 1256 1346 ἑκάστου
1271 1321 1413 1354 γενέσεως,
1429 1322 1497 1348 ἀλλὰ
1511 1321 1560 1352 τὰς
1574 1323 1715 1356 προσεχεῖς
1726 1323 1774 1356 ἁρ-

984 1366 1052 1400 χὰς,
1072 1366 1117 1400 ἀφ’
1134 1364 1167 1401 ἦς
1185 1366 1297 1398 ἕκαστος
1317 1367 1438 1401 γέγονεν,
1460 1368 1646 1402 ἐκτιθέμενος.
1666 1368 1773 1401 Ὠσπερ

984 1409 1031 1437 οὖν
1042 1412 1144 1442 ἐκεῖνος
1158 1410 1244 1443 εἶπεν,
1257 1411 1298 1438 ὅτι
1311 1411 1396 1446 ’Δδὰμ
1408 1413 1439 1438 ὲκ
1450 1412 1496 1438 τοῦ
1509 1411 1586 1442 Θεοῦ,
1598 1411 1683 1442 οὓτως
1694 1412 1773 1445 ἡμεῖς

982 1457 1092 1487 ἑαυτοὺς
1120 1458 1312 1492 ὲρωτήσωμεν,
1341 1458 1370 1483 ’0
1390 1458 1417 1484 δὲ
1441 1456 1507 1488 Θεὸς
1529 1458 1560 1483 ὲκ
1585 1457 1675 1489 τίνος;
1699 1455 1773 1492 Ἀρι

983 1503 1044 1536 οὐχὶ
1070 1503 1216 1537 πρόχειρόν
1239 1504 1313 1529 ἐστιν
1337 1504 1365 1530 ὲν
1392 1505 1423 1538 τῇ
1453 1503 1566 1530 ἑκάστου
1593 1503 1709 1537 διανοῖᾳ,
1732 1503 1773 1530 ὅτι

982 1549 1010 1582 ἐξ
1027 1549 1147 1582 οὺδενός;
1165 1549 1200 1575 Τδ
1217 1549 1244 1575 δὲ
1263 1549 1292 1582 ἐξ
1309 1549 1415 1580 οὐδενος
1430 1549 1460 1576 τὸ
1474 1549 1591 1584 ἄναρχον
1605 1550 1662 1575 ἐστι
1678 1549 1756 1583 δηλον

981 1595 1038 1621 ότι·
1055 1595 1085 1621 τὸ
1101 1595 1128 1621 δὲ
1145 1595 1262 1630 ἄναρχον
1275 1595 1304 1620 τὸ
1317 1595 1474 1630 ἀγέννητον.
1495 1595 1538 1626 Ὠς
1550 1593 1595 1622 οῦν
1610 1595 1655 1621 ἐπὶ
1668 1595 1771 1630 ἀνθρώ-

982 1649 1040 1667 πων
1066 1641 1115 1667 οὐκ
1131 1639 1165 1676 ἧν
1176 1641 1254 1667 οὐσία
1270 1641 1298 1667 τὸ
1324 1641 1356 1668 ἐκ
1368 1649 1449 1673 τινος,
1470 1641 1554 1672 οὕτως
1574 1641 1634 1667 οὐδὲ
1659 1640 1706 1667 ἐπὶ
1725 1641 1772 1668 τοῦ

982 1687 1049 1713 Θεοῦ
1062 1687 1117 1714 τῶν
1130 1687 1198 1714 ὅλων
1207 1686 1301 1713 οὐσίαν
1316 1687 1389 1712 ἐστὶν
1398 1687 1485 1713 εἰπεῖν
1497 1687 1527 1712 τὸ
1538 1687 1772 1722 ἀγέννητον.ὃπερ

983 1733 1040 1760 τσον
1058 1733 1116 1758 ἐστὶ
1132 1732 1171 1767 τῷ
1186 1734 1215 1765 ἐξ
1232 1732 1348 1764 οὐδενός.
1370 1731 1398 1762 ζο
1411 1732 1439 1758 δὲ
1454 1732 1484 1758 τὸ
1497 1732 1614 1767 ἄναρχον
1629 1732 1722 1759 οὐσίαν
1734 1730 1774 1758 εἷ-

981 1786 1024 1804 ναι
1038 1778 1328 1814 λέγων-παραπλήσιον
1346 1779 1426 1811 ποιεῖ,
1443 1778 1536 1813 ὥσπερ
1553 1779 1585 1806 ἂν
1602 1779 1628 1805 εἴ
1643 1779 1685 1810 τίς
1703 1780 1772 1814 ἐρω-

980 1823 1103 1857 τώμενος
1120 1824 1161 1855 τίς
1183 1825 1199 1859 ἡ
1221 1824 1267 1852 τοῦ
1297 1825 1383 1859 Ἀδὰμ
1405 1825 1493 1856 οὐσία,
1517 1824 1563 1851 καὶ
1586 1825 1630 1856 τίς
1651 1825 1668 1859 ἡ
1691 1825 1773 1858 φύσις

982 1869 1072 1903 αὑτῷ;
1097 1868 1127 1895 Ὀ
1144 1869 1171 1894 δὲ
1187 1869 1360 1904 ἀποκρίνοιτο
1377 1869 1406 1895 τὸ
1424 1868 1461 1903 μὴ
1479 1870 1509 1894 ὲκ
1526 1869 1697 1903 συνδυασμοῦ
1722 1870 1772 1896 ἁν-

981 1913 1043 1948 δρὺς
1065 1914 1112 1940 καὶ
1131 1913 1269 1947 γυναικὸς,
1295 1913 1351 1940 ἀλλ’
1378 1914 1410 1939 ὲκ
1432 1914 1479 1948 τῆς
1505 1913 1578 1944 θείας
1600 1914 1690 1950 χειρὸς
1715 1914 1773 1942 δια-

981 1959 1146 1994 πλασθῆναι.
1168 1958 1238 1985 Ἀλλ’
1251 1959 1310 1993 οὐχὶ
1324 1959 1422 1993 τρόπον
1434 1960 1482 1992 τῆς
1498 1959 1671 1991 ὑποστάσεως
1685 1960 1771 1994 ζητῶ,

982 2004 1094 2038 φήσειεν
1111 2003 1145 2029 ἄν
1158 2012 1212 2035 τις,
1229 2003 1287 2029 ἀλλ’
1305 2002 1388 2029 αὑτοῦ
1407 2003 1454 2028 τοῦ
1471 2001 1614 2037 ἀνθρώπου
1630 2003 1659 2028 τὸ
1679 2003 1771 2029 ὑλικὸν

982 2048 1164 2082 ὑποκείμενον
1175 2068 1182 2080 ,
1201 2047 1215 2073 ὃ
1230 2047 1328 2073 πολλοῦ
1343 2047 1395 2073 δέω
1413 2046 1559 2081 μανθάνειν
1576 2047 1620 2072 διὰ
1636 2046 1686 2080 τῆς
1703 2048 1772 2073 ἀπο-

980 2094 1105 2128 κρίσεως.
1130 2093 1214 2120 Τοῦτο
1231 2093 1260 2119 δὲ
1277 2093 1323 2119 καὶ
1343 2093 1408 2127 ἡμῖν
1434 2092 1576 2127 συμϐαίνει
1605 2093 1636 2118 ἑκ
1657 2093 1704 2127 τῆς
1725 2093 1771 2119 τοῦ

983 2139 1132 2173 ἀγεννήτου
1156 2139 1248 2174 φωνῆς
1271 2139 1300 2165 τὸ
1326 2139 1384 2170 πῶς
1405 2138 1452 2165 τοῦ
1477 2139 1543 2165 Θεοῦ
1566 2139 1666 2173 μᾶλλον
1687 2139 1704 2174 ἦ
1726 2141 1774 2166 αὗ-

982 2185 1031 2218 τὴν
1044 2184 1092 2219 τὴν
1105 2184 1183 2218 φύσιν
1195 2184 1409 2218 διδασκομένοις.
1428 2183 1499 2217 Ἐγὼ
1515 2184 1563 2218 μὲν
1579 2184 1634 2218 γὰρ
1649 2185 1716 2219 ὁρῶ.
1732 2185 1773 2214 ὃτι

983 2231 1078 2266 ὥσπερ
1091 2231 1146 2259 τοῖς
1161 2230 1356 2265 ἐπερχομένοις
1367 2230 1447 2257 αίῶσι
1461 2230 1508 2265 τὴν
1521 2230 1639 2256 διάνοιαν
1652 2231 1775 2257 ὲπεκτεί·

985 2286 1093 2309 νοντες.
1114 2277 1294 2312 ἀτελεύτητον
1311 2277 1425 2312 λέγομεν
1443 2277 1489 2303 τὸν
1506 2277 1593 2302 οὐδενὶ
1610 2276 1707 2311 πέρατι
1724 2277 1773 2311 τὴν

986 2323 1058 2358 ζωὴν
1084 2322 1252 2357 ὁριζόμενον,
1275 2321 1346 2350 οὕτω
1367 2323 1413 2349 καὶ
1428 2323 1467 2351 εἰς
1482 2322 1511 2348 τὸ
1523 2322 1582 2353 ,ἂνω
1596 2321 1651 2348 τῶν
1668 2321 1773 2348 αἰώνων

984 2370 1039 2400 τοῖς
1055 2368 1193 2403 λογισμοῖς
1206 2368 1406 2399 ἀναϐαίνοντες,
1420 2367 1469 2394 καὶ
1485 2365 1541 2393 οἷον
1559 2365 1598 2397 εἴς
1614 2375 1640 2392 τι
1656 2367 1774 2400 πέλαγος

985 2415 1083 2450 ἀχανὲς
1096 2415 1142 2440 ἐπὶ
1151 2415 1181 2441 τὸ
1193 2415 1305 2450 ἄπειρον
1318 2414 1368 2448 τῆς
1382 2413 1428 2440 τοῦ
1444 2412 1510 2440 Θεοῦ
1527 2413 1600 2446 ζωῆς
1612 2412 1775 2439 διακύπτον-

983 2468 1039 2494 τες,
1055 2460 1115 2487 οὐδὲ
1131 2461 1195 2494 μιᾶς
1208 2460 1306 2495 ἀρχῆς,
1319 2459 1365 2494 ἀφ’
1379 2456 1412 2494 ἧς
1428 2458 1535 2493 γέγονε,
1548 2458 1678 2485 λαὸέσθαι
1693 2458 1774 2485 δυνά·

987 2515 1071 2542 μενοι,
1087 2506 1154 2533 ἀλλὰ
1167 2505 1213 2532 τοῦ
1231 2507 1375 2540 νοουμένου
1393 2504 1529 2540 ἑξωτέραν
1546 2504 1599 2536 ἀεὶ,
1619 2504 1666 2530 καὶ
1690 2505 1775 2538 ὺτςερ⁴

985 2552 1171 2578 εκπίπτουσαν
1195 2551 1241 2578 τοῦ
1265 2551 1332 2577 Θεοῦ
1359 2551 1408 2586 τὴν
1426 2550 1497 2584 ζωὴν
1515 2548 1676 2582 ἐννοοῦντες,
1695 2550 1774 2578 τοῦτο

985 2597 1015 2623 τὸ
1028 2598 1144 2632 ἄναρχον
1156 2599 1204 2631 τῆς
1214 2596 1287 2630 ζωῆς
1297 2595 1442 2630 ἀγέννητον
1453 2595 1582 2630 προσειρὴ
1588 2603 1685 2627 καμεν.
1698 2595 1773 2631 Αὖτη

986 2644 1040 2678 γὰρ
1055 2644 1102 2670 τοῦ
1122 2643 1267 2678 ἀγεννήτου
1288 2642 1305 2677 ἡ
1325 2642 1430 2675 ἔννοια,
1446 2641 1476 2667 τὺ
1493 2640 1530 2676 μὴ
1549 2640 1620 2677 ἔχειν
1638 2641 1774 2676 ἑτέρωθεν

985 2688 1034 2723 τὴν
1054 2689 1140 2725 ἀρχὴν
1156 2688 1202 2715 τοῦ
1217 2687 1286 2715 εἶναι
1301 2687 1384 2723 δηλοῖ.
