1902 3078
83 167 130 200 5η

301 222 353 250 Ἐκ
368 221 421 249 τοῦ
434 221 530 249 αὐτοῦ
546 222 653 255 λόγου.

121 270 191 298 Ἀλλ’
210 271 225 297 ὁ
241 269 377 305 Εὐνόμιος
406 269 436 296 τὺ
469 269 519 303 μὲν
546 268 595 294 τοῦ
627 266 732 303 [ἰατρὸς
756 265 803 292 καὶ
819 264 866 291 τοῦ

83 317 145 344 Υἱοῦ
175 316 261 351 ὕνομα
291 316 402 351 σιωπᾷ,
434 315 528 346 ἅπλῶς
558 315 587 342 δὲ
622 315 686 348 περὶ
716 313 866 348 ἁγεννὴτου

82 364 128 389 καὶ
166 361 298 398 γεννητοῦ
319 362 490 396 διαλέγεται,
523 361 571 387 καὶ
598 361 632 388 τὰ
656 361 708 394 τῆς
733 358 868 394 σωτηρίου

83 412 201 442 πίστεως
227 411 350 445 ὀνόματα
380 409 530 444 κρύπτων,
555 408 622 443 ψιλὰ
640 407 808 442 παραδίδωσι
819 406 870 440 τῆς

84 457 259 492 βλασφημίας
287 456 321 483 τὰ
353 456 494 490 δόγματα·
524 455 570 482 ἴνα
604 454 655 490 τῆς
688 453 815 484 ἀσεῆείας
841 453 870 478 ὲν

83 504 138 533 τοῖς
176 501 323 536 πράγμασι
349 501 552 536 γυμνωθείσης,
585 497 643 527 εἷτα
678 499 728 534 τῆς
755 498 873 533 μεταϐά-

85 555 153 576 σεως
182 547 230 574 ἐπὶ
265 547 300 573 τὰ
341 546 476 583 πρόσωπα
514 545 680 581 γενομένης,
711 545 794 575 αὐτὸς
825 544 874 578 μὲν

86 590 168 624 μηδὲν
178 589 240 626 δόξῃ
255 589 394 624 δύσφημον
407 589 555 624 εἰρηκέναι,
569 591 603 624 τῇ
618 589 645 615 δὲ
656 589 703 615 τοῦ
714 589 792 623 λόγου
805 590 870 615 ἁκο-

85 634 176 670 λουθίᾳ
189 634 443 670 κατεσκευασμένην
455 634 503 670 ἔχῃ
516 634 565 669 τὴν
578 634 759 669 βλασφημίαν.
778 634 869 667 Ἀγέν·

84 687 161 714 νητος
176 679 205 705 δὲ
217 677 265 710 ὢν,
279 679 369 714 φησὶν,
387 678 499 713 ἐκφύγοι
511 678 543 706 ἂν
561 680 650 705 πᾶσαν
666 679 807 714 σύγκρισιν
821 679 868 705 καὶ

83 725 224 751 κοινωνίαν
240 725 288 760 τὴν
304 725 371 760 πρὸς
386 725 416 751 τὸ
431 725 569 759 γεννητόν.
585 726 642 752 Οὐκ
655 723 740 757 εἶπεν,
756 726 794 751 ὅτι
811 726 868 752 Πα-

82 770 132 805 τὴρ
145 771 194 796 καὶ
208 771 272 802 Υἱός
281 779 288 786 ⁸
302 770 370 802 ἀλλ’,
379 771 537 805 ’Λγέννητος
552 771 599 797 καὶ
614 771 753 807 γεννητός.
818 771 866 799 'Ev

85 816 132 850 μὲν
146 816 180 850 δὴ
195 817 277 843 αὑτοῦ
292 816 370 843 τοῦτο
383 816 501 843 τοιοῦτον
518 816 701 852 κακούργημα
732 817 824 851 ἕτερον
839 817 867 844 δὲ

83 863 174 895 ποῖον,
199 863 336 889 σκοπεῖτε.
365 862 524 896 ’Λγέννητος
539 862 567 888 δὲ
589 862 636 894 ὢν,
653 864 744 897 φησὶν,
764 862 814 889 οὐκ
835 862 867 888 ἄν

82 916 146 933 ποτε
163 908 290 943 πρόσοιτο
306 908 429 942 γέννησιν
440 914 447 922 ·
463 907 510 933 καὶ
523 908 629 942 ἐπάγει,
648 908 716 934 ὥστε
734 908 782 943 τῆς
799 907 866 939 ἰδίας

84 952 243 987 μεταδοῦναι
260 953 297 987 τῷ
310 952 470 988 γεννωμένῳ
484 953 601 987 φύσεως.
617 952 664 984 Τὸ,
675 953 731 979 οὐκ
746 952 785 979 ἄν
796 959 867 979 ποτε

82 998 224 1032 πρόσοιτο
243 997 397 1032 γέννησιν,
412 999 458 1024 δύο
478 999 620 1033 σημαίνει·
641 997 670 1024 ἓν
690 998 755 1032 μὲν,
771 998 811 1024 ὅτι
832 999 865 1033 τῇ

83 1044 134 1079 ἰδίᾳ
148 1043 234 1070 αὐτοῦ
251 1044 328 1078 φύσει
345 1045 395 1071 οὐκ
410 1044 558 1080 ἐφαρμόζει
596 1038 599 1041 ”
626 1045 629 1049 ”
646 1044 768 1079 γέννησις
783 1044 866 1080 (ἁδύ-

81 1098 157 1116 νατον
175 1089 230 1124 γὰρ
254 1090 306 1115 ὑπὸ
322 1090 448 1125 γέννησιν
469 1089 555 1116 ἐλθεῖν
576 1089 625 1124 τὴν
648 1089 793 1124 ἀγέννητον
815 1089 866 1123 φύ-

81 1136 141 1169 σιν)
154 1143 162 1149 ⁸
184 1135 277 1170 ἓτερον
293 1134 331 1166 δὲ,
349 1134 389 1161 ὃτι
408 1135 536 1169 γεννῆσαι
553 1135 584 1161 οὐ
684 1133 867 1166 καταδέχεται.

79 1178 163 1211 Οὗτος
181 1180 232 1215 μὲν
246 1178 292 1206 οὖν
306 1180 376 1207 κατὰ
389 1181 418 1206 τὸ
432 1180 557 1216 δεύτερον
573 1180 770 1215 σημαινόμενον
785 1181 867 1216 ἐχρή-

80 1235 143 1253 σατο
164 1228 198 1261 τῇ
216 1228 290 1261 φωνῇ
303 1236 309 1241 ·
328 1226 495 1262 συναρπάζει
511 1225 539 1252 δὲ
555 1226 619 1257 τοὺς
634 1226 748 1258 πολλοὺς
764 1227 795 1253 ὲκ
817 1227 866 1261 τῆς

80 1272 216 1307 προτέρας
236 1272 350 1304 ἐννοίας.
373 1272 448 1298 Ἐπεὶ
464 1272 504 1298 ὅτι
522 1280 554 1305 γε
567 1272 647 1298 τοῦτό
666 1274 722 1299 ἐστι
737 1273 767 1299 τὸ
782 1282 866 1300 κατα-

78 1318 287 1352 σχευαζόμενον,
319 1317 412 1352 σαφῶς
439 1317 468 1344 τὺ
494 1318 690 1354 ἐπιφερόμενον
720 1319 863 1346 δείκνυσιν.

78 1363 171 1389 Εἰπὼν
189 1363 244 1398 γὰρ
265 1363 315 1395 ὅτι,
331 1365 390 1390 οὐκ
405 1363 443 1389 ἄν
457 1371 529 1390 ποτε
544 1365 685 1398 πρόσοιτο
705 1365 861 1399 γέννησιν,

77 1410 233 1443 ἐπήγαγεν·
257 1408 334 1435 ὥστε
348 1407 402 1442 τῆς
421 1408 496 1441 ιδίας
508 1409 688 1443 μεταδοῦναι
706 1410 744 1442 τῷ
759 1419 866 1445 γεννω-

74 1454 155 1488 μένῳ
177 1455 306 1488 φύσεως.
324 1455 364 1490 Τῇ
384 1454 438 1490 γὰρ
459 1455 573 1491 δευτέρᾳ
678 1457 766 1492 ἐννοίᾳ
788 1456 865 1483 τοῦτό

76 1499 152 1525 ἐστιν
172 1499 334 1526 ἀκόλουθον·
357 1500 397 1526 ὅτι
418 1500 447 1526 οὺ
467 1501 643 1536 καταδέχεται
663 1501 790 1535 γενέσθαι
808 1502 864 1529 Πα-

75 1544 138 1579 τὴρ,
160 1545 207 1571 ἵνα
228 1544 264 1580 μὴ
288 1544 393 1580 μεταδῴ
409 1546 460 1581 τῆς
486 1546 553 1577 ἰδίας
578 1546 684 1581 φύσεως
706 1547 743 1582 τῷ
765 1556 865 1581 γεννω-

565 161 757 195 PANOPLIA
771 161 1000 193 DOGMATICA.
1013 175 1049 181 —
1063 162 1138 194 TlT.
1156 163 1212 194 ΧΙ-

874 212 899 237 Α(

1650 165 1703 197 539.

1178 219 1218 247 Em
1238 221 1328 248 eodem
1359 220 1426 248 lib‘ro
1432 241 1438 249 .

928 275 932 282 ·
948 266 1048 294 Verum
1063 267 1213 295 Eunomius
1232 267 1319 295 Patris
1336 272 1364 295 et
1377 267 1438 296 Filii
1459 275 1562 296 nomen
1592 269 1702 298 silentio

911 314 1107 349 praetermittit,
1121 323 1154 342 ac
1171 315 1334 349 simpliciter
1360 315 1527 350 deingenito
1561 321 1588 343 et
1609 318 1703 352 genito

912 361 1032 388 disserit.
1048 359 1118 393 Quin
1133 365 1160 388 et
1171 361 1313 389 occultatis
1331 361 1478 389 salutifera:
1497 360 1559 390 lidei
1586 363 1705 390 nomini-

912 406 973 438 bus,
987 406 1164 441 blasphemize
1182 408 1306 442 dogmata
1320 407 1392 435 nuda
1405 408 1496 439 tradit.
1513 414 1553 442 ut,
1566 408 1704 436 denudata

914 453 942 479 in
959 452 1026 488 ipsis
1042 451 1285 487 rebusimpietate,
1302 460 1333 481 ac
1345 453 1448 481 deinde
1463 453 1535 481 facto
1567 454 1600 481 ad
1612 461 1706 488 persc-

915 507 964 526 nas
982 499 1108 530 transitu,
1125 499 1251 526 videatur
1262 499 1319 534 ipse
1337 499 1405 526 nihil
1422 500 1523 527 dixisse
1539 499 1704 534 blasphemi.

917 545 963 572 sed
982 545 1113 572 orationis
1128 546 1199 573 serie
1213 545 1414 580 blasphemiam
1429 546 1623 573 concinnatam
1655 547 1705 573 ha-

919 587 988 613 beat.
1004 587 1141 621 lngenitus
1157 592 1246 615 autem
1259 594 1320 615 cum
1333 587 1376 620 sit,
1390 588 1487 622 inquit,
1500 588 1594 624 eﬂ’ugit
1609 590 1701 623 utique

918 639 1024 658 onmem
1045 633 1273 666 comparationem
1294 639 1325 659 ac
1342 633 1557 660 communionem
1573 641 1633 660 cum
1654 643 1702 669 ge—

919 676 983 703 nito.
1005 675 1062 703 Non
1082 677 1168 704 dixit:
1186 676 1266 704 Pater
1285 682 1313 704 et
1328 677 1429 710 Filius,
1444 679 1502 711 sed,
1519 677 1658 714 litgenitus
1674 685 1701 706 et

918 722 1035 755 genitus.
1052 722 1117 749 Tale
1133 727 1174 749 est
1189 722 1272 757 igitur
1288 730 1372 749 unum
1384 743 1392 756 ,
1406 724 1476 757 quod
1491 724 1524 751 ab
1544 732 1577 752 eo
1591 727 1700 760 excogi-

919 770 1002 794 tatum
1015 771 1056 794 est
1071 776 1077 794 :
1095 767 1208 794 alterum
1225 775 1289 795 vero
1301 767 1380 802 quale
1401 769 1437 796 sit
1459 770 1640 798 considerate.
1656 771 1700 797 rn-

917 815 1024 849 genitus
1037 821 1101 842 vero
1115 823 1177 842 cum
1195 815 1241 848 sit,
1258 816 1361 851 inquit,
1378 823 1516 851 nunquam
1532 825 1597 845 sane
1614 819 1700 845 admi-

917 860 984 887 serit
1005 860 1204 895 generationem
1225 868 1232 887 :
1255 865 1281 887 et
1305 861 1459 896 subiungit,
1483 862 1550 889 adeo
1572 867 1601 889 ut
1623 871 1699 890 suam

919 906 1003 938 ipsius
1016 911 1140 933 naturam
1154 906 1335 933 communicet
1351 914 1411 933 cum
1426 907 1526 941 genito.
1539 907 1616 940 Illud,
1632 903 1703 936 nun!

884 940 905 969 Β
918 959 996 985 quam
1012 959 1075 978 sane
1090 951 1226 978 admiserit
1245 940 1449 986 generationem,
1470 954 1524 980 duo
1537 953 1674 988 significat
1690 963 1698 981 :

918 1004 998 1024 unum
1012 1017 1020 1028 ,
1042 997 1113 1032 quod
1135 998 1250 1032 proprias
1266 998 1350 1031 ipsius
1367 1003 1470 1025 natum
1493 1007 1545 1027 non
1569 1000 1709 1033 congruit'

916 1043 1057 1078 generatio
1077 1043 1196 1078 (quippe
1217 1043 1274 1070 ﬁeri
1288 1051 1339 1070 non
1358 1049 1446 1078 potest
1462 1049 1491 1072 ut
1508 1051 1604 1073 natura
1620 1046 1696 1081 inge-

917 1089 971 1115 nita
987 1089 1151 1124 generetur)
1167 1098 1174 1116 :
1193 1089 1319 1123 altertun,
1333 1091 1403 1125 quod
1418 1099 1549 1125 generare
1567 1100 1618 1119 non
1635 1099 1697 1120 sus-

917 1135 993 1162 tinet.
1010 1134 1060 1162 Hic
1073 1135 1181 1170 quidem
1205 1135 1256 1163 hac
1270 1143 1336 1163 voce
1357 1138 1503 1164 secundum
1519 1139 1696 1172 posteriorem

915 1187 1022 1207 sensum
1043 1188 1108 1208 usus
1128 1186 1189 1208 est:
1212 1181 1258 1209 sed
1275 1189 1307 1209 ex
1324 1183 1413 1217 priore
1432 1191 1511 1211 sensu
1534 1185 1626 1219 \‘ulgus
1648 1185 1696 1211 ho-

916 1225 1017 1252 minum
1031 1225 1146 1252 insuam
1160 1226 1321 1253 sententiam
1336 1227 1426 1254 trahit.
1439 1228 1544 1256 Etenim
1556 1231 1627 1264 quod
1644 1230 1695 1257 hoc

915 1270 950 1297 sit
964 1271 1034 1305 quod
1057 1271 1198 1303 astruitur,
1221 1271 1362 1299 manifeste
1379 1278 1452 1307 patet
1471 1281 1504 1300 ex
1523 1281 1555 1300 eo
1570 1274 1640 1308 quod
1657 1275 1696 1301 in-

916 1316 1011 1343 fertur.
1146 1316 1213 1343 Nam
1239 1321 1413 1352 posteaquam
1436 1318 1505 1345 dixit
1525 1329 1531 1346 :
1557 1318 1696 1354 Nunquam

914 1370 978 1389 sane
999 1363 1133 1390 admiserit
1154 1364 1365 1398 generationem,
1388 1364 1537 1399 subjuuxit,
1569 1367 1635 1393 adeo
1667 1373 1694 1393 ut

914 1417 989 1435 suam
1003 1409 1085 1443 ipsius
1108 1413 1231 1436 natumut
1249 1410 1420 1436 communicet
1441 1419 1499 1437 cum
1522 1412 1620 1446 genito.
1637 1412 1694 1440 Hoc

915 1463 1030 1490 namque
1052 1456 1141 1482 sensui
1158 1456 1300 1490 posteriori
1316 1457 1459 1489 convenit,
1482 1457 1616 1492 siquidem
1642 1467 1696 1486 non

914 1500 1028 1527 sustinet
1044 1499 1125 1527 Pater
1138 1500 1206 1533 ﬁeri,
1223 1505 1251 1527 ut
1267 1508 1300 1528 ne
1315 1508 1376 1528 cum
1389 1502 1481 1537 genito
1497 1506 1621 1529 naturam
1635 1511 1697 1538 pro-

915 1546 1000 1580 priam
1018 1547 1213 1574 communicet.
1233 1546 1372 1582 lmpietate
1387 1547 1437 1575 hac
1458 1555 1517 1582 quae
1536 1549 1620 1583 possit
1637 1557 1698 1577 esse

78 1589 162 1624 μένῳ.
187 1590 235 1621 Τίς
249 1590 281 1616 ἂν
297 1591 399 1624 γένοιτο
416 1591 465 1626 τῆς
481 1591 608 1623 ἀσεϐείας
625 1592 724 1627 ταύτης
741 1594 863 1627 χαλεπω-

915 1592 1112 1626 perniciosior?
1129 1593 1189 1627 quis
1213 1600 1330 1631 unquam
1351 1597 1451 1621 tantam
1475 1594 1644 1630 iniquitatem
1657 1595 1696 1624 lo-

75 1635 161 1669 τέρας
190 1635 232 1666 τίς
253 1635 365 1670 ὲλάλησε
391 1635 524 1671 τοσαύτην
547 1637 653 1664 ἀδικίαν
678 1638 717 1668 εἰς
743 1638 773 1664 τὸ
798 1637 863 1673 ὕψος

76 1688 159 1713 mss;

187 1725 258 1759 Ἐγὼ
279 1726 329 1761 μὲν
348 1726 402 1762 γὰρ
420 1723 568 1762 φοϐοῦμαι,
593 1727 630 1763 μὴ
647 1729 694 1755 καὶ
713 1729 811 1763 ἡμεῖς,
833 1730 862 1755 ὲν

75 1772 112 1807 τῷ
128 1772 180 1803 τὰς
198 1772 340 1807 ἀλλοτρίας
356 1772 554 1808 ἀναλαμϐάνειν
569 1773 741 1809 βλασφημίας
758 1776 800 1801 διὰ
815 1777 861 1802 τοῦ

76 1819 223 1853 στόματος,
247 1818 402 1853 μολύνωμεν
422 1819 524 1845 ἑαυτῶν
542 1819 590 1854 τὴν
604 1820 733 1852 διάνοιαν,
750 1821 796 1847 καὶ
814 1822 863 1855 τῆς

74 1863 265 1899 κατακρίσεως
287 1865 379 1895 αὐτοῖς
405 1865 621 1900 κοινωνήσωμεν.
730 1867 861 1902 Παραμυ-

74 1909 161 1936 θείται
180 1909 208 1935 δέ
234 1918 266 1944 με
291 1909 321 1936 τὺ
343 1911 372 1936 ὲν
395 1911 452 1941 τοῖς
477 1911 661 1944 Εὺαγγελίοις,
687 1912 728 1938 ὅτι
758 1913 804 1938 καὶ
831 1913 862 1939 τὸ

74 1955 189 1989 Πνεῦμα
206 1955 235 1980 τὸ
251 1955 326 1988 ἅγιον
343 1955 391 1990 τὴν
406 1955 459 1981 τῶν
488 1956 620 1983 Ἰουδαίων
637 1958 675 1988 είς
695 1957 741 1984 τὸν
760 1958 861 1993 Κύριον

73 2000 251 2034 βλασφημίαν
272 2000 406 2036 ἔγγραφον
427 2002 482 2032 τοῖς
503 2001 571 2036 μετὰ
591 2001 678 2029 ταῦτα
694 2003 860 2038 παραδοῦναι

71 2045 102 2069 οὗ
118 2045 307 2079 παρῃτήσατο,
328 2045 439 2071 ἐκείνων
452 2045 606 2080 στηλιτεῦον
622 2048 662 2078 εἰς
679 2047 785 2073 ἅπαντα
802 2048 861 2082 χρό-

70 2098 116 2116 νον
132 2090 184 2124 τὴν
199 2090 381 2125 βλασφημίαν,
392 2091 456 2125 οὐχὶ
471 2092 503 2126 τῇ
525 2091 651 2127 ἀχράντῳ
663 2092 725 2128 δόξῃ
744 2092 790 2119 τοῦ
806 2094 861 2119 Μο-

70 2134 201 2168 νογενοῦς
222 2135 450 2171 προστριϐόμενόν
468 2144 529 2163 τινα
552 2136 736 2172 βλασφημίαν.
827 2138 858 2164 Εἰ

68 2180 163 2207 τοίνυν
175 2181 225 2207 οὐκ
236 2181 268 2207 ἄν
279 2189 343 2207 ποτε
358 2181 483 2216 πρόσοιτο
495 2181 631 2217 γέννησιν,
645 2183 715 2209 ὥστε
728 2184 776 2219 τῆς
792 2184 860 2215 ἰδίας

70 2226 236 2259 μεταδοῦναι
260 2226 298 2261 τῷ
323 2226 484 2261 γεννωμένῳ
512 2227 630 2261 φύσεως.
651 2228 700 2254 οὐκ
727 2228 785 2255 ἔστι
809 2230 858 2264 μὲν

68 2271 167 2306 Πατὴρ
190 2272 204 2296 ὁ
220 2271 302 2304 Θεὸς,
320 2273 370 2299 οὐκ
385 2272 442 2298 ἔστι
457 2273 485 2299 δέ
514 2278 521 2285 ⁸

67 2319 179 2352 ἀφεῖναι
200 2318 293 2349 ἀτελὲς
305 2317 336 2343 τὸ
351 2318 519 2352 βλάσφημον.
544 2318 573 2344 '0
597 2318 644 2352 μὲν
660 2317 715 2353 γὰρ
733 2318 763 2344 οὐ
778 2326 862 2354 προσ-

66 2365 158 2398 ήκατο
168 2363 310 2397 γέννησιν·
325 2363 340 2389 ὁ
355 2363 382 2389 δὲ
399 2363 428 2389 οὐ
443 2363 574 2398 μετέλαϐε
590 2363 640 2397 τῆς
655 2363 702 2389 τοῦ
714 2364 862 2398 γεννήσαν-

68 2418 113 2441 τος
133 2409 254 2443 φύσεως,
277 2407 343 2435 Εἶτα
365 2409 563 2442 ἐπαγωνίζεται
584 2409 665 2440 αὐτὸς
689 2409 779 2443 ἐαυτῷ
802 2417 863 2435 και-

69 2455 116 2490 νὴν
211 2444 262 2489 τῆς
283 2454 455 2489 βλασφημίας
471 2455 520 2489 τὴν
545 2454 720 2490 παραμυθίαν
737 2455 862 2483 ὲπινοῶν,

67 2501 97 2526 ε,λᾶ
115 2500 160 2535 τῷ
180 2501 266 2525 εἰπεῖν
287 2508 312 2526 τι
334 2500 478 2535 μετανοίας
499 2500 637 2535 ἐχόμενον,
652 2499 720 2526 ἀλλὰ
736 2501 792 2531 τοῖς
806 2500 864 2525 δευ-

68 2544 161 2578 τέροις
181 2544 338 2578 φιλονεικῶν
362 2544 519 2579 ἀποκρῦψαι
544 2544 576 2570 τὰ
597 2543 745 2578 φθάσαντα.
764 2544 795 2570 Τί
811 2544 864 2578 γὰρ

67 2590 208 2623 ὑπέμεινε
224 2589 410 2623 φθέγξασθαι;
696 2620 699 2622 λ

104 2635 190 2660 ΕΥΝ.
216 2635 345 2669 Ἐκφύγοι
360 2644 390 2661 τε
415 2635 448 2662 ἂν
469 2637 557 2662 πᾶσαν
582 2635 724 2672 σύγκρισιν
745 2636 791 2662 καὶ
807 2645 864 2663 κοι-

67 2679 174 2706 νωνίαν
188 2680 236 2714 τὴν
256 2679 324 2715 πρὸς
343 2680 373 2707 τὸ
388 2681 528 2715 γεννητόν.

106 2725 187 2751 ΒΑΣ.
207 2726 239 2751 Εί
262 2726 290 2752 δὲ
309 2726 346 2761 μὴ
365 2726 508 2762 σύγκρισίς
525 2727 583 2753 ἐστι
605 2727 642 2762 τῷ
662 2727 718 2762 Υἱῷ
738 2728 805 2764 πρὸς
820 2728 865 2755 τὸν

67 2771 198 2806 Πατέρα,
218 2771 284 2806 μηδὲ
312 2771 437 2798 κοινωνία
456 2772 524 2808 πρὸς
539 2773 584 2798 τὸν
602 2774 785 2809 γεννήσαντα,
801 2774 865 2809 ψευ-

67 2818 128 2848 δεῖς
145 2817 195 2852 μὲν
211 2819 234 2844 οί
251 2817 404 2849 ἀπόστολοι,
419 2818 504 2853 ψευδῆ
522 2819 550 2845 δὲ
566 2819 599 2846 τὰ
612 2820 763 2854 Εὑαγγέλια
774 2829 781 2836 ⁸
798 2822 864 2857 αὐτή

67 2872 101 2890 τε
117 2864 136 2897 ἡ
227 2863 354 2899 ἀλήθεια,
369 2865 383 2890 ὁ
399 2863 499 2899 Κύριος
518 2864 595 2900 ἡμῶν
615 2865 719 2901 Ἰησοῦς
739 2867 864 2902 Χριστός.

914 1644 992 1665 cutus
1006 1639 1087 1666 estin
1106 1638 1311 1666 celsitudinem?

1020 1726 1074 1761 Ego
1096 1727 1219 1760 equidem
1247 1733 1352 1759 vereor,
1378 1734 1411 1754 ne
1436 1735 1484 1754 nos
1506 1733 1612 1762 quoque
1633 1729 1694 1756 dum

913 1774 1014 1800 alienas
1026 1773 1206 1808 hlasphemias
1217 1781 1263 1801 ore
1276 1774 1434 1808 repetimus,
1446 1779 1562 1801 mentem
1574 1781 1694 1802 nostram

912 1818 1079 1853 polluamus,
1106 1823 1187 1852 atque
1213 1818 1450 1846 condemnationis
1472 1827 1563 1846 eorum
1594 1821 1692 1846 liamus

912 1864 1066 1900 participes.
1090 1865 1142 1892 Sed
1169 1865 1330 1892 consolatur
1346 1872 1389 1892 me
1413 1865 1477 1891 illud
1500 1865 1526 1892 in
1544 1865 1694 1899 Evangeliis

911 1911 1068 1944 proditum,
1095 1910 1166 1942 quod
1193 1909 1310 1944 Spiritus
1333 1916 1442 1937 sanctus
1462 1918 1566 1945 quoque
1588 1910 1693 1938 ,ιιιάωο-

913 1963 970 1982 rum
996 1955 1021 1981 in
1042 1954 1183 1981 Dominum
1206 1954 1400 1989 blasphemiam
1425 1955 1552 1989 scriptam
1580 1957 1694 1990 posteris

913 2000 1019 2027 tradere
1039 2008 1092 2026 non
1116 2000 1294 2033 abstinuerit,
1321 2000 1427 2027 illorum
1445 2000 1640 2035 blasphemiam
1666 2002 1690 2028 in

911 2052 992 2072 omne
1006 2050 1111 2078 tempus
1125 2045 1159 2071 ita
1177 2050 1284 2077 notans,
1304 2051 1332 2072 ut
1350 2045 1448 2072 nullatn
1465 2050 1551 2072 tamen
1568 2047 1693 2073 inconta-

911 2091 1018 2117 minata:
1045 2089 1180 2124 Uuigeniti
1200 2089 1331 2123 majestati
1359 2090 1553 2125 blasphemiam
1578 2089 1691 2117 all‘ricet.

912 2136 1003 2170 Itaque
1020 2136 1042 2162 si
1068 2143 1203 2169 nunquam
1230 2135 1432 2169 generationem
1456 2136 1607 2168 admiserit,
1625 2137 1691 2163 adeo

911 2188 937 2210 Ill
956 2182 1070 2216 propria:
1085 2185 1188 2207 naturae
1204 2180 1360 2214 participem
1376 2180 1458 2208 faciat
1479 2182 1598 2215 genitum
1611 2200 1619 2214 ,
1639 2189 1690 2209 non

910 2227 1069 2261 estquidem
1086 2224 1166 2251 Pater
1182 2224 1261 2255 Deus,
1276 2232 1329 2251 non
1351 2229 1391 2251 est
1405 2225 1503 2257 etiam;
1518 2225 1565 2252 sed
1579 2230 1690 2260 praestat

586 2273 643 2299 ἀλλ’
660 2273 770 2307 ἄμεινον
789 2276 855 2310 ἡμῖν

915 2281 938 2300 tt
960 2271 1155 2306 blasphemiam
1181 2269 1367 2304 imperfectam
1393 2270 1587 2304 relinquamus.
1614 2271 1689 2298 Alter

907 2318 1016 2353 quidem
1032 2326 1083 2345 nun
1098 2318 1208 2345 admisit
1223 2319 1424 2353 generationem
1438 2326 1444 2345 :
1459 2318 1527 2345 alter
1539 2326 1604 2346 vero
1618 2319 1689 2353 geni-

909 2364 975 2390 toris
992 2367 1117 2390 naturatn
1133 2371 1185 2390 non
1201 2363 1384 2398 participavit.
1406 2363 1506 2390 Deinde
1522 2364 1578 2398 ipse
1595 2371 1687 2390 secum

908 2413 1003 2442 certat,
1017 2416 1111 2436 novam
1127 2409 1299 2443 blasphemia:
1314 2410 1508 2444 mitigationem
1521 2410 1687 2444 cxcogitans,

908 2461 961 2480 non
986 2455 1056 2489 quod
1078 2455 1225 2489 quidquam
1254 2455 1327 2483 dicat
1349 2456 1419 2490 quod
1443 2457 1475 2482 ad
1502 2455 1688 2490 pmnitentiatn

910 2500 1052 2532 pertineat,
1077 2501 1124 2527 sed
1143 2502 1212 2535 quod
1237 2502 1432 2536 posterioribus
1449 2501 1538 2536 priora
1560 2509 1690 2536 superare

909 2551 1031 2572 conetur.
1048 2547 1117 2579 Quid
1133 2547 1204 2575 enim
1220 2548 1342 2582 proferre
1358 2556 1438 2576 ausus
1454 2549 1515 2576 est?

945 2639 1010 2666 Eua.
1032 2638 1214 2673 Emtgerilquc
1231 2639 1324 2673 utique
1337 2647 1444 2666 omnem
1460 2641 1688 2674 comparationem

911 2692 940 2712 ac
954 2685 1223 2711 communicationem
1240 2691 1300 2711 cum
1316 2685 1417 2718 genito.

946 2730 1007 2758 Bas.
1029 2731 1063 2757 At
1083 2731 1134 2757 nisi
1151 2730 1318 2765 comparatio
1332 2731 1367 2757 sit
1382 2730 1443 2758 Filii
1461 2739 1521 2758 cum
1534 2731 1623 2763 Patre,
1639 2732 1690 2758 nisi

912 2776 946 2803 sit
972 2775 1180 2802 communicatio
1208 2782 1270 2802 cum
1299 2776 1437 2810 genitore,
1462 2777 1604 2803 mendaces
1629 2783 1692 2803 sunt

911 2821 1034 2856 apostoli,
1053 2821 1191 2848 mendacia
1218 2820 1361 2855 Evangelia
1375 2841 1382 2854 ,
1401 2821 1458 2855 ipsa
1477 2822 1559 2848 etiam
1579 2821 1690 2852 veritas,

912 2867 1041 2895 Dominus
1068 2871 1160 2894 noster
1182 2866 1262 2895 Jesus
1282 2867 1416 2895 Christus.
1444 2868 1497 2896 Sed
1520 2875 1570 2902 ego
1593 2869 1692 2896 iterum
