1902 3078
187 147 240 180 503

792 147 986 181 EUTHYMII
1005 147 1187 180 ZIGABENI

1759 148 1811 178 ωι

187 215 292 242 horreo
312 212 524 247 blasphemiam,
540 218 621 247 quam
642 211 741 246 cuique
763 211 840 238 facile
866 215 908 240 est
929 210 971 237 in-

1031 208 1097 234 ’Λ).λ’
1109 207 1164 241 ἐγὼ
1179 206 1228 242 μὲν
1241 206 1321 233 πάλιν
1339 206 1447 242 φρίσσω
1460 207 1510 242 τὴν
1524 206 1699 243 βλασφημίαν
1709 216 1717 222 ·
1730 210 1810 235 παντὶ

188 261 318 295 ιεΙΙίκθτε.
337 259 404 286 Nam
418 259 440 287 si
458 246 557 286 nullam
573 258 654 294 Itth
669 258 897 293 comparationem
905 246 970 285 1cum

188 306 279 339 Patre,
299 305 436 341 quomodo
457 304 563 332 dicebat
584 303 708 338 Philippo
725 311 732 331 :
750 303 835 330 Tanto
857 309 972 337 tempore

189 348 319 375 uobiscum
342 355 413 379 sum,
442 351 465 373 et
491 355 543 373 non
562 347 650 373 uidisti
670 354 730 378 me,
754 345 873 381 Philippe
933 346 940 360 ‘
959 346 971 373 τ

189 398 233 426 et,
247 392 298 426 Qui
321 393 388 420 videt
409 401 466 424 me,
483 393 550 420 videt
571 400 629 419 eum
642 393 688 427 qui
710 393 781 419 misit
794 401 834 420 ms
856 389 866 404 ¹
879 392 892 419 ἳ
904 391 970 419 Nam

189 448 250 467 eum
263 439 309 475 qui
323 446 372 466 nec
382 438 610 474 comparationem
622 438 736 473 suscipit
749 446 798 466 nec
811 438 892 467 ullam
909 446 970 466 cum

189 484 258 513 Filio
273 485 487 513 communionem
506 485 605 518 habet,
620 485 757 519 quomodo
772 485 799 512 in
818 485 907 520 seipso
923 484 971 512 Fi-

190 531 242 558 lius
263 530 406 559 ostendere
428 529 576 564 potuisset?
598 529 653 557 Nec
676 529 749 557 enim
774 537 822 564 per
843 530 973 558 dissimile

191 582 238 604 aut
252 576 370 604 alienum
392 575 581 610 comprehendi
602 579 691 611 potest
714 576 787 611 quod
809 576 971 611 ignoratur:

191 623 238 650 sed
251 630 284 650 ex
297 621 367 649 aﬁini
381 620 459 648 ailine
471 621 540 649 solet
553 622 691 657 cognosci.
714 621 760 649 Sic
783 622 810 649 in
825 622 914 656 sigillo
931 622 972 649 in-

191 668 305 704 spicitur
323 666 380 702 ejus
392 667 438 702 qui
456 674 486 695 se
498 667 636 702 impressit
646 667 758 703 ciﬁgies,
771 672 799 695 et
815 675 863 702 per
876 668 972 702 imagi-

191 722 252 743 nem
275 714 415 750 exemplar
433 715 618 749 cognoscitur,
639 714 662 742 si
681 714 808 741 videlicet
830 722 973 749 compare—

191 769 253 790 mus
267 768 316 789 nos
328 768 388 789 eam
400 768 460 788 oua:
475 761 501 788 in
518 765 632 788 utrooue
647 765 690 788 cst
704 760 884 788 identitatem.

291 846 381 880 Quare
395 846 446 873 hac
463 853 515 872 una
534 845 697 880 blasphemia
714 853 794 874 voces
809 853 904 874 omnes
914 854 975 882 qua:
990 849 1010 877 Β

192 901 206 920 a
227 893 329 927 Spiritu
346 897 442 920 sancto
455 892 487 918 ad
507 891 733 927 gloriﬁcationem
758 891 894 927 Unigeniti
916 897 974 920 tra-

192 939 254 966 dita:
263 943 336 969 sunt,
347 938 535 973 reprobantur.
545 937 579 965 Et
586 937 694 973 quidem
701 937 875 973 Evangelium
884 938 973 972 docet,

193 985 263 1019 quod
277 983 354 1010 Hum:
371 983 452 1010 Pater
466 983 578 1019 signavit
682 983 752 1010 Deus
775 986 785 1001 ⁸
806 991 813 1010 :
831 983 976 1018 Apostolus

193 1036 257 1056 vero
279 1028 316 1055 ait
334 1037 341 1055 :
359 1027 411 1061 Qui
422 1033 460 1056 est
479 1028 566 1063 imago
588 1028 636 1055 Dei
657 1028 794 1055 invisibilis
815 1026 842 1056 ⁸.
866 1028 976 1064 Imago,

193 1081 245 1101 non
261 1074 418 1106 inanimata,
439 1081 529 1108 neque
546 1081 625 1100 manu
640 1073 790 1106 elaborata,
807 1081 895 1109 nequc
908 1075 977 1102 artis

193 1125 240 1148 aut
251 1120 388 1147 industriae
401 1127 487 1154 opus:
503 1119 548 1147 sed
570 1120 659 1154 imago
675 1120 747 1154 viva,
761 1120 816 1148 imo
829 1127 903 1152 vero,
919 1121 975 1156 ipsa

193 1172 277 1199 pereo
286 1165 350 1197 vita,
359 1171 411 1191 non
425 1165 450 1191 in
460 1164 551 1199 ﬁgurae
559 1165 746 1198 similitudine,
758 1165 805 1193 sed
815 1165 908 1200 quaein
918 1166 976 1202 ipsa

194 1209 344 1237 substantia
352 1209 554 1237 similitudinem
563 1209 978 1246 dissimilitudiniscujuscunque

193 1258 329 1288 expertem
352 1261 459 1289 semper
480 1254 588 1282 retinet.
601 1253 657 1289 Ego
671 1255 743 1282 enim
756 1255 832 1290 illud,
846 1258 874 1284 in
889 1259 977 1291 [arma

194 1300 242 1327 Dei
252 1309 306 1327 me
323 1300 333 1316 '
345 1320 352 1331 ,
367 1300 436 1328 idem
451 1299 541 1327 valere
557 1299 630 1333 dico,
647 1301 719 1335 quod
738 1301 799 1335 hoc,
811 1302 839 1329 in
853 1303 977 1330 substan-

193 1347 233 1374 tis
252 1347 299 1374 Dei
314 1355 379 1374 esse.
391 1346 468 1374 Sicut
485 1347 557 1374 enim
573 1346 652 1378 illud,
670 1346 783 1381 formam
803 1349 976 1383 assumpsisse

193 1393 258 1419 serui
284 1393 309 1422 '.
325 1392 463 1426 significat
475 1391 618 1419 Dominum
643 1397 764 1419 nostrum
780 1393 806 1420 in
824 1394 975 1421 substantia

194 1438 318 1464 humanae
344 1443 446 1467 natura
476 1443 568 1464 natum
591 1445 672 1465 esse:
697 1438 733 1465 ita
760 1439 842 1466 etiam
869 1440 931 1472 hoc,
949 1441 976 1468 in

195 1485 282 1518 {arma
294 1483 343 1510 Dei
355 1492 421 1515 esse,
439 1491 549 1518 prorsus
563 1483 660 1510 divina:
681 1482 839 1509 substantia:
854 1482 973 1516 proprle-

195 1534 278 1556 tatem
290 1529 410 1556 exhibet.
427 1527 479 1561 Qui
492 1528 555 1555 uidit
574 1536 623 1559 me,
637 1527 734 1561 inquit,
753 1527 819 1554 uidit
834 1525 937 1554 Patrem
951 1526 976 1555 ⁷.

195 1574 244 1601 llic
255 1578 345 1601 autem
357 1574 472 1602 alienum
485 1582 499 1600 ιι
520 1573 601 1601 Patre
616 1572 794 1608 Unigenitum
813 1572 924 1604 faciens,
945 1579 977 1599 ac

195 1627 308 1656 prorsus
330 1620 488 1647 rescindens
504 1619 538 1646 ab
563 1619 621 1652 ejus
644 1618 788 1650 societate,
814 1617 977 1652 cognitionis

194 1673 337 1694 ascensum
351 1665 397 1700 qui
421 1673 470 1701 per
485 1665 572 1700 ipsum
597 1663 636 1697 ill,
660 1669 790 1698 quantum
807 1664 832 1690 in
851 1663 910 1698 ipso
924 1667 976 1696 est,

194 1713 340 1740 abscindit.
360 1712 527 1746 Qttwcunque
549 1711 627 1737 liabet
649 1710 739 1744 Pater,
766 1718 822 1737 mea
840 1714 911 1742 sunt,
937 1709 978 1736 in-

194 1757 395 1793 quitDominus
415 1755 439 1784 '.
454 1757 489 1784 At
505 1755 654 1783 Eunomius
679 1755 895 1783 communionem
916 1754 977 1782 nul-

194 1805 247 1831 iam
261 1811 321 1832 esse
336 1804 375 1830 ait
392 1802 465 1831 Patri
478 1810 539 1830 cum
554 1809 587 1829 eo
603 1801 648 1836 qui
664 1809 697 1829 ex
714 1801 772 1836 ipso
786 1805 838 1829 est.
849 1801 892 1834 Et,
905 1799 976 1828 Sicut

197 1850 279 1877 Pater
294 1850 322 1876 in
341 1849 424 1883 seipse
440 1849 520 1876 vitam
529 1847 619 1880 habet,
631 1847 669 1874 sic
684 1847 755 1874 dedit
768 1851 793 1874 et
814 1846 886 1873 Filio
897 1846 977 1873 vitam

195 1896 291 1922 habere
303 1894 332 1921 in
345 1894 484 1928 semetipso
512 1891 535 1922 '.
552 1892 609 1920 Hoc
624 1899 718 1919 sumus
730 1892 763 1919 ab
781 1891 838 1926 ipso
865 1891 978 1918 Domino

194 1941 307 1968 edocti:
331 1940 365 1967 ab
387 1938 520 1967 Eunomio
547 1945 612 1965 vero
636 1936 719 1972 quid?
736 1936 858 1972 Nempe,
876 1936 977 1963 nullam

194 1994 255 2014 esse
276 1985 510 2020 comparationem
536 1983 619 2018 geniti
640 1990 702 2010 cum
726 1982 856 2018 genitore.
875 1982 908 2009 Et
924 1988 979 2009 uno

194 2033 290 2065 verbo,
308 2035 337 2059 ut
352 2030 480 2066 imaginis
495 2030 627 2057 rationem
644 2029 695 2056 hac
708 2029 788 2056 unica
814 2035 882 2055 voce
899 2027 977 2059 tollit.

195 2079 232 2105 ita
251 2076 423 2112 splendorem
445 2082 477 2102 ac
501 2074 686 2102 characterem
701 2080 761 2101 esse
784 2073 943 2100 substantia:
958 2070 979 2086 '°

197 2128 287 2158 negat.
312 2121 406 2157 Neque
427 2120 499 2148 enim
523 2120 581 2147 ﬁeri
604 2123 701 2153 potest,
720 2124 750 2146 ut
773 2118 916 2154 imaginem
939 2119 979 2146 in-

987 1501 1008 1530 c
1020 1487 1050 1514 δὲ
1067 1486 1114 1513 καὶ
1131 1486 1172 1517 τὸ,
1184 1486 1219 1512 ἐν

1022 253 1051 279 δὲ
1065 252 1178 278 συνιδεῖν
1195 252 1293 287 ῥᾴδιον.
1312 252 1343 278 Et
1362 252 1416 287 γὰρ
1434 252 1568 288 μηδεμίαν
1588 254 1734 289 σύγκρισιν
1755 254 1811 288 εχει

1022 298 1089 334 πρὸς
1108 297 1152 324 τὸν
1167 297 1287 333 Πατέρα,
1306 297 1364 329 πῶς
1383 298 1460 331 ελεγι
1484 298 1524 333 τῷ
1537 299 1662 335 Φιλίππῳ
1673 308 1681 314 ·
1703 300 1813 328 Τοσοῦ-

1021 353 1075 371 τον
1089 345 1199 379 χρόνον
1213 344 1277 378 μεθ’
1294 342 1376 377 ὑμῶν
1394 344 1464 378 εἰμι,
1481 345 1531 371 καί
1548 345 1605 379 οὐχ
1619 345 1753 379 ἑώρακάς
1763 355 1812 380 με,

1021 391 1170 421 diti/laxe;
1191 390 1254 420 καὶ,
1282 389 1313 415 '0
1337 388 1453 422 θεωρῶν
1475 389 1528 424 ἐμὲ
1549 390 1652 424 θεωρεῖ
1667 390 1723 418 τὸν
1742 391 1814 426 πέμ-

1021 434 1121 470 ψαντά
1133 442 1191 469 ps;
1206 434 1258 461 Τὸν
1270 435 1323 470 γὰρ
1343 435 1410 470 μήτε
1498 435 1641 470 σύγκρισιν
1657 437 1814 472 ἐπιδεχόμε-

1021 489 1076 512 νον,
1102 481 1169 516 μήτε
1192 481 1333 508 κοινωνίαν
1356 480 1416 507 τινὰ
1438 481 1506 517 πρὸς
1531 482 1611 509 αὐτὸν
1631 482 1812 518 κεκτημένον,

1022 527 1081 559 πῶς
1098 526 1130 553 ἂν
1152 526 1250 558 ἔδειξεν
1271 527 1298 553 ἐν
1320 526 1409 562 ἑαυτῷ
1431 528 1446 553 ό
1462 527 1544 559 Υίός;
1568 528 1604 554 Οὐ
1626 528 1680 563 γὰρ
1699 528 1745 554 διὰ
1766 529 1813 555 τοῦ

1022 572 1149 608 ἀνομοίου
1167 573 1213 599 καὶ
1230 572 1370 608 ἀλλοτρίου
1387 573 1561 608 καταληπτόν
1577 574 1635 600 ἐστι
1650 575 1681 600 τὸ
1697 575 1812 609 ἀγνωύ-

1024 627 1117 654 μενον·
1136 618 1204 644 ἀλλὰ
1222 618 1261 653 τῷ
1280 618 1373 654 οἰκείῳ
1393 619 1500 654 πέφυκε
1519 619 1550 646 τὸ
1566 621 1666 646 οἰκίων
1685 621 1814 655 ἐπιγινώ-

1023 664 1146 691 σκεσθαι,
1173 664 1266 696 οὖτως
1290 664 1319 690 ἐν
1343 665 1393 700 μὲν
1408 664 1448 700 τῷ
1539 665 1786 700 ἀποσφραγίσματι
1800 667 1814 693 ό

1022 708 1069 736 τοῦ
1083 708 1257 740 τυπώσαντος
1276 709 1420 745 χαρακτὴρ
1438 709 1589 745 καθορᾶται
1599 719 1605 724 ·
1619 710 1653 736 δι’
1667 710 1774 742 εἰκόνος
1786 710 1814 737 δὲ

1023 756 1040 790 ἡ
1053 755 1154 789 γνῶσις
1165 754 1212 781 τοῦ
1225 754 1378 790 ἀρχετύπου
1390 755 1494 789 γίνεται
1502 774 1510 787 ,
1525 756 1727 791 συγκρινόντων
1737 756 1815 791 ἡμῶν

1022 800 1142 836 δηλονότι
1158 800 1207 836 τὴν
1220 801 1248 827 ἐν
1262 800 1386 835 ἑκατέρῳ
1400 800 1563 836 ταύτότητα.

1125 847 1206 873 Ὥστε
1219 846 1262 874 διὰ
1275 848 1341 882 μιᾶς
1352 847 1454 882 ταύτης
1467 846 1641 882 βλασφημίας
1651 848 1742 879 πάσας
1755 846 1814 874 ἀθε-

1023 893 1128 921 τεῖσθαι
1142 893 1193 924 τὰς
1213 892 1306 927 φωνὰς
1321 892 1370 924 τὰς
1391 892 1466 927 παρὰ
1484 891 1531 918 τοῦ
1554 892 1633 926 ἁγίου
1656 893 1815 928 Πνεύματος

1024 940 1065 971 είς
1086 939 1136 974 τὴν
1160 937 1207 965 τοῦ
1229 937 1397 972 Μονογενοῦς
1423 937 1575 972 δοξολογίαν
1595 939 1814 973 τιαραδοθείσας-

1026 984 1073 1012 τοῦ
1090 984 1140 1020 μὲν
1156 983 1323 1018 Εὑαγγελίου
1337 982 1509 1014 διδάσκοντος
1525 983 1576 1015 ὃτι,
1598 983 1708 1011 Τοῦτον
1721 985 1738 1011 ὀ
1757 986 1816 1011 Πα-

1026 1030 1081 1065 τὴρ
1095 1029 1280 1064 ἐσφράγισεν
1294 1030 1310 1056 ὀ
1325 1028 1414 1062 om"
1439 1028 1488 1055 τοῦ
1507 1029 1537 1055 δὲ
1565 1029 1744 1056 ’Δποστόλοψ
1762 1031 1817 1064 ⁸ος

1026 1077 1111 1104 ἐστιν
1132 1075 1222 1103 εἰκὼν
1246 1074 1299 1102 τοῦ
1320 1073 1396 1102 Θεοῦ
1421 1074 1474 1102 τοῦ
1491 1074 1629 1108 ἀοράτου.
1654 1075 1743 1102 Είκὼν
1766 1077 1817 1103 οὐκ

1026 1122 1139 1157 ἄψυχος,
1150 1121 1212 1148 οὐδὲ
1223 1120 1405 1156 χειρόκμητος
1425 1139 1434 1150 .
1497 1119 1558 1146 οὐδὲ
1567 1119 1666 1156 τέχνης
1676 1121 1757 1156 ιργον
1769 1123 1817 1148 καὶ

1026 1167 1156 1199 ἐπινοίας
1170 1166 1239 1194 ἀλλὰ
1253 1165 1334 1193 είκὼν
1349 1165 1434 1198 ζῶσα,
1447 1165 1548 1200 μᾶλλον
1560 1166 1590 1192 δὲ
1600 1166 1735 1194 αὑτοοῦσα
1747 1166 1815 1202 ζωὴ,

1025 1212 1076 1239 οὐκ
1090 1213 1118 1238 ὲν
1136 1213 1274 1247 σχήματος
1285 1210 1433 1246 ὁμοιότητι,
1449 1210 1505 1237 ἀλλ’
1526 1212 1555 1237 ὲν
1568 1211 1637 1247 αὐτῇ
1650 1213 1682 1247 τῇ
1695 1212 1776 1247 οὐσίᾳ
1786 1213 1816 1239 τὸ

1026 1257 1234 1293 ἀπαράλλακτον
1319 1256 1363 1283 ἀεὶ
1373 1255 1550 1288 διασώζουσα.
1571 1257 1640 1291 Ἐγὼ
1650 1258 1705 1293 γὰρ
1716 1258 1763 1284 καὶ
1774 1258 1814 1286 τὺ.

1024 1303 1061 1331 ἐν
1078 1302 1179 1339 μορφῇ
1203 1302 1277 1330 Θεοῦ
1300 1301 1463 1337 ὑπάρχειν,
1487 1302 1542 1329 ἴσον
1563 1303 1694 1330 δύνασθαι
1709 1303 1759 1339 τῷ,
1781 1303 1817 1330 ἐν

1026 1350 1117 1383 οὐσίᾳ
1131 1349 1204 1377 Θεοῦ
1217 1348 1373 1383 ὑπάρχειν,
1397 1348 1480 1383 φημί.
1502 1348 1547 1379 Ὦς
1560 1348 1614 1383 γὰρ
1635 1349 1675 1380 τὺ,
1692 1349 1816 1383 μορφὴν

1025 1395 1220 1430 ἀνειληφέναι
1232 1394 1357 1424 δούλου,
1381 1393 1410 1420 ὲν
1427 1394 1459 1428 τῇ
1477 1393 1556 1429 οὐσίᾳ
1575 1394 1624 1429 τῆς
1637 1393 1815 1430 evomu-

1026 1453 1072 1476 τος
1093 1442 1138 1468 τὸν
1156 1441 1257 1476 Κύριον
1275 1439 1354 1474 ἡμῶν
1376 1439 1555 1474 γεγεννῆσθαι
1575 1439 1719 1474 σημαίνει·
1744 1439 1817 1466 οὕτω

1309 1483 1409 1519 μορφῇ
1425 1484 1498 1512 Θεοῦ
1509 1483 1666 1517 ὑπάρχειν,
1680 1482 1730 1517 τῆς
1742 1482 1818 1513 θείας

1021 1532 1116 1563 οὐσίας
1132 1531 1281 1567 παρίστησι
1295 1529 1404 1561 πάντως
1417 1530 1466 1565 τὴν
1485 1529 1613 1564 ἰδιότητα.
1631 1528 1659 1554 '0
1679 1526 1817 1561 ἑωρακὼς

1022 1577 1084 1611 ἐμὲ,
1099 1576 1192 1612 φησὶν,
1207 1574 1317 1609 ἑώρακε
1328 1575 1381 1601 τὸν
1394 1573 1519 1607 Πατέρα.
1531 1571 1614 1604 Οὗτος
1625 1572 1654 1598 δὲ
1666 1570 1816 1605 ἁλλοτριῶν

1023 1622 1070 1649 τοῦ
1086 1621 1193 1656 Πατρὺς
1207 1620 1253 1647 τὸν
1264 1620 1415 1653 Μονογενῆ,
1431 1619 1478 1645 καὶ
1498 1617 1638 1648 παντελῶς
1659 1616 1817 1650 ἀποσχίζων

1024 1668 1074 1704 τῆς
1096 1667 1165 1703 πρὸς
1183 1666 1264 1693 αὐτὸν
1284 1664 1435 1696 κοινωνίας,
1454 1664 1503 1699 τὴν
1522 1663 1647 1690 διἀὑτοῦ
1666 1664 1816 1697 γενομένην

1024 1715 1075 1750 τῆς
1087 1712 1214 1748 γνώσεως
1229 1711 1332 1743 ἄνοδον,
1348 1710 1379 1737 τὸ
1393 1711 1454 1737 ὅσον
1476 1710 1519 1736 ἐπ’
1541 1708 1614 1742 αὐτῷ
1636 1725 1644 1737 ,
1722 1706 1816 1733 διακό-

1026 1767 1098 1786 πτει.
1114 1756 1216 1784 Πάντα
1231 1756 1290 1783 ὅσα
1305 1756 1366 1790 ἔχει
1384 1756 1399 1781 ό
1413 1753 1525 1787 Πατὴρ,
1543 1752 1600 1788 ἐμά
1616 1752 1711 1783 ἐστιν,
1729 1752 1743 1777 ὁ
1758 1751 1816 1777 Κύ-

1028 1803 1083 1840 ριός
1095 1812 1186 1839 φησιν.
1201 1802 1332 1838 Εὐνόμιος
1348 1801 1376 1827 δὲ
1394 1800 1521 1836 οὐδεμίαν
1539 1799 1613 1832 λέγει
1624 1797 1765 1825 κοινωνίαν
1778 1794 1816 1822 εἷ-

1026 1859 1070 1877 ναι
1083 1849 1121 1884 τῷ
1134 1848 1222 1884 Πατρὶ
1238 1848 1306 1883 πρὸς
1321 1847 1367 1874 τὸν
1381 1847 1410 1880 ἐξ
1423 1845 1516 1873 αὐτοῦ.
1526 1845 1593 1876 Καὶ,
1604 1845 1717 1877 Ὠσπερ
1731 1845 1748 1869 ὁ
1761 1844 1817 1869 Πα-

1026 1895 1082 1930 τὴρ
1097 1894 1174 1929 ζωὴν
1188 1894 1251 1928 ἔχει
1265 1894 1299 1920 ὲν
1315 1891 1421 1924 ἐαυτῷ,
1437 1891 1532 1924 οὕτως
1541 1890 1633 1917 ἔδωκε
1647 1890 1695 1916 καί
1708 1888 1748 1920 τῷ
1761 1887 1816 1920 Υιῷ

1027 1941 1104 1976 ζωὴν
1118 1941 1200 1976 ἔχειν
1214 1941 1249 1967 ὲν
1259 1939 1365 1971 ἐαυτῷ.
1382 1938 1467 1969 Τοῦτο
1482 1937 1546 1972 παρ’
1561 1935 1644 1962 αὑτοῦ
1659 1934 1816 1968 δεδιδάγμε-

1027 1987 1062 2014 Θα
1073 1986 1120 2014 τοῦ
1140 1987 1241 2021 Κυρίου
1251 1994 1257 2000 “
1275 1985 1351 2020 παρὰ
1361 1984 1389 2010 δὲ
1403 1982 1534 2017 Εὐνομίω
1547 1982 1572 2008 τί
1585 1989 1592 2013 ;
1619 1980 1762 2015 Μηδεμίαν
1775 1977 1816 2005 εἷ-

1027 2042 1072 2060 ναι
1090 2033 1234 2067 σύγκρισιν
1254 2030 1291 2066 τῷ
1312 2029 1468 2065 γεννηθέντι
1486 2028 1554 2064 πρὸς
1573 2027 1617 2053 τὸν
1636 2026 1816 2061 γεννήσαντα.

1028 2079 1083 2107 Καὶ
1096 2077 1273 2111 ἁπαξαπλῶς,
1286 2077 1330 2103 διὰ
1350 2076 1414 2111 μιᾶς
1426 2074 1530 2111 ταύτης
1543 2072 1634 2108 φωνῆς
1647 2072 1756 2107 ἀναιρεί
1770 2071 1819 2106 μὲν

1027 2125 1073 2152 τὸν
1088 2125 1137 2160 τῆς
1155 2124 1257 2156 είκόνος
1274 2123 1364 2157 λόγον,
1380 2121 1472 2148 ἀθετεῖ
1481 2119 1509 2146 δὲ
1525 2119 1556 2146 τὸ
1566 2117 1738 2152 ἀπαύγασμα
1750 2114 1819 2142 εἶναι

198 2170 303 2204 tclligas
314 2167 373 2202 ejus
384 2166 429 2202 qui
445 2165 546 2193 nullam
563 2165 646 2192 habet
664 2164 908 2199 comparationem,
933 2171 976 2192 ne-

1031 2170 1075 2198 καὶ
1089 2169 1249 2206 χαρακτῆρα
1258 2168 1309 2203 τῆς
1323 2165 1508 2197 ὑποστάσεως.
1523 2163 1592 2191 Οῠτε
1606 2163 1661 2198 γὰρ
1673 2162 1767 2188 εἰκόνα
1776 2161 1820 2206 δυ-

196 2222 260 2249 qne,
273 2219 303 2242 ut
319 2213 447 2248 Splendor
461 2212 497 2240 sit
507 2211 566 2246 ejus
580 2211 628 2246 qui
644 2211 744 2238 nullam
764 2211 979 2238 communionem

195 2259 343 2288 secundum
354 2263 480 2286 naturam
495 2257 587 2285 habet.
610 2256 745 2284 (laterum
759 2256 786 2283 in
805 2256 900 2283 eodem
914 2256 980 2282 arti-

197 2306 252 2334 ﬁcii
274 2312 374 2341 genere
388 2313 481 2333 rursus
492 2305 624 2341 persistit,
639 2304 701 2331 dum
715 2303 753 2330 ait
769 2310 821 2330 non
836 2309 896 2329 esse
908 2309 981 2329 com-

197 2351 366 2386 parationem
382 2350 493 2386 ingeniti
509 2358 570 2378 cum
588 2349 698 2385 genito:
725 2355 778 2374 non
802 2347 902 2378 Patris,
920 2354 980 2373 cum

198 2405 232 2426 eo
245 2397 291 2432 qui
312 2404 346 2425 ex
366 2397 426 2433 ipso
442 2401 494 2430 est,
510 2402 540 2424 ut
555 2403 636 2431 quam
652 2395 695 2422 his
710 2395 821 2421 vocibus
836 2394 923 2420 inesse
935 2401 982 2427 op-

197 2443 360 2478 positionem
378 2442 539 2476 ostenderit,
552 2449 611 2469 eam
630 2441 656 2469 in
672 2440 758 2476 ipsam
770 2438 860 2467 Patris
879 2443 905 2466 et
922 2438 982 2466 Filii

198 2489 379 2517 substantiam
392 2487 550 2516 transierat.

456 2572 497 2600 Ea:
524 2572 615 2600 eodem
638 2572 715 2600 libro.

226 2620 331 2649 Ordine
364 2628 440 2651 vero,
464 2620 572 2655 inquit,
609 2624 637 2646 et
675 2618 807 2654 temporis
840 2625 976 2653 praeroga-

194 2668 267 2702 tiva,
294 2668 339 2695 ille
362 2667 470 2703 primus
504 2671 561 2698 est,
587 2666 631 2694 hic
658 2665 805 2694 secundus.
832 2664 902 2698 Quid
932 2671 978 2691 ne-

194 2722 270 2743 cesse
288 2720 330 2742 est
346 2722 379 2743 ea
395 2721 514 2749 quorum
539 2712 693 2741 communis
722 2717 765 2741 est
789 2711 924 2740 essentia.
952 2714 981 2737 et

195 2762 283 2790 ordini
303 2761 412 2797 subjici,
438 2765 465 2788 et
481 2768 541 2788 esse
570 2765 691 2795 tempore
717 2757 890 2795 posteriora?
919 2756 977 2783 Nan

1029 2204 1107 2244 vathe
1123 2204 1170 2242 τοῦ
1189 2204 1356 2250 ἀσυγκρίτου
1369 2211 1498 2244 νοεῖσθαι,
1518 2209 1581 2237 οὒτε
1596 2208 1767 2243 ἀπαύγασμα
1782 2204 1819 2233 εἳ-

1029 2273 1072 2292 ναι
1095 2263 1142 2290 τοῦ
1161 2261 1344 2296 ἀκοινωνήτου
1369 2258 1441 2286 κατὰ
1462 2258 1512 2293 τὴν
1529 2255 1619 2291 φύσιν.
1642 2253 1688 2289 Τῷ
1703 2253 1732 2279 δὲ
1747 2251 1820 2286 αὐτῷ

1029 2310 1094 2338 εῖδει
1112 2309 1194 2337 πάλιν
1211 2306 1259 2334 τοῦ
1275 2306 1462 2342 τεχνάσματος
1479 2302 1614 2338 ἐπιμένει,
1625 2299 1665 2335 τῷ
1680 2299 1821 2333 ἁγεννήτῳ

1029 2355 1116 2390 λέγων
1136 2354 1174 2389 μὴ
1191 2351 1261 2380 εἶναι
1283 2351 1352 2386 πρὸς
1375 2349 1406 2376 τδ
1426 2348 1555 2382 γεννητὸν
1576 2346 1736 2380 σύγκρισιν·
1762 2343 1822 2378 οὐχὶ

1029 2401 1069 2436 τῷ
1081 2400 1170 2436 Πατρὶ
1187 2398 1256 2434 πρὸς
1271 2397 1318 2424 τὸν
1331 2396 1361 2428 ἐξ
1377 2394 1470 2426 αὑτοῦ,
1487 2394 1531 2420 ἵνα
1543 2393 1632 2428 ἥνπερ
1645 2391 1677 2418 ἂν
1689 2391 1752 2422 ταῖς
1765 2399 1821 2424 φωι

1030 2435 1091 2478 ναῖς
1106 2435 1218 2477 ταύταις
1229 2443 1406 2478 ὑπάρχουσαν
1420 2439 1557 2467 ἀντίθεσιν
1569 2437 1700 2472 ἐπιδείξῃ,
1721 2435 1822 2470 ταύτην

988 2513 990 2515 -
1031 2493 1074 2519 ἐπ’
1086 2491 1172 2526 αὐτῆς
1192 2490 1240 2521 τῆς
1256 2488 1349 2519 οὐσίας
1364 2486 1411 2513 τοῦ
1431 2484 1536 2520 Πατρὸς
1554 2484 1599 2510 καὶ
1617 2482 1663 2509 τοῦ
1678 2481 1745 2508 Υἱοῦ
1761 2489 1822 2515 μετ-

1032 2538 1141 2571 ενέγκῃ.
1250 2568 1303 2595 Ἐκ
1316 2565 1373 2594 τοῦ
1388 2563 1482 2593 αὑτοῦ
1499 2563 1604 2598 λόγου.

1072 2616 1155 2649 Τάξει
1166 2615 1205 2648 δὲ,
1215 2615 1294 2648 φησὶ,
1305 2613 1417 2642 καὶτοῖς
1428 2612 1459 2637 ὲκ
1472 2611 1569 2645 χρόνου
1578 2605 1735 2642 πρεσϐείαις
1750 2606 1764 2631 ὁ
1777 2603 1824 2639 μὲν

1033 2663 1090 2689 ἐστι
1101 2648 1219 2696 πρῶτος,
1230 2661 1243 2687 ὁ
1256 2660 1283 2686 δὲ
1296 2658 1431 2692 δεύτερος.
1445 2656 1492 2687 Τίς
1506 2653 1640 2690 ἡὰνάγκη
1657 2652 1700 2686 ἐφ’
1714 2648 1826 2685 ὠνήσ-

1034 2708 1079 2734 σία
1091 2707 1179 2742 κοινὴ,
1191 2705 1269 2739 τάξει
1283 2713 1313 2731 τε
1336 2701 1538 2737 ὑποὸεὸλῆσθαι
1549 2699 1647 2730 ταῦτα,
1662 2697 1711 2724 καὶ
1730 2697 1825 2732 χρόνον

1032 2752 1102 2780 εἶναι
1117 2753 1247 2789 δεύτερας
1263 2752 1300 2778 Οὐ
1308 2751 1362 2786 γὰρ
1369 2747 1482 2777 ὄυτατὺν
1495 2743 1633 2782 tilia-J10?!
1646 2743 1732 2770 εἰκόνι
1745 2741 1825 2776 ἀχρό-

234 2870 242 2886 ⁹
256 2870 335 2898 Ιοιιιλ.
352 2876 408 2900 ιιν,
425 2867 451 2895 9.
490 2867 590 2895 ’Joan.
605 2875 654 2898 xtl,
671 2866 715 2893 £5.
755 2865 766 2881 ³
781 2863 976 2900 Joansynﬂ‘l.

1039 2861 1144 2900 Qoloss.
1163 2869 1185 2893 ι,
1199 2860 1238 2888 l5.
1275 2859 1286 2874 ⁸
1302 2857 1422 2892 Philipp.
1449 2862 1478 2886 ιι,
1493 2853 1521 2881 6.
1553 2850 1645 2880 ‘ibid.
1662 2849 1690 2877 7.
1727 2848 1738 2865 '
1751 2847 1825 2876 Joan.

196 2900 294 2938 ιιν,9.
331 2904 342 2921 ⁸
355 2897 435 2932 Joan.
453 2910 521 2936 xvu,
542 2902 574 2930 l0
610 2903 620 2917 ’
633 2897 712 2929 .loan.
737 2908 764 2934 ν,
781 2899 826 2927 '26.
868 2899 890 2915 ‘°
906 2898 990 2926 Hebr.
1006 2905 1025 2931 ι,
1042 2897 1069 2924 5.
