1902 3078
86 171 144 204 505
522 173 526 176 ”
592 172 779 204 PANOPLIA
801 173 1029 204 DOGM.-\TlCA.
1050 185 1085 191 -
1100 173 1175 204 TlT.
1191 172 1240 204 Χῐ.
1672 175 1725 208 506

87 240 141 264 νως
156 231 368 268 ἀπαυγασθείσῃ
379 231 425 258 τὸν
443 231 510 258 Θιδν
524 231 578 258 τῶν
603 232 671 259 ὅλων
686 232 724 268 μὴ
754 233 783 266 ἐξ
798 233 881 259 ἀϊδίου

940 233 1005 260 :nint
1024 233 1082 261 ﬁeri
1105 238 1205 269 potest,
1234 238 1263 261 ut
1283 233 1475 262 universomm
1494 234 1568 263 Deus
1593 241 1657 262 cum
1673 241 1724 262 sua

88 278 229 309 συνεῖναι,
249 279 296 305 καὶ
327 278 364 313 μὴ
394 279 490 314 χρόνον
510 279 607 313 μόνον,
638 281 686 306 καὶ
716 279 822 306 αἰώνων
852 279 881 306 δέ

943 279 1017 312 psius
1033 280 1151 314 imagine
1163 287 1222 314 ηοω
1239 279 1308 306 citra
1326 279 1458 314 temporis
1474 280 1661 307 accessionem
1689 280 1722 307 il-

88 325 200 350 πάντων
209 325 336 351 ἐπέκεινα
347 324 397 359 τὴν
408 325 555 358 συνάφειαν
570 325 653 360 ἔχειν.
668 326 717 352 Διά
730 325 809 353 τοῦτο
826 326 880 360 γὰρ

942 331 1043 352 ustrata
1057 331 1110 357 est,
1126 326 1160 352 ab
1179 330 1283 352 aderno
1297 333 1351 352 non
1376 325 1422 358 sit,
1450 329 1478 352 et
1495 325 1718 360 coniunctionem

89 369 265 404 ἀπαύγασμα
277 371 395 405 εἴρηται,
413 371 455 397 ινα
472 372 502 397 τὸ
519 372 694 406 συνημμένον
721 372 874 407 νοήσωμεν,

940 380 983 398 mn
999 371 1098 399 habeat
1118 379 1170 398 non
1196 371 1284 398 solum
1306 371 1376 398 ultra
1408 377 1539 405 tempora,
1561 371 1608 398 sed
1638 371 1721 398 etiam

89 418 136 443 καὶ
153 418 295 452 χαρακτὴρ
312 418 360 450 τῆς
373 417 560 450 ὑποστάσεως,
578 419 622 445 ἵνα
634 419 662 445 τὸ
672 418 816 452 ὁμοούσιον
834 419 879 444 ἓκσ

942 417 1004 442 tltra
1019 417 1108 443 ontnia
1123 417 1230 444 saecula.
1244 417 1311 444 Nam
1328 416 1433 443 idcirco
1464 415 1594 450 splendor
1613 417 1619 432 '
1648 415 1722 442 dici-

90 464 283 497 μανθὰνωμιν.
293 462 375 489 Ἀλλὰ
383 466 430 490 καὶ
438 464 513 496 τάξις
530 465 546 499 ἡ
562 465 611 498 μὲν
623 465 726 499 φυσική
739 463 780 494 τίς
790 464 875 494 ἐστιν,

945 471 986 492 ur.
1002 469 1028 489 ut
1043 463 1264 498 conjunctioncm
1283 463 1470 497 intelligamus
1488 471 1494 488 :
1512 466 1540 490 et
1552 462 1636 496 ﬁgura
1654 461 1721 488 sub-

90 509 106 543 ή
123 508 153 535 δδ
164 508 225 536 κατ’
241 509 425 543 ἐπιτήδευσιν.
445 510 549 544 Φυσικὴ
567 509 627 543 μὲν,
654 509 722 544 ὡςή
738 508 793 535 τῶν
816 517 877 535 utt-

940 509 1036 535 llztltli'rlt
1053 509 1074 543 ‘,
1091 513 1120 536 ut
1134 507 1658 542 consubstantialitatemperdiscamus.
1670 507 1723 533 Sed

94 553 208 588 σμάτων
225 553 295 579 κατὰ
313 553 375 583 τοὺς
396 552 608 587 δημιουργικοὺς
621 551 717 584 λόγους
737 552 879 586 διαταχθεϊο

96 605 131 624 σα
151 614 159 626 ι
234 600 281 623 καὶ
293 596 331 629 ὡς
341 597 359 632 ὴ
374 596 428 622 τῶν
442 596 602 632 ἀριθμητῶν
688 596 773 628 θέσις,
789 597 835 622 καὶ
847 596 884 627 ὼς

93 643 113 680 ἡ
134 643 191 670 τῶν
207 643 301 669 αἰτίων
318 643 387 678 πρὸς
401 642 435 669 τὰ
451 643 558 670 αἰτιατὰ
576 642 678 678 σχέσις,
697 642 802 669 ἐκείνου
819 651 884 678 ¹ιτρο-

93 687 332 723 διωμολογημένον
347 687 394 714 τοῦ
407 688 455 714 καὶ
472 688 522 723 τῆς
542 689 650 722 φύσεως
667 688 753 723 αὐτῆς
769 688 885 724 ποιητὴν

94 733 166 762 εἶναι
181 734 229 760 καὶ
244 734 408 769 δημιουργὸν
427 733 473 760 τὸν
488 733 554 760 Θεόν
564 741 572 748 ·
604 733 835 769 ἐπιτετηδευμένη
858 733 886 760 δὲ

94 780 143 807 καὶ
157 779 278 816 τεχνικὴ,
293 779 330 812 ὡς
350 780 367 814 ὴ
383 780 411 805 ἐν
425 781 481 811 τοῖς
495 779 749 814 κατασκευάσμασι,
766 779 814 806 καὶ
834 787 887 815 μα-

95 824 211 860 θήμασι,
230 824 277 851 καὶ
296 823 442 859 ἀξιώμασι,
466 824 513 851 καὶ
527 824 646 860 ἀριθμιῖ),
668 824 786 856 καὶτοῖς
799 824 888 851 τοιού-

93 877 163 901 τοις.
179 869 287 896 Τούτων
304 869 395 896 τοίνυν
406 869 438 896 τὸ
457 870 588 905 πρότερον
600 869 827 905 ἀποκρυψάμενος
843 867 888 897 οὗ·
901 887 922 914 Β

94 923 153 947 τος,
165 914 212 941 τοῦ
229 915 356 951 δευτέρου
368 915 455 946 εἴδους
468 915 518 950 τῆς
531 914 633 947 τάξεως
649 915 819 951 ἐπεμνήσθη,
839 915 886 942 καί

95 970 174 997 φησι,
190 961 227 997 μὴ
246 963 344 997 χρῆναι
363 961 454 994 λέγειν
474 960 520 987 ἐπὶ
537 960 605 987 Θεοῦ
627 960 712 993 τάξιν,
736 961 852 997 ἐπείπερ
870 961 887 997 ἡ

94 1008 174 1041 τάξις
192 1008 306 1042 δευτέρα
324 1007 383 1033 ἐστὶ
401 1006 448 1033 τοῦ
470 1007 622 1038 τάττοντος.
650 1007 753 1033 Ἐκεῖνο
773 1006 802 1033 δέ
823 1007 839 1041 ἢ
856 1007 886 1033 οὐ

96 1053 226 1085 συνεῖδεν,
254 1053 271 1088 ἢ
300 1052 370 1079 ἐκὼν
387 1052 575 1088 ἀπεκρύψατο,
603 1052 644 1079 ὅτι
661 1052 718 1078 ἐστι
739 1061 765 1078 τι
785 1051 888 1084 τάξεως

95 1097 178 1130 εἶδος,
200 1099 250 1125 οὐκ
274 1099 307 1125 ἐκ
327 1098 375 1134 τῆς
395 1097 551 1133 παρ’ἡμῶν
563 1097 664 1129 θέσεως
685 1097 887 1132 συνιστάμενον,

94 1144 154 1171 ἀλλ’
169 1145 237 1180 αὐτῇ
249 1145 282 1179 τῇ
300 1143 369 1170 κατά
381 1143 462 1178 φύσιν
473 1143 618 1179 ἀκολουθίᾳ
629 1143 786 1178 συμϐαῖνον,
798 1143 837 1174 ὡς
849 1143 889 1178 τῷ

95 1190 166 1225 πυρὶ
180 1189 247 1226 πρὸς
261 1190 292 1215 τὸ
304 1198 362 1224 φως
379 1190 437 1216 ἐστι
453 1189 484 1216 τὸ
495 1188 526 1221 ἐξ
539 1188 633 1216 αὐτοῦ.
650 1190 694 1216 ‘Ev
712 1189 816 1221 τούτοις
831 1189 885 1224 γάρ

96 1235 230 1269 πρότερον
250 1234 280 1260 τὸ
298 1234 383 1260 αἴτιον
403 1234 528 1269 λέγομεν,
552 1233 676 1270 δεύτερον
696 1234 725 1261 5t
747 1234 776 1260 τὺ
792 1234 821 1266 ἐξ
837 1234 886 1260 αὑ-

94 1277 145 1304 τοῦ
179 1285 187 1292 ·
270 1277 301 1304 οὐ
327 1278 491 1314 διαστήματι
519 1279 680 1314 χωρίζοντες
699 1279 747 1306 ἀπ’
764 1279 886 1314 ἀλλήλων

94 1323 196 1353 ταῦτα,
211 1323 279 1350 ἀλλά
300 1323 339 1359 τῷ
353 1323 476 1360 λογισμῷ
491 1324 538 1352 τοῦ
552 1324 674 1353 αἰτιατοῦ
696 1324 887 1360 προεπινοοῦν-

95 1377 143 1400 τες
158 1369 190 1395 τὸ
204 1369 299 1396 αττιον.
316 1369 378 1401 Πῶς
397 1367 444 1397 οὖν
459 1369 569 1405 εὔλογον
583 1369 723 1406 ἀρνεῖσθαι
735 1370 785 1406 τὴν
797 1370 885 1403 τάξιν,

95 1415 140 1449 ἐφ’
153 1411 192 1442 ὧν
204 1415 262 1441 ἐστι
279 1415 410 1451 πρότερον
425 1415 471 1442 καὶ
482 1415 617 1451 δεύτερον,
633 1416 664 1442 οὐ
673 1416 743 1443 κατὰ
754 1415 804 1451 τὴν
815 1416 886 1451 ἡμε-

95 1459 182 1496 τέραν
197 1459 280 1491 θέσιν,
298 1460 355 1486 ἀλλ’
367 1461 399 1487 ἐκ
414 1461 463 1496 τῆς
478 1460 547 1487 κατὰ
565 1461 646 1496 φύσιν
662 1461 753 1493 αὐτοῖς
770 1461 888 1497 ἐνυπαρ-

95 1506 199 1541 χούσης
214 1505 389 1539 ἀκολουθίας;
405 1507 482 1538 Τίνος
501 1505 547 1534 οὖν
564 1507 656 1533 ἐνεκεν
671 1507 763 1533 ἀθετεῖ
776 1506 826 1543 τὴν
840 1507 888 1534 τά-

97 1552 140 1583 ξιν
153 1551 200 1578 ἐπὶ
209 1552 276 1578 Θεοῦ
288 1552 488 1587 λαμϐάνεσθαι;
503 1553 634 1587 Ἦγεϊται,
645 1553 668 1578 εί

99 1595 235 1632 μηδαμῶς
259 1596 346 1628 ἄλλως
371 1597 401 1623 τὸ
427 1598 558 1633 πρότερον
585 1598 631 1624 ἐπὶ
661 1597 728 1624 Θεοῦ
757 1597 887 1631 νοεῖσθαι,

96 1642 260 1677 λειπόμενον
279 1642 361 1676 ἕξειν,
380 1644 441 1670 κατ’
457 1643 543 1679 αὐτὴν
557 1643 606 1679 τὴν
622 1643 716 1670 οὐσίαν
739 1644 788 1679 τὴν
805 1645 889 1680 ὑπερ-

96 1689 164 1724 οχὴν
191 1689 403 1716 ἐπιδείκνυσθαι.
497 1689 593 1725 Ἡμεῖς
606 1689 644 1721 δὲ,
673 1689 742 1716 κατά
769 1689 818 1725 μὲν
839 1689 888 1726 τὴν

96 1734 153 1761 τῶν
186 1735 280 1762 αίτίων
311 1736 380 1771 πρὸς
408 1735 442 1762 τὰ
475 1735 504 1768 ἐξ
534 1735 624 1762 αὐτῶν
657 1735 758 1770 σχέσιν,
790 1744 888 1771 προτε-

96 1779 197 1814 τάχθαι
209 1780 256 1806 τοῦ
272 1780 337 1807 Υίοῦ
346 1780 392 1807 τὸν
406 1780 518 1816 Πατέρα
532 1779 621 1815 φαμέν
632 1788 638 1795 ·
657 1780 727 1807 κατὰ
737 1781 765 1807 δὲ
776 1780 826 1816 τὴν
839 1780 888 1816 τῆς

98 1824 207 1858 φύσεως
224 1825 364 1860 διαφορὰν,
390 1825 491 1858 οὐκέτι,
517 1825 576 1852 οὐδὲ
599 1824 669 1852 κατὰ
691 1825 741 1861 τὴν
759 1826 806 1852 τοῦ
823 1826 888 1861 χρό-

97 1878 147 1896 νου
169 1870 324 1906 ὑπεροχήν·
351 1870 367 1906 ἢ
397 1871 467 1898 οὕτω
487 1879 519 1905 γε
547 1872 593 1898 καὶ
615 1871 681 1898 αὐτὸ
701 1888 708 1901 ι
781 1871 811 1898 τὺ
832 1873 888 1898 Πα-

97 1916 168 1951 τέρα
195 1914 264 1943 εἷναι
291 1916 336 1943 τὺν
357 1916 433 1950 Θεὸν,
462 1917 639 1952 ἁθετὴσομεν,
665 1917 714 1953 τῆς
742 1917 812 1944 κατὰ
837 1917 887 1953 τὴν

97 1961 194 1988 οὐσίαν
221 1962 424 1998 ἀλλοτριότητος
444 1962 493 1998 τὴν
516 1962 634 1999 φυσικὴν
657 1963 804 1998 συνάφειαν
825 1963 888 1990 ἀθε-

97 2007 210 2042 τοὺσης.

200 2053 276 2079 Ἐπεὶ
292 2054 383 2088 μέντοι
401 2053 581 2089 ἀφορίσασθαι
594 2054 659 2090 ἡμῖν
672 2054 718 2082 τοῦ
728 2054 824 2090 χρόνου
838 2054 888 2089 τὴν

98 2099 182 2133 φύσιν
204 2099 218 2125 ὁ
237 2099 316 2133 σοφὸς
334 2100 369 2126 τὰ
384 2100 471 2126 πάντα
487 2101 621 2136 προήχθη,
638 2100 684 2127 καὶ
776 2100 891 2128 ἐνταῦθα

97 2144 184 2172 αὐτοῦ
207 2144 236 2171 τὸ
262 2145 369 2179 βέὁαιον
387 2146 434 2172 καὶ
447 2146 682 2181 περιεσκεμμένον
700 2146 749 2181 τῆς
771 2146 899 2181 διανοίας,

99 2190 211 2225 ἴδωμεν.
235 2191 337 2225 Χρόνον
350 2191 439 2218 τοίνυν
461 2189 530 2217 εἷναί
544 2200 610 2227 φησι
625 2192 705 2220 ποιάν
712 2201 773 2219 τινα
783 2192 890 2228 κίνησιν

98 2235 241 2271 ἀστέρων·
258 2237 332 2272 ἡλίου
352 2237 473 2272 δηλονότι
495 2237 542 2264 καὶ
564 2238 680 2274 σελήνης
703 2239 750 2266 καλ¹
769 2239 823 2265 τῶν
837 2238 892 2266 λοι-

98 2281 171 2314 πῶν,
191 2283 262 2314 ὅσοις
285 2283 345 2310 καθ’
360 2283 444 2310 ἑαυτὰ
541 2283 671 2311 κινεῖσθαι
687 2284 801 2319 δύναμίς
819 2286 886 2313 ἐστι.

98 2327 140 2353 Τὸ
158 2326 246 2354 τοίνυν
262 2329 316 2354 ἀπὸ
333 2329 466 2362 γενέσεως
484 2328 598 2365 οὐρανοῦ
613 2328 659 2355 καὶ
675 2329 727 2363 γῆς
745 2329 825 2364 μέχρι
838 2329 888 2365 τῆς

100 2369 239 2404 ποιήσεως
253 2378 307 2396 των
321 2371 443 2406 ἀστέρων
458 2371 594 2406 διάστημα
608 2379 634 2398 τι
647 2381 711 2399 ποτε
728 2373 782 2410 ἀρα
795 2371 863 2401 εἴναι
878 2375 893 2402 6

96 2414 190 2445 δεινὸς
203 2415 236 2441 τὰ
251 2415 377 2450 μετέωρα
391 2413 467 2447 οὗτος
480 2417 675 2451 ἁποφανείται;
694 2418 792 2452 Σαφῶς
808 2418 863 2455 γὰρ
878 2420 893 2445 ό

96 2459 151 2494 τὴν
165 2459 343 2494 κοσμογονίαν
428 2463 460 2496 τῇ
472 2462 585 2497 δυνάμει
599 2463 646 2489 τοῦ
663 2463 820 2498 Πνεύματος
831 2464 894 2491 ἁνα-

97 2505 211 2540 τράψας
232 2507 264 2541 τῇ
282 2506 400 2543 τετάρτῃ
413 2507 504 2544 ἡμέρα
518 2509 580 2539 τοὺς
593 2508 729 2543 μεγάλους
743 2509 892 2545 φωστῆρας

96 2550 149 2577 καὶ
179 2551 242 2582 τοὺς
267 2550 377 2583 λοιποὺς
400 2553 517 2588 ἀστέρας
539 2554 703 2589 γεγενῆσθαί
721 2563 798 2589 φησι.
822 2556 892 2591 Χρό-

96 2603 146 2626 νος
172 2593 219 2622 οὖν
242 2596 291 2622 οὐκ
309 2594 352 2632 ἦν,
377 2597 415 2628 ὡς
435 2597 534 2629 ἔοικεν,
556 2599 585 2625 ἐν
605 2600 665 2631 ταῖς
685 2600 799 2627 κατόπιν
823 2601 890 2637 iuui-

98 2649 162 2676 ραις
171 2648 178 2656 ·
195 2641 225 2667 οὗ
240 2642 294 2677 γὰρ
308 2642 444 2669 ὲκινοῦντό
458 2651 502 2669 πω
512 2644 536 2670 οἱ
548 2644 669 2680 ἀστέρες.
753 2645 813 2677 Πῶς
824 2646 889 2682 γὰρ,

95 2685 127 2712 of
148 2693 179 2720 γε
196 2687 256 2721 μηδ’
272 2687 444 2720 ἐγεγόνεισαν
459 2689 509 2724 τὴν
523 2689 610 2725 ἀρχήν
627 2699 634 2721 ;
721 2692 775 2718 Καὶ
797 2692 888 2726 πάλιν,

95 2731 143 2759 ὅτε
170 2731 298 2767 ἐπολέμει
320 2734 378 2764 τοῖς
408 2733 592 2766 Γαϐαωνίταις
618 2736 632 2761 ό
656 2735 704 2762 τοῦ
729 2737 807 2772 Ναυῆ
837 2738 890 2773 Ἰη-

97 2776 173 2810 σοῦς,
191 2777 284 2814 ἐπειδὴ
303 2778 430 2814 ἀκίνητος
452 2781 466 2806 ὁ
486 2780 561 2815 ἥλιος
576 2781 665 2816 ἔμεινε
754 2783 791 2818 τῷ
807 2793 888 2819 προσο

139 2871 248 2903 'Hebr.
269 2882 290 2909 ι,
306 2875 333 2903 5.
372 2876 383 2893 '
396 2874 466 2904 Ibid.
504 2874 514 2891 ⁸
529 2873 598 2903 Gen.
613 2881 633 2908 ι,
658 2873 749 2902 14-19.

745 1553 888 1585 ἐπιδείξειε
903 1575 922 1585 η

938 558 962 578 et
983 554 1050 578 ordo
1064 553 1133 578 alius
1145 554 1277 579 naturalis
1294 556 1346 584 est,
1363 552 1431 578 alius
1451 550 1610 578 artiﬁcialis.
1634 550 1718 577 Natu-

937 599 1000 625 ralis
1011 598 1129 633 quidem,
1141 605 1170 625 ttt
1179 603 1376 629 creaturarum,
1385 598 1430 632 qui
1444 604 1477 624 ex
1489 596 1599 624 creandi
1617 596 1720 623 ratione

936 645 1080 678 dispositus
1094 649 1144 674 est.
1160 648 1187 670 et
1202 644 1272 670 sicut
1281 643 1485 670 numerabilinru
1498 642 1606 677 positio,
1617 647 1643 668 et
1652 649 1720 668 cau-

935 697 1026 715 sarum
1045 689 1077 716 ad
1095 689 1225 723 producta
1238 689 1346 716 habitus
1358 697 1366 722 ς
1380 696 1441 715 cutn
1468 695 1511 715 res
1535 689 1657 715 confessa
1673 688 1720 719 sit,

938 734 1020 760 Deum
1035 734 1115 761 etiam
1136 734 1220 768 ipsius
1234 739 1338 761 natura:
1352 734 1518 761 conditorem
1535 741 1596 761 esse
1612 738 1639 761 et
1661 734 1718 766 opi-

938 780 1026 806 ficem.
1044 779 1219 814 Excogitatus
1335 787 1399 806 vero
1410 783 1438 806 et.
1450 779 1610 810 artiﬁcialis,
1625 784 1652 805 ut
1665 778 1720 811 ille,

936 825 981 858 qui
999 824 1212 859 deprehenditur
1236 824 1262 851 in
1286 824 1500 859 probationibus.
1517 824 1543 851 in
1559 825 1720 859 disciplinis.

939 871 964 896 in
981 870 1174 904 dignitatibus,
1191 870 1218 897 in
1236 877 1350 897 numero
1373 875 1400 897 et
1423 870 1533 904 reliquis
1556 870 1720 904 huiusmodi.

940 916 1089 944 Eunomius
1106 916 1199 951 itaque
1215 917 1311 945 borum
1336 917 1428 952 priore
1442 917 1590 949 occultato,
1616 916 1650 943 de
1676 923 1722 943 se-

938 962 1028 988 cundo
1042 961 1146 989 ordinis
1162 969 1260 997 genere
1274 962 1336 990 fecit
1352 962 1514 989 mentionem
1528 970 1536 995 ;
1560 962 1651 996 aitque
1667 968 1722 989 non

937 1012 1062 1041 oportere
1078 1007 1168 1034 dicere
1184 1007 1210 1034 in
1225 1007 1279 1034 Deo
1293 1007 1416 1034 ordinem
1431 1013 1503 1039 esse,
1519 1005 1646 1040 quoniam
1655 1007 1723 1033 ordo

938 1053 1082 1080 ordinante
1097 1053 1230 1086 posterior
1253 1056 1305 1080 est.
1327 1051 1392 1079 Illud
1409 1059 1473 1080 vero
1484 1056 1529 1079 aut
1544 1059 1596 1079 non
1615 1051 1722 1078 intelle-

938 1097 988 1130 xit,
1007 1101 1054 1124 aut
1071 1097 1142 1125 uitro
1156 1097 1285 1127 occuluit.
1296 1097 1430 1131 quoddam
1443 1097 1546 1124 ordinis
1559 1104 1619 1124 esse
1627 1104 1722 1131 genus,

939 1150 991 1169 non
1011 1147 1102 1169 nostra
1120 1143 1298 1170 constitutum
1323 1143 1503 1174 ordinatione,
1522 1144 1569 1170 sed
1597 1143 1655 1177 ipsa
1673 1150 1721 1168 ne-

940 1188 1108 1215 cessitudine
1137 1188 1252 1215 naturali
1279 1188 1451 1220 contingens,
1472 1195 1525 1221 quo
1539 1195 1569 1214 se
1584 1188 1664 1215 modo
1679 1188 1724 1214 ha-

939 1233 1005 1260 bent
1020 1233 1089 1268 ignis
1103 1237 1130 1259 et
1147 1233 1204 1264 lux,
1216 1240 1276 1266 quae
1293 1240 1326 1260 ex
1339 1233 1396 1267 ipso
1408 1237 1460 1260 est.
1479 1233 1546 1260 Nam
1569 1233 1594 1259 in
1615 1233 1648 1260 iis
1663 1240 1724 1258 cau-

939 1287 996 1305 sam
1015 1280 1132 1313 priorem
1146 1286 1206 1306 esse
1227 1279 1342 1306 dicimus
1356 1288 1363 1306 ι
1383 1279 1518 1313 posterius
1533 1286 1597 1305 vero
1613 1279 1638 1306 id
1651 1279 1723 1313 quod

939 1325 973 1351 ab
985 1325 1039 1358 ipsa
1058 1329 1109 1356 est,
1130 1332 1181 1350 non
1210 1323 1352 1351 intervallo
1367 1324 1422 1350 luce
1447 1332 1461 1350 a
1479 1331 1508 1351 se
1523 1324 1637 1350 invicem
1657 1324 1720 1350 diri-

940 1374 1053 1401 mentes,
1072 1369 1118 1395 sed
1131 1369 1294 1403 cogitatione
1318 1375 1428 1395 causam
1456 1373 1520 1395 ante
1542 1367 1667 1396 effectum
1683 1369 1724 1394 in-

940 1414 1099 1448 telligentes.
1115 1414 1238 1447 Quonam
1261 1413 1344 1448 igitur
1372 1418 1450 1447 pacto
1467 1413 1563 1440 rationi
1579 1418 1724 1440 consenta-

940 1468 1018 1487 nennt
1040 1459 1267 1492 l‘uerit.ordinem
1282 1459 1308 1486 in
1330 1459 1363 1486 iis
1383 1466 1492 1494 negare.
1511 1459 1539 1486 in
1561 1459 1659 1492 quibus
1682 1463 1724 1486 est

939 1507 1015 1541 prius
1027 1511 1055 1534 et
1075 1507 1219 1541 posterius,
1236 1513 1288 1533 non
1306 1513 1339 1533 ex
1354 1511 1447 1532 nostra
1467 1505 1654 1540 dispositione,
1675 1505 1723 1531 sed

940 1560 973 1579 ex
991 1551 1108 1578 naturali
1126 1551 1241 1585 quadam
1258 1558 1346 1577 rerum
1364 1542 1581 1578 consEcutione?
1601 1550 1655 1577 Cur
1675 1550 1724 1585 igi-

942 1602 985 1624 tur
1001 1597 1103 1624 fastidit
1117 1597 1241 1624 ordinem
1266 1596 1291 1623 in
1307 1597 1361 1623 Deo
1372 1596 1536 1623 admittere?
1556 1596 1722 1627 Arhitratur,

940 1643 962 1671 si
977 1643 1126 1671 ostenderit
1140 1651 1192 1670 non
1210 1642 1290 1670 aliter
1302 1642 1377 1677 prius
1398 1641 1425 1669 in
1446 1642 1500 1669 Deo
1518 1642 1641 1677 intelligi,
1660 1643 1723 1669 ruli-

939 1696 1022 1724 quum
1039 1696 1069 1716 se
1086 1689 1252 1720 habiturum.
1270 1687 1296 1715 in
1315 1689 1370 1723 ipsa
1381 1688 1485 1715 scilicet
1493 1688 1641 1715 substantia
1655 1696 1724 1722 pra:-

940 1735 1067 1762 stantiam
1082 1734 1276 1764 demonstrari.
1288 1733 1342 1761 Nos
1357 1739 1459 1762 autent.
1476 1741 1524 1768 pro
1545 1734 1637 1761 habitu
1656 1741 1723 1760 cau-

940 1789 1031 1808 sarum
1048 1781 1080 1808 ad
1094 1788 1125 1808 ea
1139 1788 1200 1816 qua:
1218 1788 1250 1808 ex
1271 1779 1338 1814 ipsis
1354 1785 1427 1811 sunt,
1449 1779 1553 1806 Patrem
1571 1778 1637 1806 Filio
1654 1786 1724 1813 pne-

945 1827 1006 1861 poni
1024 1827 1139 1854 dicimus
1156 1835 1163 1854 :
1177 1831 1203 1853 at
1218 1833 1283 1854 vero
1296 1826 1443 1852 secundum
1463 1830 1564 1852 natura;
1579 1825 1723 1852 diversita-

941 1877 1005 1904 tem,
1018 1880 1070 1899 non
1089 1872 1162 1904 item,
1175 1880 1261 1907 neque
1270 1872 1416 1899 secundum
1429 1871 1555 1905 temporis
1565 1878 1721 1898 excessum:

939 1918 1056 1952 alioquin
1073 1917 1125 1944 hoc
1142 1923 1221 1952 pacto
1245 1917 1326 1945 etiam
1342 1916 1424 1944 Deum
1447 1916 1553 1943 Patrem
1569 1922 1628 1943 esse
1642 1922 1723 1950 nega-

940 1964 1047 1998 bimus;
1079 1972 1141 1991 cum
1169 1963 1297 1991 alienatio
1312 1971 1371 1998 quae
1386 1964 1412 1990 in
1429 1962 1547 1989 essentia
1565 1962 1698 1996 reperitur
1713 1981 1721 1993 ,

940 2010 1157 2046 coniunctionem
1175 2009 1324 2037 naturalem
1342 2008 1458 2036 aboleat.

1034 2055 1086 2082 Sed
1100 2055 1226 2090 quoniam
1239 2055 1291 2082 huc
1306 2054 1350 2081 ille
1365 2054 1391 2081 in
1403 2053 1528 2081 omnibus
1538 2053 1647 2087 sapiens
1664 2059 1722 2087 pro-

943 2097 1053 2136 gréssus
1067 2105 1120 2132 est,
1140 2101 1218 2127 nobis
1234 2104 1262 2126 ut
1272 2099 1397 2127 dclinirel
1408 2098 1536 2133 tetnporis
1546 2103 1680 2129 naturam,
1694 2103 1723 2125 et

938 2147 981 2174 hic
999 2155 1079 2182 quam
1098 2146 1186 2179 ﬁrma,
1205 2154 1284 2182 quam
1305 2146 1500 2180 circumspecta
1513 2145 1547 2172 sit
1565 2151 1642 2171 mers
1652 2144 1721 2179 ejus,

937 2193 1086 2220 videmnus.
1101 2192 1291 2227 Tempnsergo
1304 2197 1407 2218 certum
1425 2191 1568 2226 quemdam
1583 2189 1720 2217 stellarum

938 2245 1039 2266 motum
1057 2246 1117 2266 esse
1127 2239 1203 2270 dicit,
1224 2238 1289 2266 Solis
1300 2231 1424 2265 videlicet
1439 2242 1466 2264 et
1478 2237 1547 2264 lunae
1559 2244 1591 2264 ac
1607 2237 1723 2271 reliqua-

941 2293 1011 2316 rum,
1030 2284 1128 2319 quibus
1149 2284 1219 2310 inest
1248 2291 1302 2317 qua
1325 2290 1375 2318 per
1401 2290 1430 2311 se
1447 2287 1617 2310 moveantur.
1637 2281 1722 2308 luter-

942 2331 1039 2357 vallum
1061 2331 1143 2365 igitur
1158 2330 1228 2365 quod
1246 2330 1278 2356 ab
1291 2329 1395 2364 origine
1409 2328 1594 2356 celietterra:
1611 2327 1644 2354 ad
1656 2326 1721 2354 stel-

941 2373 1027 2401 larunt
1039 2380 1124 2408 usque
1141 2372 1306 2400 creationem
1331 2371 1493 2402 intercessit,
1516 2371 1644 2405 qutduam
1664 2376 1723 2396 esse

942 2419 1068 2446 decernet
1082 2417 1196 2444 eximius
1211 2416 1255 2444 ille
1269 2424 1358 2444 rerum
1381 2415 1535 2443 sublimium
1551 2414 1724 2450 speculator?

943 2464 1008 2491 Nam
1026 2462 1069 2497 qui
1085 2462 1174 2490 mundi
1186 2462 1348 2490 creationem
1361 2462 1460 2488 virtute
1477 2461 1593 2496 Spiritus
1605 2459 1725 2487 conscri-

945 2509 1008 2544 psit,
1024 2516 1120 2543 magna
1144 2507 1188 2535 illa
1212 2507 1356 2534 luminaria
1381 2512 1409 2534 et
1434 2506 1554 2541 reliquas
1573 2505 1665 2532 stellas
1681 2504 1725 2531 die

944 2558 1042 2589 quarta
1064 2554 1210 2588 productas
1227 2561 1286 2581 esse
1301 2553 1442 2587 perspicue
1460 2556 1553 2579 narrat
1567 2553 1588 2579 ³.
1609 2550 1726 2585 Tempus

945 2601 1036 2634 igitur,
1057 2604 1086 2626 ut
1109 2599 1203 2634 liquet,
1229 2598 1255 2625 in
1284 2598 1419 2632 prioribus
1445 2598 1539 2624 diebus
1555 2602 1724 2630 nequaquam

945 2651 1025 2672 erat:
1047 2644 1177 2679 siquidem
1202 2645 1318 2670 nondum
1337 2643 1515 2671 movebantur
1541 2641 1636 2668 stellae.
1653 2640 1725 2673 Quo-

948 2691 1026 2718 n'odo
1040 2691 1112 2718 cnim
1131 2690 1156 2717 id
1174 2689 1232 2717 ﬁcri
1245 2690 1389 2724 potuisset,
1408 2696 1468 2716 cum
1487 2696 1520 2714 ne
1538 2686 1652 2714 conditae
1666 2685 1727 2720 qni-

946 2737 1006 2764 dem
1027 2736 1140 2763 inissent
1151 2735 1248 2762 initio?
1265 2735 1297 2762 Et
1308 2735 1417 2766 iterum,
1434 2731 1583 2760 cnthcsus
1598 2730 1669 2758 Nave
1680 2729 1728 2755 ud-

947 2790 1038 2808 vvrsus
1054 2781 1220 2809 Gabaonitas
1239 2784 1379 2816 pugnaret,
1395 2779 1519 2814 quoniam
1537 2776 1578 2804 soi
1595 2778 1728 2811 prmcepto
1752 2797 1756 2801 .
