1902 3078
45 125 96 159 521

529 123 716 154 ΡΑΝΟΡΗΑ
737 124 964 154 υΟΟΜΛΤΙΟΑ.
981 137 1014 142 -
1033 125 1107 154 ΤΙΤ.
1128 122 1180 157 XI.

1618 127 1669 159 522

45 197 89 226 οὖν
99 199 145 226 τοῦ
158 199 325 234 Εὑαγγελίου
337 199 464 235 λάϐωμεν
475 200 514 231 τὸ,
535 200 585 227 Ἐν
597 199 675 235 ἀρχῇ
693 200 733 234 ἦν
747 203 763 227 ὀ
779 204 799 228 Α
805 202 828 227 ὥς

885 207 915 227 ex
935 197 1077 232 Evangelio
1092 197 1199 232 quidem
1222 205 1361 226 sumamus
1377 198 1463 227 illud:
1481 200 1514 228 In
1539 202 1665 236 principia

46 253 97 278 τος
107 252 113 259 ·
131 245 162 271 ἐκ
174 245 203 271 δὲ
215 244 261 271 τοῦ
272 244 380 280 ψαλμοῦ
399 246 436 277 ὡς
450 246 482 272 ἐκ
503 245 648 281 προσώπου
663 245 710 272 τοῦ
727 247 832 282 Πατρὺς

45 290 188 326 εἰρημένον
205 290 246 323 τὸ,
263 291 311 317 Ἐκ
323 292 454 325 γαστρὸς
472 291 529 325 πρὸ
546 292 700 327 ἑωσφρρου
786 302 832 328 γε·

44 335 177 369 γὲννηκά
193 344 247 363 σε’·-
263 337 309 363 mi.
322 337 463 369 συνθέντες
477 338 629 374 ἀμφότερα,
647 339 780 375 εἴπωμεν,
791 341 832 367 ὅτι

44 382 92 408 καὶ
110 379 143 417 ἦν
166 383 213 409 καὶ
227 383 399 417 γεγέννηται.
421 384 500 410 Ἀλλὰ
514 384 544 410 τὸ
568 385 626 420 μὲν,
644 385 831 420 Γεγέννηκα,

43 428 94 462 τὴν
110 427 199 454 αἰτίαν
209 428 255 462 ἀφ’
270 426 304 465 ἦς
317 428 373 463 ἔχει
386 429 435 464 τὴν
446 429 534 464 ἀρχὴν
546 429 594 456 τοῦ
608 428 678 457 εῖναι
692 431 829 466 σημαίνει·

43 473 74 499 τὸ
86 473 126 504 δὲ,
137 471 153 502 Ϊ
155 475 211 505 Ην,
228 473 277 509 τὴν
291 474 403 509 ἄχρονον
416 475 499 501 αὑτοῦ
510 476 556 502 καὶ
568 475 727 510 προαιώνιον
741 476 831 512 ὓπαρι

45 517 96 550 ειν.
119 519 148 545 'O
169 519 207 550 δὲ,
234 519 470 555 ἐπαγωνιζόμενος
488 522 520 557 τῇ
547 522 644 549 ἑαυτοῦ
661 523 770 558 ἀπάτῃ,
792 524 832 554 εἰς

44 564 145 590 ἄτοπον
159 565 205 591 τὸν
224 564 301 599 λόγον
311 566 428 600 ἀπάγειν
442 567 537 593 οἴεται.

80 656 161 683 ΕΥΝ.
191 657 223 683 Εἰ
238 657 301 692 γὰρ.
325 658 401 693 φησὶ,
428 659 480 694 πρὸ
495 659 545 694 τῆς
557 661 708 696 γεννήσεως
799 659 833 696 ἦν

43 701 93 735 τῆς
111 701 208 728 ἑαυτοῦ
222 702 237 727 ὁ
251 702 324 734 Υἱὸς,
343 703 490 739 ἀγέννητος
505 702 549 739 ἦν.

79 747 156 773 ΒΑΣ.
178 747 257 774 Ἀλλά
282 748 313 774 τὸ
333 748 389 782 πρὸ
411 749 467 783 τῆς
496 749 664 784 γεννήσεως
696 751 790 784 τοῦτο.
811 749 834 779 ὦ

45 793 157 828 μάταιε,
182 793 241 827 ἦτοι
264 793 438 829 ἀνύπαρκτόν
460 796 517 821 ἐστι
540 796 692 829 παντελῶς,
711 798 757 824 καὶ
777 798 834 825 δια-

45 840 121 871 νοίας
136 839 315 874 ἀναπλασμὸς
330 841 418 867 οῦδενὶ
438 841 612 878 ἐρειδομένης
637 843 809 880 ὑποκειμένῳ
824 854 830 860 ·

43 886 92 912 καὶ
123 885 150 912 τί
175 885 214 912 δεῖ
238 886 388 920 ἀντιλέγειν
404 889 460 918 τοῖς
484 888 626 924 ἀνοήτοις,
643 890 833 926 παραπλήσιον

43 931 100 965 γὰρ
116 930 204 962 τοῦτο,
218 930 312 966 ὥσπερ
324 931 356 958 ἂν
373 932 397 957 εί
413 932 458 958 καὶ
473 932 511 968 τῷ
526 933 571 959 τὸν
582 933 709 969 λογισμὸν
722 936 754 962 ἐκ
766 944 833 972 φρε-

43 975 144 1007 νίτιδος
161 976 352 1011 παρενεχθέντι
364 977 548 1013 διεμαχόμεθα
563 987 570 993 ·
589 979 605 1014 ἢ
618 980 641 1006 εἰ
659 981 725 1014 πρός
736 989 764 1007 τι
779 981 833 1008 τῶν

42 1022 131 1048 ὅντων
155 1022 280 1057 φέρεται,
304 1024 350 1049 καὶ
380 1024 445 1060 πρὸς
458 1024 506 1059 τὴν
533 1025 586 1052 τῶν
601 1026 706 1053 αἰώνων
731 1026 833 1054 ἔννοιαν

43 1067 234 1102 ἐνεχοὴσεται.
264 1068 331 1094 Ἀλλ’
345 1069 423 1106 εἴπερ
440 1070 537 1101 αἰῶνες
561 1071 660 1103 πάντες
684 1073 760 1100 κάτω
782 1082 832 1100 που

42 1113 93 1148 τῆς
107 1113 243 1146 γενέσεως
341 1115 390 1141 τοῦ
410 1116 579 1150 Μονογενοῦς
601 1117 734 1151 νοοῦνται,
749 1119 832 1147 αὑτοῦ

42 1159 152 1185 ἐκείνου
175 1159 250 1191 (ivra;
267 1161 417 1196 ποιήματα,
446 1161 561 1196 μάταιος
585 1164 600 1190 ὁ
626 1163 764 1199 ἐπιζητῶν
785 1165 833 1201 τῆς

43 1206 221 1237 ὑποστάσεως
246 1206 293 1232 τοῦ
323 1206 388 1234 Υἱοῦ
414 1207 449 1234 τὰ
473 1208 655 1245 πρεσϐύτερα.
672 1210 755 1237 Οὐδὲν
779 1211 833 1247 γὰρ

41 1250 216 1285 ἀλλοιότερον
226 1252 324 1286 ἐρωτᾷ,
341 1252 358 1287 ἢ
374 1253 398 1278 εἰ
409 1252 455 1279 καὶ
476 1254 540 1289 περὶ
555 1253 602 1280 τοῦ
627 1255 734 1290 Πατρδς
752 1256 834 1282 ἐτιυν⁸

44 1296 156 1328 oliveto,
176 1297 289 1331 πὸτερον
313 1297 418 1334 ὑπῆρχε
441 1299 494 1334 πρὸ
512 1300 561 1335 τῆς
577 1300 645 1332 ιδίας
665 1302 832 1334 συστάσεως,

41 1342 58 1376 ἢ
72 1341 146 1376 οὐχί.
167 1342 210 1373 Ὠς
225 1343 279 1378 rip
295 1343 354 1369 ἐκεῖ
367 1344 481 1380 ἀνόητον
504 1345 533 1371 τὸ
552 1345 682 1381 ἐρώτημα
693 1367 701 1380 ,
722 1347 768 1374 ἐπὶ
785 1349 833 1376 τοῦ

40 1387 166 1423 ἁνᾶρχου
194 1388 240 1414 καὶ
267 1389 416 1424 ἀγεννήτου
436 1389 526 1424 ζητεῖν
542 1390 572 1417 τὸ
593 1391 745 1428 ἀνώτερον·
763 1394 834 1422 οὕτω

40 1433 91 1459 καὶ
106 1433 234 1465 ἐνταῦθα,
254 1434 300 1460 ἐπὶ
319 1436 366 1461 τοῦ
381 1435 411 1468 ἐξ
430 1435 514 1463 ἀϊδίου
529 1437 568 1472 τῷ
586 1437 673 1474 Πατρὶ
698 1439 831 1474 συνόντος,

41 1480 91 1506 καὶ
104 1480 182 1506 οὐδὲν
193 1480 299 1515 ἔχοντος
318 1481 400 1517 μέσον
415 1482 512 1509 ἑαυτοῦ
524 1491 553 1510 τε
566 1484 613 1510 καὶ
625 1484 672 1511 τοῦ
686 1486 834 1521 γεννήσαν-

38 1534 98 1556 τος,
112 1526 241 1561 χρονικὰς
260 1527 392 1554 ποιεῖσθαι
405 1527 451 1554 τοῦ
465 1529 598 1565 προτέρου
613 1530 663 1562 τὰς
673 1531 831 1568 ἐρωτήσεις,

38 1572 92 1606 τῆς
104 1572 168 1606 ἴσης
178 1572 262 1604 ὅντως
273 1572 374 1605 ἀνοίας.
388 1574 581 1610 Παραπλήσιον
588 1575 642 1613 γὰρ
709 1577 813 1614 ἐρωτᾷν
823 1598 831 1611 ,

38 1617 66 1642 τί
86 1616 163 1643 ἔσται
179 1617 249 1652 μετὰ
264 1618 313 1653 τὴν
329 1618 462 1655 πελευτὴν
476 1620 524 1646 τοῦ
542 1620 687 1653 ἀθανάτου,
709 1623 755 1649 καὶ
771 1623 832 1650 ἐπι-

882 249 937 272 erat
959 243 1068 270 Verbum
1089 245 1118 276 ‘;
1135 244 1185 271 hoc
1213 250 1279 271 vero
1298 251 1330 271 ex
1347 244 1455 272 Psalmo
1477 246 1549 274 velut
1570 254 1586 274 e
1607 255 1667 282 per-

882 297 949 318 sona
964 289 1052 317 Patris
1069 289 1172 316 dictum
1187 297 1195 316 :
1211 288 1250 315 Ab
1261 294 1335 316 utero
1352 297 1413 317 ante
1434 291 1571 325 luciferum
1589 293 1666 327 genui

884 340 909 362 te
930 334 939 348 '
953 343 961 368 ;
977 339 1058 370 atque
1075 334 1197 368 utrisque
1215 334 1285 361 inter
1301 341 1331 361 sc
1354 335 1509 369 compositis
1523 336 1644 363 dicamus
1659 344 1665 361 :

885 382 916 408 Et
930 387 999 414 erat.
1013 385 1042 409 et
1060 380 1166 415 genitus
1176 386 1228 409 est.
1245 380 1343 408 Verum
1356 388 1408 408 vox
1425 380 1508 408 Genui
1525 389 1634 410 causam
1653 390 1668 409 a

884 434 936 461 qua
961 426 1123 462 principium
1141 427 1223 455 habet
1242 427 1355 460 carendi,
1371 427 1526 462 signiﬁcat:
1548 435 1598 456 vox
1621 436 1668 456 au-

885 478 949 505 tem,
965 472 1042 506 Erat,
1066 473 1166 500 indicat
1188 472 1247 506 ejus
1266 473 1453 500 exsistentiam
1480 477 1601 508 tempore
1621 481 1670 501 ca-

885 523 988 545 rentem
1010 526 1042 546 ac
1058 518 1261 553 sempiternam.
1283 518 1336 545 Sed
1357 525 1421 545 vero
1443 525 1493 553 pro
1509 526 1557 546 sua
1575 519 1670 546 fraude

883 564 1024 592 decertans
1040 564 1196 597 Eunomius,
1205 565 1354 592 orationem
1371 564 1404 591 ad
1417 563 1565 592 absurdum
1583 564 1670 592 addu-

883 617 944 637 cere
958 617 988 638 se
1003 614 1089 644 putat.

918 654 985 682 Eun.
1003 654 1032 682 Si
1055 655 1127 682 enim
1142 675 1150 687 ,
1165 655 1262 690 inquit,
1288 660 1350 683 ante
1374 663 1450 683 suam
1466 657 1668 692 generationem

883 699 967 728 Filius
979 704 1050 732 erat.
1068 701 1203 736 ingenitus
1217 706 1286 728 erat.

917 747 980 773 Bas.
993 746 1027 774 At
1043 746 1117 779 illud,
1135 752 1196 773 ante
1214 748 1419 782 generationem,
1430 755 1447 775 ο
1466 748 1508 775 vir
1523 756 1604 781 vane,
1621 754 1670 776 aut

882 791 954 819 nullo
967 791 1046 819 modo
1066 791 1198 824 subsistit,
1228 793 1382 827 mentisque
1402 793 1466 819 nulli
1489 793 1612 828 subjecto
1627 794 1669 821 in-

883 837 1009 864 merentis
1028 842 1209 864 commentum
1234 842 1285 866 est.
1301 837 1353 865 Sed
1374 839 1439 873 quid
1455 839 1554 866 attinet
1579 839 1668 866 stultis

881 882 1070 910 contradicere
1086 883 1097 908 ?
1111 883 1163 910 hoc
1178 886 1249 911 enim
1274 883 1385 918 perinde
1405 890 1446 911 est
1461 889 1543 919 atque
1559 892 1620 912 cum
1635 892 1668 912 eo

883 929 1048 957 contendere
1059 947 1067 962 ,
1083 929 1126 956 cui
1140 929 1251 957 rationis
1272 937 1347 957 usum
1365 930 1506 964 phrenesis
1526 931 1666 958 ademerit.

882 976 934 1001 Aut
947 976 969 1002 si
985 975 1018 1001 ad
1032 975 1168 1010 quidpiam
1189 980 1281 1003 eorum
1298 983 1358 1010 quae
1377 980 1441 1003 sunt
1457 976 1556 1008 tendit,
1571 976 1604 1004 ad
1619 984 1669 1004 ste-

881 1020 1002 1048 cnlorum
1020 1028 1129 1056 quoque
1144 1021 1280 1049 notionem
1294 1022 1450 1049 deducetur.
1469 1021 1568 1049 Verum
1584 1023 1607 1049 si
1621 1029 1670 1050 ste-

882 1065 940 1092 cula
960 1067 1049 1093 omnia
1067 1066 1137 1094 inl‘ra
1149 1067 1350 1102 generationem
1365 1066 1502 1102 Unigeniti
1515 1067 1668 1103 intelligun-

883 1115 935 1142 tur,
951 1120 1012 1138 cum
1034 1112 1106 1139 illius
1128 1112 1213 1147 ipsius
1236 1113 1292 1140 sint
1306 1117 1447 1145 creaturae.
1460 1120 1546 1140 vanus
1564 1119 1605 1140 est
1621 1114 1666 1148 qui

881 1157 945 1191 quid
973 1158 1125 1184 substantia
1143 1157 1203 1184 Filii
1230 1158 1368 1193 antiquius
1385 1159 1492 1192 quaerit.
1504 1158 1576 1186 Nihil
1596 1160 1667 1186 enim

881 1203 994 1230 alienius
1009 1203 1115 1238 quaerit,
1125 1211 1206 1238 quam
1223 1203 1245 1230 si
1260 1204 1293 1231 de
1307 1203 1385 1231 Patre
1396 1205 1477 1231 etiam
1495 1209 1669 1239 percontare-

883 1253 936 1280 tur,
947 1253 1036 1275 utrum
1050 1253 1113 1276 ante
1126 1257 1202 1277 suam
1215 1249 1436 1277 constitutionem
1454 1249 1585 1281 fuerit,an
1604 1258 1666 1278 non.

882 1293 987 1320 Etenim
1003 1298 1032 1321 ut
1041 1294 1096 1321 illic
1109 1294 1153 1321 hic
1165 1295 1278 1329 quaestio
1288 1295 1369 1322 stulta
1384 1300 1436 1327 est,
1547 1303 1668 1330 quaerere

881 1340 1007 1368 videlicet
1021 1341 1047 1367 in
1058 1347 1090 1368 eo
1101 1340 1146 1374 qui
1159 1341 1291 1375 principio
1308 1345 1420 1368 caretac
1433 1340 1567 1376 ingenitus
1575 1344 1680 1368 estsu-v

881 1386 971 1420 perius
985 1386 1110 1421 quiddam
1123 1394 1128 1411 :
1147 1385 1183 1413 ita
1194 1386 1237 1414 hic
1251 1393 1358 1422 quoque
1370 1387 1402 1414 de
1413 1394 1446 1414 eo
1460 1387 1506 1421 qui
1519 1386 1553 1413 ab
1565 1391 1668 1414 anerno

881 1437 922 1459 est
936 1439 997 1459 cum
1014 1432 1105 1464 Patre.
1119 1432 1241 1467 nihilque
1257 1432 1337 1459 habet
1353 1432 1433 1459 medii
1454 1432 1523 1460 inter
1539 1437 1608 1465 seet
1623 1439 1668 1467 ge-

882 1477 1015 1510 nitorem,
1034 1477 1196 1512 tcmporales
1211 1477 1303 1505 facere
1324 1480 1356 1505 de
1371 1477 1460 1513 priore
1484 1478 1665 1512 quaestiones;

881 1522 992 1556 aequalis
1011 1523 1090 1558 plane
1109 1522 1253 1550 dementiae
1272 1527 1324 1550 est.
1338 1522 1405 1549 Nam
1422 1524 1536 1559 perinde
1555 1524 1620 1556 erit,
1635 1531 1667 1550 ac

881 1569 904 1595 ai
923 1568 984 1603 quis
997 1568 1145 1602 interroget
1159 1567 1222 1602 quid
1236 1567 1354 1594 futurum
1371 1567 1406 1594 sit
1421 1573 1479 1602 post
1489 1568 1592 1595 obitum
1611 1567 1668 1602 ejus

882 1615 926 1650 qui
942 1615 1103 1642 immortalis
1119 1619 1171 1647 est,
1191 1619 1348 1649 quaeratque
1369 1615 1432 1649 quid
1456 1613 1591 1641 exstiterit
1607 1619 1670 1641 ante

39 1663 137 1698 ζητεῖν
159 1663 186 1689 τι
206 1663 312 1699 ὑπῆρχε
332 1665 384 1700 πρὸ
398 1667 446 1700 τῆς
458 1667 609 1703 γεννήσεως
628 1667 676 1694 τοῦ
689 1668 785 1696 ἀϊδίου.
801 1669 831 1696 Ol

885 1660 1082 1695 generationem
1098 1659 1265 1694 sempiterni.
1291 1659 1322 1686 lli
1340 1665 1440 1691 autem,
1457 1660 1520 1695 quia
1545 1659 1669 1694 principii

38 1710 80 1740 ἰὲ,
97 1709 191 1745 ἐπειδὴ
209 1709 238 1735 τὸ
248 1711 365 1746 ἄναρχον
379 1711 425 1738 τοῦ
445 1713 551 1748 Πατρὺς
561 1713 646 1741 ἀΐδιον
660 1714 831 1750 ὀνομάζεται,

36 1755 142 1780 ταυτὸν
159 1755 189 1781 τὸ
200 1756 310 1791 ἀνάρχῳ
324 1757 353 1783 τὸ
365 1757 448 1784 ἀΐδιον
463 1754 654 1792 ἀποφαίνουσι,
678 1761 725 1786 καὶ
739 1761 831 1796 ἐπειδὴ

37 1800 80 1834 μὴ
105 1800 254 1836 ἀγέννητος
277 1803 291 1827 ἰ,
310 1802 384 1834 Υἱὸς,
398 1803 456 1829 οὐδὲ
472 1804 556 1830 αἴδιον
569 1802 637 1832 εἶναι
662 1806 829 1840 ὁμολογοῦσι.

35 1845 174 1870 Πλεῖστον
198 1845 225 1871 δὲ
249 1846 372 1881 διαφέρει
387 1847 459 1874 κατὰ
473 1848 522 1883 τὴν
541 1849 654 1876 ἔννοιαν.
674 1850 832 1886 ’Δγέννητον

36 1890 92 1924 μὲν
119 1890 175 1926 γὰρ
190 1890 298 1925 λέγεται
315 1893 345 1918 τὸ
359 1893 495 1928 μηδεμίαν
516 1895 603 1930 ἀρχὴν
629 1896 737 1929 ἑαυτοῦ,
765 1898 831 1933 μηδὲ

35 1935 132 1961 αἰτίαν
150 1935 211 1970 ἔχον
226 1936 272 1963 τοῦ
288 1934 372 1964 εἶναι·
387 1939 470 1966 ἀΐδιον
485 1940 554 1966 δὲτὸ
565 1941 659 1976 χρόνου
674 1942 773 1974 παντὸς
784 1943 831 1969 καὶ

33 1980 139 2012 αἰῶνος
155 1982 224 2008 κατὰ
234 1983 264 2009 τὸ
277 1981 347 2010 εἶναι
359 1984 553 2020 πρεσϐύτερον.
569 1986 650 2012 Ὅθεν
668 1988 714 2014 καὶ
728 1988 742 2014 ὀ
753 1987 828 2019 Υἱὸς,

34 2024 87 2050 xa‘.
115 2025 165 2051 οὐκ
185 2026 339 2062 ἀγέννητος,
367 2029 414 2055 καὶ
439 2030 532 2062 ἀΐδιος.
557 2030 627 2065 Ἤδη
649 2031 739 2058 δὲκαὶ
768 2033 830 2064 τοὺς

34 2069 146 2101 αἰῶνας
162 2070 267 2102 ἀξιοῦσί
287 2080 359 2104 τινες
386 2074 434 2109 τῆς
452 2074 498 2101 τοῦ
517 2075 602 2102 ἀϊδίου
696 2084 830 2113 προσηγο-

34 2115 112 2150 ρίας,
132 2115 170 2146 ὡς
184 2117 215 2142 ὲκ
228 2117 274 2143 τοῦ
289 2118 332 2144 ἀεὶ
348 2116 416 2145 εἷναι
434 2120 484 2155 τῆς
497 2120 618 2156 κλήσεως
630 2121 732 2157 ταύτης
751 2131 828 2149 τετυ-

32 2163 169 2198 nauita;
197 2164 290 2199 Ἡμεῖς
317 2166 345 2192 δὲ
364 2167 413 2201 τῆς
442 2167 526 2202 αὐτῆς
555 2167 717 2203 λογιζόμεθα
744 2177 830 2205 παρα-

34 2209 115 2239 νοίας
128 2209 175 2235 καὶ
193 2210 225 2244 τῇ
239 2210 325 2237 κτίσει
345 2213 565 2246 προσμαρτυρεῖν
577 2213 607 2238 τὸ
621 2213 714 2244 ἀΐδιον,
729 2214 774 2240 καὶ
787 2215 830 2241 τὸν

34 2254 182 2289 Δεσπότην
198 2255 247 2288 τῆς
259 2256 372 2287 κτίσεως
386 2257 434 2290 τῆς
451 2257 593 2291 ὁμολογίας
607 2258 706 2293 ταύτης
719 2260 830 2285 ἀποστε-

34 2307 110 2331 ρειν.

259 2352 308 2379 ἐκ
329 2352 381 2379 τοῦ
400 2353 493 2380 αὐτοῦ
510 2354 614 2386 λόγου.

71 2396 128 2423 Τὸν
146 2400 277 2433 μονογενῆ
291 2399 355 2425 Υιὸν
373 2399 509 2434 ὑπουργῆν
522 2401 737 2436 προσηγόρευσε,
752 2402 829 2428 τοῦτο

30 2443 116 2479 αὐτῷ
134 2445 291 2478 προστιθεὶς
309 2446 392 2480 μέγα,
409 2447 449 2472 ὅτι
466 2446 575 2478 εὒθετος
590 2447 657 2482 πρὸς
674 2447 723 2483 τὴν
737 2448 829 2475 διακο-

31 2490 103 2516 νίαν
118 2489 180 2523 ξτῶν
208 2491 431 2525 ἔπιτασσομένων
448 2492 532 2518 ἐστίν.
548 2492 580 2518 Et
602 2493 657 2526 γὰρ
675 2493 724 2519 οὐκ
740 2494 769 2519 ὲν
794 2494 832 2527 τῷ
847 2517 852 2521 ,

31 2535 104 2570 Θεῷ
127 2534 200 2562 εἶναι
217 2537 316 2569 τέλειος
335 2538 384 2573 τὴν
408 2537 486 2570 δόξαν
508 2538 654 2573 κέκτηται,
675 2539 733 2565 ἀλλ’
753 2540 780 2566 ἐν
796 2541 834 2575 τῷ

27 2581 178 2616 ὑπουργὸς
193 2582 321 2617 ἀκριϐὴς,
334 2584 360 2610 τι
372 2584 466 2610 διοίσει
480 2584 534 2612 τῶν
547 2584 742 2620 λειτουργικῶν
753 2595 832 2612 msu-

29 2628 135 2663 μάτων
154 2629 306 2664 ἀμέμπτως
322 2630 352 2656 τὸ
364 2630 445 2665 ἔργον
463 2631 512 2664 τῆς
526 2631 665 2662 διακονίας
677 2631 832 2657 ἐπιτελούνο

24 2683 113 2707 τωνς
134 2675 186 2701 Διὰ
201 2676 286 2702 ταῦτα
299 2676 338 2711 τῷ
353 2677 494 2711 γεννηθεὶς
513 2677 541 2703 τὺ
556 2677 675 2708 κτισθεὶς
694 2678 812 2712 συνῆψεν
823 2698 830 2709 ,

26 2721 84 2749 ἵνα
109 2722 258 2749 κάντεῦθεν
282 2723 417 2758 μηδεμίαν
436 2721 519 2751 οὖσαν
539 2723 604 2750 Υἱοῦ
623 2724 670 2751 καὶ
687 2724 835 2759 κτίσματος

23 2769 174 2803 διαφορὰν
185 2769 318 2805 ἐπιδείξῃ.
333 2769 428 2802 ’Λξιον
441 2770 469 2797 δὲ
484 2769 599 2797 ἀκοῦσαι
613 2770 659 2796 καὶ
670 2771 718 2805 τῆς
733 2779 831 2806 παραι-

74 2853 81 2867 ¹
100 2851 181 2879 Joan.
195 2860 214 2884 ι,
234 2851 257 2878 l.
296 2852 306 2866 ¹
320 2851 390 2879 Psal.
405 2858 461 2883 cur,
477 2851 504 2878 5.

217 2898 351 2928 PATROL.
373 2897 430 2928 Gn.
447 2897 578 2928 CXXX.

883 1705 910 1732 in
923 1705 1003 1732 Patre
1021 1705 1135 1739 privatio
1150 1706 1287 1732 aeternitas
1306 1705 1470 1738 nominatur,
1489 1705 1668 1740 privationem

882 1751 1006 1786 principii
1024 1751 1253 1778 decernuntidem
1270 1759 1331 1778 esse
1348 1756 1430 1785 atque
1443 1751 1633 1783 aeternitatem,
1641 1756 1669 1777 et

882 1797 1008 1832 quoniam
1021 1796 1105 1824 Filius
1120 1803 1172 1823 non
1184 1802 1226 1824 est
1245 1797 1393 1832 ingenitus,
1409 1804 1442 1823 ne
1457 1801 1588 1823 aeternum
1605 1797 1668 1830 qui-

881 1841 942 1868 dem
962 1848 1021 1868 esse
1038 1841 1205 1876 proﬁtentur.
1216 1841 1268 1869 Sed
1288 1846 1378 1869 tamen
1396 1843 1452 1869 haec
1470 1840 1596 1870 dili‘erunt
1605 1842 1668 1880 plu-

883 1887 980 1914 rimum
1004 1887 1211 1920 signiﬁcatione.
1227 1886 1293 1914 Nam
1312 1888 1459 1922 ingenitum
1472 1882 1582 1920 'dicitur,
1597 1888 1668 1922 quod

885 1939 971 1967 neque
998 1932 1159 1966 principium
1177 1934 1217 1960 sui
1238 1933 1332 1968 ipsius,
1354 1940 1440 1967 neque
1460 1941 1568 1960 causam
1591 1937 1618 1960 ut
1634 1934 1668 1960 sit

884 1978 986 2004 habet:
1003 1982 1134 2005 aeternum
1152 1986 1226 2011 vero,
1246 1979 1317 2013 quod
1337 1983 1457 2014 tempore
1478 1979 1550 2006 omni
1567 1983 1593 2006 et
1612 1986 1668 2005 arvo

883 2022 1029 2048 secundum
1046 2031 1101 2050 esse
1115 2023 1251 2058 antiquius
1278 2029 1330 2051 est.
1353 2023 1426 2052 Unde
1445 2029 1471 2051 et
1486 2023 1568 2051 Filius
1585 2028 1613 2051 ut
1628 2029 1669 2051 est

884 2075 937 2095 non
948 2068 1091 2103 ingenitus,
1102 2070 1138 2096 ita
1149 2074 1265 2098 a-ternus
1274 2075 1325 2098 est.
1334 2069 1394 2097 Jam
1407 2078 1470 2098 vero
1480 2070 1576 2097 saecula
1587 2070 1668 2097 etiam

884 2115 976 2141 aeterni
993 2115 1171 2149 appellatione
1188 2116 1307 2143 nonnulli
1327 2117 1481 2151 dignantur,
1498 2116 1575 2150 quasi
1587 2123 1619 2142 ex
1636 2122 1669 2143 eo

885 2160 956 2194 quod
971 2167 1076 2194 semper
1088 2161 1152 2192 sint,
1174 2163 1223 2189 boc
1236 2163 1350 2189 nominis
1361 2163 1458 2197 adepta
1473 2163 1536 2189 sint.
1550 2162 1603 2189 Nos
1620 2169 1669 2188 au-

887 2210 939 2232 tem
957 2210 983 2232 et
1000 2207 1131 2233 creaturis
1155 2207 1315 2234 aeternitatis
1333 2208 1512 2234 testiinonium
1537 2207 1667 2242 praebere.

885 2255 911 2277 et
929 2254 1112 2277 creaturarum
1135 2252 1274 2278 Domintnn
1298 2253 1346 2278 hac
1367 2253 1536 2279 confessione
1550 2252 1667 2287 privare.

886 2296 1005 2329 ejusdem
1022 2303 1081 2324 esse
1095 2298 1219 2325 amentiae
1231 2297 1404 2325 arbitramur.

1145 2357 1188 2384 Ea:
1204 2357 1292 2384 eodem
1313 2357 1393 2384 libro.

919 2403 1095 2438 Uuigenitum
1111 2403 1210 2431 Filium
1229 2404 1388 2430 ministrum
1411 2403 1566 2437 appellavit,
1581 2409 1631 2430 noc
1645 2402 1670 2429 ei

883 2457 1009 2483 magnum
1021 2449 1182 2482 attribuens,
1196 2450 1266 2484 quod
1278 2450 1311 2476 ad
1322 2457 1415 2476 eorum
1438 2457 1498 2483 quae
1508 2449 1673 2484 prtecipiun-

885 2499 928 2520 tnr
952 2495 1132 2522 ministerium
1150 2494 1262 2522 idoneus
1287 2498 1341 2522 est.
1375 2493 1403 2521 Si
1422 2494 1493 2521 enim
1516 2501 1569 2520 non
1590 2494 1617 2521 in
1637 2501 1671 2521 eo

885 2541 956 2575 quod
985 2541 1054 2568 Deus
1069 2540 1204 2574 perfectus
1220 2540 1265 2573 sit,
1291 2538 1460 2575 maiestatem
1475 2540 1608 2575 possidet,
1623 2540 1670 2567 sed

887 2587 913 2614 in
929 2594 962 2614 eo
975 2586 1046 2621 quod
1062 2586 1171 2614 sedulus
1186 2589 1222 2614 sit
1239 2587 1374 2620 minister,
1392 2587 1448 2621 jam
1467 2594 1481 2613 a
1503 2586 1672 2613 ministrato-

887 2631 934 2658 riis
950 2631 1099 2666 spiritibus,
1113 2631 1158 2664 qui
1185 2631 1320 2665 inculpale
1333 2630 1476 2658 ministerii
1498 2638 1565 2664 opus
1589 2630 1670 2666 perii-

887 2676 974 2708 ciunt,
984 2683 1036 2711 qua
1059 2677 1086 2703 in
1102 2683 1131 2703 re
1148 2675 1275 2703 dill‘eret?
1293 2676 1339 2703 His
1353 2676 1386 2703 de
1395 2676 1484 2703 causis
1498 2676 1556 2704 voci
1571 2677 1674 2711 genitus

889 2732 980 2752 vocem
994 2730 1095 2752 creatus
1107 2725 1256 2759 conjunxit.
1273 2725 1391 2752 utetiam
1409 2724 1472 2751 hinc
1487 2724 1585 2750 nullam
1603 2723 1675 2750 inter

887 2770 985 2798 Filium
994 2776 1022 2798 et
1034 2776 1186 2799 creaturam
1197 2771 1380 2799 diversitatem
1395 2778 1456 2799 esse
1469 2768 1670 2798 ostendatJnm

1475 2894 1511 2924 1'7
