1902 3078
40 166 94 198 529

524 170 713 201 PANOPLIA
734 171 965 202 DOGMATICA.
987 183 1022 188 —
1039 169 1114 200 TlT.
1150 170 1200 200 XI.

1619 168 1672 200 530

42 236 81 271 τῷ
96 236 142 265 καὶ
158 234 254 272 μικρὸν
270 235 456 270 ὲπιστήσαντι.
472 235 509 262 Οὐ
524 234 578 270 γὰρ
591 235 683 271 ἐπειδὴ
696 235 735 270 τῷ
748 236 830 271 ἐγρη-

885 236 952 263 enitn
976 235 997 262 si
1026 234 1162 262 contraria
1187 236 1260 264 sunt,
1281 233 1336 268 jam
1361 237 1454 261 mutuo
1476 240 1506 260 se
1530 233 1670 261 destruent

41 281 153 317 γορέναι
169 281 200 308 τὸ
213 281 263 317 ζῇν
276 280 383 312 ἕπεται,
399 280 438 316 τῷ
454 280 594 307 καθεύδειν
609 280 751 308 ἀκολουθεί
765 281 830 308 πάν-

41 337 98 359 τως
113 327 143 354 τὺ
153 327 290 354 τεθνάναι.
316 327 383 353 Ἀλλ’
403 327 465 354 οὔτε
481 327 609 359 ἐναντίως
623 327 679 363 ἔχει
693 328 724 355 τὸ
735 337 831 364 γεννη-

42 373 88 399 τὸν
100 372 167 408 πρὸς
181 372 211 399 τὸ
224 372 382 408 ἀγέννητον.
398 373 430 399 Εί
444 372 498 409 γὰρ
510 373 619 400 ὲναντία
631 374 679 401 καὶ
693 373 828 410 φθαρτικά

42 417 176 453 ἀλλήλων,
195 418 262 453 ὅπερ
282 417 321 449 εἰς
350 417 469 452 κεφαλὴν
486 418 543 449 τοῖς
561 417 752 453 βλασφημοῦσι
767 418 829 453 τρέ-

880 280 971 315 (quod
1000 280 1026 306 in
1055 283 1137 314 caput
1164 278 1410 314 blaspltemantium
1443 281 1595 312 vertatur),
1615 280 1670 307 into

881 333 967 360 neque
988 331 1083 353 natura
1099 325 1210 353 adversa
1227 329 1306 359 Sunt,
1321 332 1408 360 neque
1425 332 1484 359 quae
1497 333 1670 361 consequun-

883 376 937 405 tur,
948 371 1070 399 eamdem
1083 371 1236 399 necessario
1252 371 1390 400 habebunt
1403 371 1571 403 distantiam,
1588 379 1669 406 quam

882 422 908 445 et
923 416 1078 452 principalia
1091 416 1350 444 demonstrabantur
1365 416 1475 452 habere,

42 473 130 496 ποιτο,
144 465 199 491 ἀλλ’
212 464 273 491 οὔτε
286 466 319 500 τῇ
335 465 414 499 φύσει
431 465 558 500 πολέμια,
572 464 634 491 οὕτε
651 465 704 500 μὴν
718 464 752 491 τὰ
767 465 888 500 ἑπόμενα
909 464 1015 496 τούτοις
1035 464 1085 500 τὴν
1101 464 1187 500 αὐτὴν
1206 464 1363 498 ἀναγκαίως
1387 463 1442 496 ἔξει
1467 464 1618 498 διάστασιν,
1637 464 1671 499 ἢν

43 513 180 540 ἐδείκνυτο
196 513 267 548 ἔχειν
283 513 330 540 καλ⁹
348 513 382 540 τὰ
402 513 551 549 ἡγούμενα.

145 560 178 585 Ἢ
203 559 290 585 τοίνυν
311 559 459 594 ἁπάλειψόν
477 568 522 585 σου
548 558 577 585 τὸ
606 560 726 595 ῥήματα,
752 559 768 595 ἢ
793 559 829 595 μὴ

42 605 126 641 ἀρνοῦ
145 606 194 641 τὴν
213 605 348 632 ἀσέϐειαν.
367 605 405 641 Σὴ
422 606 475 641 γάρ
489 606 561 632 ἐστιν
577 607 593 642 ἡ
610 605 768 641 βλασφημία
782 605 830 632 τοῦ

43 652 182 687 εἰπόντος·
198 650 279 678 Ὅσον
299 651 487 687 παρήλλακται
502 651 548 678 τοῦ
564 651 692 686 γεννητοῦ
708 652 738 678 τὸ
750 651 830 686 ἀγέν-

49 707 138 734 ιητον,
153 697 278 724 τοσοῦτον
299 697 405 732 ἀνάγκη
429 697 619 733 παρηλλάχθαι
641 697 671 723 τὸ
688 696 746 732 φῶς
763 697 831 732 πρὸς

40 742 74 785 ξιὸ
99 743 166 778 φῶς.
187 742 292 770 Οὐκοῦν
311 743 347 774 ὼς
371 743 497 770 οὐδέποτε
520 742 626 778 μεθέξει
652 743 701 777 τῆς
717 743 832 778 ἀγεννη-

183 790 197 815 ὁ
207 789 344 825 γεννητὸς,
356 789 442 821 οὕτως
456 790 582 816 οὐδέποτε
594 789 669 824 αὐτῷ
684 788 730 815 τοῦ
744 789 832 823 φωτὸς

45 835 221 870 μεταδώσεις.
317 835 373 862 Καὶ
389 835 475 867 ἔσται,
495 836 565 862 κατά
587 834 627 867 σὲ,
651 834 760 870 ἡούσία
783 833 830 860 τοῦ

43 880 212 914 Μονογενοῦς
237 881 292 907 ἴσον
311 880 449 916 ἀπέχουσα
467 880 514 908 τοῦ
531 889 563 915 γε
586 880 732 916 ἀγέννητος
750 879 830 912 εἶναι,

46 790 105 822 τίας

43 925 92 951 κα)⁸
106 925 153 952 τοῦ
171 925 228 960 φῶς
242 925 360 953 νοεῖσθαι
374 927 421 953 καὶ
433 926 622 962 ὀνομάζεσθαι.
644 926 723 952 Ἀλλὰ
743 926 832 953 Ἰωάν-
846 940 867 966 Β

42 981 92 1007 νης
116 972 164 1007 μὲν
181 973 213 1007 τῇ
232 971 422 1008 μεγαλοφωνίᾳ
445 971 492 999 τοῦ
517 971 674 1006 Πνεύματος
687 972 773 1007 ὲμῦοᾷ
791 980 831 999 σοι

43 1018 130 1052 λέγων
143 1026 150 1032 ·
165 1016 220 1045 Ἦν
236 1018 269 1045 τὸ
287 1017 348 1053 φῶς
368 1017 402 1044 τὸ
416 1017 574 1051 ἀληθινόν·
590 1017 631 1043 σοὶ
647 1017 676 1043 δὲ
696 1018 745 1044 οὐκ
758 1017 832 1044 ἔστιν

42 1060 101 1089 ὦτα
120 1062 165 1089 τοῦ
191 1062 310 1095 ἀκούειν,
329 1063 389 1090 οὐδὲ
412 1063 510 1099 καρδία
531 1063 578 1090 τοῦ
601 1063 735 1090 συνιέναι*
765 1062 832 1090 ἀλλὰ

45 1108 114 1144 προς
132 1109 180 1144 τὴν
201 1109 344 1135 ἀντίπαλον
371 1109 462 1144 φύσιν,
491 1109 538 1135 καὶ
564 1109 772 1144 ἀσυνύπαρκτον
793 1108 832 1144 τῷ

43 1155 114 1188 φωτὶ
135 1155 185 1190 τὴν
209 1155 303 1181 οὐσίαν
327 1155 374 1181 τοῦ
390 1154 570 1189 Μονογενοῦς,
592 1156 648 1186 τοῖς
669 1154 832 1190 σοφίσμασιν

43 1201 217 1232 ἀπελαύνεις.
235 1195 272 1228 Οὐ
294 1200 348 1236 γὰρ
370 1201 402 1236 δὴ
425 1202 513 1227 ὲκεῖνο
536 1200 646 1236 ἰσχυρὸν
748 1201 831 1237 ἐρεῖς,

42 1247 84 1272 ὅτι
113 1247 160 1273 καὶ
182 1246 227 1272 ἐπὶ
243 1246 291 1273 τοῦ
314 1246 482 1280 Μηνογενοῦς
499 1246 551 1283 *τὴν
577 1247 762 1282 προσηγορίαν
783 1247 830 1273 τοῦ

42 1292 133 1326 φωτὸς
151 1293 201 1319 οὐκ
218 1292 337 1327 ἀφείλου.
357 1293 393 1319 οὐ
412 1292 466 1328 γὰρ
481 1293 509 1319 ὲν
523 1292 602 1328 ψόφῳ
616 1291 706 1327 ἀέρος,
727 1292 784 1319 ἀλλ’
801 1293 831 1319 ὲν

41 1340 76 1374 τῇ
89 1337 203 1373 δυνάμει
217 1337 270 1365 τῶν
288 1337 494 1374 σημαινομένων
509 1337 540 1364 τὸ
552 1338 674 1370 εὐσεϐές.
697 1337 725 1364 ’0
740 1338 769 1365 δὲ
782 1338 832 1365 οὐκ

41 1384 91 1410 ἐπὶ
112 1382 217 1410 τούτων
234 1383 298 1419 ἔστη
315 1405 323 1419 ,
407 1383 475 1410 ἀλλά
489 1384 536 1411 καὶ
555 1384 606 1419 τὴν
621 1384 694 1420 ζωὴν
719 1384 765 1411 καὶ
782 1384 831 1420 τὴν

41 1429 159 1464 δύναμιν
178 1428 216 1464 τῷ
234 1429 308 1465 αὑτῷ
330 1429 420 1465 μέτρῳ
433 1430 481 1464 τῆς
496 1431 536 1461 είς
552 1430 673 1457 ἐναντίον
763 1431 832 1457 ἀπο-

42 1475 166 1506 στάσεως
192 1475 349 1509 συνεπάγει,
373 1474 473 1502 εἰπών·
491 1475 572 1503 Ὅσον
595 1476 785 1512 παρήλλακται
801 1475 833 1503 τὸ

42 1519 174 1555 γεννητὸν
191 1520 260 1555 πρὸς
278 1520 309 1547 τὸ
328 1519 485 1555 ἀγέννητον,
499 1520 625 1548 τοσοῦτον
639 1521 746 1556 ἀνάγκη
759 1529 832 1557 παρ-

41 1565 178 1600 ηλλάχθαι
202 1566 233 1592 τὸ
258 1566 315 1601 φῶς
331 1566 400 1602 πρὸς
417 1567 448 1594 τὸ
463 1567 531 1601 φῶς,
553 1568 600 1594 καὶ
614 1567 662 1603 τὴν
677 1568 749 1604 ζωὴν
765 1568 833 1603 πρὸς

983 560 1037 586 Aut
1071 558 1152 594 igitur
1171 563 1216 586 tua
1242 558 1328 593 ipsius
1355 565 1437 585 veroa
1465 565 1600 593 expunge,
1624 563 1671 585 aut

883 604 938 632 noli
959 604 1125 639 impietatem
1141 611 1250 638 negare.
1267 603 1315 631 Est
1331 603 1405 631 enim
1422 603 1589 638 blasphemia
1605 608 1666 635 tua.

882 651 927 686 qui
944 650 1035 678 dixisti
1050 659 1057 677 :
1083 649 1217 683 Quantum
1239 648 1328 677 dilIert
1343 650 1462 684 genitum
1478 650 1512 677 ab
1527 650 1647 685 ingenito
1658 670 1665 682 ,

882 702 987 725 tantum
1010 703 1123 724 necesse
1145 700 1186 723 est
1203 695 1290 723 lucem
1312 703 1326 722 a
1344 696 1404 724 luce
1428 695 1548 724 dill'erre.
1577 696 1669 729 Quare

881 743 1111 779 quemadmodum
1127 743 1173 778 qui
1189 743 1296 778 genitus
1311 747 1370 777 est,
1389 750 1527 777 nunquam
1554 743 1669 779 ingene-

882 790 995 818 rationis
1014 791 1068 817 erit
1083 789 1218 825 particeps
1238 798 1245 817 :
1266 790 1305 817 sic
1330 797 1391 817 eum
1412 789 1481 817 lucis
1507 790 1666 825 participem

883 843 1021 869 nunquam
1041 835 1137 864 facies.
1152 835 1241 870 Atque
1256 834 1392 870 Uuigeniti
1404 835 1557 863 substantia
1574 842 1606 862 ex
1623 839 1667 863 tua

882 882 1017 908 sententia
1036 887 1113 915 aeque
1129 881 1217 908 aberit
1230 880 1265 908 ab
1279 887 1312 908 eo
1333 884 1362 907 ut
1379 880 1498 914 ingenita
1513 880 1562 913 sit,
1582 884 1668 914 atque

882 925 958 953 abest
975 926 1009 953 ab
1023 933 1056 953 eo
1075 931 1104 953 ut
1124 926 1169 953 lux
1193 933 1252 953 esse
1268 925 1443 961 intelligatur,
1459 930 1488 953 et
1501 925 1666 952 nominetur.

882 972 918 999 At
936 971 1055 1000 Joannes
1072 979 1169 1007 magna
1185 971 1302 1007 Spiritus
1322 979 1389 999 voce
1405 971 1534 998 inclamat
1550 971 1609 1004 tibi,
1626 971 1668 998 di-

882 1026 947 1047 cens
964 1027 972 1046 :
991 1017 1056 1045 Erat
1072 1020 1119 1045 tua:
1135 1026 1196 1045 vera
1221 1019 1240 1044 ‘.
1260 1016 1320 1045 Tibi
1335 1023 1424 1045 tamen
1439 1024 1517 1045 aures
1535 1025 1587 1045 non
1603 1021 1668 1045 sunt

883 1065 915 1092 ad
927 1064 1101 1097 audiendum,
1114 1071 1200 1098 neque
1211 1070 1259 1090 cor
1270 1063 1305 1090 ad
1319 1063 1533 1098 intelligendum.
1548 1062 1603 1090 lmo
1616 1063 1669 1090 tuis

883 1110 1100 1138 cavillationibus
1135 1109 1269 1144 Unigeniti
1295 1109 1476 1137 substantiam
1499 1109 1532 1136 ad
1555 1113 1665 1136 contra-

884 1157 951 1184 riam
971 1161 1111 1189 naturam,
1127 1162 1153 1184 et
1167 1163 1227 1191 qum
1251 1162 1310 1183 cum
1332 1156 1393 1184 luce
1407 1163 1468 1184 esse
1484 1163 1536 1183 non
1559 1155 1664 1191 possit,

885 1203 1017 1230 detrudis.
1041 1201 1095 1230 Nec
1118 1202 1189 1230 enim
1213 1201 1334 1237 profecto
1354 1202 1471 1230 validum
1493 1202 1559 1229 illud
1573 1202 1665 1234 dices,

888 1249 958 1283 quod
974 1248 1007 1275 ab
1020 1246 1166 1283 Unigenito
1182 1247 1390 1282 appellationem
1405 1247 1472 1275 lucis
1483 1255 1534 1275 non
1550 1247 1670 1275 abstule-

883 1293 930 1320 ris.
947 1292 1005 1320 Non
1020 1293 1092 1321 enim
1108 1292 1134 1320 in
1151 1300 1217 1320 sono
1232 1293 1314 1324 aeris,
1326 1293 1373 1320 sed
1388 1293 1416 1320 in
1432 1293 1458 1320 vi
1474 1300 1564 1320 rerum
1582 1294 1667 1327 signi-

883 1340 1022 1367 ﬁcatarum
1037 1340 1122 1374 pietas
1145 1343 1195 1366 est.
1214 1339 1264 1367 llic
1279 1346 1341 1366 vero
1361 1347 1414 1367 non
1436 1340 1462 1366 in
1485 1339 1527 1367 his
1541 1340 1645 1374 quievit
1660 1359 1667 1372 ,

883 1388 930 1414 sed
949 1386 1029 1414 simul
1051 1391 1079 1414 et
1098 1387 1181 1414 vitam
1209 1390 1234 1414 et
1257 1387 1404 1421 potentiam
1431 1387 1502 1414 inter
1527 1394 1556 1414 se
1574 1387 1669 1414 eadem

883 1434 1019 1461 distantia;
1043 1441 1169 1461 mensura
1195 1433 1348 1461 contrarias
1373 1433 1492 1465 inducit,
1518 1440 1580 1460 cum
1602 1434 1639 1460 ait
1661 1441 1668 1459 :

883 1479 1019 1513 Quantum
1038 1479 1127 1506 diﬂ'ert
1147 1479 1266 1513 genitum
1289 1480 1323 1506 ab
1338 1478 1469 1514 ingenito,
1492 1483 1595 1506 tantum
1620 1487 1670 1506 ne-

883 1533 959 1553 cesse
972 1530 1012 1552 est
1029 1525 1115 1552 lucem
1138 1532 1152 1552 a
1171 1524 1231 1552 luce
1250 1524 1369 1557 dill'erre,
1385 1530 1412 1552 et
1426 1526 1508 1552 vitam
1526 1533 1540 1552 a
1558 1526 1624 1558 vita,
1643 1530 1670 1552 et

884 1573 1034 1608 potentiam
1048 1580 1062 1599 a
1075 1571 1208 1606 potentia.
1317 1571 1387 1606 Ergo
1399 1570 1558 1607 Unigenitus
1571 1579 1670 1599 secun-

41 1613 94 1647 τὴν
107 1611 191 1648 ζωὴν,
204 1613 250 1639 καὶ
260 1612 308 1648 τὴν
323 1612 437 1649 δύναμιν
449 1613 516 1649 πρὸς
526 1613 576 1649 τὴν
588 1613 713 1648 δύναμιν.
729 1614 830 1641 Οὐκοῦν

885 1619 947 1646 ιΙυηι
963 1623 987 1645 te
1003 1625 1053 1646 nec
1066 1618 1119 1645 vita
1135 1622 1187 1650 est,
1203 1625 1253 1645 nec
1265 1617 1396 1653 potentia.
1413 1618 1448 1645 At
1459 1618 1565 1653 spernis
1579 1617 1670 1645 Domi-

41 1657 107 1684 οὖτε
120 1657 187 1694 ζωὴ,
199 1658 268 1686 κατὰ
283 1659 323 1692 σὲ,
338 1659 398 1685 οὔτε
412 1659 525 1694 δύναμις
540 1660 554 1685 ὁ
569 1659 733 1695 Μονογενής.
754 1659 834 1687 Ἀλλὰ

43 1704 214 1740 παραγράφῃ
239 1705 287 1740 μὲν
308 1705 389 1732 αὐτὸν
405 1705 450 1731 τὸν
477 1705 577 1740 Κύριον
602 1704 732 1739 λέγοντων

39 1752 103 1784 ειμι
131 1750 150 1784 ἡ
170 1749 242 1784 ζωή”
261 1751 430 1788 παραγράφῃ
453 1751 481 1778 δὲ
502 1750 608 1778 Παῦλον
640 1751 686 1778 τὸν
705 1751 832 1778 εἰπόντα·

40 1796 170 1830 Χριστὸς
185 1796 258 1824 Θεοῦ
268 1797 403 1832 δύναμις.
422 1798 455 1823 Ἀ
467 1797 521 1832 γὰρ
536 1798 565 1823 ὲν
576 1798 632 1829 τοῖς
643 1797 755 1824 κατόπιν
767 1798 835 1825 ἐδεί-

41 1852 139 1876 κνυτο,
152 1843 236 1870 ταῦτα
251 1845 297 1871 καὶ
309 1845 365 1875 τοῖς
378 1844 424 1871 νῦν
438 1844 597 1879 ἐφαρμόσει.
613 1843 681 1871 Οὔτε
695 1845 748 1880 γὰρ
761 1845 833 1881 ζωὴν

39 1889 107 1915 οὔτε
120 1888 234 1924 δύναμιν
248 1891 281 1925 τῇ
291 1890 347 1925 ζωῇ
360 1890 407 1917 καὶ
417 1891 448 1925 τῇ
461 1889 574 1924 δυνάμει
587 1890 754 1917 ἀντικεῖσθαι
766 1890 831 1926 φαίη

40 1944 86 1966 τις
103 1935 151 1962 ἄν·
169 1936 237 1962 ἀλλά
253 1936 366 1964 Θάνατον
388 1937 434 1963 καὶ
453 1936 604 1971 ἀδυναμίαν
626 1937 674 1973 τὴν
697 1937 831 1964 τελεωτά-

39 1989 95 2016 την
191 1982 327 2010 ἀντίθεσιν
344 1983 507 2019 ἐκπληροῦν.
521 1984 610 2018 ’Ἂπερ
622 1982 707 2016 οὗτος,
723 1985 751 2011 ὲν
767 1992 834 2010 rmv—

41 2025 143 2061 up7£_a
164 2025 239 2052 δόλον
269 2026 316 2054 τὸν
338 2025 425 2060 λόγων
449 2026 677 2062 ἀποκρυψάμενος
694 2046 702 2060 ,
787 2027 834 2062 βα-

45 2072 117 2102 ’θέως
133 2072 181 2098 καὶ
195 2071 472 2107 περικεκαλυμμὲνως
486 2072 516 2098 τὸ
526 2072 638 2108 φρικτὸν
649 2072 698 2106 τῆς
709 2072 835 2104 ὰσεΰείας

52 2116 259 2149 εατασκευάζει,
275 2117 322 2144 καὶ
338 2119 392 2148 τοῖς
408 2117 463 2143 τῶν
479 2117 564 2151 λόγων
583 2117 750 2153 τεχνάσμασι
767 2118 834 2153 πρὸς

38 2163 76 2202 Eb
99 2164 221 2190 ἐναντίον
246 2163 285 2198 τῷ
309 2164 398 2198 Πατρὶ
418 2163 467 2198 τὴν
493 2163 573 2197 φύσιν
596 2163 643 2190 τοῦ
665 2164 834 2202 Μονογενοῠς

37 2197 213 2245 ἀποστήσας,
230 2197 312 2245 μόνην
326 2197 483 2236 καταλείπει
497 2209 545 2244 τὴν
561 2197 696 2244 εὐφημίαν
709 2209 762 2236 τῶν
777 2210 833 2236 ὀνο-

42 2255 152 2290 μάτων.
170 2255 203 2281 Τί
216 2252 262 2281 οὖν
277 2255 375 2290 ήμεῐςς
398 2254 467 2286 πῶς.
485 2255 532 2281 καὶ
548 2255 692 2290 ἀγέννητον
710 2255 756 2281 τὶν
776 2255 832 2281 Πα-

38 2301 112 2336 τέρα
133 2301 180 2328 καὶ
196 2301 324 2336 γεννητὸν
339 2301 385 2328 τὸν
408 2301 472 2328 Υίδν
488 2301 691 2335 ὁμολογοῦντες,
706 2301 755 2337 τὴν
771 2302 831 2328 κατ’
847 2298 868 2325 Ι)

39 2347 111 2373 αὐτὸ
122 2346 153 2373 τὸ
167 2344 235 2374 εἶναι
249 2346 427 2382 διαφύγοιμεν
512 2346 684 2379 ὲναντίωσιν;
700 2345 726 2373 τί
739 2347 832 2380 λέγον-
845 2355 849 2359 ‘

37 2400 105 2424 12;;
121 2392 183 2418 Ὀτι
199 2392 301 2426 ἀγαθοῦ
323 2392 371 2428 μὲν
383 2392 488 2426 Πατρὸς
503 2392 603 2426 ἀγαθὸς
619 2394 633 2419 ὁ
646 2392 726 2425 Υἱός-
745 2393 833 2427 φωτὸς

36 2439 69 2465 δὲ
95 2438 144 2465 τοῦ
171 2439 318 2474 ὰγεννήτου
339 2439 397 2473 φῶς
417 2438 550 2474 ἐξέλαμψε
572 2438 604 2465 τὸ
620 2439 720 2471 ἀΐδιον,
738 2440 784 2466 καὶ
801 2441 833 2466 ἐκ

37 2485 93 2519 τῆς
105 2484 190 2516 ὅντως
198 2484 271 2520 ζωῆς
284 2487 300 2521 ἡ
314 2485 448 2517 ζωοποιὸς
456 2485 574 2521 προῆλθε
583 2486 668 2521 πηγὴ,
679 2486 726 2512 καὶ
739 2487 771 2512 ἐκ
783 2487 832 2521 τῆς

37 2531 252 2567 αὐτοδυνάμεως
273 2532 289 2567 ἡ
318 2531 366 2558 τοῦ
388 2531 455 2558 Θεοῦ
477 2531 589 2567 δύναμις
697 2532 830 2568 ἐξεφάνη·

39 2576 142 2608 σκότος
154 2576 193 2609 ae,
206 2577 252 2604 καὶ
266 2577 390 2609 θάνατος,
405 2578 452 2604 καὶ
467 2577 592 2605 ἀσθένεια
606 2578 645 2614 τῷ
660 2579 769 2615 ἄρχοντι
785 2579 831 2606 τοῦ

38 2623 148 2658 κόσμου
161 2623 267 2655 τούτου,
284 2624 330 2650 καί
346 2625 401 2655 τοῖς
414 2624 632 2660 κοσμοκράτορσι
647 2624 693 2651 τοῦ
710 2625 830 2656 σκότους,

38 2667 91 2694 καὶ
115 2669 172 2700 τοῖς
193 2669 388 2703 πνευματικοῖς
407 2669 457 2704 τῆς
477 2670 618 2705 πονηρίας,
634 2670 680 2696 καὶ
705 2670 779 2707 πάσῃ
798 2671 830 2705 τῇ

33 2713 127 2748 ἐχθρᾷ
151 2714 200 2749 τῆς
216 2713 292 2745 θείας
308 2714 415 2748 φύσεως
431 2713 544 2749 δυνάμει
563 2715 752 2747 συντέτακται,
770 2715 831 2742 οὐδὲ

31 2759 146 2790 τούτοις
165 2760 225 2786 κατ’
248 2760 334 2796 αὐτὴν
351 2761 398 2795 τὴν
415 2760 508 2787 οὐσίαν
534 2761 600 2796 πρὸς
620 2761 649 2787 τὺ
667 2761 768 2794 ἀγαθὸν
785 2761 831 2788 λα-

32 2804 117 2841 χοῦσι
133 2804 183 2840 τὴν
194 2805 445 2842 ὲναντίωσιν(οὖτω
459 2806 513 2841 γὰρ
526 2805 559 2833 ἂν
571 2807 586 2841 ή
606 2806 709 2842 μέμψις
729 2807 773 2833 ἐπὶ
794 2809 839 2833 τὶν

75 2895 180 2923 ’Joan.
196 2904 216 2928 ι,
232 2896 258 2923 9.
299 2897 308 2911 '
325 2895 402 2923 Joau.
423 2903 477 2928 HV,
497 2896 522 2922 ti.
562 2897 570 2911 ³
589 2895 597 2922 l
617 2896 680 2923 Cor.
698 2904 715 2927 l,
735 2897 778 2922 Ἠ.

884 1673 946 1692 num
964 1665 1061 1699 ipsum,
1075 1664 1121 1698 qui
1140 1665 1224 1692 dicit:
1242 1663 1299 1699 Ego
1309 1672 1367 1691 sum
1379 1665 1430 1691 vita
1457 1665 1485 1698 ¹;
1503 1664 1609 1699 spernis
1625 1664 1671 1691 iti-

884 1709 944 1736 dem
968 1707 1094 1740 Paulum,
1111 1708 1156 1743 qui
1176 1708 1246 1735 dixit
1269 1717 1275 1735 :
1295 1707 1417 1736 Chriuus
1437 1709 1486 1736 Dei
1505 1710 1620 1743 polentia
1649 1709 1669 1737 '.

884 1752 951 1780 Nam
965 1760 1135 1788 quarcunque
1153 1753 1178 1780 in
1193 1754 1380 1788 superioribus
1394 1755 1579 1782 demonstrata
1596 1760 1670 1788 sunt,

883 1807 914 1827 ea
931 1800 973 1826 his
989 1806 1096 1834 quoque
1109 1807 1182 1827 nunc
1194 1801 1480 1828 accommodabuntur.
1494 1801 1562 1829 Nam
1577 1809 1667 1837 neque

885 1846 978 1877 vitam,
998 1852 1086 1879 neque
1102 1845 1251 1880 potentiam
1277 1847 1339 1873 vita:
1362 1853 1395 1874 ac
1420 1848 1546 1881 potentia:
1566 1849 1667 1882 opponi

885 1891 1026 1925 quisquam
1050 1891 1178 1918 dixerit:
1207 1892 1253 1919 sed
1284 1897 1397 1920 mortem
1425 1899 1450 1920 et
1479 1894 1668 1929 impotentiam

886 1937 1080 1972 oppositionem
1110 1938 1314 1974 integerrimam
1342 1940 1459 1975 explere.
1489 1941 1592 1974 Quibus
1627 1941 1670 1968 hic

889 1985 949 2015 iste,
964 1992 1012 2019 per
1025 1984 1168 2012 verborum
1184 1986 1331 2013 versutiam
1347 1986 1435 2012 dolum
1447 1986 1599 2016 occultans,
1617 1986 1672 2013 alte

890 2034 921 2053 ac
943 2031 1013 2053 tecte
1039 2026 1201 2054 horrendam
1221 2026 1387 2060 impietatem
1410 2025 1572 2056 concinnat.
1588 2029 1672 2058 atquo

888 2072 1050 2106 eloquentia:
1073 2072 1178 2100 artibus
1200 2071 1335 2107 Unigeniti
1359 2076 1481 2098 naturam
1503 2072 1536 2098 ad
1559 2076 1669 2098 contra-

889 2116 958 2142 rium
986 2121 1105 2150 paternae
1135 2120 1238 2143 natura:
1266 2123 1394 2148 avocans,
1420 2115 1504 2143 solam
1533 2115 1671 2142 nominum

889 2161 1150 2189 commendationem
1169 2161 1307 2196 relinquit.
1330 2161 1399 2194 Quid
1421 2161 1502 2195 igitur
1522 2161 1590 2188 nos?
1603 2168 1670 2195 quo-

889 2208 968 2234 modo
982 2212 1009 2234 et
1029 2207 1176 2241 ingenitum
1190 2207 1297 2234 Patrem
1311 2212 1338 2234 et
1350 2207 1469 2242 genitum
1484 2206 1581 2234 Filium
1604 2215 1670 2234 con-

889 2251 995 2280 ﬁtentes
1006 2271 1014 2284 ,
1027 2252 1176 2279 secundum
1194 2251 1281 2286 ipsum
1298 2259 1352 2278 me
1369 2251 1589 2278 contrarietatem
1603 2251 1669 2279 etfu-

887 2296 1028 2332 gerimus?
1042 2296 1105 2331 quid
1123 2296 1220 2324 dicturi
1233 2296 1346 2324 sumus?
1361 2295 1438 2330 Quod
1459 2301 1488 2323 ut
1503 2297 1565 2323 boni
1583 2296 1673 2324 Patris

888 2342 973 2370 bonus
985 2342 1081 2375 Filius,
1093 2342 1130 2369 ita
1142 2350 1175 2370 ex
1185 2342 1304 2377 ingenita
1315 2341 1376 2370 luce
1389 2342 1432 2368 lux
1446 2347 1546 2369 aeterna
1561 2341 1671 2375 eliulsit,

887 2394 976 2423 exque
991 2395 1055 2415 vera
1070 2387 1125 2414 vita
1142 2387 1284 2415 viviﬁcans
1298 2387 1358 2415 fons
1378 2388 1488 2422 prodiit,
1514 2392 1541 2414 et
1556 2395 1589 2414 ex
1614 2387 1671 2422 ipsa

887 2441 935 2469 per
945 2441 974 2462 se
984 2434 1102 2468 potentia
1121 2434 1168 2461 Dei
1194 2434 1313 2469 potentia
1324 2433 1453 2462 emersit:
1468 2433 1585 2461 tenebrae
1597 2441 1671 2466 vero,

890 2486 964 2508 mors
978 2484 1006 2507 et
1018 2480 1191 2508 imbecillitas
1205 2487 1256 2507 una
1269 2487 1331 2508 cum
1347 2478 1428 2514 hujus
1443 2479 1534 2506 mundi
1551 2479 1674 2514 principe

871 2527 1116 2561 -tenebrarumque
1132 2525 1310 2562 principibus,
1336 2531 1363 2553 et
1386 2525 1571 2559 spiritualibus
1585 2525 1674 2560 pravi-

887 2573 951 2601 tatis
966 2574 1094 2601 ministris
1109 2577 1136 2600 et
1150 2573 1223 2601 omni
1241 2576 1372 2607 potestate
1386 2572 1483 2599 divinae
1498 2574 1603 2597 natura:
1621 2571 1672 2597 ini-

887 2619 957 2646 mica
969 2618 1105 2646 collocatae
1111 2623 1189 2646 sunt:
1200 2625 1354 2653 quanquam
1362 2625 1396 2645 ne
1403 2617 1510 2652 quidem
1523 2616 1672 2644 secundum

887 2664 971 2699 ipsam
996 2664 1174 2691 substantiam
1200 2664 1289 2691 sortiti
1313 2668 1377 2690 sunt
1395 2662 1617 2690 contrarietatem
1638 2662 1671 2689 ad

887 2710 984 2736 bonum
1002 2709 1080 2736 ullatn
1103 2710 1161 2744 (sic
1175 2710 1246 2737 enim
1264 2709 1439 2744 reprehensio
1455 2709 1488 2736 ad
1507 2708 1666 2736 Creatorem

887 2756 1021 2790 rediret),
1042 2756 1087 2782 sed
1109 2764 1157 2782 sua
1175 2756 1293 2790 ipsorum
1310 2755 1448 2782 voluntate
1465 2762 1512 2788 pcr
1528 2753 1591 2780 boui
1615 2753 1667 2787 pri-

894 2806 1031 2834 vationem
1063 2806 1089 2833 in
1119 2807 1216 2834 vitium
1243 2806 1408 2834 inciderunt.
1433 2803 1526 2838 Ncqnc
1541 2802 1613 2829 enim
1641 2802 1668 2828 in
