  <div class='ocr_page' id='page_1' title='image "/cluster/home/n/w/nwhite01/storage/ocr_20150623/130/njp.32101010942777/298.png"; bbox 0 0 1902 3078; ppageno 0'>
   <div class='ocr_carea' id='block_1_1' title="bbox 43 143 105 173">
    <p class='ocr_par' dir='ltr' id='par_1_1' title="bbox 43 143 105 173">
     <span class='ocr_line' id='line_1_1' title="bbox 43 143 105 173; baseline -0.032 0"><span class='ocrx_word' id='word_1_1' title='bbox 43 143 105 173; x_wconf 62' lang='lat'><strong>533</strong></span> 
     </span>
    </p>
   </div>
   <div class='ocr_carea' id='block_1_2' title="bbox 539 124 1202 170">
    <p class='ocr_par' dir='ltr' id='par_1_2' title="bbox 539 124 1202 170">
     <span class='ocr_line' id='line_1_2' title="bbox 539 124 1202 170; baseline -0.002 0"><span class='ocrx_word' id='word_1_2' title='bbox 539 138 730 170; x_wconf 72' lang='lat' dir='ltr'><strong>PANUPLLt</strong></span> <span class='ocrx_word' id='word_1_3' title='bbox 751 124 982 170; x_wconf 58' lang='lat' dir='ltr'><strong>noon-trina.</strong></span> <span class='ocrx_word' id='word_1_4' title='bbox 1000 151 1034 156; x_wconf 91' lang='lat'>—</span> <span class='ocrx_word' id='word_1_5' title='bbox 1054 138 1128 168; x_wconf 91' lang='lat' dir='ltr'><strong>TlT.</strong></span> <span class='ocrx_word' id='word_1_6' title='bbox 1151 139 1202 170; x_wconf 87' lang='lat' dir='ltr'><strong>xt.</strong></span> 
     </span>
    </p>
   </div>
   <div class='ocr_carea' id='block_1_3' title="bbox 1629 141 1682 171">
    <p class='ocr_par' dir='ltr' id='par_1_3' title="bbox 1629 141 1682 171">
     <span class='ocr_line' id='line_1_3' title="bbox 1629 141 1682 171; baseline 0 0"><span class='ocrx_word' id='word_1_7' title='bbox 1629 141 1682 171; x_wconf 62' lang='lat' dir='ltr'><strong>{illi</strong></span> 
     </span>
    </p>
   </div>
   <div class='ocr_carea' id='block_1_4' title="bbox 47 200 846 241">
    <p class='ocr_par' dir='ltr' id='par_1_4' title="bbox 47 200 842 239">
     <span class='ocr_line' id='line_1_4' title="bbox 47 200 842 239; baseline -0.003 -10"><span class='ocrx_word' id='word_1_8' title='bbox 47 208 218 239; x_wconf 73' lang='lat' dir='ltr'><strong>potestatem</strong></span> <span class='ocrx_word' id='word_1_9' title='bbox 236 201 370 237; x_wconf 79' lang='lat' dir='ltr'><strong>designat,</strong></span> <span class='ocrx_word' id='word_1_10' title='bbox 389 201 414 228; x_wconf 88' lang='lat' dir='ltr'><strong>id</strong></span> <span class='ocrx_word' id='word_1_11' title='bbox 427 200 546 236; x_wconf 79' lang='lat' dir='ltr'><strong>profecto</strong></span> <span class='ocrx_word' id='word_1_12' title='bbox 570 201 748 229; x_wconf 83' lang='lat' dir='ltr'><strong>substantiam</strong></span> <span class='ocrx_word' id='word_1_13' title='bbox 762 201 842 228; x_wconf 78' lang='lat' dir='ltr'><strong>etiam</strong></span> 
     </span>
    </p>
   </div>
   <div class='ocr_carea' id='block_1_5' title="bbox 908 200 1680 241">
    <p class='ocr_par' dir='ltr' id='par_1_5' title="bbox 908 203 1680 241">
     <span class='ocr_line' id='line_1_5' title="bbox 908 203 1680 241; baseline 0.004 -13"><span class='ocrx_word' id='word_1_14' title='bbox 908 203 1039 238; x_wconf 64' lang='grc' dir='ltr'>ιδηγήθη;</span> <span class='ocrx_word' id='word_1_15' title='bbox 1060 203 1085 229; x_wconf 87' lang='grc' dir='ltr'><strong>εἰ</strong></span> <span class='ocrx_word' id='word_1_16' title='bbox 1106 203 1133 229; x_wconf 80' lang='grc' dir='ltr'>δὲ</span> <span class='ocrx_word' id='word_1_17' title='bbox 1153 203 1249 229; x_wconf 78' lang='grc' dir='ltr'>ταυτὸν</span> <span class='ocrx_word' id='word_1_18' title='bbox 1272 203 1348 229; x_wconf 76' lang='grc' dir='ltr'>οὐσία</span> <span class='ocrx_word' id='word_1_19' title='bbox 1367 204 1396 230; x_wconf 74' lang='grc' dir='ltr'>τέ</span> <span class='ocrx_word' id='word_1_20' title='bbox 1420 204 1477 230; x_wconf 77' lang='grc' dir='ltr'>ἐστι</span> <span class='ocrx_word' id='word_1_21' title='bbox 1494 204 1680 241; x_wconf 20' lang='grc' dir='ltr'>καὶηδύναμις,</span> 
     </span>
    </p>
   </div>
   <div class='ocr_carea' id='block_1_6' title="bbox 47 247 843 285">
    <p class='ocr_par' dir='ltr' id='par_1_6' title="bbox 47 247 843 285">
     <span class='ocr_line' id='line_1_6' title="bbox 47 247 843 285; baseline -0.003 -9"><span class='ocrx_word' id='word_1_22' title='bbox 47 250 218 285; x_wconf 60' lang='lat' dir='ltr'><strong>designabit.</strong></span> <span class='ocrx_word' id='word_1_23' title='bbox 236 248 352 276; x_wconf 84' lang='lat' dir='ltr'><strong>Proinde</strong></span> <span class='ocrx_word' id='word_1_24' title='bbox 371 247 478 283; x_wconf 88' lang='lat' dir='ltr'><strong>opilicia</strong></span> <span class='ocrx_word' id='word_1_25' title='bbox 493 255 546 274; x_wconf 92' lang='lat' dir='ltr'><strong>tton</strong></span> <span class='ocrx_word' id='word_1_26' title='bbox 562 248 594 274; x_wconf 89' lang='lat' dir='ltr'><strong>ad</strong></span> <span class='ocrx_word' id='word_1_27' title='bbox 612 247 770 274; x_wconf 63' lang='lat' dir='ltr'><strong>substantia:</strong></span> <span class='ocrx_word' id='word_1_28' title='bbox 787 248 843 274; x_wconf 83' lang='lat' dir='ltr'><strong>dis-</strong></span> 
     </span>
    </p>
   </div>
   <div class='ocr_carea' id='block_1_7' title="bbox 47 292 845 328">
    <p class='ocr_par' dir='ltr' id='par_1_7' title="bbox 47 292 845 328">
     <span class='ocr_line' id='line_1_7' title="bbox 47 292 845 328; baseline -0.005 -4"><span class='ocrx_word' id='word_1_29' title='bbox 47 296 274 328; x_wconf 80' lang='lat' dir='ltr'><strong>similitudinem,</strong></span> <span class='ocrx_word' id='word_1_30' title='bbox 292 300 319 322; x_wconf 89' lang='lat' dir='ltr'><strong>ttt</strong></span> <span class='ocrx_word' id='word_1_31' title='bbox 346 299 374 321; x_wconf 91' lang='lat' dir='ltr'><strong>tu</strong></span> <span class='ocrx_word' id='word_1_32' title='bbox 389 294 468 326; x_wconf 84' lang='lat' dir='ltr'><strong>dicis,</strong></span> <span class='ocrx_word' id='word_1_33' title='bbox 486 294 532 321; x_wconf 83' lang='lat' dir='ltr'><strong>sed</strong></span> <span class='ocrx_word' id='word_1_34' title='bbox 555 293 588 320; x_wconf 92' lang='lat' dir='ltr'><strong>ad</strong></span> <span class='ocrx_word' id='word_1_35' title='bbox 605 293 752 328; x_wconf 72' lang='lat' dir='ltr'><strong>perfectam</strong></span> <span class='ocrx_word' id='word_1_36' title='bbox 770 292 845 320; x_wconf 85' lang='lat' dir='ltr'><strong>simi-</strong></span> 
     </span>
    </p>
   </div>
   <div class='ocr_carea' id='block_1_8' title="bbox 48 340 845 369">
    <p class='ocr_par' dir='ltr' id='par_1_8' title="bbox 48 340 845 369">
     <span class='ocr_line' id='line_1_8' title="bbox 48 340 845 369; baseline -0.004 0"><span class='ocrx_word' id='word_1_37' title='bbox 48 343 199 369; x_wconf 83' lang='lat' dir='ltr'><strong>litudinem</strong></span> <span class='ocrx_word' id='word_1_38' title='bbox 221 342 334 368; x_wconf 68' lang='lat' dir='ltr'><strong>ducunt.</strong></span> <span class='ocrx_word' id='word_1_39' title='bbox 357 341 460 367; x_wconf 69' lang='lat' dir='ltr'><strong>Rursus</strong></span> <span class='ocrx_word' id='word_1_40' title='bbox 473 345 548 367; x_wconf 85' lang='lat' dir='ltr'><strong>certe</strong></span> <span class='ocrx_word' id='word_1_41' title='bbox 561 346 587 366; x_wconf 84' lang='lat' dir='ltr'><strong>et</strong></span> <span class='ocrx_word' id='word_1_42' title='bbox 607 340 651 367; x_wconf 87' lang='lat' dir='ltr'><strong>hic</strong></span> <span class='ocrx_word' id='word_1_43' title='bbox 667 344 782 368; x_wconf 84' lang='lat' dir='ltr'><strong>conatus</strong></span> <span class='ocrx_word' id='word_1_44' title='bbox 797 347 845 366; x_wconf 89' lang='lat' dir='ltr'><strong>no-</strong></span> 
     </span>
    </p>
   </div>
   <div class='ocr_carea' id='block_1_9' title="bbox 48 385 845 421">
    <p class='ocr_par' dir='ltr' id='par_1_9' title="bbox 48 385 845 421">
     <span class='ocr_line' id='line_1_9' title="bbox 48 385 845 421; baseline -0.005 -6"><span class='ocrx_word' id='word_1_45' title='bbox 48 395 142 416; x_wconf 82' lang='lat' dir='ltr'><strong>stram</strong></span> <span class='ocrx_word' id='word_1_46' title='bbox 162 388 248 421; x_wconf 84' lang='lat' dir='ltr'><strong>magis</strong></span> <span class='ocrx_word' id='word_1_47' title='bbox 269 393 350 421; x_wconf 85' lang='lat' dir='ltr'><strong>quam</strong></span> <span class='ocrx_word' id='word_1_48' title='bbox 378 386 463 420; x_wconf 84' lang='lat' dir='ltr'><strong>ipsius</strong></span> <span class='ocrx_word' id='word_1_49' title='bbox 483 385 646 414; x_wconf 84' lang='lat' dir='ltr'><strong>sententiam</strong></span> <span class='ocrx_word' id='word_1_50' title='bbox 659 385 774 413; x_wconf 83' lang='lat' dir='ltr'><strong>stabilit.</strong></span> <span class='ocrx_word' id='word_1_51' title='bbox 791 385 845 412; x_wconf 86' lang='lat' dir='ltr'><strong>Aut</strong></span> 
     </span>
    </p>
   </div>
   <div class='ocr_carea' id='block_1_10' title="bbox 48 431 844 466">
    <p class='ocr_par' dir='ltr' id='par_1_10' title="bbox 48 431 844 466">
     <span class='ocr_line' id='line_1_10' title="bbox 48 431 844 466; baseline -0.009 -3"><span class='ocrx_word' id='word_1_52' title='bbox 48 436 130 463; x_wconf 82' lang='lat' dir='ltr'><strong>enim</strong></span> <span class='ocrx_word' id='word_1_53' title='bbox 146 442 199 460; x_wconf 91' lang='lat' dir='ltr'><strong>nou</strong></span> <span class='ocrx_word' id='word_1_54' title='bbox 215 434 298 460; x_wconf 87' lang='lat' dir='ltr'><strong>habet</strong></span> <span class='ocrx_word' id='word_1_55' title='bbox 307 433 377 460; x_wconf 91' lang='lat' dir='ltr'><strong>unde</strong></span> <span class='ocrx_word' id='word_1_56' title='bbox 390 440 421 458; x_wconf 83' lang='lat' dir='ltr'><strong>ea</strong></span> <span class='ocrx_word' id='word_1_57' title='bbox 436 439 497 466; x_wconf 64' lang='lat' dir='ltr'><strong>qua:</strong></span> <span class='ocrx_word' id='word_1_58' title='bbox 509 431 577 459; x_wconf 74' lang='lat' dir='ltr'><strong>dixit</strong></span> <span class='ocrx_word' id='word_1_59' title='bbox 590 432 773 459; x_wconf 89' lang='lat' dir='ltr'><strong>demonstret:</strong></span> <span class='ocrx_word' id='word_1_60' title='bbox 788 435 844 462; x_wconf 85' lang='lat' dir='ltr'><strong>aut,</strong></span> 
     </span>
    </p>
   </div>
   <div class='ocr_carea' id='block_1_11' title="bbox 49 477 842 511">
    <p class='ocr_par' dir='ltr' id='par_1_11' title="bbox 49 477 842 511">
     <span class='ocr_line' id='line_1_11' title="bbox 49 477 842 511; baseline -0.005 -3"><span class='ocrx_word' id='word_1_61' title='bbox 49 482 74 508; x_wconf 88' lang='lat' dir='ltr'><strong>si</strong></span> <span class='ocrx_word' id='word_1_62' title='bbox 87 489 104 508; x_wconf 89' lang='lat' dir='ltr'><strong>e</strong></span> <span class='ocrx_word' id='word_1_63' title='bbox 117 479 334 508; x_wconf 83' lang='lat' dir='ltr'><strong>rebushumanis</strong></span> <span class='ocrx_word' id='word_1_64' title='bbox 345 477 468 511; x_wconf 78' lang='lat' dir='ltr'><strong>exempla</strong></span> <span class='ocrx_word' id='word_1_65' title='bbox 480 482 630 509; x_wconf 78' lang='lat' dir='ltr'><strong>mutuatur,</strong></span> <span class='ocrx_word' id='word_1_66' title='bbox 654 477 774 505; x_wconf 85' lang='lat' dir='ltr'><strong>inveniet</strong></span> <span class='ocrx_word' id='word_1_67' title='bbox 789 484 842 505; x_wconf 92' lang='lat' dir='ltr'><strong>non</strong></span> 
     </span>
    </p>
   </div>
   <div class='ocr_carea' id='block_1_12' title="bbox 50 523 844 559">
    <p class='ocr_par' dir='ltr' id='par_1_12' title="bbox 50 523 844 559">
     <span class='ocr_line' id='line_1_12' title="bbox 50 523 844 559; baseline -0.006 -4"><span class='ocrx_word' id='word_1_68' title='bbox 50 535 86 555; x_wconf 76' lang='lat' dir='ltr'><strong>ex</strong></span> <span class='ocrx_word' id='word_1_69' title='bbox 109 526 226 553; x_wconf 78' lang='lat' dir='ltr'><strong>artiﬁcis</strong></span> <span class='ocrx_word' id='word_1_70' title='bbox 253 524 380 559; x_wconf 82' lang='lat' dir='ltr'><strong>operibus</strong></span> <span class='ocrx_word' id='word_1_71' title='bbox 397 523 509 558; x_wconf 80' lang='lat' dir='ltr'><strong>intelligi</strong></span> <span class='ocrx_word' id='word_1_72' title='bbox 540 531 555 550; x_wconf 91' lang='lat' dir='ltr'><strong>a</strong></span> <span class='ocrx_word' id='word_1_73' title='bbox 575 523 656 551; x_wconf 90' lang='lat' dir='ltr'><strong>nobis</strong></span> <span class='ocrx_word' id='word_1_74' title='bbox 670 524 729 557; x_wconf 84' lang='lat' dir='ltr'><strong>ejus</strong></span> <span class='ocrx_word' id='word_1_75' title='bbox 753 530 844 551; x_wconf 83' lang='lat' dir='ltr'><strong>essen-</strong></span> 
     </span>
    </p>
   </div>
   <div class='ocr_carea' id='block_1_13' title="bbox 52 568 845 605">
    <p class='ocr_par' dir='ltr' id='par_1_13' title="bbox 52 568 845 605">
     <span class='ocr_line' id='line_1_13' title="bbox 52 568 845 605; baseline -0.006 -5"><span class='ocrx_word' id='word_1_76' title='bbox 52 575 134 605; x_wconf 80' lang='lat' dir='ltr'><strong>tiam,</strong></span> <span class='ocrx_word' id='word_1_77' title='bbox 149 572 195 600; x_wconf 90' lang='lat' dir='ltr'><strong>sed</strong></span> <span class='ocrx_word' id='word_1_78' title='bbox 207 578 239 598; x_wconf 83' lang='lat' dir='ltr'><strong>ex</strong></span> <span class='ocrx_word' id='word_1_79' title='bbox 252 571 342 605; x_wconf 78' lang='lat' dir='ltr'><strong>genito</strong></span> <span class='ocrx_word' id='word_1_80' title='bbox 353 570 483 605; x_wconf 83' lang='lat' dir='ltr'><strong>genitoris</strong></span> <span class='ocrx_word' id='word_1_81' title='bbox 499 574 623 596; x_wconf 89' lang='lat' dir='ltr'><strong>natttrant</strong></span> <span class='ocrx_word' id='word_1_82' title='bbox 637 569 776 603; x_wconf 77' lang='lat' dir='ltr'><strong>cognosci.</strong></span> <span class='ocrx_word' id='word_1_83' title='bbox 791 568 845 596; x_wconf 85' lang='lat' dir='ltr'><strong>Nec</strong></span> 
     </span>
    </p>
   </div>
   <div class='ocr_carea' id='block_1_14' title="bbox 51 616 845 652">
    <p class='ocr_par' dir='ltr' id='par_1_14' title="bbox 51 616 845 652">
     <span class='ocr_line' id='line_1_14' title="bbox 51 616 845 652; baseline -0.004 -6"><span class='ocrx_word' id='word_1_84' title='bbox 51 620 131 646; x_wconf 86' lang='lat' dir='ltr'><strong>enim</strong></span> <span class='ocrx_word' id='word_1_85' title='bbox 150 618 208 646; x_wconf 80' lang='lat' dir='ltr'><strong>ﬁeri</strong></span> <span class='ocrx_word' id='word_1_86' title='bbox 221 622 320 652; x_wconf 82' lang='lat' dir='ltr'><strong>potest,</strong></span> <span class='ocrx_word' id='word_1_87' title='bbox 336 616 434 651; x_wconf 86' lang='lat' dir='ltr'><strong>utejus</strong></span> <span class='ocrx_word' id='word_1_88' title='bbox 446 616 492 650; x_wconf 88' lang='lat' dir='ltr'><strong>qui</strong></span> <span class='ocrx_word' id='word_1_89' title='bbox 506 617 615 642; x_wconf 91' lang='lat' dir='ltr'><strong>domum</strong></span> <span class='ocrx_word' id='word_1_90' title='bbox 636 616 789 642; x_wconf 83' lang='lat' dir='ltr'><strong>construxit</strong></span> <span class='ocrx_word' id='word_1_91' title='bbox 802 622 845 643; x_wconf 89' lang='lat' dir='ltr'><strong>es-</strong></span> 
     </span>
    </p>
   </div>
   <div class='ocr_carea' id='block_1_15' title="bbox 55 661 844 698">
    <p class='ocr_par' dir='ltr' id='par_1_15' title="bbox 55 661 844 698">
     <span class='ocr_line' id='line_1_15' title="bbox 55 661 844 698; baseline -0.006 -6"><span class='ocrx_word' id='word_1_92' title='bbox 55 666 150 692; x_wconf 73' lang='lat' dir='ltr'><strong>sentia</strong></span> <span class='ocrx_word' id='word_1_93' title='bbox 177 663 421 698; x_wconf 77' lang='lat' dir='ltr'><strong>comprehendatur</strong></span> <span class='ocrx_word' id='word_1_94' title='bbox 438 670 472 690; x_wconf 80' lang='lat' dir='ltr'><strong>ex</strong></span> <span class='ocrx_word' id='word_1_95' title='bbox 488 662 587 690; x_wconf 85' lang='lat' dir='ltr'><strong>domo:</strong></span> <span class='ocrx_word' id='word_1_96' title='bbox 607 667 636 688; x_wconf 89' lang='lat' dir='ltr'><strong>at</strong></span> <span class='ocrx_word' id='word_1_97' title='bbox 652 661 761 688; x_wconf 75' lang='lat' dir='ltr'><strong>diiﬁcile</strong></span> <span class='ocrx_word' id='word_1_98' title='bbox 791 668 844 688; x_wconf 91' lang='lat' dir='ltr'><strong>u0n</strong></span> 
     </span>
    </p>
   </div>
   <div class='ocr_carea' id='block_1_16' title="bbox 43 706 846 745">
    <p class='ocr_par' dir='ltr' id='par_1_16' title="bbox 43 706 846 745">
     <span class='ocr_line' id='line_1_16' title="bbox 43 706 846 745; baseline -0.007 -7"><span class='ocrx_word' id='word_1_99' title='bbox 43 715 98 745; x_wconf 42' lang='lat' dir='ltr'><strong>,est</strong></span> <span class='ocrx_word' id='word_1_100' title='bbox 112 719 145 737; x_wconf 81' lang='lat' dir='ltr'><strong>ex</strong></span> <span class='ocrx_word' id='word_1_101' title='bbox 156 710 279 745; x_wconf 76' lang='lat' dir='ltr'><strong>genitura</strong></span> <span class='ocrx_word' id='word_1_102' title='bbox 293 708 423 744; x_wconf 75' lang='lat' dir='ltr'><strong>genitoris</strong></span> <span class='ocrx_word' id='word_1_103' title='bbox 435 712 560 735; x_wconf 88' lang='lat' dir='ltr'><strong>naturatu</strong></span> <span class='ocrx_word' id='word_1_104' title='bbox 573 706 737 742; x_wconf 76' lang='lat' dir='ltr'><strong>intelligere.</strong></span> <span class='ocrx_word' id='word_1_105' title='bbox 755 706 846 739; x_wconf 83' lang='lat' dir='ltr'><strong>Quare</strong></span> 
     </span>
    </p>
   </div>
   <div class='ocr_carea' id='block_1_17' title="bbox 45 744 844 791">
    <p class='ocr_par' dir='ltr' id='par_1_17' title="bbox 45 744 844 791">
     <span class='ocr_line' id='line_1_17' title="bbox 45 744 844 791; baseline -0.005 -7"><span class='ocrx_word' id='word_1_106' title='bbox 45 744 77 784; x_wconf 48' lang='lat' dir='ltr'><strong>‘si</strong></span> <span class='ocrx_word' id='word_1_107' title='bbox 98 744 260 791; x_wconf 53' lang='lat' dir='ltr'><strong>Uttigenitus</strong></span> <span class='ocrx_word' id='word_1_108' title='bbox 276 759 401 782; x_wconf 84' lang='lat' dir='ltr'><strong>creatura</strong></span> <span class='ocrx_word' id='word_1_109' title='bbox 418 758 476 786; x_wconf 86' lang='lat' dir='ltr'><strong>est,</strong></span> <span class='ocrx_word' id='word_1_110' title='bbox 493 753 582 781; x_wconf 85' lang='lat' dir='ltr'><strong>Patris</strong></span> <span class='ocrx_word' id='word_1_111' title='bbox 598 753 678 781; x_wconf 89' lang='lat' dir='ltr'><strong>ttobis</strong></span> <span class='ocrx_word' id='word_1_112' title='bbox 696 753 844 781; x_wconf 81' lang='lat' dir='ltr'><strong>essentiam</strong></span> 
     </span>
    </p>
   </div>
   <div class='ocr_carea' id='block_1_18' title="bbox 53 790 844 834">
    <p class='ocr_par' dir='ltr' id='par_1_18' title="bbox 53 790 844 834">
     <span class='ocr_line' id='line_1_18' title="bbox 53 790 844 834; baseline -0.003 -5"><span class='ocrx_word' id='word_1_113' title='bbox 53 811 111 830; x_wconf 90' lang='lat' dir='ltr'><strong>non</strong></span> <span class='ocrx_word' id='word_1_114' title='bbox 127 803 238 829; x_wconf 86' lang='lat' dir='ltr'><strong>exhibet</strong></span> <span class='ocrx_word' id='word_1_115' title='bbox 252 810 258 828; x_wconf 92' lang='lat'><strong>:</strong></span> <span class='ocrx_word' id='word_1_116' title='bbox 279 801 303 829; x_wconf 91' lang='lat' dir='ltr'><strong>si</strong></span> <span class='ocrx_word' id='word_1_117' title='bbox 323 807 389 828; x_wconf 83' lang='lat' dir='ltr'><strong>vero</strong></span> <span class='ocrx_word' id='word_1_118' title='bbox 403 799 511 827; x_wconf 82' lang='lat' dir='ltr'><strong>Patrem</strong></span> <span class='ocrx_word' id='word_1_119' title='bbox 532 800 611 828; x_wconf 81' lang='lat' dir='ltr'><strong>nobis</strong></span> <span class='ocrx_word' id='word_1_120' title='bbox 626 790 719 827; x_wconf 81' lang='lat' dir='ltr'><strong>notum</strong></span> <span class='ocrx_word' id='word_1_121' title='bbox 737 807 785 834; x_wconf 88' lang='lat' dir='ltr'><strong>per</strong></span> <span class='ocrx_word' id='word_1_122' title='bbox 799 807 844 827; x_wconf 86' lang='lat' dir='ltr'><strong>se-</strong></span> 
     </span>
    </p>
   </div>
   <div class='ocr_carea' id='block_1_19' title="bbox 52 845 845 883">
    <p class='ocr_par' dir='ltr' id='par_1_19' title="bbox 52 845 845 883">
     <span class='ocr_line' id='line_1_19' title="bbox 52 845 845 883; baseline -0.004 -8"><span class='ocrx_word' id='word_1_123' title='bbox 52 849 148 883; x_wconf 89' lang='lat' dir='ltr'><strong>ipsum</strong></span> <span class='ocrx_word' id='word_1_124' title='bbox 182 847 256 881; x_wconf 80' lang='lat' dir='ltr'><strong>facit,</strong></span> <span class='ocrx_word' id='word_1_125' title='bbox 283 854 336 874; x_wconf 89' lang='lat' dir='ltr'><strong>non</strong></span> <span class='ocrx_word' id='word_1_126' title='bbox 361 850 487 874; x_wconf 78' lang='lat' dir='ltr'><strong>creatura</strong></span> <span class='ocrx_word' id='word_1_127' title='bbox 505 850 558 878; x_wconf 85' lang='lat' dir='ltr'><strong>est,</strong></span> <span class='ocrx_word' id='word_1_128' title='bbox 579 845 626 872; x_wconf 85' lang='lat' dir='ltr'><strong>sed</strong></span> <span class='ocrx_word' id='word_1_129' title='bbox 643 845 729 872; x_wconf 79' lang='lat' dir='ltr'><strong>Filius</strong></span> <span class='ocrx_word' id='word_1_130' title='bbox 752 853 845 879; x_wconf 78' lang='lat' dir='ltr'><strong>verus,</strong></span> 
     </span>
    </p>
   </div>
   <div class='ocr_carea' id='block_1_20' title="bbox 893 249 1682 286">
    <p class='ocr_par' dir='ltr' id='par_1_20' title="bbox 893 249 1682 286">
     <span class='ocr_line' id='line_1_20' title="bbox 893 249 1682 286; baseline 0.003 -11"><span class='ocrx_word' id='word_1_131' title='bbox 893 249 923 275; x_wconf 73' lang='grc' dir='ltr'><strong>τὸ</strong></span> <span class='ocrx_word' id='word_1_132' title='bbox 940 249 987 284; x_wconf 82' lang='grc' dir='ltr'>τὴν</span> <span class='ocrx_word' id='word_1_133' title='bbox 1008 249 1122 284; x_wconf 80' lang='grc' dir='ltr'>δύναμιν</span> <span class='ocrx_word' id='word_1_134' title='bbox 1136 249 1335 284; x_wconf 80' lang='grc' dir='ltr'>χαρακτηρίςον</span> <span class='ocrx_word' id='word_1_135' title='bbox 1357 250 1553 286; x_wconf 81' lang='grc' dir='ltr'>χαρακτηρίσει</span> <span class='ocrx_word' id='word_1_136' title='bbox 1573 251 1682 282; x_wconf 79' lang='grc' dir='ltr'>πάντως</span> 
     </span>
    </p>
   </div>
   <div class='ocr_carea' id='block_1_21' title="bbox 894 294 1682 331">
    <p class='ocr_par' dir='ltr' id='par_1_21' title="bbox 894 294 1682 331">
     <span class='ocr_line' id='line_1_21' title="bbox 894 294 1682 331; baseline 0.004 -11"><span class='ocrx_word' id='word_1_137' title='bbox 894 295 941 321; x_wconf 70' lang='grc' dir='ltr'>καὶ</span> <span class='ocrx_word' id='word_1_138' title='bbox 969 294 1018 330; x_wconf 81' lang='grc' dir='ltr'>τὴν</span> <span class='ocrx_word' id='word_1_139' title='bbox 1041 294 1144 321; x_wconf 74' lang='grc' dir='ltr'>οὐσίαν.</span> <span class='ocrx_word' id='word_1_140' title='bbox 1174 295 1253 321; x_wconf 80' lang='grc' dir='ltr'>’Ὥστε</span> <span class='ocrx_word' id='word_1_141' title='bbox 1283 295 1316 321; x_wconf 84' lang='grc' dir='ltr'><strong>τὰ</strong></span> <span class='ocrx_word' id='word_1_142' title='bbox 1343 295 1582 331; x_wconf 82' lang='grc' dir='ltr'>δημιουργήματα,</span> <span class='ocrx_word' id='word_1_143' title='bbox 1596 296 1633 328; x_wconf 85' lang='grc' dir='ltr'>ὡς</span> <span class='ocrx_word' id='word_1_144' title='bbox 1649 297 1682 323; x_wconf 82' lang='grc' dir='ltr'>σὺ</span> 
     </span>
    </p>
   </div>
   <div class='ocr_carea' id='block_1_22' title="bbox 895 340 1683 377">
    <p class='ocr_par' dir='ltr' id='par_1_22' title="bbox 895 340 1683 377">
     <span class='ocr_line' id='line_1_22' title="bbox 895 340 1683 377; baseline 0 -11"><span class='ocrx_word' id='word_1_145' title='bbox 895 340 956 376; x_wconf 78' lang='grc' dir='ltr'>φῂς,</span> <span class='ocrx_word' id='word_1_146' title='bbox 970 341 1000 366; x_wconf 82' lang='grc' dir='ltr'>οὐ</span> <span class='ocrx_word' id='word_1_147' title='bbox 1012 340 1080 375; x_wconf 79' lang='grc' dir='ltr'>πρὸς</span> <span class='ocrx_word' id='word_1_148' title='bbox 1098 340 1127 366; x_wconf 80' lang='grc' dir='ltr'><strong>τὺ</strong></span> <span class='ocrx_word' id='word_1_149' title='bbox 1141 340 1266 375; x_wconf 85' lang='grc' dir='ltr'>ἀνόμοιον</span> <span class='ocrx_word' id='word_1_150' title='bbox 1281 340 1329 375; x_wconf 80' lang='grc' dir='ltr'>τῆς</span> <span class='ocrx_word' id='word_1_151' title='bbox 1346 340 1451 373; x_wconf 84' lang='grc' dir='ltr'>οὐσίας,</span> <span class='ocrx_word' id='word_1_152' title='bbox 1469 341 1537 368; x_wconf 79' lang='grc' dir='ltr'>ἀλλὰ</span> <span class='ocrx_word' id='word_1_153' title='bbox 1554 342 1621 377; x_wconf 77' lang='grc' dir='ltr'>πρὸς</span> <span class='ocrx_word' id='word_1_154' title='bbox 1633 342 1683 377; x_wconf 79' lang='grc' dir='ltr'>τὴν</span> 
     </span>
    </p>
   </div>
   <div class='ocr_carea' id='block_1_23' title="bbox 894 385 1685 422">
    <p class='ocr_par' dir='ltr' id='par_1_23' title="bbox 894 385 1685 422">
     <span class='ocr_line' id='line_1_23' title="bbox 894 385 1685 422; baseline 0.001 -10"><span class='ocrx_word' id='word_1_155' title='bbox 894 385 1038 421; x_wconf 74' lang='grc' dir='ltr'>ἀκρίϐειαν</span> <span class='ocrx_word' id='word_1_156' title='bbox 1049 386 1098 421; x_wconf 81' lang='grc' dir='ltr'>τῆς</span> <span class='ocrx_word' id='word_1_157' title='bbox 1114 386 1274 421; x_wconf 81' lang='grc' dir='ltr'>ὁμοιότητος</span> <span class='ocrx_word' id='word_1_158' title='bbox 1294 386 1382 422; x_wconf 83' lang='grc' dir='ltr'>φέρει.</span> <span class='ocrx_word' id='word_1_159' title='bbox 1410 386 1494 413; x_wconf 82' lang='grc' dir='ltr'>Πάλιν</span> <span class='ocrx_word' id='word_1_160' title='bbox 1523 386 1613 421; x_wconf 82' lang='grc' dir='ltr'>μέντοι</span> <span class='ocrx_word' id='word_1_161' title='bbox 1636 387 1685 413; x_wconf 77' lang='grc' dir='ltr'>καὶ</span> 
     </span>
    </p>
   </div>
   <div class='ocr_carea' id='block_1_24' title="bbox 894 430 1683 468">
    <p class='ocr_par' dir='ltr' id='par_1_24' title="bbox 894 430 1683 468">
     <span class='ocr_line' id='line_1_24' title="bbox 894 430 1683 468; baseline 0.001 -11"><span class='ocrx_word' id='word_1_162' title='bbox 894 431 972 458; x_wconf 78' lang='grc' dir='ltr'>τοῦτο</span> <span class='ocrx_word' id='word_1_163' title='bbox 983 431 1015 457; x_wconf 79' lang='grc' dir='ltr'>τὸ</span> <span class='ocrx_word' id='word_1_164' title='bbox 1026 431 1178 467; x_wconf 76' lang='grc' dir='ltr'>ἐγχείρημα</span> <span class='ocrx_word' id='word_1_165' title='bbox 1187 431 1232 458; x_wconf 82' lang='grc' dir='ltr'>τὸν</span> <span class='ocrx_word' id='word_1_166' title='bbox 1244 431 1376 468; x_wconf 81' lang='grc' dir='ltr'>ἡμέτερον</span> <span class='ocrx_word' id='word_1_167' title='bbox 1398 431 1496 467; x_wconf 81' lang='grc' dir='ltr'>μᾶλλον</span> <span class='ocrx_word' id='word_1_168' title='bbox 1511 432 1527 467; x_wconf 76' lang='grc' dir='ltr'>ἢ</span> <span class='ocrx_word' id='word_1_169' title='bbox 1540 432 1584 458; x_wconf 80' lang='grc' dir='ltr'>τὸν</span> <span class='ocrx_word' id='word_1_170' title='bbox 1601 430 1683 458; x_wconf 80' lang='grc' dir='ltr'>αὑτοῦ</span> 
     </span>
    </p>
   </div>
   <div class='ocr_carea' id='block_1_25' title="bbox 895 477 1685 514">
    <p class='ocr_par' dir='ltr' id='par_1_25' title="bbox 895 477 1685 514">
     <span class='ocr_line' id='line_1_25' title="bbox 895 477 1685 514; baseline 0 -10"><span class='ocrx_word' id='word_1_171' title='bbox 895 477 972 511; x_wconf 84' lang='grc' dir='ltr'>λόγον</span> <span class='ocrx_word' id='word_1_172' title='bbox 986 478 1150 514; x_wconf 75' lang='grc' dir='ltr'><strong>συνίστησιν.</strong></span> <span class='ocrx_word' id='word_1_173' title='bbox 1173 479 1208 504; x_wconf 85' lang='grc' dir='ltr'><em>Ἢ</em></span> <span class='ocrx_word' id='word_1_174' title='bbox 1222 477 1277 513; x_wconf 78' lang='grc' dir='ltr'><strong>γὰρ</strong></span> <span class='ocrx_word' id='word_1_175' title='bbox 1298 477 1447 513; x_wconf 81' lang='grc' dir='ltr'><strong>οὐδαμόθεν</strong></span> <span class='ocrx_word' id='word_1_176' title='bbox 1464 478 1520 513; x_wconf 66' lang='grc' dir='ltr'><strong>ἔχει</strong></span> <span class='ocrx_word' id='word_1_177' title='bbox 1545 477 1685 513; x_wconf 79' lang='grc' dir='ltr'>παρασχέ-</span> 
     </span>
    </p>
   </div>
   <div class='ocr_carea' id='block_1_26' title="bbox 896 522 1684 560">
    <p class='ocr_par' dir='ltr' id='par_1_26' title="bbox 896 522 1684 560">
     <span class='ocr_line' id='line_1_26' title="bbox 896 522 1684 560; baseline -0.003 -10"><span class='ocrx_word' id='word_1_178' title='bbox 896 524 957 550; x_wconf 82' lang='grc' dir='ltr'><strong>σθαι</strong></span> <span class='ocrx_word' id='word_1_179' title='bbox 973 524 1026 550; x_wconf 71' lang='grc' dir='ltr'>τῶν</span> <span class='ocrx_word' id='word_1_180' title='bbox 1042 525 1193 560; x_wconf 74' lang='grc' dir='ltr'><strong>εἰρημένων</strong></span> <span class='ocrx_word' id='word_1_181' title='bbox 1208 524 1256 556; x_wconf 87' lang='grc' dir='ltr'><strong>τὰς</strong></span> <span class='ocrx_word' id='word_1_182' title='bbox 1279 523 1445 556; x_wconf 69' lang='grc' dir='ltr'>ἀποδείξεις,</span> <span class='ocrx_word' id='word_1_183' title='bbox 1461 523 1477 558; x_wconf 84' lang='grc' dir='ltr'>ἢ</span> <span class='ocrx_word' id='word_1_184' title='bbox 1493 523 1572 558; x_wconf 76' lang='grc' dir='ltr'>εἴπερ</span> <span class='ocrx_word' id='word_1_185' title='bbox 1588 523 1619 549; x_wconf 85' lang='grc' dir='ltr'>ἐκ</span> <span class='ocrx_word' id='word_1_186' title='bbox 1631 522 1684 549; x_wconf 85' lang='grc' dir='ltr'>τῶν</span> 
     </span>
    </p>
   </div>
   <div class='ocr_carea' id='block_1_27' title="bbox 895 568 1684 605">
    <p class='ocr_par' dir='ltr' id='par_1_27' title="bbox 895 568 1684 605">
     <span class='ocr_line' id='line_1_27' title="bbox 895 568 1684 605; baseline -0.004 -9"><span class='ocrx_word' id='word_1_187' title='bbox 895 569 1072 604; x_wconf 78' lang='grc' dir='ltr'><strong>ἀνθρωπίνων</strong></span> <span class='ocrx_word' id='word_1_188' title='bbox 1096 569 1145 601; x_wconf 81' lang='grc' dir='ltr'><strong>τὰς</strong></span> <span class='ocrx_word' id='word_1_189' title='bbox 1165 570 1271 601; x_wconf 81' lang='grc' dir='ltr'>εἰκόνας</span> <span class='ocrx_word' id='word_1_190' title='bbox 1294 570 1437 605; x_wconf 80' lang='grc' dir='ltr'>λαμϐάνοι,</span> <span class='ocrx_word' id='word_1_191' title='bbox 1464 569 1574 604; x_wconf 83' lang='grc' dir='ltr'><strong>εὑρήσει</strong></span> <span class='ocrx_word' id='word_1_192' title='bbox 1587 568 1636 594; x_wconf 79' lang='grc' dir='ltr'>οὐκ</span> <span class='ocrx_word' id='word_1_193' title='bbox 1652 568 1684 594; x_wconf 82' lang='grc' dir='ltr'>ὲκ</span> 
     </span>
    </p>
   </div>
   <div class='ocr_carea' id='block_1_28' title="bbox 895 614 1683 651">
    <p class='ocr_par' dir='ltr' id='par_1_28' title="bbox 895 614 1683 651">
     <span class='ocr_line' id='line_1_28' title="bbox 895 614 1683 651; baseline -0.003 -9"><span class='ocrx_word' id='word_1_194' title='bbox 895 616 949 642; x_wconf 84' lang='grc' dir='ltr'><strong>τῶν</strong></span> <span class='ocrx_word' id='word_1_195' title='bbox 961 616 1052 651; x_wconf 77' lang='grc' dir='ltr'>ἔργων</span> <span class='ocrx_word' id='word_1_196' title='bbox 1072 616 1118 643; x_wconf 82' lang='grc' dir='ltr'>τοῦ</span> <span class='ocrx_word' id='word_1_197' title='bbox 1134 616 1256 651; x_wconf 82' lang='grc' dir='ltr'>τεχνίτου</span> <span class='ocrx_word' id='word_1_198' title='bbox 1272 616 1301 642; x_wconf 82' lang='grc' dir='ltr'>ὲν</span> <span class='ocrx_word' id='word_1_199' title='bbox 1318 615 1442 651; x_wconf 71' lang='grc' dir='ltr'>περινοίᾳ.</span> <span class='ocrx_word' id='word_1_200' title='bbox 1456 615 1507 650; x_wconf 80' lang='grc' dir='ltr'>τῆς</span> <span class='ocrx_word' id='word_1_201' title='bbox 1523 615 1616 646; x_wconf 85' lang='grc' dir='ltr'>οὐσίας</span> <span class='ocrx_word' id='word_1_202' title='bbox 1632 614 1683 641; x_wconf 86' lang='grc' dir='ltr'><strong>αὺ-</strong></span> 
     </span>
    </p>
   </div>
   <div class='ocr_carea' id='block_1_29' title="bbox 894 659 1683 698">
    <p class='ocr_par' dir='ltr' id='par_1_29' title="bbox 894 659 1683 698">
     <span class='ocr_line' id='line_1_29' title="bbox 894 659 1683 698; baseline -0.006 -9"><span class='ocrx_word' id='word_1_203' title='bbox 894 663 940 689; x_wconf 76' lang='grc' dir='ltr'>τοῦ</span> <span class='ocrx_word' id='word_1_204' title='bbox 967 662 1125 697; x_wconf 84' lang='grc' dir='ltr'>γινομένους</span> <span class='ocrx_word' id='word_1_205' title='bbox 1144 663 1227 698; x_wconf 76' lang='grc' dir='ltr'>ἡμᾶς,</span> <span class='ocrx_word' id='word_1_206' title='bbox 1251 661 1307 688; x_wconf 82' lang='grc' dir='ltr'><strong>ἀλλ’</strong></span> <span class='ocrx_word' id='word_1_207' title='bbox 1329 662 1361 688; x_wconf 82' lang='grc' dir='ltr'>ὲκ</span> <span class='ocrx_word' id='word_1_208' title='bbox 1379 660 1425 687; x_wconf 79' lang='grc' dir='ltr'>τοῦ</span> <span class='ocrx_word' id='word_1_209' title='bbox 1446 659 1619 694; x_wconf 81' lang='grc' dir='ltr'>γεννηθέντος</span> <span class='ocrx_word' id='word_1_210' title='bbox 1634 659 1683 694; x_wconf 83' lang='grc' dir='ltr'>τὴν</span> 
     </span>
    </p>
   </div>
   <div class='ocr_carea' id='block_1_30' title="bbox 894 704 1683 743">
    <p class='ocr_par' dir='ltr' id='par_1_30' title="bbox 894 704 1683 743">
     <span class='ocr_line' id='line_1_30' title="bbox 894 704 1683 743; baseline -0.005 -9"><span class='ocrx_word' id='word_1_211' title='bbox 894 708 941 734; x_wconf 74' lang='grc' dir='ltr'>τοῦ</span> <span class='ocrx_word' id='word_1_212' title='bbox 958 708 1152 743; x_wconf 79' lang='grc' dir='ltr'>γεγεννηκότος</span> <span class='ocrx_word' id='word_1_213' title='bbox 1175 708 1256 743; x_wconf 78' lang='grc' dir='ltr'>φύσιν</span> <span class='ocrx_word' id='word_1_214' title='bbox 1274 706 1513 741; x_wconf 82' lang='grc' dir='ltr'>ὲπιγινώσκοντας.</span> <span class='ocrx_word' id='word_1_215' title='bbox 1529 705 1565 732; x_wconf 79' lang='grc' dir='ltr'><strong>Οὐ</strong></span> <span class='ocrx_word' id='word_1_216' title='bbox 1583 705 1637 740; x_wconf 77' lang='grc' dir='ltr'><strong>γὰρ</strong></span> <span class='ocrx_word' id='word_1_217' title='bbox 1651 704 1683 730; x_wconf 81' lang='grc' dir='ltr'>ὲκ</span> 
     </span>
    </p>
   </div>
   <div class='ocr_carea' id='block_1_31' title="bbox 895 744 1706 791">
    <p class='ocr_par' dir='ltr' id='par_1_31' title="bbox 895 744 1706 791">
     <span class='ocr_line' id='line_1_31' title="bbox 895 744 1706 791; baseline -0.006 -10"><span class='ocrx_word' id='word_1_218' title='bbox 895 755 946 790; x_wconf 84' lang='grc' dir='ltr'>τῆς</span> <span class='ocrx_word' id='word_1_219' title='bbox 971 755 1059 786; x_wconf 76' lang='grc' dir='ltr'>οἰκίας</span> <span class='ocrx_word' id='word_1_220' title='bbox 1085 755 1133 791; x_wconf 79' lang='grc' dir='ltr'>τὴν</span> <span class='ocrx_word' id='word_1_221' title='bbox 1155 754 1249 781; x_wconf 83' lang='grc' dir='ltr'>οὐσίαν</span> <span class='ocrx_word' id='word_1_222' title='bbox 1274 753 1321 780; x_wconf 81' lang='grc' dir='ltr'>τοῦ</span> <span class='ocrx_word' id='word_1_223' title='bbox 1352 753 1492 788; x_wconf 82' lang='grc' dir='ltr'>οἰκοδόμου</span> <span class='ocrx_word' id='word_1_224' title='bbox 1522 750 1683 778; x_wconf 73' lang='grc' dir='ltr'>καταλαϐεῖν</span> <span class='ocrx_word' id='word_1_225' title='bbox 1703 744 1706 746; x_wconf 60' lang='grc'><em>’</em></span> 
     </span>
    </p>
   </div>
   <div class='ocr_carea' id='block_1_32' title="bbox 898 797 1683 836">
    <p class='ocr_par' dir='ltr' id='par_1_32' title="bbox 898 797 1683 836">
     <span class='ocr_line' id='line_1_32' title="bbox 898 797 1683 836; baseline -0.008 -8"><span class='ocrx_word' id='word_1_226' title='bbox 898 801 1025 828; x_wconf 86' lang='grc' dir='ltr'>δυνατόν·</span> <span class='ocrx_word' id='word_1_227' title='bbox 1041 801 1073 828; x_wconf 85' lang='grc' dir='ltr'>ὲκ</span> <span class='ocrx_word' id='word_1_228' title='bbox 1100 801 1191 836; x_wconf 82' lang='grc' dir='ltr'>μέντοι</span> <span class='ocrx_word' id='word_1_229' title='bbox 1215 800 1262 828; x_wconf 82' lang='grc' dir='ltr'><strong>τοῦ</strong></span> <span class='ocrx_word' id='word_1_230' title='bbox 1286 801 1454 835; x_wconf 80' lang='grc' dir='ltr'>γεννήματος</span> <span class='ocrx_word' id='word_1_231' title='bbox 1470 798 1563 834; x_wconf 79' lang='grc' dir='ltr'>νοῆσαι</span> <span class='ocrx_word' id='word_1_232' title='bbox 1594 797 1683 833; x_wconf 76' lang='grc' dir='ltr'>ῥᾴδιον</span> 
     </span>
    </p>
   </div>
   <div class='ocr_carea' id='block_1_33' title="bbox 897 842 1682 883">
    <p class='ocr_par' dir='ltr' id='par_1_33' title="bbox 897 842 1682 883">
     <span class='ocr_line' id='line_1_33' title="bbox 897 842 1682 883; baseline -0.005 -10"><span class='ocrx_word' id='word_1_233' title='bbox 897 847 943 873; x_wconf 80' lang='grc' dir='ltr'>τοῦ</span> <span class='ocrx_word' id='word_1_234' title='bbox 967 847 1160 883; x_wconf 79' lang='grc' dir='ltr'>γεγεννηκότος</span> <span class='ocrx_word' id='word_1_235' title='bbox 1178 847 1226 883; x_wconf 86' lang='grc' dir='ltr'>τὴν</span> <span class='ocrx_word' id='word_1_236' title='bbox 1241 847 1332 882; x_wconf 76' lang='grc' dir='ltr'>φύσιν.</span> <span class='ocrx_word' id='word_1_237' title='bbox 1356 847 1436 872; x_wconf 76' lang='grc' dir='ltr'>Ὥστε</span> <span class='ocrx_word' id='word_1_238' title='bbox 1449 846 1473 871; x_wconf 86' lang='grc' dir='ltr'>εί</span> <span class='ocrx_word' id='word_1_239' title='bbox 1488 844 1536 880; x_wconf 81' lang='grc' dir='ltr'>μὲν</span> <span class='ocrx_word' id='word_1_240' title='bbox 1553 842 1682 880; x_wconf 87' lang='grc' dir='ltr'>δημιούρ-</span> 
     </span>
    </p>
   </div>
   <div class='ocr_carea' id='block_1_34' title="bbox 54 889 846 933">
    <p class='ocr_par' dir='ltr' id='par_1_34' title="bbox 54 890 844 928">
     <span class='ocr_line' id='line_1_34' title="bbox 54 890 844 928; baseline -0.003 -8"><span class='ocrx_word' id='word_1_241' title='bbox 54 893 162 928; x_wconf 81' lang='lat' dir='ltr'><strong>Deique</strong></span> <span class='ocrx_word' id='word_1_242' title='bbox 176 894 277 928; x_wconf 76' lang='lat' dir='ltr'><strong>imago,</strong></span> <span class='ocrx_word' id='word_1_243' title='bbox 289 897 316 920; x_wconf 84' lang='lat' dir='ltr'><strong>et</strong></span> <span class='ocrx_word' id='word_1_244' title='bbox 329 892 488 920; x_wconf 83' lang='lat' dir='ltr'><strong>substantiae</strong></span> <span class='ocrx_word' id='word_1_245' title='bbox 508 892 662 919; x_wconf 85' lang='lat' dir='ltr'><strong>character.</strong></span> <span class='ocrx_word' id='word_1_246' title='bbox 680 890 772 927; x_wconf 81' lang='lat' dir='ltr'><strong>Atque</strong></span> <span class='ocrx_word' id='word_1_247' title='bbox 787 891 844 918; x_wconf 64' lang='lat' dir='ltr'><strong>haec</strong></span> 
     </span>
    </p>
   </div>
   <div class='ocr_carea' id='block_1_35' title="bbox 908 889 1683 933">
    <p class='ocr_par' dir='ltr' id='par_1_35' title="bbox 908 889 1683 929">
     <span class='ocr_line' id='line_1_35' title="bbox 908 889 1683 929; baseline -0.008 -8"><span class='ocrx_word' id='word_1_248' title='bbox 908 901 972 928; x_wconf 67' lang='grc' dir='ltr'><strong>ημα</strong></span> <span class='ocrx_word' id='word_1_249' title='bbox 989 895 1003 921; x_wconf 84' lang='grc' dir='ltr'>ὁ</span> <span class='ocrx_word' id='word_1_250' title='bbox 1023 893 1186 929; x_wconf 81' lang='grc' dir='ltr'>Μονογενὴς,</span> <span class='ocrx_word' id='word_1_251' title='bbox 1204 893 1234 919; x_wconf 88' lang='grc' dir='ltr'>οὑ</span> <span class='ocrx_word' id='word_1_252' title='bbox 1253 893 1417 928; x_wconf 81' lang='grc' dir='ltr'>παρίστησιν</span> <span class='ocrx_word' id='word_1_253' title='bbox 1433 892 1498 926; x_wconf 81' lang='grc' dir='ltr'>ἡμῖν</span> <span class='ocrx_word' id='word_1_254' title='bbox 1515 889 1562 917; x_wconf 81' lang='grc' dir='ltr'>τοῦ</span> <span class='ocrx_word' id='word_1_255' title='bbox 1578 890 1683 924; x_wconf 82' lang='grc' dir='ltr'>Πατρὸς</span> 
     </span>
    </p>
   </div>
   <div class='ocr_carea' id='block_1_36' title="bbox 53 938 416 974">
    <p class='ocr_par' dir='ltr' id='par_1_36' title="bbox 53 938 416 974">
     <span class='ocr_line' id='line_1_36' title="bbox 53 938 416 974; baseline 0 -9"><span class='ocrx_word' id='word_1_256' title='bbox 53 941 167 974; x_wconf 78' lang='lat' dir='ltr'><strong>quidem</strong></span> <span class='ocrx_word' id='word_1_257' title='bbox 180 944 240 967; x_wconf 87' lang='lat' dir='ltr'><strong>sunt</strong></span> <span class='ocrx_word' id='word_1_258' title='bbox 251 938 416 974; x_wconf 88' lang='lat' dir='ltr'><strong>hujusmodi.</strong></span> 
     </span>
    </p>
   </div>
   <div class='ocr_carea' id='block_1_37' title="bbox 51 981 1213 1022">
    <p class='ocr_par' dir='ltr' id='par_1_37' title="bbox 51 981 1213 1022">
     <span class='ocr_line' id='line_1_37' title="bbox 51 981 1213 1022; baseline -0.003 -10"><span class='ocrx_word' id='word_1_259' title='bbox 51 986 136 1022; x_wconf 79' lang='grc' dir='ltr'>τέρα,</span> <span class='ocrx_word' id='word_1_260' title='bbox 166 985 226 1020; x_wconf 77' lang='grc' dir='ltr'>οὐχὶ</span> <span class='ocrx_word' id='word_1_261' title='bbox 249 983 453 1019; x_wconf 82' lang='grc' dir='ltr'>δημιούργημα,</span> <span class='ocrx_word' id='word_1_262' title='bbox 473 982 540 1009; x_wconf 78' lang='grc' dir='ltr'><strong>ἀλλὰ</strong></span> <span class='ocrx_word' id='word_1_263' title='bbox 565 981 629 1013; x_wconf 78' lang='grc' dir='ltr'>Υἱὸς</span> <span class='ocrx_word' id='word_1_264' title='bbox 656 981 769 1016; x_wconf 80' lang='grc' dir='ltr'>ἀληθὴς,</span> <span class='ocrx_word' id='word_1_265' title='bbox 796 981 843 1007; x_wconf 76' lang='grc' dir='ltr'><strong>καὶ</strong></span> <span class='ocrx_word' id='word_1_266' title='bbox 874 983 955 1009; x_wconf 80' lang='grc' dir='ltr'>εἰκὼν</span> <span class='ocrx_word' id='word_1_267' title='bbox 976 984 1022 1010; x_wconf 84' lang='grc' dir='ltr'>τοῦ</span> <span class='ocrx_word' id='word_1_268' title='bbox 1057 984 1135 1017; x_wconf 81' lang='grc' dir='ltr'>Θεοῦ,</span> <span class='ocrx_word' id='word_1_269' title='bbox 1165 985 1213 1010; x_wconf 76' lang='grc' dir='ltr'>καὶ</span> 
     </span>
    </p>
   </div>
   <div class='ocr_carea' id='block_1_38' title="bbox 53 1028 413 1065">
    <p class='ocr_par' dir='ltr' id='par_1_38' title="bbox 53 1028 413 1065">
     <span class='ocr_line' id='line_1_38' title="bbox 53 1028 413 1065; baseline -0.011 -7"><span class='ocrx_word' id='word_1_270' title='bbox 53 1032 112 1058; x_wconf 41' lang='grc' dir='ltr'><strong>Καὶ</strong></span> <span class='ocrx_word' id='word_1_271' title='bbox 126 1032 212 1058; x_wconf 81' lang='grc' dir='ltr'>ταῦτα</span> <span class='ocrx_word' id='word_1_272' title='bbox 230 1030 279 1065; x_wconf 76' lang='grc' dir='ltr'>μὲν</span> <span class='ocrx_word' id='word_1_273' title='bbox 291 1028 413 1056; x_wconf 80' lang='grc' dir='ltr'>τοιαῦτα.</span> 
     </span>
    </p>
   </div>
   <div class='ocr_carea' id='block_1_39' title="bbox 206 1071 693 1108">
    <p class='ocr_par' dir='ltr' id='par_1_39' title="bbox 206 1071 693 1108">
     <span class='ocr_line' id='line_1_39' title="bbox 206 1071 693 1108; baseline -0.004 -8"><span class='ocrx_word' id='word_1_274' title='bbox 206 1072 333 1106; x_wconf 67' lang='lat' dir='ltr'><strong>Eiusdem</strong></span> <span class='ocrx_word' id='word_1_275' title='bbox 348 1081 381 1099; x_wconf 71' lang='lat' dir='ltr'><strong>ea;</strong></span> <span class='ocrx_word' id='word_1_276' title='bbox 395 1073 485 1100; x_wconf 81' lang='lat' dir='ltr'><strong>eadem</strong></span> <span class='ocrx_word' id='word_1_277' title='bbox 503 1077 598 1108; x_wconf 82' lang='lat' dir='ltr'><strong>quarto</strong></span> <span class='ocrx_word' id='word_1_278' title='bbox 615 1071 693 1098; x_wconf 78' lang='lat' dir='ltr'><strong>libro.</strong></span> 
     </span>
    </p>
   </div>
   <div class='ocr_carea' id='block_1_40' title="bbox 87 1115 851 1152">
    <p class='ocr_par' dir='ltr' id='par_1_40' title="bbox 87 1115 851 1152">
     <span class='ocr_line' id='line_1_40' title="bbox 87 1115 851 1152; baseline -0.005 -7"><span class='ocrx_word' id='word_1_279' title='bbox 87 1117 118 1145; x_wconf 89' lang='lat' dir='ltr'><strong>Si</strong></span> <span class='ocrx_word' id='word_1_280' title='bbox 133 1118 300 1152; x_wconf 78' lang='lat' dir='ltr'><strong>unigenitum</strong></span> <span class='ocrx_word' id='word_1_281' title='bbox 312 1118 453 1146; x_wconf 84' lang='lat' dir='ltr'><strong>couslituis</strong></span> <span class='ocrx_word' id='word_1_282' title='bbox 469 1126 521 1145; x_wconf 89' lang='lat' dir='ltr'><strong>tton</strong></span> <span class='ocrx_word' id='word_1_283' title='bbox 538 1125 571 1145; x_wconf 77' lang='lat' dir='ltr'><strong>ex</strong></span> <span class='ocrx_word' id='word_1_284' title='bbox 598 1125 631 1145; x_wconf 85' lang='lat' dir='ltr'><strong>eo</strong></span> <span class='ocrx_word' id='word_1_285' title='bbox 644 1115 717 1152; x_wconf 90' lang='lat' dir='ltr'><strong>quod</strong></span> <span class='ocrx_word' id='word_1_286' title='bbox 745 1115 851 1150; x_wconf 79' lang='lat' dir='ltr'><strong>genitus</strong></span> 
     </span>
    </p>
   </div>
   <div class='ocr_carea' id='block_1_41' title="bbox 48 1160 847 1199">
    <p class='ocr_par' dir='ltr' id='par_1_41' title="bbox 48 1160 847 1199">
     <span class='ocr_line' id='line_1_41' title="bbox 48 1160 847 1199; baseline -0.008 -6"><span class='ocrx_word' id='word_1_287' title='bbox 48 1172 102 1197; x_wconf 79' lang='lat' dir='ltr'><strong>est,</strong></span> <span class='ocrx_word' id='word_1_288' title='bbox 120 1165 169 1193; x_wconf 74' lang='lat' dir='ltr'><strong>sed</strong></span> <span class='ocrx_word' id='word_1_289' title='bbox 184 1172 215 1192; x_wconf 77' lang='lat' dir='ltr'><strong>ex</strong></span> <span class='ocrx_word' id='word_1_290' title='bbox 230 1171 263 1192; x_wconf 85' lang='lat' dir='ltr'><strong>eo</strong></span> <span class='ocrx_word' id='word_1_291' title='bbox 278 1164 349 1199; x_wconf 83' lang='lat' dir='ltr'><strong>quod</strong></span> <span class='ocrx_word' id='word_1_292' title='bbox 360 1164 425 1192; x_wconf 91' lang='lat' dir='ltr'><strong>nihil</strong></span> <span class='ocrx_word' id='word_1_293' title='bbox 439 1165 462 1191; x_wconf 90' lang='lat' dir='ltr'><strong>ei</strong></span> <span class='ocrx_word' id='word_1_294' title='bbox 477 1167 662 1198; x_wconf 86' lang='lat' dir='ltr'><strong>comparatur,</strong></span> <span class='ocrx_word' id='word_1_295' title='bbox 694 1167 722 1190; x_wconf 86' lang='lat' dir='ltr'><strong>et</strong></span> <span class='ocrx_word' id='word_1_296' title='bbox 754 1160 847 1194; x_wconf 83' lang='lat' dir='ltr'><strong>Pater,</strong></span> 
     </span>
    </p>
   </div>
   <div class='ocr_carea' id='block_1_42' title="bbox 48 1209 713 1246">
    <p class='ocr_par' dir='ltr' id='par_1_42' title="bbox 48 1209 713 1246">
     <span class='ocr_line' id='line_1_42' title="bbox 48 1209 713 1246; baseline -0.006 -7"><span class='ocrx_word' id='word_1_297' title='bbox 48 1212 97 1239; x_wconf 76' lang='lat' dir='ltr'><strong>cui</strong></span> <span class='ocrx_word' id='word_1_298' title='bbox 114 1211 180 1238; x_wconf 90' lang='lat' dir='ltr'><strong>nihil</strong></span> <span class='ocrx_word' id='word_1_299' title='bbox 193 1211 344 1246; x_wconf 86' lang='lat' dir='ltr'><strong>comparari</strong></span> <span class='ocrx_word' id='word_1_300' title='bbox 366 1214 463 1244; x_wconf 83' lang='lat' dir='ltr'><strong>potest,</strong></span> <span class='ocrx_word' id='word_1_301' title='bbox 480 1210 531 1236; x_wconf 85' lang='lat' dir='ltr'><strong>erit</strong></span> <span class='ocrx_word' id='word_1_302' title='bbox 549 1209 713 1243; x_wconf 72' lang='lat' dir='ltr'><strong>unigenitus.</strong></span> 
     </span>
    </p>
   </div>
   <div class='ocr_carea' id='block_1_43' title="bbox 340 1255 591 1282">
    <p class='ocr_par' dir='ltr' id='par_1_43' title="bbox 340 1255 591 1282">
     <span class='ocr_line' id='line_1_43' title="bbox 340 1255 591 1282; baseline -0.004 0"><span class='ocrx_word' id='word_1_303' title='bbox 340 1257 383 1282; x_wconf 76' lang='lat' dir='ltr'><strong>Ex</strong></span> <span class='ocrx_word' id='word_1_304' title='bbox 397 1256 487 1282; x_wconf 76' lang='lat' dir='ltr'><strong>eadem</strong></span> <span class='ocrx_word' id='word_1_305' title='bbox 512 1255 591 1281; x_wconf 82' lang='lat' dir='ltr'><strong>libro.</strong></span> 
     </span>
    </p>
   </div>
   <div class='ocr_carea' id='block_1_44' title="bbox 89 1299 845 1336">
    <p class='ocr_par' dir='ltr' id='par_1_44' title="bbox 89 1299 845 1336">
     <span class='ocr_line' id='line_1_44' title="bbox 89 1299 845 1336; baseline -0.007 -5"><span class='ocrx_word' id='word_1_306' title='bbox 89 1304 119 1331; x_wconf 89' lang='lat' dir='ltr'><strong>Si</strong></span> <span class='ocrx_word' id='word_1_307' title='bbox 136 1303 220 1331; x_wconf 80' lang='lat' dir='ltr'><strong>Filius</strong></span> <span class='ocrx_word' id='word_1_308' title='bbox 234 1310 288 1330; x_wconf 91' lang='lat' dir='ltr'><strong>non</strong></span> <span class='ocrx_word' id='word_1_309' title='bbox 304 1301 464 1336; x_wconf 87' lang='lat' dir='ltr'><strong>simpliciter</strong></span> <span class='ocrx_word' id='word_1_310' title='bbox 480 1305 521 1330; x_wconf 85' lang='lat' dir='ltr'><strong>est</strong></span> <span class='ocrx_word' id='word_1_311' title='bbox 537 1301 709 1335; x_wconf 78' lang='lat' dir='ltr'><strong>Unigenitus,</strong></span> <span class='ocrx_word' id='word_1_312' title='bbox 726 1301 772 1327; x_wconf 87' lang='lat' dir='ltr'><strong>scd</strong></span> <span class='ocrx_word' id='word_1_313' title='bbox 802 1299 845 1327; x_wconf 83' lang='lat' dir='ltr'><strong>Fi-</strong></span> 
     </span>
    </p>
   </div>
   <div class='ocr_carea' id='block_1_45' title="bbox 50 1347 846 1385">
    <p class='ocr_par' dir='ltr' id='par_1_45' title="bbox 50 1347 846 1385">
     <span class='ocr_line' id='line_1_45' title="bbox 50 1347 846 1385; baseline -0.006 -8"><span class='ocrx_word' id='word_1_314' title='bbox 50 1351 107 1378; x_wconf 88' lang='lat' dir='ltr'><strong>lius</strong></span> <span class='ocrx_word' id='word_1_315' title='bbox 119 1350 286 1385; x_wconf 78' lang='lat' dir='ltr'><strong>uuigenitus,</strong></span> <span class='ocrx_word' id='word_1_316' title='bbox 302 1353 329 1376; x_wconf 87' lang='lat' dir='ltr'><strong>et</strong></span> <span class='ocrx_word' id='word_1_317' title='bbox 344 1357 358 1375; x_wconf 89' lang='lat' dir='ltr'><strong>a</strong></span> <span class='ocrx_word' id='word_1_318' title='bbox 374 1348 454 1375; x_wconf 81' lang='lat' dir='ltr'><strong>Patre</strong></span> <span class='ocrx_word' id='word_1_319' title='bbox 465 1347 633 1382; x_wconf 80' lang='lat' dir='ltr'><strong>unigenitus.</strong></span> <span class='ocrx_word' id='word_1_320' title='bbox 650 1352 691 1374; x_wconf 88' lang='lat' dir='ltr'><strong>est</strong></span> <span class='ocrx_word' id='word_1_321' title='bbox 726 1347 846 1380; x_wconf 78' lang='lat' dir='ltr'><strong>uuigeui-</strong></span> 
     </span>
    </p>
   </div>
   <div class='ocr_carea' id='block_1_46' title="bbox 53 1393 755 1428">
    <p class='ocr_par' dir='ltr' id='par_1_46' title="bbox 53 1393 755 1428">
     <span class='ocr_line' id='line_1_46' title="bbox 53 1393 755 1428; baseline -0.006 -5"><span class='ocrx_word' id='word_1_322' title='bbox 53 1403 100 1424; x_wconf 80' lang='lat' dir='ltr'><strong>tus</strong></span> <span class='ocrx_word' id='word_1_323' title='bbox 117 1395 212 1428; x_wconf 81' lang='lat' dir='ltr'><strong>Filius,</strong></span> <span class='ocrx_word' id='word_1_324' title='bbox 233 1402 290 1423; x_wconf 89' lang='lat' dir='ltr'><strong>non</strong></span> <span class='ocrx_word' id='word_1_325' title='bbox 309 1400 398 1422; x_wconf 84' lang='lat' dir='ltr'><strong>autem</strong></span> <span class='ocrx_word' id='word_1_326' title='bbox 416 1401 460 1421; x_wconf 80' lang='lat' dir='ltr'><strong>res</strong></span> <span class='ocrx_word' id='word_1_327' title='bbox 487 1399 577 1421; x_wconf 88' lang='lat' dir='ltr'><strong>creata</strong></span> <span class='ocrx_word' id='word_1_328' title='bbox 604 1393 755 1428; x_wconf 80' lang='lat' dir='ltr'><strong>unigenita.</strong></span> 
     </span>
    </p>
   </div>
   <div class='ocr_carea' id='block_1_47' title="bbox 322 1441 568 1468">
    <p class='ocr_par' dir='ltr' id='par_1_47' title="bbox 322 1441 568 1468">
     <span class='ocr_line' id='line_1_47' title="bbox 322 1441 568 1468; baseline -0.008 0"><span class='ocrx_word' id='word_1_329' title='bbox 322 1441 363 1468; x_wconf 71' lang='lat' dir='ltr'><strong>Ea:</strong></span> <span class='ocrx_word' id='word_1_330' title='bbox 379 1441 468 1468; x_wconf 78' lang='lat' dir='ltr'><strong>cadent</strong></span> <span class='ocrx_word' id='word_1_331' title='bbox 491 1441 568 1467; x_wconf 83' lang='lat' dir='ltr'><strong>libra.</strong></span> 
     </span>
    </p>
   </div>
   <div class='ocr_carea' id='block_1_48' title="bbox 93 1487 846 1522">
    <p class='ocr_par' dir='ltr' id='par_1_48' title="bbox 93 1487 846 1522">
     <span class='ocr_line' id='line_1_48' title="bbox 93 1487 846 1522; baseline -0.004 -6"><span class='ocrx_word' id='word_1_332' title='bbox 93 1489 123 1516; x_wconf 87' lang='lat' dir='ltr'><strong>Si</strong></span> <span class='ocrx_word' id='word_1_333' title='bbox 140 1488 330 1516; x_wconf 82' lang='lat' dir='ltr'><strong>communione</strong></span> <span class='ocrx_word' id='word_1_334' title='bbox 346 1494 533 1522; x_wconf 83' lang='lat' dir='ltr'><strong>concessuque</strong></span> <span class='ocrx_word' id='word_1_335' title='bbox 552 1487 654 1519; x_wconf 82' lang='lat' dir='ltr'><strong>Patris,</strong></span> <span class='ocrx_word' id='word_1_336' title='bbox 678 1493 730 1513; x_wconf 91' lang='lat' dir='ltr'><strong>non</strong></span> <span class='ocrx_word' id='word_1_337' title='bbox 754 1492 846 1513; x_wconf 88' lang='lat' dir='ltr'><strong>autent</strong></span> 
     </span>
    </p>
   </div>
   <div class='ocr_carea' id='block_1_49' title="bbox 56 1532 848 1568">
    <p class='ocr_par' dir='ltr' id='par_1_49' title="bbox 56 1532 848 1568">
     <span class='ocr_line' id='line_1_49' title="bbox 56 1532 848 1568; baseline -0.004 -6"><span class='ocrx_word' id='word_1_338' title='bbox 56 1540 155 1562; x_wconf 85' lang='lat' dir='ltr'><strong>natura</strong></span> <span class='ocrx_word' id='word_1_339' title='bbox 177 1534 262 1562; x_wconf 83' lang='lat' dir='ltr'><strong>Filius</strong></span> <span class='ocrx_word' id='word_1_340' title='bbox 275 1539 317 1561; x_wconf 80' lang='lat' dir='ltr'><strong>est</strong></span> <span class='ocrx_word' id='word_1_341' title='bbox 331 1537 497 1568; x_wconf 82' lang='lat' dir='ltr'><strong>procreatur.</strong></span> <span class='ocrx_word' id='word_1_342' title='bbox 511 1532 577 1560; x_wconf 84' lang='lat' dir='ltr'><strong>nihil</strong></span> <span class='ocrx_word' id='word_1_343' title='bbox 595 1537 638 1560; x_wconf 86' lang='lat' dir='ltr'><strong>est</strong></span> <span class='ocrx_word' id='word_1_344' title='bbox 661 1532 695 1560; x_wconf 92' lang='lat' dir='ltr'><strong>ab</strong></span> <span class='ocrx_word' id='word_1_345' title='bbox 719 1533 777 1568; x_wconf 90' lang='lat' dir='ltr'><strong>ipso</strong></span> <span class='ocrx_word' id='word_1_346' title='bbox 797 1539 848 1559; x_wconf 88' lang='lat' dir='ltr'><strong>na-</strong></span> 
     </span>
    </p>
   </div>
   <div class='ocr_carea' id='block_1_50' title="bbox 56 1579 850 1614">
    <p class='ocr_par' dir='ltr' id='par_1_50' title="bbox 56 1579 850 1614">
     <span class='ocr_line' id='line_1_50' title="bbox 56 1579 850 1614; baseline -0.004 -7"><span class='ocrx_word' id='word_1_347' title='bbox 56 1587 119 1608; x_wconf 90' lang='lat' dir='ltr'><strong>tura</strong></span> <span class='ocrx_word' id='word_1_348' title='bbox 135 1584 317 1614; x_wconf 88' lang='lat' dir='ltr'><strong>procreatuut.</strong></span> <span class='ocrx_word' id='word_1_349' title='bbox 332 1579 452 1612; x_wconf 89' lang='lat' dir='ltr'><strong>Quorum</strong></span> <span class='ocrx_word' id='word_1_350' title='bbox 479 1579 551 1606; x_wconf 89' lang='lat' dir='ltr'><strong>enint</strong></span> <span class='ocrx_word' id='word_1_351' title='bbox 579 1581 673 1605; x_wconf 89' lang='lat' dir='ltr'><strong>natura</strong></span> <span class='ocrx_word' id='word_1_352' title='bbox 692 1583 850 1612; x_wconf 90' lang='lat' dir='ltr'><strong>procreator</strong></span> 
     </span>
    </p>
   </div>
   <div class='ocr_carea' id='block_1_51' title="bbox 57 1622 797 1659">
    <p class='ocr_par' dir='ltr' id='par_1_51' title="bbox 57 1622 797 1659">
     <span class='ocr_line' id='line_1_51' title="bbox 57 1622 797 1659; baseline -0.003 -7"><span class='ocrx_word' id='word_1_353' title='bbox 57 1627 103 1653; x_wconf 74' lang='lat' dir='ltr'><strong>ille</strong></span> <span class='ocrx_word' id='word_1_354' title='bbox 117 1633 170 1653; x_wconf 85' lang='lat' dir='ltr'><strong>non</strong></span> <span class='ocrx_word' id='word_1_355' title='bbox 186 1630 239 1657; x_wconf 86' lang='lat' dir='ltr'><strong>est,</strong></span> <span class='ocrx_word' id='word_1_356' title='bbox 255 1625 390 1659; x_wconf 88' lang='lat' dir='ltr'><strong>quomodo</strong></span> <span class='ocrx_word' id='word_1_357' title='bbox 402 1632 434 1651; x_wconf 88' lang='lat' dir='ltr'><strong>ea</strong></span> <span class='ocrx_word' id='word_1_358' title='bbox 449 1623 504 1650; x_wconf 86' lang='lat' dir='ltr'><strong>sint</strong></span> <span class='ocrx_word' id='word_1_359' title='bbox 523 1628 619 1650; x_wconf 79' lang='lat' dir='ltr'><strong>natura</strong></span> <span class='ocrx_word' id='word_1_360' title='bbox 635 1622 797 1658; x_wconf 81' lang='lat' dir='ltr'><strong>procreata?</strong></span> 
     </span>
    </p>
   </div>
   <div class='ocr_carea' id='block_1_52' title="bbox 326 1713 570 1741">
    <p class='ocr_par' dir='ltr' id='par_1_52' title="bbox 326 1713 570 1741">
     <span class='ocr_line' id='line_1_52' title="bbox 326 1713 570 1741; baseline 0.004 -1"><span class='ocrx_word' id='word_1_361' title='bbox 326 1713 367 1740; x_wconf 73' lang='lat' dir='ltr'><strong>Ea;</strong></span> <span class='ocrx_word' id='word_1_362' title='bbox 388 1715 476 1741; x_wconf 80' lang='lat' dir='ltr'><strong>eodem</strong></span> <span class='ocrx_word' id='word_1_363' title='bbox 492 1713 570 1741; x_wconf 79' lang='lat' dir='ltr'><strong>libra.</strong></span> 
     </span>
    </p>
   </div>
   <div class='ocr_carea' id='block_1_53' title="bbox 100 1759 852 1794">
    <p class='ocr_par' dir='ltr' id='par_1_53' title="bbox 100 1759 852 1794">
     <span class='ocr_line' id='line_1_53' title="bbox 100 1759 852 1794; baseline -0.001 -8"><span class='ocrx_word' id='word_1_364' title='bbox 100 1761 128 1787; x_wconf 88' lang='lat' dir='ltr'><strong>Si</strong></span> <span class='ocrx_word' id='word_1_365' title='bbox 152 1761 220 1787; x_wconf 86' lang='lat' dir='ltr'><strong>Deus</strong></span> <span class='ocrx_word' id='word_1_366' title='bbox 240 1761 295 1793; x_wconf 66' lang='lat' dir='ltr'><strong>agit</strong></span> <span class='ocrx_word' id='word_1_367' title='bbox 308 1761 414 1787; x_wconf 85' lang='lat' dir='ltr'><strong>ratione</strong></span> <span class='ocrx_word' id='word_1_368' title='bbox 428 1759 569 1794; x_wconf 72' lang='lat' dir='ltr'><strong>singulari,</strong></span> <span class='ocrx_word' id='word_1_369' title='bbox 599 1760 703 1786; x_wconf 88' lang='lat' dir='ltr'><strong>ratione</strong></span> <span class='ocrx_word' id='word_1_370' title='bbox 732 1759 794 1786; x_wconf 87' lang='lat' dir='ltr'><strong>item</strong></span> <span class='ocrx_word' id='word_1_371' title='bbox 813 1759 852 1793; x_wconf 71' lang='lat' dir='ltr'><strong>gi-</strong></span> 
     </span>
    </p>
   </div>
   <div class='ocr_carea' id='block_1_54' title="bbox 58 1806 852 1842">
    <p class='ocr_par' dir='ltr' id='par_1_54' title="bbox 58 1806 852 1842">
     <span class='ocr_line' id='line_1_54' title="bbox 58 1806 852 1842; baseline -0.003 -9"><span class='ocrx_word' id='word_1_372' title='bbox 58 1808 116 1842; x_wconf 76' lang='lat' dir='ltr'><strong>gnit</strong></span> <span class='ocrx_word' id='word_1_373' title='bbox 132 1807 271 1842; x_wconf 77' lang='lat' dir='ltr'><strong>singulari;</strong></span> <span class='ocrx_word' id='word_1_374' title='bbox 286 1806 356 1834; x_wconf 83' lang='lat' dir='ltr'><strong>Deus</strong></span> <span class='ocrx_word' id='word_1_375' title='bbox 370 1807 442 1834; x_wconf 86' lang='lat' dir='ltr'><strong>enim</strong></span> <span class='ocrx_word' id='word_1_376' title='bbox 461 1807 532 1833; x_wconf 89' lang='lat' dir='ltr'><strong>nulla</strong></span> <span class='ocrx_word' id='word_1_377' title='bbox 549 1807 574 1833; x_wconf 90' lang='lat' dir='ltr'><strong>in</strong></span> <span class='ocrx_word' id='word_1_378' title='bbox 591 1813 619 1834; x_wconf 90' lang='lat' dir='ltr'><strong>re</strong></span> <span class='ocrx_word' id='word_1_379' title='bbox 633 1813 694 1833; x_wconf 86' lang='lat' dir='ltr'><strong>cum</strong></span> <span class='ocrx_word' id='word_1_380' title='bbox 710 1806 764 1832; x_wconf 91' lang='lat' dir='ltr'><strong>ullo</strong></span> <span class='ocrx_word' id='word_1_381' title='bbox 778 1813 852 1832; x_wconf 81' lang='lat' dir='ltr'><strong>cout-</strong></span> 
     </span>
    </p>
   </div>
   <div class='ocr_carea' id='block_1_55' title="bbox 56 1854 274 1888">
    <p class='ocr_par' dir='ltr' id='par_1_55' title="bbox 56 1854 274 1888">
     <span class='ocr_line' id='line_1_55' title="bbox 56 1854 274 1888; baseline 0.005 -8"><span class='ocrx_word' id='word_1_382' title='bbox 56 1854 151 1888; x_wconf 65' lang='lat' dir='ltr'><strong>paruri</strong></span> <span class='ocrx_word' id='word_1_383' title='bbox 176 1859 274 1887; x_wconf 84' lang='lat' dir='ltr'><strong>potest.</strong></span> 
     </span>
    </p>
   </div>
   <div class='ocr_carea' id='block_1_56' title="bbox 329 1898 566 1926">
    <p class='ocr_par' dir='ltr' id='par_1_56' title="bbox 329 1898 566 1926">
     <span class='ocr_line' id='line_1_56' title="bbox 329 1898 566 1926; baseline -0.013 0"><span class='ocrx_word' id='word_1_384' title='bbox 329 1899 370 1926; x_wconf 67' lang='lat' dir='ltr'><strong>E1,</strong></span> <span class='ocrx_word' id='word_1_385' title='bbox 386 1899 474 1925; x_wconf 73' lang='lat' dir='ltr'><strong>eadem</strong></span> <span class='ocrx_word' id='word_1_386' title='bbox 491 1898 566 1924; x_wconf 85' lang='lat' dir='ltr'><strong>libra.</strong></span> 
     </span>
    </p>
   </div>
   <div class='ocr_carea' id='block_1_57' title="bbox 97 1943 850 1979">
    <p class='ocr_par' dir='ltr' id='par_1_57' title="bbox 97 1943 850 1979">
     <span class='ocr_line' id='line_1_57' title="bbox 97 1943 850 1979; baseline -0.003 -8"><span class='ocrx_word' id='word_1_387' title='bbox 97 1946 173 1979; x_wconf 80' lang='lat' dir='ltr'><strong>Quod</strong></span> <span class='ocrx_word' id='word_1_388' title='bbox 197 1947 237 1978; x_wconf 80' lang='lat' dir='ltr'><strong>Iit,</strong></span> <span class='ocrx_word' id='word_1_389' title='bbox 258 1954 310 1973; x_wconf 89' lang='lat' dir='ltr'><strong>ttou</strong></span> <span class='ocrx_word' id='word_1_390' title='bbox 327 1953 360 1972; x_wconf 73' lang='lat' dir='ltr'><strong>ex</strong></span> <span class='ocrx_word' id='word_1_391' title='bbox 383 1951 479 1972; x_wconf 88' lang='lat' dir='ltr'><strong>natura</strong></span> <span class='ocrx_word' id='word_1_392' title='bbox 495 1944 618 1971; x_wconf 81' lang='lat' dir='ltr'><strong>facientis</strong></span> <span class='ocrx_word' id='word_1_393' title='bbox 637 1948 689 1970; x_wconf 85' lang='lat' dir='ltr'><strong>est.</strong></span> <span class='ocrx_word' id='word_1_394' title='bbox 715 1943 791 1976; x_wconf 85' lang='lat' dir='ltr'><strong>Quod</strong></span> <span class='ocrx_word' id='word_1_395' title='bbox 805 1951 850 1969; x_wconf 83' lang='lat' dir='ltr'><strong>au-</strong></span> 
     </span>
    </p>
   </div>
   <div class='ocr_carea' id='block_1_58' title="bbox 63 1989 852 2028">
    <p class='ocr_par' dir='ltr' id='par_1_58' title="bbox 63 1989 852 2028">
     <span class='ocr_line' id='line_1_58' title="bbox 63 1989 852 2028; baseline -0.004 -9"><span class='ocrx_word' id='word_1_396' title='bbox 63 1999 118 2020; x_wconf 83' lang='lat' dir='ltr'><strong>tent</strong></span> <span class='ocrx_word' id='word_1_397' title='bbox 134 1992 261 2028; x_wconf 73' lang='lat' dir='ltr'><strong>gignitur,</strong></span> <span class='ocrx_word' id='word_1_398' title='bbox 281 1997 323 2019; x_wconf 76' lang='lat' dir='ltr'><strong>est</strong></span> <span class='ocrx_word' id='word_1_399' title='bbox 339 1999 372 2018; x_wconf 83' lang='lat' dir='ltr'><strong>ex</strong></span> <span class='ocrx_word' id='word_1_400' title='bbox 387 1991 521 2026; x_wconf 76' lang='lat' dir='ltr'><strong>gignentis</strong></span> <span class='ocrx_word' id='word_1_401' title='bbox 537 1990 663 2018; x_wconf 85' lang='lat' dir='ltr'><strong>essentia.</strong></span> <span class='ocrx_word' id='word_1_402' title='bbox 693 1989 751 2016; x_wconf 79' lang='lat' dir='ltr'><strong>Non</strong></span> <span class='ocrx_word' id='word_1_403' title='bbox 771 1990 852 2025; x_wconf 79' lang='lat' dir='ltr'><strong>igitur</strong></span> 
     </span>
    </p>
   </div>
   <div class='ocr_carea' id='block_1_59' title="bbox 61 2037 499 2072">
    <p class='ocr_par' dir='ltr' id='par_1_59' title="bbox 61 2037 499 2072">
     <span class='ocr_line' id='line_1_59' title="bbox 61 2037 499 2072; baseline -0.007 -7"><span class='ocrx_word' id='word_1_404' title='bbox 61 2039 135 2066; x_wconf 85' lang='lat' dir='ltr'><strong>idem</strong></span> <span class='ocrx_word' id='word_1_405' title='bbox 155 2043 195 2066; x_wconf 87' lang='lat' dir='ltr'><strong>est</strong></span> <span class='ocrx_word' id='word_1_406' title='bbox 211 2037 311 2070; x_wconf 82' lang='lat' dir='ltr'><strong>facere,</strong></span> <span class='ocrx_word' id='word_1_407' title='bbox 337 2042 365 2064; x_wconf 87' lang='lat' dir='ltr'><strong>et</strong></span> <span class='ocrx_word' id='word_1_408' title='bbox 379 2039 499 2072; x_wconf 70' lang='lat' dir='ltr'><strong>gignere.</strong></span> 
     </span>
    </p>
   </div>
   <div class='ocr_carea' id='block_1_60' title="bbox 323 2083 568 2110">
    <p class='ocr_par' dir='ltr' id='par_1_60' title="bbox 323 2083 568 2110">
     <span class='ocr_line' id='line_1_60' title="bbox 323 2083 568 2110; baseline -0.004 0"><span class='ocrx_word' id='word_1_409' title='bbox 323 2083 365 2110; x_wconf 71' lang='lat' dir='ltr'><strong>Ea;</strong></span> <span class='ocrx_word' id='word_1_410' title='bbox 390 2084 478 2110; x_wconf 79' lang='lat' dir='ltr'><strong>eodem</strong></span> <span class='ocrx_word' id='word_1_411' title='bbox 491 2083 568 2109; x_wconf 74' lang='lat' dir='ltr'><strong>libro.</strong></span> 
     </span>
    </p>
   </div>
   <div class='ocr_carea' id='block_1_61' title="bbox 101 2128 852 2164">
    <p class='ocr_par' dir='ltr' id='par_1_61' title="bbox 101 2128 852 2164">
     <span class='ocr_line' id='line_1_61' title="bbox 101 2128 852 2164; baseline -0.001 -7"><span class='ocrx_word' id='word_1_412' title='bbox 101 2130 178 2164; x_wconf 90' lang='lat' dir='ltr'><strong>Quod</strong></span> <span class='ocrx_word' id='word_1_413' title='bbox 195 2130 220 2156; x_wconf 91' lang='lat' dir='ltr'><strong>in</strong></span> <span class='ocrx_word' id='word_1_414' title='bbox 238 2131 322 2158; x_wconf 88' lang='lat' dir='ltr'><strong>lorma</strong></span> <span class='ocrx_word' id='word_1_415' title='bbox 341 2129 387 2156; x_wconf 86' lang='lat' dir='ltr'><strong>Dei</strong></span> <span class='ocrx_word' id='word_1_416' title='bbox 402 2134 455 2162; x_wconf 88' lang='lat' dir='ltr'><strong>est,</strong></span> <span class='ocrx_word' id='word_1_417' title='bbox 464 2134 506 2156; x_wconf 87' lang='lat' dir='ltr'><strong>est</strong></span> <span class='ocrx_word' id='word_1_418' title='bbox 523 2129 550 2155; x_wconf 88' lang='lat' dir='ltr'><strong>in</strong></span> <span class='ocrx_word' id='word_1_419' title='bbox 563 2129 682 2156; x_wconf 86' lang='lat' dir='ltr'><strong>essentia</strong></span> <span class='ocrx_word' id='word_1_420' title='bbox 706 2129 765 2156; x_wconf 86' lang='lat' dir='ltr'><strong>Dei.</strong></span> <span class='ocrx_word' id='word_1_421' title='bbox 792 2128 852 2156; x_wconf 87' lang='lat' dir='ltr'><strong>Non</strong></span> 
     </span>
    </p>
   </div>
   <div class='ocr_carea' id='block_1_62' title="bbox 63 2174 852 2209">
    <p class='ocr_par' dir='ltr' id='par_1_62' title="bbox 63 2174 852 2209">
     <span class='ocr_line' id='line_1_62' title="bbox 63 2174 852 2209; baseline 0 -7"><span class='ocrx_word' id='word_1_422' title='bbox 63 2177 138 2203; x_wconf 74' lang='lat' dir='ltr'><strong>enim</strong></span> <span class='ocrx_word' id='word_1_423' title='bbox 154 2176 225 2203; x_wconf 84' lang='lat' dir='ltr'><strong>aliud</strong></span> <span class='ocrx_word' id='word_1_424' title='bbox 239 2181 280 2203; x_wconf 89' lang='lat' dir='ltr'><strong>est</strong></span> <span class='ocrx_word' id='word_1_425' title='bbox 294 2176 339 2202; x_wconf 83' lang='lat' dir='ltr'><strong>Dei</strong></span> <span class='ocrx_word' id='word_1_426' title='bbox 362 2174 460 2206; x_wconf 85' lang='lat' dir='ltr'><strong>forma,</strong></span> <span class='ocrx_word' id='word_1_427' title='bbox 473 2175 545 2202; x_wconf 87' lang='lat' dir='ltr'><strong>aliud</strong></span> <span class='ocrx_word' id='word_1_428' title='bbox 561 2175 619 2209; x_wconf 86' lang='lat' dir='ltr'><strong>ejus</strong></span> <span class='ocrx_word' id='word_1_429' title='bbox 633 2175 763 2203; x_wconf 85' lang='lat' dir='ltr'><strong>essentia.</strong></span> <span class='ocrx_word' id='word_1_430' title='bbox 778 2175 852 2202; x_wconf 83' lang='lat' dir='ltr'><strong>Alio-</strong></span> 
     </span>
    </p>
   </div>
   <div class='ocr_carea' id='block_1_63' title="bbox 64 2220 852 2257">
    <p class='ocr_par' dir='ltr' id='par_1_63' title="bbox 64 2220 852 2257">
     <span class='ocr_line' id='line_1_63' title="bbox 64 2220 852 2257; baseline 0.001 -10"><span class='ocrx_word' id='word_1_431' title='bbox 64 2223 134 2257; x_wconf 73' lang='lat' dir='ltr'><strong>quin</strong></span> <span class='ocrx_word' id='word_1_432' title='bbox 162 2227 234 2249; x_wconf 86' lang='lat' dir='ltr'><strong>esset</strong></span> <span class='ocrx_word' id='word_1_433' title='bbox 256 2222 434 2255; x_wconf 89' lang='lat' dir='ltr'><strong>compositus.</strong></span> <span class='ocrx_word' id='word_1_434' title='bbox 465 2221 648 2253; x_wconf 78' lang='lat' dir='ltr'><strong>Quamobrem</strong></span> <span class='ocrx_word' id='word_1_435' title='bbox 679 2221 724 2256; x_wconf 89' lang='lat' dir='ltr'><strong>qui</strong></span> <span class='ocrx_word' id='word_1_436' title='bbox 765 2220 852 2248; x_wconf 83' lang='lat' dir='ltr'><strong>forma</strong></span> 
     </span>
    </p>
   </div>
   <div class='ocr_carea' id='block_1_64' title="bbox 63 2267 626 2303">
    <p class='ocr_par' dir='ltr' id='par_1_64' title="bbox 63 2267 626 2303">
     <span class='ocr_line' id='line_1_64' title="bbox 63 2267 626 2303; baseline -0.002 -7"><span class='ocrx_word' id='word_1_437' title='bbox 63 2268 180 2303; x_wconf 79' lang='lat' dir='ltr'><strong>aequalis</strong></span> <span class='ocrx_word' id='word_1_438' title='bbox 197 2272 250 2301; x_wconf 86' lang='lat' dir='ltr'><strong>est,</strong></span> <span class='ocrx_word' id='word_1_439' title='bbox 272 2272 300 2295; x_wconf 86' lang='lat' dir='ltr'><strong>et</strong></span> <span class='ocrx_word' id='word_1_440' title='bbox 317 2267 436 2295; x_wconf 84' lang='lat' dir='ltr'><strong>essentia</strong></span> <span class='ocrx_word' id='word_1_441' title='bbox 448 2272 490 2295; x_wconf 87' lang='lat' dir='ltr'><strong>cst</strong></span> <span class='ocrx_word' id='word_1_442' title='bbox 504 2268 626 2302; x_wconf 65' lang='lat' dir='ltr'><strong>aequalis.</strong></span> 
     </span>
    </p>
   </div>
   <div class='ocr_carea' id='block_1_65' title="bbox 329 2314 595 2342">
    <p class='ocr_par' dir='ltr' id='par_1_65' title="bbox 329 2314 595 2342">
     <span class='ocr_line' id='line_1_65' title="bbox 329 2314 595 2342; baseline 0 -1"><span class='ocrx_word' id='word_1_443' title='bbox 329 2314 370 2341; x_wconf 68' lang='lat' dir='ltr'><strong>Ex</strong></span> <span class='ocrx_word' id='word_1_444' title='bbox 396 2315 486 2342; x_wconf 77' lang='lat' dir='ltr'><strong>cadent</strong></span> <span class='ocrx_word' id='word_1_445' title='bbox 517 2315 595 2341; x_wconf 75' lang='lat' dir='ltr'><strong>libro.</strong></span> 
     </span>
    </p>
   </div>
   <div class='ocr_carea' id='block_1_66' title="bbox 896 936 1684 974">
    <p class='ocr_par' dir='ltr' id='par_1_66' title="bbox 896 936 1684 974">
     <span class='ocr_line' id='line_1_66' title="bbox 896 936 1684 974; baseline -0.003 -10"><span class='ocrx_word' id='word_1_446' title='bbox 896 939 945 974; x_wconf 83' lang='grc' dir='ltr'>τὴν</span> <span class='ocrx_word' id='word_1_447' title='bbox 958 939 1065 966; x_wconf 83' lang='grc' dir='ltr'>οὐσίαν·</span> <span class='ocrx_word' id='word_1_448' title='bbox 1083 940 1107 965; x_wconf 88' lang='grc' dir='ltr'>εί</span> <span class='ocrx_word' id='word_1_449' title='bbox 1123 939 1152 965; x_wconf 79' lang='grc' dir='ltr'><strong>δὲ</strong></span> <span class='ocrx_word' id='word_1_450' title='bbox 1166 939 1293 974; x_wconf 77' lang='grc' dir='ltr'>γνωρίζει</span> <span class='ocrx_word' id='word_1_451' title='bbox 1315 939 1382 973; x_wconf 81' lang='grc' dir='ltr'>ἡμῖν</span> <span class='ocrx_word' id='word_1_452' title='bbox 1404 938 1436 964; x_wconf 82' lang='grc' dir='ltr'>δι’</span> <span class='ocrx_word' id='word_1_453' title='bbox 1454 937 1549 964; x_wconf 75' lang='grc' dir='ltr'>ἑαυτοῦ</span> <span class='ocrx_word' id='word_1_454' title='bbox 1567 936 1612 962; x_wconf 78' lang='grc' dir='ltr'>τὸν</span> <span class='ocrx_word' id='word_1_455' title='bbox 1629 936 1684 962; x_wconf 86' lang='grc' dir='ltr'><strong>Πα-</strong></span> 
     </span>
    </p>
   </div>
   <div class='ocr_carea' id='block_1_67' title="bbox 1333 981 1681 1017">
    <p class='ocr_par' dir='ltr' id='par_1_67' title="bbox 1333 981 1681 1017">
     <span class='ocr_line' id='line_1_67' title="bbox 1333 981 1681 1017; baseline -0.003 -8"><span class='ocrx_word' id='word_1_456' title='bbox 1333 983 1507 1014; x_wconf 78' lang='grc' dir='ltr'>ὒποστάσεως</span> <span class='ocrx_word' id='word_1_457' title='bbox 1530 981 1681 1017; x_wconf 81' lang='grc' dir='ltr'>χαρακτήρ.</span> 
     </span>
    </p>
   </div>
   <div class='ocr_carea' id='block_1_68' title="bbox 1076 1067 1507 1103">
    <p class='ocr_par' dir='ltr' id='par_1_68' title="bbox 1076 1067 1507 1103">
     <span class='ocr_line' id='line_1_68' title="bbox 1076 1067 1507 1103; baseline 0 -7"><span class='ocrx_word' id='word_1_458' title='bbox 1076 1069 1130 1096; x_wconf 81' lang='grc' dir='ltr'><strong>Τοῦ</strong></span> <span class='ocrx_word' id='word_1_459' title='bbox 1145 1067 1239 1096; x_wconf 84' lang='grc' dir='ltr'>αὐτοῦ</span> <span class='ocrx_word' id='word_1_460' title='bbox 1252 1068 1287 1096; x_wconf 75' lang='grc' dir='ltr'>ἐκ</span> <span class='ocrx_word' id='word_1_461' title='bbox 1300 1067 1354 1095; x_wconf 84' lang='grc' dir='ltr'>τοῦ</span> <span class='ocrx_word' id='word_1_462' title='bbox 1367 1067 1389 1094; x_wconf 73' lang='grc' dir='ltr'><em>ὃ</em></span> <span class='ocrx_word' id='word_1_463' title='bbox 1403 1067 1507 1103; x_wconf 75' lang='grc' dir='ltr'>λόγου.</span> 
     </span>
    </p>
   </div>
   <div class='ocr_carea' id='block_1_69' title="bbox 904 1115 1690 1157">
    <p class='ocr_par' dir='ltr' id='par_1_69' title="bbox 904 1115 1690 1157">
     <span class='ocr_line' id='line_1_69' title="bbox 904 1115 1690 1157; baseline 0 -15"><span class='ocrx_word' id='word_1_464' title='bbox 904 1151 911 1157; x_wconf 28' lang='grc' dir='ltr'><em>κ</em></span> <span class='ocrx_word' id='word_1_465' title='bbox 935 1116 965 1142; x_wconf 80' lang='lat' dir='ltr'><strong>Et</strong></span> <span class='ocrx_word' id='word_1_466' title='bbox 994 1116 1032 1150; x_wconf 85' lang='grc' dir='ltr'>μὴ</span> <span class='ocrx_word' id='word_1_467' title='bbox 1063 1116 1215 1151; x_wconf 79' lang='grc' dir='ltr'>γεννήσεως</span> <span class='ocrx_word' id='word_1_468' title='bbox 1242 1115 1272 1141; x_wconf 82' lang='grc' dir='ltr'>τὸ</span> <span class='ocrx_word' id='word_1_469' title='bbox 1302 1115 1464 1150; x_wconf 82' lang='grc' dir='ltr'>μονογενὲς,</span> <span class='ocrx_word' id='word_1_470' title='bbox 1493 1115 1561 1142; x_wconf 77' lang='grc' dir='ltr'><strong>ἀλλὰ</strong></span> <span class='ocrx_word' id='word_1_471' title='bbox 1585 1115 1630 1142; x_wconf 82' lang='grc' dir='ltr'>διὰ</span> <span class='ocrx_word' id='word_1_472' title='bbox 1659 1116 1690 1142; x_wconf 74' lang='grc' dir='ltr'>τὸ</span> 
     </span>
    </p>
   </div>
   <div class='ocr_carea' id='block_1_70' title="bbox 904 1161 1689 1196">
    <p class='ocr_par' dir='ltr' id='par_1_70' title="bbox 904 1161 1689 1196">
     <span class='ocr_line' id='line_1_70' title="bbox 904 1161 1689 1196; baseline 0.001 -9"><span class='ocrx_word' id='word_1_473' title='bbox 904 1161 1083 1196; x_wconf 76' lang='grc' dir='ltr'>ἀσύγκριτον.</span> <span class='ocrx_word' id='word_1_474' title='bbox 1114 1161 1260 1196; x_wconf 82' lang='grc' dir='ltr'>μονογενὴς</span> <span class='ocrx_word' id='word_1_475' title='bbox 1291 1161 1336 1187; x_wconf 80' lang='grc' dir='ltr'><strong>καὶ</strong></span> <span class='ocrx_word' id='word_1_476' title='bbox 1365 1161 1378 1187; x_wconf 82' lang='grc' dir='ltr'>ὁ</span> <span class='ocrx_word' id='word_1_477' title='bbox 1407 1161 1510 1196; x_wconf 85' lang='grc' dir='ltr'>Πατήρ.</span> <span class='ocrx_word' id='word_1_478' title='bbox 1544 1161 1689 1196; x_wconf 77' lang='grc' dir='ltr'>Ἀσύγκρι-</span> 
     </span>
    </p>
   </div>
   <div class='ocr_carea' id='block_1_71' title="bbox 901 1207 1169 1242">
    <p class='ocr_par' dir='ltr' id='par_1_71' title="bbox 901 1207 1169 1242">
     <span class='ocr_line' id='line_1_71' title="bbox 901 1207 1169 1242; baseline 0.004 -10"><span class='ocrx_word' id='word_1_479' title='bbox 901 1216 947 1238; x_wconf 82' lang='grc' dir='ltr'><strong>τος</strong></span> <span class='ocrx_word' id='word_1_480' title='bbox 966 1207 1031 1241; x_wconf 78' lang='grc' dir='ltr'>γάρ.</span> <span class='ocrx_word' id='word_1_481' title='bbox 1166 1237 1169 1242; x_wconf 31' lang='grc'><strong>1</strong></span> 
     </span>
    </p>
   </div>
   <div class='ocr_carea' id='block_1_72' title="bbox 1128 1252 1459 1287">
    <p class='ocr_par' dir='ltr' id='par_1_72' title="bbox 1128 1252 1459 1287">
     <span class='ocr_line' id='line_1_72' title="bbox 1128 1252 1459 1287; baseline 0 -8"><span class='ocrx_word' id='word_1_482' title='bbox 1128 1253 1177 1279; x_wconf 74' lang='grc' dir='ltr'>Ἐκ</span> <span class='ocrx_word' id='word_1_483' title='bbox 1188 1252 1242 1279; x_wconf 80' lang='grc' dir='ltr'>τοῦ</span> <span class='ocrx_word' id='word_1_484' title='bbox 1253 1252 1347 1280; x_wconf 81' lang='grc' dir='ltr'>αὑτοῦ</span> <span class='ocrx_word' id='word_1_485' title='bbox 1356 1254 1459 1287; x_wconf 78' lang='grc' dir='ltr'>λόγου.</span> 
     </span>
    </p>
   </div>
   <div class='ocr_carea' id='block_1_73' title="bbox 935 1299 1690 1334">
    <p class='ocr_par' dir='ltr' id='par_1_73' title="bbox 935 1299 1690 1334">
     <span class='ocr_line' id='line_1_73' title="bbox 935 1299 1690 1334; baseline -0.001 -8"><span class='ocrx_word' id='word_1_486' title='bbox 935 1299 966 1326; x_wconf 77' lang='lat' dir='ltr'><strong>Ei.</strong></span> <span class='ocrx_word' id='word_1_487' title='bbox 982 1300 996 1326; x_wconf 79' lang='grc' dir='ltr'>ὁ</span> <span class='ocrx_word' id='word_1_488' title='bbox 1012 1300 1075 1330; x_wconf 76' lang='grc' dir='ltr'><strong>Υἱὸς</strong></span> <span class='ocrx_word' id='word_1_489' title='bbox 1091 1299 1139 1334; x_wconf 80' lang='grc' dir='ltr'>οὐχ</span> <span class='ocrx_word' id='word_1_490' title='bbox 1158 1299 1251 1331; x_wconf 74' lang='grc' dir='ltr'><strong>ἁπλῶς</strong></span> <span class='ocrx_word' id='word_1_491' title='bbox 1269 1300 1424 1334; x_wconf 79' lang='grc' dir='ltr'>Μονογενής</span> <span class='ocrx_word' id='word_1_492' title='bbox 1442 1300 1517 1325; x_wconf 83' lang='grc' dir='ltr'>ἐστιν</span> <span class='ocrx_word' id='word_1_493' title='bbox 1528 1320 1535 1332; x_wconf 84' lang='grc'><strong>,</strong></span> <span class='ocrx_word' id='word_1_494' title='bbox 1553 1299 1610 1326; x_wconf 76' lang='grc' dir='ltr'>ἀλλ’</span> <span class='ocrx_word' id='word_1_495' title='bbox 1626 1299 1690 1330; x_wconf 69' lang='grc' dir='ltr'>Υἱὸς</span> 
     </span>
    </p>
   </div>
   <div class='ocr_carea' id='block_1_74' title="bbox 900 1344 1689 1381">
    <p class='ocr_par' dir='ltr' id='par_1_74' title="bbox 900 1344 1689 1381">
     <span class='ocr_line' id='line_1_74' title="bbox 900 1344 1689 1381; baseline -0.001 -9"><span class='ocrx_word' id='word_1_496' title='bbox 900 1346 1059 1381; x_wconf 70' lang='grc' dir='ltr'>μονογενὴς,</span> <span class='ocrx_word' id='word_1_497' title='bbox 1076 1346 1122 1371; x_wconf 79' lang='grc' dir='ltr'>καὶ</span> <span class='ocrx_word' id='word_1_498' title='bbox 1134 1346 1209 1381; x_wconf 80' lang='grc' dir='ltr'>παρὰ</span> <span class='ocrx_word' id='word_1_499' title='bbox 1225 1345 1332 1380; x_wconf 79' lang='grc' dir='ltr'>Πατρδς</span> <span class='ocrx_word' id='word_1_500' title='bbox 1350 1345 1509 1379; x_wconf 82' lang='grc' dir='ltr'>μονογενὴς,</span> <span class='ocrx_word' id='word_1_501' title='bbox 1527 1344 1590 1376; x_wconf 82' lang='grc' dir='ltr'>Υίδς</span> <span class='ocrx_word' id='word_1_502' title='bbox 1608 1353 1689 1379; x_wconf 72' lang='grc' dir='ltr'>μονο-</span> 
     </span>
    </p>
   </div>
   <div class='ocr_carea' id='block_1_75' title="bbox 899 1391 1456 1427">
    <p class='ocr_par' dir='ltr' id='par_1_75' title="bbox 899 1391 1456 1427">
     <span class='ocr_line' id='line_1_75' title="bbox 899 1391 1456 1427; baseline 0 -9"><span class='ocrx_word' id='word_1_503' title='bbox 899 1392 979 1427; x_wconf 81' lang='grc' dir='ltr'>γενής</span> <span class='ocrx_word' id='word_1_504' title='bbox 995 1392 1064 1424; x_wconf 78' lang='grc' dir='ltr'>ἐστι,</span> <span class='ocrx_word' id='word_1_505' title='bbox 1080 1391 1126 1418; x_wconf 64' lang='grc' dir='ltr'><strong>και</strong></span> <span class='ocrx_word' id='word_1_506' title='bbox 1141 1391 1172 1418; x_wconf 75' lang='grc' dir='ltr'>οὐ</span> <span class='ocrx_word' id='word_1_507' title='bbox 1188 1391 1292 1426; x_wconf 79' lang='grc' dir='ltr'>κτίσμα</span> <span class='ocrx_word' id='word_1_508' title='bbox 1302 1392 1456 1426; x_wconf 84' lang='grc' dir='ltr'>μονογενές.</span> 
     </span>
    </p>
   </div>
   <div class='ocr_carea' id='block_1_76' title="bbox 1116 1438 1473 1473">
    <p class='ocr_par' dir='ltr' id='par_1_76' title="bbox 1116 1438 1473 1473">
     <span class='ocr_line' id='line_1_76' title="bbox 1116 1438 1473 1473; baseline 0 -8"><span class='ocrx_word' id='word_1_509' title='bbox 1116 1439 1166 1465; x_wconf 81' lang='grc' dir='ltr'>Ἐκ</span> <span class='ocrx_word' id='word_1_510' title='bbox 1185 1438 1239 1465; x_wconf 83' lang='grc' dir='ltr'>τοῦ</span> <span class='ocrx_word' id='word_1_511' title='bbox 1256 1438 1350 1465; x_wconf 78' lang='grc' dir='ltr'>αὑτοῦ</span> <span class='ocrx_word' id='word_1_512' title='bbox 1368 1439 1473 1473; x_wconf 74' lang='grc' dir='ltr'>λόγου.</span> 
     </span>
    </p>
   </div>
   <div class='ocr_carea' id='block_1_77' title="bbox 933 1484 1687 1520">
    <p class='ocr_par' dir='ltr' id='par_1_77' title="bbox 933 1484 1687 1520">
     <span class='ocr_line' id='line_1_77' title="bbox 933 1484 1687 1520; baseline 0.001 -9"><span class='ocrx_word' id='word_1_513' title='bbox 933 1486 965 1511; x_wconf 81' lang='lat' dir='ltr'><strong>Et</strong></span> <span class='ocrx_word' id='word_1_514' title='bbox 975 1485 1045 1511; x_wconf 84' lang='grc' dir='ltr'>κατὰ</span> <span class='ocrx_word' id='word_1_515' title='bbox 1058 1485 1201 1519; x_wconf 78' lang='grc' dir='ltr'>μετάδοσιν</span> <span class='ocrx_word' id='word_1_516' title='bbox 1212 1485 1258 1511; x_wconf 74' lang='grc' dir='ltr'>καὶ</span> <span class='ocrx_word' id='word_1_517' title='bbox 1272 1484 1506 1520; x_wconf 83' lang='grc' dir='ltr'>συγχώρησιν.τοῦ</span> <span class='ocrx_word' id='word_1_518' title='bbox 1515 1485 1633 1520; x_wconf 78' lang='grc' dir='ltr'>Πατρδς,</span> <span class='ocrx_word' id='word_1_519' title='bbox 1644 1486 1687 1512; x_wconf 66' lang='grc' dir='ltr'>καὶ</span> 
     </span>
    </p>
   </div>
   <div class='ocr_carea' id='block_1_78' title="bbox 898 1529 1688 1565">
    <p class='ocr_par' dir='ltr' id='par_1_78' title="bbox 898 1529 1688 1565">
     <span class='ocr_line' id='line_1_78' title="bbox 898 1529 1688 1565; baseline -0.003 -7"><span class='ocrx_word' id='word_1_520' title='bbox 898 1532 930 1558; x_wconf 82' lang='grc' dir='ltr'>οὐ</span> <span class='ocrx_word' id='word_1_521' title='bbox 945 1531 1015 1558; x_wconf 81' lang='grc' dir='ltr'>κατὰ</span> <span class='ocrx_word' id='word_1_522' title='bbox 1035 1530 1117 1565; x_wconf 82' lang='grc' dir='ltr'>φύσιν</span> <span class='ocrx_word' id='word_1_523' title='bbox 1132 1529 1298 1565; x_wconf 76' lang='grc' dir='ltr'>δημιουργὸς</span> <span class='ocrx_word' id='word_1_524' title='bbox 1311 1531 1325 1557; x_wconf 87' lang='grc' dir='ltr'><strong><em>ὸ</em></strong></span> <span class='ocrx_word' id='word_1_525' title='bbox 1341 1530 1406 1562; x_wconf 73' lang='grc' dir='ltr'>Υίδς</span> <span class='ocrx_word' id='word_1_526' title='bbox 1418 1551 1426 1564; x_wconf 89' lang='grc'><strong>,</strong></span> <span class='ocrx_word' id='word_1_527' title='bbox 1442 1529 1518 1558; x_wconf 82' lang='grc' dir='ltr'>οὐδὲν</span> <span class='ocrx_word' id='word_1_528' title='bbox 1534 1530 1568 1558; x_wconf 79' lang='grc' dir='ltr'>ἂν</span> <span class='ocrx_word' id='word_1_529' title='bbox 1584 1531 1627 1565; x_wconf 74' lang='grc' dir='ltr'><strong>εἴη</strong></span> <span class='ocrx_word' id='word_1_530' title='bbox 1643 1531 1688 1556; x_wconf 73' lang='grc' dir='ltr'><strong>ὑπ’</strong></span> 
     </span>
    </p>
   </div>
   <div class='ocr_carea' id='block_1_79' title="bbox 900 1573 1689 1613">
    <p class='ocr_par' dir='ltr' id='par_1_79' title="bbox 900 1573 1689 1613">
     <span class='ocr_line' id='line_1_79' title="bbox 900 1573 1689 1613; baseline -0.001 -9"><span class='ocrx_word' id='word_1_531' title='bbox 900 1577 983 1605; x_wconf 80' lang='grc' dir='ltr'>αὐτοῦ</span> <span class='ocrx_word' id='word_1_532' title='bbox 1011 1576 1215 1612; x_wconf 76' lang='grc' dir='ltr'>δημιουργηθέν</span> <span class='ocrx_word' id='word_1_533' title='bbox 1243 1576 1313 1603; x_wconf 78' lang='grc' dir='ltr'>κατὰ</span> <span class='ocrx_word' id='word_1_534' title='bbox 1341 1576 1423 1610; x_wconf 83' lang='grc' dir='ltr'>φύσιν</span> <span class='ocrx_word' id='word_1_535' title='bbox 1443 1585 1450 1592; x_wconf 86' lang='grc'>·</span> <span class='ocrx_word' id='word_1_536' title='bbox 1466 1573 1504 1604; x_wconf 80' lang='grc' dir='ltr'>ὧν</span> <span class='ocrx_word' id='word_1_537' title='bbox 1521 1576 1576 1613; x_wconf 87' lang='grc' dir='ltr'><strong>γὰρ</strong></span> <span class='ocrx_word' id='word_1_538' title='bbox 1605 1576 1619 1603; x_wconf 83' lang='grc' dir='ltr'><strong>ό</strong></span> <span class='ocrx_word' id='word_1_539' title='bbox 1643 1577 1689 1611; x_wconf 79' lang='grc' dir='ltr'><strong>δη-</strong></span> 
     </span>
    </p>
   </div>
   <div class='ocr_carea' id='block_1_80' title="bbox 903 1622 1691 1660">
    <p class='ocr_par' dir='ltr' id='par_1_80' title="bbox 903 1622 1691 1660">
     <span class='ocr_line' id='line_1_80' title="bbox 903 1622 1691 1660; baseline 0 -11"><span class='ocrx_word' id='word_1_540' title='bbox 903 1624 1033 1658; x_wconf 78' lang='grc' dir='ltr'>μιουργὸς</span> <span class='ocrx_word' id='word_1_541' title='bbox 1055 1623 1085 1649; x_wconf 84' lang='grc' dir='ltr'>οὑ</span> <span class='ocrx_word' id='word_1_542' title='bbox 1110 1623 1181 1650; x_wconf 75' lang='grc' dir='ltr'>κατὰ</span> <span class='ocrx_word' id='word_1_543' title='bbox 1203 1622 1295 1658; x_wconf 77' lang='grc' dir='ltr'>φύσιν,</span> <span class='ocrx_word' id='word_1_544' title='bbox 1318 1622 1376 1654; x_wconf 85' lang='grc' dir='ltr'>πῶς</span> <span class='ocrx_word' id='word_1_545' title='bbox 1398 1623 1432 1650; x_wconf 79' lang='grc' dir='ltr'><strong>τὰ</strong></span> <span class='ocrx_word' id='word_1_546' title='bbox 1456 1622 1691 1660; x_wconf 79' lang='grc' dir='ltr'>δημιουργηθέντα</span> 
     </span>
    </p>
   </div>
   <div class='ocr_carea' id='block_1_81' title="bbox 866 1667 1092 1705">
    <p class='ocr_par' dir='ltr' id='par_1_81' title="bbox 866 1667 1092 1705">
     <span class='ocr_line' id='line_1_81' title="bbox 866 1667 1092 1705; baseline -0.004 -9"><span class='ocrx_word' id='word_1_547' title='bbox 866 1667 887 1697; x_wconf 87' lang='lat' dir='ltr'><strong><em>C</em></strong></span> <span class='ocrx_word' id='word_1_548' title='bbox 904 1670 975 1697; x_wconf 84' lang='grc' dir='ltr'>κατὰ</span> <span class='ocrx_word' id='word_1_549' title='bbox 991 1669 1092 1705; x_wconf 83' lang='grc' dir='ltr'>φύσιν;</span> 
     </span>
    </p>
   </div>
   <div class='ocr_carea' id='block_1_82' title="bbox 1117 1714 1475 1750">
    <p class='ocr_par' dir='ltr' id='par_1_82' title="bbox 1117 1714 1475 1750">
     <span class='ocr_line' id='line_1_82' title="bbox 1117 1714 1475 1750; baseline 0.006 -10"><span class='ocrx_word' id='word_1_550' title='bbox 1117 1714 1164 1741; x_wconf 81' lang='grc' dir='ltr'><strong>Ἐκ</strong></span> <span class='ocrx_word' id='word_1_551' title='bbox 1184 1715 1237 1741; x_wconf 87' lang='grc' dir='ltr'>τοῦ</span> <span class='ocrx_word' id='word_1_552' title='bbox 1258 1714 1352 1742; x_wconf 83' lang='grc' dir='ltr'>αὐτοῦ</span> <span class='ocrx_word' id='word_1_553' title='bbox 1371 1715 1475 1750; x_wconf 73' lang='grc' dir='ltr'>λόγου.</span> 
     </span>
    </p>
   </div>
   <div class='ocr_carea' id='block_1_83' title="bbox 940 1759 1690 1796">
    <p class='ocr_par' dir='ltr' id='par_1_83' title="bbox 940 1759 1690 1796">
     <span class='ocr_line' id='line_1_83' title="bbox 940 1759 1690 1796; baseline -0.001 -9"><span class='ocrx_word' id='word_1_554' title='bbox 940 1762 970 1788; x_wconf 77' lang='lat' dir='ltr'><strong>Et</strong></span> <span class='ocrx_word' id='word_1_555' title='bbox 989 1761 1097 1796; x_wconf 78' lang='grc' dir='ltr'>ἐνεργεῖ</span> <span class='ocrx_word' id='word_1_556' title='bbox 1112 1761 1126 1787; x_wconf 88' lang='grc' dir='ltr'><strong>ὁ</strong></span> <span class='ocrx_word' id='word_1_557' title='bbox 1140 1761 1218 1794; x_wconf 77' lang='grc' dir='ltr'>Θεὸς,</span> <span class='ocrx_word' id='word_1_558' title='bbox 1235 1761 1272 1792; x_wconf 85' lang='grc' dir='ltr'>ὼς</span> <span class='ocrx_word' id='word_1_559' title='bbox 1287 1761 1374 1792; x_wconf 72' lang='grc' dir='ltr'>οὐδεὶς</span> <span class='ocrx_word' id='word_1_560' title='bbox 1391 1761 1495 1796; x_wconf 72' lang='grc' dir='ltr'>ἕτερος,</span> <span class='ocrx_word' id='word_1_561' title='bbox 1512 1759 1559 1787; x_wconf 79' lang='grc' dir='ltr'><strong>καὶ</strong></span> <span class='ocrx_word' id='word_1_562' title='bbox 1579 1760 1690 1794; x_wconf 77' lang='grc' dir='ltr'>γεννῶν,</span> 
     </span>
    </p>
   </div>
   <div class='ocr_carea' id='block_1_84' title="bbox 902 1807 1692 1843">
    <p class='ocr_par' dir='ltr' id='par_1_84' title="bbox 902 1807 1692 1843">
     <span class='ocr_line' id='line_1_84' title="bbox 902 1807 1692 1843; baseline 0 -9"><span class='ocrx_word' id='word_1_563' title='bbox 902 1808 938 1838; x_wconf 85' lang='grc' dir='ltr'>ὡς</span> <span class='ocrx_word' id='word_1_564' title='bbox 954 1807 1002 1842; x_wconf 80' lang='grc' dir='ltr'>οὐχ</span> <span class='ocrx_word' id='word_1_565' title='bbox 1013 1807 1105 1842; x_wconf 74' lang='grc' dir='ltr'>ἕτερος</span> <span class='ocrx_word' id='word_1_566' title='bbox 1120 1809 1255 1842; x_wconf 77' lang='grc' dir='ltr'>γεννήσει.</span> <span class='ocrx_word' id='word_1_567' title='bbox 1267 1807 1443 1843; x_wconf 79' lang='grc' dir='ltr'>Ἀσύγκριτος</span> <span class='ocrx_word' id='word_1_568' title='bbox 1455 1807 1508 1843; x_wconf 82' lang='grc' dir='ltr'><strong>γὰρ</strong></span> <span class='ocrx_word' id='word_1_569' title='bbox 1520 1807 1588 1843; x_wconf 81' lang='grc' dir='ltr'>πρὸς</span> <span class='ocrx_word' id='word_1_570' title='bbox 1602 1807 1692 1834; x_wconf 82' lang='grc' dir='ltr'>πάντα</span> 
     </span>
    </p>
   </div>
   <div class='ocr_carea' id='block_1_85' title="bbox 904 1853 1199 1884">
    <p class='ocr_par' dir='ltr' id='par_1_85' title="bbox 904 1853 1199 1884">
     <span class='ocr_line' id='line_1_85' title="bbox 904 1853 1199 1884; baseline 0 -5"><span class='ocrx_word' id='word_1_571' title='bbox 904 1853 976 1879; x_wconf 72' lang='grc' dir='ltr'>κατὰ</span> <span class='ocrx_word' id='word_1_572' title='bbox 991 1853 1078 1880; x_wconf 84' lang='grc' dir='ltr'>πάντα</span> <span class='ocrx_word' id='word_1_573' title='bbox 1093 1855 1106 1880; x_wconf 82' lang='grc' dir='ltr'>ὁ</span> <span class='ocrx_word' id='word_1_574' title='bbox 1124 1854 1199 1884; x_wconf 72' lang='grc' dir='ltr'>θεὸς.</span> 
     </span>
    </p>
   </div>
   <div class='ocr_carea' id='block_1_86' title="bbox 1119 1899 1480 1934">
    <p class='ocr_par' dir='ltr' id='par_1_86' title="bbox 1119 1899 1480 1934">
     <span class='ocr_line' id='line_1_86' title="bbox 1119 1899 1480 1934; baseline 0 -8"><span class='ocrx_word' id='word_1_575' title='bbox 1119 1900 1169 1926; x_wconf 70' lang='grc' dir='ltr'>Ἐκ</span> <span class='ocrx_word' id='word_1_576' title='bbox 1189 1899 1242 1926; x_wconf 82' lang='grc' dir='ltr'>τοῦ</span> <span class='ocrx_word' id='word_1_577' title='bbox 1261 1899 1354 1926; x_wconf 76' lang='grc' dir='ltr'>αὑτοῦ</span> <span class='ocrx_word' id='word_1_578' title='bbox 1374 1899 1480 1934; x_wconf 71' lang='grc' dir='ltr'>λόγου.</span> 
     </span>
    </p>
   </div>
   <div class='ocr_carea' id='block_1_87' title="bbox 939 1941 1692 1979">
    <p class='ocr_par' dir='ltr' id='par_1_87' title="bbox 939 1941 1692 1979">
     <span class='ocr_line' id='line_1_87' title="bbox 939 1941 1692 1979; baseline 0.003 -9"><span class='ocrx_word' id='word_1_579' title='bbox 939 1945 974 1971; x_wconf 85' lang='grc' dir='ltr'>Τὸ</span> <span class='ocrx_word' id='word_1_580' title='bbox 992 1945 1155 1979; x_wconf 77' lang='grc' dir='ltr'>ποιούμενον</span> <span class='ocrx_word' id='word_1_581' title='bbox 1172 1941 1221 1971; x_wconf 71' lang='grc' dir='ltr'>οὐκ</span> <span class='ocrx_word' id='word_1_582' title='bbox 1241 1946 1272 1971; x_wconf 79' lang='grc' dir='ltr'>ἐκ</span> <span class='ocrx_word' id='word_1_583' title='bbox 1290 1944 1340 1979; x_wconf 84' lang='grc' dir='ltr'>τῆς</span> <span class='ocrx_word' id='word_1_584' title='bbox 1355 1945 1450 1977; x_wconf 75' lang='grc' dir='ltr'>οὐσίας</span> <span class='ocrx_word' id='word_1_585' title='bbox 1466 1945 1513 1972; x_wconf 83' lang='grc' dir='ltr'><strong>τοῦ</strong></span> <span class='ocrx_word' id='word_1_586' title='bbox 1533 1945 1692 1978; x_wconf 72' lang='grc' dir='ltr'>ποιοῦντος,</span> 
     </span>
    </p>
   </div>
   <div class='ocr_carea' id='block_1_88' title="bbox 903 1989 1690 2025">
    <p class='ocr_par' dir='ltr' id='par_1_88' title="bbox 903 1989 1690 2025">
     <span class='ocr_line' id='line_1_88' title="bbox 903 1989 1690 2025; baseline 0.003 -9"><span class='ocrx_word' id='word_1_587' title='bbox 903 1990 933 2016; x_wconf 85' lang='grc' dir='ltr'>τὸ</span> <span class='ocrx_word' id='word_1_588' title='bbox 945 1990 972 2016; x_wconf 81' lang='grc' dir='ltr'><strong>δὲ</strong></span> <span class='ocrx_word' id='word_1_589' title='bbox 987 1990 1155 2024; x_wconf 77' lang='grc' dir='ltr'>γεννώμενον</span> <span class='ocrx_word' id='word_1_590' title='bbox 1167 1990 1198 2016; x_wconf 80' lang='grc' dir='ltr'>ἐκ</span> <span class='ocrx_word' id='word_1_591' title='bbox 1210 1990 1259 2024; x_wconf 83' lang='grc' dir='ltr'>τῆς</span> <span class='ocrx_word' id='word_1_592' title='bbox 1269 1990 1353 2023; x_wconf 78' lang='grc' dir='ltr'>αὐτῆς</span> <span class='ocrx_word' id='word_1_593' title='bbox 1366 1989 1458 2022; x_wconf 82' lang='grc' dir='ltr'>οὐσίας</span> <span class='ocrx_word' id='word_1_594' title='bbox 1474 1990 1521 2017; x_wconf 78' lang='grc' dir='ltr'>τοῦ</span> <span class='ocrx_word' id='word_1_595' title='bbox 1532 1991 1690 2025; x_wconf 77' lang='grc' dir='ltr'>γεννῶντος.</span> 
     </span>
    </p>
   </div>
   <div class='ocr_carea' id='block_1_89' title="bbox 903 2035 1496 2072">
    <p class='ocr_par' dir='ltr' id='par_1_89' title="bbox 903 2035 1496 2072">
     <span class='ocr_line' id='line_1_89' title="bbox 903 2035 1496 2072; baseline 0.002 -10"><span class='ocrx_word' id='word_1_596' title='bbox 903 2037 940 2062; x_wconf 83' lang='grc' dir='ltr'><strong>Οὐ</strong></span> <span class='ocrx_word' id='word_1_597' title='bbox 954 2035 1050 2063; x_wconf 82' lang='grc' dir='ltr'>ταυτὸν</span> <span class='ocrx_word' id='word_1_598' title='bbox 1064 2036 1120 2070; x_wconf 79' lang='grc' dir='ltr'>ἄρα</span> <span class='ocrx_word' id='word_1_599' title='bbox 1133 2036 1163 2062; x_wconf 86' lang='grc' dir='ltr'>τὸ</span> <span class='ocrx_word' id='word_1_600' title='bbox 1178 2037 1266 2062; x_wconf 79' lang='grc' dir='ltr'>ποιεῖν</span> <span class='ocrx_word' id='word_1_601' title='bbox 1280 2036 1327 2062; x_wconf 86' lang='grc' dir='ltr'><strong>καὶ</strong></span> <span class='ocrx_word' id='word_1_602' title='bbox 1341 2036 1372 2062; x_wconf 76' lang='grc' dir='ltr'><strong>τὸ</strong></span> <span class='ocrx_word' id='word_1_603' title='bbox 1386 2037 1496 2072; x_wconf 76' lang='grc' dir='ltr'>γεννᾷν.</span> 
     </span>
    </p>
   </div>
   <div class='ocr_carea' id='block_1_90' title="bbox 1121 2082 1479 2117">
    <p class='ocr_par' dir='ltr' id='par_1_90' title="bbox 1121 2082 1479 2117">
     <span class='ocr_line' id='line_1_90' title="bbox 1121 2082 1479 2117; baseline 0.006 -9"><span class='ocrx_word' id='word_1_604' title='bbox 1121 2082 1171 2109; x_wconf 79' lang='grc' dir='ltr'>Ἐκ</span> <span class='ocrx_word' id='word_1_605' title='bbox 1190 2082 1244 2109; x_wconf 86' lang='grc' dir='ltr'>τοῦ</span> <span class='ocrx_word' id='word_1_606' title='bbox 1262 2082 1357 2109; x_wconf 82' lang='grc' dir='ltr'>αὐτοῦ</span> <span class='ocrx_word' id='word_1_607' title='bbox 1375 2083 1479 2117; x_wconf 77' lang='grc' dir='ltr'>λόγου.</span> 
     </span>
    </p>
   </div>
   <div class='ocr_carea' id='block_1_91' title="bbox 938 2129 1692 2165">
    <p class='ocr_par' dir='ltr' id='par_1_91' title="bbox 938 2129 1692 2165">
     <span class='ocr_line' id='line_1_91' title="bbox 938 2129 1692 2165; baseline -0.001 -8"><span class='ocrx_word' id='word_1_608' title='bbox 938 2131 974 2157; x_wconf 79' lang='grc' dir='ltr'>Τὸ</span> <span class='ocrx_word' id='word_1_609' title='bbox 995 2132 1023 2157; x_wconf 78' lang='grc' dir='ltr'>ὲν</span> <span class='ocrx_word' id='word_1_610' title='bbox 1045 2131 1136 2165; x_wconf 79' lang='grc' dir='ltr'>μορφῇ</span> <span class='ocrx_word' id='word_1_611' title='bbox 1157 2129 1224 2155; x_wconf 85' lang='grc' dir='ltr'><strong>Θεοῦ</strong></span> <span class='ocrx_word' id='word_1_612' title='bbox 1245 2130 1274 2162; x_wconf 61' lang='grc' dir='ltr'>ἐν</span> <span class='ocrx_word' id='word_1_613' title='bbox 1294 2129 1374 2165; x_wconf 76' lang='grc' dir='ltr'>οὐσίᾳ</span> <span class='ocrx_word' id='word_1_614' title='bbox 1392 2129 1460 2156; x_wconf 81' lang='grc' dir='ltr'><strong>Θεοῦ</strong></span> <span class='ocrx_word' id='word_1_615' title='bbox 1479 2130 1561 2156; x_wconf 79' lang='grc' dir='ltr'>ἐστιν.</span> <span class='ocrx_word' id='word_1_616' title='bbox 1583 2130 1621 2156; x_wconf 83' lang='grc' dir='ltr'><strong>οὐ</strong></span> <span class='ocrx_word' id='word_1_617' title='bbox 1639 2131 1692 2164; x_wconf 73' lang='grc' dir='ltr'><strong>γὰρ</strong></span> 
     </span>
    </p>
   </div>
   <div class='ocr_carea' id='block_1_92' title="bbox 903 2174 1690 2211">
    <p class='ocr_par' dir='ltr' id='par_1_92' title="bbox 903 2174 1690 2211">
     <span class='ocr_line' id='line_1_92' title="bbox 903 2174 1690 2211; baseline 0 -9"><span class='ocrx_word' id='word_1_618' title='bbox 903 2177 966 2204; x_wconf 77' lang='grc' dir='ltr'>ἄλλο</span> <span class='ocrx_word' id='word_1_619' title='bbox 983 2176 1084 2211; x_wconf 83' lang='grc' dir='ltr'>μορφὴ,</span> <span class='ocrx_word' id='word_1_620' title='bbox 1109 2176 1155 2201; x_wconf 73' lang='grc' dir='ltr'>καὶ</span> <span class='ocrx_word' id='word_1_621' title='bbox 1170 2174 1234 2201; x_wconf 81' lang='grc' dir='ltr'><strong>ἄλλο</strong></span> <span class='ocrx_word' id='word_1_622' title='bbox 1250 2175 1330 2202; x_wconf 82' lang='grc' dir='ltr'>οὐσία</span> <span class='ocrx_word' id='word_1_623' title='bbox 1343 2175 1423 2209; x_wconf 77' lang='grc' dir='ltr'>Θεοῦ,</span> <span class='ocrx_word' id='word_1_624' title='bbox 1435 2175 1478 2202; x_wconf 68' lang='grc' dir='ltr'>ἵνα</span> <span class='ocrx_word' id='word_1_625' title='bbox 1501 2176 1537 2211; x_wconf 84' lang='grc' dir='ltr'>μὴ</span> <span class='ocrx_word' id='word_1_626' title='bbox 1555 2175 1690 2206; x_wconf 62' lang='grc' dir='ltr'>σύνθετος.</span> 
     </span>
    </p>
   </div>
   <div class='ocr_carea' id='block_1_93' title="bbox 911 2219 1692 2257">
    <p class='ocr_par' dir='ltr' id='par_1_93' title="bbox 911 2219 1692 2257">
     <span class='ocr_line' id='line_1_93' title="bbox 911 2219 1692 2257; baseline -0.003 -7"><span class='ocrx_word' id='word_1_627' title='bbox 911 2223 940 2250; x_wconf 90' lang='lat'><strong>&#39;0</strong></span> <span class='ocrx_word' id='word_1_628' title='bbox 961 2223 1031 2250; x_wconf 73' lang='grc' dir='ltr'>κατὰ</span> <span class='ocrx_word' id='word_1_629' title='bbox 1056 2222 1162 2257; x_wconf 78' lang='grc' dir='ltr'>μορφὴν</span> <span class='ocrx_word' id='word_1_630' title='bbox 1186 2219 1233 2248; x_wconf 84' lang='grc' dir='ltr'>οὖν</span> <span class='ocrx_word' id='word_1_631' title='bbox 1263 2222 1318 2253; x_wconf 79' lang='grc' dir='ltr'>ἴσος</span> <span class='ocrx_word' id='word_1_632' title='bbox 1343 2221 1390 2247; x_wconf 81' lang='grc' dir='ltr'>καὶ</span> <span class='ocrx_word' id='word_1_633' title='bbox 1416 2222 1478 2248; x_wconf 84' lang='grc' dir='ltr'>κατ’</span> <span class='ocrx_word' id='word_1_634' title='bbox 1501 2222 1596 2249; x_wconf 82' lang='grc' dir='ltr'>οὐσίαν</span> <span class='ocrx_word' id='word_1_635' title='bbox 1620 2223 1692 2248; x_wconf 72' lang='grc' dir='ltr'>ἐστὶν</span> 
     </span>
    </p>
   </div>
   <div class='ocr_carea' id='block_1_94' title="bbox 901 2269 973 2300">
    <p class='ocr_par' dir='ltr' id='par_1_94' title="bbox 901 2269 973 2300">
     <span class='ocr_line' id='line_1_94' title="bbox 901 2269 973 2300; baseline 0 -4"><span class='ocrx_word' id='word_1_636' title='bbox 901 2269 973 2300; x_wconf 65' lang='grc' dir='ltr'>ἶσος.</span> 
     </span>
    </p>
   </div>
   <div class='ocr_carea' id='block_1_95' title="bbox 1121 2313 1478 2349">
    <p class='ocr_par' dir='ltr' id='par_1_95' title="bbox 1121 2313 1478 2349">
     <span class='ocr_line' id='line_1_95' title="bbox 1121 2313 1478 2349; baseline 0.003 -9"><span class='ocrx_word' id='word_1_637' title='bbox 1121 2314 1171 2341; x_wconf 83' lang='grc' dir='ltr'>Ἐκ</span> <span class='ocrx_word' id='word_1_638' title='bbox 1189 2314 1242 2341; x_wconf 87' lang='grc' dir='ltr'>τοῦ</span> <span class='ocrx_word' id='word_1_639' title='bbox 1262 2313 1355 2341; x_wconf 83' lang='grc' dir='ltr'>αὑτοῦ</span> <span class='ocrx_word' id='word_1_640' title='bbox 1374 2315 1478 2349; x_wconf 74' lang='grc' dir='ltr'>λόγου.</span> 
     </span>
    </p>
   </div>
   <div class='ocr_carea' id='block_1_96' title="bbox 60 2348 846 2397">
    <p class='ocr_par' dir='ltr' id='par_1_96' title="bbox 104 2361 846 2394">
     <span class='ocr_line' id='line_1_96' title="bbox 104 2361 846 2394; baseline -0.001 -6"><span class='ocrx_word' id='word_1_641' title='bbox 104 2361 135 2388; x_wconf 88' lang='lat' dir='ltr'><strong>Si</strong></span> <span class='ocrx_word' id='word_1_642' title='bbox 161 2361 240 2389; x_wconf 87' lang='lat' dir='ltr'><strong>Pater</strong></span> <span class='ocrx_word' id='word_1_643' title='bbox 256 2366 318 2388; x_wconf 88' lang='lat' dir='ltr'><strong>aute</strong></span> <span class='ocrx_word' id='word_1_644' title='bbox 333 2361 430 2388; x_wconf 83' lang='lat' dir='ltr'><strong>Filium</strong></span> <span class='ocrx_word' id='word_1_645' title='bbox 447 2365 516 2394; x_wconf 89' lang='lat' dir='ltr'><strong>erat,</strong></span> <span class='ocrx_word' id='word_1_646' title='bbox 531 2361 643 2388; x_wconf 83' lang='lat' dir='ltr'><strong>alterius</strong></span> <span class='ocrx_word' id='word_1_647' title='bbox 659 2361 770 2388; x_wconf 89' lang='lat' dir='ltr'><strong>omnino</strong></span> <span class='ocrx_word' id='word_1_648' title='bbox 795 2368 846 2388; x_wconf 54' lang='lat' dir='ltr'><strong>erat</strong></span> 
     </span>
    </p>
   </div>
   <div class='ocr_carea' id='block_1_97' title="bbox 908 2348 1692 2397">
    <p class='ocr_par' dir='ltr' id='par_1_97' title="bbox 941 2348 1692 2397">
     <span class='ocr_line' id='line_1_97' title="bbox 941 2348 1692 2397; baseline 0 -9"><span class='ocrx_word' id='word_1_649' title='bbox 941 2363 972 2388; x_wconf 82' lang='grc' dir='ltr'><strong>Εί</strong></span> <span class='ocrx_word' id='word_1_650' title='bbox 987 2363 1001 2388; x_wconf 84' lang='grc' dir='ltr'>ὁ</span> <span class='ocrx_word' id='word_1_651' title='bbox 1015 2361 1109 2397; x_wconf 79' lang='grc' dir='ltr'>Πατὴρ</span> <span class='ocrx_word' id='word_1_652' title='bbox 1124 2361 1176 2397; x_wconf 75' lang='grc' dir='ltr'>πρὸ</span> <span class='ocrx_word' id='word_1_653' title='bbox 1188 2360 1235 2387; x_wconf 83' lang='grc' dir='ltr'>τοῦ</span> <span class='ocrx_word' id='word_1_654' title='bbox 1252 2360 1317 2387; x_wconf 80' lang='grc' dir='ltr'>Υίοῢ</span> <span class='ocrx_word' id='word_1_655' title='bbox 1331 2358 1376 2396; x_wconf 78' lang='grc' dir='ltr'>ἦν,</span> <span class='ocrx_word' id='word_1_656' title='bbox 1392 2348 1487 2396; x_wconf 76' lang='grc' dir='ltr'>ἑτέρου</span> <span class='ocrx_word' id='word_1_657' title='bbox 1499 2361 1571 2393; x_wconf 72' lang='grc' dir='ltr'>τινος</span> <span class='ocrx_word' id='word_1_658' title='bbox 1584 2361 1692 2394; x_wconf 74' lang='grc' dir='ltr'>πάντως</span> 
     </span>
    </p>
   </div>
   <div class='ocr_carea' id='block_1_98' title="bbox 65 2406 854 2442">
    <p class='ocr_par' dir='ltr' id='par_1_98' title="bbox 65 2406 854 2442">
     <span class='ocr_line' id='line_1_98' title="bbox 65 2406 854 2442; baseline -0.001 -7"><span class='ocrx_word' id='word_1_659' title='bbox 65 2409 131 2436; x_wconf 79' lang='lat' dir='ltr'><strong>Filii</strong></span> <span class='ocrx_word' id='word_1_660' title='bbox 144 2408 234 2436; x_wconf 87' lang='lat' dir='ltr'><strong>Pater.</strong></span> <span class='ocrx_word' id='word_1_661' title='bbox 248 2409 315 2436; x_wconf 80' lang='lat' dir='ltr'><strong>Nam</strong></span> <span class='ocrx_word' id='word_1_662' title='bbox 324 2409 383 2436; x_wconf 89' lang='lat' dir='ltr'><strong>sine</strong></span> <span class='ocrx_word' id='word_1_663' title='bbox 397 2408 466 2436; x_wconf 83' lang='lat' dir='ltr'><strong>Filio</strong></span> <span class='ocrx_word' id='word_1_664' title='bbox 478 2409 556 2435; x_wconf 85' lang='lat' dir='ltr'><strong>Pater</strong></span> <span class='ocrx_word' id='word_1_665' title='bbox 572 2415 625 2434; x_wconf 93' lang='lat' dir='ltr'><strong>non</strong></span> <span class='ocrx_word' id='word_1_666' title='bbox 639 2407 773 2442; x_wconf 85' lang='lat' dir='ltr'><strong>potuisset</strong></span> <span class='ocrx_word' id='word_1_667' title='bbox 790 2406 854 2434; x_wconf 87' lang='lat' dir='ltr'><strong>dici.</strong></span> 
     </span>
    </p>
   </div>
   <div class='ocr_carea' id='block_1_99' title="bbox 340 2453 582 2481">
    <p class='ocr_par' dir='ltr' id='par_1_99' title="bbox 340 2453 582 2481">
     <span class='ocr_line' id='line_1_99' title="bbox 340 2453 582 2481; baseline -0.004 0"><span class='ocrx_word' id='word_1_668' title='bbox 340 2453 385 2481; x_wconf 73' lang='lat' dir='ltr'><strong>Ea:</strong></span> <span class='ocrx_word' id='word_1_669' title='bbox 399 2453 488 2481; x_wconf 83' lang='lat' dir='ltr'><strong>eodem</strong></span> <span class='ocrx_word' id='word_1_670' title='bbox 504 2453 582 2480; x_wconf 83' lang='lat' dir='ltr'><strong>libro.</strong></span> 
     </span>
    </p>
   </div>
   <div class='ocr_carea' id='block_1_100' title="bbox 105 2498 854 2536">
    <p class='ocr_par' dir='ltr' id='par_1_100' title="bbox 105 2498 854 2536">
     <span class='ocr_line' id='line_1_100' title="bbox 105 2498 854 2536; baseline -0.003 -9"><span class='ocrx_word' id='word_1_671' title='bbox 105 2502 134 2527; x_wconf 84' lang='lat' dir='ltr'><strong>Si</strong></span> <span class='ocrx_word' id='word_1_672' title='bbox 149 2502 171 2528; x_wconf 85' lang='lat' dir='ltr'><strong>is</strong></span> <span class='ocrx_word' id='word_1_673' title='bbox 183 2501 227 2536; x_wconf 84' lang='lat' dir='ltr'><strong>qui</strong></span> <span class='ocrx_word' id='word_1_674' title='bbox 242 2501 340 2529; x_wconf 82' lang='lat' dir='ltr'><strong>Filium</strong></span> <span class='ocrx_word' id='word_1_675' title='bbox 352 2509 399 2536; x_wconf 89' lang='lat' dir='ltr'><strong>per</strong></span> <span class='ocrx_word' id='word_1_676' title='bbox 411 2500 557 2528; x_wconf 84' lang='lat' dir='ltr'><strong>essentiam</strong></span> <span class='ocrx_word' id='word_1_677' title='bbox 575 2499 661 2531; x_wconf 87' lang='lat' dir='ltr'><strong>novit,</strong></span> <span class='ocrx_word' id='word_1_678' title='bbox 681 2498 789 2526; x_wconf 88' lang='lat' dir='ltr'><strong>Patrem</strong></span> <span class='ocrx_word' id='word_1_679' title='bbox 803 2506 854 2525; x_wconf 90' lang='lat' dir='ltr'><strong>no-</strong></span> 
     </span>
    </p>
   </div>
   <div class='ocr_carea' id='block_1_101' title="bbox 67 2545 857 2583">
    <p class='ocr_par' dir='ltr' id='par_1_101' title="bbox 67 2545 857 2583">
     <span class='ocr_line' id='line_1_101' title="bbox 67 2545 857 2583; baseline -0.005 -7"><span class='ocrx_word' id='word_1_680' title='bbox 67 2552 106 2576; x_wconf 91' lang='lat' dir='ltr'><strong>vit</strong></span> <span class='ocrx_word' id='word_1_681' title='bbox 128 2557 137 2578; x_wconf 86' lang='lat'><strong>:</strong></span> <span class='ocrx_word' id='word_1_682' title='bbox 154 2549 184 2577; x_wconf 81' lang='lat' dir='ltr'><strong>Si</strong></span> <span class='ocrx_word' id='word_1_683' title='bbox 201 2557 241 2576; x_wconf 75' lang='lat' dir='ltr'><strong>me</strong></span> <span class='ocrx_word' id='word_1_684' title='bbox 253 2549 335 2582; x_wconf 86' lang='lat' dir='ltr'><strong>enim,</strong></span> <span class='ocrx_word' id='word_1_685' title='bbox 349 2547 446 2583; x_wconf 85' lang='lat' dir='ltr'><strong>inquit,</strong></span> <span class='ocrx_word' id='word_1_686' title='bbox 474 2547 668 2582; x_wconf 75' lang='lat' dir='ltr'><strong>coqnoviuetis,</strong></span> <span class='ocrx_word' id='word_1_687' title='bbox 696 2551 719 2573; x_wconf 80' lang='lat' dir='ltr'><strong>et</strong></span> <span class='ocrx_word' id='word_1_688' title='bbox 748 2545 857 2572; x_wconf 76' lang='lat' dir='ltr'><strong>Patrem</strong></span> 
     </span>
    </p>
   </div>
   <div class='ocr_carea' id='block_1_102' title="bbox 67 2593 858 2630">
    <p class='ocr_par' dir='ltr' id='par_1_102' title="bbox 67 2593 858 2630">
     <span class='ocr_line' id='line_1_102' title="bbox 67 2593 858 2630; baseline -0.005 -8"><span class='ocrx_word' id='word_1_689' title='bbox 67 2603 155 2622; x_wconf 75' lang='lat' dir='ltr'><strong>meum</strong></span> <span class='ocrx_word' id='word_1_690' title='bbox 172 2595 258 2630; x_wconf 77' lang='lat' dir='ltr'><strong>utique</strong></span> <span class='ocrx_word' id='word_1_691' title='bbox 281 2595 465 2630; x_wconf 75' lang='lat' dir='ltr'><strong>cognovissetis</strong></span> <span class='ocrx_word' id='word_1_692' title='bbox 483 2595 503 2627; x_wconf 87' lang='grc'>¹,</span> <span class='ocrx_word' id='word_1_693' title='bbox 533 2593 653 2628; x_wconf 87' lang='lat' dir='ltr'><strong>ejusdem</strong></span> <span class='ocrx_word' id='word_1_694' title='bbox 675 2599 786 2627; x_wconf 74' lang='lat' dir='ltr'><strong>prorsus</strong></span> <span class='ocrx_word' id='word_1_695' title='bbox 813 2599 858 2619; x_wconf 86' lang='lat' dir='ltr'><strong>es-</strong></span> 
     </span>
    </p>
   </div>
   <div class='ocr_carea' id='block_1_103' title="bbox 68 2638 858 2670">
    <p class='ocr_par' dir='ltr' id='par_1_103' title="bbox 68 2638 858 2670">
     <span class='ocr_line' id='line_1_103' title="bbox 68 2638 858 2670; baseline -0.005 0"><span class='ocrx_word' id='word_1_696' title='bbox 68 2641 166 2670; x_wconf 65' lang='lat' dir='ltr'><strong>sentia:</strong></span> <span class='ocrx_word' id='word_1_697' title='bbox 178 2649 237 2668; x_wconf 90' lang='lat' dir='ltr'><strong>cum</strong></span> <span class='ocrx_word' id='word_1_698' title='bbox 252 2641 330 2669; x_wconf 74' lang='lat' dir='ltr'><strong>Patre</strong></span> <span class='ocrx_word' id='word_1_699' title='bbox 341 2641 426 2669; x_wconf 86' lang='lat' dir='ltr'><strong>Filius</strong></span> <span class='ocrx_word' id='word_1_700' title='bbox 449 2646 499 2668; x_wconf 86' lang='lat' dir='ltr'><strong>est.</strong></span> <span class='ocrx_word' id='word_1_701' title='bbox 518 2640 584 2667; x_wconf 85' lang='lat' dir='ltr'><strong>Nam</strong></span> <span class='ocrx_word' id='word_1_702' title='bbox 602 2648 634 2667; x_wconf 81' lang='lat' dir='ltr'><strong>ex</strong></span> <span class='ocrx_word' id='word_1_703' title='bbox 662 2638 784 2666; x_wconf 90' lang='lat' dir='ltr'><strong>dissimili</strong></span> <span class='ocrx_word' id='word_1_704' title='bbox 815 2646 858 2666; x_wconf 85' lang='lat' dir='ltr'><strong>cs-</strong></span> 
     </span>
    </p>
   </div>
   <div class='ocr_carea' id='block_1_104' title="bbox 67 2687 486 2723">
    <p class='ocr_par' dir='ltr' id='par_1_104' title="bbox 67 2687 486 2723">
     <span class='ocr_line' id='line_1_104' title="bbox 67 2687 486 2723; baseline -0.002 -8"><span class='ocrx_word' id='word_1_705' title='bbox 67 2687 222 2716; x_wconf 73' lang='lat' dir='ltr'><strong>scntiauou</strong></span> <span class='ocrx_word' id='word_1_706' title='bbox 248 2692 339 2723; x_wconf 78' lang='lat' dir='ltr'><strong>posset</strong></span> <span class='ocrx_word' id='word_1_707' title='bbox 366 2687 486 2723; x_wconf 78' lang='lat' dir='ltr'><strong>agnosci.</strong></span> 
     </span>
    </p>
   </div>
   <div class='ocr_carea' id='block_1_105' title="bbox 332 2732 573 2760">
    <p class='ocr_par' dir='ltr' id='par_1_105' title="bbox 332 2732 573 2760">
     <span class='ocr_line' id='line_1_105' title="bbox 332 2732 573 2760; baseline 0 0"><span class='ocrx_word' id='word_1_708' title='bbox 332 2733 375 2760; x_wconf 74' lang='lat' dir='ltr'><strong>Ea;</strong></span> <span class='ocrx_word' id='word_1_709' title='bbox 390 2733 480 2760; x_wconf 82' lang='lat' dir='ltr'><strong>eodem</strong></span> <span class='ocrx_word' id='word_1_710' title='bbox 494 2732 573 2760; x_wconf 87' lang='lat' dir='ltr'><strong>libro.</strong></span> 
     </span>
    </p>
   </div>
   <div class='ocr_carea' id='block_1_106' title="bbox 107 2778 855 2815">
    <p class='ocr_par' dir='ltr' id='par_1_106' title="bbox 107 2778 855 2815">
     <span class='ocr_line' id='line_1_106' title="bbox 107 2778 855 2815; baseline -0.004 -7"><span class='ocrx_word' id='word_1_711' title='bbox 107 2780 138 2808; x_wconf 84' lang='lat' dir='ltr'><strong>Si</strong></span> <span class='ocrx_word' id='word_1_712' title='bbox 150 2779 185 2813; x_wconf 88' lang='lat' dir='ltr'><strong>is,</strong></span> <span class='ocrx_word' id='word_1_713' title='bbox 200 2780 245 2815; x_wconf 87' lang='lat' dir='ltr'><strong>qui</strong></span> <span class='ocrx_word' id='word_1_714' title='bbox 258 2780 344 2808; x_wconf 91' lang='lat' dir='ltr'><strong>credit</strong></span> <span class='ocrx_word' id='word_1_715' title='bbox 366 2779 506 2807; x_wconf 83' lang='lat' dir='ltr'><strong>Christum</strong></span> <span class='ocrx_word' id='word_1_716' title='bbox 522 2786 582 2807; x_wconf 85' lang='lat' dir='ltr'><strong>esse</strong></span> <span class='ocrx_word' id='word_1_717' title='bbox 595 2778 692 2806; x_wconf 82' lang='lat' dir='ltr'><strong>Filium</strong></span> <span class='ocrx_word' id='word_1_718' title='bbox 706 2778 762 2812; x_wconf 85' lang='lat' dir='ltr'><strong>Dei,</strong></span> <span class='ocrx_word' id='word_1_719' title='bbox 773 2778 855 2805; x_wconf 79' lang='lat' dir='ltr'><strong>vitam</strong></span> 
     </span>
    </p>
   </div>
   <div class='ocr_carea' id='block_1_107' title="bbox 111 2848 325 2894">
    <p class='ocr_par' dir='ltr' id='par_1_107' title="bbox 111 2848 325 2894">
     <span class='ocr_line' id='line_1_107' title="bbox 111 2848 325 2894; baseline 0.005 -7"><span class='ocrx_word' id='word_1_720' title='bbox 111 2860 120 2876; x_wconf 79' lang='grc'>²</span> <span class='ocrx_word' id='word_1_721' title='bbox 143 2859 219 2887; x_wconf 77' lang='lat' dir='ltr'><strong>Joau.</strong></span> <span class='ocrx_word' id='word_1_722' title='bbox 234 2867 288 2894; x_wconf 75' lang='lat' dir='ltr'><strong>ltv,</strong></span> <span class='ocrx_word' id='word_1_723' title='bbox 299 2848 325 2888; x_wconf 78' lang='lat'><strong>&#39;1.</strong></span> 
     </span>
    </p>
   </div>
   <div class='ocr_carea' id='block_1_108' title="bbox 906 2407 1692 2444">
    <p class='ocr_par' dir='ltr' id='par_1_108' title="bbox 906 2407 1692 2444">
     <span class='ocr_line' id='line_1_108' title="bbox 906 2407 1692 2444; baseline -0.001 -9"><span class='ocrx_word' id='word_1_724' title='bbox 906 2409 1001 2444; x_wconf 79' lang='grc' dir='ltr'>Πατὴρ</span> <span class='ocrx_word' id='word_1_725' title='bbox 1018 2407 1053 2444; x_wconf 81' lang='grc' dir='ltr'>ἦν</span> <span class='ocrx_word' id='word_1_726' title='bbox 1067 2417 1074 2424; x_wconf 92' lang='grc'><strong>·</strong></span> <span class='ocrx_word' id='word_1_727' title='bbox 1092 2407 1176 2443; x_wconf 72' lang='grc' dir='ltr'>χωρὶς</span> <span class='ocrx_word' id='word_1_728' title='bbox 1193 2408 1248 2443; x_wconf 86' lang='grc' dir='ltr'>γὰρ</span> <span class='ocrx_word' id='word_1_729' title='bbox 1263 2407 1328 2438; x_wconf 81' lang='grc' dir='ltr'><strong>Υἱοῦ</strong></span> <span class='ocrx_word' id='word_1_730' title='bbox 1346 2407 1440 2442; x_wconf 80' lang='grc' dir='ltr'>Πατὴρ</span> <span class='ocrx_word' id='word_1_731' title='bbox 1455 2407 1505 2434; x_wconf 79' lang='grc' dir='ltr'>οὐκ</span> <span class='ocrx_word' id='word_1_732' title='bbox 1521 2407 1555 2435; x_wconf 77' lang='grc' dir='ltr'>ἂν</span> <span class='ocrx_word' id='word_1_733' title='bbox 1572 2407 1692 2443; x_wconf 64' lang='grc' dir='ltr'>λεχθείη.</span> 
     </span>
    </p>
   </div>
   <div class='ocr_carea' id='block_1_109' title="bbox 1123 2453 1699 2488">
    <p class='ocr_par' dir='ltr' id='par_1_109' title="bbox 1123 2453 1699 2488">
     <span class='ocr_line' id='line_1_109' title="bbox 1123 2453 1699 2488; baseline -0.002 -7"><span class='ocrx_word' id='word_1_734' title='bbox 1123 2456 1174 2482; x_wconf 78' lang='grc' dir='ltr'>Ἐκ</span> <span class='ocrx_word' id='word_1_735' title='bbox 1195 2454 1247 2482; x_wconf 86' lang='grc' dir='ltr'>τοῦ</span> <span class='ocrx_word' id='word_1_736' title='bbox 1265 2454 1359 2482; x_wconf 85' lang='grc' dir='ltr'>αὑτοῦ</span> <span class='ocrx_word' id='word_1_737' title='bbox 1373 2454 1477 2488; x_wconf 74' lang='grc' dir='ltr'>λόγου.</span> <span class='ocrx_word' id='word_1_738' title='bbox 1695 2453 1699 2480; x_wconf 87' lang='lat' dir='ltr'><strong>l</strong></span> 
     </span>
    </p>
   </div>
   <div class='ocr_carea' id='block_1_110' title="bbox 941 2499 1694 2535">
    <p class='ocr_par' dir='ltr' id='par_1_110' title="bbox 941 2499 1694 2535">
     <span class='ocr_line' id='line_1_110' title="bbox 941 2499 1694 2535; baseline -0.003 -6"><span class='ocrx_word' id='word_1_739' title='bbox 941 2502 973 2529; x_wconf 89' lang='grc' dir='ltr'>Εί</span> <span class='ocrx_word' id='word_1_740' title='bbox 995 2502 1009 2528; x_wconf 78' lang='grc' dir='ltr'><strong>ὁ</strong></span> <span class='ocrx_word' id='word_1_741' title='bbox 1031 2502 1076 2528; x_wconf 78' lang='grc' dir='ltr'>τὸν</span> <span class='ocrx_word' id='word_1_742' title='bbox 1095 2501 1160 2528; x_wconf 81' lang='grc' dir='ltr'>Υίὸν</span> <span class='ocrx_word' id='word_1_743' title='bbox 1174 2501 1255 2535; x_wconf 82' lang='grc' dir='ltr'>γνοὺς</span> <span class='ocrx_word' id='word_1_744' title='bbox 1279 2500 1461 2533; x_wconf 79' lang='grc' dir='ltr'>κατ”οὺσίαν,</span> <span class='ocrx_word' id='word_1_745' title='bbox 1488 2499 1558 2534; x_wconf 76' lang='grc' dir='ltr'>ἔγνω</span> <span class='ocrx_word' id='word_1_746' title='bbox 1579 2509 1625 2528; x_wconf 70' lang='grc' dir='ltr'><strong>και</strong></span> <span class='ocrx_word' id='word_1_747' title='bbox 1647 2507 1694 2527; x_wconf 68' lang='grc' dir='ltr'>τήν</span> 
     </span>
    </p>
   </div>
   <div class='ocr_carea' id='block_1_111' title="bbox 906 2546 1694 2583">
    <p class='ocr_par' dir='ltr' id='par_1_111' title="bbox 906 2546 1694 2583">
     <span class='ocr_line' id='line_1_111' title="bbox 906 2546 1694 2583; baseline -0.003 -8"><span class='ocrx_word' id='word_1_748' title='bbox 906 2549 1026 2583; x_wconf 82' lang='grc' dir='ltr'>Πατέρα·</span> <span class='ocrx_word' id='word_1_749' title='bbox 1040 2549 1075 2574; x_wconf 84' lang='lat' dir='ltr'><strong>El</strong></span> <span class='ocrx_word' id='word_1_750' title='bbox 1085 2547 1137 2582; x_wconf 78' lang='grc' dir='ltr'><strong>ἐμὲ</strong></span> <span class='ocrx_word' id='word_1_751' title='bbox 1148 2547 1213 2582; x_wconf 80' lang='grc' dir='ltr'>γὰρ,</span> <span class='ocrx_word' id='word_1_752' title='bbox 1228 2546 1322 2582; x_wconf 56' lang='grc' dir='ltr'>φησιν,</span> <span class='ocrx_word' id='word_1_753' title='bbox 1332 2546 1441 2581; x_wconf 71' lang='grc' dir='ltr'>ᾔδειτε,</span> <span class='ocrx_word' id='word_1_754' title='bbox 1453 2547 1501 2573; x_wconf 79' lang='grc' dir='ltr'><strong>καί</strong></span> <span class='ocrx_word' id='word_1_755' title='bbox 1513 2547 1565 2573; x_wconf 84' lang='grc' dir='ltr'><strong>τὸν</strong></span> <span class='ocrx_word' id='word_1_756' title='bbox 1579 2546 1694 2580; x_wconf 72' lang='grc' dir='ltr'>Πατέρα</span> 
     </span>
    </p>
   </div>
   <div class='ocr_carea' id='block_1_112' title="bbox 905 2592 1693 2630">
    <p class='ocr_par' dir='ltr' id='par_1_112' title="bbox 905 2592 1693 2630">
     <span class='ocr_line' id='line_1_112' title="bbox 905 2592 1693 2630; baseline -0.003 -9"><span class='ocrx_word' id='word_1_757' title='bbox 905 2603 966 2630; x_wconf 86' lang='grc' dir='ltr'>μου</span> <span class='ocrx_word' id='word_1_758' title='bbox 995 2594 1094 2630; x_wconf 77' lang='grc' dir='ltr'>ᾔδειτε</span> <span class='ocrx_word' id='word_1_759' title='bbox 1123 2593 1184 2620; x_wconf 81' lang='grc' dir='ltr'><strong>ἄν·</strong></span> <span class='ocrx_word' id='word_1_760' title='bbox 1211 2593 1355 2628; x_wconf 84' lang='grc' dir='ltr'>ὁμοούσιος</span> <span class='ocrx_word' id='word_1_761' title='bbox 1396 2593 1505 2624; x_wconf 82' lang='grc' dir='ltr'>πάντως</span> <span class='ocrx_word' id='word_1_762' title='bbox 1536 2592 1575 2626; x_wconf 85' lang='grc' dir='ltr'>τῷ</span> <span class='ocrx_word' id='word_1_763' title='bbox 1607 2593 1693 2626; x_wconf 68' lang='lat' dir='ltr'><strong>&quot;arpi.</strong></span> 
     </span>
    </p>
   </div>
   <div class='ocr_carea' id='block_1_113' title="bbox 907 2640 1693 2675">
    <p class='ocr_par' dir='ltr' id='par_1_113' title="bbox 907 2640 1693 2675">
     <span class='ocr_line' id='line_1_113' title="bbox 907 2640 1693 2675; baseline -0.001 -8"><span class='ocrx_word' id='word_1_764' title='bbox 907 2643 922 2667; x_wconf 87' lang='grc' dir='ltr'>ὁ</span> <span class='ocrx_word' id='word_1_765' title='bbox 946 2641 1019 2671; x_wconf 79' lang='grc' dir='ltr'>Υἱός.</span> <span class='ocrx_word' id='word_1_766' title='bbox 1038 2640 1121 2667; x_wconf 75' lang='grc' dir='ltr'>Οὐδὲν</span> <span class='ocrx_word' id='word_1_767' title='bbox 1137 2640 1190 2674; x_wconf 77' lang='grc' dir='ltr'><strong>γὰρ</strong></span> <span class='ocrx_word' id='word_1_768' title='bbox 1205 2640 1235 2672; x_wconf 78' lang='grc' dir='ltr'><strong>ἐξ</strong></span> <span class='ocrx_word' id='word_1_769' title='bbox 1257 2640 1386 2675; x_wconf 84' lang='grc' dir='ltr'>ἀνομοίου</span> <span class='ocrx_word' id='word_1_770' title='bbox 1401 2640 1495 2672; x_wconf 84' lang='grc' dir='ltr'>οὐσίας</span> <span class='ocrx_word' id='word_1_771' title='bbox 1514 2640 1693 2675; x_wconf 74' lang='grc' dir='ltr'>γνυιρίςεσθιι</span> 
     </span>
    </p>
   </div>
   <div class='ocr_carea' id='block_1_114' title="bbox 908 2687 1030 2715">
    <p class='ocr_par' dir='ltr' id='par_1_114' title="bbox 908 2687 1030 2715">
     <span class='ocr_line' id='line_1_114' title="bbox 908 2687 1030 2715; baseline 0 -1"><span class='ocrx_word' id='word_1_772' title='bbox 908 2687 1030 2715; x_wconf 81' lang='grc' dir='ltr'>δύναται.</span> 
     </span>
    </p>
   </div>
   <div class='ocr_carea' id='block_1_115' title="bbox 1136 2733 1470 2772">
    <p class='ocr_par' dir='ltr' id='par_1_115' title="bbox 1136 2733 1470 2772">
     <span class='ocr_line' id='line_1_115' title="bbox 1136 2733 1470 2772; baseline 0.003 -13"><span class='ocrx_word' id='word_1_773' title='bbox 1136 2733 1187 2760; x_wconf 65' lang='grc' dir='ltr'><strong>Ἑλ</strong></span> <span class='ocrx_word' id='word_1_774' title='bbox 1199 2734 1251 2772; x_wconf 64' lang='grc' dir='ltr'>τοῦ</span> <span class='ocrx_word' id='word_1_775' title='bbox 1263 2734 1356 2761; x_wconf 81' lang='grc' dir='ltr'>αὐτοῦ</span> <span class='ocrx_word' id='word_1_776' title='bbox 1368 2734 1470 2766; x_wconf 68' lang='grc' dir='ltr'>λόγου.</span> 
     </span>
    </p>
   </div>
   <div class='ocr_carea' id='block_1_116' title="bbox 943 2775 1692 2814">
    <p class='ocr_par' dir='ltr' id='par_1_116' title="bbox 943 2775 1692 2814">
     <span class='ocr_line' id='line_1_116' title="bbox 943 2775 1692 2814; baseline -0.003 -8"><span class='ocrx_word' id='word_1_777' title='bbox 943 2780 974 2807; x_wconf 84' lang='grc' dir='ltr'><strong>Εἰ</strong></span> <span class='ocrx_word' id='word_1_778' title='bbox 988 2779 1018 2806; x_wconf 84' lang='grc' dir='ltr'><strong>τὸ</strong></span> <span class='ocrx_word' id='word_1_779' title='bbox 1031 2779 1168 2806; x_wconf 81' lang='grc' dir='ltr'>πιστεύειν</span> <span class='ocrx_word' id='word_1_780' title='bbox 1181 2779 1226 2806; x_wconf 79' lang='grc' dir='ltr'>τὸν</span> <span class='ocrx_word' id='word_1_781' title='bbox 1237 2779 1353 2814; x_wconf 75' lang='grc' dir='ltr'>Χριστὸν</span> <span class='ocrx_word' id='word_1_782' title='bbox 1367 2779 1429 2806; x_wconf 73' lang='grc' dir='ltr'>Υίὸν</span> <span class='ocrx_word' id='word_1_783' title='bbox 1444 2777 1512 2806; x_wconf 78' lang='grc' dir='ltr'>εἶναι</span> <span class='ocrx_word' id='word_1_784' title='bbox 1525 2775 1603 2810; x_wconf 73' lang='grc' dir='ltr'>Θεοῦ,</span> <span class='ocrx_word' id='word_1_785' title='bbox 1619 2778 1692 2814; x_wconf 68' lang='grc' dir='ltr'><strong>ζωὴ-ι</strong></span> 
     </span>
    </p>
   </div>
  </div>
