1902 3078
211 133 266 164 539

472 194 513 220 Ex
536 195 626 221 eadem
641 194 717 223 libro.

245 239 274 267 Si
290 238 326 272 id,
340 240 412 274 quod
428 239 486 267 ﬁeri
502 241 604 275 nequit,
616 242 650 273 ei,
661 243 730 276 quod
747 243 804 270 ﬁeri
820 248 919 278 potest,
932 251 1000 272 eon-

209 284 323 311 trarium
340 289 392 317 est,
407 289 433 312 et
456 285 586 319 insipiens
618 287 770 322 insipienti,
785 294 812 316 et
833 297 1000 325 quarumque

209 331 302 357 endem
318 335 396 365 pacto
411 332 622 366 distinguuntur,
643 333 714 361 inter
731 342 760 362 se
776 337 913 363 contraria
926 341 999 370 sunt,

208 377 356 408 ingenitum
371 377 452 404 etiam
478 378 568 412 genito
590 380 755 406 contrarium
779 381 842 413 erit,
863 386 892 408 et
921 380 1001 408 Pater

210 422 289 450 Filio.
310 423 387 456 Quod
409 424 516 458 quidem
542 431 711 459 sequeretur,
727 427 748 453 si
771 427 921 461 ingenitum
948 435 1000 454 non

208 469 356 496 exsistendi
374 470 493 502 modum,
508 472 554 498 sed
569 472 716 499 essentiam
731 472 908 508 signiﬁcaret.

452 516 495 542 Ea:
512 516 602 544 eodem
618 517 696 546 libro.

247 561 274 589 Si
289 561 375 588 Filius
388 567 496 590 creatus
513 568 566 596 est,
579 571 632 591 non
648 570 739 593 autem
763 566 881 600 genitus,
907 571 934 594 et
958 575 1002 595 res

211 609 274 636 item
290 616 387 637 omnes
400 615 497 637 creatae
505 615 580 643 sunt,
596 610 698 638 frustra
713 611 794 639 Pater
807 617 918 639 vocatur
930 613 1003 648 inge-

209 656 294 693 nitus,
311 664 371 684 cum
387 658 495 692 genitus
510 665 564 685 non
586 658 667 693 adsit,
687 660 795 694 quicum
827 665 1001 694 comparatus

210 704 348 737 ingenitus
361 705 522 740 appelletur.
533 705 625 740 Itaque
637 707 882 735 rectiusincreatus
893 708 1001 735 dicere-

209 754 252 776 tur
280 758 360 785 quam
379 752 526 785 ingenitus.
544 751 574 779 Si
587 752 661 778 enim
679 753 818 788 ingenitus
836 761 934 781 nomen
949 759 1000 786 est,

209 803 262 822 non
281 797 410 823 essentia.
440 797 554 824 Nomina
579 798 651 824 enim
679 799 811 826 essentias
835 799 999 834 signiﬁcant,

209 849 262 869 non
278 847 367 870 autem
388 843 445 875 ipsa
460 848 522 870 sunt
547 845 682 872 essentitn.
707 845 783 877 Quod
807 846 828 872 si
851 845 1000 879 ingenitum

209 889 302 916 dicunt
314 890 458 917 essentiam
473 897 544 924 esse,
560 890 646 925 ipsius
664 890 781 918 aﬂ‘erant
805 899 918 920 nomen.
945 891 1003 920 Non

209 937 281 963 enim
312 944 346 963 ex
375 937 506 970 essentia,
537 938 583 964 sed
597 945 629 964 ex
649 938 760 965 nomine
784 937 942 973 actioneque
961 946 1005 967 res

210 983 410 1018 cognoscimus,
437 991 484 1012 eas
516 985 667 1019 praeseer
697 992 758 1020 qua:
788 985 909 1019 corporis
941 991 1005 1013 sunt

209 1035 347 1064 expertes.

532 1076 574 1104 ΕΞ
591 1077 692 1103 eodem.

246 1123 274 1150 Si
283 1123 418 1158 ingenitus
429 1127 471 1151 est
483 1130 580 1150 nomen
591 1123 716 1150 essentim
732 1123 788 1153 Dei,
800 1127 845 1149 aut
857 1122 1004 1150 essentiam

209 1176 376 1202 cognoscens
398 1176 475 1196 suam
505 1169 576 1196 Deus
600 1170 726 1196 essentiae
749 1177 844 1195 nomen
860 1167 1004 1202 ignoravit,

209 1220 257 1242 aut
280 1222 379 1242 nomen
393 1214 474 1242 etiam
491 1214 580 1241 sciens
596 1215 738 1241 audientes
754 1214 880 1247 decepit:
911 1212 1005 1239 Domi-

209 1270 257 1289 mu
280 1262 348 1289 enim
374 1261 548 1295 omnipotens.
572 1261 669 1296 inquit,
698 1265 736 1287 est
760 1269 854 1286 nomen
877 1268 962 1286 meum
983 1259 1003 1284 ¹.

210 1307 243 1334 Ει
258 1308 323 1335 Mosi
337 1307 469 1341 quaerenti
481 1314 580 1334 nomen
596 1307 680 1341 ipsius
699 1314 706 1333 :
728 1306 792 1340 Ego,
815 1305 913 1339 inquit,
932 1312 1002 1336 sum,

207 1355 252 1388 qui
266 1361 324 1380 sum
339 1354 359 1380 ².
380 1353 413 1380 Et
429 1360 538 1380 rursum
559 1362 566 1379 :
590 1352 671 1384 Deus,
695 1352 794 1386 inquit,
811 1351 966 1382 ‘Abralmm,
981 1355 1006 1376 et

207 1401 278 1428 Deus
297 1400 386 1432 Isaac,
409 1405 433 1427 et
451 1400 519 1426 Deus
534 1399 631 1431 Iacob,
657 1399 704 1425 hoc
720 1399 782 1425 mihi
808 1406 901 1426 nomen
928 1404 1007 1425 aeter-

206 1456 269 1476 num
282 1447 303 1474 ⁸.
316 1448 348 1474 Et
359 1447 460 1474 David:
471 1446 609 1477 Dominus,
623 1445 709 1479 inquit
723 1464 730 1478 ,
746 1449 783 1471 est
807 1453 900 1471 nomen
911 1444 968 1479 ejus
983 1444 1005 1471 ‘.

207 1495 360 1529 lngenitum
375 1498 465 1520 autem
484 1500 544 1520 esse
558 1500 655 1518 nomen
673 1491 744 1518 illius
771 1499 820 1518 nec
846 1492 904 1525 ipse
925 1490 1004 1522 dixit,

206 1548 257 1567 nec
275 1540 345 1567 ullus
357 1543 512 1566 sanctorum
523 1537 673 1564 hominum.
688 1537 766 1570 Quod
783 1537 804 1562 si
820 1543 908 1569 neque
928 1537 1006 1563 dece—
1019 1552 1041 1582 ϐ

206 1586 257 1620 pit,
277 1592 366 1619 neque
382 1584 517 1618 ignoravit
540 1583 578 1619 (id
596 1584 667 1609 enim
683 1583 758 1610 nefas
773 1587 814 1609 ert
835 1582 949 1616 dicere),
965 1581 1007 1608 in-

208 1631 316 1667 genitus
342 1637 394 1657 non
409 1634 450 1657 est
467 1637 566 1656 nomen
580 1629 648 1663 ejus.

496 1675 539 1702 Ex
554 1675 654 1702 eodem.

243 1724 382 1759 lugenitus
391 1728 436 1750 aut
448 1722 576 1755 essentia,
592 1726 637 1747 aut
649 1720 773 1747 accidens
786 1725 837 1752 est,
850 1720 917 1747 nihil
931 1720 1003 1747 enim

208 1769 281 1796 aliud
300 1776 360 1796 esse
379 1771 477 1802 potest.
504 1765 626 1793 Essentia
651 1772 704 1792 non
726 1769 789 1798 est,
807 1765 916 1800 quando
931 1774 964 1792 ne
978 1765 1005 1792 id

208 1815 330 1850 quidem.
357 1813 427 1847 quod
443 1813 477 1840 ab
499 1819 532 1840 eo
549 1811 707 1838 distinctum
732 1811 756 1837 ei
775 1817 806 1838 ex
835 1810 920 1838 altera
934 1815 1009 1845 parte

209 1861 364 1896 respondet,
381 1858 476 1892 nelnpe
490 1858 609 1894 genitus,
622 1865 674 1884 non
691 1861 732 1884 est
745 1857 876 1884 essentia.
893 1856 1008 1884 Gt-nitus

209 1908 280 1934 enim
295 1907 396 1932 dicitur
415 1905 515 1937 Filius,
537 1912 590 1930 non
607 1909 743 1938 quatenus
759 1903 879 1930 essentia
894 1907 947 1935 est,
958 1904 1005 1930 sed

209 1955 344 1987 quatenus
369 1951 498 1986 gignitur.
524 1949 570 1976 Sin
599 1955 641 1976 est
668 1949 807 1981 accidens,
838 1952 884 1975 aut
907 1953 1004 1975 natura

209 1999 393 2032 conjunctum,
410 2002 455 2024 aut
471 1996 613 2031 ejusmodi,
627 2001 657 2023 ut
673 1996 769 2022 adesse
781 1996 865 2029 possit
887 1999 915 2022 et
927 1994 1007 2022 abes-

209 2053 250 2072 se.
277 2044 305 2071 Si
331 2050 425 2070 natura
461 2043 647 2077 coniunctum,
679 2048 792 2069 necesse
808 2045 850 2068 est
879 2040 946 2074 Deo,
976 2045 1005 2067 ut

210 2091 343 2122 esst-utin,
370 2095 397 2116 (ιι
425 2090 552 2116 accidens
578 2089 613 2115 sit
641 2097 649 2115 ι
675 2087 828 2116 necessario
849 2087 920 2115 enim
949 2088 1005 2115 haec

210 2138 337 2165 accidunt.
358 2137 413 2164 illis
438 2136 536 2170 quibus
562 2135 700 2162 accidunt.
725 2135 771 2160 Sin
802 2134 946 2168 ejusmodi,
975 2139 1006 2162 ut

195 2185 305 2224 ‘alIGSSC
320 2183 407 2218 possit
418 2188 444 2210 et
458 2183 567 2215 altcsse,
584 2182 638 2209 erit
655 2188 682 2209 et
696 2181 830 2216 ingenitus
845 2181 1005 2216 aliquando,

193 2229 199 2258 δ
210 2235 236 2257 et
251 2230 369 2266 genitus.

198 2267 201 2294 ἶ
495 2274 538 2301 Ea;
553 2275 655 2302 eodem.

247 2322 417 2358 Siingenitus
431 2329 483 2348 non
499 2325 539 2348 est
553 2326 650 2347 nomen
664 2318 799 2350 essentia,
813 2318 860 2345 sed
871 2317 1005 2350 essentia,

211 2375 238 2397 et
253 2368 336 2396 Filius
368 2372 410 2395 est
423 2367 554 2399 essentia,
589 2366 730 2401 ingenitus
745 2370 772 2392 et
786 2364 874 2391 Filius
902 2367 955 2396 est,
979 2369 1007 2391 et

211 2414 299 2443 omnis
317 2414 432 2442 essentia
449 2417 490 2441 est
505 2412 635 2448 ingenita.

497 2460 540 2487 Ea:
559 2460 662 2486 cadent.

249 2508 278 2536 Si
299 2508 450 2542 ingenitum
469 2514 530 2535 esse
553 2511 595 2533 est
610 2504 729 2532 essentia
744 2502 802 2536 Dei,
829 2507 856 2530 et
885 2502 1005 2537 genitum

213 2563 273 2582 esse
287 2560 328 2582 est
345 2554 462 2583 essentia
481 2551 683 2584 Filii,essentia
709 2550 770 2585 ejus
794 2557 847 2576 non
874 2553 916 2576 est
946 2555 1007 2575 esse

213 2607 345 2632 erratum.
362 2609 412 2628 nec
429 2600 542 2628 factum.
558 2599 644 2626 Filius
657 2598 729 2626 enim
753 2601 795 2624 est
807 2596 923 2623 essentia
942 2603 1008 2627 una,

214 2656 267 2675 non
284 2648 388 2682 plures.

515 2691 557 2718 Ex
571 2690 672 2718 eodem.

246 2741 296 2774 Qui
308 2741 458 2770 hominem,
469 2743 515 2765 attt
525 2737 652 2772 lapidem,
660 2739 705 2762 aut
718 2735 816 2768 lignum
826 2733 903 2764 dixit,
913 2739 1006 2759 essen-

215 2788 283 2814 tiam
302 2788 421 2819 atiquam
436 2783 582 2820 signiﬁcat.
598 2782 648 2815 Qui
669 2785 763 2807 atttem
787 2779 907 2814 genitum
931 2777 1007 2809 dicit,

214 2841 266 2859 non
302 2830 438 2866 significat
474 2829 619 2858 essentiam
660 2825 838 2862 simpliciter,
877 2823 1003 2858 quoniam

250 2902 356 2930 ’Exotl.
380 2909 425 2935 xv,
440 2901 468 2929 5.
506 2902 515 2917 ¹
539 2899 625 2929 Exod.
647 2907 685 2932 tu,
702 2898 742 2925 Η.
829 2895 894 2924 ibid.
926 2894 966 2922 15.
981 2936 1003 2940 Α

1079 2893 1113 2920 al.
1126 2900 1209 2925 vatt,

831 137 1024 168 EUTHYMII
1043 139 1223 170 ZlGABENI

1797 139 1844 173 διο

1274 201 1324 228 Ἐκ
1343 200 1396 228 τοῦ
1412 200 1507 228 αὑτοῦ
1525 201 1629 236 λόγου.

1068 253 1069 256 ‘
1091 247 1122 274 Ei
1134 248 1164 274 τὸ
1174 247 1304 275 ἀδύνατον
1318 249 1441 275 ἐναντίον
1454 248 1492 283 τῷ
1503 247 1621 283 δυνατῷ,
1638 247 1686 274 καὶ
1696 247 1728 274 τὸ
1742 248 1846 282 Ξσοῖον

1055 293 1093 329 τῷ
1115 294 1204 330 σοφῷ,
1224 295 1272 321 καὶ
1289 295 1377 322 πάντα
1393 295 1427 321 τὰ
1443 293 1718 330 άντιδιαστελλὸμενα.
1734 294 1846 320 ἐναντία

1055 340 1193 376 ἀλλήλοις,
1217 340 1340 367 ἐναντίον
1363 340 1457 368 καὶτὸ
1474 340 1624 375 ἀγέννητον
1647 340 1687 374 τῷ
1710 342 1846 374 γεννητῷ.

1062 385 1201 417 Ἐναντίος
1213 383 1260 412 οὖν
1269 386 1283 412 ὁ
1297 384 1392 420 Πατὴρ
1403 385 1443 420 τῷ
1455 385 1512 420 Υῑῷ
1528 386 1589 412 κατ’
1601 385 1707 417 οὐσίαν,
1723 386 1752 412 ετ
1763 394 1796 420 γε
1811 385 1847 420 μὴ

1055 431 1154 466 τρόπος
1168 431 1313 466 ὑπάρξεως
1328 431 1358 458 τὸ
1368 432 1527 467 ἀγέννητον,
1543 431 1602 459 ἀλλ’
1614 432 1704 460 οὐσία.

1274 526 1325 553 Ἐκ
1344 526 1397 553 τοῦ
1416 525 1510 553 αὑτοῦ
1529 526 1634 560 λόγου.

1093 572 1124 599 Ei
1142 573 1258 608 κτίσμα,
1275 573 1322 600 καὶ
1339 572 1369 599 οὐ
1384 574 1507 608 γέννημα
1523 573 1537 599 ὁ
1556 572 1632 602 Υἱὸς,
1649 570 1696 598 καὶ
1714 569 1808 596 πάντα
1821 569 1848 596 δι

1055 619 1090 646 τὰ
1098 619 1162 646 ὂντα
1176 620 1327 654 κτίσματα,
1341 620 1430 654 μάτην
1439 619 1586 653 ἀγέννητος
1595 620 1609 645 ὸ
1622 617 1718 652 Πατὴρ
1728 616 1848 650 λέγεται,

1055 667 1105 693 οὐκ
1116 666 1193 698 ὄντος
1207 666 1275 696 ὅλως
1289 666 1472 700 γεννήματος,
1488 665 1557 701 πρὸς
1567 665 1581 691 ὃ
1591 665 1717 692 καλεῖται
1732 664 1848 698 ἀγέννη-

1055 721 1110 744 τος.
1127 713 1301 747 Δικαιότερον
1318 709 1364 738 οὗν
1382 711 1520 743 ἄκτιστος,
1536 711 1552 747 ἢ
1572 711 1724 745 ἀγέννητος
1740 710 1848 744 λέγοιτο

1055 758 1098 785 ἄν.
1114 758 1150 785 Τὸ
1165 758 1219 793 γὰρ
1234 758 1380 792 ἁγέννητος
1395 758 1419 784 εί
1434 757 1529 791 ὄνομα,
1546 758 1596 783 οὐκ
1610 757 1701 783 οὐσία.
1716 755 1780 782 Τῶν
1797 756 1849 790 γὰρ

1055 804 1153 833 οὐσιῶν
1167 803 1320 839 σημαντικὰ
1334 803 1367 830 τὰ
1381 803 1511 838 ὀνόματα,
1525 803 1575 830 οὐκ
1589 803 1657 829 αὐτὰ
1671 802 1764 829 οὐσία.
1778 802 1810 828 Εἰ
1825 802 1850 828 δὲ

1055 851 1122 877 αὐτὸ
1134 850 1213 876 οὐσία
1227 849 1258 875 τὸ
1269 849 1426 883 ἁγέννητος,
1440 849 1595 882 λεγέτωσαν
1608 848 1636 874 τὸ
1649 848 1738 883 ὄνομα
1753 848 1848 882 αὐτῆς.

1056 897 1094 923 Οὐ
1127 897 1181 931 γὰρ
1206 897 1238 922 ὲκ
1256 891 1319 922 ⁴τῶν
1349 896 1459 930 οὐσιῶν,
1484 896 1543 923 ἀλλ’
1569 896 1601 921 ὲκ
1626 895 1680 921 τῶν
1708 895 1851 928 ὀνομάτων

1055 943 1103 968 καὶ
1131 942 1184 969 τῶν
1212 942 1358 976 ἐνεργειῶν
1385 942 1568 977 γνωρίζομεν,
1594 942 1642 968 καὶ
1672 941 1794 969 μάλιστα
1818 940 1851 965 τὰ

1055 988 1200 1023 ἀσώματα.

1326 1069 1376 1095 Ἐκ
1403 1067 1457 1094 τοῦ
1476 1065 1582 1093 αὐτοῦ.

1091 1117 1122 1143 Εἰ
1150 1116 1182 1143 τὸ
1211 1116 1358 1150 ἀγέννητος
1385 1114 1473 1148 ὄνομα
1496 1113 1546 1147 τῆς
1570 1112 1665 1143 οὐσίας
1693 1111 1744 1138 τοῦ
1771 1112 1849 1143 Θεοῦ,

1057 1163 1073 1196 ἢ
1092 1162 1142 1197 τὴν
1160 1162 1255 1188 οὐσίαν
1270 1161 1348 1192 εἰδὼς
1364 1161 1413 1196 τὴν
1430 1161 1499 1187 ἰδίαν
1525 1161 1539 1186 ὁ
1555 1159 1622 1190 Θεὸς
1638 1160 1668 1186 τὸ
1686 1159 1777 1193 ὄνομα
1802 1159 1850 1192 τῆς

1055 1209 1148 1240 οὐσίας
1162 1209 1306 1244 ἠγνόησεν,
1323 1207 1339 1240 ἢ
1358 1209 1405 1233 καὶ
1418 1207 1448 1233 τὸ
1465 1207 1550 1240 ὄνομα
1564 1205 1643 1236 εἰδὼς
1659 1206 1722 1235 τοὺς
1738 1205 1852 1231 ἀκούον-

1055 1264 1105 1286 τας
1131 1254 1268 1289 ὴπάτησε.
1297 1254 1407 1287 Κύριος
1432 1253 1497 1286 γὰρ,
1534 1251 1620 1286 φησὶ,
1636 1250 1851 1284 παντοκράτωρ

1057 1301 1152 1335 ὄνομὰ
1162 1309 1232 1335 μου.
1246 1300 1302 1327 Καὶ
1316 1299 1393 1334 παρὰ
1405 1298 1528 1329 Μωσέως
1543 1297 1704 1332 ἐρωτηθεὶς,
1723 1297 1752 1322 τι
1769 1297 1850 1330 ὕνομσ

1056 1347 1147 1382 αὐτῷ,
1165 1347 1258 1382 φησὶν,
1286 1345 1360 1380 Ἐγώ
1378 1346 1437 1379 ειμι
1452 1346 1468 1371 ό
1481 1344 1533 1371 ὧν.
1548 1344 1603 1370 Καὶ
1618 1343 1711 1375 πάλιν,
1732 1343 1762 1369 '0
1783 1343 1851 1375 Θεὸς

1063 1394 1178 1424 Ἰσαὰκ.
1202 1392 1253 1419 καὶ
1280 1393 1296 1419 ὁ
1319 1391 1390 1424 Θεὸς
1420 1390 1535 1422 Ἰακὼϐ,
1561 1389 1652 1417 τοῦτό
1677 1398 1728 1421 μοι
1759 1389 1852 1423 ὅτσμσ

1057 1440 1187 1467 αιώνιον.
1205 1439 1260 1466 Καὶ
1275 1439 1289 1465 ὁ
1303 1439 1397 1471 Δαϐὶδ,
1416 1439 1522 1471 Κύριος
1535 1438 1630 1472 ὄνομα
1643 1436 1736 1470 αὐτῷ.
1758 1437 1851 1471 ’Δγέν-

1057 1495 1137 1520 νητον
1148 1487 1175 1513 δὲ
1186 1485 1273 1520 ὄνομα
1285 1485 1347 1512 οὔτε
1368 1485 1450 1516 αὐτὸς
1462 1484 1562 1520 ἑαυτῷ,
1573 1484 1634 1511 οὔτε
1648 1493 1689 1516 τις
1698 1483 1754 1510 τῶν
1765 1483 1852 1517 ἁγίων

1057 1533 1181 1568 εἴρηκεν.
1201 1532 1232 1559 Et
1245 1532 1274 1559 δὲ
1289 1531 1508 1566 οὓτεὴπάτησεν
1519 1550 1527 1562 ,
1543 1530 1605 1558 οὔτε
1619 1531 1768 1566 ἠγνόησεν,
1786 1531 1851 1557 ἀσι-

1057 1580 1105 1613 δὲς
1121 1579 1176 1613 γάρ
1190 1587 1216 1607 τι
1238 1578 1343 1605 τούτων
1358 1578 1448 1604 εἰπεῖν
1459 1598 1467 1610 ,
1483 1578 1514 1604 τὸ
1532 1577 1679 1612 ἀγέννητος
1697 1577 1748 1603 οὐκ
1762 1576 1850 1611 δνομα

1059 1627 1153 1653 αὐτοῦ.

1327 1672 1379 1699 Ἐκ
1399 1671 1452 1699 τοῦ
1472 1669 1577 1698 αὑτοῦ.

1093 1720 1131 1747 Τὸ
1144 1720 1292 1755 ὰγέννητος
1307 1719 1415 1754 ῆοὺσὶα
1431 1718 1517 1749 ἐστὶν,
1531 1717 1547 1753 ἢ
1564 1715 1760 1752 συμΰεσηκόςξ
1772 1717 1851 1752 [lupi

1056 1765 1144 1793 ταῦτα
1160 1766 1213 1801 γὰρ
1233 1766 1283 1791 οὐκ
1299 1765 1332 1792 ἃν
1348 1765 1402 1800 εἴη.
1421 1763 1484 1790 Ἀλλ
1504 1763 1582 1790 οὐσία
1605 1763 1654 1797 μὲν
1675 1763 1727 1789 οὐκ
1751 1762 1827 1790 ἐστιν
1843 1772 1850 1779 ·

1058 1811 1120 1838 οὔτε
1140 1811 1193 1846 γὰρ
1214 1811 1244 1837 τὸ
1256 1809 1542 1844 ἀντιδιαστελλόμενον
1552 1809 1637 1844 αὐτῷ’
1653 1809 1786 1842 γεννητὸς
1798 1808 1852 1843 γὰρ

1058 1860 1072 1885 ὁ
1096 1858 1170 1889 Υἱὸς,
1188 1858 1218 1884 οὒ
1234 1857 1302 1884 καθὸ
1315 1857 1404 1890 οὐσία,
1423 1857 1493 1883 ἀλλὰ
1514 1856 1582 1883 καθὸ
1601 1856 1753 1890 ὲγεννήθηο
1780 1856 1807 1881 εἰ
1825 1855 1852 1881 δὲ

1060 1904 1246 1940 συμῦεὸηκὺς,
1265 1903 1518 1939 ῆσυμπέφυκεν,ἢ
1544 1903 1682 1938 ἐνδέχεται
1714 1902 1852 1937 ὑπάρχειν

1060 1953 1108 1979 καὶ
1124 1951 1162 1987 μὴ
1178 1951 1322 1987 ὑπάρχειν.
1344 1950 1415 1977 ’Ἀλλ’
1432 1950 1457 1976 εὶ
1475 1949 1524 1985 μὲν
1540 1949 1728 1985 συμπέφυκεν,
1741 1949 1852 1983 ἀνάγκη

1059 1998 1097 2033 τῷ
1115 1998 1175 2033 Θεῷ
1190 1998 1237 2024 καὶ
1251 1996 1341 2030 οὐσία,
1359 1996 1406 2023 καὶ
1424 1996 1599 2031 συμϐεϐηκὸς
1615 1993 1686 2022 εἶναι
1697 2004 1704 2010 ·
1722 1994 1751 2028 ἐξ
1767 1994 1853 2028 ἀνάτ-

1058 2053 1109 2080 χης
1120 2043 1174 2079 γὰρ
1187 2044 1222 2070 τὰ
1237 2043 1349 2070 τοιαῦτα
1365 2043 1508 2078 συμὸαίνει
1524 2039 1564 2074 οἷς
1579 2042 1752 2077 συμϐέϐηκεν
1763 2050 1772 2057 ·
1790 2042 1850 2068 εἰδὲ

1057 2090 1251 2126 ἐνδεχομένως,
1276 2090 1353 2117 ἔσται
1382 2090 1429 2117 καὶ
1454 2089 1601 2124 ἀγέννητός
1628 2097 1693 2116 ποτε
1721 2090 1770 2116 καὶ
1791 2098 1851 2123 γεν-

1058 2137 1149 2172 νητὸς.

1331 2263 1381 2289 Ἐκ
1402 2261 1456 2288 τοῦ
1475 2261 1580 2288 αὐτοῦ.

1094 2311 1124 2337 Εἰ
1138 2310 1168 2337 τὸ
1179 2309 1326 2344 ἀγέννητος
1338 2309 1388 2335 οὐκ
1399 2308 1485 2341 ὄνομα
1493 2307 1596 2337 οὐσίας,
1611 2305 1671 2334 ἀλλ’
1681 2306 1748 2333 αὐτὸ
1758 2306 1849 2337 οὐσία,

1056 2357 1135 2384 οὐσία
1145 2357 1173 2383 δὲ
1189 2356 1236 2383 καὶ
1247 2357 1261 2382 ὁ
1273 2355 1347 2387 Υἱὸς,
1371 2353 1518 2389 ἀγέννητος
1531 2354 1578 2380 καὶ
1593 2354 1606 2380 ὀ
1619 2353 1695 2386 Υἱὸς,
1711 2352 1760 2379 καὶ
1773 2354 1848 2379 πᾶσα

1057 2402 1085 2429 δὲ
1101 2402 1181 2428 οὐσία
1195 2401 1354 2436 ἀγέννητος.

1339 2445 1389 2472 Ἐκ
1402 2444 1455 2472 τοῦ
1468 2445 1570 2471 αὑτοῦ.

1095 2495 1125 2522 Εἰ
1143 2495 1172 2521 τὸ
1190 2494 1337 2528 ἀγέννητον
1357 2491 1437 2519 οὐσία
1452 2491 1499 2518 τοῦ
1513 2490 1593 2521 Θεοῦ,
1613 2490 1658 2517 καὶ
1683 2490 1710 2516 τὸ
1727 2489 1851 2524 γέννημα

1058 2543 1138 2571 οὐσία
1149 2541 1196 2568 τοῦ
1212 2541 1289 2573 Υξοῦ,
1301 2541 1331 2566 τὸ
1344 2539 1445 2574 κτίσμα
1457 2539 1473 2573 ἢ
1486 2539 1590 2572 ποίημα
1603 2537 1653 2564 οὐκ
1664 2537 1744 2563 οὐσία
1755 2535 1849 2563 αὑτοῦ.

1059 2590 1116 2618 Μία.
1129 2590 1194 2625 γὰρ,
1211 2590 1257 2616 καὶ
1269 2589 1300 2615 οὐ
1320 2587 1416 2614 πολλαὶ
1430 2585 1520 2613 οὐσίαι
1536 2587 1550 2612 ὀ
1563 2585 1637 2615 Υἱός.

1278 2679 1327 2705 Ἐκ
1347 2678 1402 2705 τοῦ
1421 2677 1515 2705 αὐτοῦ
1533 2677 1636 2708 λόγου.

1097 2726 1258 2761 Ἀνϐρωπόν
1269 2734 1309 2757 τις
1318 2723 1414 2756 εἰπὼν,
1427 2723 1442 2758 ἤ
1456 2723 1542 2756 λίθον,
1554 2722 1571 2756 ἢ
1583 2721 1672 2754 ξύλον,
1684 2721 1780 2748 οὐσίαν
1789 2721 1846 2747 τινί

1057 2774 1141 2806 δηλοῖ.
1161 2773 1287 2807 Γέννημα
1310 2772 1338 2798 δὲ
1359 2770 1444 2798 εἰπὼν
1464 2770 1515 2796 οὐκ
1528 2768 1625 2796 οὐσίαν
1647 2768 1741 2799 ἁπλῶς
1763 2767 1846 2802 δηλοῖ,

1059 2821 1120 2847 ἐπεὶ
1143 2820 1197 2846 πᾶν
1222 2819 1344 2854 γέννημα
1367 2817 1445 2844 οὐσία
1466 2816 1523 2852 μὶα.
1562 2815 1592 2842 El
1618 2814 1647 2842 δὲ
1667 2814 1719 2841 οὐκ
1756 2813 1846 2843 οὐςίας
