1902 3078
38 133 108 166 541

541 138 730 169 PANOPLLA
750 139 979 171 DOGMATICA.
1000 152 1034 159 —
1052 142 1127 172 TlT.
1148 143 1200 173 XL

1649 145 1702 177 542

36 193 130 225 τινὸς
155 193 187 220 τὸ
211 194 336 230 γέννημα.
364 196 543 231 σημαντικὸν,
570 197 631 224 οὐδὲ
651 197 683 224 τὸ
703 197 844 233 ἀγέννητος

927 207 984 227 nne
998 201 1119 235 genitum
1142 205 1184 227 est
1211 208 1264 228 una
1290 201 1417 229 essentia.
1446 201 1524 235 Quod
1548 203 1571 230 si
1597 208 1699 231 certant

39 238 196 274 δηλονότι.

334 328 386 356 Ἕκ
407 330 460 357 τοῦ
479 331 585 359 αὐτοῦ.

86 372 126 400 El
141 374 224 408 φύσει
239 375 387 411 ἀγέννητος
401 377 415 404 6
431 378 527 413 Πατὴρ
537 398 545 408 ,
560 377 641 412 φύσει
659 380 787 413 γεννητὸς
803 381 851 407 καὶ

37 420 57 445 ὁ
91 420 173 452 Υἱός.
202 421 234 448 El.
259 422 287 449 δὲ
312 423 393 457 φύσει
414 423 551 459 γέννημα.
575 425 626 452 οὐκ
653 425 712 452 ἐστι
735 426 849 461 κτίσμα.

39 466 156 496 Ὀντος
180 465 284 494 οὖντοῦ
305 468 386 502 φύσει
404 470 586 504 γεννήματος,
607 471 716 506 ἀνάγκη
735 473 783 499 καὶ
803 472 849 499 τὸν

38 512 233 547 γεννήσαντα
252 510 334 541 εἶναι.
353 514 479 549 Γέννημα
495 515 548 550 γὰρ
564 517 648 552 χωρὶς
663 517 850 552 γεννήσαντος

39 557 105 584 οὐκ
122 558 156 584 ἂν
171 559 226 593 εἴη.
242 559 405 593 Δεγέτωσαν
419 558 465 587 οὖν
479 560 525 588 τὸν
538 563 717 596 γεννήσαντα,
730 563 754 589 ει
768 564 782 590 6
796 564 852 590 Πα-

42 603 110 640 τὴρ
129 604 182 630 οὐκ
195 605 352 640 ἐγέννησεν.

340 652 386 678 Ἐκ
400 652 454 679 τοῦ
468 654 575 682 αὐτοῦ.

84 696 125 723 ΕΙ.
146 696 302 730 ὁμοούσιος,
319 697 413 730 φασιν,
432 699 446 724 6
462 697 526 730 Υἱὸς
543 699 582 734 τῷ
602 700 700 736 Πατρὶ,
715 701 730 728 6
752 703 849 738 Πατὴρ

40 741 74 767 δὲ
97 742 263 776 ἀγέννητος,
279 743 293 767 ὀ
306 742 333 768 δὲ
349 741 413 774 Υἱὸς
429 744 568 778 γεννητὸς,
584 746 600 780 ἡ
614 746 683 782 αὑτὴ
700 747 755 782 ἄρα
768 748 848 774 οὐσία

41 788 207 822 ἁγὲννητος
236 789 283 816 καὶ
313 791 443 826 γεννητή.
481 791 550 818 Ἀλλ’
579 793 610 818 οὐ
642 794 726 829 μέρος
756 796 848 831 φαμὲν

38 834 94 859 τὴν
127 834 192 860 Υιὸν
215 834 261 861 τοῦ
282 834 398 869 Πατρδς,
416 836 454 866 ὡς
472 835 668 874 διαιρουμένην
685 840 733 874 τὴν
755 840 848 867 οὐσίαν

907 245 1024 280 aliquam
1043 246 1188 273 essentiam
1209 246 1317 281 genitus
1335 254 1388 274 non
1414 247 1559 282 signiﬁcat,
1574 256 1607 276 ne
1628 249 1702 284 inge-

906 292 981 319 nitus
998 291 1116 326 quidem.

1225 338 1267 366 Ea:
1281 339 1382 366 eodem.

942 383 971 412 Si
987 390 1082 412 natura
1100 385 1181 412 Pater
1207 383 1343 419 ingenitus
1369 389 1422 416 est,
1450 389 1478 411 et
1499 385 1583 412 Filius
1604 391 1699 414 natura

905 434 947 456 est
964 429 1080 463 genitus.
1097 429 1173 462 Quod
1187 429 1208 456 si
1218 433 1313 456 natura
1325 429 1442 463 genitus,
1459 437 1509 456 non
1525 435 1566 456 est
1580 436 1698 458 creatus.

905 475 972 502 Cum
988 479 1076 502 autem
1093 475 1199 509 genitus
1215 475 1251 502 sit
1273 479 1381 506 natura,
1413 480 1440 502 et
1466 475 1616 510 genitorem
1640 483 1701 504 esse

906 528 1018 548 necesse
1032 525 1084 549 est.
1109 521 1177 548 Nam
1195 521 1254 547 sine
1277 521 1399 555 genitore
1424 521 1532 556 genitus
1559 529 1620 549 esse
1646 530 1699 550 non

904 571 1002 602 potest.
1019 568 1114 595 Dicant
1127 568 1209 602 igitur
1219 567 1381 602 genitorem,
1394 568 1416 596 si
1429 567 1509 595 Pater
1527 577 1580 596 non
1593 569 1700 604 genuit.

1188 652 1231 680 Ea:
1243 654 1343 681 eodem.

937 699 965 726 Si
977 699 1073 732 Filius,
1081 699 1218 734 inquiunt,
1228 705 1267 727 est
1275 700 1394 734 ejusdem
1405 702 1529 730 essentia:
1539 710 1597 728 cum
1608 702 1697 736 Patre,

903 750 930 772 et
945 745 1025 772 Pater
1041 745 1177 779 ingenitus
1194 750 1246 777 est,
1263 744 1346 772 Filius
1361 751 1450 774 autem
1467 748 1582 781 genitus,
1602 749 1696 776 eadem

903 790 1019 818 essentia
1037 794 1079 817 est
1103 790 1220 826 ingenita
1235 795 1262 818 et
1275 792 1377 826 genita.
1394 791 1447 819 Nos
1462 798 1551 820 autem
1565 800 1617 820 non
1630 793 1700 821 dici-

904 845 965 864 mus
988 837 1088 864 Filium
1104 845 1164 865 esse
1178 842 1286 872 partem
1301 838 1391 865 Patris
1404 859 1412 871 ,
1432 844 1462 866 ut
1478 840 1596 866 essentia
1612 840 1698 868 divisa

38 880 203 915 ἀγέννητον
211 882 258 907 καὶ
265 881 394 916 γεννητὸν
404 879 485 913 εἶναι,
494 883 552 909 ἀλλ’
560 884 621 910 ὃλον
629 885 658 917 ἐξ
666 886 740 919 ὅλου,
751 895 844 923 γεννη-

931 885 1038 920 genitus
1052 885 1214 920 genitusque
1230 886 1404 920 pr0veniant,
1413 886 1458 914 sed
1474 891 1559 914 totum
1579 895 1611 914 ex
1628 893 1697 918 toto.

39 927 97 952 τὸν
129 927 160 959 ἐξ
188 928 354 963 ἁγεννήτου,
381 929 473 956 τέλεια
495 930 553 964 δύο,
579 932 628 958 καὶ
649 932 680 959 οὐ
705 932 751 960 δύο
776 934 846 970 μέρη

43 973 79 1006 ἒξ
100 973 166 1005 ἑνός
181 982 264 1005 τινος.

334 1021 385 1048 Ἐιι
399 1022 452 1049 τοῦ
466 1024 570 1050 αὑτοῦ.

80 1065 122 1091 Εἰ
145 1066 320 1100 ἐφανέρωσεν
343 1068 356 1093 6
378 1067 442 1099 Υἱὸς
459 1068 489 1094 τὸ
502 1068 587 1103 ὄνομα
603 1069 649 1096 τοῦ
664 1070 771 1106 Πατρὶς
790 1072 846 1102 τοῖς

40 1111 222 1146 ἀνθρώποις,
238 1112 275 1143 ὡς
291 1112 372 1144 αὐτός
393 1121 493 1148 φησιν,
520 1114 712 1148 Ἐφανέρωσά
733 1124 792 1144 σου
812 1118 846 1144 τὸ

40 1158 151 1193 ὄνομα
170 1158 231 1191 τοῖς
241 1159 418 1193 ἀνθρώποις,
434 1161 529 1196 κύριον
544 1162 573 1188 δὲ
590 1162 641 1197 τῆς
652 1163 745 1195 οὐσίας
763 1164 846 1191 αὑτοῦ

40 1206 139 1240 ὄνομα
152 1205 183 1231 τὺ
196 1205 354 1241 ἀγέννητος,
373 1207 557 1235 δεικνύτωσαν
574 1208 626 1236 ποῦ
641 1209 846 1245 ἁγέννητονξαὺ-

41 1252 95 1278 τὸν
116 1253 131 1278 6
152 1251 248 1287 Σωτὴρ
264 1252 387 1287 εἴρηκεν.

327 1299 379 1326 Ἐκ
404 1300 456 1327 τοῦ
476 1301 581 1328 αὑτοῦ.

82 1345 128 1371 Τδ
151 1344 299 1380 ἀγέννητος
321 1346 383 1372 οὔτε
404 1347 467 1382 ὅρος
491 1349 550 1373 ἐστὶ
574 1348 653 1381 Θεοῦ,
677 1348 740 1375 οὔτε
766 1349 844 1377 ἴδιον.

41 1389 150 1417 Ταῦτα
171 1390 225 1425 γὰρ
248 1391 424 1426 ἀντιστρέφει
448 1392 564 1423 ἐκεινοις
586 1390 622 1419 ὧν
645 1393 717 1428 ὅρος,
742 1393 757 1429 ἢ
781 1393 846 1420 ἴδιον

41 1436 247 1470 τυγχάνουσιν.
267 1436 428 1470 Ἄνθρωπος
442 1437 496 1472 γὰρ
514 1436 583 1468 ζῶον
599 1437 718 1471 λογικὸν,
735 1437 843 1473 θνητὸν,

41 1481 98 1508 καὶ
128 1481 157 1507 εῐ
178 1489 205 1506 τι
226 1480 295 1512 ζῶον
317 1482 436 1516 λογικὸν.
460 1482 570 1520 θνητὸν,
590 1483 733 1519 ἄνθρωπος
753 1484 843 1511 τοῦτο.

44 1529 138 1555 Ἶόιον
148 1527 178 1553 δὲ
190 1527 334 1563 ἀνθρώπου
349 1528 380 1555 τὺ
395 1529 565 1563 γελαστικὸν,
584 1530 629 1556 καί
643 1531 669 1557 εἴ
681 1539 707 1556 τι
721 1530 847 1565 γελαστι-

42 1575 111 1605 κὸν,
128 1571 286 1608 ἄνθρωπος.
304 1572 340 1600 Τὸ
355 1574 384 1600 δὲ
397 1574 555 1609 ἁγέννητος,
571 1575 598 1601 εἴ
612 1583 655 1606 τις
669 1576 845 1611 συγχωρήσει

43 1621 98 1647 ἐπὶ
120 1620 204 1654 μόνου
225 1620 293 1647 Θεοῦ
311 1621 448 1655 λέγεσθαι,
470 1623 518 1657 οὐχ
534 1623 592 1657 ἅμα
614 1624 661 1649 καὶ
687 1623 713 1649 εῐ
727 1632 752 1648 τι
767 1622 844 1655 Θεὸς,

43 1665 134 1694 τοῦτο
150 1665 310 1701 ἀγέννητον.
333 1667 363 1694 '0
375 1667 422 1694 οὖν
438 1668 501 1699 Υἱὸς
516 1668 583 1700 Θεὸς
598 1668 647 1699 ὣν.
664 1670 714 1695 οὔκ
729 1669 846 1704 ἀγέννη-

43 1713 92 1744 τός
107 1712 198 1738 ἔστιν.
212 1711 279 1739 Οὔτε
296 1712 342 1740 οὖν
356 1714 429 1749 ὄρος,
440 1714 502 1741 οὔτε
518 1715 582 1742 [διον
593 1715 622 1742 τὸ
636 1715 792 1750 ἀγέννητον.
807 1715 845 1742 Οὐ

43 1759 106 1795 γὰρ
121 1759 311 1794 ἀντιστρέφει.

330 1897 380 1924 Ἕκ
399 1897 452 1925 τοῦ
474 1897 579 1924 αὐτοῦ.

84 1943 120 1970 Εἰ
132 1942 238 1977 κτίσμα
250 1942 317 1970 Θεοῦ
332 1944 345 1969 6
358 1943 438 1974 Υἱὸς,
458 1944 512 1970 πᾶν
525 1944 553 1970 δὲ
570 1944 673 1977 κτίσμα
690 1943 784 1970 δοῦλον
798 1943 844 1970 τοῦ

45 1990 178 2020 κτίστου,
198 1989 290 2020 δοῦλος
305 1990 359 2024 ἄρα
380 1990 393 2015 6
408 1989 536 2023 Χριστὸς,
553 1990 600 2016 καὶ
615 1989 663 2024 οὐχ
679 1989 743 2020 Υἱὸς
763 1989 842 2016 Θεοῦ.

45 2037 108 2063 Οὐκ
126 2035 224 2061 ἔλαϐεν
238 2035 284 2062 οὖν
301 2036 409 2071 μορφὴν
426 2035 518 2062 δούλου
539 2035 642 2071 Κύριος
671 2035 718 2068 ὢν,
739 2035 798 2062 ἀλλ’
811 2033 845 2072 ἦν

47 2082 162 2113 δοῦλος.

327 2127 375 2155 Ἐκ
393 2127 448 2154 τοῦ
459 2127 564 2154 αὐτοῦ.

86 2174 121 2201 Εἰ
132 2175 168 2200 τὰ
181 2174 311 2201 ἐλάττονα.
329 2174 382 2200 ὑπδ
408 2174 547 2205 ἐλάττονος
561 2173 781 2208 δημιουργεῖται,
795 2173 843 2200 καὶ

898 932 1018 967 genitum
1033 938 1066 958 ex
1083 926 1213 966 ingenito.
1240 935 1268 958 ut
1286 932 1339 958 duo
1358 931 1470 966 perfecti
1492 932 1630 968 sint,_non
1647 941 1697 961 au-

898 982 952 1005 tem
969 979 1027 1006 dum
1044 983 1135 1013 partes
1152 985 1185 1005 ex
1204 985 1256 1005 uno
1271 978 1372 1013 aliquo.

1207 1022 1248 1049 Ea;
1261 1023 1361 1051 eodem.

935 1069 963 1097 Si
977 1069 1061 1096 Filius
1074 1076 1171 1096 nomen
1201 1068 1291 1097 Patris
1320 1069 1474 1097 hominibus
1489 1069 1625 1103 patefecit,
1640 1069 1698 1104 ipse

898 1116 969 1142 enim
981 1136 989 1148 ,
1007 1115 1189 1149 Manifestavi,
1207 1116 1305 1150 inquit,
1317 1123 1410 1142 nomen
1424 1121 1496 1143 tuum
1513 1115 1662 1143 hominibus
1677 1116 1698 1148 ι,

902 1161 1044 1195 proprium
1060 1165 1151 1188 autem
1170 1161 1256 1196 ipsius
1282 1161 1406 1188 essentia:
1423 1169 1520 1188 nomen
1549 1162 1696 1196 ingenitus,

897 1208 1052 1239 ostendant,
1072 1207 1118 1235 ubi
1136 1208 1223 1242 ipsum
1240 1208 1389 1242 ingenitum
1402 1208 1590 1235 nominaverit.

1203 1297 1247 1324 Ea:
1262 1298 1362 1324 eodem.

934 1344 1074 1379 lngenitus
1091 1351 1178 1378 neque
1201 1344 1323 1371 deﬁnitio
1350 1343 1395 1370 Dei
1429 1348 1482 1376 est,
1512 1350 1599 1378 neque
1629 1351 1695 1378 pro-

898 1391 998 1426 prium.
1018 1390 1080 1417 ilzee
1095 1391 1166 1417 enim
1181 1398 1242 1417 rum
1256 1390 1319 1421 illis,
1331 1397 1445 1425 quorum
1460 1395 1522 1417 sunt
1539 1389 1659 1416 delinilio
1667 1394 1696 1418 et

898 1437 1048 1472 proprium,
1064 1441 1270 1469 convertuntur,
1286 1442 1313 1464 et
1328 1436 1367 1464 eis
1376 1443 1410 1463 ex
1423 1443 1500 1471 aequo
1515 1436 1692 1470 respondent.

898 1481 983 1510 Homo
997 1484 1070 1510 enim
1089 1482 1187 1509 animal
1204 1485 1246 1509 est
1259 1481 1365 1508 ratione
1391 1481 1536 1515 praeditum
1569 1485 1597 1508 et
1622 1487 1696 1507 mor-

899 1530 964 1556 tale.
983 1528 1052 1555 Etsi
1067 1528 1139 1563 quod
1167 1527 1268 1554 animal
1294 1531 1336 1554 cst
1362 1527 1466 1553 ratione
1491 1526 1635 1560 praeditum
1662 1533 1694 1552 ac

899 1573 1024 1606 mortale,
1039 1573 1103 1600 illud
1119 1578 1162 1600 est
1175 1573 1267 1600 homo.
1286 1571 1409 1599 Hominis
1438 1575 1530 1598 autem
1554 1571 1693 1604 proprium

897 1625 951 1652 est,
963 1626 1024 1647 esse
1037 1619 1071 1646 ad
1081 1619 1222 1646 ridendum
1237 1623 1340 1653 aptum.
1354 1617 1445 1650 Quare
1454 1617 1475 1644 si
1488 1616 1552 1651 quid
1566 1620 1607 1644 est
1621 1615 1695 1650 ejus-

897 1666 982 1698 modi,
995 1665 1022 1691 id
1036 1669 1079 1692 est
1108 1664 1199 1691 homo.
1227 1664 1262 1690 At
1279 1664 1429 1698 ingenitum
1454 1662 1475 1689 si
1495 1662 1555 1697 quis
1579 1662 1612 1690 de
1635 1661 1703 1689 solo-

897 1709 952 1737 Deo
970 1710 1022 1737 dici
1054 1710 1232 1743 concesserit,
1250 1717 1304 1737 non
1327 1709 1457 1749 conti/nuo
1481 1709 1504 1736 si
1528 1709 1593 1742 quid
1621 1707 1694 1735 Deus

897 1761 949 1790 est,
969 1755 995 1783 id
1013 1756 1049 1783 sit
1071 1756 1232 1790 ingenitum.
1257 1755 1343 1782 Filius
1367 1755 1439 1782 enim
1466 1762 1527 1782 cum
1551 1754 1623 1781 Deus
1646 1753 1692 1785 sit,

896 1805 1004 1829 nonest
1019 1801 1167 1835 ingenitus.
1185 1800 1367 1833 Quamobrem
1393 1799 1529 1834 ingenitus
1556 1807 1606 1826 nec
1624 1799 1693 1826 deli-

897 1848 974 1880 nitio,
993 1854 1042 1874 nec
1058 1848 1196 1882 proprium
1212 1851 1269 1880 est;
1284 1854 1336 1873 non
1352 1846 1424 1873 enim
1443 1850 1649 1873 convertuntur.

1214 1893 1257 1919 Ex
1271 1893 1371 1921 eodem.

935 1938 962 1965 Si
981 1939 1064 1966 Filius
1079 1947 1094 1965 τι
1114 1938 1168 1965 D.-o
1182 1943 1288 1966 creatus
1314 1943 1365 1968 est,
1385 1943 1412 1965 et
1433 1937 1478 1972 qui
1499 1942 1610 1965 creatus
1626 1941 1678 1969 est,

899 1991 994 2011 servus
1010 1989 1051 2011 est
1065 1984 1209 2014 creatoris,
1239 1991 1334 2010 servus
1362 1983 1456 2017 utique
1484 1988 1527 2010 est
1555 1982 1691 2013 Christus,

898 2037 952 2056 non
965 2036 1055 2056 autem
1088 2029 1172 2056 Filius
1202 2029 1261 2055 Dei.
1291 2027 1349 2055 Non
1379 2035 1444 2063 ergo
1473 2028 1545 2055 servi
1577 2028 1691 2055 ferulam

896 2076 1054 2110 assumpsit,
1072 2083 1134 2104 cum
1151 2080 1224 2103 esset
1239 2075 1379 2107 Dominus,
1402 2074 1448 2101 sed
1464 2079 1523 2101 erat
1549 2081 1657 2101 servus.

1180 2121 1224 2148 Ex
1236 2121 1338 2148 eodem.

933 2167 962 2194 Si
981 2167 1084 2194 minora
1102 2175 1116 2194 a
1133 2168 1240 2194 minore
1265 2171 1404 2199 creantur,
1429 2170 1457 2193 et
1485 2166 1587 2200 majora
1599 2174 1614 2193 a
1629 2173 1690 2194 tua-

44 2222 82 2248 τὰ
99 2221 217 2256 μείζονα.
241 2221 269 2247 δὲ
281 2220 333 2247 ὑπὸ
351 2220 485 2255 μείζονος,
501 2220 546 2247 διὰ
562 2206 668 2246 πώ).ῶᾲ
681 2206 734 2255 ἆρα
751 2220 767 2255 ὴ
783 2219 843 2246 κτί-

927 2221 964 2245 re,
983 2221 1030 2248 per
1045 2213 1146 2242 multos
1173 2206 1338 2241 universitas
1351 2217 1443 2240 creata
1459 2217 1512 2246 est,
1535 2219 1562 2240 et
1580 2220 1632 2240 non
1651 2219 1694 2241 est

46 2276 105 2300 at;,
121 2267 186 2293 ἐπεὶ
200 2267 231 2293 οὐ
247 2267 321 2294 πᾶσα
333 2268 390 2300 ἴση.

31 2303 37 2349 ξ
327 2312 378 2340 Ἐκ
390 2312 445 2339 τοῦ
458 2312 563 2340 αὐτοῦ.

85 2359 123 2386 Εἰ
145 2358 341 2394 δημιουργικὰς
375 2359 389 2385 ὁ
415 2359 482 2391 Θεὸς
498 2358 588 2393 φύσει,
618 2359 666 2394 οὐχ
680 2358 740 2390 ἐνὸς
753 2358 842 2392 ἔσται,

46 2405 124 2432 ἀλλὰ
140 2405 257 2433 πολλῶν.
274 2405 308 2431 Ἦ
318 2405 372 2440 γὰρ
393 2404 519 2441 ἀσθενείᾳ
534 2405 598 2432 ἄλλο
615 2405 645 2432 οὐ
668 2405 840 2440 δημιουργεῖ,

47 2451 66 2486 ἣ
87 2450 182 2485 φθόνῳ
193 2451 240 2477 καὶ
257 2450 403 2486 βασκανίᾳ.

328 2498 379 2524 Ἐκ
393 2497 446 2524 τοῦ
459 2497 563 2524 αὐτοῦ.

87 2544 123 2571 Εἰ
140 2544 189 2579 τὴν
204 2543 386 2580 δημιουργίαν
400 2544 448 2578 τῆς
459 2542 544 2578 οὔσης
557 2543 672 2574 κτίσεως
684 2543 842 2579 ἐπῃσχύνοη

48 2591 85 2619 δι’
102 2590 200 2617 ἑαυτοῦ
218 2591 330 2625 ποιῆσαι
352 2592 366 2617 6
380 2590 457 2621 Θεὸς,
472 2591 518 2616 καὶ
529 2590 577 2624 τὴν
588 2589 743 2623 δοξοὶογέαν
757 2590 844 2624 αὐτῆς

49 2638 83 2664 οὺ
101 2637 258 2671 προσίεται.
272 2637 305 2663 Ἀ
318 2637 372 2670 γὰρ
383 2636 495 2670 ποιῆσαι
510 2635 689 2671 ὲπῃσχὺνετο,
707 2635 844 2670 γενόμενα

52 2684 111 2710 ἴδια
125 2683 289 2718 νομισθῆναι
305 2683 336 2709 οὑ
350 2682 469 2718 θελήσει.

327 2728 378 2754 Ἐιι
397 2727 451 2754 τοῦ
466 2727 570 2754 αὑτοῦ.

340 2774 363 2785 εν

95 2774 126 2801 Εἰ
147 2774 245 2800 ταυτὸν
260 2775 289 2800 τὸ
303 2774 405 2806 κτίζειν
433 2773 481 2800 καὶ
491 2774 588 2809 γεννᾷν
601 2774 646 2799 τὸν
658 2772 734 2806 Θεὸν,
748 2772 842 2808 ἐπειδὴ

93 2869 100 2889 i
126 2869 206 2896 Joan.
221 2876 286 2900 nrt,
301 2870 327 2896 (i.

895 2260 1020 2294 aequalis.

1198 2304 1238 2332 Ex
1253 2307 1354 2333 eodem.

928 2355 955 2382 Si
977 2359 1072 2381 natura
1092 2354 1162 2381 Deus
1177 2351 1283 2381 creator
1301 2359 1354 2386 est,
1379 2362 1433 2382 non
1459 2355 1538 2382 unius
1561 2359 1613 2388 est,
1641 2355 1691 2382 sed

891 2401 1048 2428 multorum.
1064 2399 1190 2435 Alioquin
1205 2405 1251 2426 aut
1268 2400 1424 2434 impotentia
1439 2409 1492 2428 non
1518 2406 1595 2429 creat
1608 2401 1692 2433 aliud,

890 2452 938 2473 aut
948 2447 1105 2474 invidentia.

1211 2494 1253 2520 E1
1268 2494 1368 2521 eodem.

932 2541 960 2568 Si
979 2548 1069 2568 rerum
1100 2540 1305 2567 universitatem
1324 2540 1406 2567 Deum
1439 2547 1486 2573 per
1519 2547 1548 2567 se
1574 2539 1692 2566 condere

893 2589 1045 2624 puduisset,
1064 2589 1212 2616 nelaudem
1237 2589 1344 2623 quidem
1361 2588 1420 2622 eius
1434 2588 1599 2614 admitteret.
1624 2586 1690 2619 Qum

894 2635 966 2662 enim
987 2634 1076 2662 [λοιπε
1099 2635 1261 2667 erubuisset,
1289 2643 1319 2662 ea
1341 2635 1392 2662 sibi
1421 2639 1449 2660 ut
1474 2634 1581 2669 propria
1605 2633 1689 2660 nollet

896 2680 1017 2707 attribui.

1193 2726 1237 2754 Ex
1253 2727 1342 2753 eodem

933 2771 960 2799 Si
977 2772 1046 2800 idem
1070 2776 1112 2799 est
1137 2771 1221 2800 Deum
1244 2779 1338 2800 creare
1364 2775 1390 2799 et
1415 2772 1535 2807 gignere.
1558 2769 1685 2806 quoniam
