1902 3078
64 154 117 188 553

545 153 735 184 PANOPLIA
756 153 986 185 DOGMATICA.
1004 168 1035 174 —
1053 156 1129 186 TIT.
1150 157 1202 186 XI.

1638 153 1690 185 551

62 209 225 247 ἀρχετύπων
245 209 423 242 ἀποδεούσαις
442 209 471 236 τὸ
483 209 588 244 ὅμοιον
607 209 738 241 πολλάκις
752 210 843 237 ἐπιλέ-

907 212 982 247 {eniti
1007 211 1093 246 gloria
1121 212 1310 240 imminuatur.
1341 212 1450 240 Scimus
1475 212 1547 240 enim
1575 212 1689 239 verbum

59 265 118 290 γειν
131 255 276 292 είώθαμεν.
294 257 372 283 Ἐπεὶ
386 253 434 283 οὖν
446 253 528 291 ἦττον
542 253 621 290 οἶμαι
634 256 851 291 κακουργεζσῡαι

58 303 89 329 τὺ
103 303 255 338 ὸμοούσιον,
270 303 341 330 οὕτω
356 304 403 330 καὶ
419 303 500 334 αὐτὸς
513 302 637 337 τίθεμαι.

905 257 968 290 hoc,
978 258 1103 290 similem.
1122 258 1210 287 solere
1224 259 1250 286 in
1265 266 1311 286 eas
1326 259 1406 287 etiam
1426 267 1470 287 res
1486 258 1614 291 conferri,
1629 267 1689 293 qua:

900 309 1009 332 tenuent
1023 310 1050 332 et
1075 306 1220 333 obscuram
1232 306 1352 341 aliquam
1372 314 1427 340 prae
1445 313 1475 333 se
1490 305 1583 332 ierunt
1611 305 1690 332 sitni-

60 349 212 382 litudinem,
229 349 292 376 licet
306 350 340 377 ab
355 349 556 383 exemplaribus
568 349 715 385 plurimum
731 350 841 378 distent.
864 349 1048 383 Quamobrem
1081 353 1209 388 quoniam
1227 353 1255 380 in
1284 353 1336 380 hac
1362 359 1441 384 voce,
1460 352 1619 386 δμοούσιον,
1641 352 1692 379 mi-

57 403 111 423 nus
129 396 246 423 timenda
265 396 338 424 fraus
349 396 512 429 esl,idcirco
529 396 601 424 illam
621 404 673 431 ego
693 404 802 431 quoque
828 398 912 432 magis
934 399 1083 434 amplector
1106 404 1132 427 et
1143 400 1240 436 probo.

60 443 117 470 Τοῦ
136 442 230 470 αὑτοῦ
247 443 281 470 ἐκ
298 443 354 477 τῆς
373 444 450 477 πρὸς
470 443 653 477 κανονικοὺς
673 443 848 477 ἐπιστολῆς.

100 488 145 515 Ἐν
164 488 333 524 ἀμφοτέροις
355 489 421 524 ἡμῖν
440 489 471 515 τὸ
491 489 542 524 τῆς
565 489 685 520 πίστεως
706 489 848 526 φρόνημα,

57 533 154 569 ἐπειδὴ
173 533 221 559 καὶ
239 533 294 559 τῶν
314 533 406 560 αὐτῶν
425 534 556 570 Πατὲρων
576 534 661 568 ἐσμὲν
682 535 849 570 κληρονόμοι

57 578 114 604 τῶν
139 578 210 605 κατὰ
233 579 283 613 τὴν
308 578 427 605 Νίκαιάν
453 588 519 606 ποτε
545 579 576 606 τὸ
603 580 674 614 μέγα
696 581 746 614 τῆς
770 581 848 607 εὐσε-

57 624 135 656 ϐείας
162 625 383 660 ἐξαγγειλάντων
410 627 559 661 κήρυγμα,
585 623 616 654 οὖ
639 627 674 654 τὰ
703 627 753 662 μὲν
780 627 848 654 ἄλλα

57 671 234 698 παντάπασίν
249 671 322 698 ἔστιν
338 671 565 707 ἁσυχοςράντητα,
582 673 632 708 τὴν
646 673 674 700 δὲ
687 673 735 700 τοῦ
753 675 851 710 ὁμοου-

57 717 120 743 σίου
144 716 237 752 φωνὴν
261 717 356 749 κακῶς
381 718 458 753 παρά
481 726 564 745 τινων
589 719 774 754 ἐκληφϐεἰσάν
797 721 850 747 εἰσί

57 770 133 793 τινες
155 763 178 789 ol
205 763 289 798 μήπω
313 763 546 799 παραδεξάμενοι,
570 763 617 796 οὓς
641 765 689 791 καὶ
716 766 850 801 μέμψαιτ’

59 808 93 834 ἄν
110 816 153 839 τις
168 808 281 840 δικαίως
292 828 300 842 ,
317 810 365 836 καὶ
383 809 465 837 πάλιν
484 811 533 845 μέν
551 819 593 842 τις
611 811 779 848 συγγνώμης
797 813 850 839 αὑ-

57 856 125 886 τοὺς
144 854 296 888 ἀξιώσειεν.
319 856 356 882 Τδ
380 857 429 891 μὲν
448 857 502 892 γὰρ
526 857 651 892 Πατράσι
676 858 714 893 μὴ
736 859 849 886 ἀκολου-

1024 446 1151 481 Ejusdem
1172 455 1205 474 ea:
1220 446 1331 481 epistola
1356 446 1393 473 ad
1409 445 1561 473 canonicos.

936 492 967 519 in
1003 497 1119 527 utraque
1150 492 1229 520 nobis
1259 493 1292 519 de
1317 492 1369 519 llde
1403 492 1538 519 sententia
1568 498 1575 517 :
1607 489 1693 525 siqui-

900 539 960 565 dem
992 544 1018 565 et
1060 540 1215 566 eorumdem
1260 538 1369 565 Patrum
1418 539 1538 565 haeredes
1578 544 1691 570 sumus,

902 585 947 619 qui
977 585 1111 619 quondam
1151 583 1247 612 Nicaa:
1279 592 1404 620 magnum
1443 584 1552 619 pietatis
1587 592 1692 619 praeco-

900 631 974 657 nium
986 630 1194 666 promulgarunt
1211 639 1218 657 :
1234 629 1311 664 cujus
1322 629 1432 663 reliquie
1463 630 1571 664 quidem
1601 635 1691 664 partes

898 675 1041 702 calumniae
1065 676 1131 703 nulli
1161 676 1287 703 obnoxia;
1315 679 1398 708 sunt;
1429 676 1477 702 Sed
1503 682 1594 702 vocem
1627 682 1692 702 eoa-

898 720 1086 748 substantialis
1099 720 1194 748 malea
1210 719 1346 748 nonnullis
1374 725 1525 755 acceptam,
1553 723 1618 747 sunt
1642 719 1690 755 qui

899 766 1020 793 nondum
1041 766 1194 800 receperint
1209 773 1298 801 :quos
1318 766 1378 800 quis
1406 770 1433 793 et
1453 766 1514 799 jure
1539 765 1690 800 reprehen-

902 811 986 845 derit,
1003 820 1034 839 ac
1052 820 1147 839 rursus
1161 812 1239 838 venia
1249 812 1345 846 dignos
1373 811 1516 845 judicarit.
1541 810 1609 837 Nam
1637 810 1690 837 Pa-

903 861 974 884 trum
1002 858 1122 893 vestigiis
1148 866 1200 885 non
1229 858 1374 889 insistere,
1400 865 1452 885 nec
1478 865 1528 885 sua
1558 857 1690 884 sententia

60 900 139 934 θεῖν,
165 901 213 928 καὶ
238 901 289 937 τὴν
315 902 427 929 ἐκείνων
455 901 548 937 φωνὴν
575 904 745 938 κυριωτέραν
771 904 846 931 τίθε-

907 912 993 933 ιοοοιιι
1011 905 1119 932 illorum
1135 904 1268 939 potiorem
1280 903 1390 937 ducere,
1407 911 1452 931 res
1479 908 1521 931 est
1544 903 1691 936 reprehen-

60 946 126 973 σθαι
149 947 199 981 τῆς
220 946 325 974 ἑαυτῶν
348 947 473 983 γνώμης,
496 947 671 983 ἐγκλήματος
696 948 788 981 ἄξιον,
812 950 850 981 ὡς

61 991 209 1022 αὐθαδείας
236 992 342 1028 γέμον·
373 993 403 1020 τὸ
431 994 459 1021 δὲ
484 994 567 1022 πάλιν
590 993 637 1029 ὑφ’
664 994 765 1029 ἑτέρων
792 995 850 1021 δια-

65 1041 212 1076 ϐληθεῖσαν
228 1041 312 1076 αὐτὴν
329 1040 449 1067 ὕποπτον
475 1040 546 1076 ἔχειν
561 1059 568 1071 ,
592 1039 670 1066 τοῦτό
695 1047 754 1070 πως
779 1037 853 1064 δοκεῖ

65 1086 116 1113 τοῦ
131 1086 299 1122 ἐγκλήματος
310 1087 407 1118 αὐτοὺς
421 1086 537 1121 μετρίως
552 1084 719 1120 ἐλευθεροῦν.
730 1083 786 1110 Καὶ
798 1083 852 1119 γὰρ

65 1133 108 1169 τῷ
125 1133 180 1160 om
199 1152 206 1164 ,
294 1132 319 1158 οἱ
340 1132 386 1158 ἐπὶ
406 1131 504 1166 Παύλῳ
531 1131 570 1166 τῷ
590 1130 742 1165 Σαμοσατεῖ
765 1129 853 1156 συνελ-

67 1179 176 1211 ῡόντες,
198 1177 319 1204 διέϐαλον
333 1178 383 1213 τὴν
394 1176 466 1209 λέξιν
481 1177 519 1209 ὼς
537 1177 587 1203 οὐκ
603 1176 710 1211 εὔηχον.
729 1176 852 1210 Ἔφασαν

66 1224 123 1259 γὰρ
144 1224 242 1250 ἐκεῖνοι
260 1224 309 1259 τὴν
328 1223 375 1250 τοῦ
394 1223 537 1259 ὁμοουσίου
555 1222 645 1258 φωνὴν
660 1222 795 1258 παριστᾷν
811 1220 850 1247 ἱν-

66 1276 142 1293 νοιαν
158 1268 251 1298 οὐσίας
272 1276 301 1293 τε
322 1267 368 1294 καὶ
386 1267 440 1294 τῶν
458 1267 505 1293 ἀπ’
517 1267 619 1303 αὐτῆς·
642 1267 711 1293 ὥστε
733 1273 853 1301 καταμε-

68 1311 207 1346 ρισϐεἴσαν
228 1312 277 1348 τὴν
299 1312 392 1339 οὐσίαν
417 1312 547 1348 παρέχειν
570 1311 617 1338 τοῦ
643 1311 786 1346 ὁμοουσίου
803 1311 853 1346 τὴν

62 1357 254 1392 προσηγορίαν
269 1359 326 1389 τοῖς
339 1358 378 1389 εἰς
392 1357 409 1384 ἃ
419 1357 541 1393 διῃρέθη.
558 1357 642 1384 Τοῦτο
654 1357 681 1383 δὲ
693 1356 739 1383 ἐπὶ
750 1356 852 1392 χαλκοῦ

67 1403 120 1435 μὲν
138 1402 250 1428 καὶτῶν
266 1402 313 1429 ἀπ’
327 1402 409 1429 αὑτοῦ
430 1403 605 1438 νομισμάτων
623 1403 678 1438 ἔχει
697 1402 756 1429 τινὰ
775 1402 853 1436 λόγον

64 1447 97 1474 τὸ
109 1447 242 1482 διανόημα
256 1455 263 1462 ·
288 1447 334 1474 ἐπὶ
360 1447 388 1474 δὲ
412 1447 479 1474 Θεοῦ
494 1447 601 1482 Πατρὸς
626 1448 672 1474 καὶ
694 1447 762 1474 Θεοῦ
787 1447 852 1473 Υἱοῦ

64 1493 117 1519 οὐκ
140 1492 219 1519 οὐσία
244 1492 437 1528 πρεσϐυτέρα.
462 1492 517 1518 οὐδ’
543 1493 726 1528 ὑπερκειμένη
752 1493 853 1526 ἀμφοῖν

67 1537 212 1572 θεωρεῖται
225 1546 232 1552 ·
248 1537 374 1569 ἀσεϐείας
387 1537 441 1572 γὰρ
455 1537 584 1564 ἐπέκεινα
603 1537 680 1564 τοῦτο
694 1537 741 1564 καὶ
758 1538 853 1573 νοῆσαι
869 1543 890 1572 α

66 1583 115 1610 καὶ
135 1582 312 1617 φθέγξασθαι.
333 1583 366 1609 Τί
386 1583 440 1618 γὰρ
458 1582 491 1610 ἂν
514 1583 617 1617 γένοιτο
640 1582 687 1610 τοῦ
705 1583 853 1617 ἁγεννήτου

66 1628 273 1665 πρεσϐύτερον;
307 1630 469 1665 Ἀναιρεῖται
494 1629 521 1656 δὲ
551 1630 584 1655 ὲκ
606 1631 657 1664 τῆς
682 1629 853 1664 βλασφημίας

67 1673 171 1709 ταύτης
181 1675 228 1700 καὶ
238 1675 254 1710 ἡ
266 1675 306 1705 είς
318 1675 364 1701 τὺν
374 1675 484 1709 Πατέρα
495 1674 542 1701 καὶ
556 1674 619 1700 Υἱδν
632 1674 722 1706 πίστις
730 1683 736 1689 ·
752 1673 854 1708 ἀδελφὰ

69 1719 124 1754 γὰρ
139 1718 265 1753 ἀλλήλοις
280 1720 314 1747 τὰ
327 1719 356 1752 ἐξ
376 1719 434 1751 ἑνὸς
446 1719 598 1754 ὑφεστῶτα.

137 1762 193 1788 Καὶ
199 1762 291 1797 ἐπειδὴ
301 1762 331 1794 ἐξ
341 1763 390 1789 οὐκ
400 1763 484 1790 lime
494 1763 534 1794 είς
542 1762 573 1788 τὺ
582 1759 650 1788 εἶναι
660 1761 799 1797 παρῆχθαι
809 1761 855 1787 τὸν

66 1806 131 1833 Υίὺν
146 1806 187 1833 ἔτι
202 1807 263 1834 τότε
277 1806 346 1844 ἦσαν
359 1808 383 1834 οι
395 1807 530 1842 λέγοντες,
548 1807 591 1833 ἵνα
606 1806 654 1833 καὶ
667 1805 767 1841 ταύτην
780 1806 856 1833 ἐκτέ-

67 1860 139 1886 μωσι
164 1851 214 1887 τὴν
241 1852 384 1884 ἀσέϐειαν,
410 1852 440 1878 τὸ
466 1851 607 1886 ὁμοούσιον
632 1851 854 1886 προσειρήκασιν.

67 1899 200 1933 Ἀχρονος
213 1898 267 1933 γὰρ
285 1898 333 1924 καὶ
348 1898 507 1929 ἀδιάστατος
528 1898 545 1932 ὴ
564 1896 611 1924 τοῦ
635 1896 701 1923 Υίοῦ
724 1896 792 1932 πρὸς
811 1896 856 1923 τὸν

66 1943 180 1978 Πατέρα
198 1943 337 1977 συνάφεια.
358 1943 437 1979 Δηλοί
454 1943 482 1969 δὲ
505 1943 551 1970 καὶ¹
569 1943 603 1970 τὰ
623 1942 792 1978 προλαϐόντα
810 1943 858 1978 ῥή-

67 1997 143 2023 ματα
157 1988 258 2024 ταύτην
271 1987 339 2016 ε’ίναι
355 1989 409 2016 τῶν
428 1988 532 2024 ἀνδρῶν
550 1988 598 2024 τὴν
613 1988 742 2014 διάνοιαν.
761 1987 858 2014 Εἰπόν-

65 2043 111 2065 τες
127 2034 183 2069 γὰρ
197 2034 254 2068 φῶς
266 2035 298 2061 ὲκ
310 2034 409 2069 φωτὸς,
423 2035 470 2061 καὶ
482 2035 514 2060 ἐκ
525 2034 574 2068 τῆς
586 2033 679 2065 οὐσίας
688 2033 735 2060 τοῦ
750 2033 857 2068 Πατρδς

64 2081 112 2106 τὸν
132 2080 196 2106 Υἱὺν
211 2080 400 2116 γεγεννῆσθαι,
416 2080 476 2115 οὐχὶ
488 2079 516 2106 δὲ
533 2079 707 2114 πεποιῆσθαι,
718 2079 857 2113 ἐπήγαγον

64 2125 172 2157 τούτοις
186 2125 217 2152 τὸ
229 2126 369 2161 όμοούσιον
379 2135 385 2141 ·
402 2123 629 2159 παραδεικνύντες
640 2143 647 2155 ,
667 2125 707 2150 ὅτι
724 2124 808 2159 ὅνπερ
824 2123 858 2150 ἄν

63 2179 108 2202 τις
126 2171 220 2205 ἁποδῷ
239 2171 328 2205 φωτὸς
346 2170 423 2205 λόγον
442 2170 489 2196 ἐπὶ
511 2170 627 2205 Πατρὸς,
648 2166 725 2201 οὗτος
741 2169 858 2204 ἁρμόσει

64 2216 115 2243 καὶ
130 2216 179 2243 ἐπὶ
192 2216 268 2243 Υίοῦ.
285 2216 344 2248 Φῶς
354 2216 409 2251 γὰρ
423 2216 549 2252 ἀληθινὸν
567 2216 634 2252 πρὸς
651 2215 708 2250 φῶς
720 2216 857 2251 ἀληθινὸν,

902 951 979 978 sione
995 950 1085 984 digna.
1104 955 1132 976 ut
1161 949 1240 985 plena
1264 949 1437 984 arrogantia.
1466 948 1571 976 Rursus
1598 952 1689 975 autem

903 995 1082 1030 vituperatam
1114 995 1149 1022 ab
1177 995 1240 1023 aliis
1271 1003 1365 1023 vocem
1392 999 1544 1030 suspectam
1571 994 1690 1027 habere.

906 1034 1013 1060 videtur
1031 1034 1056 1061 id
1080 1034 1196 1069 quodam
1214 1034 1294 1062 modo
1312 1035 1476 1063 mediocrem
1498 1037 1552 1064 illis
1574 1045 1683 1066 excusa-

904 1077 987 1105 tionis
999 1079 1104 1106 veniam
1120 1079 1278 1106 conciliare.
1292 1079 1360 1107 Nam
1387 1089 1481 1109 revera
1496 1082 1543 1117 qui
1558 1083 1585 1110 in
1611 1083 1688 1112 Pauli

904 1121 1106 1151 Samosatensis
1117 1131 1202 1151 causa
1214 1130 1407 1159 convenerant,
1419 1135 1514 1155 vocem
1529 1128 1598 1156 banc
1610 1138 1689 1165 quas:

903 1168 973 1195 male
989 1173 1132 1196 sonantem
1156 1170 1314 1204 culparum.
1330 1170 1462 1199 Dixerunt
1479 1173 1552 1200 enim
1569 1175 1689 1203 consub-

903 1214 1040 1242 stantialis
1066 1222 1131 1243 voce
1160 1216 1282 1243 exhiberi
1308 1217 1446 1245 notionem
1469 1219 1630 1248 substantia:
1660 1225 1688 1249 et

902 1266 997 1287 eorum
1012 1269 1072 1296 qua:
1085 1269 1118 1288 ex
1133 1262 1301 1295 substantia;
1317 1262 1384 1290 adeo
1408 1268 1438 1290 ut
1454 1264 1540 1292 divisa
1561 1265 1689 1293 substan-

902 1305 940 1332 tia
960 1306 1169 1340 appellationem
1192 1308 1436 1337 consubstantialis
1463 1310 1591 1338 conciliet
1608 1312 1643 1339 iis
1659 1313 1685 1339 in

903 1357 964 1384 quae
975 1350 1062 1377 divisa
1080 1355 1132 1377 cst.
1154 1350 1220 1384 Qua:
1238 1352 1346 1387 quidem
1372 1353 1503 1388 cogitatio
1524 1354 1613 1381 locum
1637 1356 1687 1382 ali-

903 1403 985 1430 quem
998 1395 1078 1424 habet
1098 1397 1126 1423 in
1142 1404 1204 1424 aere
1218 1401 1244 1424 et
1258 1398 1285 1424 in
1303 1397 1428 1426 conﬂatis
1442 1407 1474 1426 ex
1488 1407 1521 1427 eo
1535 1401 1686 1428 numisma-

903 1440 994 1468 tibus:
1011 1445 1038 1468 at
1053 1441 1081 1468 in
1103 1441 1157 1469 Deo
1181 1441 1261 1470 Patre
1274 1447 1302 1469 et
1323 1442 1350 1470 in
1367 1442 1424 1470 Deo
1442 1443 1512 1471 Filio
1533 1445 1686 1473 substantia

903 1492 958 1512 non
974 1491 1015 1513 est
1041 1487 1194 1522 antiquior,
1210 1494 1297 1523 neque
1319 1489 1429 1523 utrique
1457 1491 1628 1525 superposita
1643 1491 1687 1518 in-

904 1531 1053 1566 telligitur:
1071 1531 1124 1559 hoc
1146 1533 1220 1560 enim
1236 1533 1367 1568 cogitare,
1388 1538 1435 1561 aut
1452 1535 1555 1569 dicere,
1578 1544 1687 1564 omnem

904 1577 1053 1613 impietatis
1077 1578 1188 1606 modum
1219 1580 1337 1607 excedit.
1362 1580 1434 1614 Quid
1466 1582 1541 1610 enim
1567 1583 1688 1619 ingenito

903 1624 1042 1658 antiquius
1061 1624 1117 1652 sit?
1131 1624 1250 1652 Tollitur
1264 1626 1345 1653 etiam
1364 1626 1416 1655 hac
1434 1628 1604 1664 blasphemia
1622 1630 1686 1658 (ide:

904 1669 932 1696 in
948 1668 1055 1698 Patrem
1071 1675 1098 1698 et
1113 1669 1231 1699 Filium:
1255 1679 1318 1699 nam
1335 1673 1405 1700 inter
1421 1681 1450 1701 se
1473 1674 1587 1702 fratrum
1603 1675 1689 1704 ratio-

903 1722 965 1742 nem
984 1715 1085 1743 habent
1100 1724 1161 1751 qum
1173 1725 1207 1745 ex
1225 1725 1280 1745 uno
1294 1719 1458 1746 subsistunt.

981 1756 1014 1783 Et
1029 1757 1092 1791 quia
1108 1757 1205 1784 Filium
1235 1766 1269 1784 ex
1291 1759 1377 1785 nihilo
1413 1758 1575 1793 productum
1599 1759 1689 1788 adhuc

905 1805 1065 1830 tunc‘erant
1081 1803 1127 1838 qui
1145 1803 1283 1837 dicerent;
1312 1809 1342 1831 ut
1358 1805 1429 1832 hanc
1456 1813 1565 1840 quoque
1592 1808 1688 1841 praeci-

905 1849 1000 1877 derent
1030 1849 1194 1885 impietatem
1210 1869 1218 1882 ,
1246 1850 1483 1878 consubstantiale
1509 1856 1688 1887 usurparunt.

906 1895 972 1922 Nam
997 1895 1057 1923 sine
1076 1900 1197 1930 tempore
1215 1899 1257 1923 est
1271 1899 1298 1923 et
1311 1896 1370 1923 sine
1386 1895 1527 1923 intervallo
1542 1895 1603 1924 Filii
1627 1905 1690 1925 cum

906 1940 987 1968 Patre
1003 1941 1169 1975 conjunctio.
1194 1939 1389 1968 Demonstrant
1402 1946 1492 1969 autem
1506 1946 1533 1969 et
1548 1943 1689 1977 superiora

906 1985 990 2012 verba
1003 1985 1073 2012 hanc
1090 1986 1198 2012 illorum
1221 1993 1282 2013 esse
1297 1989 1426 2013 utentem.
1443 1985 1591 2022 Postquam
1617 1988 1690 2015 enim

907 2031 1036 2058 dixerunt
1052 2032 1143 2058 lumen
1157 2031 1191 2058 de
1207 2031 1322 2064 lumine,
1341 2035 1423 2067 atque
1440 2031 1537 2059 Filium
1556 2041 1588 2061 ex
1600 2033 1691 2062 Patris

908 2075 1061 2103 substantia
1089 2076 1210 2104 venitum
1239 2084 1315 2109 esse,
1345 2084 1401 2104 non
1424 2084 1489 2104 vero
1513 2077 1631 2112 factum;
1648 2079 1691 2106 his

908 2121 1140 2150 consubstantiale
1165 2122 1385 2157 subiunxerunt:
1407 2123 1580 2156 iudicantes,
1607 2133 1690 2160 quam

907 2166 970 2200 quis
984 2167 1094 2194 luminis
1107 2168 1240 2195 rationem
1256 2168 1283 2194 in
1298 2167 1380 2195 Patre
1395 2168 1545 2196 reddiderit
1558 2189 1566 2201 ,
1591 2178 1651 2197 eam
1666 2177 1693 2198 et

907 2210 976 2238 Filio
1003 2215 1094 2246 aptam
1123 2215 1151 2239 et
1177 2216 1371 2247 congruentem
1390 2212 1529 2240 futuram:
1557 2214 1691 2248 siquidem

63 2262 128 2287 κατ’
153 2260 238 2296 αὐτὴν
260 2260 307 2287 τοῦ
334 2261 423 2295 φωτὸς
446 2261 495 2296 τὴν
517 2260 632 2291 ἔννοιαν,
655 2260 782 2295 οὐδεμίαν
803 2259 852 2292 ἕξει

909 2256 999 2283 lumen
1015 2264 1108 2284 verum
1125 2264 1186 2284 cum
1203 2265 1268 2284 vero
1291 2258 1410 2289 lumine.
1426 2258 1576 2286 secundum
1604 2260 1692 2295 ipsam

63 2306 260 2342 παραλλαγήν.
281 2307 357 2333 Ἐπεὶ
371 2304 416 2333 οὖν
430 2307 502 2333 ἐστιν
519 2307 636 2341 ἄναρχον
656 2306 713 2341 φῶς
726 2306 740 2331 ὁ
751 2306 854 2342 Πατὴρ,

62 2351 200 2388 γεννητὸν
220 2351 248 2378 δὲ
268 2351 326 2386 φῶς
345 2352 360 2378 ὁ
381 2351 463 2383 Υίὺς.
484 2351 541 2386 φῶς
567 2351 596 2378 δὲ
618 2351 664 2377 καὶ
685 2351 741 2385 φῶς
763 2351 858 2377 ἑκάτε-

64 2407 115 2434 ρος
135 2420 144 2432 ,
215 2398 356 2433 ὁμοούσιον
368 2396 448 2426 εἶπαν
458 2398 580 2430 δικαίως,
595 2398 638 2425 ἵνα
649 2397 678 2424 τὸ
690 2397 741 2432 τῆς
751 2397 858 2431 φύσεως

62 2444 201 2479 ὁμότιμον
217 2444 438 2479 παραστήσωσιν.
456 2444 492 2470 Οὐ
508 2443 561 2479 γὰρ
575 2443 609 2469 τὰ
622 2442 724 2476 ἀδελφὰ
736 2442 858 2477 ἀλλήλοις

62 2489 202 2523 ὁμοούσια
322 2489 447 2524 λέγεται,
475 2490 543 2524 ὅπερ
566 2489 636 2520 τινὲς
665 2487 857 2523 ὑπειλήφασιν·

61 2535 124 2561 ἀλλ’
157 2535 222 2561 ὅταν
242 2535 289 2562 καὶ
309 2535 339 2561 τὸ
358 2535 442 2562 αἴτιον
463 2535 510 2561 καὶ
531 2535 561 2561 τὸ
582 2535 614 2561 ὲκ
634 2534 680 2561 τοῦ
703 2533 789 2560 αἰτίου
809 2532 859 2568 τὴν

63 2580 190 2616 ὓπαρξιν
209 2581 270 2616 ἔχον
292 2580 343 2616 τῆς
364 2581 451 2616 αὐτῆς
466 2581 576 2617 ὑπάρχῃ
595 2580 712 2614 φύσεως,
728 2579 858 2615 ὁμοούσια

61 2626 189 2661 λέγεται.

149 2716 226 2751 Αὕτη
242 2716 270 2743 δὲ
285 2717 302 2751 ὴ
327 2715 402 2751 φωνὴ
417 2715 464 2742 καὶ
490 2715 520 2742 τὸ
534 2715 581 2742 τοῦ
604 2714 747 2742 Σαῦελλίου
776 2713 859 2741 κακὸν

60 2761 279 2797 ἐπανορθοῦται·
300 2762 407 2797 ἀναιρεῖ
423 2761 478 2797 γὰρ
486 2761 534 2795 τὴν
553 2760 704 2796 ταυτότητα
724 2761 773 2795 τῆς
793 2760 860 2786 ὑπο-

61 2808 204 2840 στάσεως,
229 2808 274 2834 καὶ
297 2808 400 2841 εἰσάγει
423 2807 528 2833 τελείαν
550 2806 604 2832 τῶν
630 2805 783 2841 προσώπων
809 2805 860 2840 τὴν

62 2854 188 2880 ἔννοιαν.
207 2853 243 2880 Οὐ
254 2853 308 2888 γὰρ
322 2853 386 2879 αὑτό
399 2853 426 2878 τί
444 2853 516 2879 ἐστιν
529 2851 617 2886 ἑαυτῷ
632 2852 772 2887 ὁμοοὺσιον
781 2873 789 2885 ,
801 2851 859 2879 ἀλλ’

236 2906 375 2935 Parnm.
401 2903 461 2934 Gn.
485 2901 617 2932 CXXX.

909 2301 1020 2329 luminis
1036 2302 1174 2329 notionem
1188 2321 1196 2334 ,
1223 2301 1473 2330 dissimilitudinem
1488 2304 1590 2332 nullam
1608 2305 1692 2333 habe—

908 2347 958 2375 bit.
977 2347 1046 2375 Cum
1073 2348 1156 2382 igitur
1171 2347 1252 2376 Pater
1265 2348 1357 2376 lumen
1382 2349 1417 2377 sit
1436 2349 1563 2386 principii
1581 2359 1690 2386 expers.

908 2394 994 2422 Filius
1009 2402 1075 2422 vero
1090 2395 1183 2422 lumen
1199 2395 1338 2431 genitum,
1356 2403 1388 2423 ac
1415 2400 1531 2432 uterque
1550 2398 1640 2425 lumen
1665 2403 1692 2426 et

908 2441 1011 2472 lumen,
1025 2442 1087 2476 jure
1101 2442 1361 2470 consubstantialem
1378 2442 1525 2476 dixerunt,
1542 2447 1572 2471 ut
1588 2449 1693 2472 natura:

908 2487 1039 2521 aequalem
1054 2487 1212 2523 dignitatem
1228 2487 1457 2516 demonstrarent.
1471 2488 1531 2516 Non
1545 2490 1617 2517 enim
1632 2498 1694 2525 quae

909 2532 1023 2559 fratrum
1042 2532 1112 2560 inter
1134 2541 1164 2560 se
1178 2534 1310 2561 rationem
1338 2533 1440 2562 habent
1452 2556 1459 2566 .
1483 2535 1612 2562 dicuntur
1628 2543 1694 2563 con—

909 2579 1112 2612 substantialia,
1126 2579 1152 2606 id
1167 2579 1240 2614 quod
1252 2580 1363 2615 quidam
1379 2581 1553 2614 existimant;
1569 2581 1616 2609 sed
1630 2590 1693 2609 cum

908 2626 936 2651 et
954 2631 1048 2657 causa,
1066 2628 1092 2652 et
1111 2625 1138 2652 id
1153 2625 1225 2660 quod
1241 2633 1274 2653 ex
1293 2633 1375 2654 causa
1393 2627 1580 2655 exsistentiam
1601 2628 1693 2661 habet,

909 2669 1033 2704 ejusdem
1047 2674 1112 2698 sunt
1125 2675 1242 2704 naturae,
1260 2672 1507 2701 consubstantialia
1518 2672 1657 2700 dicuntur.

944 2715 1077 2743 Caeterum
1092 2721 1145 2741 vox
1161 2713 1255 2741 eadem
1268 2712 1378 2741 Sabellii
1399 2720 1508 2748 quoque
1531 2712 1693 2747 pravitatem

910 2761 1053 2796 corrigit:
1084 2760 1154 2787 tollit
1180 2760 1252 2787 enim
1279 2759 1436 2794 hypostasis
1462 2759 1642 2790 identitalem.
1667 2763 1695 2785 et

910 2807 1059 2843 perfectam
1075 2813 1254 2841 personarum
1287 2806 1425 2832 notionem
1463 2804 1576 2831 inducit.
1601 2803 1693 2838 Neque

910 2854 983 2881 enim
1027 2853 1174 2888 quidquam
1195 2851 1248 2879 sibi
1269 2851 1320 2886 ipsi
1362 2850 1593 2878 consubstantiale
1628 2854 1692 2884 est,

1466 2897 1505 2927 18
