1902 3078
110 149 166 181 557

592 148 780 180 PANOPIJA
800 146 1031 179 DOGMATICA.
1053 161 1087 166 -
1106 148 1182 179 TlT.
1209 147 1264 177 XI.

1688 148 1740 179 55%

108 208 189 243 τέρα.
204 206 303 242 Διόπερ
316 206 461 234 ἀκόλουθον
474 205 507 233 δι’
520 205 602 233 αὒτοῦ
615 207 665 242 τὴν
677 206 756 239 δόξαν
769 205 807 240 τῷ
819 206 891 241 Πατρ

957 205 1051 234 Filius.
1065 205 1154 239 Quare
1169 208 1380 232 consentaneum
1393 208 1445 236 est,
1467 209 1496 232 ut
1512 203 1599 231 honor
1609 205 1741 233 exhibea-

109 255 278 289 προσάγειν,
296 254 355 280 ἀλλ’
370 254 433 288 οὐχί
451 253 511 288 μετ’
526 253 618 280 αὑτοῦ.
637 253 675 279 Τὸ
696 252 746 287 μὲν
764 252 820 287 γὰρ
843 252 902 287 μετ’

109 299 197 326 αὐτοῦ
214 300 263 333 τὴν
282 299 418 334 ἰσοτιμίαν
435 298 528 334 δηλοῖ,
545 298 574 324 τὸ
594 297 623 324 δὲ
642 296 675 324 δι’
686 294 716 324 οὗ
733 297 782 331 τὴν
799 297 903 332 ὑπουρ-

107 346 174 377 γὶαν
197 346 373 380 παρίστησιν.
395 344 465 371 Οὔτε
488 345 543 379 μὴν
567 345 617 371 σὺν
638 343 677 379 τῷ
700 344 798 379 Πατρὶ,
823 344 901 378 φησὶ,

109 390 160 416 καὶ
175 390 214 424 τῷ
232 390 287 424 Υἱῷ
301 390 332 416 τὸ
349 389 462 424 Πνεῦμα
476 389 605 420 τακτέον,
621 389 679 415 ἀλλ’
692 389 744 415 ὑπὸ
759 389 804 415 τὸν
820 389 900 420 Υίὸν,

110 435 162 462 καὶ
180 435 226 462 τὸν
246 436 366 470 Πατέρα,
383 436 414 462 οὐ
433 435 662 469 συντεταγμένον,
681 434 739 461 ἀλλ’
752 435 902 468 ὑποτεταγ-

110 482 213 516 μένον,
239 482 298 508 οὐδὲ
324 481 593 516 συναριθμούμενον.
619 481 677 507 ἀλλ’
694 480 903 516 ὑπαριθμούμε-

108 536 169 554 νιν.
193 529 247 555 Καὶ
270 528 409 559 τοιαύταις
430 528 487 554 τισὶ
510 526 694 562 τεχνολογίαις
717 527 850 562 ῥημάτων
871 527 901 554 τὸ

109 573 216 600 ἁπλοῦν
242 574 289 600 καὶ
316 574 505 600 ἀκατάσκευον
528 573 579 608 τῆς
603 574 722 604 πίστεως
747 573 902 608 ἐνδιαστρέ-

110 627 204 654 φουσι.
223 620 295 653 Πρὸς
311 618 357 650 οὓς
375 619 574 654 ἀπολογητέον,
594 618 632 649 ὡς
650 619 747 652 ἡμεῖς,
766 618 831 644 ὅταν
850 618 900 653 μὲν

110 665 144 692 to
162 665 304 700 μεγαλεῖον
321 665 371 698 τῆς
389 663 495 698 φύσεως
511 664 558 690 τοῦ
576 663 766 697 Μονογενοῦς,
786 664 834 690 καὶ
850 664 900 698 τὴν

109 711 164 746 τῆς
186 711 263 743 ἀξίας
285 710 422 745 ὑπεροχὴν
444 710 609 745 θεωρῶμεν,
631 710 701 744 μετὰ
723 710 827 745 Πατρδς
851 711 899 737 καὶ

111 758 163 784 σὺν
177 757 266 792 Πατρὶ
278 755 348 783 εἶναι
363 756 437 791 αὑτῷ
450 756 499 791 τὴν
511 755 591 788 δόξαν
605 755 799 791 μαρτυροῦμεν
811 763 818 770 ·
834 756 899 783 ὅταν

104 803 139 830 δὲ
154 803 204 838 τὴν
219 802 258 834 είς
274 803 348 837 ἡμᾶς
364 802 498 837 χορηγίαν
511 801 566 828 τῶν
580 800 691 835 ἀγαθῶν
708 801 879 837 ἐννοήσωμεν
889 823 896 836 ,

109 849 128 884 ἢ
144 850 195 884 τὴν
210 849 289 884 ήμῶν
304 849 394 875 αὐτῶν
410 848 595 883 προσαγωγὴν
610 848 657 875 καὶ
672 847 812 875 οίκείιυσιν
828 849 898 884 πρὸς

108 895 159 922 τὸν
173 895 255 926 Θεὸν,
270 894 304 921 δι’
316 894 398 921 αὑτοῦ
413 895 458 921 καὶ
473 896 501 920 ὲν
516 894 590 929 αὺτῷ
604 893 774 930 ἐνεργεῖσθαι
789 893 837 930 τὴν
851 895 900 930 χά-

106 951 157 978 ⁴ριν
171 943 238 977 ἡμῖν
251 942 354 977 ταύτην
368 941 563 977 ὁμολογοῦμεν.

108 1001 180 1029 Ἔα
204 1000 279 1028 κατὰ
299 1000 459 1034 Ἀρι-μηνῶν
488 1007 520 1027 τε
545 999 594 1026 καί
624 998 828 1032 Εὐνοιιιανῶν”
842 1001 897 1028 τοῦ

142 1036 279 1071 μεγάλου
294 1037 460 1070 Γρηγορίου
475 1035 529 1064 τοῦ
545 1036 693 1069 Θεολόγου
712 1035 745 1061 ἐκ
761 1035 814 1062 τοῦ
829 1037 896 1070 περὶ

150 1072 220 1099 nos
235 1075 262 1098 a'
275 1073 382 1106 λόγου.

144 1128 209 1161 Πῶς
228 1127 275 1156 οὗν
294 1130 353 1164 οὐκ,
365 1131 492 1164 ἐμπαθὴς
507 1131 524 1165 ὴ
540 1131 683 1164 γέννησις;
701 1130 763 1156 Ὀτι
784 1128 899 1163 ἀσώμα-

106 1184 168 1208 τος.
183 1176 215 1203 El
227 1177 282 1211 γὰρ
299 1177 316 1211 ἡ
331 1176 489 1210 ὲνσώματος
506 1176 644 1210 ἐμπαθὴς,
656 1175 765 1211 ἀπαθὴς
784 1177 801 1210 ὴ
823 1175 898 1202 ἀσώ-

108 1231 209 1257 ματος.
240 1222 311 1256 Ἐγὼ
337 1222 365 1249 δέ
392 1230 422 1249 σε
451 1223 656 1258 ἁντερήσομαι·
682 1223 743 1254 Πῶς
767 1222 845 1254 Θεὸς,
874 1223 898 1249 εί

108 1268 217 1302 κτίσμα
230 1276 237 1299 ;
251 1268 288 1294 Οὐ
306 1269 360 1303 γὰρ
376 1267 442 1299 est:
455 1268 485 1295 τὸ
504 1269 680 1303 κτιζόμενον·
700 1267 741 1294 ἵνα
758 1267 795 1303 μὴ
815 1268 897 1301 λέγω,

107 1314 152 1340 ὅτι
180 1313 319 1340 κάνταῦθα
347 1314 445 1346 πάθος,
464 1314 498 1340 ἂν
518 1314 683 1348 σωματικῶς
708 1313 895 1348 λαμῦἅνηται,

99 1355 168 1384 οἷον
195 1358 298 1392 χρόνος,
322 1359 424 1392 ἔφεσις,
448 1359 632 1392 ἀνατύπωσις,
658 1360 779 1394 φροντὶς,
806 1358 895 1390 ἐλπὶς,

106 1403 196 1437 λύπη,
212 1404 343 1436 κίνδυνος,
359 1405 502 1440 ἁποτυχία,
518 1405 680 1440 διόρθωσις·
695 1405 714 1432 ἃ.
738 1406 826 1432 πάντα
849 1405 897 1431 καὶ

104 1450 199 1476 πλείω
225 1449 328 1478 τούτων
346 1451 409 1485 περὶ
429 1451 478 1486 τὴν
502 1451 606 1483 κτίσιν,
623 1451 661 1482 ὡς
681 1451 764 1478 πᾶσιν
785 1450 895 1486 εὔδηλον

100 1497 250 1532 ﬂaui).de
262 1497 302 1527 δὲ,
315 1498 355 1524 ὅτι
373 1497 410 1532 μὴ
426 1498 472 1524 καὶ
487 1497 567 1524 τοῦτο
581 1497 694 1532 τολμᾷς,
707 1497 895 1532 συνδυασμούς

955 256 998 279 ιιιι·
1012 252 1083 279 Patri
1097 259 1143 286 per
1154 251 1254 285 ipsum,
1268 257 1320 277 non
1334 257 1397 277 cum
1414 250 1482 284 ipso.
1496 249 1563 277 Cum
1591 250 1649 285 ipso
1665 252 1736 278 enim

955 306 1045 333 parem
1061 297 1219 333 dignitatem
1247 298 1413 331 signat;per
1425 297 1511 330 ipsum
1527 302 1615 324 autem
1646 302 1739 325 osten-

954 345 992 372 dit
1005 345 1195 372 ministerium.
1214 343 1270 370 Nec
1281 350 1346 370 vero
1362 350 1424 369 cum
1444 342 1535 373 Patre,
1550 342 1686 376 inquiunt,
1712 348 1740 370 ct

953 392 1021 418 Filio
1041 391 1160 426 Spiritus
1178 390 1352 418 collomntlus
1371 394 1423 421 est,
1447 389 1494 416 sed
1521 393 1581 423 post
1595 388 1693 416 Filium
1714 395 1739 416 et

953 438 1061 465 Patrem
1074 437 1289 468 constituendus,
1305 443 1392 470 neque
1408 443 1469 462 cum
1484 435 1547 467 illis,
1564 435 1609 461 sed
1625 435 1674 462 sub
1686 435 1740 461 illis

953 484 1146 512 numerandus.
1164 482 1318 510 Istiusmodi
1331 481 1475 508 verborum
1501 481 1618 508 artificio
1644 489 1738 515 puram

953 530 1013 558 lidei
1030 529 1234 565 simplirilatem
1250 533 1422 564 pervertunt.
1439 527 1546 560 Quibus
1573 527 1740 561 responden-
1770 555 1772 557 ,

951 578 1015 604 dum
1041 583 1094 610 est,
1127 585 1177 604 nos
1203 584 1263 604 cttm
1283 575 1486 610 amplitudinem
1509 579 1613 602 naturae
1640 574 1741 609 Unigc-

952 624 1011 655 niti,
1023 629 1050 651 et
1064 623 1202 659 dignitatis
1228 623 1286 657 ejus
1307 621 1494 649 excellentiam
1513 619 1740 654 contemplamnr,

950 670 1062 705 gloriam
1080 669 1117 696 illi
1130 669 1208 696 simul
1219 676 1280 696 cum
1296 667 1388 699 Patre,
1403 672 1429 693 et
1443 674 1495 694 una
1509 674 1570 694 cum
1584 665 1664 692 Patre
1679 673 1740 692 esse

950 716 1042 744 testari
1056 724 1063 742 :
1076 720 1168 742 atcnm
1180 715 1312 742 bonorum
1327 713 1496 748 largitionem
1512 711 1589 739 nobis
1601 710 1699 738 factam
1713 717 1740 738 et

950 760 1183 792 conciliationem,
1200 764 1281 794 atque
1292 757 1512 792 coniunctionem
1527 762 1650 784 nostram
1676 764 1737 783 cum

951 807 1004 834 Deo
1014 806 1174 842 cogitamus,
1187 806 1329 842 peripsum
1342 811 1370 833 et
1384 805 1410 832 in
1420 806 1479 840 ipso
1491 812 1540 831 nos
1551 811 1610 831 eam
1623 804 1738 839 gratiam

950 858 1091 882 assecutos
1098 853 1233 881 conﬁteri.

950 1000 1017 1028 Item
1041 1005 1134 1027 contra
1155 1000 1268 1027 Arianae
1280 1004 1302 1026 et
1320 998 1512 1025 Eunomianat.
1525 997 1613 1030 magni
1638 994 1738 1030 Grego-

1032 1036 1065 1063 rii
1081 1035 1203 1070 Tltealogi
1221 1043 1252 1062 ea:
1274 1034 1390 1061 oratione
1403 1033 1489 1061 prima
1515 1034 1547 1058 de
1568 1031 1651 1058 Filio.

986 1126 1129 1160 Quomodo
1159 1133 1224 1160 ergo
1251 1132 1264 1151 a
1291 1124 1419 1159 passione
1451 1123 1582 1151 immunis
1608 1125 1650 1149 est
1675 1122 1735 1149 lucc

955 1173 1118 1209 generatio?
1134 1172 1202 1205 Quia
1220 1171 1389 1206 incorporea.
1404 1170 1431 1196 Si
1447 1169 1518 1197 enim
1537 1175 1667 1203 corporea
1687 1176 1734 1202 ge-

952 1220 1058 1247 neratio
1071 1219 1226 1254 passionem
1236 1217 1408 1252 coiijuuctam
1423 1217 1513 1246 habet,
1525 1223 1623 1250 expers
1640 1215 1734 1249 Illique

951 1265 1087 1300 passionis
1111 1265 1164 1292 erit
1179 1264 1338 1298 incorporea
1355 1262 1503 1297 generandi
1529 1261 1612 1288 ratio.
1646 1261 1734 1293 Atque

949 1318 1000 1345 ego
1013 1319 1046 1338 ex
1066 1314 1092 1337 te
1109 1310 1228 1337 vicissim
1249 1317 1367 1344 quaeram
1386 1318 1393 1336 ι
1416 1308 1558 1341 Quomodo
1577 1307 1648 1334 Deus
1666 1306 1730 1333 erit.

950 1357 973 1384 si
991 1360 1116 1383 creatura
1130 1357 1192 1383 est?
1220 1355 1276 1382 Non
1293 1355 1365 1382 enim
1384 1354 1455 1381 Deus
1471 1361 1530 1381 esse
1545 1357 1644 1388 potest,
1660 1353 1732 1387 quod

950 1408 1080 1436 creatur;
1097 1410 1130 1430 ne
1145 1403 1245 1433 dicam,
1262 1401 1334 1436 quod
1348 1401 1392 1428 hic
1405 1408 1516 1435 quoque
1531 1400 1624 1434 passio
1645 1401 1690 1431 sit,
1709 1400 1731 1426 τε

948 1456 1082 1483 corporeo
1097 1448 1177 1475 modo
1192 1448 1218 1475 id
1235 1447 1397 1482 accipiatur.
1415 1447 1465 1474 hoc
1479 1451 1531 1478 est,
1549 1452 1668 1480 tempus,
1679 1453 1731 1474 cu-
1780 1447 1786 1452 '

949 1495 1058 1529 piditas.
1071 1494 1238 1525 informatio,
1252 1501 1332 1525 cura,
1349 1500 1422 1528 spes,
1441 1500 1554 1525 maeror,
1567 1492 1732 1525 periculum,

108 1551 189 1573 τινας
214 1543 327 1574 ἐννοεῖν,
346 1542 393 1570 καὶ
414 1543 527 1577 χρόνους
541 1543 675 1577 κυήσεως,
693 1544 740 1569 καὶ
755 1543 891 1574 κινδύνους

947 1541 1003 1576 spei
1019 1541 1161 1569 frustratio
1172 1560 1179 1572 ,
1192 1541 1328 1568 correctio
1345 1549 1352 1567 ε
1381 1547 1441 1574 quae
1465 1539 1566 1571 omnia,
1583 1543 1665 1574 atque
1687 1539 1731 1566 bis

106 1588 294 1621 ἁμϐλώσεως,
311 1589 348 1620 ὡς
363 1589 423 1615 οὑδὲ
438 1589 536 1624 γεννᾷν
563 1589 714 1624 ἐγχωροῦν,
732 1590 756 1616 εί
773 1589 810 1624 μὴ
824 1588 895 1615 οὕτω

103 1635 275 1669 γεγέννηκεν
287 1642 294 1650 ο
311 1635 327 1671 ἢ
347 1635 429 1662 πάλιν
453 1635 563 1669 πτηνῶν
584 1644 669 1668 τινας,
689 1637 739 1663 καὶ
759 1636 894 1670 χερσαίων

105 1681 158 1707 καὶ
187 1681 304 1716 ἐνύδρων
328 1682 471 1717 γεννήσεις
493 1682 744 1717 ἀπαριθμούμενος.
770 1682 892 1708 τούτων·

102 1729 163 1753 τινὶ
177 1726 232 1754 τῶν
245 1728 399 1763 γεννήσεων
415 1728 532 1762 ὑπάγειν
547 1729 597 1763 τὴν
612 1728 688 1754 θείαν
715 1728 762 1754 καὶ
778 1727 896 1754 ἀνεκλά-

104 1773 231 1808 λητον,ἢ
252 1774 300 1800 καὶ
319 1773 364 1800 τὸν
384 1773 449 1800 Υιὸν
467 1774 587 1808 ἀναιρεῖν
613 1774 645 1800 ὲκ
665 1773 716 1805 τῆς
735 1773 831 1808 καινῆς
848 1773 894 1800 σοῦ

102 1819 275 1851 ὑποθέσεως.
297 1819 350 1846 Καὶ
372 1819 427 1846 οὐδ’
456 1820 543 1847 ἐκεῖνο
559 1819 672 1847 δύνασαι
695 1820 825 1851 συνιδεῖν,
852 1819 894 1845 ὅτι

99 1861 131 1899 ᾧ
148 1865 276 1899 διάφορος
296 1865 313 1900 ἡ
340 1866 410 1892 κατά
436 1866 526 1900 σάρκα
550 1867 677 1900 γέννησις
695 1864 765 1901 (ποῦ
785 1866 839 1900 γὰρ
865 1865 893 1891 ἐν

103 1911 164 1942 τοῖς
191 1911 246 1942 σοῖς
272 1911 359 1944 ἔγνως
384 1912 515 1938 Θεοτόκον
544 1910 705 1946 Παρθένον),
733 1911 819 1945 τούτῳ
844 1910 892 1936 καὶ

102 1957 124 1991 ἠ
157 1957 330 1992 πνευματικὴ
360 1957 488 1992 γέννησις
520 1958 720 1990 έξαλλάττουσα
747 1965 755 1971 '
792 1957 893 1992 μᾶλλον

99 2002 148 2031 δὲ.
165 1997 188 2035 ᾧ
212 2002 243 2028 τὸ
266 2000 335 2029 εἶναι
364 2003 402 2037 μὴ
426 2003 535 2036 ταυτὸν,
558 2003 647 2037 τούτῳ
670 2003 716 2029 καὶ
739 2002 769 2029 τὺ
794 2003 893 2037 γεννᾷν

100 2047 249 2082 διάφορον.

948 1587 1037 1621 plura.
1057 1587 1128 1613 circa
1147 1591 1299 1613 creaturam
1317 1584 1440 1613 accidere
1456 1592 1536 1612 nemo
1553 1589 1596 1612 est
1612 1584 1657 1620 qui
1675 1593 1730 1612 non

951 1633 1031 1661 facile
1047 1633 1202 1667 perspiciat.
1231 1632 1355 1659 Demiror
1366 1637 1470 1663 autem,
1487 1633 1552 1668 quin
1570 1637 1599 1660 tu
1616 1640 1648 1660 eo
1665 1640 1734 1666 quo-

948 1687 1000 1714 que
1020 1679 1140 1706 audaciae
1166 1686 1347 1713 prornmpas,
1373 1683 1403 1706 ut
1425 1678 1514 1706 coitus
1535 1679 1678 1713 quosdam,
1706 1686 1734 1706 et

947 1727 1141 1761 praegnationis
1158 1730 1292 1760 tempora.
1306 1730 1335 1752 et
1349 1725 1463 1752 abortus
1479 1725 1597 1760 pericula
1616 1727 1731 1760 cogites,

948 1771 1060 1807 perinde
1073 1780 1104 1798 ac
1119 1779 1171 1798 non
1187 1771 1264 1798 aliter
1276 1771 1388 1805 gignere
1400 1771 1519 1805 potuerit
1535 1771 1625 1804 Pater,
1638 1772 1660 1798 si
1675 1780 1729 1799 non

948 1817 984 1844 ita
997 1817 1124 1852 genuerit
1141 1826 1147 1843 :
1163 1822 1209 1843 aut
1228 1825 1322 1844 rursus
1341 1817 1430 1843 arium
1449 1818 1640 1851 quarumdam.
1657 1818 1728 1844 alio-

947 1872 1064 1898 rumque
1082 1864 1255 1895 animalium,
1271 1871 1331 1898 qute
1350 1863 1392 1891 vel
1409 1864 1435 1891 in
1454 1867 1538 1895 terra,
1551 1864 1592 1891 vel
1606 1864 1632 1891 in
1650 1866 1729 1898 aquis

947 1912 1061 1945 degunt,
1092 1910 1282 1945 generationes
1309 1917 1464 1942 enumeres,
1486 1917 1519 1938 ac
1545 1910 1664 1944 cuipiam
1683 1911 1732 1938 ha-

945 1965 1006 1984 rum
1030 1956 1237 1992 generationttm
1269 1955 1389 1982 divinam
1416 1955 1489 1982 illam
1514 1960 1541 1982 et
1563 1956 1728 1984 ineffaliiienl

945 2003 1087 2038 suhjicias.
1100 2008 1146 2030 aut
1160 2003 1239 2030 etiam
1256 2001 1353 2029 Filium
1371 2009 1418 2036 per
1434 2002 1502 2030 hanc
1521 2010 1619 2030 novam
1639 2004 1728 2037 hypo-

945 2049 1043 2077 thesim
1059 2049 1092 2076 de
1114 2049 1204 2076 medio
1219 2048 1307 2076 tollas.
1323 2048 1361 2074 Ac
1375 2055 1407 2075 ne
1422 2048 1489 2075 illud
1500 2049 1611 2083 quidem
1626 2050 1730 2084 perspi-

103 2101 171 2120 cere
185 2098 271 2128 potes,
291 2094 370 2129 cujus
381 2093 490 2121 diversa
514 2095 550 2121 sit
564 2095 683 2122 carnalis
699 2096 837 2130 generatio
859 2096 971 2132 (alicubi
989 2096 1061 2123 enim
1083 2096 1153 2131 apud
1173 2095 1298 2124 homines
1317 2095 1458 2129 Deiparam
1479 2093 1616 2130 Virginem
1635 2097 1727 2131 nosti),

102 2141 192 2176 hujus
203 2141 339 2169 diversam
354 2149 464 2177 quoque
478 2147 558 2177 atque
577 2142 612 2170 ab
632 2143 694 2170 aliis
720 2143 919 2178 discrepantem
939 2151 999 2172 esse
1014 2143 1182 2179 spiritualem
1202 2142 1401 2177 generationem
1420 2150 1428 2168 τ
1444 2141 1495 2174 vel,
1516 2146 1544 2169 ut
1562 2143 1663 2171 rectius
1687 2144 1728 2171 di-

103 2195 181 2219 cam,
201 2187 280 2222 cujus
294 2194 354 2214 esse
369 2187 458 2221 ipsum
476 2187 587 2214 minime
600 2187 669 2214 idem
684 2188 730 2220 sit,
748 2189 807 2224 ejus
819 2190 953 2216 diversam
967 2196 1075 2223 quoque
1085 2195 1147 2215 esse
1163 2187 1311 2223 generandi
1338 2187 1483 2214 rationem.

143 2233 192 2264 Τίς
209 2231 255 2259 οὖν
273 2234 332 2259 ἔστι
356 2233 451 2267 Πατὴρ
471 2233 520 2259 οὐκ
544 2233 700 2268 ὴργμένος;
719 2234 814 2266 Ὅστις
831 2235 890 2261 οὐδὲ

979 2235 1110 2268 Quisnam
1136 2241 1202 2268 ergo
1226 2238 1268 2260 est
1297 2233 1375 2260 Pater
1392 2234 1436 2259 ilie
1461 2233 1585 2268 principii
1610 2236 1728 2269 expers?

100 2278 154 2306 τοῦ
176 2276 245 2305 εἶναι
269 2278 390 2314 ἤρξατο·
416 2275 438 2312 ᾦ
461 2278 490 2304 δὲ
515 2279 546 2304 τὸ
571 2277 642 2305 εἶναι
665 2279 778 2314 ήρξατο,
803 2281 891 2315 τούτῳ

102 2326 154 2351 καὶ
178 2324 208 2350 τὺ
232 2322 302 2350 εἶναι
329 2323 426 2358 Πατρί.
447 2323 553 2350 οὐκοῦν
581 2324 675 2359 Πατὴρ
703 2324 828 2359 ὕστερον,
859 2326 889 2352 οὐ

101 2372 162 2406 γὰρ
190 2370 289 2406 ἧρξατο
307 2378 315 2386 '
344 2370 391 2396 καὶ
418 2369 510 2404 Πατὴρ
543 2370 670 2405 κυρίως,
699 2371 740 2397 ὅτι
775 2372 812 2406 μὴ
844 2371 890 2398 καὶ

102 2418 170 2448 Υἱός
184 2425 190 2432 ·
210 2417 305 2450 ὥσπερ
320 2416 366 2442 καὶ
383 2416 447 2448 Tib;
464 2416 580 2451 κυρίως,
600 2416 641 2442 ὄτι
666 2417 704 2450 μὴ
720 2419 765 2444 καὶ
782 2418 888 2453 Πατήρ.

101 2463 146 2490 Τὰ
165 2462 220 2496 γὰρ
235 2462 367 2497 ἡμέτεροι,
394 2462 425 2487 οὺ
452 2461 566 2497 κυρίως,
594 2462 635 2488 ὃτι
659 2462 708 2488 καὶ
729 2463 828 2498 ἄμφω’
859 2464 888 2490 οὐ

101 2510 160 2543 γὰρ
174 2508 233 2534 τόδε
249 2507 359 2543 μᾶλλον,
380 2507 396 2541 ἢ
410 2507 469 2534 τῆδε
481 2516 488 2522 ·
507 2507 554 2534 καὶ
570 2508 599 2540 ἐξ
618 2508 720 2543 ἀμφοῖν
736 2509 826 2543 ἡμεῖς,
839 2510 888 2544 οὐχ

102 2556 178 2587 ἑνὸς,
203 2554 273 2580 ὥστε
305 2553 476 2588 μερίζεσθαι,
505 2553 552 2579 καὶ
579 2553 640 2580 κατ’
665 2553 756 2587 ὀλίγον
782 2554 889 2589 ἄνθρω-

102 2609 152 2627 ποι
168 2608 175 2615 ·
201 2600 248 2626 καὶ
270 2599 334 2631 ἴσως
356 2599 417 2625 οὐδὲ
439 2599 588 2634 ἅνθρωποι,
615 2599 662 2625 καὶ
684 2596 735 2626 οἷοι
756 2600 793 2635 μὴ
812 2601 888 2627 τεθε-

101 2645 223 2681 λήμεθα.
242 2646 288 2672 καὶ
303 2645 441 2678 ἀφιέντες,
455 2647 501 2671 καὶ
522 2645 675 2679 ἀφιέμενοι,
688 2645 725 2677 ὡς
739 2647 822 2681 μόνας
838 2649 887 2679 τὰς

102 2692 212 2727 σχέσεις
224 2691 366 2717 λείπεσθαι
377 2691 499 2725 ὀρφανὰς
510 2690 564 2716 τῶν
575 2691 758 2725 πραγμάτοιν.
768 2692 849 2718 ’Δλλὰ
857 2693 887 2718 τὸ

100 2739 260 2772 ἐγέννησε,
279 2737 371 2772 φησὶν,
388 2736 465 2768 αὐτὸ,
479 2736 526 2763 καὶ
540 2737 569 2762 τὸ
581 2736 765 2771 γεγέννηται,
779 2739 806 2764 τί
822 2737 886 2764 ἄλλο

100 2784 118 2817 ἢ
134 2784 224 2818 ἀρχὴν
241 2784 347 2817 εἰσάγει
363 2783 534 2818 γεννήσεως;
552 2782 584 2808 Τί
596 2782 643 2809 οὖν
662 2784 694 2809 ἂν
711 2783 781 2819 μηδὲ
806 2784 886 2810 τοῦτο

100 2831 238 2864 λέγωμεν,
255 2829 312 2856 ἀλλ’
325 2826 362 2865 ἦν
378 2830 425 2856 ἀπ’
442 2828 530 2864 ἀρχῆς
546 2829 757 2864 γεγεννημένος,
778 2830 820 2856 ἵνα
838 2838 884 2857 σου

100 2875 199 2911 ῥᾳδίως
215 2875 345 2911 φύγωμεν
358 2875 407 2907 τὰς
424 2875 586 2911 περιέργους
602 2875 753 2910 ἐνστάσεις,
770 2877 817 2903 καὶ
841 2885 886 2911 φι-

942 2281 968 2308 ls
986 2287 1093 2315 nempe,
1109 2279 1191 2314 cujus
1217 2286 1252 2307 ne
1280 2279 1334 2306 ulla
1359 2279 1470 2313 quidem
1489 2280 1576 2314 ipsius
1600 2281 1728 2308 essentiae

941 2327 1019 2361 Origo
1043 2325 1155 2360 reperiri
1179 2329 1278 2360 potest.
1303 2325 1355 2358 Qui
1379 2331 1468 2353 autem
1493 2327 1641 2361 aliquando
1666 2335 1728 2356 esse

942 2373 1038 2408 coapit,
1058 2372 1101 2400 hic
1117 2380 1227 2407 quoque
1243 2372 1413 2406 paternitatis
1429 2381 1485 2400 sua:
1501 2373 1655 2408 principum
1671 2374 1722 2401 lia-

943 2418 1010 2444 buit.
1047 2417 1107 2444 Non
1133 2418 1215 2452 igitur
1238 2417 1318 2444 Pater
1339 2421 1433 2452 postea
1461 2419 1576 2450 exstitit,
1601 2420 1726 2453 quando—

940 2463 1049 2498 quidem
1077 2470 1126 2490 nec
1141 2470 1203 2491 esse
1229 2462 1376 2497 aliquando
1396 2464 1479 2498 erepit
1501 2472 1507 2490 :
1524 2468 1551 2491 et
1567 2463 1647 2491 Pater
1665 2473 1727 2498 pro-

941 2510 998 2543 prie
1010 2514 1061 2538 est,
1075 2509 1138 2543 quia
1155 2515 1210 2536 non
1225 2509 1308 2535 etiam
1321 2508 1427 2536 Filius:
1441 2510 1669 2544 quemadmodum
1685 2513 1725 2538 vi-

940 2555 1032 2582 cissim
1053 2553 1139 2582 Filius
1156 2555 1265 2589 proprie
1281 2554 1364 2587 ﬁlius,
1382 2555 1446 2590 quia
1463 2563 1516 2583 non
1532 2557 1614 2583 etiam
1630 2557 1721 2584 Pater.

940 2600 1006 2627 Nam
1023 2600 1094 2635 quod
1116 2600 1150 2627 ad
1166 2607 1217 2626 nos
1232 2601 1340 2632 attinet,
1362 2605 1460 2628 neutro
1476 2601 1586 2629 nomine
1609 2604 1721 2636 proprie

938 2646 1068 2681 appellari
1093 2653 1259 2681 possumus,
1283 2646 1413 2681 quoniam
1437 2652 1584 2682 utrumque
1605 2655 1719 2679 sumus;

938 2699 1028 2726 neque
1042 2692 1093 2719 hoc
1111 2692 1219 2726 potius,
1235 2699 1316 2726 quam
1333 2693 1417 2726 illud;
1436 2700 1487 2720 nec
1502 2701 1534 2720 ex
1550 2701 1613 2726 uno,
1629 2694 1675 2720 sed
1687 2700 1720 2721 ex

939 2742 1055 2772 utroque
1074 2741 1188 2772 parente
1211 2737 1361 2770 nascimur,
1377 2745 1409 2765 ac
1427 2738 1540 2771 proinde
1560 2739 1719 2771 dividimur,

937 2784 1122 2818 paulatimque
1149 2783 1275 2811 homines
1289 2783 1437 2817 eﬂicimur;
1464 2784 1519 2811 itno
1538 2792 1572 2812 ne
1594 2785 1718 2813 homines

937 2830 1044 2864 quidem
1057 2829 1184 2862 fortasse,
1202 2834 1229 2856 et
1239 2829 1333 2864 quales
1348 2830 1497 2861 noluimus,
1511 2835 1566 2857 tum
1578 2830 1719 2859 dimitten-

937 2881 988 2910 tes,
998 2881 1053 2903 tum
1067 2875 1184 2909 dimissi,
1199 2875 1267 2903 adeo
1281 2879 1309 2903 ut
1321 2876 1385 2903 solae
1397 2876 1543 2905 relationes
1556 2879 1636 2907 rebus
1651 2878 1718 2914 ipsis
