1902 3078
97 151 142 182 ῐῦί

568 148 755 179 ΡΑΝΟΡΙΑΙᾹ
782 150 1010 180 DOGMATlUA.
1029 163 1062 166 —
1083 151 1158 180 'l‘l'l‘.
1179 151 1228 181 VI.

1666 156 1717 186 1C2

91 219 163 245 sunt,
180 217 274 247 utpote
289 213 330 240 cui
346 212 483 248 generatio
500 211 615 239 fortasse
647 211 682 239 sit
713 211 770 246 ipsa
788 213 912 247 gignendi
930 213 1071 247 voluntas;
1099 221 1191 241 verum
1210 214 1275 241 nihil
1299 218 1340 242 est
1361 214 1547 242 intermedium
1560 234 1568 248 ,
1593 215 1615 243 si
1636 220 1715 246 modo

92 261 140 288 hoc
163 268 270 295 quoque
292 260 402 286 omnino
422 259 607 291 admittimus,
623 266 654 286 ac
671 267 723 285 non
759 260 848 292 potius
880 260 1023 288 statuimus
1057 262 1259 295 generationem
1286 261 1355 289 lninc
1373 261 1510 290 voluntate
1528 263 1711 291 sublimiorem

90 313 118 335 et
132 307 344 342 prcestaiitiorem
359 313 430 333 esse.

182 352 275 380 Βούλει
295 360 322 378 τι
345 351 506 387 προσπαίξω
525 351 569 377 καὶ
593 357 637 377 τον
653 351 779 386 Πατέρα;
800 350 880 386 Παρὰ
895 351 916 377 Α

93 400 139 426 σοῦ
155 400 208 436 γὰρ
222 399 276 434 ἔχω
289 399 324 425 τὰ
338 397 452 424 τοιαῦτα
473 396 588 432 τολμᾷν·
607 396 696 423 Θέλων
712 396 777 427 θεὸς
792 397 806 422 6
821 397 879 422 Πα-

92 445 153 479 τὴρ,
170 444 186 479 ἦ
206 443 242 479 μὴ
258 443 353 469 Θέλων.
377 442 431 468 Καὶ
447 442 520 473 ὅπως
539 441 680 477 ἀποφεύξῃ
694 441 725 468 τὸ
743 441 788 467 σὺν
804 450 882 477 περι-

92 489 187 522 ἰὲξιον.
203 489 234 515 Εἰ
255 488 303 523 μὲν
323 488 356 523 δὴ
373 486 542 518 θέλων,πότε
558 486 606 513 τοῦ
622 486 709 513 θέλειν
726 486 881 522 ἡργμένος;

93 536 132 563 Οὐ
144 535 197 570 γὰρ
214 534 278 568 πρὶν
294 531 380 560 εἶναι·
403 533 463 559 οὐδὲ
481 532 536 567 γὰρ
549 529 584 567 ἦν
600 541 626 558 τι
642 532 785 568 πρότερον.
805 533 840 558 Ἢ
853 532 882 558 τὸ

95 581 144 616 μὲν
160 580 241 607 αὺτοῦ
261 579 396 614 Θελῆσαν,
421 577 452 604 τὸ
465 577 494 604 δὲ
519 577 650 613 θεληῠέν,
670 577 804 613 Magno-“:6;
824 576 880 604 οὖν.

94 627 154 659 "Et;
168 626 195 652 δὲ
209 627 239 652 οὺ
253 625 388 660 θελήσεως
404 625 451 650 καὶ
465 620 552 656 οὗτος,
568 623 639 650 κατὰ
657 623 703 655 σὲ,
719 624 878 659 ﬁgamque;

95 675 126 700 El
137 673 164 700 δὲ
178 673 208 699 οὐ
227 672 311 698 Θέλων
321 691 328 702 ,
348 670 376 697 τί
396 670 426 696 τὸ
440 669 604 704 βιασάμενον
624 670 663 702 είς
676 669 707 696 τὸ
722 667 810 702 εἴναι;
828 670 884 696 Kal.

96 720 154 751 πῶς
168 719 249 750 Θεὸς,
263 717 288 743 εἰ
308 716 458 752 βεϐίασται,
481 716 528 742 καὶ
547 714 634 742 ταῦτα
655 715 705 742 οὐκ
719 715 783 742 ἄλλο
802 724 838 744 τι.
865 715 882 751 ἦ

96 766 162 793 αὐτὸ
179 764 210 791 τδ
226 761 295 790 εἶναι
312 762 392 794 Θεός;
407 762 469 793 Πῶς
491 759 553 793 οὖν,
576 761 643 797 φησὶ
665 782 672 794 ,
752 761 883 796 γεγέννη-

94 819 155 843 ut;
178 809 239 841 Πῶς
262 808 400 839 ἔκτισται,
420 806 499 842 εῐπερ
517 806 639 833 ἔκτισται
659 806 730 833 κατὰ
757 806 803 839 σέ;
828 806 883 833 Καὶ

95 858 150 893 γὰρ
166 856 213 883 καὶ
229 854 308 882 τοῦτο
320 853 370 889 τῆς
385 854 469 888 αὐτῆς
490 852 616 889 ἀπορίας.
635 853 712 889 Τάχα
728 853 761 880 ἂν
785 854 883 885 εἴποις,

90 908 132 933 ὅτι
155 905 280 940 βουλήσει
297 903 345 930 καὶ
362 902 445 937 λόγῳ.
464 901 536 928 Ἀλλ’
556 902 633 929 οὔπω
655 900 746 935 λέγεις
772 900 802 926 τὸ
815 900 880 926 πᾶν.

90 950 154 981 Πῶς
184 948 238 984 γὰρ
268 947 350 982 ἔργου
386 945 502 981 δύναμιν
529 945 609 980 ἔσχεν
636 946 653 981 ἡ
677 945 805 981 βούλησις
833 943 881 970 καὶ

1049 351 1130 378 Visne
1158 351 1183 378 in
1216 350 1323 378 Patren]
1359 358 1465 385 quoque
1497 351 1581 384 ipsum
1611 351 1716 378 cavillis

931 397 1052 424 nonnihil
1082 397 1194 424 ludam?
1218 397 1257 424 'I'u
1287 398 1351 424 Inibi
1379 405 1471 424 ansam
1511 397 1572 423 talia
1603 397 1716 424 audendi

932 444 1044 477 praebes.
1064 443 1143 470 Pater
1163 443 1253 477 itaque
1270 443 1311 469 vel
1333 443 1423 469 volens
1448 443 1516 469 Dens
1533 448 1584 474 cst,
1606 443 1645 469 vel
1666 451 1714 468 no-

933 489 999 515 lens.
1016 489 1054 515 Ac
1070 488 1129 515 vide
1147 497 1199 524 qua
1215 489 1321 515 tandem
1336 489 1441 516 ratione
1454 489 1550 516 scitum
1567 488 1630 515 illud
1643 494 1716 514 tuum

934 538 960 560 ct
976 539 1081 560 acutum
1099 539 1285 566 argumentum
1301 534 1421 568 elfngics.
1443 535 1470 561 Si
1489 535 1592 568 volens,
1608 536 1717 569 (pratulo

935 579 1002 606 velle
1026 580 1126 614 coepit?
1150 579 1208 606 Non
1236 580 1307 607 cnim
1333 580 1489 615 priusquam
1515 585 1598 607 esset.
1623 579 1719 614 Neque

934 626 1005 653 enim
1024 626 1098 660 prius
1115 626 1260 660 quidquam
1282 631 1352 655 crat.
1371 626 1409 652 An
1436 626 1531 660 partim
1550 626 1576 652 in
1592 633 1624 653 eo
1636 626 1716 660 quid-

934 672 993 698 dam
1010 671 1060 698 fuit
1073 673 1143 706 quod
1160 672 1253 704 voluit,
1269 674 1366 706 partim
1390 672 1517 706 quiddam
1535 672 1606 706 quod
1625 672 1650 698 in
1668 679 1717 698 vn-

933 717 1062 745 lnntatcm
1078 718 1197 745 cecidit?
1213 718 1359 745 Divisibllis
1375 718 1456 752 igitur
1467 719 1529 746 erit.
1543 719 1611 751 Quid
1624 723 1713 749 antgm

934 762 1021 790 atl'crri
1039 764 1155 798 poterit,
1180 764 1244 798 quin
1260 765 1336 800 juxta
1359 769 1432 791 tuam
1448 764 1653 799 argumentandi
1675 772 1719 789 ra—

933 809 1042 841 tionem,
1064 809 1120 843 ipse
1143 817 1250 844 quoque
1266 809 1413 836 voluntatis
1430 808 1500 836 fetus
1518 809 1573 836 sit?
1599 809 1675 842 Quod
1695 817 1717 836 st

935 854 1040 886 uolens,
1055 854 1117 888 quis
1133 861 1194 881 eum
1210 853 1298 888 coegit
1323 857 1352 881 ut
1366 854 1460 881 esset?
1473 854 1529 888 Qun
1543 854 1623 881 etiam
1641 856 1719 881 modo

935 897 1018 930 Deus,
1038 898 1060 925 si
1085 902 1199 925 coactus
1215 902 1273 931 est;
1303 901 1330 924 et
1350 902 1463 926 coactus
1483 899 1594 934 quidem
1620 909 1674 927 non
1692 902 1724 928 ad

935 945 1007 971 aliud
1036 944 1199 979 quidquam,
1223 951 1304 978 quam
1327 945 1361 971 ad
1391 945 1452 977 hoc,
1473 950 1503 972 ut
1530 945 1602 974 Deus
1630 949 1727 975 esset?

88 997 105 1022 6
129 995 226 1028 λόγος;
252 994 314 1020 Ἔτι
345 992 470 1018 λείπεται
508 991 610 1027 λέγειν.
637 991 674 1019 Οὐ
708 991 762 1026 γὰρ
793 990 880 1022 οὕτως

939 991 1092 1025 Quomodo,
1115 991 1218 1026 inquis,
1241 990 1326 1017 Filius
1351 992 1460 1026 genitus
1492 994 1554 1020 est?
1576 993 1674 1021 Verum
1699 1000 1725 1022 tu

88 1041 138 1069 ἆνο
144 1049 244 1076 ρωπος.

935 1045 1043 1073 quoque
1058 1039 1204 1072 responde,
1220 1039 1359 1072 quomodo
1371 1045 1483 1068 creatus
1498 1041 1560 1068 est?
1577 1042 1726 1077 siquidem,

90 1095 122 1117 ut
135 1090 194 1125 ipse
212 1089 322 1121 asseris,
341 1091 449 1116 creatus
462 1092 514 1114 est.
535 1085 603 1113 Nam
618 1086 645 1114 id
658 1093 767 1121 quoque
785 1085 881 1113 eadem
905 1086 1064 1114 difﬁcultate
1084 1086 1202 1113 laborat.
1219 1086 1297 1114 Dices
1322 1087 1446 1120 fortasse,
1466 1089 1607 1117 voluntate
1622 1096 1649 1118 et
1669 1099 1728 1118 ser-

90 1145 183 1164 mone.
198 1136 232 1163 At
244 1135 366 1163 nondum
383 1141 442 1161 rem
457 1137 541 1160 totam
561 1131 682 1167 expedis.
698 1131 840 1164 Quomodo
855 1133 927 1159 cnim
947 1132 1038 1167 operis
1060 1132 1113 1159 vim
1128 1131 1252 1160 voluntas
1269 1137 1296 1159 et
1312 1141 1402 1160 sermo
1415 1134 1562 1163 habuerint
1577 1136 1588 1162 ?
1603 1136 1660 1164 lloc
1680 1146 1727 1164 c\-

88 1184 247 1221 plicandum
263 1182 355 1210 adhuc
373 1181 422 1209 tibi
438 1184 574 1216 superest.
588 1179 684 1215 Neque
700 1179 773 1207 enim
789 1179 872 1206 homo
890 1179 927 1208 ita
940 1180 1099 1208 fabricatur.

197 1227 259 1258 Πῶς
283 1225 330 1254 οὖν
358 1232 535 1261 γεγεννηται;
559 1225 617 1252 Οὐκ
642 1224 675 1251 ἂν
691 1222 724 1260 ἦν
747 1224 852 1260 μεγάλη
875 1225 892 1260 ἡ

94 1275 237 1309 γέννησις,
255 1274 280 1299 εἰ
302 1273 344 1300 σοὶ
361 1271 598 1306 κατελαμϐάνετο,
623 1271 653 1303 ὃς
676 1271 736 1298 οὐδὲ
750 1271 800 1306 τὴν
826 1271 892 1298 ἰδίαν

94 1321 197 1356 ἐπίστῃ
210 1319 347 1354 γέννησιν,
363 1317 380 1353 ἢ
396 1317 493 1353 μικρόν
503 1326 529 1344 τι
539 1317 640 1352 ταύτης
655 1317 832 1352 κατείληφας,
845 1317 893 1344 καὶ

93 1367 160 1393 ὅσον
177 1364 292 1400 αἰσχύνῃ
310 1364 416 1398 λέγειν·
435 1363 529 1389 ἔπειτα
546 1363 596 1390 οἴει
614 1363 645 1389 τὸ
662 1364 716 1389 πᾶν
732 1362 890 1397 γινώσκειν;

95 1411 190 1439 Πολλὰ
208 1410 240 1438 ἂν
257 1410 357 1445 κάμοις
376 1409 518 1444 πρότερον,
534 1409 550 1444 ἢ
564 1408 654 1444 εὕροις
668 1407 763 1442 λόγους
780 1408 891 1444 συμπή-

96 1458 168 1490 ξεως
177 1478 185 1489 ,
200 1455 377 1492 μορφώσεως,
386 1463 452 1490 φανε
457 1454 576 1490 ρώσεως,
584 1454 671 1489 ψυχῆς
683 1453 751 1489 πρὸς
761 1453 840 1488 σῶμα
848 1453 892 1480 δε-

95 1502 178 1537 σμὸν,
187 1501 233 1528 νοῦ
243 1501 309 1537 πρὸς
318 1500 419 1535 ψυχὴν,
429 1500 508 1534 λόγου
520 1499 589 1535 πρὸς
601 1498 674 1531 νοῦν,
683 1499 799 1534 κίνησιν,
808 1498 893 1534 αΰξη-

95 1557 152 1579 σιν,
164 1547 265 1583 τροφῆς
272 1546 441 1582 ἐξομοίωσιν,
451 1546 587 1581 αἴσθησιν,
597 1545 717 1581 μνήμην,
727 1545 891 1580 ἀνάμνησιν,

90 1593 181 1621 τᾶλλα
197 1593 225 1626 ἐξ
236 1590 274 1619 ὢν
288 1592 466 1627 συνέστηκας’
480 1591 527 1618 καὶ
538 1591 599 1618 τινα
609 1591 657 1626 μὲν
669 1590 716 1617 τοῦ
728 1590 893 1626 συναμφοτέ-

92 1647 157 1676 ρου,
171 1638 270 1673 ψυχῆς1
279 1638 326 1664 καὶ
335 1637 471 1673 σώματος·
480 1637 541 1664 τίνα
548 1637 577 1663 δὲ
586 1637 619 1663 τὰ
630 1637 894 1672 μεμερισμένα,τινα

1066 1227 1205 1261 Quomodo
1218 1235 1295 1263 ergo,
1311 1228 1428 1262 inquies,
1449 1229 1557 1264 genitus
1571 1230 1633 1257 est?
1650 1229 1726 1257 llaud

943 1280 1039 1307 magna
1054 1277 1127 1300 esset
1141 1273 1198 1300 hanc
1215 1273 1373 1308 generatio,
1388 1274 1410 1301 si
1424 1282 1438 1301 a
1455 1279 1481 1301 te
1495 1275 1597 1309 percipi
1618 1281 1729 1309 posset,

942 1319 1039 1353 quippe
1060 1318 1104 1351 qui
1125 1325 1159 1345 ne
1181 1323 1254 1345 tuam
1280 1319 1389 1353 quidem
1412 1320 1497 1351 noris,
1519 1324 1565 1346 aut
1587 1325 1661 1347 certe
1674 1321 1731 1347 exi-

941 1371 1020 1399 guam
1038 1364 1183 1398 quamdam
1200 1369 1303 1399 partem
1321 1365 1465 1400 percepisti
1480 1385 1488 1399 ,
1504 1370 1689 1400 quantumque
1705 1373 1732 1393 te

942 1407 1031 1434 dicere
1048 1408 1156 1442 pudeat.
1177 1408 1211 1435 Et
1227 1414 1320 1443 postea
1339 1416 1399 1436 eam
1419 1409 1498 1443 plene
1522 1409 1570 1437 tibi
1591 1411 1729 1445 cognitam

940 1460 1002 1481 esse
1016 1455 1130 1482 censes?
1143 1454 1257 1488 Magnus
1271 1455 1318 1482 tibi
1333 1455 1409 1482 labor
1423 1456 1499 1490 prius
1510 1456 1664 1484 subeundus
1676 1462 1727 1487 est,

941 1506 1022 1534 quam
1037 1503 1066 1527 ut
1079 1500 1199 1528 rationes
1213 1507 1261 1528 eas
1275 1500 1398 1528 invenias
1409 1520 1416 1534 ,
1432 1500 1531 1535 quibus
1544 1501 1708 1528 constitutus
1720 1521 1728 1533 ,

941 1545 1093 1579 formatus,
1118 1554 1150 1574 ac
1177 1546 1368 1575 manifestatns
1392 1547 1498 1580 fueris,
1522 1547 1621 1582 quibus
1645 1548 1727 1574 etiam

942 1592 1031 1618 anima
1048 1599 1109 1619 cum
1125 1599 1239 1627 corpore
1251 1612 1259 1626 ,
1280 1600 1356 1619 mens
1371 1600 1432 1620 cum
1447 1593 1536 1619 anima
1550 1613 1558 1627 ,
1580 1593 1649 1619 ratio
1666 1600 1728 1620 cum

942 1643 1031 1666 mente
1050 1639 1129 1673 quasi
1152 1638 1264 1665 vinculis
1280 1638 1441 1673 quibusdam
1465 1639 1631 1673 astringatur
1647 1647 1653 1664 :
1674 1643 1729 1664 tum

89 1686 123 1711 δὲ
131 1685 150 1711 ἃ
162 1684 227 1719 παρ’
240 1684 363 1718 ἀλλήλων
370 1682 564 1718 λαμϐάνουσιν.
573 1680 624 1709 ’Ὧν
635 1683 690 1718 γὰρ
702 1682 815 1718 ὕστερον
825 1682 841 1717 ἡ
851 1690 884 1708 τε

942 1683 1074 1718 quomodo
1091 1690 1189 1718 corpus
1205 1689 1357 1717 moveatur,
1372 1688 1399 1711 et
1416 1689 1557 1720 augeatur,
1576 1689 1657 1718 atque
1675 1684 1726 1710 ali-

89 1731 216 1761 λεὶωσις,
227 1729 328 1756 τούτων
339 1729 364 1755 οἱ
374 1728 448 1762 λόγοι
461 1727 529 1763 μετὰ
540 1728 589 1763 τῆς
601 1728 764 1763 γεννήσεως.
779 1727 846 1754 Εἰπὲ
855 1726 896 1753 τί·

91 1785 154 1808 νες⁸
173 1776 218 1802 καὶ
236 1775 303 1811 μηδὲ
321 1775 382 1801 τότε
400 1774 584 1809 φιλοσοφήσῃς
674 1773 741 1800 Θεοῦ
758 1773 893 1808 γέννησιν·

90 1822 128 1847 οὗ
135 1821 191 1855 γὰρ
204 1819 332 1854 ἀσφαλές.
342 1819 374 1845 Ei
387 1818 436 1854 μὲν
443 1817 497 1853 γὰρ
506 1817 554 1853 τὴν
567 1817 615 1853 σὴν
624 1818 779 1852 γινώσκεις,
788 1818 817 1844 οὺ
829 1817 897 1844 πάν-

91 1875 152 1898 τως
169 1866 216 1892 καὶ
232 1867 281 1900 τὴν
297 1865 343 1891 τοῦ
358 1864 425 1891 Θεοῦ
436 1872 442 1877 ·
461 1864 485 1890 εἰ
498 1863 526 1889 δὲ
550 1863 617 1898 μηδὲ
629 1863 679 1899 τὴν
694 1863 757 1899 σὴν,
774 1863 832 1895 πῶς
847 1862 897 1898 τὴν

90 1912 146 1939 τοῦ
162 1911 230 1937 Θεοῦ
243 1920 250 1943 ;
268 1912 342 1946 Ὂσῳ
355 1910 409 1946 γὰρ
426 1909 492 1942 Θεὸς
509 1909 653 1945 ἀνθρώπου
666 1909 898 1945 δυστεκμαρτότε-

95 1967 146 1994 ρος
171 1976 179 1988 ,
256 1956 377 1992 τοσούτῳ
402 1956 449 1983 καὶ
468 1955 518 1990 τῆς
539 1955 588 1990 σῆς
608 1956 762 1990 γεννήσεως
778 1955 898 1990 ἀληπτο-

92 2003 168 2038 τέρα
184 2003 198 2037 ἡ
215 2002 271 2029 ἄνω
285 2002 423 2037 γέννησις.
442 2001 474 2027 Εἰ
488 2000 517 2027 δὲ
529 2001 569 2027 ὃτι
585 2000 622 2036 μή
645 2008 687 2026 σοι
706 1999 896 2034 κατείληπται,

92 2048 145 2075 διὰ
159 2048 240 2074 τοῦτο
253 2048 315 2074 οὐδὲ
329 2046 491 2082 γεγέννηται
518 2066 525 2076 ,
598 2045 657 2082 ὥρα
673 2054 715 2072 σοι
737 2045 823 2072 πολλὰ
839 2045 898 2071 δια-

93 2096 220 2131 γράφειν
234 2094 288 2120 τῶν
305 2093 400 2126 ὕντων,
423 2093 441 2119 ἃ.
464 2093 501 2128 μὴ
521 2092 700 2127 κατείληφας,
728 2092 775 2118 καὶ
798 2091 850 2126 πρό
866 2099 898 2123 γε

94 2142 214 2168 πάντων
304 2141 349 2167 τὸν
363 2140 430 2167 Θεὸν
446 2140 542 2167 αὐτόν’
559 2140 589 2166 οὺ
610 2139 664 2175 γὰρ
755 2139 769 2165 ὃ
780 2138 808 2164 τι
833 2137 898 2164 ποτέ

94 2188 177 2213 ἐστιν
203 2186 288 2212 εἰπεῖν
300 2184 383 2220 ἔχεις,
406 2186 453 2212 καὶ
475 2186 500 2211 εἰ
518 2185 579 2211 λίαν
595 2184 729 2220 τολμηρὸς
753 2181 787 2215 εἶ,
804 2183 850 2209 καὶ
865 2182 899 2208 τὰ

95 2230 221 2265 περιττὰ
244 2229 444 2265 μεγαλόψυχος.
470 2229 615 2256 Κατάεαλέ
639 2237 686 2255 σου
708 2228 758 2260 τὰς
783 2227 897 2264 ῥεύσεις,

943 1733 1063 1756 mentum
1083 1729 1132 1763 ipsi
1147 1728 1332 1756 assimiletur:
1347 1729 1381 1756 ad
1399 1729 1456 1756 haec
1476 1736 1536 1764 qua:
1550 1729 1586 1756 sit
1600 1735 1730 1756 sensuum

942 1776 1013 1804 ratio
1024 1797 1032 1808 ,
1046 1784 1105 1811 qua:
1123 1776 1259 1804 memoriae
1270 1796 1277 1808 ,
1293 1784 1353 1812 qua:
1374 1775 1583 1804 reminiscentim
1594 1796 1602 1808 ,
1624 1784 1731 1803 rerum-

943 1829 995 1857 que
1022 1826 1198 1854 crcterarum,
1241 1829 1274 1848 ex
1305 1822 1402 1856 quibus
1427 1827 1537 1848 constas
1563 1829 1570 1848 :
1601 1828 1634 1848 ac
1662 1829 1731 1855 pra:-

944 1873 1016 1895 terea
1032 1876 1092 1902 quas
1114 1867 1278 1901 conjunctim
1304 1867 1448 1901 utriusque
1469 1866 1554 1901 partis
1576 1867 1649 1900 sint,
1671 1874 1732 1900 qme

943 1914 1028 1941 divisa
1046 1918 1074 1940 et
1090 1917 1231 1948 separata.
1245 1919 1306 1947 qua:
1325 1919 1420 1940 rursus
1435 1920 1449 1939 a
1470 1919 1499 1939 se
1521 1912 1636 1938 invicem
1659 1912 1732 1938 acci-

944 1958 1027 1993 piant.
1043 1958 1109 1992 Quaz
1131 1958 1202 1986 enim
1228 1957 1357 1991 temporis
1373 1964 1516 1992 progressu
1536 1956 1731 1992 perfectionem

945 2014 1021 2034 suam
1050 2009 1264 2040 consequuntur,
1294 2011 1388 2031 eorum
1418 2008 1492 2031 certe
1519 2003 1641 2031 rationes
1668 2003 1733 2037 ipsa:

945 2050 1022 2078 simul
1039 2058 1099 2078 cum
1121 2050 1294 2086 generatione
1311 2048 1485 2076 exstiterunt.
1513 2049 1607 2081 Dicas,
1633 2048 1711 2075 velim
1723 2068 1730 2080 ,

945 2105 1005 2133 qua:
1021 2097 1076 2124 sint
1091 2097 1133 2123 ha:
1153 2096 1291 2128 rationes;
1318 2096 1364 2122 sed
1384 2103 1417 2122 ne
1439 2100 1492 2122 tum
1508 2095 1616 2128 quidem
1635 2094 1668 2121 de
1685 2095 1733 2122 Dei

945 2143 1119 2179 generatione
1135 2147 1283 2177 pertracta.
1300 2140 1356 2168 Nec
1373 2141 1444 2168 enim
1459 2140 1485 2167 id
1506 2140 1626 2175 periculo
1645 2146 1731 2167 vacat.

946 2188 974 2216 Si
988 2188 1059 2216 enim
1074 2192 1146 2214 tuam
1158 2186 1310 2221 cognoscis,
1326 2193 1378 2212 non
1393 2184 1516 2219 protinus
1533 2184 1668 2218 sequitur,
1685 2183 1731 2209 ῐὶυί

946 2241 1053 2270 quoque
1072 2232 1273 2268 generationem
1294 2230 1341 2257 tibi
1359 2229 1493 2265 cognitam
1518 2233 1543 2256 et
1564 2229 1733 2263 exploratam

95 2277 151 2303 καὶ
171 2275 221 2307 τὰς
242 2275 408 2311 διαιρέσεις,
426 2275 538 2306 καὶτὰς
551 2274 647 2310 τομὰς,
666 2273 714 2300 καὶ
731 2273 762 2300 τὸ
777 2273 814 2305 ὡς
836 2272 900 2307 περὶ

97 2322 232 2357 σώματος
259 2321 426 2349 διανοεῖσθαι
454 2323 504 2356 τῆς
528 2320 675 2356 ὰςωμάτου
703 2319 824 2354 φύσεως·
853 2319 900 2345 καὶ

96 2369 176 2402 τάχα
194 2367 226 2394 ἂν
244 2367 318 2398 ἄξιόν
335 2376 362 2394 τι
387 2367 556 2402 διανοηθείης
574 2366 641 2392 Θεοῦ

947 2287 1018 2307 esse.
1043 2277 1071 2306 Si
1089 2282 1178 2304 autem
1205 2281 1250 2303 tua
1276 2275 1323 2303 tibi
1350 2275 1440 2309 ignota
1465 2280 1527 2308 est,
1550 2282 1604 2309 quo
1632 2276 1737 2302 tandem

947 2327 1027 2354 modo
1047 2325 1094 2352 Dei
1119 2323 1258 2358 generatio
1276 2323 1323 2350 tibi
1349 2326 1411 2349 nota
1437 2321 1510 2348 erit?
1537 2320 1643 2355 Quanto
1666 2321 1738 2347 enim

737 2366 899 2400 γεννήσεως·
916 2366 935 2377 υ
948 2372 1082 2400 difficilius
1092 2376 1134 2399 est
1150 2370 1198 2398 Dei
1211 2374 1347 2402 naturam,
1363 2376 1442 2402 quam
1457 2367 1585 2399 hominis,
1601 2367 1737 2402 indagare,

95 2414 167 2444 Πῶς
194 2413 376 2447 γεγέννηται;
405 2412 489 2439 Πάλιν
514 2412 568 2447 γὰρ
594 2412 623 2438 τὺ
657 2411 722 2438 αὐτὸ
750 2410 884 2445 φΟέγξομο

950 2423 1024 2445 tanto
1040 2423 1147 2452 quoque
1172 2415 1307 2443 difﬁcilius
1322 2414 1423 2449 percipi
1448 2419 1536 2448 potest
1552 2420 1670 2447 superna
1694 2414 1738 2440 illa

95 2459 306 2494 δυσχεραίνων·
327 2458 396 2484 Θεοῦ
416 2458 543 2494 γέννησις
566 2458 655 2492 σιωπῇ
673 2456 808 2492 τιμάσθω.
822 2455 882 2487 Μὲγ

952 2468 979 2490 ct
997 2463 1085 2490 divina
1100 2461 1249 2497 generatio,
1270 2468 1350 2496 quam
1367 2465 1422 2487 tua.
1441 2459 1518 2493 Quod
1535 2459 1577 2492 si,
1597 2459 1659 2493 quia
1675 2466 1735 2486 eam

95 2514 145 2532 σοι
159 2505 191 2531 τὸ
207 2505 312 2540 μαθεῖν.
327 2505 368 2531 ὅτι
381 2504 552 2539 γεγέννηται.
569 2504 605 2530 Τὺ
618 2504 646 2530 δὲ
663 2503 731 2535 πῶς,
744 2502 803 2529 οὐδὲ
817 2501 884 2536 ἀγγὲ

951 2509 1102 2544 cognitione
1117 2508 1222 2542 assequi
1246 2507 1353 2542 nequis,
1371 2506 1472 2534 idcirco
1489 2513 1523 2532 ne
1539 2505 1658 2540 genitum
1675 2505 1737 2539 qui-

96 2552 174 2582 λοις,
205 2550 243 2585 μὴ
267 2550 309 2576 ὅτι
330 2558 362 2584 γε
394 2550 436 2576 σοὶ
467 2550 568 2577 ὲννοείν
673 2548 884 2583 συγχωρήσωμει

950 2554 1011 2581 dent
1028 2561 1089 2581 esse
1102 2553 1255 2585 contendis,
1273 2558 1376 2587 leinpus
1389 2552 1443 2585 jam
1458 2551 1504 2578 tibi
1525 2551 1616 2584 fuerit,
1633 2551 1714 2576 multa
1729 2570 1736 2582 ,

94 2596 201 2623 Βούλει
231 2596 400 2631 παραστήσω
417 2595 448 2622 τὺ
472 2595 546 2627 πῶς;
575 2594 619 2626 Ὠς
638 2592 708 2620 οἶδεν
733 2593 747 2619 6
768 2594 884 2628 γεννήσα

950 2608 1009 2635 qua:
1024 2605 1051 2626 tu
1067 2599 1177 2626 minime
1190 2597 1344 2633 percepisti,
1364 2601 1445 2631 atque
1465 2599 1528 2622 ante
1541 2595 1633 2622 omnia
1652 2595 1735 2621 Deum

99 2641 216 2676 Πατὴρ,
244 2641 292 2667 καὶ
313 2641 327 2667 6
346 2640 487 2676 γεννηθεὶς
507 2639 588 2671 Υἱός·
611 2639 641 2665 τὸ
665 2639 693 2665 δὲ
717 2639 788 2674 ὑπὲρ
804 2637 884 2664 ταῦτα

951 2653 1058 2681 quoque
1075 2646 1173 2680 ipsum,
1198 2652 1213 2671 e
1233 2651 1323 2670 rerum
1344 2647 1440 2669 natura
1466 2640 1555 2668 delere
1573 2645 1654 2674 atque
1671 2638 1739 2666 obli-

99 2687 187 2722 νέφει
204 2687 366 2722 κρύπτεται,
381 2687 430 2722 τὴν
449 2686 498 2722 σὴν
514 2686 658 2720 διαφεῦγον
676 2683 866 2720 ἁμϐλυωπίαν.

953 2697 1052 2720 terarc.
1077 2691 1169 2725 Neque
1188 2689 1279 2721 enim,
1303 2688 1367 2723 quid
1388 2687 1496 2715 tandem
1523 2687 1574 2717 sit,
1600 2684 1739 2719 explicare

98 2740 197 2771 potes,
213 2733 361 2769 quamlibet
376 2732 464 2760 audax
482 2732 531 2764 sis,
548 2730 670 2765 atque-in
688 2728 898 2764 supervacaneis
918 2729 997 2757 rebus
1021 2734 1148 2757 strenuus
1170 2734 1197 2756 et
1230 2729 1427 2762 magnanimus.
1457 2727 1528 2754 Tuas
1552 2727 1612 2754 illas
1645 2725 1742 2752 fluxio-

99 2791 167 2813 nes,
186 2786 214 2808 et
230 2780 392 2811 divisiones,
409 2783 438 2806 et
460 2777 592 2805 seelioues
609 2777 683 2811 prius
700 2775 794 2809 abjicc,
811 2784 843 2803 ac
860 2775 893 2802 de
910 2775 1070 2810 incorporea
1085 2775 1128 2802 illa
1144 2780 1253 2807 natura,
1267 2775 1344 2809 quasi
1377 2774 1409 2800 de
1424 2780 1565 2807 corporea,
1598 2771 1742 2806 disputare

97 2830 219 2860 desine;
239 2832 321 2862 atque
338 2827 374 2854 ita
392 2825 507 2853 fortasse
523 2825 631 2860 dignum
659 2823 757 2858 aliquid
776 2823 949 2857 generatione
971 2823 1063 2850 divina
1100 2823 1243 2857 concipere
1276 2822 1367 2848 animo
1390 2828 1483 2855 queas.
1518 2819 1659 2852 Quomodo
1693 2826 1739 2854 ge-

99 2878 185 2907 nitus
205 2875 265 2904 cst?
289 2875 362 2902 ldcm
393 2873 464 2901 enim
483 2871 699 2907 indignabundus
732 2876 833 2906 repeto.
957 2871 1004 2898 Dei
1029 2871 1167 2907 generatio
1195 2869 1294 2897 silentii
1319 2869 1422 2896 bonorc
1448 2867 1600 2895 decoretur.
1629 2866 1742 2895 Abunde
