1902 3078
177 108 228 140 563
795 107 955 139 ΕΗἸῊΥΜ

1023 105 1190 137 ZiGABENI
1755 102 1804 132 564

179 175 307 201 tuagnum
326 168 374 195 tibi
387 173 428 195 est
445 168 528 199 scire,
543 175 603 195 eum
618 166 740 201 genitum
757 174 830 194 esse.
846 166 905 199 Quo
920 171 1012 192 autem
1033 165 1114 193 modo
1128 165 1236 199 genitus
1253 164 1299 196 sit,
1322 170 1356 191 ne
1369 163 1436 198 ipsis
1447 162 1556 197 quidem
1571 161 1686 196 angelis,
1705 162 1804 189 nedum

179 215 224 242 libi
242 215 392 250 intelligere
406 214 598 242 concesserim.
622 214 668 240 Vis
688 213 821 242 declarent
842 213 1001 248 quomodo?
1019 212 1054 241 Ut
1072 214 1124 241 scit
1139 213 1229 245 Pater,
1239 212 1284 248 qui
1305 212 1408 247 genuit,
1425 216 1453 239 et
1468 211 1552 238 Filius
1569 211 1614 246 qui
1630 211 1741 245 genitus
1751 215 1802 238 est.

177 262 254 295 Quod
272 270 354 296 supra
372 262 429 289 Ιιωο
445 265 496 294 est,
509 262 579 288 nube
600 261 747 296 obtegitur,
765 261 903 295 animique
920 261 956 288 tui
974 261 1168 287 bebetudinem
1200 260 1281 295 fugit.

215 310 267 336 Sed
286 309 405 344 argutari
421 313 548 344 pergunt.
568 308 762 339 Exsistentem.
782 309 824 337 vel
842 317 895 336 nou
919 316 966 335 ex-
985 310 1006 334 A

179 356 319 384 sistentem
337 355 430 390 genuit
446 354 537 382 Pater.
552 355 575 382 0
589 357 679 383 iutiles
693 357 796 391 nugas!
812 355 875 382 Ha-c
895 355 967 382 enim

181 401 246 427 mihi
269 408 301 428 ac
323 400 369 427 tibi
385 400 561 431 conveniunt,
587 401 633 435 qui
663 401 760 434 partim
793 408 912 433 eramus,
941 405 969 427 ut

179 446 245 474 Levi
275 447 329 481 ille,
347 447 372 474 in
394 447 494 474 lumbis
525 446 677 479 Α1›τθιι;ε¹,
704 447 802 481 partim
831 448 969 481 procreati

180 498 292 522 sumus;
311 497 344 517 ac
366 490 480 525 proinde
495 490 593 524 partim
616 498 647 516 ex
671 489 790 518 eutibus.
812 490 909 524 partim
932 497 965 516 ex

178 543 230 561 non
248 535 357 562 cutibus
377 543 468 561 sumus
484 543 491 561 :
507 540 602 561 contra
619 542 698 568 quam
715 534 740 560 iu
757 534 904 568 primigena
922 534 965 560 illa

179 581 291 607 materia
308 580 416 611 accidit,
430 588 490 614 qum
507 579 580 606 haud
594 580 676 607 dubie
697 588 730 607 ex
757 587 809 607 non
822 584 885 607 ente
902 587 966 614 pro-

177 630 267 653 creata
294 631 353 658 est,
377 631 514 660 utcunque
530 633 589 653 eam
614 625 732 653 nonnulli
754 631 883 653 aeternam
905 632 965 652 esse

176 671 339 707 conﬁngant.
352 673 386 699 At
402 672 445 699 hic
461 673 597 706 generatio
613 679 673 699 cum
690 671 808 699 essentia
825 671 882 706 ipsa
897 678 964 698 eou-

176 717 271 749 t‘nrrit,
285 721 367 752 atque
383 726 397 744 a
416 718 550 752 principio
565 718 680 745 exstitit.
701 716 751 743 Ubi
777 724 843 751 ergo
863 724 964 750 anceps

176 762 242 788 illud
261 766 347 793 tuum,
374 767 454 797 atque
480 762 606 796 utrinque
631 769 750 796 praiceps
774 766 963 796 argumentum

176 806 278 840 pones?
294 805 365 839 Quid
382 807 454 833 enint
471 813 515 837 eo,
531 807 602 840 quod
619 814 632 832 a
656 805 788 840 principio
808 810 876 837 erat,
893 805 963 832 anti-

175 852 255 885 quius
276 859 337 879 csse
357 857 455 885 potest,
482 857 511 878 ut
531 851 585 879 illie
604 856 710 886 tempus
727 851 902 881 collocemus.
922 851 962 878 vel

175 904 229 930 quo
250 901 307 924 crat
335 897 429 929 Filius,
449 898 492 924 vel
508 905 560 932 quo
583 905 634 925 non
650 896 726 924 erat?
750 896 869 931 Utroque
890 896 962 924 enim

174 942 255 969 modo
274 943 356 974 illud,
378 951 394 969 a
420 935 559 978 principio,
579 943 740 971 dissolvetur
754 948 782 970 et
805 948 962 975 evertetur,
979 959 998 986 Β

174 988 227 1015 nisi
242 987 313 1015 terte
325 989 371 1015 tibi
384 996 490 1023 quoque
501 989 591 1021 Pater,
605 988 847 1024 percunctantibus
868 995 963 1016 rursus

174 1034 262 1066 nobis,
284 1042 317 1061 ex
341 1035 497 1066 entibusne,
520 1042 555 1061 an
574 1043 606 1062 ex
634 1043 688 1062 non
708 1035 816 1062 entibus
843 1034 894 1067 sit,
921 1034 962 1061 bis

173 1087 233 1106 esse
251 1079 428 1113 periclitetur,
445 1080 513 1106 alter
530 1080 657 1107 nimirum
678 1081 878 1115 praaexsistens,
895 1079 963 1107 alter

173 1125 326 1160 assistens;
343 1130 391 1152 aut
405 1131 480 1152 certe
502 1131 612 1160 propter
630 1126 748 1153 ludicras
765 1132 826 1154 tuas
847 1126 963 1153 interro-

171 1172 305 1206 gationes,
322 1176 403 1206 atque
418 1179 451 1199 ex
477 1179 559 1200 arena
577 1176 749 1200 constructas
772 1172 877 1206 domos,
901 1180 961 1206 quae

171 1223 206 1244 ne
228 1217 332 1244 levibus
351 1217 458 1251 quidem
475 1218 562 1244 ventis
588 1218 716 1245 resistere
742 1223 865 1252 possunt,
891 1219 959 1245 idem

170 1262 205 1295 ei,
225 1263 297 1297 quod
319 1262 397 1295 Filio,
417 1263 541 1296 accidat,
559 1264 609 1291 hoc
633 1268 690 1295 est,
707 1271 740 1290 ex
758 1271 812 1290 non
835 1267 897 1291 entc
914 1264 958 1290 sit.

169 1308 226 1343 Ego
246 1308 356 1343 quidem
377 1313 501 1336 neutrum
517 1309 613 1336 horum
627 1309 754 1341 admitto,
768 1310 957 1344 quaestionem-

168 1361 222 1389 que
246 1354 316 1381 hanc
343 1359 416 1381 tuam
442 1354 616 1381 absurditatis
642 1354 773 1386 multum.
795 1354 960 1381 dillicultatis

168 1401 237 1428 nihil
254 1400 353 1428 habere
367 1400 421 1428 aio.
436 1400 512 1433 Quod
527 1400 550 1427 si
573 1405 600 1427 tu
618 1401 696 1435 juxta
718 1406 779 1428 tuas
804 1401 959 1428 dialecticas

168 1447 316 1474 sententias
337 1447 363 1473 in
385 1446 460 1473 omni
484 1452 646 1482 argumento
668 1448 826 1474 alterutram
854 1447 956 1482 disiun-

168 1492 288 1519 etionum
310 1499 400 1519 veram
432 1499 494 1520 esse
516 1497 643 1527 oportere
665 1492 820 1524 existimas,
848 1501 957 1527 parvam

168 1538 310 1571 quamdam
327 1537 613 1573 interrogatiunculam
630 1546 645 1564 a
662 1545 704 1565 me
721 1538 824 1572 accipe.
839 1537 958 1573 Tempus

168 1587 248 1610 estne
271 1583 298 1609 in
317 1588 446 1617 tempore,
463 1584 570 1611 annon?
594 1584 621 1611 Si
640 1584 666 1610 in
687 1588 815 1617 tempore,
832 1591 885 1618 quo
900 1589 958 1610 tan-

166 1627 246 1654 dem?
262 1628 385 1663 Quidque
410 1636 492 1662 supra
513 1629 565 1656 hoc
581 1628 749 1656 exsisteute?
765 1629 803 1656 Ac
821 1629 956 1663 quomodo

166 1673 220 1700 hoc
242 1672 418 1700 continente?
441 1673 469 1700 Si
500 1678 589 1700 autem
616 1681 667 1700 non
694 1673 720 1699 in
741 1677 871 1706 tempore,
897 1680 956 1707 quae

165 1718 338 1757 bme\exintia
354 1718 499 1752 sapientia,
517 1723 622 1752 tempus
647 1719 775 1753 temporis
795 1725 892 1753 expers
913 1719 954 1745 in-

165 1764 286 1791 ducere?
308 1766 373 1799 Age,
392 1765 471 1800 hujus
497 1764 641 1796 sermonis,
662 1763 739 1791 Nunc
755 1772 801 1798 ego
830 1765 953 1796 mentior,

165 1810 198 1837 da
215 1811 340 1842 alterum.
361 1816 407 1838 aut
422 1811 552 1837 duntaxat
569 1818 660 1837 verum
677 1818 749 1841 esse,
763 1816 810 1836 aut
831 1809 927 1837 falsum
941 1819 950 1838 :

163 1864 217 1884 nou
241 1860 312 1884 enim
337 1861 481 1890 utrumque
506 1856 641 1882 dabimus.
664 1856 743 1890 Atqui
770 1856 844 1883 nullo
874 1857 953 1883 modo

164 1901 216 1930 hoc
239 1901 297 1929 ﬁeri
314 1905 410 1935 potest.
434 1900 481 1927 Vel
500 1900 569 1927 enim
588 1901 722 1928 mentiens
749 1907 840 1927 verum
864 1900 950 1933 dicet,

164 1948 206 1974 vel
229 1946 374 1974 mentietur
397 1953 490 1973 verum
521 1946 624 1972 dicens.
650 1946 687 1972 ita
710 1953 819 1980 prorsus
844 1953 953 1973 necesse

164 1998 219 2020 est.
229 1992 297 2025 Quid
313 1992 396 2026 igitur
409 1991 519 2023 mirum,
537 1991 559 2017 si
577 1990 801 2025 quemadmodum
824 1991 868 2018 hic
888 1998 953 2018 con-

166 2038 252 2065 traria
269 2041 447 2068 concurrunt,
473 2036 509 2063 ita
532 2037 613 2064 etiam
640 2036 695 2063 illic
721 2041 834 2070 utraque
856 2044 918 2071 pars
936 2044 951 2063 a

166 2091 229 2110 vero
250 2083 368 2115 aberret,
384 2087 463 2117 atque
488 2082 525 2109 ita
549 2083 647 2109 scitum
674 2081 737 2108 illud
763 2086 790 2109 et
814 2082 950 2109 eruditum

165 2132 241 2154 tuum
270 2131 457 2161 argumentum
481 2126 593 2154 stultum
620 2130 700 2161 atque
726 2127 846 2161 ineptum
865 2134 948 2161 appa-

164 2170 241 2199 reat?
254 2171 294 2197 Ac
316 2170 394 2197 velim
429 2171 494 2197 mihi
522 2171 572 2198 hoc
596 2171 678 2197 etiam
703 2171 815 2205 aenigma
840 2173 947 2199 solvas:

162 2216 303 2244 Aderasne
323 2215 370 2242 tibi
393 2223 453 2242 cum
472 2215 639 2250 gignereris?
659 2215 764 2242 Adesne
779 2217 861 2243 etiam
878 2223 949 2243 nunc

1058 308 1144 336 Ὄντα
1166 306 1217 335 οὖν
1234 308 1411 342 γεγέννηκεν,
1431 307 1447 342 ἢ
1471 307 1521 332 οὐκ
1543 306 1617 333 ὄντα.
1639 306 1701 332 Τῶν
1722 306 1804 341 ληρη-

1022 356 1132 388 μάτωνῐ
1152 355 1220 388 Περὶ
1235 355 1284 389 ἐμὲ
1299 355 1346 380 καὶ
1363 354 1392 380 σὲ
1406 353 1507 385 ταῦτα,
1521 353 1547 380 οἳ
1561 353 1591 379 τὸ
1609 353 1661 387 μέν
1681 362 1708 379 τι
1724 350 1804 388 ἦμεν,

1021 401 1116 435 ὥσπερ
1128 401 1156 426 ἑν
1170 402 1202 435 τῇ
1215 400 1297 434 ὀσφύῖ
1308 400 1354 426 τοῦ
1371 400 1510 433 Ἀὃραέιμ,
1523 399 1537 425 ὁ
1548 399 1615 425 Λευϊ
1626 406 1633 413 ⁸
1646 399 1677 425 τὸ
1688 399 1717 425 δὲ
1730 400 1807 433 γεγό-

1022 455 1119 481 ναμεν.
1130 447 1212 473 Ὥστε
1223 445 1253 478 ἐξ
1263 446 1359 477 όντων,
1372 445 1472 480 τρόπον
1483 444 1543 471 τινὰ
1558 444 1588 471 τὺ
1599 444 1746 480 ἡμέτερον,
1760 446 1806 472 καὶ

1017 486 1067 510 οὑκ
1085 484 1168 511 ὄντων
1179 493 1185 498 '
1203 486 1331 516 ἐναντίως
1348 486 1412 520 περὶ
1430 485 1478 520 τὴν
1493 487 1639 522 ἀρχέγονον
1655 487 1722 522 ὓλην
1741 489 1806 514 ὑπο-

1018 531 1119 556 στᾶσαν
1135 530 1227 564 σαφῶς
1248 530 1277 564 ἐξ
1289 531 1338 558 οὐκ
1350 531 1444 562 ὄντων,
1461 531 1511 558 κᾶν
1529 541 1600 564 τινες
1691 534 1804 569 ἀγέννη-

1017 582 1062 600 τον
1151 575 1367 603 ἀναπλάττωσιν.
1401 576 1533 603 Ἐνταῦθα
1553 577 1582 603 δὲ
1602 578 1752 614 σύνδρομον
1767 579 1804 615 τῷ

1017 618 1128 647 εἶναιτὸ
1144 621 1322 657 γεγεννῆσθαι
1337 641 1346 654 ,
1418 623 1465 649 καὶ
1480 623 1528 649 ἀπ’
1543 624 1640 658 ἀρχῆς.
1656 625 1739 651 ’Ὥστε
1754 627 1803 654 ποῦ

1017 665 1110 701 θήσεις
1197 667 1227 693 τὸ
1243 667 1435 703 ἀμφίκρημνον
1447 668 1526 695 τοῦτο
1539 669 1686 705 ἐρώτημας
1705 671 1738 697 Τί
1753 672 1805 708 γὰρ

1017 712 1061 739 τοῦ
1075 713 1122 739 ἀπ’
1138 713 1224 748 ἀρχῆς
1237 713 1430 749 πρεσϐύτερον,
1455 714 1488 741 ἵν’
1503 715 1561 741 ἐκεῖ
1576 715 1667 750 θῶμεν
1688 716 1719 743 τὸ
1738 715 1805 744 εἷναί

1017 767 1081 784 ποτε
1095 758 1142 785 τοῦ
1157 757 1232 791 Υῑοῦ,
1251 759 1267 794 ἢ
1282 759 1312 785 τὸ
1335 759 1372 795 μὴ
1389 757 1478 794 srvat;
1501 761 1674 798 Ἀμφοτὲρως
1695 762 1752 798 γὰρ
1767 763 1804 795 τὸ,

1015 802 1066 829 ἀπ’
1080 802 1185 837 ἀρχῆς,
1202 803 1348 838 λυθήσεται
1358 813 1365 819 ·
1378 806 1403 831 εἰ
1417 806 1454 840 μή
1472 814 1512 832 σοι
1522 806 1569 832 καὶ
1579 808 1593 833 ὁ
1608 807 1715 843 Πατὴρ.
1727 809 1805 835 πάλιν

1015 848 1178 883 ἐρωτώντων
1191 849 1283 885 ἡμῶν,
1298 850 1328 882 ἐξ
1345 850 1440 882 ὄντων,
1457 851 1473 887 ἢ
1488 851 1518 883 ἐξ
1532 853 1582 878 οὐκ
1597 852 1693 885 ὄντων,
1716 854 1805 880 κινδυ-

1014 894 1161 930 νεύσειενῆ
1176 895 1216 927 δὶς
1232 894 1313 928 εἶναι,
1330 896 1344 922 ὃ
1360 896 1410 932 μὲν
1421 896 1523 932 προὼν,
1539 897 1553 924 ὃ
1569 898 1597 924 δὲ
1612 897 1659 928 ὣν,
1677 899 1694 934 ἦ
1709 899 1805 926 ταυτὸν

1014 939 1053 975 τῷ
1072 940 1130 976 Υῐῷ
1150 941 1257 974 παθεῖν,
1273 942 1302 975 ἐξ
1320 943 1370 969 οὐκ
1387 943 1471 969 ὀντων
1488 941 1567 975 εἶναι,
1583 943 1629 970 διὰ
1645 944 1679 970 τὰ
1697 945 1732 971 σὰ
1753 946 1806 972 τῶν

1015 985 1200 1022 ἐρωτημάτων
1215 988 1337 1021 παίγνια,
1352 989 1399 1015 καὶ
1414 989 1464 1020 τὰς
1477 989 1509 1015 ὲκ
1523 989 1646 1025 ψάμμων
1729 993 1806 1018 οἰκο-

1013 1031 1108 1067 δομὰς,
1124 1033 1152 1059 αἶ
1173 1033 1239 1068 μηδὲ
1255 1033 1353 1069 αὔραις
1373 1034 1504 1062 ἵστανται.
1524 1034 1595 1069 Ἐγὼ
1611 1036 1660 1070 μὲν
1683 1035 1731 1063 οὖν
1748 1037 1805 1064 οὑδ-

1015 1077 1107 1114 ἐτερον
1126 1079 1228 1106 τούτων
1244 1079 1367 1115 δέχομαι,
1389 1081 1436 1106 καὶ
1450 1080 1498 1115 τὴν
1525 1081 1658 1116 ὲρώτησίν
1686 1091 1760 1118 φημι
1777 1083 1806 1110 τὸ

1012 1123 1113 1151 ἄτοπον
1129 1124 1212 1160 ἔχειν,
1234 1125 1294 1160 οὐχὶ
1314 1126 1343 1152 τὸ
1358 1126 1459 1161 ἄπορον
1473 1127 1521 1161 τὴν
1536 1127 1700 1162 ἀπάντησιν.
1724 1129 1756 1155 Εἰ
1778 1129 1805 1155 δὲ

1015 1170 1057 1196 σοὶ
1144 1171 1268 1206 φαίνεται
1297 1172 1444 1206 ἀναγκαῖον
1474 1169 1544 1199 εἶναι
1571 1173 1602 1200 τὸ
1620 1174 1714 1210 ἕτερον
1738 1175 1805 1210 ἁλη-

1013 1215 1102 1244 θεύειν
1114 1217 1159 1243 ἐπὶ
1169 1218 1279 1250 παντὸς,
1299 1219 1368 1244 κατὰ
1383 1218 1432 1251 τὰς
1450 1219 1498 1251 σὰς
1513 1219 1687 1252 διαλεκτικὰς
1706 1221 1806 1256 ὑπολή-

1012 1262 1084 1297 ψεις,
1105 1263 1179 1296 δέξαι
1205 1263 1255 1299 μού
1275 1273 1301 1290 τι
1324 1264 1422 1301 μικρὸν
1436 1265 1585 1301 ὲρώτημαυ
1613 1266 1642 1292 '0
1663 1267 1760 1301 χρόνος
1777 1267 1805 1293 ἐν

1012 1308 1112 1345 χρόνῳ,
1133 1310 1149 1345 ἢ
1164 1310 1214 1337 οὐκ
1236 1310 1264 1337 ὲν
1281 1311 1386 1347 χρόνῳ;
1400 1312 1432 1338 Ei
1457 1312 1505 1346 μὲν
1521 1309 1566 1338 οὖν
1585 1313 1614 1338 ἐν
1639 1313 1737 1348 χρόνῳ,
1753 1313 1806 1339 τίνι

1013 1356 1113 1391 today;
1131 1356 1178 1382 καὶ
1187 1356 1214 1383 τε
1223 1357 1298 1392 παρὰ
1309 1356 1402 1383 τοῦτον
1414 1356 1486 1390 ὅντι;
1503 1357 1550 1384 καὶ
1561 1357 1620 1389 πῶς
1633 1358 1804 1394 περιέχον-τη

1013 1400 1044 1426 Εἰ
1059 1400 1086 1426 δὲ
1104 1401 1153 1426 οὐκ
1163 1401 1191 1426 ὲν
1207 1401 1305 1436 χρόνῳ,
1315 1402 1357 1433 τίς
1370 1402 1386 1437 ὴ
1400 1402 1512 1436 περιττὴ
1529 1403 1618 1436 σοφία,
1635 1403 1731 1438 χρόνον
1748 1405 1805 1430 εἰσ-

1012 1446 1089 1479 άγειν
1108 1446 1235 1482 ἄχρονονς
1253 1446 1305 1473 Τοῦ
1328 1446 1366 1479 δὲ,
1383 1447 1449 1474 Νῦν
1466 1447 1523 1483 ἐγὼ
1542 1448 1700 1483 ψεύδομαι,
1715 1449 1761 1481 δὸς
1775 1450 1804 1476 τὴ

1011 1489 1116 1526 ἕτερον,
1138 1492 1154 1527 ῆ
1179 1491 1358 1528 ἀληθεύεσθαι
1447 1493 1536 1528 μόνον,
1558 1494 1575 1529 ἤ
1597 1494 1760 1529 ψεύδεσθαι·
1775 1496 1805 1522 οὐ

1012 1536 1066 1572 γὰρ
1081 1537 1222 1573 ἀμφότερα
1237 1537 1368 1572 δώσομεν.
1390 1538 1459 1565 Ἀλλ’
1472 1539 1521 1565 οὐκ
1534 1539 1680 1574 ἐνδέχεται.
1700 1540 1736 1566 Ἦ
1750 1540 1805 1576 γὰρ

1012 1579 1175 1615 ψευδόμενος
1196 1581 1350 1616 ἀληθεύσει,
1373 1582 1388 1618 ἢ
1408 1583 1546 1618 ἀληθεύων
1567 1582 1713 1618 ψεύσεται·
1729 1586 1806 1611 πᾶσι

1012 1626 1128 1661 ἀνάγκη.
1147 1627 1179 1653 Τί
1201 1625 1247 1654 οὖν
1262 1627 1427 1663 θαυμαστὸν,
1446 1628 1539 1665 ὥσπερ
1554 1628 1671 1655 ἐνταῦθα
1685 1630 1805 1665 συμϐαί-

1012 1680 1051 1699 νει
1069 1672 1102 1698 τὰ
1121 1673 1239 1705 ἐναντία,
1257 1673 1343 1705 οὕτως
1365 1674 1454 1700 ἐκεῖσε
1480 1674 1622 1710 ἀμφότερα
1646 1673 1805 1708 ψεύδεσθαι,

1013 1718 1060 1744 καὶ
1073 1718 1144 1745 οὕτω
1161 1728 1201 1746 σοι
1224 1721 1256 1746 τὸ
1281 1719 1362 1754 σοφὸν
1377 1720 1480 1755 ἠλίθιον
1501 1721 1726 1756 ἁναφανήσεται;
1756 1722 1807 1748 Ἐν

1013 1763 1053 1790 ἔτι
1067 1773 1111 1799 μοι
1121 1764 1200 1791 λύσον
1214 1765 1267 1792 τῶν
1278 1766 1461 1801 αἰνιγμάτων·
1476 1765 1585 1800 Σεαυτῷ
1598 1766 1627 1792 δὲ
1641 1767 1806 1802 γεννωμένῳ

1013 1810 1118 1846 παρῆςς
1134 1811 1216 1846 πάρει
1232 1811 1260 1837 δὲ
1275 1811 1340 1844 νῦν;
1358 1811 1374 1847 ἢ
1389 1811 1543 1847 οὐδέτερον;
1562 1811 1594 1838 Εἰ
1615 1811 1665 1846 μὲν
1684 1811 1740 1847 γὰρ
1757 1813 1806 1839 καὶ

1013 1855 1114 1891 παρῆς,
1136 1856 1184 1883 καὶ
1199 1857 1291 1893 πάρει,
1309 1857 1346 1888 ὠς
1361 1857 1413 1890 τις,
1432 1857 1480 1883 καὶ
1498 1857 1567 1889 τινι;
1580 1858 1628 1884 καὶ
1649 1857 1706 1888 πῶς
1726 1859 1742 1884 ὁ
1765 1856 1806 1888 εἷς

1012 1903 1096 1937 ἄμφω
1116 1902 1261 1936 γεγόνατε;
1282 1903 1314 1930 Et
1342 1903 1371 1929 δὲ
1397 1902 1544 1938 μηδέτερον
1566 1902 1619 1929 τῶν
1638 1903 1807 1938 εἰρημένων,

1012 1947 1070 1978 πῶς
1089 1947 1201 1975 σεαυτοῦ
1298 1948 1414 1984 χωρίζῃς
1430 1948 1476 1974 καὶ
1492 1948 1534 1979 τίς
1554 1948 1570 1982 ἡ
1587 1948 1661 1974 αἰτία
1684 1947 1736 1982 τῆς
1748 1948 1809 1974 δια-

1012 1994 1127 2027 ζεύξεως
1149 2005 1156 2028 ;
1235 1993 1304 2020 Ἀλλ’
1317 1994 1476 2020 ἀπαίδευτον
1488 1993 1519 2020 τὸ
1600 1994 1664 2029 περὶ
1676 1992 1722 2020 τοῦ
1734 1993 1808 2026 ἐνὸς,

1011 2039 1035 2065 εὶ
1057 2038 1145 2073 ἑαυτῷ
1166 2038 1308 2074 πάρεστιν,
1325 2039 1340 2065 ἢ
1367 2039 1414 2074 μὴ,
1436 2039 1684 2074 πολυπραγμονεῖν.
1707 2038 1808 2065 Ταῦτα

1011 2084 1064 2119 γὰρ
1080 2084 1122 2110 ἐπ’
1135 2083 1232 2117 ἄλλων,
1244 2085 1292 2119 οὺχ
1303 2083 1399 2110 ἑαυτοῦ
1415 2084 1533 2119 λέγεται.
1552 2084 1804 2119 Ἀπαιδευτότερον,

1011 2126 1040 2155 εὖ
1055 2129 1118 2161 ἴσθι,
1134 2129 1164 2155 τὸ
1182 2130 1229 2155 ἀπ’
1248 2129 1336 2165 ἀρχῆς
1352 2129 1549 2164 γεγεννημένον
1570 2145 1578 2157 ι
1652 2129 1676 2155 εἰ
1694 2126 1728 2163 ἦν
1751 2128 1806 2164 πρὸ

1011 2175 1059 2209 τῆς
1077 2175 1240 2211 γεννήσεως,
1261 2175 1278 2210 ἢ
1300 2175 1350 2201 οὐκ
1363 2173 1407 2210 ἦν,
1427 2174 1623 2203 διευθύνεσθαι.
1641 2172 1723 2206 Οὗτος
1748 2175 1805 2211 γὰρ

1011 2221 1076 2254 περὶ
1089 2220 1143 2247 τῶν
1158 2220 1246 2255 χρόνῳ
1259 2220 1401 2256 διαιρετῶν
1417 2221 1431 2246 ὁ
1445 2220 1532 2254 λόγος.

165 2267 237 2293 tibi?
256 2265 296 2292 Au
318 2269 442 2291 neutrum
461 2264 557 2290 horum
571 2262 583 2289 ?
599 2261 626 2289 Si
642 2261 714 2288 enim
732 2261 842 2293 aderas,
859 2265 887 2287 et
903 2261 978 2292 ades,
1018 2261 1143 2295 quisnam
1165 2261 1282 2291 tandem.
1312 2264 1339 2286 et
1362 2259 1423 2287 cui?
1441 2260 1473 2286 Et
1491 2259 1624 2292 quomodo
1649 2265 1716 2285 unus
1749 2259 1807 2286 duo

164 2314 277 2342 allectus
291 2315 339 2342 es?
355 2315 384 2342 Si
399 2317 488 2341 autent
503 2316 627 2339 neutrum
644 2310 740 2337 horutn
759 2315 818 2344 quae
836 2308 963 2340 diximus,
998 2307 1133 2343 quomodo
1149 2314 1164 2334 a
1188 2307 1274 2342 teipso
1290 2306 1472 2342 disjungeris?
1491 2306 1525 2334 Et
1536 2314 1595 2341 qua:
1608 2307 1805 2342 disjunctiOnis

166 2361 282 2396 huiusce
295 2361 397 2389 causa?
415 2359 467 2387 Sed
494 2358 613 2392 ineptum
637 2361 689 2390 est,
721 2356 840 2390 inquies,
868 2362 929 2382 Clllll
955 2353 989 2381 de
1030 2361 1086 2381 uno
1121 2352 1295 2386 disputatur,
1322 2353 1427 2380 adsitne
1459 2352 1520 2385 sibi,
1543 2360 1638 2384 necne,
1667 2353 1806 2380 curiosius

166 2409 314 2444 inquirere.
333 2408 395 2435 llaec
411 2407 482 2435 enim
497 2407 530 2434 de
546 2406 616 2436 aliis,
644 2403 745 2432 nonde
763 2402 850 2436 seipso
876 2401 1012 2428 dicuntur.
1047 2400 1178 2434 ineptius,
1197 2407 1223 2426 m
1237 2400 1262 2425 hi
1279 2400 1370 2430 cretlu,
1385 2404 1434 2429 est,
1453 2399 1489 2430 id.
1519 2400 1591 2434 quod
1617 2407 1633 2426 a
1667 2400 1805 2434 principio

165 2462 235 2486 erat.
253 2462 342 2484 utrum
359 2460 420 2482 ante
431 2454 636 2489 generationem
657 2455 834 2482 eral,necnc,
867 2448 896 2475 in
926 2448 1102 2483 quaestionem
1140 2455 1245 2472 vocare.
1279 2445 1340 2472 Hinc
1365 2446 1442 2472 enim
1470 2447 1614 2480 disputatio
1640 2445 1671 2472 iis
1693 2445 1806 2472 demu-

165 2504 300 2534 convenit,
315 2509 374 2537 qua:
388 2505 506 2536 tempore
522 2497 604 2526 dividi
616 2501 739 2532 possunt.

200 2554 235 2581 At
252 2552 336 2583 enim,
364 2549 499 2584 inquiunt.
519 2555 571 2574 non
597 2546 669 2573 idem
694 2547 756 2570 sunt
775 2542 894 2578 genitum
926 2547 954 2568 et
978 2539 999 2565 D

164 2598 337 2632 ingenitum;
366 2603 398 2623 ac
428 2593 554 2629 proinde,
590 2599 639 2618 nec
667 2589 753 2616 Filius
786 2597 847 2615 cum
873 2587 953 2615 Patre

166 2645 238 2672 idem
254 2649 306 2671 est.
326 2641 397 2675 Quid
412 2647 482 2674 opus
509 2643 551 2665 est
577 2637 679 2668 dicere,
715 2635 766 2662 hoc
792 2639 952 2668 argui-lento

166 2690 209 2718 vel
223 2690 334 2716 Patretn
359 2687 402 2714 vel
422 2685 520 2712 Filium
536 2692 550 2709 a
570 2681 711 2709 divinitate
728 2680 871 2707 manifeste
888 2679 952 2706 sub-

166 2734 294 2762 moveri?
311 2733 339 2760 Si
352 2732 424 2759 cnim
444 2730 594 2764 ingenitum
612 2727 731 2755 essentia
753 2725 799 2753 Dei
811 2730 862 2758 est,
887 2733 951 2759 pio-

208 2835 230 2851 "
248 2835 331 2862 Hebr.
348 2841 395 2866 vn,
419 2833 450 2861 lO
465 2841 526 2867 sqq.

1058 2540 1130 2566 Ἀλλ’
1146 2540 1175 2566 οὐ
1192 2538 1300 2569 ταυτὸν,
1322 2540 1400 2573 φησὶ,
1416 2539 1446 2564 τὸ
1467 2539 1616 2573 ἀγέννητον
1633 2539 1680 2566 καὶ
1693 2540 1723 2565 τὸ
1743 2548 1808 2572 γεν-

1015 2586 1104 2621 νητόν.
1121 2586 1151 2611 Εἰ
1165 2585 1194 2611 δὲ
1218 2585 1307 2617 τοῦτο,
1323 2585 1383 2611 οὐδὲ
1403 2586 1416 2611 ὁ
1437 2585 1499 2616 Υἱὸς
1524 2585 1562 2620 τῷ
1584 2586 1670 2621 ﬂat-cpt
1691 2587 1804 2612 ταυτὸν.

1015 2631 1077 2657 Ὀτι
1097 2631 1146 2666 μὲν
1170 2631 1295 2666 φανερῶς
1311 2631 1325 2658 ὁ
1349 2631 1427 2664 λόγος
1443 2627 1520 2661 οὗτος
1535 2631 1661 2657 axem“
1675 2631 1722 2657 τὸν
1738 2631 1806 2658 Υἰδν

1014 2677 1061 2710 τῆς
1078 2676 1216 2711 θεότητος,
1235 2677 1252 2712 ἦ
1270 2677 1316 2703 τὸν
1333 2677 1453 2712 Πατέρα,
1470 2677 1496 2703 τι
1511 2676 1565 2712 χρὴ
1577 2676 1685 2710 λέγειν;
1701 2676 1732 2703 ΕΖ
1748 2677 1806 2711 γὰρ

1014 2722 1043 2749 τὸ
1064 2723 1212 2758 ἀγέννητον
1234 2723 1312 2750 οὐσία
1334 2723 1413 2756 Θεοῦ,
1428 2723 1457 2749 τὸ
1482 2725 1611 2757 γιννητὸν
1633 2722 1683 2749 οὐκ
1698 2722 1800 2749 οὐσία·
