1902 3078
107 121 166 152 565

566 121 756 151 PANOl’LlA
778 119 1011 152 DOGMATICA.
1031 133 1065 140 —
1081 121 1157 152 ΤιΤ.
1175 123 1242 153 V11.

1672 125 1739 155 560‘

106 178 134 204 si
147 178 175 204 δὲ
194 177 272 205 τοῦτο
279 178 328 204 οὐκ
341 177 497 209 Enim“;
511 177 620 211 ἀντερεῖ
629 177 724 209 λόγο;;
741 177 816 202 Ἐλοῦ
831 176 886 203 τοι-

952 181 1010 204 ecto
1026 177 1146 211 genitum
1164 179 1283 207 essentia
1301 188 1356 208 non
1373 181 1427 208 crit
1449 190 1455 208 :
1475 186 1523 208 aut
1542 180 1564 208 si
1580 180 1646 214 hoc,
1661 189 1730 216 .pro-

103 232 157 250 νυν
170 224 224 250 τῶν
240 224 372 251 ἀσεϐειῶν
383 225 516 259 ὁποτέραν
534 224 633 259 βούλει,
650 221 673 250 ὦ
684 223 759 250 atque
773 222 828 256 (80)
845 222 900 248 οεο-

107 268 187 303 λόγε,
215 268 295 304 εἴπερ
320 270 429 296 ἀσεϐεῖν
449 272 556 302 πάντως
576 270 756 299 ἐσπούδακας.
773 268 896 298 Ἔπειτα,

109 314 172 345 πῶς
188 315 218 341 οὐ
233 315 330 342 ταυτὸν
347 315 436 349 λέγεις
520 315 553 342 τὸ
566 315 712 349 ἀγέννητον
732 313 779 339 καὶ
794 312 823 338 τὸ
839 320 900 345 γεν-

104 360 210 394 νητόν;
224 361 255 386 Ei
266 361 317 396 μὲν
333 360 363 387 τὸ
377 361 416 396 μὴ
431 360 598 396 ὲκτισμένον,
615 360 662 387 καὶ
675 358 843 394 ὲκτισμένον.
855 357 900 383 κά-

108 405 155 439 γὼ
169 406 298 440 δέχομαι·
315 407 345 432 οὺ
361 406 414 442 γὰρ
430 407 528 433 ταυτὸν
541 408 574 442 τῇ
592 405 671 440 φύσει
684 405 714 431 τὸ
725 405 841 439 ἄναρχον
856 403 900 428 καὶ

107 451 142 477 τὸ
159 451 326 486 κτιζόμενον.
339 453 370 478 Et
386 453 413 479 δὲ
432 453 464 479 τὸ
477 452 650 487 τεγεννηκὺς,
665 451 711 478 καὶ
723 450 754 477 τὸ
772 457 901 484 γεγεννη-

109 496 207 530 μένον,
226 497 255 523 οὐ
268 497 366 523 ταυτὸν
386 497 486 531 λέγεις,
500 498 551 524 οὺχ
563 495 651 532 ὀρθῶς
665 495 783 529 λέγεται.
798 492 901 519 Ταυτὸν

109 542 168 577 γὰρ
180 539 250 568 εἶναι
264 543 337 568 πᾶσα
354 543 460 578 ἀνάγκη
471 551 477 558 ·
495 542 565 578 αῦτη
578 542 632 577 γὰρ
646 541 728 576 φύσις
741 539 901 575 γεννήτορος

109 587 161 612 καὶ
178 587 346 622 γεννήματος
369 607 377 619 ,
453 587 550 614 ταυτὸν
569 585 638 613 εἷναι
668 585 707 620 τῷ
727 582 900 619 γεγεννηκότι

109 632 185 658 κατὰ
207 632 255 667 τὴν
277 632 358 666 φύσιν
381 632 411 658 ab
434 632 567 668 γέννημα.
665 632 699 657 Ἢ
716 629 787 656 οὕτω
804 628 899 655 πάλιν·

109 677 177 709 Πῶς
201 677 289 712 λέγεις
315 678 345 704 τὸ
368 678 515 713 ἀγέννητον
537 677 584 705 καὶ
600 678 630 704 τδ
644 675 788 712 γεννητόν;
803 675 834 701 Εἰ
853 673 901 708 μὲν

110 723 170 758 γὰρ
260 724 309 759 τὴν
321 724 484 760 ἁτεννησίαν
498 724 583 759 αὐτὴν
598 724 645 750 καὶ
659 723 707 758 τὴν
721 722 857 756 γέννησιν,
870 719 901 745 οὑ

109 771 212 796 ταυτὸν
237 775 244 783 '
323 771 347 796 ει
366 770 394 797 δὲ
413 769 455 802 οἷς
468 770 586 805 ὑπάρχει
607 768 703 802 ταῦτα,
719 767 776 798 πῶς
794 767 823 793 οὺ
838 774 903 792 ταυ-

110 815 175 845 τόν;
197 816 271 842 Ἐπεὶ
284 817 331 842 καὶ
346 816 376 843 τὸ
389 817 499 851 ἄσοφον.
512 817 558 843 καὶ
569 816 599 842 τὸ
613 815 705 849 σοφὸν,
717 812 841 847 ἀλλήλοις
853 811 902 847 μὲν

110 861 144 887 οὐ
160 861 258 893 ταυτὰ,
273 862 337 897 περὶ
350 862 447 889 ταυτὸν
463 862 492 888 δὲ
507 862 553 888 τὸν
563 861 705 896 ἄνθρωπον
714 868 721 876 ·
737 859 784 886 καὶ
798 858 848 884 οὐκ
859 857 903 883 οὺ-

108 904 174 936 σίας
185 904 291 940 τέμνει,
307 907 370 940 περὶ
391 906 421 932 δὲ
434 906 484 940 τὴν
500 906 585 941 αὐτὴν
598 904 692 932 οὐσίαν
706 903 846 938 τέμνεται.
867 901 902 927 Ἦ

112 950 162 976 καὶ
177 950 209 976 τὸ
224 950 367 982 ἀθάνατον,
379 951 427 978 καὶ
444 951 474 977 τὸ
488 951 602 982 ἄκακον,
620 950 665 976 καὶ
681 948 711 975 τὸ
725 947 903 975 ἀναλλοίωτον

108 995 193 1021 οὐσία
210 995 278 1022 Θεοῦ
292 1004 298 1028 ;
323 996 393 1022 Ἀλλ’
407 997 431 1023 εἰ
443 995 531 1027 τοῦτο,
547 996 644 1022 πολλαὶ
657 995 746 1021 οὐσίαι
757 993 836 1025 Θεοῦ,
856 991 903 1019 καὶ

109 1042 142 1068 οὒ
157 1042 221 1077 μία·
236 1042 252 1077 ἦ
268 1042 394 1069 σύνθετον
407 1044 440 1070 ὲκ
456 1042 558 1070 τούτων
570 1042 601 1069 τὸ
611 1042 697 1069 Θεῑον·
713 1041 744 1068 οὺ
756 1040 810 1074 γὰρ
821 1041 904 1066 ἀσυν-

111 1087 200 1118 θέτως
214 1087 309 1116 ταῦτα,
323 1088 404 1123 εἴπερ
419 1088 518 1115 οὐσίαι.

112 1132 187 1158 circa
227 1133 350 1158 eumdem
373 1131 508 1159 hominem
541 1132 773 1159 considerantur:

947 223 990 250 cui
1013 223 1094 250 tlubio
1112 231 1164 251 non
1182 224 1258 252 illud.
1273 225 1338 256 Quis
1352 226 1424 252 enim
1438 231 1481 252 cst
1502 227 1546 259 qui
1562 231 1727 252 contrar-nnn

947 267 1106 302 disputando
1136 270 1206 296 tueri
1234 270 1337 304 queat?
1364 271 1564 302 Quamobrem,
1591 276 1678 297 utram
1715 278 1730 295 ε

947 313 1052 342 duabus
1068 315 1249 350 impietatibus
1269 317 1356 348 malis,
1371 317 1448 350 elige,
1463 324 1480 342 ο
1502 323 1570 343 nove
1595 317 1729 351 ιὶιηοιοςιε.

946 359 1077 393 siquidem
1099 360 1208 394 impiam
1230 361 1380 388 doctrinam
1406 361 1514 388 numine
1542 361 1664 395 amplecti
1683 361 1730 387 tibi

948 405 1112 439 propositum
1126 409 1175 432 est.
1195 405 1304 438 Deinde,
1321 405 1455 439 quomodo
1474 405 1621 438 ingenitum
1639 410 1664 431 et
1687 412 1744 439 εει-η

948 450 1031 477 nitum
1050 459 1102 477 non
1120 451 1188 477 idem
1204 459 1264 478 esse
1281 452 1367 478 dicis?
1382 451 1412 478 Si
1434 459 1482 485 per
1496 451 1553 478 lnec
1566 451 1648 478 verba
1664 451 1743 481 nituit

948 497 1018 522 aliud
1042 497 1180 531 intelligis,
1196 505 1275 532 quam
1300 499 1325 525 id
1336 499 1410 532 quod
1435 499 1584 525 increatum
1607 501 1634 524 et
1658 497 1743 531 quod-

949 547 1087 575 creatum,
1112 543 1140 569 iu
1165 544 1258 580 eadem
1283 544 1339 577 ipse
1366 551 1474 578 quoque
1501 550 1560 570 sum
1587 543 1732 569 sententia.

949 586 1040 622 Neque
1058 589 1127 615 euitn
1145 594 1238 616 natura
1255 590 1324 617 idem
1346 594 1388 616 est
1411 589 1481 624 quod
1497 589 1631 623 principio
1646 593 1732 620 caret,

949 639 975 660 et
992 634 1063 668 quod
1080 639 1248 669 procreatum
1261 641 1312 662 est.
1329 635 1376 662 Sin
1393 640 1480 661 autem
1499 635 1541 662 his
1555 635 1644 662 verbis
1658 641 1731 665 eum,

949 680 994 714 qui
1012 680 1114 715 genuit,
1134 685 1161 708 et
1173 689 1247 713 eum,
1264 682 1309 715 qui
1324 681 1430 715 genitus
1444 686 1496 712 est,
1515 680 1626 714 accipis,
1643 681 1730 706 haud-

949 732 1083 759 quaquam
1119 732 1191 753 recte
1228 727 1254 754 id
1280 728 1328 754 alis
1359 732 1386 754 te
1423 727 1530 753 dicitur.
1567 726 1636 754 Idem
1661 726 1734 752 enim

949 770 1059 797 omnino
1072 778 1132 798 esse
1154 778 1265 799 necesse
1285 777 1336 800 est.
1354 772 1414 799 [huc
1428 772 1525 807 quippe
1540 772 1621 806 geniti
1639 777 1733 798 natura

949 821 1000 849 est,
1018 823 1046 844 ut
1068 818 1150 849 idem,
1172 818 1193 845 si
1210 823 1333 845 naturam
1356 824 1470 852 spectes,
1491 818 1527 845 sit
1551 827 1612 845 cum
1630 825 1663 845 eo
1685 818 1732 852 qui

950 863 1050 897 genuit.
1065 862 1112 890 Vel
1131 863 1164 890 ad
1183 864 1254 891 hunc
1275 872 1370 892 rursus
1388 864 1496 892 modum
1518 871 1630 898 agamus
1643 871 1651 890 :
1665 863 1734 896 Quid

951 914 999 942 per
1019 908 1164 942 ingenitum
1188 916 1222 935 ac
1236 909 1355 943 genitum
1372 908 1517 942 intelligis?
1541 907 1569 934 Si
1594 907 1678 941 ipsam
1694 907 1736 933 in-

950 954 1032 987 geniti
1050 958 1077 980 et
1091 953 1172 988 geniti
1190 955 1396 988 proprietatem,
1420 962 1472 981 nnn
1495 953 1566 980 idem
1583 957 1657 979 sunt.
1684 951 1733 978 Sin

952 1005 1040 1028 autem
1058 1007 1098 1033 ea,
1114 1000 1213 1035 quibus
1235 1001 1290 1028 hate
1305 1000 1407 1032 insunt,
1422 1000 1486 1034 quid
1504 1003 1576 1025 velat
1591 998 1742 1032 quominus.

952 1046 1022 1072 idem
1043 1045 1115 1072 sint?
1137 1046 1360 1080 Quandoquidem
1387 1045 1458 1080 quod
1480 1044 1609 1079 insipiens
1627 1048 1684 1075 εει,
1708 1047 1737 1070 ει

951 1091 1071 1125 sapiens,
1095 1092 1164 1119 inter
1187 1099 1216 1119 se
1236 1092 1343 1126 quidem
1370 1099 1421 1118 non
1447 1091 1515 1117 idem
1539 1095 1619 1121 sunt;
1644 1096 1736 1115 verum

810 1138 859 1158 nec
885 1131 1052 1158 substantias
1075 1132 1212 1163 scindunt,
1247 1133 1296 1159 sed
1319 1132 1389 1158 circa
1414 1131 1536 1157 eamdem
1559 1129 1738 1158 substantiam

109 1177 282 1204 scinduntur.
298 1177 386 1211 Quid?
401 1178 442 1205 An
474 1178 555 1205 etiam
574 1179 774 1211 immortalitas,
806 1183 833 1205 et
855 1178 1022 1210 innocentia,
1040 1182 1068 1204 et
1094 1178 1308 1210 immutabilitas,
1345 1179 1461 1204 essentia
1497 1177 1542 1204 Dei
1563 1176 1647 1202 sunt?
1664 1175 1700 1201 At
1713 1174 1735 1200 si

110 1225 148 1251 ita
172 1227 228 1255 est,
249 1223 337 1250 multa!
362 1223 408 1250 Dei
432 1224 557 1250 essentia:
575 1228 665 1255 erunt,
700 1231 753 1251 non
779 1230 855 1251 una:
887 1227 932 1249 aut
952 1225 1026 1249 certe
1047 1222 1211 1256 compositus
1240 1229 1273 1248 ex
1300 1221 1342 1248 his
1364 1220 1433 1248 Dens
1456 1225 1517 1248 ertl.
1547 1220 1639 1254 Neque
1664 1219 1737 1245 enim

107 1271 170 1298 haec
192 1270 258 1297 citra
287 1270 510 1304 compositionem
533 1277 596 1298 esse
625 1276 743 1304 queunt,
767 1270 789 1297 si
816 1270 894 1297 modo
913 1270 1035 1296 essentia:
1050 1274 1120 1295 sunt.

227 1311 318 1338 Ταῦτα
348 1313 398 1347 μὲν
427 1313 457 1339 οῦ
487 1322 570 1348 φασι·
599 1314 676 1341 κοινὰ
709 1316 763 1350 γὰρ
789 1316 836 1342 καὶ
862 1316 909 1343 ἆλ-

112 1357 181 1384 λων.
272 1359 305 1385 Ὀ
324 1359 352 1385 δὲ
375 1359 458 1394 μόνου
477 1360 544 1387 Θεοῦ
561 1361 608 1387 καὶ
629 1361 704 1395 ἴδιον,
721 1361 799 1387 τοῦτο
818 1361 906 1389 οὐσία.

94 1400 96 1403 ’
111 1407 174 1432 Οὐκ
183 1405 214 1432 ἂν
227 1406 275 1441 μὲν
287 1406 493 1441 συγχωρήσαιεν
502 1405 570 1433 εῖναι
582 1407 662 1442 μόνου
674 1407 741 1434 Θεοῦ
754 1408 784 1434 τὸ
792 1408 907 1443 ἀγέννη-

110 1461 172 1484 τον,
186 1453 210 1478 οἱ
225 1461 270 1478 καί.
281 1458 329 1487 την
344 1450 409 1487 ὅλην
490 1452 537 1479 καὶ
548 1453 596 1488 τὴν
609 1452 678 1479 ἰδέαν
690 1453 906 1486 συνεισάγοντες,

108 1497 152 1528 ὡς
167 1498 309 1533 ἁγέννητα.
321 1498 357 1524 Τὸ
367 1498 420 1533 γὰρ
438 1499 596 1533 Μανιχαίων
607 1504 772 1536 πορρωτέρω
785 1498 906 1535 ῥίψωμεν

116 1543 225 1574 σκότος.

113 1588 146 1613 οὐ
164 1588 243 1622 μόνος
260 1588 373 1624 πλάσμα
388 1589 471 1622 Θεοῠ;
486 1590 541 1615 Καὶ
554 1590 633 1622 πάνυ,
652 1591 758 1626 φήσεις.
781 1588 844 1626 *Δρ*
860 1588 905 1617 οὖν

111 1633 163 1659 καὶ
187 1634 267 1668 μόνος
296 1634 454 1670 ἄνθρωπος
479 1635 620 1670 Οὐδαμῶς.
646 1636 678 1662 Τί
701 1636 732 1671 δή
748 1636 905 1669 ποτε;”οτι

113 1679 154 1714 μὴ
168 1679 343 1715 ἀνθρωπότης
429 1681 447 1716 ἡ
462 1680 561 1712 πλάσις
573 1688 579 1695 ·
597 1681 707 1716 καὶγὰρ
721 1682 752 1708 τὺ
766 1682 904 1717 γεννηθὲν,

110 1725 266 1760 ἅνθρωπος.
284 1725 377 1757 Οὕτως
392 1726 452 1753 οὐδὲ
472 1726 502 1753 τὸ
519 1727 665 1762 ἀγέννητον
685 1727 765 1762 μόνον
781 1727 857 1759 Θεὸς,
880 1728 905 1754 ει

112 1771 163 1796 καὶ
178 1770 259 1804 μόνου
271 1770 389 1806 Πατρός.
413 1771 494 1798 Ἀλλὰ
504 1771 577 1805 δέξαι
592 1772 638 1798 καὶ
651 1772 682 1798 τὸ
695 1772 824 1808 γεννητὸν
836 1770 904 1799 εἶναι

109 1816 199 1843 θεόν·
216 1817 248 1843 ἐκ
273 1816 341 1843 Θεοῦ
364 1817 429 1852 γὰρ,
455 1817 479 1843 εί
498 1817 545 1843 καὶ
566 1817 626 1844 λίαν
651 1815 677 1844 εἷ
699 1817 902 1852 φιλαγέννητος.

113 1863 243 1895 Ἔπειτα,
263 1863 322 1894 πῶς
339 1863 432 1890 οὐσίαν
449 1863 517 1890 Θεοῦ
536 1863 636 1897 λέγεις,
654 1864 684 1890 οὐ
708 1863 757 1898 τὴν
769 1862 816 1890 τοῦ
829 1863 904 1895 ὄντος

110 1908 199 1940 θέσιν,
219 1908 287 1935 ἀλλὰ
296 1909 346 1944 τὴν
362 1909 409 1936 τοῦ
429 1910 466 1946 μὴ
475 1908 550 1941 ὄντος
564 1910 704 1944 ἀναίρεσιν
717 1919 724 1942 ;
744 1910 780 1936 Τὸ
797 1909 851 1944 γὰρ
866 1908 903 1944 μὴ

111 1953 248 1989 ὑπάρχειν
264 1954 338 1989 αὐτῷ
352 1954 489 1990 γέννησιν,
516 1955 530 1981 ὁ
550 1954 628 1988 λόγος
647 1953 731 1989 δηλοῖ,
745 1954 793 1989 οὺχ
813 1953 827 1980 ὃ
854 1954 903 1989 τὴν

110 1999 196 2033 φύσιν
223 1999 281 2025 ἐστὶ
301 2000 476 2035 παρίστησιν,
499 2000 557 2026 οὐδ’
580 2000 594 2026 ὃ
614 2000 730 2035 ὑπάρχει
820 1998 850 2025 τδ
866 1999 902 2034 μὴ

110 2044 176 2079 ἕχον
191 2045 325 2080 γέννησιν.
342 2046 390 2077 Τίς
400 2044 446 2073 οὖν
462 2046 539 2072 οὐσία
551 2045 634 2078 Θεοῦ;
649 2046 704 2080 Τῆς
718 2045 766 2080 σῆς
776 2045 904 2077 ἀπονοίας

108 2090 193 2117 τοῦτο
212 2090 314 2125 λέγειν,
331 2092 361 2124 ὃς
379 2092 616 2128 πολυπραγμονεῖς
631 2092 678 2118 καὶ
695 2091 744 2126 τὴν
762 2091 900 2127 γέννησιν·

109 2137 180 2172 ἡμῖν
200 2137 228 2163 δὲ
244 2137 324 2173 μέγα,
347 2137 398 2165 κᾶν
480 2139 570 2165 εἴποτε
588 2138 635 2165 καὶ
656 2139 697 2170 εἰς
789 2137 899 2173 ὕστερον

108 2182 193 2208 τοῦτο
205 2183 346 2219 μάθοιμεν,
361 2184 484 2216 λυθέντος
497 2185 563 2220 ἡμῖν
573 2184 619 2211 τοῦ
636 2184 719 2219 ζόφου
730 2184 777 2211 καὶ
788 2183 837 2219 τῆς
853 2191 901 2210 πα-

110 2227 239 2263 χύτητος,
264 2229 301 2261 ὡς
319 2231 335 2265 ἠ
355 2229 402 2256 τοῦ
489 2229 621 2264 ἀψευδοῦς
638 2230 790 2264 ὑπόσχεσις.
816 2229 901 2256 Τοῦτο

111 2274 165 2305 μὲν
179 2274 225 2301 οὖν
245 2275 292 2301 καὶ
306 2275 428 2308 νοείσθω,
446 2277 493 2303 καὶ
509 2275 660 2308 ὲλπιζέσθω
679 2278 735 2308 τοῖς
750 2275 797 2302 ἐπὶ
814 2275 899 2311 τούτῳ

105 2316 330 2352 καθαιρομένοις.
350 2318 445 2353 Ἡμεῖς
464 2318 493 2344 δὲ
510 2318 637 2345 τοσοῦτον
657 2319 745 2345 εἰπεῖν
760 2318 903 2354 (tamtch-

107 2373 162 2400 μεν
186 2384 193 2395 ,
273 2364 313 2390 ὅτι
331 2364 355 2390 εί
377 2364 423 2390 καὶ
443 2363 514 2398 μέγα
526 2364 565 2399 τῷ
581 2365 680 2400 Πατρὶ,
697 2364 728 2390 τὸ
747 2364 904 2401 μηδαμόθεν

104 2410 265 2446 ὡρμῆσθαι,
283 2410 333 2436 οὐκ
352 2409 460 2436 ἔλαττον
474 2410 513 2446 τῷ
526 2411 594 2445 Υῐῷ,
607 2411 637 2437 τὸ
654 2412 686 2437 ὲκ
705 2410 827 2437 τοιούτου
847 2411 904 2437 Πα-

105 2455 184 2491 τρός.
201 2455 256 2489 Τῆς
271 2464 302 2481 τε
319 2455 373 2491 γὰρ
387 2455 432 2482 τοῦ
448 2455 569 2482 ἀναιτίου
584 2455 663 2491 δόξης
681 2455 789 2491 μετέχοι
807 2455 850 2488 ἂν,
864 2456 904 2482 ὅτι

106 2503 142 2527 ἐκ
167 2501 212 2527 τοῦ
239 2501 372 2533 ἀναιτίου,
404 2501 451 2527 καὶ
476 2501 607 2536 πρόσεστι
633 2501 663 2527 τὸ
685 2501 736 2536 τῆς
752 2502 906 2537 γεννήσεως

107 2547 228 2582 πρᾶγμα
249 2545 385 2579 τοσοῦτον,
413 2548 460 2574 καὶ
487 2547 558 2575 οὕτω
591 2547 738 2583 σεϐάσμιον
848 2549 904 2579 τοῖς

109 2593 150 2628 μὴ
181 2592 269 2628 πάντη
299 2593 483 2628 χαμαιπετέσι
588 2594 635 2620 καὶ
653 2593 755 2625 ὑλικοῖς
773 2592 824 2629 τὴν
847 2593 905 2620 διά-

108 2647 140 2665 νο
144 2647 197 2664 ιαν.

312 1543 384 1578 Πλὴν
391 1543 469 1593 ἔστ-ω
487 1544 569 1579 μόνου
586 1544 665 1572 Θεοῦ.
682 1545 713 1571 Τί
728 1546 755 1571 δὲ
771 1545 889 1593 ὁ.“Αδάμ
897 1552 905 1577 ;
919 1566 939 1593 C

1052 1312 1114 1340 lla-c
1131 1314 1238 1348 quidem
1257 1314 1326 1341 haud
1339 1314 1442 1342 dicunt.
1459 1316 1616 1343 Communia
1639 1317 1741 1352 quippe

955 1359 1067 1386 aliorum
1089 1366 1195 1393 quoque
1205 1365 1278 1387 sunt.
1299 1360 1375 1393 Quod
1401 1366 1489 1388 autem
1512 1362 1595 1389 solius
1612 1362 1657 1389 Dei
1685 1369 1737 1397 est,

956 1405 1061 1440 ipsique
1080 1406 1187 1439 proprie
1305 1406 1440 1440 convenit,
1472 1406 1525 1434 hoc
1546 1408 1594 1442 ipsi
1619 1409 1736 1436 essentia

953 1455 1006 1478 est.
1024 1450 1105 1484 Atqui
1133 1451 1215 1478 solius
1240 1450 1286 1478 Dei
1310 1451 1455 1485 ingenitum
1484 1459 1553 1484 esse,
1571 1454 1681 1481 minime
1700 1453 1736 1480 illi

954 1496 1149 1529 concesserint,
1176 1496 1221 1531 qui
1239 1497 1377 1523 materiam
1393 1505 1500 1531 quoque
1526 1503 1554 1525 et
1568 1498 1692 1530 formam,
1709 1503 1737 1526 ut

954 1539 1099 1575 ingenitas,
1112 1540 1286 1567 induxerunt.
1302 1541 1510 1568 Munichutorttm
1525 1543 1596 1570 enim
1616 1544 1740 1571 tenebras

954 1587 1059 1621 longius
1073 1586 1160 1613 adhuc
1186 1587 1369 1621 projiciamus.
1387 1586 1439 1614 Sed
1457 1588 1492 1614 sit
1514 1595 1579 1616 sane
1596 1589 1679 1616 solius
1695 1589 1741 1616 Dei

955 1633 1113 1668 ingenitum.
1139 1632 1207 1665 Quid
1222 1632 1328 1659 Adam?
1344 1632 1440 1659 Nonne
1456 1634 1529 1660 solus
1543 1642 1557 1660 a
1573 1634 1627 1661 Deo
1639 1634 1743 1662 edictus

955 1678 1017 1706 est?
1040 1678 1166 1711 Maxime,
1199 1678 1313 1712 inquies.
1334 1677 1428 1705 Utrum
1452 1687 1516 1712 ergo
1541 1680 1614 1707 solus
1636 1688 1743 1714 quoque

956 1725 1057 1752 homo?
1081 1724 1198 1750 Minime.
1226 1723 1338 1757 Quare?
1369 1724 1435 1756 Quia
1461 1724 1560 1752 cllictio
1589 1726 1743 1754 humanitas

956 1778 1008 1798 non
1023 1774 1074 1797 est.
1089 1769 1156 1796 Nam
1172 1769 1194 1796 is
1207 1777 1324 1804 quoque,
1350 1770 1395 1804 qui
1417 1771 1574 1805 progenitus
1589 1775 1641 1803 est,
1662 1771 1743 1799 homo

955 1820 1007 1844 est.
1034 1815 1134 1842 Eodem
1152 1815 1230 1842 tnodo
1253 1822 1303 1842 nec
1320 1815 1467 1850 ingenitum
1490 1817 1576 1843 solutn
1593 1817 1662 1845 Deus
1689 1823 1742 1850 est,

955 1862 1005 1889 etsi
1031 1860 1114 1888 solius
1133 1859 1231 1888 Patris.
1252 1861 1348 1888 Verum
1372 1860 1483 1888 admitte
1512 1862 1592 1889 etiam
1620 1870 1681 1890 eum
1696 1864 1742 1898 qui

955 1907 1061 1942 genitus
1075 1911 1126 1940 est,
1143 1906 1226 1934 Deum
1244 1912 1312 1934 esse.
1343 1906 1379 1933 Ex
1397 1907 1450 1934 Deo
1464 1907 1562 1942 quippe
1575 1912 1626 1941 est,
1648 1917 1744 1942 quaut-

955 1953 1022 1982 libet
1036 1958 1062 1980 tu
1074 1953 1193 1988 ingenito
1203 1953 1302 1980 faveas.
1319 1953 1358 1980 Ad
1369 1953 1426 1980 haec
1440 1954 1574 1988 quomodo
1589 1955 1635 1982 Dei
1650 1962 1742 1982 essen-

956 1999 1020 2026 tiam
1049 1998 1127 2030 dicis,
1149 2005 1201 2025 non
1219 1997 1288 2032 ejus,
1316 1998 1386 2032 qttod
1417 2003 1468 2031 est,
1493 1999 1663 2032 positionem,
1694 2001 1742 2029 sed

955 2044 1024 2078 ejus,
1040 2044 1110 2079 quod
1124 2050 1175 2070 non
1192 2048 1233 2070 est
1245 2043 1459 2071 detractiOuem?
1477 2043 1533 2071 Vox
1541 2045 1612 2072 enim
1626 2046 1741 2080 ingeniti

956 2090 1100 2125 signiﬁcat,
1112 2097 1173 2117 eum
1188 2089 1296 2124 quidem
1309 2085 1497 2124 generationis
1517 2096 1655 2126 expertem
1669 2100 1740 2127 esse,

956 2144 1009 2163 non
1027 2140 1117 2162 autem
1138 2134 1257 2162 declarat
1267 2135 1393 2168 quidnam
1407 2140 1501 2162 natura
1517 2143 1565 2163 sua
1582 2137 1616 2163 sit
1631 2137 1657 2164 id
1669 2139 1741 2172 quod

956 2185 1130 2218 generatione
1146 2188 1232 2210 caret.
1249 2183 1376 2216 Quantam
1402 2191 1465 2218 ergo
1481 2188 1523 2211 est
1539 2184 1585 2211 Dei
1605 2184 1741 2211 essentia?

957 2229 1021 2257 Tute
1043 2233 1085 2257 est
1107 2229 1249 2256 dementia:
1268 2230 1318 2256 hoc
1340 2229 1441 2262 dicere,
1465 2230 1509 2264 qui
1540 2231 1739 2264 generationem

956 2283 1063 2310 quoque
1086 2275 1170 2310 ipsam
1196 2275 1274 2302 anxie
1303 2275 1480 2309 perscrutaris
1512 2284 1520 2302 :
1546 2276 1623 2302 nobis
1650 2281 1740 2302 autent

954 2319 1060 2347 abunde
1073 2326 1198 2353 magnum
1210 2323 1292 2352 atque
1306 2318 1422 2352 amplum
1434 2318 1525 2349 fuerit,
1536 2318 1558 2345 si
1568 2319 1594 2344 in
1607 2322 1744 2352 posteram

953 2373 1059 2400 quoque
1076 2365 1222 2396 discamus,
1251 2364 1338 2391 soluta
1362 2364 1488 2390 videlicet.
1511 2364 1562 2391 hac
1588 2363 1702 2398 caligine
1715 2366 1745 2390 et

954 2412 1077 2439 crassitie
1093 2412 1101 2427 ¹
1118 2430 1126 2443 ,
1144 2416 1173 2438 ut
1191 2410 1325 2446 pollicitus
1341 2414 1383 2437 est
1398 2410 1431 2443 is,
1445 2409 1490 2444 qui
1504 2417 1556 2437 non
1571 2409 1700 2436 mentitur
1721 2407 1742 2434 '.

954 2456 1024 2492 Ergo
1039 2457 1090 2483 hoc
1109 2457 1142 2483 ab
1162 2457 1215 2488 his,
1233 2455 1279 2491 qui
1294 2455 1327 2483 ad
1339 2463 1398 2483 eam
1418 2462 1474 2483 retu
1491 2462 1551 2482 sese
1570 2457 1743 2490 perpurgant,

953 2504 1100 2537 cogitetur,
1124 2509 1156 2529 ac
1170 2507 1308 2536 speretur.
1324 2501 1379 2528 Nos
1393 2507 1482 2528 autem
1498 2501 1548 2528 hoc
1563 2501 1694 2527 duntaxat
1704 2499 1746 2526 di—

956 2555 1018 2575 cere
1036 2555 1088 2575 non
1104 2547 1298 2581 dubitabimus,
1312 2547 1334 2575 si
1351 2555 1477 2582 magnum
1499 2546 1571 2572 Patri
1588 2549 1629 2572 est
1641 2553 1655 2571 a
1672 2543 1745 2571 nullo

956 2593 1106 2628 profectum
1135 2601 1206 2626 esse,
1238 2601 1291 2620 non
1318 2594 1406 2620 minus
1425 2592 1527 2619 illustre
1543 2591 1611 2618 Filio
1626 2597 1696 2620 esse,
1713 2596 1744 2616 ex

956 2639 1001 2666 tali
1017 2639 1096 2667 Patre
1110 2639 1251 2674 prodiisse.
1278 2639 1344 2666 Nam
1362 2644 1540 2674 praeterquam
1561 2636 1632 2671 quod
1654 2635 1746 2670 glorias

109 2685 195 2716 illius,
212 2684 257 2718 qui
274 2691 384 2712 causam
399 2692 414 2712 a
437 2685 509 2713 nullo
521 2686 612 2718 habet,
627 2685 761 2721 particeps
773 2689 824 2718 est,
840 2685 902 2720 quia
914 2692 945 2711 ex
967 2692 999 2711 eo
1016 2689 1067 2718 est,
1085 2685 1189 2712 accedit
1203 2685 1283 2711 etiam
1299 2683 1482 2719 generationis
1492 2683 1586 2714 decus,
1600 2688 1643 2708 res
1657 2685 1744 2714 tanta,

110 2737 224 2764 tamque
249 2732 413 2763 veneranda,
436 2731 470 2759 iis
492 2731 596 2767 utique,
620 2732 665 2766 qui
681 2739 733 2760 non
745 2731 857 2760 omnino
877 2730 951 2758 humi
985 2731 1118 2766 provoluti
1145 2735 1219 2763 sunt,
1248 2737 1395 2765 crassoque
1418 2729 1507 2756 anituo
1534 2727 1649 2762 praediti.

149 2833 158 2847 ¹
183 2830 287 2860 lJoan.
307 2841 348 2865 tn,
363 2833 388 2860 2.
438 2833 447 2847 ‘
466 2833 551 2867 Tim,
571 2834 597 2861 2.
