1891 3076
169 109 222 140 5ῠ¹1

168 217 231 237 cum
249 209 329 237 Patre
345 213 398 242 est,
417 209 550 244 profecto,
570 217 633 236 cum
652 208 790 243 ingenitus
811 208 846 236 sit
868 207 957 239 Pater,

170 256 308 290 ingenitus
335 263 443 290 qttoque
472 255 558 283 Filius
574 255 638 282 erit.
667 255 761 287 Recte.
776 256 797 283 si
811 255 959 291 ingenitum

169 301 287 329 essentia
306 301 352 328 Dei
370 305 455 334 esset,
473 305 502 328 ut
518 301 558 328 sic
568 308 636 328 nova
652 301 774 336 quaedam
790 302 880 329 tnistio
888 307 960 330 esset

168 347 437 382 genito-ingenitum.
460 346 527 374 Cum
550 350 639 373 autent
664 347 716 373 hoc
729 346 873 374 discrimen
887 347 960 374 circa

167 393 314 420 essentiam
337 393 537 425 consideretur,
554 393 618 428 quid
638 397 665 420 tu
682 393 733 420 hoc
754 393 830 427 quasi
852 393 960 420 ﬁrmunt

167 438 296 473 quiddam
313 438 443 474 profers?
468 438 509 466 An
526 444 553 466 tu
579 446 686 474 quoque
709 439 794 474 patris
819 444 895 474 pater
919 447 959 474 es,

169 489 198 511 ut
229 484 302 511 nulla
329 492 358 512 re
384 492 398 511 ιι
415 489 491 519 patre
511 489 557 512 tuo
571 485 719 519 supereris,
743 485 959 519 quandoquidem

168 530 286 557 essentia
303 530 372 557 idem
395 538 456 557 cuin
473 538 506 557 eo
523 530 574 557 es?
595 529 689 557 Nonne
714 530 885 565 perspicuum
906 536 959 564 est,

168 576 335 610 proprietate
349 575 403 602 ﬁxa
415 581 440 602 et
463 576 552 603 stabili
575 581 760 611 permanente,
786 576 958 610 qnmrcndutn

170 621 250 648 uobis
275 629 336 649 esse
360 629 420 657 quae
446 622 482 649 sit
501 622 546 650 Dei
562 622 690 653 essentia.
708 622 730 649 si
751 625 842 648 tamen
859 628 890 648 ea
906 621 961 648 ullo

169 667 249 694 modo
261 669 404 701 quaerenda
414 668 476 695 est?
491 668 566 702 Quod
581 673 670 695 autent
683 667 830 702 ingenitum
848 672 875 694 et
890 667 960 699 bene

170 712 242 739 idem
263 720 316 739 non
340 713 406 745 sint,
431 713 493 740 hinc
508 712 565 740 fere
592 712 734 747 intelliges.
757 712 784 739 Si
799 711 870 738 enim
888 711 959 738 idem

168 764 273 792 essent,
305 766 415 793 prorsus
555 764 702 794 oporteret,
728 759 855 793 quoniam
890 759 961 786 Deus

168 807 349 841 quorumdam
367 807 438 834 Deus
463 810 514 838 est,
541 806 718 841 quorumdam
733 813 841 841 quoque
854 805 961 840 ingeni-

169 857 226 879 tum
242 860 303 880 esse
326 861 334 879 :
354 857 400 880 aut
413 857 520 884 contra,
545 853 672 887 quoniam
699 853 847 887 ingenitum
861 852 960 880 nullius

169 904 221 927 est.
233 907 282 926 nec
299 899 380 926 Deutn
395 906 503 934 quoque
517 899 695 933 quorumdam
721 906 794 926 esse.
816 898 881 925 Nam
900 905 960 934 quae

169 946 281 972 omnino
291 945 386 972 cadent
403 950 476 978 sunt,
502 945 628 973 sintillter
642 945 724 972 etiam
748 943 906 972 ell‘eruntur.
926 945 961 971 At

170 990 319 1024 ingenitum
350 998 403 1017 non
428 991 607 1025 quorutttdatn
631 995 675 1018 est
697 991 822 1025 (quorum
843 988 958 1024 enim?),

169 1037 242 1064 Deus
256 1044 320 1064 vero
336 1038 515 1070 quorumdam
536 1037 605 1064 Deus
632 1042 684 1069 est,
701 1037 822 1064 ontnium
851 1036 959 1070 quippe.

169 1083 229 1116 Quo
244 1090 309 1118 ergo
323 1084 403 1110 modo
420 1083 490 1110 idem
506 1088 588 1110 erunt
609 1083 680 1110 Deus
693 1087 719 1110 et
734 1081 903 1117 unigenitum?
922 1082 960 1108 Ac

169 1134 274 1160 rursus,
289 1127 418 1162 quoniant
434 1128 584 1163 ingenitum
605 1132 632 1155 et
648 1128 766 1164 genitum
785 1127 857 1154 itttcr
870 1134 899 1154 se
913 1134 962 1162 op—

169 1176 314 1205 ponuntur,
330 1176 359 1199 ut
373 1172 480 1200 habitus
495 1177 523 1200 et
536 1172 662 1207 privatio,
678 1171 842 1200 substantias
854 1178 961 1206 quoque

169 1216 240 1244 inter
253 1224 282 1245 se
299 1218 436 1252 oppositas
451 1218 541 1246 induci
574 1225 685 1246 necesse
708 1222 760 1250 est,
786 1218 858 1252 quod
883 1224 962 1244 nemo

797 104 990 135 EU'l‘lthlll
1010 104 1191 134 ZlGABENl

204 165 257 192 Sed
276 165 299 192 si
325 163 421 197 Filius,
446 165 585 200 inquiunt,
612 163 738 190 essentiw
759 163 864 190 ratione
884 163 954 190 idem
970 164 992 191 A

1047 161 1110 188 ’Δλλ
1138 162 1162 188 si
1194 160 1305 195 ταυτὸν,
1324 162 1415 197 pas-iv,
1443 163 1457 189 ό
1486 161 1550 193 Υίὺς
1570 161 1608 197 τῷ
1634 163 1723 198 Πατρὶ
1747 168 1806 191 κατ’

1011 207 1116 240 οὺσίιν,
1147 207 1297 242 ἀγέννητος
1323 207 1352 235 δὲ
1376 209 1390 234 ὸ
1414 208 1523 243 Πατὴρ,
1552 207 1631 235 ἔσται
1653 209 1736 237 τοῦτο
1762 210 1807 237 καὶ

1013 257 1027 282 ὁ
1039 255 1113 287 Υἱός.
1127 256 1235 287 Καλῶς,
1252 256 1331 291 εῐπερ
1345 256 1424 283 οὐσία
1440 257 1509 283 Θεοῦ
1521 257 1552 284 τὸ
1565 257 1726 291 ἀγέννητον,
1746 258 1779 283 ἶν’

1012 310 1055 333 τις
1072 301 1151 337 καινὴ
1170 302 1254 337 μίξις,
1268 302 1532 338 γεννητοαγέννητον
1546 303 1614 338 (98).
1642 304 1674 330 Εἰ
1697 304 1727 330 δὲ
1744 306 1807 338 περὶ

1013 348 1106 374 οὐσίαν
1133 348 1149 384 ἡ
1171 347 1298 383 διαφορὰ,
1320 348 1346 374 τί
1360 347 1450 380 τοῦτο,
1470 348 1508 380 ὡς
1531 349 1649 384 ίσχυρδν,
1664 349 1772 383 λέγεις;
1790 350 1803 385 ἧ

1014 394 1061 420 καὶ
1077 394 1108 420 σὺ
1125 393 1216 429 πατὴρ
1231 393 1278 420 τοῦ
1292 394 1406 430 πατρὸς,
1423 394 1467 421 ἴνα
1486 395 1581 430 μηδενὶ
1596 395 1677 431 λείπῃ
1700 394 1749 421 τοῦ
1761 395 1804 421 σοῦ

1015 439 1127 475 πατρὸς,
1145 440 1240 476 ἐπειδὴ
1254 440 1352 467 ταυτὸν
1364 438 1390 467 εἷ
1401 440 1461 467 κατ’
1475 440 1586 473 οὐσίαν;
1599 441 1635 467 Ἢ
1653 440 1743 476 δῆλον,
1757 441 1804 471 ὅτι,

1014 485 1064 520 τῆς
1080 485 1210 522 ἰδιότητος
1296 486 1425 521 ἀκινήτου
1439 485 1583 522 μενούσης,
1598 486 1754 522 ζητήσομεν
1764 487 1807 513 οὑ-

1015 531 1076 558 σίαν
1087 531 1167 563 Θεοῦ,
1179 531 1240 567 ἥτις
1254 531 1319 558 ποτέ
1337 532 1419 564 ἐστιν,
1436 532 1515 567 ειπερ
1523 532 1677 568 ζητήσομεν
1687 541 1694 564 ;
1705 533 1768 559 Ὀτι
1779 532 1805 558 δὲ

1015 577 1044 602 οὺ
1073 577 1172 603 ταυτὸν
1191 577 1338 612 ἀγέννητον
1360 577 1408 603 καὶ
1424 576 1501 610 Θεὸς,
1521 574 1573 604 ὦδε
1593 577 1627 605 ἂν
1650 578 1765 610 μάθοιςι
1777 579 1804 605 Ei

1016 622 1112 649 ταυτὸν
1130 620 1175 658 ἦν,
1196 622 1249 649 ἔδει
1272 623 1391 656 πάντως,
1408 625 1504 660 ἐπειδὴ
1518 624 1600 651 τινῶν
1622 624 1687 656 Θεὸς
1704 625 1719 651 ὁ
1733 625 1805 656 Θεὸς,

1016 666 1096 694 τινῶν
1112 664 1182 694 εἶναι
1192 667 1277 694 καὶτὸ
1287 668 1443 704 ἀγέννητον·
1455 669 1471 704 ἢ
1482 669 1545 695 ἐπεὶ
1559 668 1674 704 μηδενὸς
1687 669 1720 695 τὸ
1732 669 1806 703 ἀγέν-

1017 720 1104 748 νητον,
1115 713 1182 748 μηδὲ
1191 713 1237 740 τὸν
1250 713 1315 740 Θεὸν
1327 711 1395 740 εἶναι
1407 714 1487 741 τινῶν
1499 722 1507 730 ·
1523 715 1558 741 τὰ
1574 714 1628 750 γὰρ
1644 714 1734 749 πάντη
1745 723 1806 741 ταυο

1017 758 1060 791 τά,
1070 759 1117 785 καὶ¹
1126 758 1226 794 ὁμοίως
1235 759 1390 794 ἐκφέρεται.
1401 759 1480 786 Ἀλλά
1494 759 1546 795 μὴν
1555 759 1585 786 οὐ
1599 759 1679 786 τινῶν
1688 760 1722 786 τὸ
1730 760 1806 794 ἀγέν-

1017 812 1107 839 νητον,
1115 803 1195 831 τίνων
1205 804 1276 840 γάρ;
1287 805 1333 831 καὶ
1344 804 1424 831 τινῶν
1432 804 1499 837 Θεὸς
1512 805 1527 831 ὸ
1539 804 1615 837 Θεὸς,
1626 805 1738 831 πάντων
1747 805 1805 840 γάρ.

979 845 1000 872 Β
1019 850 1080 883 [Ιῶς
1093 848 1139 878 οὖν
1154 850 1187 878 ἂν
1202 851 1245 886 εἴη
1262 846 1358 878 ταυτὸν
1373 852 1439 883 Θεὸς
1451 852 1499 878 καὶ
1509 851 1671 887 ἀγέννηνονς
1689 851 1746 878 Καὶ
1761 852 1809 878 πά-

1019 896 1069 930 λιν,
1090 898 1182 934 ἐπειδὴ
1196 898 1227 924 τὸ
1237 898 1394 934 ἀγέννητον,
1414 898 1462 924 καὶ
1476 898 1508 924 τὸ
1520 897 1647 933 γεννητὸν
1663 898 1809 924 ἀντίκειται

1019 942 1152 978 ἀλλήλοις,
1175 943 1214 975 ὡς
1234 942 1289 975 ἕξις
1310 943 1356 970 καὶ
1373 943 1510 979 στέρησις,
1526 943 1633 978 ἀνάγκη
1653 943 1701 969 καὶ
1717 943 1810 974 οὐσίας

1020 989 1175 1025 εἰσαχθῆναι
1231 990 1420 1025 ἀντικειμένας
1434 990 1571 1026 ἀλλήλαις,
1581 990 1649 1024 ὅπερ
1658 990 1689 1016 οὺ
1697 990 1808 1017 δέδοται.

1021 1034 1066 1066 Ἢ,
1079 1033 1170 1070 ἐπειδὴ
1179 1034 1259 1061 πάλιν
1271 1035 1298 1060 αἱ
1309 1034 1379 1067 ἕξεις
1392 1034 1446 1061 τῶν
1456 1035 1609 1070 στερήσεων
1617 1034 1759 1070 πρότεραι,
1768 1035 1812 1062 καὶ

1022 1082 1191 1117 ἀναιρετικαὶ
1216 1082 1270 1109 τῶν
1281 1082 1364 1115 ’ἑξεων
1382 1082 1410 1108 αἱ
1428 1083 1580 1118 στερήσεις,
1597 1081 1634 1117 μὴ
1651 1081 1733 1117 μόνον
1751 1090 1814 1117 πρευ

1022 1127 1154 1163 σϐυτέραν
1167 1126 1236 1155 εἶναι
1253 1128 1303 1163 τῆς
1319 1127 1364 1154 τοῦ
1383 1128 1489 1163 Πατρὸς
1502 1128 1596 1159 οὐσίας
1610 1130 1660 1162 τὴν
1675 1127 1724 1153 τοῦ
1740 1127 1814 1161 Υἱοῦ,

1023 1173 1089 1200 ἀλλά
1109 1174 1157 1200 καὶ
1174 1174 1235 1201 ἀναι
1239 1183 1286 1210 ρου
1290 1174 1373 1209 μένην
1384 1173 1437 1200 ὑπὸ
1447 1172 1495 1199 τοῦ
1504 1173 1619 1208 Πατρός,
1631 1173 1693 1199 ὅσον
1703 1173 1751 1199 ἐπὶ
1759 1174 1814 1205 ταῖς

1023 1220 1084 1250 σαῖς
1095 1219 1249 1246 ὑποθέσεσι.

170 1264 349 1290 concesserit.
363 1263 419 1290 Aut
430 1270 536 1294 rursus,
558 1262 686 1297 quoniam
709 1260 821 1288 habitus
847 1260 1045 1296 privationibus
1069 1261 1176 1296 priores
1202 1265 1278 1294 sunt,
1300 1267 1332 1288 ac
1354 1261 1524 1296 privationes
1540 1262 1652 1290 habitus
1674 1264 1752 1299 ipsos
1762 1274 1807 1292 ex-

170 1310 322 1345 stinguunt,
342 1317 398 1338 non
423 1309 511 1337 solum
532 1309 670 1344 antiquior
693 1309 747 1335 erit
772 1307 832 1334 Filii
864 1307 984 1335 essentia
1007 1316 1088 1343 quam
1110 1308 1211 1343 Patris,
1237 1308 1284 1336 sed
1310 1308 1403 1342 etiam,
1424 1309 1503 1344 juxta
1524 1310 1688 1345 hypotbeses
1709 1317 1779 1346 tuas,
1796 1321 1808 1340 a

171 1357 253 1385 Patre
268 1356 468 1392 exstinguetur,
487 1363 520 1383 ac
534 1355 568 1383 de
583 1355 673 1384 medio
694 1355 815 1383 tolletur.

207 1405 278 1438 Quid
301 1404 391 1432 adhuc
423 1411 497 1431 nunc
518 1407 646 1438 superest
672 1410 703 1430 ex
739 1402 965 1429 ineluctabililms

1053 1403 1101 1434 Τίς
1130 1403 1170 1429 ἔτι
1198 1403 1278 1438 λόγος
1300 1403 1394 1436 αὐτοῖς
1419 1404 1475 1432 τῶν
1499 1405 1648 1439 ἀφύκτων;
1676 1407 1754 1443 Τάχα
1779 1408 1810 1434 ἂν

170 1453 300 1487 ipsorum,
325 1455 355 1478 ut
368 1456 475 1486 putant.
491 1451 677 1486 argumentis?
693 1450 821 1477 Fortasse
843 1450 878 1476 ad
895 1450 961 1477 illud

1039 1454 1064 1479 π’
1082 1453 1168 1487 ἐκεῖνο
1180 1451 1364 1487 καταφύγοιεν
1374 1453 1538 1485 τελευταῖον,
1553 1452 1590 1484 ὡς
1604 1452 1636 1479 Εἰ
1654 1453 1704 1489 μὲν
1717 1455 1749 1480 οὑ
1767 1455 1813 1480 πέ-

170 1503 335 1533 postremum
352 1497 508 1533 confugient
521 1506 528 1524 :
543 1497 571 1524 Si
585 1496 656 1524 Deus
676 1497 798 1532 gignendi
812 1497 891 1525 linem
906 1505 958 1526 non

170 1543 246 1577 fecit,
266 1544 423 1579 imperfecta
450 1549 491 1572 est
515 1545 665 1579 generatio.
688 1544 720 1571 Et
744 1545 851 1580 quando
879 1546 958 1573 ﬁnem

172 1588 293 1616 facturus
307 1589 370 1616 est?
397 1589 425 1617 Si
448 1595 538 1617 autem
567 1590 677 1624 gignere
696 1590 823 1623 cessavit,
850 1591 960 1618 omnino

172 1642 279 1669 quoque
299 1635 390 1670 cmpit.
408 1635 454 1663 Sic
465 1643 558 1663 rursus
583 1635 671 1663 crassi
702 1640 728 1662 ct
742 1635 864 1670 corporis
880 1639 960 1663 rebus

171 1679 243 1707 διίίιί
265 1680 391 1708 homines
417 1688 562 1715 corporeas
590 1681 808 1709 ratiocinationes
833 1681 959 1709 afferunt.

173 1725 228 1760 Ego
245 1733 308 1752 vero
324 1725 365 1753 sic
393 1727 543 1761 respondeo
562 1737 569 1753 :
589 1726 823 1761 Sentpitcrnuume
840 1727 876 1753 sit
891 1725 961 1753 Filio

174 1772 261 1803 nasci,
279 1779 376 1803 necne,
392 1772 510 1799 nondum
528 1771 598 1802 dico,
617 1771 792 1806 quoadusque
808 1771 872 1799 illud
885 1771 960 1799 Scri-

174 1820 262 1849 ptura:
278 1825 287 1843 ε
300 1816 368 1844 Ante
389 1825 477 1844 omnes
504 1817 583 1844 colles
596 1817 678 1852 gignit
695 1824 735 1843 me
747 1817 755 1832 ‘
772 1836 780 1851 ,
809 1817 961 1844 accuratius

177 1863 342 1897 expendero.
361 1863 426 1890 Illud
442 1868 532 1890 autem
554 1871 607 1891 non
629 1863 718 1895 video,
740 1870 820 1897 quant
838 1870 962 1890 necessa-

176 1909 250 1936 rium
264 1909 299 1936 sit
320 1909 370 1936 hoc
385 1917 478 1936 eorum
506 1913 707 1945 argumentum.
723 1909 752 1936 Si
770 1909 853 1942 enim,
869 1913 898 1935 ut
913 1907 962 1942 ipsi

177 1956 263 1986 aiunt.
280 1956 426 1990 aliquando
443 1956 469 1983 id
498 1957 591 1990 cmpit,
604 1957 675 1991 quod
700 1956 781 1984 ﬁnem
807 1956 962 1983 habiturum

179 2004 232 2029 est,
251 1996 372 2032 profecto
392 1996 416 2022 id
431 2004 482 2023 non
495 1998 587 2032 cmpit,
607 1997 678 2031 quod
695 1998 773 2025 ﬁnem
790 2005 842 2024 non
860 2002 902 2025 est
919 1998 967 2025 ha-

180 2042 312 2070 biturum.
334 2042 403 2075 Quid
422 2049 487 2077 ergo
506 2043 539 2069 de
558 2043 647 2070 anima
671 2043 712 2070 vel
732 2043 764 2070 de
780 2043 900 2077 angelica
921 2052 970 2071 na-

181 2094 244 2116 tura
258 2088 489 2122 pronuntiabunt?
517 2088 545 2116 Si
568 2089 730 2124 principium
761 2089 864 2123 habuit,
889 2089 969 2118 ﬁnem

181 2139 290 2180 quoque
303 2131 412 2180 habebit
428 2140 442 2180 ,ε
456 2133 482 2180 si
496 2138 585 2161 autent
612 2133 663 2180 ﬁne
677 2135 792 2180 carebit,
824 2135 969 2162 secundum
983 2153 1004 2180 υ

182 2185 232 2205 eos
244 2178 335 2212 utique
349 2178 481 2213 principio
497 2186 605 2214 quoque
626 2179 696 2206 hanc
715 2179 838 2207 caruisse
853 2184 969 2207 constat.

183 2223 264 2258 Atqui
279 2228 307 2251 et
323 2224 482 2259 principium
500 2224 605 2257 habuit.
631 2232 680 2252 nec
694 2232 812 2259 unquam
826 2232 887 2253 esse
899 2226 971 2253 desi-

185 2273 240 2298 net.
268 2269 377 2297 Falsum
402 2274 444 2297 cst
455 2270 543 2304 itaque
556 2271 627 2305 quod
640 2270 727 2302 aiunt,
746 2271 783 2302 id,
797 2272 867 2305 quod
892 2270 972 2298 liuent

186 2315 341 2342 habiturum
356 2320 412 2349 est,
429 2316 592 2351 principium
606 2323 713 2351 quoque
727 2316 864 2344 habuisse.
883 2316 974 2345 Enim-

186 2368 252 2388 vero
265 2361 387 2388 doctrina
402 2365 492 2388 nostra
505 2361 563 2388 haec
580 2366 623 2388 est
643 2372 650 2389 :
669 2360 704 2389 Ut
715 2361 789 2396 equi,
800 2366 828 2389 et
842 2362 929 2396 bovis,
948 2367 975 2388 et

188 2405 318 2439 hominis,
343 2414 376 2433 ac
391 2405 508 2441 denique
522 2406 734 2441 uniuscujusque
759 2414 851 2433 earum
874 2414 973 2439 rerum,

187 2458 248 2486 quas
269 2451 320 2479 sub
334 2452 403 2479 idem
416 2459 500 2486 genus
516 2452 625 2484 cadunt,
649 2452 743 2478 eadem
770 2456 812 2478 est
833 2451 975 2484 deﬁnitio;

188 2505 221 2524 ac
238 2497 368 2533 quidquid
394 2497 559 2525 deﬁnitionis
586 2496 698 2531 hujusce
710 2497 846 2532 particeps
860 2501 912 2528 est.
926 2497 978 2524 hoc

138 2575 142 2582 ι
189 2545 272 2571 etiam
302 2544 543 2578 propriedieitur;
571 2543 701 2578 quidquid
728 2547 817 2570 autem
843 2542 978 2577 particeps

190 2598 243 2618 non
258 2595 310 2623 est,
345 2591 395 2618 hoc
409 2591 450 2618 vel
476 2598 529 2617 non
546 2590 655 2622 diciturI
681 2589 722 2617 vel
737 2594 811 2617 certe
832 2588 979 2622 improprie

191 2635 289 2663 dicitur
312 2644 321 2662 :
333 2636 427 2663 eodem
443 2635 521 2662 modo
536 2643 615 2662 unam
631 2641 738 2670 quoque
757 2634 802 2661 Dei
824 2633 979 2665 essentiam,

192 2685 219 2707 et
236 2686 370 2714 naturam,
383 2685 410 2707 et
425 2680 633 2715 appellationem
650 2687 720 2713 esse,
743 2679 846 2707 tametsi
867 2686 914 2713 per
928 2685 977 2705 co-

1022 1506 1123 1524 παυται
1141 1496 1188 1524 τοῦ
1207 1497 1304 1533 γεννᾷν
1322 1497 1336 1523 ὁ
1355 1497 1431 1530 Θεὸς,
1451 1497 1549 1532 ἀτελὴς
1569 1497 1585 1532 ἡ
1603 1497 1742 1533 γέννησις.
1761 1498 1814 1525 Καὶ

1022 1543 1086 1570 πότε
1102 1543 1252 1575 nauseant;
1265 1543 1297 1569 Et
1308 1542 1337 1569 δὲ
1349 1542 1497 1574 πέπαυται,
1512 1543 1621 1575 πάντως
1637 1543 1686 1570 καὶ
1701 1544 1811 1580 ἧρξατο.

1022 1589 1106 1616 Πάλιν
1122 1589 1147 1615 οι
1167 1588 1318 1623 οωματικοὶ
1337 1588 1372 1615 τὰ
1401 1588 1555 1623 σωματικά.
1639 1588 1712 1623 Ἐγὼ
1738 1590 1777 1621 δὲ,
1791 1590 1814 1616 εί

1024 1634 1074 1670 μὲν
1084 1634 1167 1661 ἀΐδιον
1181 1633 1254 1670 αὑτῷ
1269 1634 1300 1661 τὸ
1312 1634 1458 1668 γεννᾶσθαι
1473 1634 1490 1670 ἢ
1509 1634 1558 1670 μὴ,
1575 1633 1653 1661 οὔπω
1663 1634 1747 1668 λέγω,
1765 1636 1815 1667 ἕως

1022 1679 1055 1707 ἂν
1071 1680 1112 1712 τὸ,
1131 1680 1190 1714 Πρὸ
1204 1679 1324 1707 πάντων
1335 1679 1461 1713 βουνῶν
1476 1679 1568 1715 γεννᾷ
1581 1689 1630 1714 με,
1656 1681 1816 1716 ἀκριῦέσῖε-

1024 1733 1070 1761 ρον
1143 1725 1345 1760 ὲπισκέψωμαι.
1362 1725 1418 1761 Οὐχ
1433 1725 1489 1761 ὁρῶ
1499 1725 1538 1756 δὲ,
1550 1725 1592 1756 τίς
1614 1726 1631 1761 ὴ
1646 1725 1756 1761 ἀνάγκη
1771 1726 1816 1752 τοῦ

1023 1771 1111 1806 λόγου.
1133 1771 1164 1798 Εἰ
1185 1771 1239 1806 γὰρ
1260 1769 1361 1806 ἦρκται
1381 1770 1442 1798 κατ’
1461 1771 1560 1803 αὐτοὺς
1582 1771 1613 1797 τὺ
1634 1772 1816 1807 παυσόμενον,

1023 1818 1072 1845 οὐκ
1087 1815 1189 1853 ἦρκται
1200 1818 1308 1849 πάντως
1323 1818 1354 1843 τὸ
1368 1817 1406 1853 μὴ
1416 1817 1597 1852 παυσόμενον.
1607 1817 1640 1843 Τί
1650 1817 1741 1843 τοίνυν
1753 1818 1815 1844 ἀπο-

1024 1863 1171 1899 φανοῦνται
1186 1864 1250 1898 περὶ
1262 1863 1361 1898 ψυχῆς,
1380 1863 1396 1899 ἢ
1411 1863 1460 1899 τῆς
1475 1862 1624 1898 ἀγγελικῆς
1642 1863 1769 1897 φύσεως
1786 1863 1814 1889 ΕΙ

1025 1909 1074 1944 μὲν
1085 1907 1196 1945 ἦρκται,
1210 1909 1257 1936 καὶ
1271 1908 1420 1936 παύσεται·
1439 1910 1464 1935 εί
1476 1909 1505 1935 δὲ
1518 1909 1548 1936 οὐ
1560 1909 1707 1941 παύσεται,
1725 1909 1814 1945 δῆλον,

1024 1955 1065 1982 ὅτι
1085 1956 1144 1982 κατ’
1156 1955 1255 1987 αὐτοὺς
1270 1955 1330 1982 οὐδὲ
1341 1952 1452 1991 ἦρκται.
1470 1955 1550 1982 Ἀλλά
1570 1956 1622 1991 μὴν
1637 1957 1684 1983 καὶ
1703 1954 1815 1991 ἦρκται.

1020 2000 1067 2026 καὶ
1093 2001 1123 2027 οὺ
1150 2009 1294 2027 παυσεται.
1315 2002 1372 2027 Ουκ
1389 2000 1443 2036 ἀρα
1457 1997 1558 2036 ἦρκται
1579 1999 1640 2026 κατ’
1662 1999 1761 2030 αὐτοὺς
1778 1998 1808 2025 τὺ

1020 2043 1201 2078 παυσόμενον,
1221 2044 1251 2070 ’0
1265 2044 1314 2078 μὲν
1326 2040 1372 2070 οὖν
1387 2043 1519 2079 ἡμέτερος
1530 2043 1624 2077 λόγος·
1640 2043 1747 2076 Ὥσπερ
1766 2042 1808 2068 ιπ-

1020 2097 1082 2121 που,
1100 2089 1146 2116 καὶ
1165 2089 1235 2124 βοὸς,
1259 2089 1306 2116 καὶ
1321 2089 1478 2125 ἀνθρώπου,
1491 2089 1538 2115 καὶ
1553 2089 1668 2115 ἑκάστου
1683 2087 1737 2113 τῶν
1757 2087 1808 2113 ὑπὸ

1019 2135 1049 2161 τὸ
1060 2134 1126 2162 αὐτὸ
1137 2132 1216 2167 εἶδος,
1230 2133 1269 2167 εἷς
1282 2134 1360 2168 λόγος
1425 2134 1499 2161 ἐστίν
1507 2143 1514 2149 ·
1523 2135 1570 2161 καὶ
1579 2134 1593 2160 ὅ
1607 2134 1655 2167 μὲν
1665 2133 1698 2160 ἂν
1708 2133 1810 2168 μετέχῃ

1019 2179 1065 2207 τοῦ
1076 2180 1168 2215 λόγου,
1184 2180 1262 2207 τοῦτο
1276 2180 1323 2207 καὶ
1339 2180 1442 2216 κυρίως
1453 2180 1579 2215 λέγεσθαι
1599 2185 1608 2193 '
1661 2178 1675 2205 ὅ
1690 2179 1711 2205 δ’
1723 2178 1758 2205 ἂν
1774 2179 1809 2214 μὴ

1022 2225 1135 2263 μετέχῃ,
1153 2225 1233 2252 τοῦτο
1246 2226 1262 2262 ἢ
1277 2226 1314 2262 μὴ
1331 2225 1492 2261 ).έγεσθαι,ἢ
1506 2225 1542 2260 μὴ
1554 2224 1655 2260 κυρίως
1663 2224 1809 2258 λέγεσθαι”

1021 2271 1092 2298 οὕτω
1100 2271 1127 2298 δὲ
1142 2272 1189 2298 καὶ
1198 2271 1265 2298 Θεοῦ
1278 2271 1343 2307 μίαν
1351 2271 1442 2298 οὐσίαν
1453 2269 1522 2298 εἶναι
1534 2272 1581 2298 καὶ
1591 2270 1680 2305 φύσιν,
1687 2270 1733 2296 καὶ
1743 2270 1812 2305 κλῆ-

1023 2325 1076 2349 σιν,
1086 2315 1136 2344 κᾶν
1145 2316 1276 2348 ἐπινοίαις
1287 2317 1342 2342 τισὶ
1355 2316 1556 2352 διαιρουμέναις
1570 2315 1757 2350 συνδιαιρῆται
1767 2315 1812 2342 καὶ

1023 2361 1056 2388 τά
1072 2361 1205 2396 όνόματω
1221 2362 1269 2389 καὶ
1280 2362 1294 2388 ὃ
1310 2362 1359 2397 μὲν
1373 2362 1406 2389 ἂν
1423 2362 1525 2397 κυρίως
1537 2361 1659 2396 λέγηται,
1673 2360 1752 2387 τοῦτο
1767 2360 1814 2386 καὶ

1024 2405 1094 2434 εἶναι
1109 2407 1190 2434 Θεόν·
1204 2407 1218 2434 ὃ
1236 2407 1257 2434 δ’
1272 2407 1304 2434 ἂν
1357 2407 1427 2434 κατὰ
1447 2407 1537 2441 φύσιν,
1553 2406 1633 2433 τοῦτο
1644 2406 1690 2433 καὶ
1704 2405 1814 2441 ἀληθῶς

1025 2451 1217 2487 ὀνομάζεσθαι·
1234 2453 1314 2488 εἴπερ
1331 2453 1367 2488 μὴ
1380 2453 1408 2479 ἐν
1422 2453 1561 2488 ὀνόμασιν,
1576 2452 1632 2478 ἀλλ’
1644 2453 1673 2478 ὲν
1683 2451 1814 2487 πράγμα-

1027 2496 1069 2523 σιν
1091 2497 1165 2523 ὲστιν
1183 2498 1249 2532 ἡμῖν
1269 2498 1285 2532 ἡ
1302 2497 1424 2533 ἀλήθεια.
1444 2498 1476 2524 Ol
1491 2497 1529 2529 δὲ,
1548 2497 1642 2533 ὥσπερ
1651 2496 1810 2529 δεδοικότες,

1029 2542 1066 2576 μὴ
1080 2542 1167 2569 πάντα
1185 2544 1270 2569 κινεῖν
1289 2542 1358 2569 κατὰ
1377 2543 1426 2578 τῆς
1438 2542 1577 2578 ἀληθείας,
1592 2542 1658 2568 Θεὸν
1679 2542 1729 2577 μὲν
1744 2539 1813 2568 εἶναι

1027 2587 1073 2613 τὸν
1085 2588 1148 2614 Υίὺν
1164 2589 1349 2623 ὁμολογοῦσιν,
1356 2590 1419 2616 ὅταν
1426 2588 1558 2624 βιασθῶσι
1569 2588 1608 2624 τῷ
1614 2589 1685 2624 λόγῳ
1699 2589 1744 2615 καὶ
1754 2590 1814 2619 ταῖς

1032 2633 1193 2668 μαρτυρίαις
1220 2640 1228 2649 '
1275 2634 1419 2670 ὁμώνυμον
1434 2634 1463 2661 δὲ
1476 2635 1523 2662 καὶ
1537 2635 1620 2670 μόνης
1638 2634 1815 2662 κοινωνοῦντα

1028 2677 1077 2713 τῆς
1090 2677 1222 2713 κλήσεως.

195 2728 338 2762 gitationes
367 2729 498 2762 quasdam
521 2728 675 2762 distinctas,
699 2727 808 2755 nomina
831 2733 939 2761 quoque
951 2725 1032 2753 simul
1044 2726 1261 2760 distinguantur:
1276 2732 1303 2754 et
1322 2727 1394 2762 quod
1427 2728 1535 2761 quidem
1565 2728 1675 2762 proprie
1705 2726 1815 2762 dicitur,

231 2813 238 2828 '
269 2812 346 2839 I‘mv.
365 2820 421 2846 \‘lll,
435 2812 480 2839 ‘25.
