1891 3076
47 116 104 148 5l9
533 114 722 146 PANOPLIA
742 114 973 146 DOGMATICA.
988 128 1020 134 -
1042 117 1118 148 ΤΙΤ.
1139 117 1207 149 VII.
1635 124 1689 156 570

49 175 78 202 id
97 174 180 202 etiam
214 173 299 202 Deum
330 181 410 207 esse;
432 179 460 201 et
488 182 584 201 rursus
599 173 670 209 quod
686 178 784 201 natura
820 181 868 201 sua
895 174 951 207 sit,
981 174 1034 202 hoc
1063 182 1173 210 quoque
1205 176 1316 212 proprie
1347 179 1501 214 nuncupari
1526 189 1534 208 :
1556 181 1690 216 siquidem

50 229 105 249 non
129 222 156 249 in
173 221 256 249 nudis
276 221 442 255 nominibus,
464 222 511 249 sed
527 215 556 249 in
572 222 654 250 rebus
668 222 746 250 nobis
761 222 861 249 veritas
873 222 925 250 sita
949 228 999 250 est.
1023 223 1058 250 At
1076 223 1130 257 isti,
1151 224 1265 259 perinde
1294 233 1325 253 ac
1350 227 1544 261 pertimescant
1566 215 1600 257 ne
1625 232 1690 266 quid

50 272 184 299 adversus
213 271 356 298 veritatem
383 271 526 298 immotum
550 270 716 306 relinquant,
740 271 825 297 Deum
848 271 958 306 quidem
980 271 1077 299 Filium
1098 279 1159 299 esse
1182 272 1313 306 fatentur,
1339 281 1400 301 cum
1426 274 1576 310 Scriptura:
1594 285 1626 305 ac
1641 286 1690 306 au-

49 319 208 348 ctoritatum
224 319 388 346 testimoniis
408 319 615 354 opprimantur;
634 318 682 346 sed
703 319 842 353 aequivoce
862 319 948 347 Deum
971 319 1038 353 diei,
1059 328 1092 348 ac
1112 319 1233 347 nominis
1259 320 1344 348 solius
1367 322 1531 357 participem
1544 331 1606 352 esse
1624 332 1692 352 con-

59 367 126 394 tend
131 371 190 394 unt.

88 413 173 439 ’οταν
198 413 226 440 δὲ
255 412 492 448 ἀνθυποφέρωμεν
518 413 622 445 αὐτοῖς,
647 411 680 438 Τί
704 410 779 446 οὖν;
807 412 839 439 οὗ
862 413 884 440 Α

927 412 996 439 Cum
1023 417 1115 439 autem
1153 412 1224 440 hanc
1254 412 1321 448 ipsis
1358 413 1540 448 objectioncm
1570 415 1686 450 subjici-

51 455 157 491 κυρίως
222 457 289 488 Θεὸς
302 457 317 483 ό
332 457 405 489 Υἱὸς,
418 457 512 494 ὥσπερ
523 459 584 486 οὐδὲ
597 459 665 492 ζῶον
678 459 707 486 τὸ
721 468 845 495 γεγραμ-

53 503 155 538 μένον;
176 502 234 534 πῶς
254 502 301 530 οὖν
316 504 391 538 Θεὸς,
407 506 431 532 εί
452 505 489 541 μὴ
511 505 614 543 κυρίως
632 506 712 538 Bede;
731 506 764 532 Τί
789 506 845 541 γὰρ

53 548 167 579 κωλύει,
189 548 266 582 φασὶ,
283 549 329 575 καὶ
345 549 478 585 ὁμώνυμα
489 551 576 577 ταῦτα
589 548 669 583 εἴναι,
684 551 730 578 καὶ
743 550 845 586 κυρίως

52 593 199 628 ἀμφότερα
218 593 358 628 λέγεσθαι;
374 595 428 621 Καὶ
447 596 636 631 προσοίσουσιν
655 597 721 632 ἡμῖν
738 596 783 623 τὸν
795 596 845 623 κύ-

53 647 98 670 να,
114 639 160 665 τὸν
177 641 315 675 χερσαῖον,
327 640 373 666 καὶ
389 640 435 667 τὸν
448 641 599 674 θαλάττιον,
617 641 749 678 ὀμώνυμά
759 651 788 668 τε
806 641 847 668 δν-

53 692 100 714 τα,
119 683 167 709 καὶ
181 684 284 719 κυρίως
352 684 485 720 λεγόμενα
500 685 567 721 (ἔστι
581 686 636 722 γάρ
654 695 680 713 τι
694 686 741 713 καὶ
760 685 847 712 τοιοῦ-

53 736 100 754 τον
112 727 183 760 εἶδος
193 728 222 754 ὲν
232 730 288 761 τοῖς
298 729 467 765 όμωνύμοις’
482 731 529 757 καὶ
546 732 601 758 είτε
617 741 643 758 τι
656 732 720 759 ἄλλο
730 733 762 768 τῇ
776 732 846 768 αὐτῇ

54 775 227 810 προσχρῆται
294 776 474 812 προσηγορίᾳ,
492 777 538 803 καὶ
563 777 669 813 μετέχει
683 778 786 814 ταύτης
798 778 847 804 ἑπ-

56 821 128 856 ίσης,
140 822 172 856 τῇ
186 821 265 855 φύσει
277 821 437 857 διεστηκός).
456 822 524 849 Ἀλλ’
538 823 597 850 ἐκεῖ
607 823 666 859 μὲν,
679 820 702 851 ὦ
715 824 846 859 βέλτιστε,

53 865 103 891 δύο
121 865 218 899 φύσεις
227 866 312 897 τιθεὶς
326 866 381 893 ῦπὺ
395 866 444 902 τὴν
461 867 544 903 αὐτὴν
561 869 757 904 προσηγορίαν,
772 869 848 896 οὐδὲν

54 911 163 947 ἀμείνω
177 911 225 947 τὴν
238 911 333 947 ἑτέραν
347 912 396 947 τῆς
411 912 507 948 ἑτέρας
519 914 649 949 είσάγεις,
662 915 722 941 οὐδὲ
735 915 784 950 τὴν
800 915 848 951 μὲν

54 958 202 994 πρότερον,
219 957 268 993 τὴν
282 958 310 984 δὲ
327 957 449 993 ὕστερον,
466 959 526 985 οὐδὲ
536 959 586 996 τὴν
604 960 653 995 μὲν
671 961 780 996 μᾶλλον,
798 960 848 996 τὴν

53 1004 85 1031 δὲ
96 1002 178 1040 ἦττον
191 1002 272 1031 οὖσαν
286 1003 357 1031 τοῦθ’
371 1005 439 1040 ὅπερ
453 1005 572 1040 λέγεται,
591 1006 657 1032 Οὐδὲ
671 1007 725 1042 γάρ
742 1015 768 1033 τι
783 1014 847 1032 συν-

54 1050 186 1082 έζευκται
197 1049 228 1076 τὸ
241 1049 341 1087 ταύτην
354 1050 473 1088 παρέχον
487 1051 582 1083 αὑταῖς
595 1051 644 1087 τὴν
661 1052 793 1088 ἀνάγκην.
809 1051 846 1079 0'3

900 456 982 476 mus:
1013 449 1083 482 Quid
1109 451 1193 484 ergo?
1221 459 1274 478 non
1306 455 1416 488 proprie
1443 455 1514 482 Deus
1533 461 1574 483 est
1587 449 1686 490 Filius,

900 495 1128 529 quemadmodum
1144 497 1169 523 id
1184 497 1254 531 quod
1271 498 1371 532 pictum
1387 504 1438 532 est,
1453 507 1505 526 non
1514 506 1555 528 est
1569 503 1689 530 animal?

901 540 1041 573 Quomodo
1060 548 1125 576 ergo
1141 542 1221 573 Deus.
1238 543 1259 569 si
1277 543 1348 570 Deus
1361 545 1469 579 proprie
1482 553 1534 573 non
1547 547 1605 574 est?
1634 547 1689 575 Re-

900 587 1052 622 spondent:
1066 587 1135 621 Quid
1157 589 1291 623 prohibet,
1315 592 1469 626 quominus,
1481 598 1508 620 et
1522 594 1579 622 lucc
1601 595 1688 630 tequi-

901 638 967 658 voca
985 632 1051 664 sint,
1067 637 1094 659 et
1110 633 1219 668 proprie
1239 638 1383 668 utrumque
1404 636 1531 664 dicatur?
1546 638 1584 665 Ac
1598 641 1686 671 nobis,

900 682 927 705 et
942 682 1108 712 terrestrem,
1136 683 1162 706 et
1182 680 1314 707 marinum
1345 688 1438 709 canem
1458 683 1605 717 proferent,
1627 686 1685 720 qui,

901 731 960 750 cum
977 724 1027 752 sub
1049 724 1144 752 eodem
1172 725 1280 753 nomine
1304 726 1436 754 diversam
1463 728 1687 763 signiﬁcationem

902 769 1032 803 habeant,
1048 771 1158 806 proprie
1171 775 1261 799 tamen
1279 772 1415 800 dicuntur.
1429 772 1488 809 (Est
1506 775 1577 802 enim
1594 775 1687 810 hujus-

903 815 976 843 modi
988 823 1094 851 quoque
1109 817 1213 851 species
1230 817 1351 851 qua-dam
1368 819 1440 846 inter
1453 820 1608 854 azquivoea;
1625 827 1651 849 et
1664 823 1686 850 si

900 862 965 897 quid
979 862 1060 895 aliud,
1073 863 1144 898 quod
1156 864 1250 890 eadem
1262 865 1445 900 appellatione
1461 871 1561 900 litatur,
1577 868 1688 904 ejusque

901 914 1027 942 pera‘que
1042 908 1178 943 particeps
1190 909 1237 941 sit,
1254 917 1314 937 cum
1332 910 1439 938 interim
1459 917 1562 940 natum:
1584 915 1688 942 ratione

902 953 1057 988 dissideat.)
1073 954 1119 986 At,
1138 955 1181 981 vir
1202 954 1315 989 optime,
1336 964 1397 983 cum
1423 957 1478 985 illic
1494 959 1561 986 duas
1577 966 1688 987 naturas

901 999 952 1026 sub
976 1000 1071 1027 eadem
1092 999 1271 1035 appellatione
1293 1002 1422 1036 collocas,
1454 1009 1579 1031 neutram
1604 1006 1687 1032 altera

902 1046 1121 1080 praestantiorem
1149 1046 1320 1080 introducis;
1345 1055 1396 1075 nec
1419 1048 1533 1076 alteram
1558 1051 1687 1085 priorem,

54 1096 113 1132 γὰρ
124 1097 139 1122 ό
152 1097 201 1132 μὲν
216 1096 314 1131 μᾶλλον
331 1097 414 1130 κύων,
428 1098 442 1124 ὁ
455 1097 483 1124 δὲ
495 1094 576 1132 ἧττον
589 1097 636 1124 τοῦ
647 1097 741 1133 ἑτέρου
756 1096 846 1130 κυνὸς,
868 1095 888 1122 Β

905 1091 1017 1119 alteram
1047 1092 1248 1126 posteriorem;
1274 1100 1323 1120 nec
1354 1094 1471 1129 denique
1490 1095 1602 1124 alteram
1628 1106 1689 1132 qua:

54 1140 114 1168 οἷον
130 1143 145 1168 ὁ
157 1142 297 1174 θαλάττιος
312 1143 359 1170 τοῦ
370 1143 508 1179 χερσαίου,
526 1143 543 1179 ἢ
559 1144 574 1170 ὁ
588 1144 714 1179 χερσαῖος
730 1142 848 1178 ἔμπαλιν

53 1187 106 1214 τοῦ
123 1187 282 1215 θαλαττίου·
302 1189 346 1215 διὰ
358 1190 384 1216 τί
404 1189 497 1226 γὰρ,ἦ
517 1189 586 1216 κατὰ
595 1189 654 1215 τίνα
668 1189 760 1223 λόγον;
779 1188 847 1216 Ἀλλ’

53 1234 87 1260 ἐν
108 1234 253 1269 ὁμοτίμοις
279 1235 422 1271 πράγμασι
442 1236 488 1262 καὶ
507 1234 654 1270 διαφόροις,
677 1235 694 1270 ἡ
722 1233 848 1261 κοινωνία

53 1279 109 1314 τῆς
126 1280 259 1315 κλήσεως.
283 1281 415 1307 Ἐνταῦθα
433 1281 460 1307 δὲ
477 1281 516 1316 τῷ
534 1280 594 1315 Θεῷ
612 1281 802 1316 παραζευγνὺς
818 1280 848 1308 τὸ

54 1326 220 1361 σεϐάσμιον,
232 1326 319 1352 καὶτὸ
333 1327 402 1361 ὑπὲρ
414 1327 503 1353 πᾶσαν
514 1326 607 1353 οὐσίαν
619 1324 688 1353 εἶναι
700 1327 746 1353 καὶ⁸
757 1327 848 1361 φύσιν,

53 1371 69 1397 ὃ
86 1371 171 1406 μόνου
190 1371 257 1397 Θεοῦ
272 1372 318 1398 καὶ
331 1371 412 1398 οἱονεὶ
426 1371 505 1406 φύσις
519 1371 654 1407 θεότητος,
670 1370 729 1399 εἶτα
741 1372 779 1407 τῷ
793 1373 848 1399 Πα-

52 1417 104 1452 τρὶ
116 1417 165 1451 μὲν
180 1416 258 1443 τοῦτο
269 1417 368 1449 διδοὺς,
381 1417 426 1444 τὸν
440 1417 503 1444 Υίὸν
514 1417 542 1444 δὲ
552 1418 710 1453 ἀποστερῶν
724 1418 771 1445 καὶ
781 1418 848 1444 ὑπο-

51 1461 156 1493 τιθεὶς,
168 1462 215 1488 καὶ
225 1461 259 1488 τὰ
271 1462 384 1498 δεύτερα
397 1462 486 1498 νέμων
497 1462 571 1497 αὐτῷ
581 1462 632 1497 τῆς
646 1463 728 1497 τιμῆς
743 1462 792 1498 καὶι
800 1462 849 1498 τῆς

52 1507 283 1542 προσκυνήσεως,
300 1507 350 1533 κᾶν
365 1508 424 1539 ταῖς
439 1507 582 1539 συλλαϐαῖς
594 1506 692 1542 χαρίζῃ
703 1507 732 1534 τὺ
746 1508 848 1542 ὅμοιον,

51 1551 97 1587 τῷ
111 1551 255 1586 πράγματι
268 1552 317 1587 τὴν
331 1552 446 1588 θεότητα
458 1553 641 1588 περικόπτεις,
657 1552 704 1579 καὶ
719 1552 849 1588 μεταϐαί-

51 1606 116 1629 νεις
130 1598 293 1632 κακούργως
306 1597 359 1624 ἀπὸ
374 1598 423 1631 τῆς
436 1597 465 1624 τὸ
478 1597 534 1624 ἴσον
549 1598 664 1633 ἐχούσης
679 1598 849 1633 ὁμωνυμίας,

51 1642 106 1669 ἐπὶ
120 1642 170 1677 τὴν
186 1641 221 1668 τὰ
239 1641 276 1676 μὴ
291 1641 337 1669 ἴσα
350 1641 521 1670 συνδέουσαν.
539 1643 619 1669 Ὥστε
630 1643 645 1668 ὁ
657 1642 779 1678 γραπτός
795 1650 848 1675 σοι,

53 1689 110 1715 καὶ
125 1689 141 1714 ὁ
161 1687 215 1720 ζῶν
228 1687 369 1722 ἄνθρωπος
386 1687 495 1723 μᾶλλον,
515 1688 532 1723 ἢ
548 1689 572 1714 οἱ
587 1688 634 1714 τοῦ
653 1688 850 1723 ὑποδείγματος

53 1734 144 1766 κύνες
158 1735 191 1769 τῇ
206 1733 313 1769 θεότητι
330 1733 534 1769 πλησιάζουσιν.
552 1735 586 1761 Ἦ
602 1734 646 1766 δὸς
732 1733 851 1770 ἀμφοτέ-

54 1785 130 1814 ροις,
146 1776 241 1810 ὥσπερ
251 1783 299 1810 την
313 1776 454 1802 κοινωνίαν
462 1776 513 1811 τῆς
525 1776 658 1812 κλήσεως,
673 1777 744 1804 οὕτω
764 1777 792 1803 δὲ
807 1778 854 1804 καὶ
869 1771 890 1799 C

51 1823 111 1860 τὴν
127 1822 274 1858 ὁμοτιμίαν
296 1822 351 1848 τῶν
374 1821 482 1857 φύσεων
511 1843 519 1855 ,
589 1823 614 1849 εἰ
639 1823 686 1849 καὶ
708 1822 853 1859 διαφόρους

50 1868 164 1899 ταύτας
178 1868 311 1902 εἰσάγεις·
329 1867 377 1894 καὶ
396 1868 581 1900 καταλέλυκάς
601 1877 647 1895 σου
669 1869 731 1900 τοὺς
756 1869 850 1902 κύνας,

50 1913 108 1945 οὓς
125 1913 236 1949 ἐξεῦρες
250 1913 322 1940 κατὰ
335 1914 385 1949 τῆς
398 1914 565 1950 ἀνισότητος.
582 1915 614 1941 Τί
626 1915 680 1950 γὰρ
692 1915 787 1950 όφελος
800 1915 851 1951 τῆς

51 1959 232 1994 ὁμωνυμίας,
249 1960 272 1986 εί
283 1960 313 1986 ei)
332 1960 452 1996 ἰσότιμον
467 1960 504 1996 μὴ
519 1960 606 1996 ἔχοιεν
681 1962 705 1987 ot
714 1961 788 1997 παρὰ
801 1961 849 1987 σοῦ

50 2004 255 2040 διαιρούμενοι.
276 2006 314 2032 Οὐ
342 2006 397 2040 γὰρ
413 2007 447 2033 ἵν’
541 2007 649 2042 ἰσότιμα
670 2006 769 2042 δείξῃς,
793 2006 850 2033 ἀλλ’

52 2051 103 2077 ἵνα
121 2050 277 2086 ἀνισότιμα,
296 2052 364 2086 πρὸς
380 2052 430 2088 τὴν
440 2053 610 2088 ὁμωνυμίαν,
626 2053 674 2080 καὶ
689 2054 752 2085 τοὺς
766 2053 851 2085 κύνας

51 2097 224 2130 κατέφυγες.
239 2097 301 2129 Πῶς
315 2097 348 2125 ἄν
358 2107 399 2130 τις
419 2099 558 2135 ἐλεγχθείη
577 2099 687 2134 μᾶλλον,
702 2099 750 2126 καὶ
762 2099 851 2135 ἑαυτῷ

52 2143 226 2179 μαχόμενος,
242 2143 289 2170 καὶ
305 2143 427 2180 θεότητι;

903 1137 1000 1171 magis,
1016 1136 1127 1164 alteram
1142 1145 1202 1172 qua:
1219 1139 1308 1165 minus
1325 1138 1361 1165 sit
1375 1139 1401 1166 id
1421 1140 1492 1174 quod
1507 1148 1566 1168 esse
1580 1142 1688 1170 dicitur.

901 1182 995 1218 Neque
1010 1184 1082 1211 enim
1099 1184 1245 1219 quidquam
1264 1185 1438 1219 conjunctum
1458 1191 1510 1220 est,
1533 1187 1605 1222 quod
1621 1188 1690 1214 hanc

903 1228 969 1263 ipsis
984 1228 1173 1256 necessitatem
1188 1229 1293 1256 atterat.
1308 1229 1366 1257 Non
1390 1231 1462 1258 enim
1477 1231 1522 1259 hic
1536 1233 1612 1259 canis
1631 1241 1690 1259 ma-

902 1274 943 1309 gis
960 1275 1037 1302 canis
1064 1279 1115 1307 est,
1142 1282 1222 1310 quam
1235 1275 1279 1303 ille
1305 1276 1394 1308 canis,
1421 1276 1473 1303 hoc
1487 1281 1538 1309 est,
1570 1278 1690 1304 marinus

904 1321 988 1356 magis
1002 1329 1083 1356 quam
1101 1322 1248 1355 terrestris,
1265 1322 1306 1350 vel
1320 1327 1428 1356 contra,
1447 1324 1587 1350 terrestris
1605 1324 1690 1358 magis

904 1374 984 1401 quam
1002 1367 1144 1400 marinus;
1163 1375 1213 1395 cur
1238 1368 1321 1401 enim,
1346 1372 1393 1396 aut
1417 1376 1470 1402 qua
1499 1369 1622 1396 ratione?
1637 1370 1690 1396 Se-l

904 1413 930 1440 in
949 1413 1041 1446 rebus,
1063 1414 1179 1441 diversis
1198 1414 1306 1448 quidem
1321 1413 1385 1446 illis,
1402 1421 1495 1441 verum
1512 1414 1570 1448 pari
1587 1415 1691 1441 honore

903 1459 1036 1494 praeditis,
1057 1459 1210 1487 communis
1228 1464 1269 1487 est
1284 1459 1441 1494 appellatio.
1469 1459 1519 1487 llic
1531 1467 1608 1492 vero,
1627 1467 1689 1487 cum

905 1505 960 1533 Deo
973 1505 1175 1533 venerationem
1188 1504 1331 1541 adjungas,
1352 1512 1469 1540 eumque
1481 1512 1564 1539 supra
1581 1512 1690 1532 omnem

904 1550 1052 1578 essentiam
1070 1554 1097 1577 et
1110 1555 1234 1577 naturam
1249 1557 1309 1577 esse
1329 1550 1404 1578 dicas
1436 1550 1519 1585 (quod
1536 1549 1581 1576 Dei
1606 1549 1691 1576 solius

905 1601 957 1630 est,
974 1601 1002 1624 et
1031 1596 1104 1624 velut
1127 1596 1280 1623 divinitatis
1305 1595 1434 1631 natura),
1451 1603 1484 1623 ac
1507 1596 1602 1623 deinde
1617 1595 1690 1621 Patri

905 1643 1013 1677 quidem
1040 1643 1092 1670 boc
1111 1642 1226 1675 tribuas,
1244 1642 1342 1670 Filium
1371 1647 1461 1669 autem
1483 1642 1591 1677 prives,
1610 1645 1692 1675 atque

906 1689 1047 1723 subjicias,
1073 1689 1261 1724 secundusque
1281 1689 1320 1716 illi
1349 1688 1462 1716 honoris
1483 1692 1511 1715 et
1527 1687 1694 1714 adoratiouis

909 1741 1001 1769 partes
1015 1730 1149 1770 assignes,
1164 1736 1289 1770 quamvis
1312 1735 1458 1762 verborum
1473 1734 1585 1770 syllabis
1602 1742 1692 1769 aaqua~

906 1778 1008 1805 litatem
1026 1779 1076 1813 ipsi
1089 1779 1224 1813 largiaris,
1244 1786 1273 1806 re
1288 1779 1343 1813 ipsa
1361 1782 1451 1805 tamen
1474 1778 1643 1805 divinitatem
1660 1780 1685 1806 ei

906 1829 1041 1858 amputas,
1054 1832 1086 1851 ac
1100 1824 1261 1852 veteratorie
1271 1825 1304 1851 ab
1320 1824 1369 1851 hoc
1383 1823 1563 1858 homonymire
1574 1831 1686 1859 genere,

905 1869 976 1904 quod
1002 1869 1184 1904 aequalitatem
1215 1869 1417 1903 complectitur.
1445 1869 1479 1895 ad
1503 1876 1587 1903 genus
1619 1869 1685 1896 illud

905 1915 1016 1947 transis,
1032 1915 1105 1950 quod
1135 1922 1179 1942 res
1205 1915 1323 1949 aequales
1350 1914 1461 1941 minime
1484 1915 1629 1942 connectit.
1647 1915 1686 1942 Ac

902 1961 1027 1996 proinde,
1054 1965 1083 1988 ut
1110 1961 1223 1995 quidem
1240 1961 1423 1995 argumentari
1443 1960 1574 1992 instituis,
1598 1961 1687 1995 pictus

904 2006 949 2034 ille
960 2013 992 2033 ac
1006 2006 1084 2033 vivus
1100 2006 1192 2037 homo.
1217 2006 1250 2033 ad
1274 2005 1443 2032 divinitatem
1472 2006 1686 2033 adumbrandam

904 2052 1015 2087 propius
1032 2052 1177 2085 accedunt,
1195 2060 1275 2087 quam
1291 2059 1384 2084 canes,
1396 2059 1464 2087 quos
1477 2052 1594 2085 exempli
1604 2059 1687 2079 causa

904 2097 1081 2132 proposuisti.
1099 2097 1206 2132 Alioqui
1224 2098 1343 2132 utrique,
1368 2102 1399 2123 ut
1415 2104 1512 2124 nomen
1531 2104 1686 2130 commune,

903 2143 944 2170 sic
960 2143 1042 2170 etiam
1057 2149 1149 2178 parem
1163 2148 1267 2170 naturae
1288 2142 1446 2177 dignitatem
1465 2143 1562 2175 tribue,
1579 2143 1687 2170 etiamsi

53 2190 186 2215 diversas
201 2195 247 2216 eas
264 2188 388 2221 inducis;
405 2194 486 2224 atque
505 2188 542 2216 ita
556 2197 636 2217 canes
648 2190 707 2218 illos
721 2194 780 2217 tuos
796 2187 938 2220 deleveris,
954 2194 1022 2222 quos
1050 2187 1083 2213 ad
1103 2187 1269 2221 probandam
1303 2186 1390 2214 Patris
1410 2195 1442 2214 ac
1475 2187 1536 2214 Filii
1565 2187 1687 2222 inmqua-

52 2234 168 2261 litatem

282 2234 455 2269 excogitasti.
482 2235 547 2269 Quis
569 2236 642 2263 enim
671 2233 850 2270 homonymia:
867 2234 980 2264 fructus,
993 2233 1015 2260 si
1033 2233 1163 2266 dignitate
1179 2239 1257 2266 pares
1287 2232 1350 2262 sint.
1367 2232 1411 2266 qui
1425 2239 1440 2259 a
1456 2236 1482 2259 te
1506 2232 1680 2261 dividuntur?

49 2281 114 2308 Nec
129 2280 214 2312 enim,
228 2285 258 2308 ut
283 2288 330 2308 eos
355 2282 456 2309 honore
475 2282 604 2317 aequales,
617 2283 664 2310 sed
679 2287 707 2310 ut
722 2283 844 2317 dispares
863 2279 1033 2312 ostenderes,
1060 2279 1093 2306 ad
1115 2278 1315 2314 homonyrniam
1340 2277 1425 2310 illam,
1443 2283 1471 2304 et
1503 2286 1584 2306 canes
1616 2286 1683 2306 con-

51 2326 168 2361 fugisti.
200 2325 323 2359 Quonam
350 2327 430 2355 modo
462 2328 594 2363 quispiam
620 2328 706 2363 magis
724 2326 847 2355 convinci
868 2329 961 2362 queat,
977 2330 1003 2353 et
1015 2332 1105 2352 secum
1126 2324 1193 2359 ipse,
1212 2328 1239 2351 et
1252 2332 1313 2352 eum
1326 2324 1466 2352 divinitate
1479 2326 1617 2360 pugnare?

175 2371 238 2398 Ἐὰν
251 2372 280 2398 δὲ
296 2372 429 2407 λεγόντων
443 2373 530 2409 ἡμῶν,
547 2374 587 2401 ὅτι
602 2374 641 2410 τῷ
655 2374 733 2410 αἰτίῳ
751 2374 851 2410 μείζων
868 2374 890 2401 D

48 2417 64 2443 ὀ
87 2416 192 2452 Πατὴρ
203 2416 251 2443 τοῦ
264 2416 342 2449 Υἶοῦ,
357 2418 557 2453 προσλαϐόντες
567 2418 627 2454 τὴν,
640 2419 677 2445 Τὸ
692 2419 722 2446 δὲ
806 2418 851 2446 αι’⁹

47 2469 118 2487 ⁴τιον
135 2461 227 2495 φύσει,
244 2461 392 2497 πρότασιν·
417 2462 522 2496 ἔπειτα,
540 2463 576 2489 To
595 2463 687 2499 μεῖζον
703 2463 736 2498 τῇ
758 2463 851 2497 φύσει,

49 2507 228 2541 συνάγωσιψ
251 2508 301 2534 οὐκ
317 2506 376 2535 οἶδα
395 2510 508 2544 πότερον
521 2509 634 2540 ἑαυτοὺς
655 2508 851 2544 παραλογίζον-

48 2562 114 2586 ται,
129 2553 146 2587 ἢ
161 2553 224 2584 τοὺς
237 2552 304 2588 πρὸς
319 2553 366 2586 οὒς
378 2555 392 2580 ό
402 2554 490 2588 λόγος.
504 2555 541 2581 Οὐ
553 2555 607 2590 γὰρ
616 2554 709 2586 ἁπλῶς
723 2573 732 2586 ,
800 2555 850 2581 ὅσα

49 2598 130 2626 κατά
140 2607 214 2630 τινος
225 2598 344 2633 λέγεται,
359 2599 446 2626 ταῦτα
458 2600 504 2626 καὶ
519 2600 591 2627 κατὰ
608 2600 655 2627 τοῦ
670 2599 849 2635 ὑποκειμένου

47 2644 145 2680 τούτῳ
163 2644 329 2679 ρηθήσεται¹
342 2643 410 2671 ἀλλὰ
431 2645 508 2680 δῆλον
530 2645 600 2672 κατὰ
611 2645 692 2677 τίνος,
710 2645 758 2672 καὶ
778 2645 849 2672 τίνα.

56 2689 142 2717 Ἐπεὶ
154 2688 181 2715 τί
194 2688 293 2715 κωλύει
309 2689 380 2724 κάμὲ
393 2689 495 2724 ταύτην
509 2689 639 2724 πρότασιν
655 2689 849 2724 ποιησάμενον,

47 2736 119 2771 τὴν,
145 2735 188 2762 ὅτι
208 2735 237 2762 '0
253 2735 348 2771 Πατὴρ
361 2735 462 2770 μείζων
472 2736 506 2771 τῇ
522 2735 612 2770 φύσει,
627 2735 721 2762 ἔπειτα
732 2735 851 2771 προσλα-

49 2782 142 2809 6όντα
159 2781 200 2812 τὺ,
228 2781 309 2808 Φύσει
326 2782 355 2808 δὲ
369 2782 400 2808 οῦ
420 2781 529 2813 πάντως
547 2782 647 2817 μείζων
667 2781 727 2808 οὐδὲ
739 2782 847 2817 Πατὴρ

47 2826 186 2857 ἐντεῦθεν
203 2828 378 2861 συναγαγεῖν·
396 2827 432 2854 Τὸ
464 2827 555 2862 μεῖζον
570 2828 600 2854 οὐ
618 2828 725 2860 πάντως
742 2826 847 2861 μεῖζον·

1015 2372 1075 2400 Jam
1095 2372 1117 2399 si
1137 2371 1288 2399 dicentibus
1306 2371 1394 2404 nobis,
1419 2372 1541 2405 Patrem,
1555 2378 1686 2409 quantum

905 2419 939 2446 ad
952 2425 1074 2450 causam,
1088 2417 1156 2445 Filio
1172 2417 1302 2452 majorem
1316 2425 1386 2450 esse,
1405 2418 1455 2453 ipsi
1478 2418 1547 2445 hanc
1563 2420 1686 2454 proposi-

900 2464 1000 2491 tionetn
1015 2468 1173 2490 assumant:
1187 2463 1222 2490 Αι
1232 2470 1313 2490 causa
1332 2469 1426 2491 natura
1440 2472 1447 2497 ξ
1461 2469 1607 2499 posteaque
1620 2473 1686 2492 cott-

900 2509 1052 2538 clusionem
1070 2510 1141 2537 hanc
1171 2510 1356 2537 srrlmectant;
1376 2509 1447 2544 Ergo
1469 2509 1555 2544 major
1571 2515 1685 2543 natura;

902 2556 974 2582 haud
989 2555 1058 2586 scio,
1077 2555 1217 2588 seipsnsue
1244 2556 1344 2589 potius,
1370 2563 1403 2583 an
1432 2563 1490 2587 eos,
1515 2563 1575 2583 cum
1588 2556 1688 2590 quibus

900 2601 1051 2636 disputant,
1064 2601 1186 2636 captiosa
1215 2601 1266 2628 hac
1281 2602 1518 2636 argumentatione
1531 2601 1687 2629 circumve-

902 2647 987 2674 niant.
1005 2646 1097 2681 Neque
1112 2648 1185 2674 enim
1211 2647 1382 2682 simpliciter,
1407 2655 1573 2682 quarumque
1590 2648 1622 2674 de
1635 2647 1686 2674 ali-

900 2699 953 2726 quo
965 2693 1102 2724 dicuntur,
1120 2692 1203 2720 etiam
1214 2692 1247 2720 de
1259 2700 1303 2724 eo,
1320 2693 1391 2725 quod
1406 2692 1455 2726 ipsi
1470 2692 1621 2727 subjectum
1633 2697 1686 2725 est,

900 2738 1048 2771 dicuntur;
1064 2738 1111 2765 sed
1140 2738 1311 2772 perspicuum
1333 2742 1375 2765 est
1393 2739 1426 2765 de
1440 2745 1505 2772 quo,
1519 2742 1546 2764 et
1561 2744 1686 2771 quaenam

900 2783 1035 2811 dicantur.
1064 2783 1172 2818 Alioqui
1198 2783 1262 2818 quid
1291 2783 1427 2817 prohibet,
1457 2783 1601 2817 quominus
1629 2782 1686 2817 ipso

900 2837 1008 2864 quoque
1025 2829 1104 2856 allata
1130 2829 1181 2858 hae
1203 2829 1388 2867 propositione
1408 2838 1414 2855 :
1439 2828 1518 2856 Pater
1533 2827 1618 2862 major
1640 2836 1686 2856 na-
