1891 3076
203 115 254 148 571

808 115 1002 147 EUTllYMII
1023 116 1206 146 ZlGABENI

1793 116 1837 149 57.7

203 187 263 208 Iura
277 186 338 215 est;
355 189 387 209 ac
411 181 509 209 deinde
534 185 673 215 assumpta
700 180 783 207 altera
799 188 806 206 :
826 179 926 207 Natura
943 187 989 206 au<

1058 182 1074 216 Ι,
1091 181 1120 207 '0
1135 181 1230 215 Πατὴρ
1245 181 1276 207 οὑ
1293 179 1401 211 πάντως
1415 181 1520 215 Πατήρ.
1536 180 1567 206 Εἰ
1582 179 1672 214 βούλει
1686 179 1715 205 δὲ
1735 178 1834 211 οὕτως·

203 235 256 256 lcm
270 236 322 255 non
338 227 448 255 omnino
463 226 559 261 major,
576 234 662 261 neque
675 226 773 259 Pater;
789 226 827 253 ita
854 230 991 260 postremo

202 275 380 302 concludam:
396 273 483 308 Majns
513 273 596 308 igitur
618 281 671 300 non
683 273 792 300 omnino
815 272 922 306 majus;
938 271 990 304 vel,

203 319 285 347 Pater
297 327 348 346 non
373 319 484 346 omnino
508 317 599 344 Pater.
624 317 678 344 Aut
711 317 733 343 si
757 317 853 349 mavis,
867 317 901 343 ad
920 317 992 343 hunc

203 365 313 392 modum
343 371 443 399 agam:
467 364 537 390 Deus
561 366 602 390 est
628 362 765 389 essentia:
790 362 913 389 Essentia
936 369 989 390 non

205 411 316 436 omnino
332 414 373 436 est
399 409 485 442 Deus;
514 408 585 442 quod
611 407 728 442 sequilut
761 408 818 442 ipse
838 407 987 435 conclude:

206 458 277 492 Ergo
294 457 365 484 Deus
383 463 435 483 non
451 455 562 482 omnino
583 455 662 482 Deus.
685 453 795 486 Verum,
812 454 839 481 ni
857 454 945 486 fallor,
955 454 989 481 ab

202 506 248 532 eo,
265 499 337 534 quod
353 499 500 526 secundum
518 499 651 525 rationem
672 499 814 532 quamdam
831 498 940 528 dicitur,
956 498 990 525 ad

205 545 230 573 id
246 545 316 580 quod
328 545 486 578 simpliciter
494 544 603 576 dicitur,
616 545 735 578 captiose
747 544 919 578 progreditur
932 544 990 570 haec

1051 226 1081 252 '0
1108 225 1184 257 Θεὸς,
1201 225 1294 251 οὐσία·
1319 225 1350 252 Ἦ
1367 225 1445 251 οὐσία
1474 225 1513 256 δὲ,
1528 225 1559 251 οὐ
1585 226 1694 256 πάντως
1712 225 1796 255 Θεὸς·
1814 225 1837 250 τὸ

1046 271 1111 305 ἑξῆς
1123 271 1202 302 αὐτὸς
1218 272 1353 305 συνάγαγε
1387 277 1395 285 ⁶
1461 271 1491 297 ’0
1504 270 1570 302 Θεὸς
1588 271 1617 297 οὐ
1637 271 1748 302 πάντως
1763 270 1836 301 θεὸς.

1052 317 1121 343 Ἀλλ’
1134 315 1220 352 οἶμαι,
1235 319 1310 352 παρὰ
1323 318 1352 344 τὸ
1365 318 1403 352 πῆ
1487 317 1534 343 καὶ
1548 316 1640 348 ἁπλῶς
1656 318 1670 342 6
1688 316 1836 351 παραλογι-

1047 364 1115 399 σμὺς
1125 362 1213 395 οὗτος,
1226 364 1263 396 ὡς
1278 365 1334 395 τοῖς
1346 373 1378 390 πε
1383 365 1409 400 ρὶ
1423 364 1510 390 ταῦτα
1522 363 1692 398 τεχνολογεῖν
1710 362 1834 397 σύνηθες.

1051 409 1146 445 Ἦμῶν
1164 409 1217 445 γὰρ
1233 409 1266 436 τὸ
1282 408 1382 444 μεῖζον
1394 411 1426 444 τῇ
1438 409 1484 435 τοῦ
1500 409 1584 436 αἰτίου
1602 409 1680 443 φύσει
1700 408 1836 436 διδόντων.

1045 456 1123 484 αὐτοὶ
1133 455 1163 482 τὸ
1174 457 1206 491 τῇ
1225 455 1303 490 φύσει
1322 454 1413 490 μεῖζον
1425 455 1585 488 ἐπάγουσιν
1601 454 1695 490 ὥσπερ
1708 455 1743 480 ἂν
1815 457 1835 480 εὶ

1045 501 1093 527 καὶ
1121 501 1255 534 λεγόντων
1272 500 1360 535 ὴμῶν,
1378 501 1418 526 ὃτι
1432 501 1446 526 6
1459 500 1532 526 δεῖνα
1557 499 1652 535 νεκρὸς
1682 500 1837 534 ἄνθρωπος,

1045 547 1138 579 ἁπλῶς
1151 547 1253 582 ἐπῆγον
1262 546 1339 573 αὐτοὶ
1355 545 1401 573 τόν
1416 545 1567 581 ἄνθρωπον.

206 588 418 623 argumentatio,
432 588 505 622 quod
523 588 590 615 artis
612 587 694 622 hujus
713 587 844 614 studiosis
859 587 991 614 usitatum
1006 592 1084 615 estet
1101 588 1245 615 familiare.
1265 587 1332 614 Nam
1358 596 1420 615 cutn
1445 596 1495 615 nos
1514 589 1585 615 hanc
1605 597 1713 619 vocem,
1731 591 1834 623 maius,

205 642 294 663 causa:
310 639 416 662 natura:
428 635 592 665 tribuamus,
604 634 725 661 inferunt
737 633 799 668 ipsi,
817 641 927 661 causam
943 639 1040 662 natura
1050 635 1180 669 majorem
1198 643 1270 663 esse.
1287 635 1366 669 Quod
1382 635 1497 670 perinde
1521 642 1575 670 est,
1592 644 1624 664 ac
1639 637 1661 663 si
1674 637 1834 664 dicentibus

203 681 284 709 nobis
299 690 306 709 :
325 682 374 709 Hic
389 687 514 710 mortuus
527 683 626 715 homo;
642 682 776 709 inferrent
789 681 841 716 ipsi
858 689 866 709 :
886 681 956 717 Ergo
972 682 1068 710 homo.

240 728 384 761 Quomodo
410 732 502 756 autem
532 728 614 760 istud,
642 728 717 764 quod
747 732 822 756 certe
851 736 905 755 non
936 728 987 755 mi-

206 777 265 802 nori
283 775 463 802 admiratione
479 776 590 810 dignum
618 781 671 807 est,
695 783 775 810 quam
792 783 851 810 qua:
870 777 1024 815 superiusB

209 822 281 848 dicta
297 826 372 854 sunt,
397 821 655 856 praetermittemus?
675 821 773 853 Pater,
801 821 937 857 inquiunt,
954 822 995 850 vel

204 868 343 900 esseulizr,
376 867 419 894 vel
445 867 561 895 actionis
587 875 686 895 nomen
714 871 771 895 est:
801 867 841 894 sic
861 868 933 894 enim
946 876 995 896 nos

206 913 333 948 utrinque
350 913 387 940 ita
414 914 545 941 astrictos
573 918 678 948 putant,
696 918 726 940 ut
750 913 821 940 trulla
841 915 945 942 ratione
959 923 993 942 ex

205 966 299 985 eorum
320 958 436 986 vinculis
450 959 520 986 elabi
541 960 686 994 possimus.
713 960 741 988 Si
763 961 836 988 enim
867 963 994 989 essentia:

208 1011 305 1030 nomen
319 1012 379 1031 esse
392 1005 552 1037 dixerimus,
565 1006 755 1037 assentiemur,
783 1011 812 1032 ut
824 1007 992 1040 existimant,

207 1050 307 1077 Filiqu
328 1050 463 1078 diversam
477 1059 492 1078 a
513 1051 593 1078 Patre
608 1052 753 1079 essentiam
768 1052 887 1080 habere:
903 1060 991 1087 quan-

208 1097 351 1130 doquidem
382 1104 434 1123 nua
459 1098 495 1124 sit
520 1097 565 1124 Dei
589 1098 718 1129 essentia,
742 1105 822 1132 quam
850 1098 940 1130 Pater,
961 1104 992 1126 ut

209 1142 332 1169 censent,
343 1145 398 1170 1am
428 1143 491 1165 ante
519 1141 669 1173 occuparit.
688 1140 736 1167 Sin
753 1147 843 1168 autent
867 1142 990 1176 actionis,

205 1188 328 1210 creatum
345 1190 405 1210 esse
434 1184 590 1217 fatebimur,
721 1195 775 1215 non
792 1188 923 1222 genitum.
942 1189 992 1215 Ubi

204 1230 278 1257 enim
293 1234 335 1257 est
351 1237 442 1264 agens,
458 1231 514 1258 illic
529 1239 637 1266 quoque
653 1233 765 1260 omnino
785 1234 811 1260 id
824 1235 894 1268 quod
906 1234 994 1269 agitur

203 1283 267 1304 esse
280 1284 390 1304 necesse
414 1283 465 1305 est.
496 1279 535 1305 Ac
550 1279 644 1306 mirari
676 1287 706 1307 se
721 1280 822 1311 dicent,
846 1288 899 1315 quo
916 1286 994 1315 pacto

206 1322 305 1349 factum
331 1331 391 1350 cum
420 1324 525 1352 factore
548 1326 619 1353 idem
645 1333 707 1354 esse
721 1332 814 1362 queat.
828 1327 868 1354 Me
887 1336 994 1363 quoque

205 1367 294 1401 ipsum
311 1370 487 1397 vehementer
515 1372 570 1399 haec
589 1373 725 1400 distinctio
748 1378 836 1401 vestra
854 1381 994 1408 permove-

206 1419 257 1445 ret,
270 1414 292 1440 si
309 1415 373 1441 Inibi
384 1416 497 1442 duorum
511 1416 671 1444 alterutrum
686 1419 840 1446 necessario
851 1420 995 1447 admitten-

210 1457 272 1484 dum
287 1464 369 1491 esset,
400 1467 431 1486 ac
459 1468 511 1486 non
539 1462 640 1495 potius,
667 1467 781 1495 utraque
808 1461 995 1495 disjunctionis

207 1509 284 1536 parte
300 1505 393 1535 vitata,
411 1506 520 1532 tertium
541 1506 642 1541 aliquid
665 1508 756 1535 verius
780 1507 872 1534 dicere
890 1508 992 1535 liceret.

206 1548 262 1575 Nec
274 1550 345 1575 enim
366 1551 492 1577 e.~seutia:
507 1560 603 1579 nomen
631 1559 675 1580 est
694 1552 782 1584 Pater,
801 1561 816 1580 ο
834 1555 882 1581 viri
897 1554 995 1581 acutis-

206 1594 278 1626 simi,
296 1603 345 1622 uec
371 1596 502 1628 actionis;
526 1598 573 1624 sed
604 1598 762 1625 relatimtem
791 1607 850 1626 eam
883 1600 993 1632 iudicat,

207 1648 288 1673 quant
300 1640 380 1667 Pater
396 1649 458 1676 erga
478 1641 575 1668 Filium
595 1643 685 1676 habet,
704 1644 743 1670 vel
763 1644 849 1672 Filius
861 1653 924 1679 erga
946 1645 995 1672 Pa-

209 1690 288 1712 trem.
313 1686 346 1714 Ut
366 1688 438 1714 enim
455 1688 525 1722 apud
555 1697 603 1716 nos
622 1689 680 1717 hac
699 1691 808 1717 nomina
839 1698 994 1726 germanam

1009 1493 1029 1521 (Σ

213 1731 358 1765 quamdam
375 1733 594 1767 eoujunctiouam
611 1739 638 1761 et
663 1735 888 1763 necessitudinem
901 1737 992 1764 decla-

207 1781 289 1803 rant:
308 1777 341 1803 ad
353 1779 477 1805 eumdem
503 1781 612 1805 modum
639 1779 694 1806 illic
712 1787 820 1814 quoqtte
845 1781 994 1814 genitorem

207 1830 240 1850 ac
259 1824 378 1856 getiitum
401 1824 523 1851 eamdem
555 1829 679 1851 naturam
707 1825 808 1852 habere
834 1825 997 1860 signiﬁcant.

208 1867 261 1895 Sed
280 1868 315 1895 sit
335 1876 410 1900 sane,
427 1869 453 1896 in
471 1869 552 1896 vestri
565 1869 692 1904 gratiam,
709 1869 790 1897 Pater
812 1871 937 1898 essentia:
950 1878 1008 1898 no-.

208 1920 291 1940 men:
312 1912 411 1940 Filiqu
437 1914 529 1948 utique
549 1915 629 1941 simul
656 1915 817 1948 introducet,
841 1924 892 1942 non
908 1920 997 1943 autem

209 1960 368 1992 removebit,
396 1964 424 1987 ct
449 1960 586 1992 alienabit,
606 1965 635 1987 ut
657 1966 683 1988 et
698 1969 854 1989 communes
868 1962 991 1989 notiones

210 2005 312 2036 ferunt,
324 2012 351 2032 et
369 2006 425 2040 ipsa
441 2006 537 2032 horum
556 2006 696 2033 nominum
711 2008 753 2033 vis
768 2014 799 2034 ac
816 2006 938 2034 facultas.
953 2006 996 2033 Sit

208 2051 289 2078 etiam
305 2051 429 2081 actionis.
447 2052 468 2078 si
486 2051 521 2077 ita
534 2051 660 2079 videtur:
682 2060 731 2078 nec
746 2052 786 2079 sic
805 2052 912 2086 quidem
933 2060 995 2079 cau-

1070 729 1176 756 Ἐκεῖνο
1202 729 1231 755 δὲ
1258 729 1318 760 πῶς
1347 729 1590 764 παραδρᾶμωμεν,
1621 729 1731 761 οὐδενὸς
1750 727 1834 765 ἦττον

1040 777 1094 803 τῶν
1108 775 1261 812 εἰρημένων
1274 775 1304 802 ὃν
1320 775 1484 808 ἀξιάγαστον
1496 783 1504 807 ;
1524 775 1553 801 '0
1564 775 1669 810 Πατὴρ,
1687 775 1784 810 φησὶν,
1794 776 1838 801 οὑ-

1041 823 1112 854 σίας,
1132 823 1149 858 ἢ
1167 822 1307 857 ἐνεργείας
1321 822 1420 856 ὄνομα·
1433 821 1472 852 ὠς
1487 821 1682 856 ἀμφοτέρωθεν
1700 822 1778 856 ἡμᾶς
1792 822 1838 857 δή-

1041 877 1143 901 σοντες.
1160 869 1192 895 Εἰ
1206 869 1256 902 μὲν
1268 868 1361 900 οὐσίας
1370 869 1503 903 φήσομεν,
1515 867 1736 902 συνθησομένους
1745 869 1838 903 ἑτερο-

1038 915 1129 943 ούσιον
1140 913 1210 942 εἶναι
1224 915 1268 942 τὸν
1281 915 1344 940 Υἱόν
1353 923 1360 929 '
1374 915 1467 950 ἐπειδὴ
1478 914 1526 950 μία
1536 914 1584 949 μὲν
1592 914 1671 940 οὐσία
1681 914 1764 945 Θεοῦ,
1775 915 1837 940 ταύ-

1038 971 1089 998 την
1105 962 1144 994 δὲ,
1161 961 1198 993 ὡς
1211 959 1293 993 οὗτοι,
1302 960 1521 996 προκατείληφεν
1531 961 1545 986 6
1560 961 1668 994 Πατήρ·
1687 961 1712 986 εἰ
1726 960 1755 986 δὲ
1765 961 1835 995 ἐνερ-

1038 1009 1128 1044 γείας,
1135 1008 1240 1043 ποίημα
1249 1007 1342 1041 σαφῶς
1352 1006 1579 1042 ὁμολογήσοντας,
1586 1005 1644 1031 ἀλλ’
1655 1005 1685 1031 οὐ
1697 1005 1835 1040 γέννημα·

1038 1051 1069 1082 οὗ
1084 1055 1139 1090 γὰρ
1152 1055 1167 1080 6
1181 1054 1311 1090 ἐνεργῶν,
1324 1054 1382 1079 ἐκεῖ
1394 1053 1503 1084 πάντως
1519 1053 1566 1078 καὶ
1578 1052 1609 1078 τὸ
1625 1051 1835 1087 ἐνεργούμενον.

1039 1101 1094 1127 Καὶ
1101 1099 1159 1130 πῶς
1167 1098 1206 1133 τῷ
1214 1098 1374 1133 πεποιηκότι
1383 1097 1479 1124 ταυτὸν
1489 1096 1519 1123 τὸ
1526 1096 1719 1131 πεποιημένον,
1729 1095 1782 1122 Θαυ
1787 1096 1838 1130 uti-

1044 1144 1100 1175 ζειν
1109 1144 1249 1178 φήσουσιν.
1264 1142 1368 1176 Σφόδρα
1376 1142 1409 1168 ἂν
1417 1141 1531 1176 ᾐδέσθην
1547 1140 1622 1175 ὑμῶν
1636 1141 1682 1166 καὶ
1696 1140 1779 1171 αὐτὲις
1786 1140 1837 1175 τὴν

1045 1188 1186 1223 διαίρεσιν,
1196 1187 1280 1214 είτῶν
1288 1187 1333 1213 δύο
1345 1187 1374 1213 τὺ
1387 1187 1480 1223 ἓτερον
1491 1185 1614 1218 δέξασθαι
1631 1182 1665 1220 ἦν
1675 1185 1837 1219 ἀναγκαῖον,

1047 1233 1115 1259 ἀλλὰ
1130 1233 1166 1268 μὴ
1180 1233 1213 1259 τὰ
1229 1233 1275 1259 δύο
1288 1232 1464 1267 διαφυγόντα,
1477 1232 1566 1266 τρίτον
1586 1231 1673 1256 εἰπεῖν
1689 1230 1825 1265 ἀληθέα-τε

1048 1287 1111 1314 ρον’
1129 1279 1170 1306 ὃτι
1187 1278 1248 1305 οὔτε
1267 1278 1361 1310 οὐσίας
1378 1278 1463 1312 ὖνομα
1480 1278 1493 1304 6
1509 1277 1614 1311 Πατὴρ,
1637 1273 1660 1302 ὦ
1674 1275 1838 1310 meditata,

1046 1324 1107 1351 οὔτε
1123 1324 1277 1360 ἐνεργείας
1297 1324 1415 1359 σχέσεως
1431 1322 1459 1349 δὲ
1482 1323 1529 1349 καὶ
1550 1322 1597 1348 τοῦ
1617 1321 1676 1352 πῶς
1693 1321 1751 1356 ἔχει
1773 1322 1839 1357 ﬁdi;

1045 1370 1091 1396 τὸν
1107 1369 1170 1396 Υίὸν
1193 1370 1207 1395 ὁ
1232 1368 1337 1404 Πατὴρ,
1354 1367 1370 1403 ἢ
1388 1369 1402 1394 6
1419 1367 1481 1398 Υἱὸς
1498 1367 1565 1402 πρὸς
1589 1366 1634 1393 τὸν
1654 1367 1778 1401 Πατέρα.
1798 1368 1840 1398 Ὠς

1046 1416 1101 1451 γὰρ
1115 1417 1179 1451 παρ’
1195 1417 1259 1451 ἡμῖν
1275 1416 1302 1441 αἱ
1320 1414 1431 1449 κλήσεις
1451 1411 1530 1440 αὗται
1549 1413 1580 1439 τὸ
1595 1414 1708 1448 γνήσιον
1730 1414 1780 1440 καὶ
1802 1414 1841 1439 οξ-

1047 1463 1119 1488 χεῖον
1131 1461 1318 1496 γνωρίζουσιν,
1333 1459 1404 1486 οὕτω
1416 1460 1495 1486 κάκεῖ
1509 1459 1557 1494 τὴν
1572 1459 1619 1484 τοῦ
1635 1459 1841 1494 γεγεννημένου

1046 1506 1114 1541 πρὸς
1128 1506 1157 1532 τὸ
1170 1506 1333 1540 γεγεννηκὺς
1347 1506 1360 1531 6
1365 1506 1482 1540 μοφυῖαν
1496 1504 1684 1539 σημαίνουσιν.
1700 1505 1794 1530 Ἔστω
1802 1504 1842 1535 δὲ,

1046 1549 1124 1585 ὑμῶν
1138 1550 1228 1585 χάριν,
1243 1550 1290 1576 καὶ
1302 1550 1397 1582 οὐσίας
1479 1558 1521 1581 τις
1531 1550 1544 1575 6
1555 1550 1666 1584 Πατήρ·
1686 1550 1843 1582 συνεισάξει

1046 1595 1091 1622 τὸν
1117 1596 1191 1628 Υἱὸν,
1219 1596 1269 1622 οὐκ
1290 1595 1474 1630 ἀλλοτριώσει,
1502 1594 1572 1622 κατὰ
1595 1594 1646 1626 τὰς
1672 1594 1768 1626 κοινὰς
1800 1596 1843 1621 ἐν·

1046 1642 1121 1673 νοίας
1138 1661 1147 1674 ,
1219 1641 1266 1667 καὶ
1295 1640 1345 1676 τὴν
1373 1641 1427 1666 τῶν
1449 1641 1571 1675 κλήσεων
1591 1640 1696 1666 τούτων
1713 1640 1842 1675 δύναμιν.

1049 1688 1139 1714 Ἔστω
1155 1687 1203 1714 καὶ
1217 1686 1367 1723 ἐνεργείας,
1383 1687 1406 1713 εἱ
1419 1686 1497 1713 τοῦτο
1507 1687 1592 1713 δοκεῖ·
1610 1686 1671 1712 οὐδὲ
1681 1686 1756 1712 οὕτω
1768 1687 1841 1721 ἡμᾶς

1047 1733 1186 1769 αἱρήσετε.
1274 1733 1345 1759 Αὐτὸ
1361 1732 1389 1758 δὲ
1476 1731 1555 1759 τοῦτο
1569 1731 1735 1767 ἐνηργηκὼς
1749 1733 1783 1758 ἂν
1799 1732 1842 1765 εἴη

1047 1778 1077 1804 τὸ
1098 1777 1250 1813 ὁμοούσυον,
1270 1777 1287 1813 ἢ
1307 1778 1354 1804 καὶ
1441 1777 1541 1808 ἄτοπος
1560 1777 1648 1809 ἄλλως
1668 1779 1684 1811 ἡ
1703 1777 1756 1812 τῆς
1777 1778 1843 1812 περὶ

1048 1824 1127 1851 τοῦτο
1138 1824 1278 1860 ἐνεργείας
1293 1823 1435 1858 ὑπόληψις.
1455 1823 1536 1858 Ὁρᾷς
1546 1824 1618 1855 ὅπως
1633 1823 1724 1858 ὑμῶν,
1740 1824 1787 1850 καὶ
1795 1833 1845 1849 κα-

1046 1871 1178 1906 κομαχεῖν
1206 1870 1370 1903 ἐθελόντων,
1399 1870 1450 1901 τὰς
1488 1869 1607 1905 στροιξὰς
1635 1869 1846 1904 διαφεύγομεν;

1045 1916 1122 1942 Ἐπεὶ
1149 1915 1178 1942 δέ
1205 1924 1251 1941 σου
1275 1915 1306 1941 τὸ
1333 1915 1362 1941 ὲν
1385 1916 1441 1946 τοῖς
1462 1915 1599 1950 λογισμοῖς
1617 1916 1665 1942 καὶ
1684 1917 1747 1946 ταῖς
1765 1924 1847 1951 στρο-

1046 1962 1110 1995 φαῖς
1133 1961 1238 1996 ἄμαχον
1262 1961 1393 1995 ἔγνωμεν,
1411 1961 1509 1995 ἴδωμέν
1530 1969 1576 1986 σου
1596 1961 1643 1987 καὶ
1665 1961 1716 1994 τὴν
1736 1963 1768 1987 ἐκ
1789 1961 1846 1987 τῶν

1045 2005 1124 2031 θείων
1143 2005 1240 2040 λογίων
1260 2005 1347 2040 ἰσχὺν,
1369 2005 1402 2032 ἂν
1416 2005 1470 2032 ᾶοα
1485 2005 1548 2040 δέξῃ
1567 2005 1717 2032 κάντεῦθεν
1734 2005 1843 2032 πείθειν

1044 2052 1129 2086 ἡμᾶς.

208 2105 264 2124 s:uu
283 2097 450 2123 obtinebitis.
467 2097 567 2123 Eodem
601 2097 674 2123 enitn
701 2097 780 2123 modo
806 2097 926 2124 dicemus
943 2098 994 2124 hoc
1013 2097 1101 2130 ipsum
1113 2097 1201 2131 egisse
1216 2097 1336 2130 Patrem,
1364 2102 1393 2124 ut
1413 2096 1652 2124 consubstantialis
1681 2096 1737 2127 ipsi
1757 2095 1846 2124 Filius

208 2150 298 2176 esset;
313 2145 364 2171 etsi
380 2144 479 2178 alioqui
497 2144 664 2171 absurditate
677 2151 728 2170 non
746 2149 822 2171 caret
841 2144 992 2178 hujusmodi
1014 2144 1129 2170 actionis
1145 2143 1246 2178 opinio.
1280 2143 1397 2171 Videsne
1417 2151 1470 2178 quo
1493 2148 1582 2176 pacto,
1605 2143 1758 2177 quamlibet
1791 2143 1843 2170 int-

208 2194 292 2223 probe
303 2198 335 2216 ac
351 2190 467 2224 maligne
483 2197 603 2224 pugnare
630 2190 786 2224 studeatis,
815 2191 952 2225 captiones
981 2195 1070 2218 tamen
1102 2196 1207 2217 vestras
1234 2189 1413 2224 cﬂugiamus?
1441 2189 1572 2222 Quoniam
1591 2194 1679 2215 autem
1709 2189 1846 2216 invictnn-

209 2238 274 2264 illud
294 2242 368 2264 tuum
392 2237 420 2263 in
454 2237 706 2265 ratiocinationibus
727 2241 754 2264 et
789 2239 902 2272 argutiis
934 2238 1017 2265 robur
1036 2237 1224 2273 cognovimus,
1250 2237 1387 2264 videamus
1413 2236 1468 2270 jam
1494 2244 1574 2270 quam
1601 2237 1653 2262 vim
1680 2236 1707 2262 in
1744 2237 1849 2263 divinis

210 2284 328 2315 oraculis
342 2284 455 2319 positam
470 2284 580 2317 habeas,
593 2284 616 2311 si
632 2286 711 2311 modo
732 2284 794 2312 hinc
820 2292 927 2320 quoque
948 2285 1025 2312 nobis

350 2330 406 2358 Nos
418 2330 515 2365 quippe
551 2338 584 2358 ex
604 2331 708 2366 magnis
737 2336 764 2359 et
788 2333 903 2360 excelsis
919 2332 993 2360 voci-
1011 2332 1032 2359 D

210 2380 260 2406 bus
273 2378 335 2405 Filii
352 2377 521 2404 divinitatem
540 2378 719 2412 percepimus,
748 2385 780 2406 ac
803 2379 993 2413 praedicamus.

208 2424 312 2457 Quibus
328 2423 458 2450 tandem?
473 2422 521 2450 His
534 2423 673 2457 nimirum,
688 2425 767 2458 Deus,
782 2425 911 2458 Verbum,
923 2426 994 2460 quod

209 2470 237 2497 in
254 2469 387 2504 priuripio
403 2473 472 2498 erat,
492 2474 517 2496 et
537 2476 597 2496 cum
611 2471 753 2505 principio,
768 2475 795 2498 et
813 2472 994 2506 principium:

210 2519 240 2542 ut
257 2515 283 2541 in
303 2514 345 2540 his
361 2513 443 2540 locis:
463 2512 496 2540 In
509 2514 635 2549 principio
652 2520 708 2542 erat
739 2515 860 2548 Verbum,
887 2521 911 2543 et
934 2514 998 2542 Ver-

209 2561 270 2588 bum
286 2565 342 2587 erat
357 2560 426 2595 apud
445 2559 537 2593 Deum,
552 2566 575 2587 et
605 2561 672 2588 Deus
688 2568 743 2589 erat
771 2562 883 2590 Verbum
902 2563 910 2577 ¹
936 2569 943 2594 ;
958 2566 996 2594 et,

211 2606 307 2634 Tecum
325 2605 480 2640 principium
510 2605 537 2641 ’;
552 2613 590 2640 et,
611 2607 662 2640 Qui
679 2614 750 2636 vocat
778 2617 835 2635 eam
852 2616 868 2634 a
889 2615 998 2642 genera-

211 2652 326 2680 tionibus
339 2651 495 2685 principium
517 2649 537 2680 ’.
551 2653 590 2681 Ad
610 2654 668 2681 hac
682 2653 767 2680 Filius
790 2653 945 2687 unigenitns
958 2651 998 2678 di-

208 2698 299 2725 citur:
316 2695 470 2732 Uuigem'tus
482 2698 580 2734 Filius,
593 2700 638 2736 qui
652 2705 689 2726 εει
710 2700 737 2726 in
755 2699 815 2726 sinu
833 2697 932 2729 Patris,
945 2697 998 2731 ipse

209 2743 343 2771 enarravit
370 2741 391 2771 ‘.
407 2743 467 2778 Via,
482 2744 601 2780 Veritas,
614 2745 686 2778 Vita,
702 2747 777 2774 Lux:
799 2743 853 2777 Ego
877 2751 933 2769 sum
946 2743 996 2773 via,

1039 2285 1134 2320 dogma
1152 2289 1226 2311 tuum
1243 2284 1405 2317 persuadere
1418 2291 1469 2310 non
1485 2291 1568 2318 grave
1578 2283 1670 2310 ducas.

1154 2331 1251 2366 Ἡμεῖς
1267 2331 1315 2366 μὲν
1330 2330 1384 2366 γὰρ
1404 2331 1436 2356 ὲκ
1455 2330 1579 2365 μεγάλων
1593 2329 1639 2355 καὶ
1652 2328 1769 2364 ὑψηλῶν
1792 2332 1850 2357 τῶν

1046 2377 1154 2412 φωνῶν,
1168 2376 1215 2403 τοῦ
1230 2375 1295 2402 Υἱοῦ
1311 2375 1360 2411 τὴν
1375 2375 1489 2411 θεότητα
1504 2375 1550 2401 καὶ
1562 2374 1783 2409 κατειλήφαμεν,
1801 2376 1850 2402 καὶ

1046 2421 1232 2456 κηρύσσομεν.
1250 2420 1336 2446 Τίνων
1355 2419 1457 2446 τούτων
1463 2427 1472 2451 ;
1485 2420 1539 2454 Τῆς
1555 2419 1630 2450 Θεὸς,
1645 2419 1693 2454 τῆς
1712 2420 1819 2453 Λόγος,
1834 2421 1851 2446 ὁ

1047 2467 1076 2493 ὲν
1090 2467 1171 2502 ἀρχῇ,
1189 2467 1202 2493 ὁ
1221 2465 1289 2500 μετά
1303 2465 1350 2500 τῆς
1364 2465 1461 2500 ἀρχῆς,
1476 2465 1492 2500 ἡ
1510 2465 1596 2500 ἀρχὴ’
1614 2464 1665 2490 Ἔν
1674 2463 1759 2499 ἀρχῇ
1774 2463 1819 2499 ἦν
1835 2467 1850 2491 ἀ

1047 2513 1152 2546 Λόγος,
1168 2511 1216 2538 καὶ
1229 2512 1245 2538 ὀ
1263 2511 1358 2545 Λόγος
1377 2507 1417 2544 ἦν
1436 2509 1510 2543 πρὸς
1524 2509 1577 2535 τὸν
1597 2508 1681 2541 Θεὸν,
1696 2510 1751 2536 καὶ
1771 2511 1848 2539 Θεὸς

1046 2555 1086 2592 ἦν
1103 2559 1119 2584 ὁ
1134 2557 1229 2591 Λόγος
1240 2564 1247 2571 ·
1268 2555 1326 2587 καὶ,
1342 2555 1423 2582 Μετὰ
1444 2553 1503 2581 σοῦ
1519 2555 1538 2588 ἠ
1554 2553 1632 2589 ἀρχή
1643 2562 1649 2568 ·
1666 2554 1725 2587 καὶ,
1748 2555 1776 2581 ’0
1795 2564 1848 2582 m-

1046 2602 1110 2630 λῶν
1123 2602 1222 2636 αὐτὴν
1234 2601 1292 2629 ἀπὸ
1311 2600 1421 2636 γενεῶν
1433 2599 1540 2634 ἀρχήν.
1641 2599 1755 2635 Ἐπειδὴ
1778 2600 1846 2631 Υἱὸς

1049 2647 1206 2682 μονογενὴς,
1231 2646 1262 2672 '0
1270 2644 1439 2680 μονογενὴς
1455 2645 1531 2677 Υἱὸς,
1547 2645 1563 2671 ὁ
1577 2642 1619 2669 ὢν
1632 2645 1675 2676 εἰς
1694 2644 1751 2670 τὸν
1770 2646 1847 2671 κόλ-

1047 2702 1107 2721 πον
1127 2693 1179 2720 τοῦ
1194 2692 1318 2726 Πατρὸς,
1335 2691 1449 2723 ἐκεῖνος
1461 2689 1641 2724 ἐξηγήσατο.
1656 2689 1743 2721 Ὁδὸς,
1763 2690 1846 2724 Ἀλή-

1048 2740 1117 2771 θεια,
1140 2739 1211 2774 Ζωὴ,
1231 2738 1291 2770 Φῶς
1304 2746 1310 2753 ·
1335 2736 1408 2770 Ἐγώ
1429 2737 1486 2771 ειμι
1506 2736 1525 2770 ἠ
1550 2734 1629 2768 ὁδὸς,
1655 2733 1702 2761 καὶ
1728 2734 1750 2768 ἠ
1765 2734 1845 2767 d112-

259 2827 267 2842 ‘
282 2825 360 2855 Joan.
387 2837 406 2861 ι,
422 2829 446 2856 l.
486 2830 495 2844 '
512 2829 584 2857 Psal.
605 2837 660 2862 clx,
681 2827 708 2854 5.
747 2826 756 2842 ³
772 2825 825 2853 lsa.
841 2832 895 2857 xu,
911 2825 936 2852 ὧ.
976 2824 985 2838 ’⁵

1061 2831 1079 2850 ι.
1100 2830 1118 2856 ι,
1141 2822 1184 2850 18.
