1891 3076
199 150 256 182 575

806 147 1003 178 EUTHYMII
1024 146 1162 178 ZIGABE
1171 146 1212 177 NI

1787 147 1836 177 576

235 204 283 231 llic
298 203 381 236 enim,
393 211 475 238 quem
496 211 568 231 nunc
582 203 748 239 aspernaris,
759 203 897 238 quondam
913 207 984 235 erat,

1086 199 1160 234 ὦτος
1183 203 1237 238 γὰρ
1256 204 1270 229 ὁ
1291 202 1340 229 νῦν
1371 212 1411 230 τοι
1432 204 1701 240 καταφρονούμενος,
1733 202 1770 240 ἦν
1794 207 1835 232 ὅτε

197 257 224 279 et
243 260 325 287 supra
348 257 375 279 te
391 257 451 279 erat
466 261 474 279 :
490 253 536 287 qui
551 259 625 279 nunc
646 252 727 279 homo
743 256 796 283 est,
809 252 988 286 compositio-

198 300 239 325 nis
254 305 351 332 espers
369 303 438 325 erat.
455 297 531 331 Quod
550 303 621 329 erat,
639 298 790 333 permansit
805 306 813 324 :
831 297 904 332 quod
933 306 987 324 non

199 350 269 377 erat,
289 345 447 380 assumpsit.
460 345 488 371 lu
505 344 637 380 principio
654 344 714 371 sine
734 351 816 371 causa
833 348 903 371 erat.
919 343 983 377 Quae

201 391 274 418 enim
308 390 356 417 Dei
384 398 465 418 causa
488 390 578 418 aﬂ'erri
602 390 703 426 queat?
716 390 752 417 At
766 394 860 426 postea
881 398 989 426 quoque

201 441 275 464 certa
293 436 327 464 de
340 444 421 465 causa
439 442 517 465 natus
540 442 591 465 est.
609 437 647 464 Ea
670 441 761 464 autent
783 442 854 469 erat,
881 443 910 465 ut
947 442 988 469 tu,

200 483 322 510 insolens
336 491 368 510 ac
385 489 521 518 proterve,
538 483 654 511 salutem
682 485 910 519 consequererls,
942 484 987 519 qui

200 530 329 557 deitatem
350 530 452 557 idcirco
468 529 632 562 contemnis,
654 531 717 564 quia
738 530 891 557 crassitiem
913 535 986 558 tuam

199 577 332 610 suscepit,
346 583 394 610 per
405 575 594 603 iutermediam
613 581 733 603 mentem
751 583 812 603 cum
830 583 912 603 carne
923 585 989 604 con-

199 622 321 657 junctus,
334 627 415 657 atque
442 622 556 649 inferior
577 621 622 649 hic
646 622 728 649 homo
763 621 834 650 Deus
859 622 986 655 eil'ectus.

203 674 377 702 posteaquam
394 675 456 695 cum
466 668 522 696 Deo
532 668 646 700 coaluit,
655 668 894 704 prestantiorique
906 673 984 703 parte

1037 248 1085 275 καὶ
1098 248 1169 282 ὑπὲρ
1183 248 1213 274 σὲ
1228 246 1274 283 ἦν·
1292 249 1306 275 ὁ
1317 248 1365 275 νῦν
1377 249 1533 284 ἄνθρωπος,
1556 251 1604 277 καὶ
1627 251 1784 282 ἀσύνθετος
1794 249 1838 286 ἦν.

1040 296 1073 321 ’0
1090 294 1140 330 μὶν
1155 293 1200 331 ἦν,
1215 295 1361 330 διέμεινεν·
1379 295 1393 322 ὃ
1405 295 1433 322 δὲ
1448 296 1499 322 οὐκ
1511 293 1556 331 ἦν,
1577 297 1764 330 προσέλαϐεν.
1793 298 1840 324 Ἐν

1038 343 1111 378 ἀρχῇ
1136 339 1171 378 ἦν
1200 343 1341 374 ἀναιτίως·
1357 343 1398 374 τίς
1414 343 1468 377 γὰρ
1494 343 1568 370 αιτία
1588 343 1656 369 Θεοῦ
1673 351 1681 376 ;
1703 343 1779 370 ἀλλὰ
1795 345 1840 370 καὶ

1045 389 1158 424 ὕστερον
1178 388 1275 423 γέγονε
1305 389 1339 415 δι’
1355 389 1456 417 αἰτίαν.
1483 390 1515 416 Ἦ
1529 390 1556 415 δὲ
1570 388 1615 424 ἦν,
1633 389 1665 416 τὸ
1691 390 1724 416 σὲ
1754 390 1842 424 σωθῆ-

1044 444 1089 462 ναι
1105 436 1151 462 τὸν
1164 435 1308 470 ὑϐριστὴν,
1325 434 1354 466 ὃς
1370 435 1414 462 διὰ
1429 435 1509 462 τοῦτο
1520 437 1696 470 περιφρονεῑς
1709 435 1840 469 Θεότητα,

1043 483 1085 509 ὅτι
1105 483 1155 516 τὴν
1169 482 1220 518 σὴν
1234 481 1380 516 παχύτητα
1392 481 1565 514 κατεδέξατο,
1595 481 1639 508 διὰ
1656 481 1748 516 μέσου
1782 482 1841 511 νοὸς

1042 529 1176 565 ὁμιλήσας
1195 529 1287 564 σαρκὶ,
1315 529 1362 555 καὶ
1392 529 1540 562 γενόμενος
1558 527 1705 563 ἄνθρωπος
1733 528 1749 553 ὁ
1767 528 1841 554 xire:

1042 577 1120 609 Θεδς,
1143 575 1238 610 ἐπειδὴ
1257 574 1448 610 συνανεκράοη
1472 574 1542 609 Θεῷ,
1567 575 1615 601 καὶ
1648 574 1769 608 γέγονεν
1801 572 1841 606 εἷς

1042 623 1087 650 τοῦ
1105 623 1258 658 κρείττονος
1273 623 1486 657 ὲκνικήσαντος,
1506 622 1550 649 ἵνα
1562 623 1689 656 γένωμαι
1707 622 1841 649 τοσοῦτον

1042 668 1111 701 θεὸς,
1129 669 1191 695 ὅσον
1205 668 1307 698 ἐκεῖνος
1322 667 1475 701 ἄνϐρωπος.

201 721 360 750 superante,
378 723 448 742 ttnus
459 715 548 743 factus
559 720 610 748 est,
628 720 657 743 ut
683 716 742 750 ipse
758 723 866 751 quoque
881 720 985 743 tantum
1009 716 1075 743 deus
1087 714 1197 744 elliciar.
1211 719 1342 749 quantum
1359 715 1404 742 ille
1415 715 1507 742 homo.

255 761 381 795 Ejusdem
398 763 425 788 in
438 762 550 790 eosdem.
575 762 616 789 Ex
634 771 653 790 ιι
669 764 788 790 oratione
804 763 835 789 de
852 761 934 790 Filio.

235 840 303 868 Illud
320 842 430 876 quidem
454 849 537 868 unum
554 841 620 875 ipsis
643 841 700 869 fere
727 841 754 868 in
779 845 904 876 promptu
921 846 963 868 est
980 849 988 870 :

207 884 334 911 Dominus
342 885 435 910 creavit
445 892 484 910 me
491 884 645 918 principium
654 883 754 909 viarum
761 890 866 909 suarum
873 883 908 908 ad
915 891 991 916 opera

207 938 255 956 sua
282 928 302 956 ¹.
320 929 368 956 Cui
381 934 539 964 argumento
555 937 609 964 quo
632 929 740 957 tandem
768 928 848 956 modo
868 935 992 956 occurre-

209 974 288 1001 mus?
302 973 370 1000 Num
388 974 559 1001 Salomonem
575 973 787 1001 accusabimus?
799 973 866 1000 Num
879 973 992 1008 pristina

210 1020 295 1054 ipsius
311 1020 380 1047 dicta
397 1020 430 1046 ob
442 1024 608 1054 po>tremum
623 1019 708 1054 ipsius
732 1019 834 1054 lapsmn
849 1019 993 1053 abrogabi-

210 1066 291 1093 ntus?
304 1066 372 1093 Num
389 1066 529 1100 ipsiusmet
543 1066 683 1100 sapientia:
693 1086 701 1098 ,
727 1073 759 1092 ac
775 1065 849 1092 velut
862 1065 992 1098 scientiae,

210 1110 378 1145 artiﬁcisque
387 1109 668 1143 rationis,secundum
681 1117 762 1144 quam
783 1111 873 1136 omnia
886 1110 994 1136 condita

210 1161 284 1186 slllll,
300 1156 369 1183 hunc
381 1163 534 1183 sermonem
548 1162 609 1183 esse
625 1155 766 1183 dicemus?
782 1155 913 1189 Pleraque
922 1156 995 1182 enim

210 1209 242 1227 ex
259 1201 310 1232 his,
329 1208 388 1234 quae
404 1200 494 1227 anlma
511 1204 617 1231 carent,
641 1199 782 1235 Scriptura
798 1207 846 1234 per
865 1206 996 1233 prosapo-

212 1247 308 1279 pmiam
326 1245 462 1280 loquentia
492 1245 622 1272 inducere
654 1246 807 1278 consuevit,
820 1245 896 1279 juxta
912 1246 994 1272 illud:

212 1289 287 1316 More
303 1290 358 1316 hrrc
383 1296 461 1325 alque
473 1290 521 1316 illa
529 1290 596 1316 dixit
611 1291 621 1306 ¹
637 1298 644 1323 ;
657 1294 694 1323 et,
710 1289 826 1325 Abyuus
837 1290 903 1316 dixit
917 1289 997 1316 :Nou

211 1341 247 1362 ut
261 1335 288 1362 in
304 1343 344 1361 me
363 1337 373 1352 ³
390 1344 397 1369 ;
415 1341 453 1367 et,
467 1335 533 1363 Caeli
556 1341 681 1363 enarrem
710 1335 821 1370 gloriam
840 1335 888 1362 Dei
909 1336 942 1369 ⁸;
971 1339 998 1362 et

213 1389 316 1412 rursus,
333 1381 442 1409 frameze
458 1382 559 1416 aliquid
581 1381 730 1416 imperatur
748 1381 759 1396 ‘
770 1401 778 1414 ,
795 1387 822 1409 et
840 1386 944 1408 montes
965 1388 998 1408 ac

1004 755 1028 786 B
1046 762 1099 789 Τοῦ
1112 761 1206 788 αὑτοῦ
1227 761 1300 795 πρὸς
1321 761 1395 792 τοὺς
1419 761 1530 793 αὐτοὺς
1556 760 1591 787 ἐκ
1604 760 1657 787 τοῦ
1679 759 1751 794 περὶ
1773 760 1840 786 Υιοῡ

1305 795 1447 831 δευτέρου
1461 797 1566 830 λόγου.

1082 840 1162 867 Ἔσ-ιι
1186 841 1240 876 γὰρ
1260 841 1290 867 ὲν
1308 841 1359 876 μὲν
1382 841 1476 872 αὐτοῖς
1503 842 1591 868 ἐκεῖνο
1619 842 1666 868 καὶ
1683 840 1750 867 λίαν
1769 842 1841 877 πρό-

1039 888 1131 916 χειρον
1140 882 1180 914 τὸ,
1196 883 1304 916 Κύριος
1317 884 1419 911 ἐκτισέ
1430 893 1468 918 με
1482 885 1582 919 ἀρχὴν
1595 885 1674 911 ὁδῶν
1685 886 1787 913 αὑτοῦ
1799 887 1843 918 εἰς

1040 923 1113 959 ἔργα
1127 926 1232 953 αὐτοῦ.
1255 927 1327 962 Πρὸς
1342 927 1356 953 ὃ
1374 927 1432 959 πῶς
1449 928 1678 963 ἀπαντησόμεθα;
1697 929 1736 955 Οὔ
1764 928 1843 955 Σολο-

1041 970 1146 1005 μῶντος
1170 973 1413 1008 κατηγορήσομεν;
1443 974 1474 1000 οὐ
1495 974 1530 1000 τὰ
1558 975 1624 1010 πρὶν
1653 974 1841 1010 ἀθετήσομεν,

1041 1015 1085 1042 δά
1107 1016 1156 1051 τὴν
1175 1017 1331 1044 τελευταίαν
1357 1018 1556 1054 παράπτωσινς
1582 1019 1643 1054 οὐχὶ
1663 1019 1715 1054 τῆς
1744 1020 1842 1054 σοφίας

1041 1061 1126 1096 αὐτῆς
1140 1062 1256 1098 ἐροῦμεν
1275 1061 1345 1090 εἶναι
1370 1064 1416 1090 τὸν
1439 1064 1528 1098 λόγον,
1539 1065 1590 1099 τῆς
1605 1062 1661 1091 οἷον
1679 1065 1843 1101 ἐπιστήμης

1042 1106 1089 1133 καὶ
1102 1106 1148 1133 τοῦ
1161 1108 1282 1142 τεχνίτου
1383 1109 1473 1144 λόγου,
1493 1109 1555 1136 καθ’
1572 1110 1602 1136 ὃν
1615 1111 1650 1136 τὰ
1667 1110 1762 1136 πάντα
1781 1119 1843 1136 συν-

1043 1152 1125 1188 έστη;
1155 1154 1244 1181 Πολλὰ
1260 1155 1314 1190 γὰρ
1330 1156 1346 1191 ὴ
1369 1156 1465 1191 Γραφὴ
1479 1158 1696 1191 προσωποποιεῖν
1716 1154 1775 1182 οἶδε
1798 1158 1843 1183 καὶ

1042 1199 1096 1225 τῶν
1109 1199 1229 1234 ἀψύχων,
1240 1201 1368 1233 ὼςτὸ,”Η
1380 1201 1522 1229 θάλασσα
1537 1200 1602 1228 εἶπε
1611 1201 1681 1228 τάδε
1694 1203 1743 1228 παι
1759 1203 1842 1229 τάδε.

1043 1244 1108 1275 Καὶ,
1128 1245 1164 1271 Ἠ
1179 1245 1315 1279 ἄϐυσσος
1329 1244 1414 1273 εἶπεν
1425 1254 1432 1260 ·
1451 1247 1512 1273 Οὐκ
1530 1247 1615 1273 ἐστιν
1629 1247 1665 1273 ἐν
1675 1247 1744 1280 ἐμοι
1758 1255 1767 1262 ο
1784 1249 1843 1276 καὶ.

1046 1289 1079 1314 01
1096 1289 1216 1322 οὐρανοὶ
1233 1290 1423 1325 διηγούμενοι
1510 1291 1603 1322 δόξαν
1615 1291 1700 1318 Θεοῦ.
1715 1292 1776 1318 Καὶ
1793 1293 1844 1318 πά-

1042 1333 1085 1359 λιν
1102 1335 1226 1370 ῥομφαίᾳ
1245 1345 1271 1362 τι
1294 1336 1492 1369 διακελεύεται,
1507 1337 1554 1363 καὶ
1566 1337 1615 1372 ὅρη
1634 1337 1682 1362 καὶ
1694 1336 1790 1371 βουνοὶ¹
1806 1338 1844 1364 λό-

1042 1388 1108 1414 γους
1132 1380 1289 1416 ἐρωτῶνται
1307 1382 1487 1417 σκιρτήσεως.
1510 1381 1619 1407 Τούτων
1634 1381 1713 1407 οὐδέν
1736 1391 1842 1417 φαμεν,

211 1426 294 1453 colles
307 1426 496 1454 exsultationis
521 1427 531 1442 '
557 1434 666 1454 causam
687 1432 881 1461 exposcuntur.
895 1427 995 1453 Horum

1086 1423 1129 1451 uti
1141 1433 1196 1451 τισι
1210 1425 1264 1451 τῶν
1282 1425 1336 1461 πρὸ
1355 1426 1432 1461 ἡμῶν
1445 1426 1482 1457 ὡς
1500 1425 1597 1461 ἰσχυρὰ
1615 1425 1746 1452 τέθειται.

213 1471 279 1497 nihil
294 1471 417 1505 proferre
431 1471 506 1504 libet,
521 1471 630 1499 etiamsi
645 1472 746 1506 alioqui
767 1481 780 1500 a
802 1473 937 1500 nonnullis
953 1481 998 1500 eo-

219 1525 288 1549 rum,
305 1517 350 1551 qui
364 1522 427 1544 ante
440 1526 488 1545 nos
508 1519 682 1552 exstiterunt,
697 1525 745 1553 pro
762 1519 847 1546 tironis
861 1525 889 1546 et
903 1519 998 1547 validis

215 1562 297 1589 allata
314 1567 388 1589 sunt.
406 1563 458 1590 Sed
474 1564 568 1590 demus
583 1563 635 1590 hoe
663 1571 727 1591 sane
739 1563 887 1591 Sztlvatoris
901 1565 995 1599 ipsius.

215 1608 266 1634 hoc
280 1612 332 1640 est,
352 1615 422 1635 verae
436 1608 592 1642 Sapientiae,
610 1609 667 1636 haec
679 1609 759 1636 verba
774 1616 845 1637 esse.
855 1609 921 1636 lllud
931 1617 995 1637 vero

215 1653 413 1689 aliquantisper
428 1662 480 1681 una
496 1654 709 1682 consideremus.
731 1654 799 1687 Quid
825 1660 866 1683 est
884 1663 918 1682 ex
937 1663 996 1682 om-

217 1699 295 1726 nilms
305 1700 383 1727 rebus
391 1701 461 1733 qttod
477 1707 566 1727 causa:
582 1699 618 1727 sit
633 1701 749 1734 expers?
765 1701 903 1729 Divinitas.
915 1701 999 1729 Nemo

215 1743 287 1770 enim
303 1749 355 1776 est,
373 1744 417 1779 qui
434 1744 479 1772 Dei
497 1741 610 1772 causam
618 1746 709 1772 dicere
816 1752 897 1781 queat
911 1755 919 1774 :
932 1747 999 1774 alio-

216 1789 261 1822 qui
277 1789 302 1815 id
321 1788 375 1817 Deo
389 1790 528 1824 antiquius
540 1795 622 1817 esset.
639 1789 705 1823 Qua:
719 1795 807 1818 autem
821 1792 998 1821 humanitatis

216 1841 232 1860 a
246 1835 300 1862 Deo
323 1839 432 1869 propter
461 1842 510 1862 nos
537 1840 670 1870 suscepta:
690 1843 772 1864 causa
788 1837 912 1864 exstitit?
931 1837 999 1865 Pro-

217 1880 288 1908 fecto
303 1885 332 1907 ut
352 1880 429 1908 nobis
458 1880 532 1908 salus
557 1886 708 1914 pararetur.
738 1882 807 1915 Quid
836 1883 908 1910 enim
928 1885 999 1911 aliud

216 1933 304 1952 causae
322 1926 412 1953 alTerri
428 1926 533 1960 possit?
545 1926 615 1961 Ergo
637 1927 764 1961 quoniam
788 1928 833 1955 hic
850 1934 952 1963 aperte,
972 1935 1000 1957 et

217 1971 326 2003 (renuit,
350 1975 378 1997 et
392 1971 474 2005 gignit
497 1979 549 2005 me,
580 1973 742 2006 reperimus,
766 1973 817 2000 hoc
843 1974 1002 2009 simpliciter

217 2016 319 2043 dictum
333 2023 501 2044 censeamus.
515 2017 590 2050 Quod
609 2011 680 2044 enim
698 2025 758 2045 cum
779 2026 861 2046 causa
890 2021 1002 2055 conjun-

217 2066 291 2087 ctqu
323 2061 486 2093 invenimus,
500 2061 525 2088 id
551 2061 710 2088 humanitati
739 2062 999 2098 assignaudumest:

218 2107 288 2139 quod
317 2111 408 2133 autem
434 2106 548 2140 simplex
568 2114 711 2142 causaeque
737 2116 847 2142 expers,
866 2110 1000 2137 divinitati

218 2152 418 2179 ascribendum.
432 2152 488 2187 Age
503 2152 596 2187 igitur,
624 2160 712 2180 annon
734 2154 817 2186 illud,
834 2156 941 2188 creavit,
957 2157 1002 2183 ad-

218 2205 313 2224 nexam
341 2205 448 2225 causam
477 2198 576 2225 habet?
599 2197 704 2225 Creaoit
733 2200 802 2226 enim
831 2209 882 2232 me,
903 2201 999 2235 inquit,

216 2244 377 2277 principium
388 2245 490 2271 viarum
517 2254 625 2272 suarum
649 2247 683 2272 ad
698 2253 776 2280 opera
795 2255 844 2273 sua
877 2247 899 2276 '.
913 2246 1000 2282 Opera

218 2294 308 2315 autem
324 2289 419 2323 ipsius,
433 2291 533 2317 veritas
546 2289 575 2318 ὀι
586 2291 716 2326 judicium
743 2293 767 2325 ⁸,
788 2300 902 2327 quorum
915 2301 996 2319 causa

1044 1470 1114 1496 ἔστω
1125 1471 1172 1497 τοῦ
1185 1471 1310 1506 Σωτῆρος
1325 1471 1418 1500 αὐτοῦ,
1433 1472 1483 1506 τῆς
1496 1471 1624 1506 ἀληθινῆς
1638 1471 1749 1505 Σοφίας,
1769 1473 1785 1498 ὁ
1802 1472 1846 1498 λο-

1044 1523 1101 1548 γος.
1129 1515 1235 1550 Μικρὸν
1257 1515 1285 1541 δὲ
1309 1515 1584 1551 συνδιασκεψώμεοα·
1610 1515 1642 1541 Τί
1667 1516 1723 1541 τῶν
1757 1516 1845 1542 ὀντων

1045 1559 1164 1588 ἀναίτιον
1174 1570 1181 1594 ;
1193 1561 1304 1596 Θεότης.
1315 1561 1409 1592 Οὐδεὶς
1419 1562 1474 1596 γὰρ
1486 1561 1576 1588 αἰτίαν
1585 1562 1673 1588 εἰπεῖν
1685 1562 1743 1596 ἔχει
1755 1562 1829 1588 Θεοῦ
1840 1571 1846 1576 ·

1045 1607 1062 1643 ἢ
1077 1606 1156 1634 τοῦτο
1170 1607 1202 1634 ἂν
1216 1607 1257 1642 εἴη
1273 1607 1340 1633 Θεοῦ
1362 1607 1556 1643 πρεσϐύτερον.
1571 1607 1619 1639 Τίς
1629 1607 1658 1633 δὲ
1671 1607 1723 1641 τῆς
1737 1607 1849 1642 ἀνθρω-

1045 1654 1173 1688 πότηοτος,
1184 1653 1218 1688 ἢν
1232 1653 1265 1679 δι’
1277 1654 1350 1688 ἡμᾶς
1376 1653 1479 1687 ὑπέστη
1493 1653 1568 1684 Θεὸς,
1584 1653 1677 1684 alsia;
1698 1653 1736 1679 Τὸ
1753 1653 1848 1686 σωῡῆ-

1046 1707 1090 1725 ναι
1104 1699 1213 1730 πάντως
1297 1699 1380 1733 ἡμᾶς.
1406 1699 1438 1725 Τί
1457 1699 1510 1733 γὰρ
1523 1698 1618 1734 ἕτερον
1631 1707 1638 1730 ;
1662 1698 1777 1734 Ἐπειδὴ
1793 1699 1847 1724 τοί-

1046 1752 1095 1771 νυν
1109 1744 1237 1775 ἐνταῦθα,
1262 1744 1309 1770 καὶ
1328 1745 1360 1770 τὸ
1372 1744 1486 1776 ἔκτισε,
1502 1744 1550 1770 καὶ
1574 1744 1604 1770 τὸ
1625 1743 1720 1778 γεννᾷ
1730 1753 1783 1778 με,
1800 1753 1847 1770 σα-

1047 1789 1105 1823 φῶς
1117 1790 1292 1824 εὑρίσκομεν,
1305 1789 1407 1820 ἁπλοῦς
1418 1790 1432 1815 ό
1450 1789 1539 1823 λόγος.
1557 1790 1589 1814 Ὃ
1603 1789 1652 1823 μὲν
1667 1789 1700 1814 ἂν
1714 1789 1788 1823 μετὰ
1799 1789 1850 1822 τῆς

1048 1835 1138 1867 αἰτίας
1152 1835 1335 1870 εὑρίσκωμεν,
1358 1835 1524 1870 προσθῶμεν
1547 1836 1580 1870 τῇ
1602 1834 1819 1870 ἁνθρωπότητι·
1836 1834 1850 1860 ὅ

1046 1881 1076 1908 δὲ
1090 1881 1192 1908 ἁπλοῦν
1207 1881 1254 1908 καὶ
1265 1881 1397 1913 ἀναίτιον,
1412 1882 1443 1916 τῇ
1460 1880 1566 1915 θεότητι
1581 1880 1772 1914 λογισώμεθα.
1786 1878 1850 1914 ⁷Δρ¹

1048 1924 1094 1953 οὖν
1123 1926 1153 1952 οὺ
1175 1925 1207 1952 τὸ
1230 1925 1281 1961 μὲν
1305 1925 1427 1952 ἔκτισεν
1449 1925 1558 1961 εἴρηται
1577 1925 1646 1960 μετὰ
1672 1925 1724 1960 τῆς
1738 1926 1849 1956 αἰτίας

1051 1972 1173 1999 Ἕκτισε
1192 1972 1247 2007 γάρ
1271 1980 1320 2006 με,
1345 1972 1437 2006 φησὶν,
1464 1969 1566 2005 ἀρχὴν
1583 1970 1662 1998 ὁδῶν
1687 1971 1786 1997 αὑτοῦ
1808 1972 1851 2002 εἱς

1049 2018 1122 2053 ἔργα
1137 2018 1240 2046 αὐτοῦ.
1263 2018 1351 2053 Ἔργα
1372 2018 1400 2044 δὲ
1419 2018 1518 2053 χειρῶν
1543 2016 1636 2048 αὑτοῦ,
1662 2016 1781 2052 ἀλήθεια.
1804 2018 1850 2043 καὶ

1014 2084 1035 2111 D
1049 2065 1151 2101 κρίσις,
1170 2062 1207 2091 ὧν
1221 2065 1315 2092 ἕνεκεν
1331 2064 1444 2111 expia-01]
1457 2064 1573 2111 ϐεότητι.
1589 2063 1687 2099 Χρίσις
1699 2063 1758 2098 γὰρ
1780 2064 1850 2099 αὕτη

1049 2111 1098 2147 τῆς
1126 2110 1349 2146 ὰνΟρωπότητος.
1375 2110 1412 2136 Τὸ
1435 2109 1463 2135 δὲ
1475 2108 1566 2143 γεννᾷ
1577 2118 1625 2144 με,
1651 2110 1741 2144 χωρὶς
1759 2110 1858 2140 αἰτίας

1045 2156 1062 2191 ἢ
1169 2156 1255 2189 δεῖξόν
1270 2165 1297 2183 τι
1312 2156 1401 2191 τούτῳ
1425 2156 1635 2191 προσκείμενον.
1652 2155 1702 2187 Τίς
1717 2153 1769 2182 οὖν
1784 2156 1852 2181 ὰπ-

1050 2204 1108 2238 ερεῖ
1123 2203 1211 2237 λόγος,
1235 2203 1337 2238 κτίσμα
1354 2204 1403 2239 μὲν
1432 2202 1561 2236 λέγεσθαι
1583 2201 1631 2237 τὴν
1649 2201 1762 2235 σοφίαν,
1779 2202 1852 2227 κατὰ

1050 2249 1098 2284 τὴν
1119 2248 1194 2276 κάτω
1211 2248 1348 2284 γέννησιν,
1375 2249 1499 2283 γέννημα
1513 2248 1552 2280 δὲ,
1578 2247 1649 2274 κατὰ
1666 2247 1715 2282 τὴν
1735 2246 1853 2283 πρώτην

1052 2296 1100 2323 καὶ
1115 2295 1196 2321 πλέον
1215 2295 1335 2328 ἄληπτον
1343 2304 1351 2328 ;

214 2334 357 2362 divinitate
381 2334 519 2362 delibutus
527 2340 579 2363 est.
593 2335 655 2362 Haec
668 2335 741 2362 enim
758 2335 936 2362 humanitatis
953 2335 1047 2362 unctio
1063 2340 1115 2363 est.
1128 2335 1163 2363 At
1174 2335 1253 2367 illud,
1268 2336 1352 2370 gignit
1369 2344 1420 2366 me,
1436 2343 1547 2362 causam
1563 2344 1616 2363 non
1630 2336 1719 2362 habet.
1739 2334 1857 2371 Alioqui

214 2381 328 2408 ostende
346 2381 476 2415 quidnam
493 2381 542 2416 ipsi
558 2380 715 2415 adjunctum
725 2381 771 2408 sit.
787 2381 854 2414 Quis
870 2382 952 2416 igitur
962 2380 1067 2408 inlicias
1086 2382 1146 2413 ibit,
1162 2382 1227 2415 quin
1242 2382 1387 2415 sapientia,
1402 2382 1551 2408 secundum
1569 2381 1727 2408 inferiorem
1741 2383 1855 2416 quidem

213 2427 417 2461 generationem
442 2433 544 2461 creata,
563 2429 709 2455 secundum
727 2434 817 2456 autem
836 2430 954 2464 primum
973 2429 1045 2454 illam
1059 2430 1200 2462 magisque
1218 2429 1524 2461 iucmuprebensibilem
1539 2429 1629 2463 genita
1656 2428 1769 2455 dicatur
1782 2431 1794 2455 ’9

251 2474 321 2501 Huic
337 2474 411 2501 velut
426 2474 627 2501 consectarium
654 2479 706 2507 est,
736 2475 807 2510 quod
839 2475 922 2501 etiam
940 2481 1000 2501 scr-

214 2529 265 2548 vus
281 2521 384 2548 dicitur
399 2521 421 2552 ',
442 2525 469 2547 et
498 2520 589 2547 multis
607 2521 675 2548 bene
695 2522 818 2549 serviens
846 2521 892 2554 '-°;
920 2521 1002 2547 illud-

214 2575 268 2602 que
284 2567 360 2598 item,
376 2567 448 2600 quod
471 2574 596 2601 magnum
625 2572 708 2602 atque
742 2568 862 2603 amplum
887 2568 938 2602 ipsi
964 2568 1001 2594 sit

215 2612 312 2640 Filium
330 2611 377 2638 Dei
394 2611 482 2639 vorari
499 2612 530 2638 “.
552 2611 627 2640 llaud
651 2613 733 2640 dubie
749 2614 848 2648 quippe
865 2613 953 2642 carni.
974 2617 1002 2639 et

215 2658 401 2694 generationi,
416 2662 443 2685 et
462 2657 650 2688 aﬂcctiouibus
672 2661 785 2692 nostris,
801 2659 937 2687 libertatis
953 2667 1002 2687 no-

213 2712 278 2734 stra‘.
293 2712 376 2733 causa
396 2705 517 2739 servivit,
532 2714 564 2734 ac
575 2707 693 2742 denique
719 2707 848 2735 omnibus
866 2706 930 2740 illis,
949 2713 999 2740 per

252 2813 260 2828 '
278 2811 358 2840 Prov.
375 2820 432 2844 vttt.
448 2813 492 2841 2‘2.
530 2815 540 2830 '
556 2813 608 2842 Job
635 2821 731 2847 xxvnt,
762 2814 805 2841 Η.
846 2811 856 2828 ³
874 2812 940 2839 ibid.
980 2812 990 2827 ⁸
1004 2812 1077 2839 Psal.
1095 2822 1169 2843 xvtu.
1204 2814 1228 2840 Ι.

215 2847 226 2863 '
241 2847 320 2876 Prov.
344 2857 401 2883 vttt,
418 2850 464 2878 22.
501 2850 512 2865 ⁸
539 2850 610 2878 l’sal.
631 2858 675 2883 cx,
694 2849 721 2875 7.
759 2850 769 2865 ³
785 2847 838 2876 lsa.
856 2847 968 2880 xux,6.
1011 2848 1031 2864 "
1045 2848 1095 2877 ιδιι.
1118 2858 1174 2882 Llll,
1194 2849 1234 2877 Η.

1090 2473 1183 2508 Τούτῳ
1207 2474 1235 2499 δὲ
1271 2474 1367 2501 ἕπεται.
1394 2475 1441 2500 καὶ
1467 2474 1508 2506 τὸ,
1537 2473 1632 2500 δοῦλον
1668 2474 1786 2500 ἀκούειν
1826 2475 1855 2501 εὖ

1054 2520 1214 2546 δουλεύοντα
1230 2520 1347 2552 πολλοῖς.
1378 2521 1436 2547 Καὶ
1462 2521 1504 2553 τὸ,
1522 2521 1594 2554 μέγα
1609 2519 1679 2546 εἶναι
1692 2521 1772 2555 αὐτῷ
1787 2522 1854 2555 κλη-

1057 2567 1135 2600 θῆναι
1153 2567 1237 2593 Παῖδι
1261 2567 1339 2594 Θεοῦ.
1371 2567 1415 2601 Τῷ
1428 2567 1485 2593 ὄντι
1508 2567 1561 2602 γὰρ
1584 2567 1723 2593 ἐδούλευσε
1754 2570 1851 2602 σαρκὶ,

1057 2616 1102 2640 καὶ
1134 2616 1253 2646 γενέσει,
1281 2615 1329 2640 καὶ
1349 2615 1446 2641 πάθεσι
1468 2616 1525 2645 τοῖς
1551 2615 1709 2649 ἡμετέροις,
1735 2615 1784 2641 διὰ
1806 2617 1853 2648 τὴν

1055 2660 1193 2695 ἡμετέραν
1219 2659 1389 2693 ἐλευθερίαν,
1406 2660 1453 2686 καὶ
1475 2660 1558 2685 πᾶσιν
1587 2657 1628 2691 οἷς
1659 2660 1784 2687 σέσωκεν
1797 2662 1852 2687 ὑπὸ

1053 2707 1100 2740 τῆς
1116 2706 1253 2742 ἁμαρτίας
1267 2707 1474 2742 κατεχομένοις.
1497 2706 1531 2733 Τί
1545 2706 1574 2733 δὲ
1588 2705 1681 2741 μεῖζον
1701 2707 1851 2743 ἀνθρώπου

1266 2814 1277 2830 ⁸
1297 2814 1381 2841 Ζλιοιι.
1411 2822 1482 2848 xui,
1511 2815 1554 2843 l7.
1595 2815 1604 2831 ‘
1623 2814 1696 2844 Psal.
1721 2822 1809 2850 cxtn,
1825 2815 1851 2843 4.

1277 2851 1295 2866 ί·
1313 2850 1377 2878 Luc.
1393 2859 1412 2884 ι,
1425 2851 1470 2878 55.
