1891 3076
41 126 96 157 5η

535 127 724 158 PANOPLIA
744 128 814 159 DOG

890 130 972 161 .‘lCA.
984 142 1018 148 --
1033 130 1106 161 ΤΙΤ.
1124 130 1179 160 XI.
1615 133 1647 164 57

40 185 231 217 ταπεινότητι,
247 182 263 218 ἢ
279 183 338 218 Θεῷ
354 182 503 217 πλακῆναι,
521 184 568 209 καὶ
580 184 707 217 γενέσθαι
716 185 782 211 Θεὸν
797 186 809 211 ὲ

890 194 941 221 pia:
954 193 1012 220 eos,
1028 187 1101 221 quia
1118 191 1231 221 peccato
1255 186 1461 221 detinebantur,
1485 188 1512 215 in
1548 189 1663 218 salutem

39 230 94 263 τῆς
109 229 220 263 μίξεως,
238 229 286 255 καὶ
300 228 428 255 τοσοῦτον
442 230 641 264 ὲπισκεφθῆναι
661 231 788 266 ’Δνατολῇ
805 232 834 265 ἐξ

40 275 142 310 ὕψους,
153 275 223 301 ὥστε
237 275 285 301 καὶ
297 275 326 301 τὸ
343 275 511 310 γεννώμενον
529 276 607 309 ἆγιον
624 276 687 303 Υίὸν
707 277 834 312 Ὑψίστου

39 322 192 357 κληθῆναι,
219 322 267 348 καὶ
295 321 455 356 χαρισθῆναι
481 322 557 357 αὐτῷ
596 323 682 357 ὄνομα
709 323 739 350 τὸ
766 324 835 359 ὑπὲρ

38 369 100 395 πᾶν
113 368 198 404 ὄνομα
211 376 218 401 ;
245 368 330 395 Τοῦτο
344 368 371 394 δὲ
386 369 411 394 τί
445 377 510 395 ποτε
537 369 600 396 ἄλλο
615 369 688 396 εστὶν
705 370 722 406 ἢ
743 371 834 403 Θσός;

38 415 101 442 Καὶ
117 416 157 447 τὸ,
178 416 232 441 πᾶν
257 417 321 448 γόνυ
349 414 455 449 κάμψαι
480 415 518 450 τῷ
534 416 678 442 κενωθέντι
699 416 732 442 δι’
747 417 830 451 ἡμᾶς,

38 462 94 488 καὶ
111 461 160 495 τὴν
175 461 250 488 θείαν
261 461 352 488 εἰκόνα
367 461 477 496 δουλικῇ
503 462 595 496 μόρφῇ
621 464 831 498 συγκεράσαντι,

37 507 94 533 καὶ
112 507 222 541 γνῶναι
234 507 332 535 πάντα
346 507 430 533 οιιιον
444 507 576 541 Ἰσραὴλ,
598 507 643 535 ὅτι
664 508 713 535 καὶ
723 509 833 543 Κύριον

37 554 141 582 αὐτὸν
156 553 206 580 καὶ
223 554 351 588 Χριστὸν
362 555 379 580 ό
392 553 464 586 Θεὸς
476 554 631 587 ἐποίησεν.
660 554 755 587 Γέγονε
778 556 832 591 γὰρ

37 600 133 627 ταῦτα
163 599 287 634 ἐνεργείᾳ
307 599 357 634 μὲν
371 598 418 625 τοῦ
433 599 610 634 γεννήματος,
623 597 731 635 εὐδοκίᾴ
743 600 771 626 δὲ
785 600 831 627 τοῦ

38 647 217 680 γεννήτορος.

885 233 1012 259 asseruit.
1027 232 1095 265 Quid
1114 237 1202 258 autem
1224 233 1311 266 majus
1335 237 1362 259 et
1375 233 1598 262 honorificentius
1615 240 1665 262 Im-

886 279 966 306 minis
983 278 1127 305 humilitati
1143 279 1300 313 contingere
1308 285 1401 312 queat.
1415 287 1495 313 quam
1513 280 1567 307 Deo
1582 289 1668 315 copu-

884 324 945 356 lari,
958 329 1039 358 atque
1051 331 1083 351 ex
1101 324 1146 351 illa
1162 324 1290 351 mistione
1310 325 1394 351 Deum
1411 325 1490 356 etlici,
1508 330 1668 361 tantumque

885 371 918 397 ab
929 369 1039 397 Oriente
1056 379 1090 397 ex
1104 370 1158 397 alto
1171 370 1274 397 visitnri
1288 371 1308 403 ¹,
1323 369 1425 396 utillud
1440 370 1519 397 etiam
1533 378 1667 405 sanctum,

885 417 958 451 quod
976 416 1149 452 gignebatur,
1165 416 1297 443 Altissimi
1323 416 1407 443 Filius
1426 422 1571 443 vocaretur
1587 418 1608 449 ²,
1622 424 1670 444 eo-

886 470 938 496 que
957 462 1067 489 nomine
1079 462 1236 492 donaretur.
1263 462 1336 496 quod
1350 466 1389 489 est
1418 469 1500 496 super
1525 469 1606 489 ouine
1621 469 1669 489 no-

886 515 948 534 men
964 507 995 534 '2
1017 507 1093 540 Quod
1110 515 1189 542 porro
1203 508 1274 534 aliud
1303 514 1399 534 nomen
1418 507 1490 534 illud
1509 512 1561 540 est,
1585 515 1668 542 quam

888 553 959 580 Deus
973 553 1086 587 .’Atque
1108 553 1189 585 istud,
1203 560 1282 579 omne
1310 560 1378 587 genu
1405 557 1467 580 ante
1490 560 1552 580 eum
1578 553 1669 579 ﬂecta-

886 603 929 625 tur
951 598 973 631 ‘,
986 600 1032 633 qui
1049 603 1141 626 nostra
1158 605 1238 625 causa
1253 599 1408 626 exinanitus
1429 604 1482 629 est.
1498 606 1528 625 ac
1545 599 1668 625 divinam

888 645 1032 678 imaginem
1049 645 1141 672 servili
1155 645 1250 672 forma:
1262 645 1414 680 conjunxit,
1442 645 1561 679 sciatque
1583 646 1668 671 omnis

41 693 142 719 duntus
156 692 250 723 Israel.
268 693 330 726 quia
346 698 369 719 et
389 693 529 720 Dominum
545 701 604 720 eum
637 699 661 720 et
677 691 810 720 Christum
821 691 881 727 fecit
897 690 967 718 Deus
984 692 1005 718 '.
1033 691 1096 719 llaec
1109 691 1181 719 enim
1197 692 1283 719 factus
1297 697 1350 723 est,
1375 698 1456 725 opera
1473 692 1582 726 quidem
1609 691 1668 726 ejus

41 744 94 778 qui
115 743 224 778 genitus
240 746 292 772 est,
308 742 378 768 bona
393 746 482 768 autem
496 741 638 769 voluntate
651 741 791 777 genitoris.

81 789 213 822 Δεύτερον
238 787 266 814 δὲ
287 787 314 813 τί
329 788 382 814 τῶν
408 787 544 822 μεγίστων
570 787 662 819 αὐτοῖς
690 786 737 813 καὶ
763 786 837 821 ἀμά-

925 785 996 819 Quid
1023 785 1142 813 secundo
1175 785 1246 818 loco,
1285 789 1411 819 tanquam
1449 784 1559 811 maximi
1588 789 1670 818 atque

39 840 102 865 χων
117 839 124 862 ;
144 833 189 857 Δεῖ
203 831 257 866 γὰρ
280 830 359 857 αὑτὸν
378 830 528 864 βασιλεύειν
554 831 616 866 ἄχρι
630 829 714 862 τοῦδε,
729 830 775 857 καὶ
789 832 814 857 ὑι

892 829 983 855 invicti
999 828 1136 862 cujusdam
1153 830 1269 862 roboris,
1285 831 1446 865 opponunt?
1469 832 1580 866 Oportet
1599 834 1671 861 enim

39 877 163 912 οὐρανοῦ
178 877 302 912 δεχθῆναι
319 877 383 912 ἄχρι
400 877 502 911 χρόνων
518 877 772 909 ἀποκαταστάσεως,
789 878 836 904 καὶ

39 923 96 958 τὴν
113 924 147 949 ὲκ
170 923 264 955 δεξιῶν
284 922 417 958 καθέδραν
434 923 515 957 ἔχειν,
536 922 588 955 ἕως
601 924 650 958 τῆς
663 923 716 950 τῶν
731 924 836 959 ἐχθρῶν

41 969 267 1004 ὲτιικρατήσεως.
285 969 321 995 Τὸ
339 969 407 1004 μετὰ
422 969 500 996 τοῦτο
515 969 543 996 δὲ
559 969 585 996 τί
598 978 604 1002 ;
626 969 712 1004 Λῆξαι
725 970 773 1005 τῆς
787 970 836 1005 βα-

42 1015 162 1047 σιλείας,
175 1015 192 1050 ἢ
206 1015 261 1041 τῶν
278 1014 399 1050 οὐρανῶν
419 1015 568 1050 ἀποστῆναι
595 1022 603 1046 ;
678 1016 754 1047 Τίνος
768 1016 836 1042 παύ-

41 1067 144 1090 σοντος
156 1059 192 1094 ;ῆ
207 1059 240 1085 δι’
263 1059 357 1094 ἥντινα
375 1059 424 1094 τὴν
445 1059 534 1086 αἰτίαν
561 1069 568 1093 ;
644 1059 688 1090 Ὧς
700 1060 836 1096 τολμηρὸς

38 1103 187 1138 ἐξηγητὴς
292 1103 335 1134 σὺ,
359 1104 406 1129 καὶ
421 1103 481 1130 λίαν
503 1103 695 1134 ἀὸασίλεντοςῐ
709 1105 762 1130 Καὶ
784 1105 836 1140 μὴν

38 1149 159 1180 ἀκούεις
184 1148 234 1183 τῆς
253 1148 390 1183 βασιλείας
404 1149 486 1175 αὐτοῦ
508 1150 544 1184 μὴ
560 1147 628 1176 εἶναι
643 1150 737 1185 πέρας.
758 1150 837 1177 Ἀλλὰ

37 1194 127 1221 τοῦτο
141 1194 263 1229 πάσχεις,
292 1195 366 1229 παρὰ
380 1195 411 1221 τὸ
428 1194 464 1230 μὴ
485 1194 637 1229 γινώσκειν,
655 1195 695 1221 ὅτι
711 1195 751 1227 τὸ,
770 1195 835 1229 ἕως,

38 1241 75 1266 οὐ
92 1240 204 1271 πάντως
227 1239 385 1275 ἀντιδιαιρεῖ
397 1240 435 1275 τῷ
463 1239 593 1275 μέλλοντι,
622 1241 689 1268 ἀλλὰ
709 1242 738 1268 τὸ
756 1242 836 1277 μέχρι

41 1287 101 1320 μὲν
118 1285 196 1311 τοῦδε
222 1305 229 1316 ,
295 1285 402 1320 τίθησι·
434 1285 463 1312 τὺ
480 1286 549 1321 ὑπὲρ
574 1285 652 1313 τοῦτο
736 1287 774 1319 δὲ,
787 1289 836 1314 οὐκ

38 1330 200 1356 ἀναίνεται.
219 1331 254 1356 Ἢ
273 1329 331 1361 πῶς
347 1331 463 1365 νοήσεις,
487 1331 530 1357 ἵνα
544 1331 580 1366 μὴ
596 1331 678 1358 τᾶλλα
690 1331 771 1366 λέγω.
788 1333 818 1358 τό
828 1341 834 1348 ⁸

39 1377 180 1408 Ἐσομαι
193 1375 256 1408 μεθ’
269 1374 350 1408 ὑμῶν
363 1374 417 1407 ἓως
438 1374 492 1408 τῆς
514 1375 693 1407 συντελείας
709 1376 761 1402 τοῦ
772 1376 837 1402 ιιὶῶ-

37 1428 119 1451 νος;
134 1417 198 1454 ’Ap’
211 1419 248 1450 ὡς
276 1419 344 1453 μετὰ
364 1419 442 1445 τοῦτο
471 1419 520 1445 οὐκ
544 1419 584 1446 ιἑτι
682 1420 811 1455 ἐσομένου
827 1430 833 1454 ;

37 1465 104 1491 Καὶ
119 1463 187 1494 τίςό
199 1463 291 1497 λόγος;
308 1464 344 1490 Οὐ
368 1464 446 1497 μόνον
462 1464 500 1495 δὲ,
517 1464 585 1490 ἀλλὰ
597 1464 643 1491 καὶ
658 1465 733 1500 παρὰ
754 1465 784 1491 τὺ
799 1465 837 1500 μὴ

35 1512 163 1546 διαιρεῖν
188 1510 224 1536 τὰ
241 1509 434 1545 σημαινόμενα.
463 1509 619 1536 Βασιλεύειν
640 1510 693 1545 γὰρ
718 1510 835 1544 λέγεται,
849 1502 869 1529 υ

35 1557 109 1584 καθ’
140 1556 170 1583 ἓν
185 1556 244 1591 μὲν,
269 1556 306 1587 ὡς
323 1549 532 1590 Παντοκράτωρ,
561 1556 607 1582 καὶ
631 1556 769 1588 θελόντων,
790 1556 836 1582 καὶ

37 1601 95 1636 μὴ,
113 1599 240 1635 βασιλεὺς
251 1608 257 1614 ·
273 1599 333 1625 καθ’
346 1599 438 1633 ἕτερον
457 1599 495 1630 δὲ,
512 1599 550 1630 ὡς
571 1599 689 1635 ἐνεργῶν
703 1600 752 1634 τὴν
771 1601 837 1626 ὑπο-

34 1645 136 1680 ταγὴν
164 1662 172 1674 ,
255 1644 302 1670 καὶ
318 1643 370 1670 ὑπὸ
390 1643 440 1678 τὴν
470 1643 565 1670 ἑαυτοῦ
590 1644 728 1678 βασιλείαν
752 1645 835 1677 τιθεὶς

34 1692 52 1725 ἡ
60 1691 133 1724 μᾶς,
148 1689 260 1719 ἑκόντας
272 1688 430 1723 δεχομένους
441 1688 472 1714 τὸ
497 1688 695 1723 βασιλεύεσθαι.
715 1689 770 1724 Τῆς
787 1690 835 1724 μὲν

34 1734 89 1761 οἰν
109 1734 223 1764 ἐκείνως
234 1733 381 1768 νοουμένης
410 1733 546 1767 βασιλείας
558 1733 608 1759 οὐκ
633 1733 708 1760 ἔσται
728 1734 834 1769 πέρας·

33 1782 93 1814 τῆς
108 1778 240 1813 δευτέρας
253 1778 291 1809 δὲ,
302 1778 329 1804 τί
354 1785 362 1809 ;
442 1778 478 1804 Τὸ
495 1778 585 1805 λαῦεἵν
598 1780 672 1814 ἡμᾶς
690 1779 741 1806 ὑπὸ
756 1782 834 1815 χεῖρα

33 1823 227 1858 σωζομένους.
327 1823 359 1848 Τί
373 1822 428 1858 γὰρ
442 1823 483 1850 δεῖ
497 1823 547 1859 τ’ὴν
563 1824 699 1861 ὑποταγὴν
714 1826 834 1861 ἐνεργεῖν

31 1867 275 1902 ὑποτεταγμένων
288 1876 295 1900 ;
309 1868 375 1895 Μεθ’
393 1869 426 1904 ἣν
438 1869 578 1896 ἀνίσταται
595 1870 695 1905 κρίνων
704 1871 753 1906 τὴν
769 1871 833 1906 γῆν,

33 1914 90 1940 καὶ
103 1912 217 1947 διαιρῶν
228 1911 258 1938 τὸ
272 1912 432 1948 σωζόμενον,
450 1913 496 1940 καὶ
510 1914 539 1941 τὸ
553 1915 738 1950 ἀπολλύμενον
749 1924 756 1931 ·
775 1916 833 1951 μεθ’

31 1960 73 1994 ἢν
110 1959 219 1985 ἵσταται
243 1959 308 1990 Θεὸς
332 1960 361 1985 ἐν
385 1959 459 1995 μέσῳ
485 1960 563 1993 θεῶν,
587 1960 640 1987 τῶν
662 1962 831 1996 σωζομένων,

31 2003 195 2037 διακρίνων
211 2003 257 2028 καὶ
271 2002 443 2035 διαστέλλων,
458 2004 529 2036 τίνος
554 2005 668 2037 ἕκαστος
685 2007 766 2041 τιμῆς
785 2007 833 2034 καὶ

33 2051 133 2085 μονῆς
144 2049 228 2081 ἄξιος.

892 874 965 901 illum
980 882 1092 909 regnare
1115 875 1125 890 ‘
1147 875 1199 902 lntc
1216 883 1310 910 usque.
1326 882 1351 903 et
1365 885 1379 903 a
1396 878 1464 904 ctylo
1476 879 1574 913 suscipi
1590 887 1674 914 usque

891 920 924 946 ad
953 920 1133 948 restitutionis
1160 923 1319 954 tempom’,
1347 927 1374 949 ct
1390 930 1404 948 a
1430 923 1530 949 dextris
1547 925 1670 956 sedere“.

892 965 976 992 d0nec
993 965 1084 993 lmstes
1115 966 1141 992 in
1160 970 1319 1000 potestatem
1346 968 1490 1002 redegerit.
1515 968 1583 1001 Quid
1610 977 1674 996 vero

891 1011 1006 1044 postea?
1022 1011 1161 1045 Regnandi
1190 1011 1269 1038 liuent
1295 1011 1395 1044 lacere,
1425 1017 1471 1039 aut
1496 1021 1511 1040 e
1539 1014 1615 1040 mulis
1628 1023 1674 1041 ex-

891 1055 1015 1087 pelli‘iEt
1028 1056 1165 1090 quisnam,
1193 1057 1319 1088 obsecro,
1341 1065 1400 1084 eum
1426 1065 1441 1085 e
1465 1066 1547 1093 regno
1566 1059 1674 1091 cjiciet?

891 1102 944 1127 Aul
959 1108 1039 1134 quam
1061 1101 1094 1127 ob
1108 1100 1238 1127 causam?
1263 1101 1347 1133 Quum
1368 1102 1455 1129 audax
1477 1109 1672 1135 enarratores,

891 1146 1056 1180 nimiumque
1073 1154 1088 1172 a
1105 1147 1177 1181 regio
1199 1146 1263 1180 jngo
1285 1147 1449 1174 abhorrens!
1466 1148 1500 1174 At
1515 1149 1587 1183 regni
1603 1149 1673 1175 illius

892 1193 990 1219 null'nn
1013 1194 1091 1219 tinem
1120 1194 1130 1208 '
1226 1192 1283 1218 fore
1319 1192 1405 1219 audis.
1432 1193 1529 1219 Verum
1547 1195 1602 1221 haec
1623 1194 1669 1221 tibi

890 1237 992 1264 erroris
1003 1244 1082 1264 causa
1095 1241 1146 1269 est,
1162 1237 1232 1271 quod
1257 1245 1308 1264 non
1334 1237 1460 1272 intelligis
1477 1238 1545 1265 hanc
1565 1246 1669 1272 vocem,

891 1281 944 1312 ἕως
973 1281 1008 1316 (id
1037 1287 1087 1312 est.
1111 1284 1222 1316 usque),
1244 1290 1297 1308 non
1326 1289 1432 1316 semper
1446 1281 1535 1308 futuro
1557 1284 1670 1317 tempori

890 1327 998 1361 opponi,
1018 1327 1063 1353 sed
1077 1327 1112 1353 ita
1125 1326 1292 1360 inter-jectnm
1308 1332 1413 1361 tempus
1428 1332 1557 1359 statuere.
1581 1333 1608 1354 nt
1631 1328 1670 1354 iu-

891 1374 968 1400 tcrim
985 1380 1101 1407 sequens
1113 1378 1218 1407 tempus
1243 1381 1294 1399 nou
1321 1372 1455 1399 excludat.
1476 1372 1542 1399 Nam
1561 1373 1611 1399 nisi
1634 1374 1669 1400 ita

890 1427 934 1447 res
945 1427 973 1447 se
986 1419 1093 1451 habeat,
1108 1427 1224 1454 quonam
1237 1420 1316 1445 modo
1338 1418 1413 1450 illud,
1431 1423 1459 1445 ut
1484 1418 1533 1445 alia
1560 1425 1671 1453 prmtcr-

889 1473 959 1498 eam,
979 1465 1108 1500 intelliges
1125 1475 1131 1492 :
1151 1464 1205 1491 Ero
1220 1464 1351 1491 vobiscum
1364 1473 1444 1500 usque
1458 1465 1492 1491 ad
1505 1473 1670 1491 cortsumma-

889 1510 1132 1538 tionemswcuii”?
1151 1510 1190 1537 An
1208 1510 1285 1544 quasi
1307 1514 1398 1543 postea
1425 1510 1534 1537 tninime
1563 1510 1669 1537 futurus

889 1557 945 1584 sit?
957 1557 988 1583 Et
1005 1564 1064 1590 qttae
1082 1557 1138 1583 haec
1154 1556 1222 1582 ratio
1243 1555 1332 1582 esset?
1352 1554 1406 1581 Nec.
1430 1562 1492 1581 vero
1517 1555 1566 1582 huc
1583 1556 1669 1582 solum

889 1603 922 1630 de
933 1610 1013 1630 causa
1030 1603 1054 1629 iu
1070 1609 1190 1629 errorem
1207 1601 1301 1628 incidis
1312 1620 1319 1632 ,
1348 1600 1394 1626 sed
1411 1601 1491 1626 etiam
1507 1601 1569 1634 quia
1586 1601 1670 1635 signi-

890 1649 1027 1676 ﬁcationes
1042 1649 1113 1683 ipsas
1129 1656 1182 1675 non
1210 1648 1364 1681 distinguis.
1386 1646 1511 1680 Regnare
1531 1647 1602 1674 enim
1622 1647 1670 1674 du—

891 1695 952 1730 plici
966 1695 1045 1721 modo
1064 1694 1171 1724 dicitur,
1197 1701 1260 1724 uno,
1283 1698 1311 1719 ut
1325 1692 1510 1726 Onntipotcns,
1535 1700 1566 1718 ac
1580 1692 1669 1719 volen-

891 1740 955 1766 tium
969 1740 1171 1773 nolentiumque
1187 1738 1244 1764 Rex
1259 1747 1265 1765 :
1280 1738 1375 1769 altero,
1389 1743 1418 1764 nt
1436 1738 1628 1772 Slllljt'ClllHlClll
1644 1738 1668 1764 in

889 1785 967 1812 nobis
980 1785 1100 1819 gignens,
1115 1789 1141 1811 et
1165 1784 1214 1811 sub
1239 1784 1379 1818 imperium
1397 1791 1474 1809 suum
1493 1790 1525 1809 ac
1540 1782 1668 1809 ditionem

889 1838 937 1858 nos
954 1832 1085 1865 rcdigens,
1099 1835 1190 1865 utpote
1208 1830 1251 1862 qui
1270 1830 1392 1856 lubenter
1405 1829 1489 1863 ipsius
1505 1835 1584 1863 regno
1600 1829 1667 1856 colla

890 1876 1084 1902 submittimus.
1098 1875 1175 1908 Quod
1187 1882 1251 1909 ergo
1264 1875 1296 1901 ad
1308 1875 1424 1908 priorem
1443 1873 1666 1907 signiﬁcationem

888 1921 992 1951 attinet.
1010 1921 1083 1955 regni
1097 1921 1180 1955 ipsius
1194 1920 1253 1946 linis
1267 1919 1355 1946 minus
1366 1919 1428 1946 erit.
1439 1918 1513 1952 Quod
1531 1923 1620 1945 autem
1633 1919 1667 1945 ad

887 1966 1042 1997 secundam,
1057 1965 1116 1999 quis
1130 1965 1184 1991 erit
1200 1963 1279 1991 linis?
1290 1962 1326 1990 Ut
1341 1970 1390 1990 nus
1417 1962 1554 1995 subjectos
1566 1966 1666 1994 teneat,

886 2014 1036 2044 servetque.
1058 2009 1125 2042 Quid
1151 2010 1222 2037 enim
1248 2016 1315 2043 opus
1342 2008 1393 2035 erit
1417 2007 1610 2041 subiectionem
1641 2007 1667 2033 in

887 2056 963 2082 nobis
979 2056 1079 2087 moliri,
1094 2063 1153 2082 cum
1167 2055 1221 2087 jam
1239 2055 1289 2088 ipsi
1308 2053 1418 2086 subjecti
1432 2051 1666 2085 fuerimus?Qnod

37 2096 197 2127 postquam
214 2092 344 2125 eﬂ’ecerit,
356 2098 527 2121 surrecturus
541 2098 583 2121 est
599 2094 633 2121 ad
650 2094 780 2127 judicium
795 2094 827 2121 de
841 2099 912 2121 terra
929 2095 1078 2125 ferendum,
1093 2099 1120 2122 et
1136 2097 1317 2123 secernendos
1330 2102 1377 2122 eos
1401 2094 1447 2127 qui
1468 2094 1580 2121 salutem
1597 2102 1664 2122 con-

34 2145 215 2175 sequuntur.
235 2141 269 2168 ab
285 2142 316 2168 iis
331 2142 375 2176 qui
389 2146 524 2176 pereunt;
546 2142 682 2175 stabitque
695 2142 765 2168 Deus
786 2143 812 2169 in
828 2143 917 2169 medio
933 2143 1047 2170 deorum
1067 2143 1099 2174 “,
1114 2143 1165 2169 hoc
1180 2147 1231 2173 ut.
1250 2143 1388 2170 beatorum
1403 2143 1556 2174 hominum,
1578 2147 1608 2170 ut
1620 2143 1664 2169 di-

28 2187 152 2224 jidicet
172 2194 203 2214 ac
215 2186 374 2222 distinguat,
392 2196 444 2222 quo
460 2189 573 2223 quisque
587 2188 698 2215 honoris
715 2189 810 2222 gradu,
825 2195 933 2224 quaque
952 2187 1091 2214 mansione
1107 2189 1203 2222 dignus
1218 2189 1261 2215 sit.

78 2232 183 2267 Τούτῳ
210 2232 330 2260 σύναπτε
347 2235 393 2260 καὶ
408 2235 457 2268 τὴν
479 2234 628 2269 ὑποταγὴν,
658 2235 692 2269 ἢν
721 2234 814 2261 ὕποτάι

924 2233 991 2261 lluic
1017 2233 1210 2267 subjectionem
1237 2241 1345 2268 quoque
1364 2234 1442 2261 istam
1458 2234 1584 2269 adjunge,
1615 2242 1668 2268 qua

31 2287 104 2310 σεις
124 2277 165 2312 τῷ
193 2278 281 2312 Πατρὶ
297 2278 342 2304 τὸν
370 2278 443 2305 Υίόν.
475 2278 507 2305 Τί
533 2278 634 2312 λέγεις,
659 2279 696 2309 ὡς
713 2279 760 2305 νῦν
790 2279 839 2314 οὐχ

29 2323 294 2357 ὑποτεταγμένους
321 2324 411 2350 Δείται
439 2323 467 2351 δὲ
496 2324 565 2356 ὅλως
595 2325 762 2359 ὑποταγῆναι
779 2325 839 2360 Θεῷ

43 2369 126 2398 Θεὸς
143 2367 182 2393 ὢν
196 2375 204 2401 ;
227 2367 272 2399 Ὠς
287 2368 352 2402 περὶ
367 2368 465 2405 λῃστοῦ
484 2377 566 2402 τινος,
591 2369 607 2404 ἢ
623 2370 757 2403 ἀντιθέου,
773 2371 838 2405 ποιῇ

26 2416 91 2450 τὴν
125 2413 216 2446 λόγον.
247 2413 317 2440 Ἀλλ’
329 2413 401 2440 οὕτω
423 2415 530 2441 σκόπει·
558 2415 600 2441 ὅτι
616 2415 710 2450 ὥσπερ
727 2415 834 2448 κατάρα

26 2463 150 2496 ἢκουσε
178 2459 211 2485 δι’
231 2459 293 2495 ἐμὲ,
322 2461 336 2486 ὁ
359 2460 407 2496 τὴν
432 2461 501 2496 ὲμὴν
527 2461 598 2488 λύων
630 2461 764 2496 κατάραν·
789 2462 836 2488 καὶ

27 2507 314 2543 ἁμαρτία,ὸαῖρων
330 2508 379 2542 τὴν
405 2508 546 2544 ἁμαρτίαν
573 2507 620 2534 τοῦ
649 2508 762 2542 κόσμου·
789 2508 837 2534 καὶ

36 2555 142 2587 Ἀδὰμ
154 2553 216 2579 ἀντὶ
232 2553 277 2579 τοῦ
296 2553 411 2580 παλαιοῦ
437 2554 543 2588 γίνεται
565 2553 633 2584 νέος·
657 2553 728 2580 οὓτω
745 2554 792 2580 καὶ
808 2554 837 2579 τὸ

27 2601 114 2635 ἐμὸν
127 2599 315 2625 ἀνυπότακτον
337 2599 431 2626 ἑαυτοῦ
451 2601 580 2632 ποιεῖται,
608 2599 646 2630 ὡς
661 2599 766 2634 κεφαλὴ
791 2599 837 2625 τοῦ

29 2643 151 2674 παντὸς
161 2643 297 2678 σώματος.
311 2644 383 2676 Ἕως
398 2645 448 2680 μὲν
462 2645 508 2672 οὖν
520 2644 707 2676 ἀνυπότακτος
724 2645 779 2678 ἐγὼ
792 2646 840 2672 καὶ

29 2690 215 2725 στασιώδης,
230 2692 264 2726 τῇ
280 2699 309 2717 τε
324 2691 438 2727 ἀρνήσει
458 2691 504 2718 τοῦ
523 2691 600 2724 Θεοῦ,
625 2692 673 2719 καὶ
688 2693 743 2724 τοῖς
755 2693 840 2720 παθε-

79 2789 91 2805 ¹
113 2787 235 2816 ibidJs.
273 2790 283 2805 '
301 2789 366 2818 ibid.
381 2790 425 2817 32.
464 2789 474 2804 ³
487 2789 602 2824 Philipp.
618 2798 648 2820 ιι.
671 2792 698 2818 9.
735 2791 746 2806 ⁴
762 2791 814 2819 ibid

926 2793 936 2808 '
956 2792 1017 2819 Act.
1034 2799 1063 2824 ιι,
1093 2791 1137 2818 '56.
1177 2791 1187 2807 ‘
1203 2792 1212 2817 l
1228 2791 1290 2818 Cor.
1303 2790 1400 2824 xv,‘25.

874 2828 893 2843 “
908 2827 981 2855 Psal.
999 2835 1092 2858 um.
1107 2827 1133 2854 l.
1157 2826 1261 2853 "lCor.
1278 2833 1323 2858 xv,
1338 2826 1383 2853 28.
1422 2826 1444 2842 ¹³
1458 2827 1545 2855 Εδίδι.
1562 2834 1604 2860 ιιι,
1628 2827 1673 2855 15.

29 2827 46 2842 ⁸
69 2825 148 2852 Psal.
170 2831 224 2854 cu.
245 2825 270 2851 1.
308 2825 395 2853 'an.
410 2833 427 2858 ι,
446 2825 490 2852 52.
530 2825 551 2841 ¹⁰
567 2826 661 2856 Matth.
676 2834 770 2858 xxvni.
785 2827 831 2855 20.

30 2862 65 2877 ⁸⁸
82 2859 107 2886 ιι
121 2859 187 2887 Cor.
209 2867 236 2893 ν,
252 2859 284 2887 21
335 2861 357 2877 ⁸⁸
373 2861 384 2888 1
400 2861 463 2889 Cor.
478 2869 522 2893 xv,
534 2860 577 2888 l5.

886 2280 982 2307 Filium
1004 2279 1078 2306 Patri
1104 2280 1225 2313 subjicis.
1253 2280 1324 2312 Quid
1349 2280 1400 2312 ais,
1417 2281 1492 2314 quasi
1521 2281 1577 2315 jam
1596 2289 1669 2308 nunc

886 2326 1024 2359 subjectus
1040 2333 1093 2352 non
1107 2326 1143 2353 sit
1157 2327 1178 2341 “
1189 2326 1201 2352 ?
1213 2326 1266 2352 Aut
1279 2327 1360 2353 etiam
1378 2325 1491 2353 omnino
1503 2334 1569 2361 opus
1585 2331 1625 2353 est
1638 2331 1670 2354 ut

888 2371 942 2399 Deo
963 2372 1134 2405 subjiciatur,
1153 2372 1196 2406 qui
1213 2376 1239 2398 et
1254 2372 1311 2405 ipse
1333 2371 1402 2398 Deus
1422 2372 1482 2399 est?
1496 2372 1566 2406 Ergo
1589 2373 1668 2406 quasi

887 2419 919 2445 de
934 2417 1039 2444 latrone
1054 2418 1181 2450 quodam,
1196 2422 1243 2444 aut
1258 2416 1304 2443 Dei
1326 2417 1413 2448 hoste,
1430 2417 1509 2444 verba
1524 2417 1671 2445 facis.'Ve-

889 2471 947 2489 rum
961 2464 995 2489 ita
1014 2469 1069 2490 rem
1086 2464 1217 2497 expende.
1231 2462 1464 2495 Quemadmodum
1493 2463 1589 2490 salutis
1605 2470 1671 2490 mea

889 2517 970 2537 causa
987 2510 1158 2537 maledictum
1171 2514 1280 2536 vocatus
1295 2515 1337 2536 est
1354 2509 1386 2541 ",
1397 2510 1441 2544 qui
1453 2509 1670 2536 maledictionem

890 2563 977 2582 meam
991 2556 1072 2583 solvit
1089 2563 1097 2589 ;
1118 2560 1144 2582 et
1159 2560 1313 2589 peccatum,
1345 2557 1389 2590 qui
1408 2555 1498 2582 mundi
1530 2561 1670 2590 peccatum

890 2601 961 2628 delet
976 2602 1016 2634 “;
1030 2609 1061 2628 ac
1078 2609 1125 2636 pro
1136 2602 1217 2628 veteri
1233 2602 1345 2634 Adamo,
1359 2609 1444 2628 novus
1455 2601 1573 2628 Adatuns
1586 2600 1673 2628 elﬁci-

893 2650 936 2673 tur
949 2647 970 2662 “
986 2655 993 2673 :
1011 2647 1042 2674 ad
1059 2649 1181 2674 eumdem
1193 2655 1301 2682 quoque
1311 2647 1421 2674 modum
1433 2646 1632 2674 contumaciam
1645 2649 1672 2672 et

893 2693 1068 2720 rebellionem
1086 2701 1172 2721 meam
1185 2694 1236 2722 sibi
1255 2693 1374 2726 aseiscit,
1390 2698 1420 2720 ut
1437 2693 1520 2720 totius
1548 2692 1672 2727 corporis

1439 2791 1448 2807 '
1477 2793 1534 2818 Act.
1563 2798 1603 2824 Ill,
1622 2791 1669 2818 2t.
