1891 3076
229 139 282 171 570

869 139 1062 171 EUTIIYMII
1084 137 1268 168 ZlGABENI

1808 137 1850 167 ειη

229 206 321 235 caput.
331 200 448 228 Proinde
463 199 582 235 quandiu
604 199 763 228 inobediens
773 199 831 234 ipse
843 206 902 226 sum
916 207 947 225 ac
958 203 1011 224 tur-

1066 205 1117 227 σιν,
1147 195 1334 226 ἀνυπότακτος
1373 195 1403 221 τὺ
1439 195 1500 221 κατ⁴
1523 194 1573 230 ἐμὲ
1608 195 1654 221 καὶ
1682 195 1696 220 ὁ
1738 195 1851 228 Χριστῖς

231 248 367 278 bulentus,
386 252 442 273 tum
457 254 504 280 per
516 246 561 272 Dei
571 246 786 280 ahnegationem,
799 250 854 272 tum
867 253 914 280 per
926 247 1007 272 vitin-

229 302 274 320 sas
287 293 369 320 animi
387 292 580 327 permotiones.
604 292 696 318 tandiu
720 291 876 318 inobediens
890 299 1006 325 quoque,

228 344 359 373 quantum
372 339 405 365 ad
418 345 460 364 me
473 337 578 368 attinet,
595 337 718 364 Christus
729 337 839 364 dicitur.
847 337 912 364 Cum
920 343 1008 364 autem

228 385 251 410 ci
265 385 353 410 omnia
371 383 488 416 subjecta
502 382 602 409 fuerint
617 382 804 417 (thjicieutur
815 387 915 414 autem,
929 388 955 408 et
964 389 1008 417 pc!

228 429 403 464 agnitionem,
419 434 447 455 et
469 436 517 463 per
536 427 772 463 immutationem),
797 433 852 455 tum
870 428 926 463 ipse
941 436 1009 462 quo-

231 482 285 508 que
305 472 499 507 sulijertionem
531 473 694 508 impleverit,
713 473 849 501 adducens
874 473 1008 504 me.salu.

231 524 284 545 tem
295 524 480 546 consecutum.
499 518 554 546 Nec
564 519 635 546 enim
647 519 793 553 quidquam
805 519 876 546 aliud
885 524 937 552 est,
948 527 1006 546 mea

231 564 339 598 quidem
357 564 501 597 sententia,
516 564 617 591 Christi
630 564 771 597 subjectio,
792 571 871 598 quam
891 569 1009 597 paterna:

228 610 375 637 voluntatis
384 610 511 644 expletio.
534 609 650 640 Snbiicit
769 615 869 641 autem,
889 610 1009 636 ctFilius

229 655 312 686 Patri,
328 660 355 682 et
373 655 490 681 vicissim
503 654 571 682 Filio
590 654 690 682 Pater:
715 654 760 681 ille
784 662 866 689 opera
883 662 942 685 sua.
965 655 1010 681 hie

229 700 403 734 beneplacito.
431 700 656 734 quemadmodum
685 705 776 728 antea
797 701 874 727 nobis
907 702 1009 728 dictum

226 752 276 773 est.
294 747 380 780 Atque
396 745 431 772 ita
446 745 559 780 eos,qui
586 745 701 780 subjecti
722 750 796 778 sunt,
820 746 874 772 Deo
890 746 962 773 sistit
977 753 1009 772 ac

229 796 406 825 repraesentat
435 791 467 822 is,
489 791 533 824 qui
554 790 679 824 subjecit.
700 795 790 817 nostra
816 790 940 817 videlicet
956 790 1007 817 sibi

229 836 379 862 vindicans.
396 836 495 863 Eodem
511 836 536 862 in
550 843 648 870 genere
660 835 725 862 mihi
739 835 802 862 illud
823 843 930 870 quoque
949 843 1008 863 esse

229 881 353 908 videtur:
371 881 450 912 Deus,
469 881 537 907 Deus
554 889 636 913 meus,
648 881 746 914 respice
758 881 785 907 in
796 889 847 913 me,
867 889 950 914 quare
968 890 1008 908 mc

228 927 411 960 dereliquisli‘
432 927 443 952 ?
472 925 564 959 Neque
577 927 661 958 enim,
677 927 747 961 quod
773 927 883 961 quidam
900 927 1009 961 opinan-

229 978 283 1005 tur,
300 973 368 1007 ipse,
385 973 427 999 vel
441 981 455 999 a
478 972 571 1004 Patre,
599 973 639 1000 vel
659 979 674 999 a
692 980 739 1000 sua
762 973 913 1005 divinitate,
932 972 1007 1006 quasi

230 1018 380 1051 passionem
396 1017 578 1046 extimuisset.
597 1024 628 1043 ac
646 1022 786 1051 propterea
808 1024 868 1043 sese
882 1024 896 1043 a
911 1024 1007 1051 perpe—

231 1063 313 1089 tiente
327 1069 441 1096 corpore
455 1062 616 1096 collegisset,
627 1062 770 1089 derelictus
784 1067 833 1088 est.
847 1061 923 1096 (Quis
936 1062 1006 1089 enim

229 1115 302 1138 cum,
317 1107 358 1133 vel
381 1108 497 1142 primunt
516 1106 671 1134 humanitus
691 1107 773 1142 gigni,
799 1107 840 1134 vel
857 1107 882 1133 in
900 1115 1005 1134 crucem

231 1153 379 1180 ascendere
397 1152 516 1187 coegit?)
536 1151 634 1178 Verum
649 1153 675 1179 in
689 1154 789 1186 seipso,
804 1157 833 1179 ut
842 1153 943 1180 dictum
954 1157 1004 1183 est,

228 1203 318 1224 nostra
333 1199 542 1231 repraesentavit.
557 1197 609 1224 Nos
625 1198 697 1225 enim
718 1205 826 1225 eramus
840 1198 959 1225 derelicti
969 1197 1006 1224 illi

230 1244 304 1276 prius
318 1250 397 1278 atque
413 1244 578 1278 contempti;
604 1252 674 1272 nunc
691 1253 753 1271 vero
781 1253 828 1279 per
849 1243 1006 1279 impatibilis

1027 897 1046 924 B

1064 242 1172 276 λέγεται
1182 251 1189 257 ·
1205 243 1270 269 ὅταν
1279 243 1308 270 δὲ
1325 243 1446 277 ὑποταγῇ
1463 241 1537 277 αὑτῷ
1547 243 1581 269 τὰ
1595 243 1695 275 πάντα,
1712 243 1852 278 ὑποταγῇ-

1065 296 1141 314 σεται
1157 288 1185 315 δὲ
1196 288 1241 315 καὶ
1252 290 1285 324 τῇ
1300 288 1454 322 ἐπιγνώσει,
1476 289 1523 314 καὶ
1533 290 1565 324 τῇ
1587 290 1785 324 μεταποιήσει,
1801 291 1853 316 τίετε

1064 334 1110 360 καὶ
1123 334 1203 365 αὐτὸς
1213 334 1262 368 τὴν
1285 333 1422 369 ὑποταγὴν
1449 334 1622 369 πεπλήρωκε,
1643 335 1799 370 προσάγων
1811 337 1854 369 ἐμὲ

1064 379 1109 405 τὸν
1125 380 1305 414 σεσωσμένον.
1328 379 1412 406 Τοῦτο
1443 380 1497 416 γὰρ
1526 381 1542 415 ή
1573 380 1698 415 ὑπσταγὴ
1722 381 1851 415 Χριποὶ,

1064 427 1135 454 κατά
1148 435 1180 460 γε
1199 426 1244 452 τὴν
1258 427 1323 458 ἐμὸν
1337 426 1425 460 λόγον.
1453 428 1469 461 ὴ
1486 426 1532 452 τοῦ
1549 426 1686 461 Πατρικοῦ
1703 426 1852 461 θελήματκ

1065 472 1214 507 πλήρωσις.
1235 473 1396 499 ’Υποτάσσει
1418 472 1447 498 δὲ
1463 472 1509 498 καὶ
1527 472 1590 503 Υἱὸς
1608 472 1707 507 Πατρὶ,
1738 474 1788 498 καὶ

1064 519 1173 553 Πατήρ·
1187 518 1202 543 ὁ
1215 518 1264 553 μὲν
1280 518 1410 552 ἐνεργῶν,
1426 518 1440 543 ὀ
1449 517 1477 543 δὲ
1492 517 1617 548 εὐδοκῶν,
1631 517 1645 543 ὅ
1658 518 1707 543 καὶ
1722 518 1851 553 πρότερον

1064 563 1195 598 εἴπομεν·
1215 563 1262 589 καὶ
1284 563 1355 589 οὕτω
1369 562 1401 588 τὸ
1423 562 1641 596 ὑποτεταγμένον
1670 563 1687 588 ὁ
1717 562 1851 595 ὑποτάξας

1064 609 1123 643 Θεῷ
1146 609 1320 644 παρίστησιν,
1346 607 1443 634 ἑαυτοῦ
1473 607 1634 641 ποιούμενος
1656 608 1688 634 τὸ
1709 608 1849 643 ἡμέτεμν.

1064 654 1190 681 Τοιοῦτον
1207 651 1275 680 εἶναι
1289 663 1333 689 μοι
1346 653 1470 687 φαίνεται
1486 654 1532 679 καὶ
1549 653 1578 679 τό
1590 661 1596 667 ·
1617 653 1647 678 ’0
1659 654 1744 685 Θεὸς.
1759 655 1777 680 δ
1787 655 1851 686 Θείς

1064 708 1132 730 μου,
1146 700 1278 733 πρόσχες
1286 708 1347 732 μοι,
1361 699 1411 724 ἵνα
1430 699 1458 724 τί
1468 698 1656 732 ἐγκατέλιπές
1671 707 1731 732 με;
1747 699 1786 725 υῦ
1803 699 1849 733 γὰρ

1066 745 1147 776 αὑτὸς
1165 745 1418 779 ἐγκαταλέλειπται,
1449 744 1465 778 ἢ
1481 744 1533 770 ὑπὸ
1550 744 1598 770 τοῦ
1623 744 1745 779 Πατρὸς,
1770 745 1787 778 ἢ
1805 745 1850 770 ὑπὸ

1065 791 1115 825 τῆς
1127 789 1223 817 ἑαυτοῦ
1238 789 1372 824 θεότητος,
1385 789 1400 816 ὃ
1409 789 1482 815 δοκεί
1493 797 1573 819 τισιν.
1585 788 1622 819 ὡς
1635 789 1667 815 ἂν
1680 789 1849 824 φοῦουμέης

1063 836 1094 862 τὸ
1120 835 1216 867 πάθος,
1245 835 1292 861 καὶ
1321 835 1366 861 διὰ,
1385 834 1464 860 τοῦτο
1485 834 1695 869 συστελλομένης
1733 835 1791 860 ἀπὸ
1807 834 1848 860 τοῦ

1065 880 1228 915 πάσχοντος·
1253 879 1305 915 (τις
1325 879 1379 915 γὰρ
1401 879 1417 914 ἢ
1443 878 1604 913 γεννηθῆναι
1629 878 1707 904 κάτω
1723 878 1776 913 τὴν
1805 879 1850 913 ἀρ-

1062 926 1124 961 χὴν,
1153 926 1169 961 ἢ
1187 926 1232 952 ἐπὶ
1257 925 1304 952 τὸν
1330 924 1445 960 σταυρὸν
1460 924 1581 950 ἀνελθεῖν
1597 924 1755 958 ἠνάγκασεν
1768 925 1788 957 ;)
1809 924 1849 950 Ἐν

1063 971 1153 1005 ἐαυτῷ
1168 971 1206 1001 δὲ,
1225 971 1292 1006 ὅπερ
1316 968 1402 1001 εἷπον,
1431 970 1510 996 τυποῖ
1538 969 1569 996 τὺ
1585 970 1730 1005 ἡμέτερον.
1757 971 1849 1005 Ἡμεῖς

1063 1016 1117 1052 γὰρ
1129 1015 1199 1051 ἦμεν
1222 1016 1246 1041 οἱ
1271 1015 1544 1050 ἐγκαταλελειμμένα
1568 1015 1615 1041 καὶ
1640 1016 1847 1051 παρεωραμένοι

1062 1063 1204 1097 πρότερον.
1221 1060 1281 1088 εἶτα
1296 1061 1342 1088 νῦν
1364 1060 1593 1096 προσειλημμένοι
1609 1061 1656 1087 καὶ
1681 1062 1847 1096 σεσωσμένοι

1061 1108 1117 1137 τοῖς
1138 1107 1185 1133 τοῦ
1200 1106 1320 1138 ἀπαθοῦς
1333 1106 1445 1133 πάθεσιν
1457 1115 1464 1121 -
1489 1107 1583 1142 ὥσπερ
1603 1107 1649 1132 καὶ
1664 1106 1715 1140 τὴν
1731 1106 1846 1141 ἀφροσύ-

1062 1160 1111 1187 νην
1129 1152 1218 1186 ἡμῶν,
1236 1153 1283 1179 καὶ
1295 1152 1325 1178 τὸ
1350 1152 1508 1187 πλημμελὲς
1521 1152 1718 1187 οἰκειούμενος,
1734 1152 1771 1178 τὰ.
1787 1153 1845 1186 ἑξῆς

1061 1196 1105 1223 διὰ
1115 1196 1161 1223 τοῦ
1180 1197 1288 1232 ψαλμοῦ
1299 1205 1380 1231 φησιν
1389 1205 1396 1212 ·
1413 1196 1506 1231 ἐπειδὴ
1523 1196 1663 1232 προδήλως
1676 1197 1718 1227 εἰς
1730 1197 1845 1231 Χριεπὸν

1060 1243 1075 1268 ὁ
1089 1243 1208 1274 εἰκοστὸς
1224 1243 1330 1277 πρῶτος
1345 1242 1448 1278 ψαλμὺς
1466 1242 1637 1276 ἀναφέρεται.

232 1293 305 1320 illius
316 1293 606 1326 passiones,assumpti
624 1300 655 1319 ac
688 1291 788 1319 servati
821 1297 932 1321 sumus;
957 1289 1180 1323 quemadmodum
1208 1294 1328 1315 nostram
1356 1296 1463 1323 quoque
1484 1289 1664 1323 insipientiam
1694 1297 1729 1317 ac
1751 1297 1843 1325 βορει-

236 1338 355 1365 tutnsihi
373 1338 525 1372 arrogavit,
549 1342 578 1364 ut
603 1344 718 1370 ea,qua=.
729 1336 855 1369 deinceps
885 1335 910 1361 in
941 1334 1044 1368 psalmo

237 1391 296 1410 mus
311 1385 430 1419 psalmus
443 1385 583 1410 manifeste
597 1384 628 1409 ad
643 1383 781 1409 Christum
797 1382 923 1408 refertur.

333 1427 461 1461 Ejusdem
479 1425 670 1459 spccnlationis
694 1425 756 1450 illud
771 1423 852 1450 etiam
870 1427 921 1452 est.
940 1421 1010 1456 quod

231 1483 264 1503 εἰ
276 1474 400 1508 Ιιῖενίιικε
421 1479 517 1506 passus
535 1475 586 1504 est,
610 1470 790 1497 obedientiam
809 1468 916 1500 didicit;
941 1466 1012 1500 quod

233 1528 293 1548 cum
309 1519 426 1546 clamore
438 1522 465 1544 et
493 1516 618 1551 lacrymis
642 1514 816 1549 supplicarit;
836 1513 906 1547 quod
933 1519 1012 1540 exau-

234 1567 306 1593 ditus
325 1565 357 1591 sit
371 1572 419 1597 pro
433 1570 480 1589 sua
499 1561 650 1589 reverentia
675 1561 684 1575 '
705 1566 784 1592 ;qu:e
798 1557 888 1584 omnia
905 1557 1013 1584 nomine
1025 1581 1045 1597 ι,

233 1615 324 1637 nostro
339 1607 498 1635 mirabiliter
509 1606 661 1633 elliciuntur
676 1608 704 1631 et
725 1607 916 1630 contexuntur.
931 1602 1009 1633 Nam.

233 1662 262 1683 ut
274 1656 399 1685 Verbum,
418 1660 468 1680 nec
483 1652 611 1678 obediens
624 1655 693 1682 erat,
708 1657 757 1677 nec
772 1647 1011 1676 inobedienleznc

235 1709 350 1736 namque
366 1701 410 1732 iis,
425 1699 470 1732 qui
490 1698 604 1724 aliorum
623 1697 736 1729 imperio
756 1699 892 1726 tenentur,
914 1695 1013 1729 quique

233 1745 357 1773 secundae.
368 1743 463 1770 classis
479 1747 552 1773 sunt,
563 1740 727 1768 conveniunt
737 1747 744 1772 ;
755 1739 819 1766 illud
830 1739 943 1770 scilicet,
954 1746 1015 1771 pro-

235 1793 275 1819 bis
288 1797 368 1825 atque
387 1788 518 1820 honestis,
538 1786 608 1814 istud
623 1793 698 1817 vero,
726 1785 854 1819 improbis
865 1791 897 1811 ac
919 1783 1016 1818 suppli-

234 1839 277 1865 cio
287 1836 385 1872 dignis.
405 1835 439 1862 Ut
459 1839 548 1861 autem
575 1832 646 1859 servi
672 1831 767 1862 forma,
799 1830 832 1856 ad
857 1837 1014 1861 conservos,

236 1885 289 1910 imo
303 1883 335 1909 ad
348 1887 441 1908 servos
455 1886 516 1906 sese
530 1878 655 1910 demittit,
668 1881 749 1911 atque
771 1875 884 1903 alienam
899 1874 1014 1902 formam

235 1927 358 1961 suscipit,
373 1930 457 1953 totum
472 1932 514 1952 me
542 1923 633 1953 simul.
651 1930 712 1950 cmn
740 1922 772 1948 iis
792 1928 851 1956 qua:
866 1928 923 1948 mea
939 1925 1013 1952 sunt,

238 1975 263 2001 in
283 1974 372 2007 seipso
390 1971 490 2001 ferens,
514 1973 553 2001 nt,
581 1968 651 2003 quod
669 1967 788 1994 deterius
809 1970 861 1996 est.
887 1965 912 1991 in
929 1965 1016 1998 seipso

238 2019 371 2049 absumat,
383 2020 409 2043 et
420 2014 559 2046 conﬁciat,
574 2020 625 2039 non
639 2019 718 2039 secus
733 2018 765 2037 ac
780 2017 870 2037 ceram
885 2009 963 2043 ignis,
973 2013 1019 2035 aut

240 2069 317 2091 terrae
332 2067 459 2095 vaporem
479 2059 543 2086 solis
563 2058 666 2089 radius.
688 2063 768 2090 atque
794 2056 850 2090 ipse
869 2055 903 2081 ob
927 2053 1018 2088 hujus-

240 2108 310 2135 modi
331 2105 549 2140 coniunctionem
562 2104 693 2131 bonorum
707 2102 780 2129 illius
797 2100 933 2135 particeps
943 2100 1015 2126 ﬁam.

240 2153 372 2188 Quocirca
388 2158 417 2178 re
447 2151 504 2185 ipsa
528 2149 708 2176 obedientiam
727 2148 827 2175 honore
841 2145 933 2177 allicit,
950 2152 1019 2172 eam-

241 2206 294 2233 que
310 2196 491 2232 perpetiendis
503 2195 642 2222 doloribus
663 2193 820 2227 experitur;
840 2199 926 2225 neque
948 2191 1020 2218 enim

1038 1597 1045 1606 ¹
1058 1611 1104 1632 ται
1121 1600 1279 1636 θαυμασίως
1293 1600 1364 1635 ὑπὲρ
1378 1598 1466 1634 ἡμῶν.

1062 1339 1220 1365 sequuntur,
1249 1335 1432 1368 pronuntiant.
1462 1333 1600 1361 Siuuidem
1623 1335 1774 1363 vicesimus
1795 1336 1843 1370 pri-

1159 1420 1213 1454 Τῆς
1236 1419 1263 1446 δὲ
1283 1419 1366 1453 αὐτῆς
1384 1418 1474 1452 ἔχεται
1490 1417 1615 1453 θεωρίας,
1631 1417 1679 1443 καὶ
1699 1417 1731 1442 τὸ
1750 1415 1844 1450 μαθεῖν

1060 1467 1140 1493 αὐτὴν
1153 1467 1202 1501 τὴν
1218 1465 1338 1500 ὑπακοὴν
1355 1464 1385 1496 ἐξ
1398 1461 1435 1491 ὧν
1450 1463 1549 1490 ἔπαθεν
1562 1471 1568 1478 ·
1585 1463 1602 1498 ἥ
1617 1472 1646 1489 τε
1662 1462 1786 1498 κραυγὴ,
1800 1462 1845 1488 καὶ

1058 1511 1094 1538 τὰ
1106 1511 1220 1546 δάκρυα,
1235 1510 1281 1536 καὶ
1297 1510 1326 1535 τὺ
1342 1507 1490 1539 ἰκετεῦσαι,
1507 1508 1555 1533 καὶ
1577 1507 1607 1533 τὺ
1623 1506 1843 1541 εἰσακουσθῆναι,

1060 1557 1108 1584 καὶ
1122 1556 1152 1582 τὸ
1166 1555 1278 1586 εὐλαϐές
1288 1563 1294 1569 ·
1311 1554 1331 1580 ἃ
1345 1553 1592 1589 δραματουργεῖται
1683 1552 1733 1578 καὶ
1749 1551 1845 1577 πλέκε-

1549 1598 1592 1629 Ὠς
1612 1597 1661 1632 μὲν
1678 1597 1734 1632 γὰρ
1750 1597 1843 1630 Λόγος.

1059 1648 1121 1674 οὔτε
1136 1647 1255 1682 ὑπήκοος
1271 1644 1314 1681 ἦν,
1332 1644 1393 1671 οὒτε
1416 1645 1539 1679 ἀνήκοος.
1556 1643 1615 1669 Τῶν
1631 1642 1687 1677 γὰρ
1701 1642 1755 1668 ὑπὸ
1769 1643 1844 1676 χεῖρα

1058 1695 1155 1726 ταῦτα,
1169 1693 1215 1720 καὶ
1227 1693 1280 1719 τῶν
1292 1691 1422 1726 δευτέρων
1433 1699 1440 1706 ο
1454 1690 1485 1716 τὸ
1501 1690 1550 1725 μὲν
1563 1689 1616 1715 τῶν
1627 1687 1844 1722 εὐγνωμονεστέ-

1061 1749 1125 1776 ρων,
1145 1739 1175 1766 τὸ
1201 1739 1230 1765 δὲ
1259 1737 1312 1765 τῶν
1341 1737 1423 1769 ἀξίων
1451 1735 1597 1765 κολάσεως.
1627 1733 1671 1764 Ὠς
1700 1733 1730 1759 δὲ
1753 1732 1843 1759 δούλω

1062 1783 1163 1818 μορφὴ,
1181 1780 1390 1816 συγκαταϐαίνει
1413 1780 1467 1811 τοῖς
1484 1778 1637 1814 ὁμοδούλοις
1661 1777 1709 1804 καὶ
1733 1777 1842 1807 δούλοις,

1061 1830 1107 1856 καὶ
1118 1828 1265 1864 μορφοῦται
1278 1827 1310 1853 τὸ
1318 1826 1466 1861 ἀλλότριον,
1479 1824 1537 1851 ὅλον
1549 1825 1576 1850 ὲν
1589 1823 1678 1858 ἐαυτῷ
1692 1823 1743 1858 ἐμὲ
1757 1823 1844 1857 φέρων

1062 1874 1131 1910 μετὰ
1151 1874 1205 1900 τῶν
1229 1872 1303 1908 ἐμῶν
1325 1890 1334 1903 ,
1407 1871 1451 1897 ἵνα
1478 1871 1508 1896 ὲν
1531 1869 1619 1904 ἐαυτῷ
1645 1868 1791 1903 δαπανήσῃ
1817 1867 1844 1892 τὸ

1060 1922 1149 1956 χεῖρον
1167 1937 1177 1950 ι
1241 1919 1279 1950 ὡς
1295 1917 1379 1954 κηρὸν
1396 1916 1461 1952 πῦρ,
1476 1916 1493 1951 ἢ
1511 1916 1549 1947 ὡς
1563 1914 1662 1950 ἀτμίδα
1689 1914 1742 1948 γῆς
1761 1913 1843 1948 ἥλιος.

1061 1965 1137 2000 κάγὼ
1154 1964 1296 2000 μεταλάϐω
1307 1963 1361 1989 τῶν
1377 1963 1480 1989 ἐκείνου
1495 1962 1538 1988 διὰ
1554 1960 1603 1995 τὴν
1619 1960 1784 1995 σύγκρασιν.
1798 1958 1845 1984 Διὰ

1060 2011 1138 2038 τοῦτο
1159 2011 1232 2046 ἔργῳ
1252 2010 1320 2044 τιμᾷ
1343 2009 1392 2044 τὴν
1411 2007 1543 2042 ὑπακοὴν,
1566 2005 1612 2032 καὶ
1631 2005 1762 2040 πειρᾶται
1779 2003 1842 2030 ταύ-

1059 2067 1110 2094 της
1126 2079 1134 2090 ,
1203 2058 1236 2083 ὲκ
1256 2055 1303 2082 τοῦ
1322 2054 1431 2081 παθεῖν’
1453 2054 1483 2079 οὐ
1500 2052 1553 2087 γὰρ
1571 2051 1662 2078 ἱκανὸν
1677 2051 1695 2085 η
1713 2049 1841 2079 διάθεσις,

1061 2104 1154 2139 ὥσπερ
1168 2102 1228 2129 οὐδὲ
1251 2102 1326 2136 ἡμῖν,
1351 2100 1376 2126 εἱ
1399 2099 1435 2134 μὴ
1457 2098 1506 2125 καὶ
1528 2097 1571 2124 διὰ
1595 2096 1649 2123 τῶν
1674 2095 1844 2130 πραγμάτων

1059 2149 1244 2185 χωρήσαιμεν·
1260 2147 1339 2182 ἔργον
1348 2145 1411 2180 γὰρ,
1423 2144 1559 2176 ἀπόδειξις
1571 2141 1727 2172 διαθέσεως.
1741 2140 1781 2166 οὐ
1795 2139 1845 2174 χεῖ-

1062 2204 1107 2225 ρον
1117 2194 1145 2221 δὲ
1151 2195 1215 2224 ἴσως
1228 2193 1337 2219 κάκεῖνο
1349 2190 1503 2221 ὑπολαὸεῖν,
1515 2190 1556 2215 ὃτι
1564 2186 1706 2221 δοκιμάζει
1719 2186 1773 2221 τὴν
1780 2186 1845 2220 ἡμε-

241 2229 388 2271 stiﬂiciebat
399 2241 479 2268 anitni
493 2240 611 2273 affectio,
626 2238 850 2274 quemadmodum
868 2245 918 2265 nec
932 2237 1009 2264 nobis

1063 2240 1143 2274 τέρειν
1176 2237 1300 2272 ὑπακοὴν
1315 2257 1324 2269 ,
1354 2235 1400 2261 καὶ
1432 2233 1521 2260 πάντα
1541 2232 1634 2267 μετρεῖ
1667 2232 1722 2261 τοῖς
1752 2229 1848 2256 ἑαυτοῦ

241 2290 292 2315 nisi
311 2295 419 2314 manum
434 2294 539 2321 quoque
557 2286 684 2320 operibus
703 2285 896 2312 admoveamus
918 2292 925 2310 :

236 2337 324 2368 enim,
338 2334 492 2362 aﬂ‘ectionis
502 2332 585 2360 animi
603 2331 751 2358 declaratio
762 2333 812 2356 est.
830 2327 884 2354 Nec
893 2326 961 2353 forte
974 2332 1020 2359 pe-

236 2382 280 2416 jus
298 2380 381 2407 fuerit
402 2378 570 2410 existimare,
596 2375 668 2410 quod
690 2373 871 2403 obedientiam
897 2375 1018 2398 nostram

238 2425 372 2460 exploret,
386 2423 615 2460 passionibusque
626 2423 685 2448 suis
699 2418 790 2448 omnia
809 2416 944 2446 metiatur,
962 2417 1019 2440 arte

240 2473 359 2508 quadam
378 2471 554 2499 humanitatis
580 2475 607 2496 et
632 2465 826 2496 benevolentiae
844 2470 907 2497 erga
935 2467 1020 2496 genus

242 2525 367 2548 nostrum
385 2526 392 2545 :
419 2518 454 2545 ita
473 2523 501 2544 ut
524 2524 557 2543 el
575 2515 633 2542 suis
650 2518 748 2541 nostra
774 2510 908 2537 aastimare
922 2511 1020 2542 queat,

245 2571 433 2602 quantumque
461 2569 488 2591 et
502 2571 516 2590 a
534 2562 613 2589 nobis
623 2560 694 2594 exigi
709 2564 736 2586 et
748 2556 894 2584 condonari
915 2554 1021 2583 debeat.

245 2619 364 2648 expensa
385 2611 517 2638 nimirum
532 2616 592 2635 cum
609 2605 781 2641 passionihus
803 2602 899 2629 virium
914 2605 1021 2628 nostra-

949 2276 1046 2316 opns-
1063 2285 1162 2312 τάθεσι
1199 2283 1279 2318 τέχνῃ
1301 2280 1516 2316 φιλανθρωπίας·
1550 2279 1619 2304 ὥστε
1652 2277 1724 2311 ἔχειν
1750 2276 1848 2302 etSt-Sunt

1067 2331 1122 2361 τοῖς
1134 2329 1232 2356 ἑαυτοῦ
1259 2328 1294 2354 τὰ
1313 2327 1444 2362 ἡμέτεραι,
1471 2324 1518 2351 καὶ
1537 2324 1619 2350 πόσον
1642 2323 1690 2356 μὲν
1714 2321 1847 2347 ἁπαιτοὺσ

1066 2377 1145 2411 μεθα,
1171 2375 1253 2401 πόσον
1274 2374 1302 2400 δὲ
1317 2371 1544 2408 συγχωρούμεθα,
1574 2369 1751 2402 λογιζομένης
1783 2366 1847 2401 μετᾶ

1066 2423 1114 2449 τοῦ
1131 2421 1246 2456 πάσχειν
1257 2420 1304 2447 καὶ
1315 2420 1363 2454 τῆς
1383 2417 1535 2448 ἀσθενείας.
1565 2417 1624 2442 Ἔτι
1647 2415 1675 2441 δὲ
1703 2413 1848 2448 προτθήσηι

1067 2470 1123 2499 τοῖς
1135 2468 1290 2503 εἰρημένοις
1304 2468 1402 2497 ἐκεῖνο,
1418 2463 1583 2498 ὲνθυμηθεις
1610 2462 1650 2491 τὸ,
1678 2460 1730 2487 Ἐν
1754 2456 1780 2492 ᾧ
1798 2459 1848 2492 τῆρ

1068 2514 1229 2545 πέπονθεν,
1246 2512 1336 2544 αὐτὸς
1349 2510 1529 2546 πειρασθεις,
1545 2509 1668 2536 δύναται
1675 2506 1737 2539 τοῖς
1753 2512 1847 2538 πειρα-

1070 2561 1202 2594 ζομένοις
1214 2559 1378 2592 βοηθῆσαι,
1391 2557 1485 2592 σαφῶς
1502 2555 1571 2592 πρὸς
1588 2554 1638 2590 τὴν
1662 2553 1748 2588 αὐτὴν
1770 2552 1847 2586 φέρον

1072 2609 1203 2635 διάνοιαν.

241 2646 302 2686 rum
321 2657 636 2686 imbecillitate.Addam
649 2655 713 2682 illud
725 2662 836 2689 quoque
849 2655 883 2682 iis
899 2663 958 2690 qua:
971 2655 1042 2682 dicta
1054 2660 1126 2687 sunt,
1144 2655 1230 2682 locum
1244 2654 1318 2680 htmc
1332 2659 1439 2680 mecum
1450 2654 1596 2685 reputans:
1613 2647 1645 2675 In
1658 2654 1707 2682 quo
1715 2646 1785 2672 enim
1795 2651 1849 2676 pu-

241 2714 287 2734 tus
303 2710 352 2738 eu,
368 2705 423 2742 ipse
437 2708 563 2735 tentatur,
580 2707 663 2736 potest
676 2703 719 2734 iis,
732 2702 776 2735 qui
790 2705 936 2734 tentantur,
952 2702 1079 2732 auxiliari
1094 2700 1116 2734 ⁸,
1133 2700 1204 2736 quod
1223 2700 1364 2735 perspicue
1376 2699 1408 2726 ad
1425 2697 1550 2726 eumdem
1562 2703 1672 2724 sensum
1687 2692 1783 2721 tendit.

280 2845 290 2860 ί
308 2842 382 2870 Psal.
401 2849 458 2875 ut,
475 2841 500 2869 l.
539 2841 548 2856 '
562 2839 642 2867 llcbr.
662 2847 689 2873 ν,
707 2839 734 2873 8,
751 2839 776 2866 7.
815 2837 915 2866 'llchr.
932 2844 962 2869 ιι,
979 2835 1022 2863 l8.
