1891 3076
53 137 91 167 55

97 136 109 168 l

277 193 327 221 Ἐκ
340 195 394 222 τοῦ
404 194 497 222 αὐτοῦ
511 197 616 230 λόγου.

95 242 206 268 Ἔσται
229 240 264 267 δὲ
280 243 296 267 o'
316 241 388 274 Θεὸς
408 241 562 269 τὰ¹πάντα
587 242 741 276 cratium,
760 244 791 270 ὲν
812 244 851 279 τῷ

49 287 150 323 καιρῷ
172 288 222 321 τῆς
245 288 506 320 (immundum;-
527 289 576 324 οὐχ
600 290 614 316 ό
645 289 751 325 Πατὴρ,
783 292 852 317 πάν-

47 344 110 366 τως
138 335 177 366 είς
197 334 279 360 αὐτὸν
303 334 484 366 ἀναλυθέντος
511 335 558 361 τοῦ
589 335 666 366 Υῑοῦ,
692 336 787 372 ὥσπερ
812 339 851 370 εἰς

49 381 151 416 πυρὰν
181 381 303 416 μεγάλην
331 381 471 416 λαμπάδος
501 382 570 415 πρὸς
597 383 694 418 καιρὸν
725 385 852 410 ἀποσπα-

49 428 183 461 σοείσης,
213 427 271 454 εἶτα
303 428 496 462 συναφθείσης,
531 429 600 464 μηδὲ
631 430 685 464 γὰρ
712 431 851 457 meeum

47 473 96 507 τῷ
128 474 203 508 ρητῷ
241 474 329 508 τούτῳ
364 474 673 509 παριφθειρέσθωσαν,
706 476 763 502 ἀλλ’
792 477 851 508 ὅλος

49 519 138 550 Θεὸς,
155 521 220 546 ὅταν
243 520 341 555 μηκέτι
364 520 450 547 πολλὰ
477 529 565 556 ωμεν,
605 521 700 555 ὥσπερ
724 522 771 549 νῦν
795 524 852 554 τοῖς

51 571 194 600 κινήμασι
220 566 343 598 καὶτοῖς
364 567 491 600 πάθεσιν,
522 567 599 594 οὐδὲν
627 569 697 597 ὅλως
724 568 804 599 Θεοῦ,
834 569 850 604 ἢ

51 613 151 646 ὀλίγον
164 614 192 638 ἐν
203 613 270 647 ημῖν
289 613 382 644 αὐτοῖς
395 614 533 647 φέροντες,
561 614 619 640 ἀλλ’
634 614 690 641 ὅλοι
714 615 851 646 θεοειδεῖς,

53 659 124 685 ὅλου
156 659 224 685 Θεοῦ
264 661 415 694 χωρητικοὶ
445 661 490 686 καὶ
521 660 614 694 μόνου’
637 661 717 688 τοῦτο
750 663 805 696 γὰρ
834 663 851 696 ὴ

52 706 211 739 τελείωσις,
230 707 298 741 πρὸς
324 708 357 740 ἢν
387 706 550 742 σπεύδομεν·
573 709 719 743 τεκμηριοῖ
749 708 778 734 δὲ
801 709 851 743 μά-

52 753 142 779 λιστα
167 752 271 783 Παῦλος
297 753 388 783 αὐτός’
417 753 431 779 ὃ
456 753 510 787 γὰρ
535 753 653 780 ἐνταῦθα
690 754 754 789 περὶ
780 755 848 781 Θεοῦ

52 806 144 833 φησιν
155 799 300 833 ἀορίστως,
316 798 434 834 ἀλλαχοῦ
449 799 542 833 σαφῶς
556 800 709 835 περιορίζει
725 800 848 835 Χριστῷ.

48 846 90 872 Τί
103 845 206 879 λέγων;
224 845 319 872 Ὀπου
331 846 388 871 οὐκ
396 844 442 871 ἔνι
457 845 587 878 Ἕλλην,
606 845 848 879 οὐδὲῚουδαῙος,

50 891 202 926 περιτομὴ
230 892 280 918 καὶ
304 892 497 925 ἀκροϐυστία,
522 892 686 925 βάρϐαρος,
716 894 847 926 Σκύθης,

49 941 181 972 δοῦλος,
195 939 360 972 ἐλεύθερος·
373 938 454 965 ἀλλὰ
469 938 506 964 τὰ
516 938 615 965 πάντα
639 939 688 966 καὶ
713 939 748 966 ἐν
763 940 844 968 πᾶσι

50 987 197 1020 Χριστός.

93 1033 210 1065 Τρίτον,
247 1031 358 1066 ἁρίθμει
407 1031 448 1063 τὸ,
472 1031 589 1066 μεῖζον·
624 1032 755 1067 τέταρτον
797 1032 848 1065 τὸ,

51 1077 134 1104 (ἐνεόν
149 1085 208 1111 μου
235 1077 285 1103 καὶ
320 1076 394 1103 Θεὸν
422 1078 515 1111 ὑμῶν.
544 1077 575 1102 Et
596 1076 646 1110 μὲν
672 1075 719 1103 οὖν
743 1079 849 1112 μείζων

55 1122 108 1154 μὲν
124 1120 241 1153 ἐλέγετο,
261 1117 298 1153 μὴ
325 1118 380 1150 ἴσος
461 1121 500 1153 δὲ,
521 1121 590 1155 τάχα
610 1122 642 1148 ἂν
663 1121 696 1157 ἦν
717 1133 743 1150 τι
764 1125 842 1152 τοῦτο

51 1167 168 1198 αὐτοῖς·
188 1167 212 1193 εί
230 1167 259 1194 δὲ
279 1167 420 1203 ἀμφότερα
445 1167 538 1201 σαφῶς
560 1168 733 1204 εὑρίσκομεν,
750 1171 777 1197 τί
794 1173 846 1207 φή-

53 1221 152 1238 σουσιν
167 1212 193 1238 οἱ
209 1212 349 1247 γεννάδαι;
365 1212 391 1238 τί
407 1212 437 1238 τὸ
455 1213 563 1248 ἰσχυρὸν
578 1214 686 1247 aureis;
704 1216 762 1247 πῶς
777 1225 845 1252 συμ-

54 1261 174 1295 ϐήσεται
190 1260 224 1288 τὰ
235 1261 397 1296 ἀσύμϐατα;
408 1261 438 1287 τὸ
448 1261 502 1295 γὰρ
516 1261 582 1287 αὐτὸ
594 1260 640 1287 τοῦ
653 1261 733 1288 αὑτοῦ
746 1261 844 1296 ὁμοίως

56 1306 154 1342 μεῖζον
172 1307 218 1333 καὶ
235 1307 291 1333 ἴσον
306 1305 384 1338 εἶναι,
400 1306 454 1333 τῶν
466 1307 618 1334 ἀδυνάτων
631 1306 647 1342 ἢ
658 1306 747 1341 δῆλον,
761 1307 801 1333 ὅτι
816 1307 845 1333 τὸ

56 1351 155 1384 μεῖζον
169 1351 218 1385 μέν
232 1352 288 1378 ἐστι
304 1351 352 1386 τῆς
366 1352 464 1382 αἰτίας,
480 1351 510 1376 τὸ
526 1351 553 1378 δὲ
570 1351 636 1384 ἴσον,
651 1351 701 1386 τῆς
718 1351 844 1385 φύσεως

56 1395 108 1421 καὶ
132 1395 212 1422 τοῦτο
236 1397 287 1423 ὑπὸ
310 1397 409 1432 πολλῆς
432 1396 639 1431 εὐγνωμοσύνης
661 1396 845 1432 ὁμολογοῦμεν

866 876 886 905 Β

54 1441 151 1474 ἡμεῖς.
167 1441 241 1476 Τάχα
261 1442 283 1468 δ’
307 1442 339 1468 ἂν
358 1442 429 1468 εἴποι
454 1451 496 1474 τις
517 1441 596 1473 ἄλλος
690 1441 728 1477 τῷ
747 1443 846 1477 ἡμετέ-

54 1494 99 1520 ρῳ
178 1486 250 1521 λόγῳ
264 1487 492 1522 προς-φιλονεικῶν
514 1506 521 1518 ,
591 1487 628 1522 μὴ
648 1487 757 1516 ἔλαττον
775 1486 845 1515 εἶναι

54 1530 88 1556 τὸ
104 1531 137 1557 ἐχ
151 1532 275 1567 τοιαύτης
288 1532 376 1563 αἰτίας
389 1530 457 1558 εἶναι
475 1531 521 1558 τοῦ
534 1532 663 1558 ἀναιτίου.
747 1534 802 1568 Τῆς
817 1543 846 1561 τε

51 1574 112 1609 γὰρ
125 1573 172 1599 τοῦ
186 1574 304 1608 ἀνάρχου
318 1573 395 1608 δόξης
414 1574 520 1609 μετέχοι
535 1575 579 1606 ἂν,
592 1575 632 1602 ὅτι
648 1577 680 1602 ὲκ
701 1578 748 1604 τοῦ
763 1579 845 1613 ἀνάρσ

51 1626 105 1652 χον
114 1626 120 1632 ·
133 1617 181 1644 καὶ
192 1618 334 1653 πρόσεστιν
346 1619 362 1653 ἠ
375 1618 510 1654 γέννησις,
525 1621 640 1656 πρᾶγμα
714 1624 824 1650 τοσοῦτο
836 1641 845 1652 .

51 1663 114 1693 τοῖς
129 1671 161 1696 τε
185 1662 247 1689 νοῦν
273 1662 373 1697 ἔχουσι,
399 1664 446 1690 καὶ
471 1664 542 1690 οὕτω
637 1666 792 1702 σεϐάσμιον.
809 1668 845 1694 Τὸ

52 1707 113 1743 γὰρ
130 1707 162 1743 δὴ
178 1708 278 1742 λέγειν,
291 1709 331 1735 ὅτι
344 1709 391 1735 τοῦ
404 1710 473 1736 κατὰ
487 1711 531 1737 τὸν
544 1710 685 1748 ἄνθρωπον
700 1713 845 1748 νοουμένου

52 1754 161 1788 μείζων
181 1774 188 1785 ,
257 1753 354 1788 ἀληθὲς
376 1755 435 1789 μὲν,
455 1756 486 1782 οὐ
510 1756 582 1790 μέγα
599 1756 641 1783 δέ·
659 1756 686 1783 τί
703 1757 757 1794 γὰρ
779 1757 846 1785 θαυ·

51 1799 171 1833 μαστὸν,
186 1799 210 1824 εί
223 1799 322 1834 μείζων
332 1800 474 1836 ἀνθρώπου
488 1801 553 1833 Θεός
565 1811 571 1833 ;
585 1801 676 1828 Ταῦτα
688 1803 737 1838 μὲν
797 1802 845 1829 οὖν

51 1843 177 1879 εἰρήσθω
194 1844 261 1880 πρὸς
274 1845 336 1876 τοὺς
349 1846 379 1871 τὸ
390 1846 489 1880 μεῖζον
504 1847 702 1881 κομπάζοντας.

524 139 714 169 ΡΛΝΟΡΗΑ
739 140 973 171 ΟΟΟΜΛΉΟΛ.
991 155 1023 160 --
1038 142 1110 175 TlT.
1134 144 1184 176 Χῖ.

869 206 892 231 Δ

1645 151 1657 170 ἰ

1643 151 1697 184 582

1154 201 1196 227 Ea:
1209 202 1297 228 eadem
1315 205 1445 232 oratione.

940 245 1018 274 Sicut
1030 247 1112 274 etiam
1127 257 1134 275 :
1152 249 1210 274 Erit
1223 255 1311 276 autent
1323 252 1392 278 Deus
1409 261 1498 280 omnm
1514 255 1540 280 in
1554 257 1691 285 omnibus'

906 292 954 319 illo
965 294 1148 321 restitutionis
1160 300 1294 329 tempore;
1308 305 1361 323 non
1375 299 1469 331 utique
1483 299 1574 332 Pater.
1590 304 1695 331 resolu-

905 343 931 366 to
949 339 1075 366 videlicet
1091 341 1117 366 in
1137 341 1226 374 ipsum
1244 342 1322 375 Filio,
1338 351 1391 370 non
1407 352 1490 373 aecus
1502 354 1534 374 ac
1548 348 1569 374 si
1586 349 1628 376 fax
1642 351 1695 377 ali-

904 393 956 420 qtta
979 386 1013 412 ad
1029 387 1139 420 aliquod
1159 392 1266 422 tempus
1282 389 1316 416 ab
1340 391 1440 423 ingenti
1462 400 1527 427 rogo
1543 396 1693 428 abstracta,

904 431 930 457 in
946 439 1007 458 eum
1019 440 1116 460 rursus
1127 434 1302 470 (adjungatur
1314 444 1400 470 neque
1409 439 1482 464 enim
1496 441 1643 468 Sabelliani
1654 443 1695 470 bis

904 478 996 505 verbis
1024 479 1182 514 abutantur)
1197 501 1204 512 .
1222 482 1268 508 sed
1287 487 1362 509 totus
1389 483 1474 516 Deus;
1505 490 1561 512 tum
1580 495 1694 522 nempe,

904 532 964 551 cum
978 525 1035 558 jam
1054 534 1107 553 non
1134 527 1211 554 tttulti
1225 529 1338 562 erimus,
1362 530 1433 557 sicut
1448 540 1521 560 nunc
1540 542 1636 562 sumus
1652 543 1693 563 ra-

905 571 980 598 tione
1010 579 1133 600 motuum
1162 579 1189 602 et
1205 574 1400 607 aﬂ‘ectionnm.
1421 578 1489 605 nihil
1516 581 1628 607 omnino
1647 582 1693 609 Dei

904 621 1044 649 gestantes
1058 617 1085 644 in
1100 619 1190 652 nobis,
1205 624 1253 646 aut
1267 621 1362 648 saltem
1376 631 1484 657 parum.
1498 626 1547 652 sed
1565 626 1614 653 toti
1633 627 1693 654 dei-

903 662 1026 695 formes,
1062 663 1201 699 totiusque
1229 673 1260 692 ac
1292 668 1379 695 solius
1408 669 1452 696 Dei
1481 674 1691 705 eapaces:h:rc

903 708 975 734 enim
995 716 1026 736 ea
1054 709 1188 743 perfectio
1207 717 1265 744 est,
1290 713 1323 740 ad
1344 722 1425 748 quam
1455 718 1528 744 omni
1552 718 1694 747 celeritate

902 761 1104 789 properamus;
1132 757 1205 791 quod
1235 759 1343 792 quidem
1365 760 1466 789 Paulus
1489 763 1546 796 ipse
1573 765 1695 793 maxime

902 800 1035 835 conjicit;
1051 803 1124 836 quod
1147 805 1219 830 enim
1239 805 1282 832 hic
1297 805 1330 832 de
1348 806 1402 833 Deo
1420 808 1560 837 indeﬁnite
1572 811 1620 843 ait.
1637 812 1691 838 alio

905 847 964 873 loco
979 849 1163 883 apertissimis
1175 851 1267 878 verbis
1280 852 1390 879 Christo
1403 855 1543 889 sigillatim
1555 859 1689 886 attribuit.

901 893 1006 927 Quibus
1024 895 1137 923 verbis?
1153 895 1202 923 Ubi
1221 905 1272 924 non
1296 903 1334 925 est
1353 899 1473 931 Grrveus,
1492 910 1542 929 non
1564 903 1692 941 Judwus,

900 942 1064 968 circumcisio
1075 945 1279 977 etprwputium,
1292 945 1420 973 barbarus
1432 953 1456 974 et
1471 947 1582 983 Scytha,
1599 958 1689 978 servus

901 993 923 1014 et
936 989 1003 1014 liber
1016 997 1025 1018 ε
1043 990 1087 1016 sed
1096 991 1184 1017 omnia
1199 998 1223 1018 et
1235 992 1262 1017 in
1275 993 1396 1020 omnibus
1408 993 1528 1022 Christus
1543 996 1563 1022 '.

947 1034 1039 1062 Tertio
1071 1036 1130 1063 loco
1164 1045 1257 1064 \ocem
1286 1038 1357 1066 hanc
1375 1058 1382 1070 ,
1414 1041 1501 1074 major
1519 1041 1552 1073 ³,
1579 1050 1690 1068 nutne-

901 1085 962 1107 rant
977 1089 983 1107 :
999 1088 1097 1116 quarto
1111 1083 1186 1114 item,
1205 1083 1287 1111 Deum
1307 1092 1392 1111 meum
1403 1091 1427 1112 et
1444 1087 1527 1113 Deum
1545 1087 1686 1116 vestrum‘.

906 1130 986 1160 Sane,
1002 1129 1023 1155 si
1036 1127 1119 1160 major
1133 1128 1242 1162 quidem
1256 1128 1399 1158 diceretur,
1421 1135 1472 1154 non
1486 1129 1547 1154 item
1562 1129 1684 1162 aequalis,

904 1175 1017 1202 fortasse
1033 1174 1085 1200 vim
1103 1174 1220 1208 aliquant
1245 1174 1357 1200 haberet
1373 1174 1443 1208 Quod
1469 1173 1595 1200 afferunt.
1616 1175 1682 1201 Cum

904 1221 991 1244 autem
1005 1221 1147 1250 utrumque
1165 1217 1276 1243 inveniri
1294 1216 1396 1250 liquido
1422 1217 1683 1252 eonstet,qnidtan-

904 1262 965 1290 dem
981 1262 1102 1297 generosi
1119 1262 1242 1288 homines
1268 1262 1378 1289 dicent’
1394 1263 1462 1294 Quid
1486 1263 1589 1289 roboris
1607 1264 1686 1290 habe-

903 1308 987 1336 bunt?
1011 1307 1149 1341 Quomodo
1171 1308 1348 1338 convenient,
1378 1315 1437 1342 quae
1465 1309 1610 1335 convenire
1632 1316 1680 1335 ue-

904 1353 1020 1387 queunt?
1042 1352 1114 1379 Idem
1134 1351 1205 1379 enim
1220 1351 1308 1385 seipso
1332 1351 1428 1385 majus,
1449 1352 1602 1386 pariterque
1631 1352 1682 1378 sibi

904 1399 954 1434 ipsi
963 1398 1072 1432 aequale,
1089 1397 1144 1425 ﬁeri
1161 1404 1214 1423 non
1224 1401 1321 1431 potest.
1336 1396 1429 1422 Nonne
1439 1404 1502 1430 ergo
1513 1397 1681 1430 perspicuum

903 1449 942 1471 est
958 1443 1065 1476 majoris
1085 1450 1175 1470 vocem
1206 1443 1239 1469 ad
1265 1449 1386 1473 causam,
1414 1441 1524 1475 mqunlis
1539 1448 1631 1468 autem
1647 1443 1681 1468 ad

904 1493 1027 1517 naturam
1050 1488 1218 1515 referendam
1235 1487 1313 1514 esse?
1341 1486 1379 1514 Ac
1408 1494 1456 1513 nos
1473 1487 1542 1513 istud
1570 1487 1688 1520 ingenue

903 1534 1047 1561 admodum
1063 1537 1089 1560 et
1104 1533 1215 1560 candide
1242 1532 1413 1559 couliletnur.
1443 1530 1569 1558 Fortasse
1589 1535 1678 1558 autem

899 1579 997 1606 dixerit
1013 1578 1082 1604 alius
1095 1577 1227 1611 quispiam
1239 1596 1245 1606 ,
1272 1582 1426 1601 sermonem
1559 1579 1681 1600 nostrum

899 1623 996 1651 acriori
1011 1623 1092 1650 animi
1111 1621 1284 1649 contentione
1308 1627 1483 1654 prosequens,
1508 1619 1619 1646 inferius
1633 1619 1682 1646 ha-

899 1669 1015 1697 bendum
1033 1676 1083 1695 non
1100 1675 1171 1700 esse,
1189 1667 1222 1693 ab
1236 1665 1388 1700 hujusntodi
1409 1673 1502 1695 causa,
1522 1672 1609 1692 causae
1622 1672 1683 1691 om-

899 1714 941 1741 nis
956 1718 1077 1748 experte,
1089 1712 1235 1747 proficisci.
1248 1710 1313 1737 Nam
1328 1715 1356 1737 et
1371 1710 1435 1745 quia
1449 1710 1483 1736 ab
1495 1716 1537 1741 eo,
1551 1709 1596 1743 qui
1606 1710 1682 1744 prin-
1729 1728 1733 1732 .

900 1758 970 1793 cipio
983 1763 1057 1785 caret
1070 1778 1077 1789 .
1107 1757 1239 1791 originem
1268 1755 1360 1786 trahit.
1381 1755 1439 1788 ejus
1466 1762 1572 1788 quoque
1590 1754 1683 1788 glorim

898 1808 1002 1837 partem
1022 1803 1072 1830 sibi
1090 1803 1226 1829 vindicat:
1241 1806 1268 1828 et
1281 1801 1386 1828 accedit
1401 1801 1511 1835 insuper
1528 1800 1683 1834 generatio-

899 1850 942 1876 nis
961 1849 1150 1883 prterogativa,
1167 1855 1209 1874 res
1227 1851 1313 1877 tanta.
1346 1851 1454 1879 tamque
1471 1845 1633 1875 veneranda.
1649 1844 1684 1871 iis

51 1890 168 1923 quidem
187 1896 269 1922 certe,
292 1891 336 1925 qui
363 1897 451 1918 tuente
468 1893 570 1926 praediti
587 1898 660 1922 sunt.
682 1893 761 1927 Nam,
775 1895 846 1929 quod
867 1895 972 1922 ratione
986 1894 1161 1922 humanitatis
1175 1893 1256 1920 Pater
1289 1892 1357 1919 Filio
1389 1891 1475 1926 major
1494 1890 1687 1925 intelligendus

51 1936 104 1965 sit,
120 1942 185 1961 vere
204 1936 311 1969 quidem
327 1937 378 1964 diei
398 1942 496 1972 potest,
514 1938 559 1964 sed
590 1946 642 1965 non
666 1940 775 1974 perinde
794 1941 961 1968 honoriﬁce:
977 1941 1040 1974 quid
1074 1941 1145 1967 enim
1161 1940 1270 1969 mirum.
1301 1939 1383 1966 Deum
1419 1937 1526 1965 homine
1553 1935 1686 1970 majorem

53 1980 140 2008 esse?
158 1981 245 2015 Atque
265 1982 321 2009 lucc
338 1983 402 2009 mihi
419 1983 490 2010 dicta
504 1984 557 2010 sint
580 1984 709 2012 adversus
724 1992 779 2016 eos.
796 1987 843 2020 qui
863 1986 976 2022 majoris
993 1994 1084 2014 vocem
1098 1985 1257 2013 insolentius
1269 1983 1382 2018 jaetnnt.

150 2025 216 2057 Θεὸς
231 2026 260 2053 δὲ
275 2027 380 2060 λέγοιτο
394 2028 436 2059 ἂν,
453 2029 484 2056 οὐ
499 2028 545 2055 τοῦ
567 2030 665 2065 Λόγου,
679 2031 726 2057 τοῦ
739 2032 845 2067 ὁρωμέ-

53 2079 106 2097 νου
119 2070 147 2096 δέ
159 2079 166 2085 ·
184 2072 242 2103 πῶς
257 2072 311 2108 γὰρ
324 2073 356 2099 ἂν
371 2073 413 2108 εἴη
424 2074 471 2099 τοῦ
487 2075 590 2111 κυρίως
608 2075 674 2102 Θεοῦ
688 2076 769 2109 Θεός;
783 2077 849 2103 ’Ὡσ-

54 2125 113 2151 περ
137 2116 184 2142 καὶ
203 2117 307 2153 Πατὴρ,
331 2118 361 2144 οὔ
385 2119 432 2145 τοῦ
452 2119 601 2156 ὁρωμένου,
621 2120 669 2146 τοῦ
689 2121 775 2155 Λάγου
799 2122 846 2149 δέ·

1019 2032 1094 2065 Quod
1116 2035 1206 2060 autem
1233 2031 1266 2057 ad
1298 2029 1410 2056 alteram
1438 2031 1541 2062 partetu
1565 2027 1671 2058 attinet,

901 2078 971 2104 Deus
992 2077 1101 2107 dicitur,
1119 2084 1170 2102 non
1186 2075 1290 2102 ratione
1305 2073 1399 2104 Verbi,
1424 2073 1470 2100 sed
1486 2072 1570 2107 partis
1584 2079 1643 2106 qnte
1656 2072 1685 2098 in

896 2122 1036 2150 oculorum
1057 2129 1165 2148 sensum
1202 2120 1275 2147 cadit
1306 2119 1370 2154 (quo
1394 2119 1465 2145 enim
1499 2117 1578 2145 modo
1602 2117 1685 2148 illius,

55 2163 108 2189 καὶ
124 2163 178 2198 γὰρ
199 2160 233 2198 ἦν
255 2163 382 2195 διπλοῦςθ
403 2164 473 2191 ὥστε
493 2165 523 2191 τὺ
541 2166 590 2200 μὲν
610 2166 712 2201 κυρίως
733 2168 776 2193 ἐπ’
794 2168 848 2202 ἀμ-

911 2167 941 2202 [ιιὶ
959 2166 1065 2200 proprie
1082 2166 1150 2192 Dens
1166 2171 1217 2196 est,
1234 2165 1304 2191 Dens
1318 2163 1370 2190 dici
1397 2167 1478 2197 queat
1489 2162 1522 2196 ?).
1550 2162 1685 2195 Quemad-

55 2210 120 2244 φοῖν
137 2229 145 2241 ,
197 2209 228 2235 τὸ
241 2209 269 2235 δὲ
283 2210 312 2236 οὐ
328 2210 440 2246 κυρίως,
457 2211 586 2243 ἐναντίοις
602 2212 618 2247 ἢ
634 2212 676 2247 ἐφ’
690 2212 768 2248 ἡμῶν
779 2212 845 2248 ἔχει.

911 2211 1005 2239 nodum
1017 2210 1111 2239 Pater.
1126 2218 1177 2237 non
1193 2208 1378 2239 humanitatis,
1391 2208 1436 2234 sed
1456 2207 1534 2234 Verbi
1548 2211 1682 2242 respectu;

61 2255 163 2289 Ἦμῶν
176 2254 230 2290 γὰρ
243 2255 344 2291 κυρίως
362 2255 409 2290 μὲν
428 2256 493 2288 Θεὸς
513 2257 527 2283 ὁ
546 2257 611 2288 Θεὸς
624 2275 632 2288 ,
694 2258 723 2283 οὒ
745 2258 847 2293 κυρίως

911 2257 997 2292 luplici
1016 2257 1114 2291 quippe
1127 2261 1221 2282 natura
1235 2255 1397 2288 constabat;
1415 2262 1468 2288 quo
1489 2254 1518 2280 lit
1530 2258 1557 2280 ut
1572 2254 1684 2280 alterum

54 2301 87 2326 δὲ
112 2301 218 2335 Πατήρ.
240 2301 295 2327 Καὶ
315 2301 394 2327 τοῦτό
415 2302 487 2328 ἐστιν
502 2301 516 2328 ὃ
532 2304 604 2328 ποιεῖ
621 2303 678 2334 τοῖς
699 2304 848 2338 αἱρετικοῖς

911 2304 930 2331 ie
945 2311 976 2331 eo
993 2303 1101 2338 proprie
1118 2302 1236 2334 dicatur,
1264 2301 1378 2328 alterum
1405 2301 1568 2335 improprie:
1590 2304 1686 2326 contra

54 2346 111 2381 τὴν
126 2345 241 2381 πλάνην,
258 2347 274 2381 ἡ
288 2346 342 2372 τῶν
359 2347 497 2382 ὀνομάτων
514 2347 661 2381 ὲπίζευξις,
683 2349 848 2376 ὲπαλλαττο-

911 2357 978 2383 tuam
992 2349 1018 2376 in
1036 2348 1113 2375 nobis
1125 2355 1154 2375 se
1166 2354 1209 2374 res
1225 2346 1315 2374 habet.
1330 2346 1401 2373 Deus
1415 2347 1486 2373 enim
1497 2345 1603 2380 proprie
1613 2344 1684 2371 Deus

57 2390 152 2425 μένων
168 2390 221 2416 τῶν
237 2391 374 2426 ὀνομάτων
384 2391 427 2418 διὰ
439 2393 488 2426 τὴν
505 2391 665 2427 σύγκρασιν.
680 2393 795 2428 Σημεῖον
808 2393 847 2426 δὲ,

911 2399 989 2422 tosler
1006 2398 1058 2425 est,
1078 2400 1129 2420 non
1147 2397 1236 2419 autem
1252 2391 1359 2426 proprie
1370 2392 1461 2418 Pater.
1482 2391 1569 2424 Atque
1583 2391 1633 2418 hoc
1644 2393 1686 2417 est

55 2436 144 2471 ἡνίκα
162 2436 190 2462 αἱ
210 2435 305 2470 φύσεις
381 2437 529 2464 διίστανται
545 2440 605 2470 ταῖς
625 2438 767 2470 ἐπινοίαις,
787 2447 848 2465 συν-

911 2441 967 2475 μιοᾶ
986 2440 1125 2467 haereticos
1154 2439 1181 2465 in
1203 2444 1324 2465 errorem
1349 2437 1462 2468 inducit,
1483 2443 1579 2471 nempe
1598 2436 1689 2462 nomi-

55 2482 206 2517 διαιρεῖται
222 2482 268 2508 καὶ
282 2482 316 2509 τὰ
326 2482 454 2518 ὀνόματα.
467 2483 574 2510 Παύλου
586 2484 710 2517 λέγοντος
722 2485 847 2512 ἄκουσονο

911 2492 962 2511 tum
978 2485 1073 2511 horum
1104 2482 1274 2517 coniunctio,
1295 2482 1456 2516 permutatis
1472 2481 1596 2508 videlicet
1616 2481 1688 2506 inter

56 2528 125 2553 "Ira
142 2528 159 2553 ό
175 2527 246 2560 Θοὸς
262 2527 314 2554 τοῦ
331 2529 441 2563 Κυρίου
459 2528 541 2563 ἡμῶν
560 2529 657 2562 Ἰησοῦ
678 2530 818 2562 Χριστοῦ,
834 2533 848 2558 d

913 2537 928 2557 e
944 2530 1099 2556 nominibus
1119 2533 1227 2564 propter
1247 2528 1390 2562 utriusque
1416 2532 1518 2554 natura;
1540 2525 1686 2555 connexio-

56 2571 163 2605 Πατὴρ
182 2572 236 2606 τῆς
253 2572 354 2606 δόξης.
377 2574 494 2608 Χριστοῦ
512 2574 559 2609 μὲν
573 2574 649 2605 Θεὸς,
666 2574 716 2609 τῆς
730 2575 758 2601 δὲ
772 2575 850 2611 δόξης

58 2616 174 2651 Πατήρ·
193 2618 217 2643 εἰ
234 2618 287 2652 γὰρ
307 2618 354 2644 καὶ
368 2619 399 2644 τὸ
417 2618 620 2654 συναμφότερον
635 2619 663 2646 ἓν
682 2637 690 2650 ,
747 2620 804 2646 ἀλλ’
819 2622 848 2647 οὐ

57 2662 92 2696 τῇ
111 2661 202 2695 φύσει,
219 2663 251 2697 τῇ
272 2662 300 2688 δὲ
323 2663 421 2699 συνόδῳ
435 2664 547 2690 τούτων.
564 2663 595 2690 Τί
611 2664 643 2689 ἃν
658 2663 764 2698 γένοιτο
779 2673 850 2699 γνω-

58 2714 86 2741 ρι
90 2706 165 2741 μώτε
170 2715 214 2741 ρον
225 2715 233 2739 ;

901 2583 973 2602 nem.
993 2576 1158 2610 Argnmenlo
1177 2578 1231 2606 est,
1249 2574 1319 2608 quod
1343 2581 1404 2601 cum
1432 2579 1533 2600 natura:
1543 2574 1633 2600 animo
1658 2576 1686 2599 ct

899 2621 1064 2655 cogitatione
1080 2621 1286 2654 distinguuntur
1300 2639 1307 2650 ,
1329 2619 1408 2646 simul
1439 2626 1544 2654 quoque
1575 2618 1686 2645 nomina

898 2665 1067 2692 dividuntur.
1093 2665 1161 2691 Audi
1193 2664 1305 2691 Paulum
1332 2664 1373 2691 his
1404 2664 1496 2690 verbis
1512 2663 1683 2698 loquentem.

900 2711 931 2738 Ut
948 2711 1017 2738 Deus
1033 2711 1136 2738 Domini
1153 2711 1235 2737 uestri
1247 2711 1311 2737 Iesu
1336 2709 1445 2742 Christi,
1471 2709 1551 2739 Pater
1572 2707 1616 2734 ille
1629 2707 1686 2742 glo-

57 2754 109 2780 ria:
137 2752 247 2780 ’.\iles
267 2755 400 2788 quomodo
418 2754 518 2781 Christi
533 2755 641 2789 quidem
660 2755 740 2787 Dens,
753 2755 845 2791 gloria:
861 2762 949 2783 autem
969 2757 1048 2784 Pater
1067 2758 1189 2784 dicatur:
1208 2757 1331 2790 quamvis
1348 2756 1418 2782 euint
1435 2756 1491 2782 haec
1521 2754 1574 2781 duo
1601 2760 1686 2780 unum

57 2798 188 2829 efficiant.
210 2799 235 2824 id
256 2804 344 2826 tamen
368 2808 419 2826 non
441 2804 534 2826 natura
549 2801 588 2833 ltt,
618 2801 665 2828 sed
680 2809 772 2828 eorum
789 2801 913 2830 coitione.
930 2803 998 2836 Quid
1023 2803 1064 2830 his
1079 2803 1198 2838 apertius
1225 2807 1251 2829 e1
1274 2801 1442 2829 manifestius
1454 2799 1619 2834 essequeat?

100 2840 230 2875 Πέμπτον
264 2842 384 2876 λεγέσθω
412 2843 452 2876 τὸ,
483 2843 632 2878 λαμὸἀνειν
657 2845 736 2871 αὑτὸν
762 2844 847 2880 ζωὴν,

955 2846 1083 2878 Quintum
1118 2849 1285 2876 muneretur,
1316 2842 1388 2877 quod
1416 2842 1496 2868 vitam
1516 2842 1538 2874 °,
1565 2846 1611 2869 aut
1638 2840 1683 2876 ju-

100 2947 110 2964 ¹
125 2945 136 2974 ι
152 2945 214 2974 Cor.
230 2954 274 2980 xv,
290 2945 334 2974 28.
351 2947 360 2962 ’
375 2945 460 2975 Galat.
480 2953 520 2981 ut,
537 2946 582 2975 ‘28.
607 2947 616 2963 ³
630 2946 709 2976 Joan.
732 2956 786 2984 xiv,
799 2949 843 2977 28.
869 2948 877 2964 "
894 2948 972 2976 Joan.
988 2957 1033 2982 xx,
1048 2948 1090 2976 17.
1120 2949 1127 2963 ⁵
1143 2948 1241 2983 Eplu-s.
1261 2955 1277 2979 ι,
1294 2946 1334 2974 l7.
1364 2948 1374 2961 “
1389 2946 1466 2974 Joan.
1482 2955 1508 2980 ν,
1527 2947 1573 2975 26.
