1891 3076
195 148 247 178 583

822 148 870 177 EU
880 147 1012 176 l‘lll'Mll
1032 146 1218 177 ZIGABENI

1769 144 1829 175 59$

194 213 292 240 dicium
306 213 315 228 ¹
331 233 339 245 .
351 219 399 240 aut
419 213 537 248 gentium
553 212 738 239 limrcditatem
761 212 771 227 ¹
788 231 795 243 ,
821 217 866 238 aut
885 213 975 240 carnis

1084 210 1163 246 ρισιν,
1184 211 1200 246 ἢ
1224 210 1404 246 κληρονομίαν
1425 210 1520 242 ἐθνῶν,
1538 211 1555 247 ἢ
1580 210 1708 243 ἐξουσίαν
1731 211 1830 246 πάσης

193 260 282 285 ornnis
303 262 466 292 potestatem
489 260 513 290 ³,
526 262 572 283 aut
584 257 697 291 gloriam
717 259 744 289 ⁵,
759 261 805 284 aut
823 257 979 292 discipulos,

194 307 345 337 caeteraque
360 301 481 335 ejusdem
510 302 627 337 generis,
646 302 770 336 accipere
796 301 910 335 dicitur;
929 303 980 330 hoc

193 356 301 383 quoque
321 349 354 375 ad
375 347 570 375 humanitatem
583 353 697 383 spectat.
710 347 870 382 Quanquam
884 354 912 375 ut
923 349 980 376 haec

194 395 278 422 ctiam
295 394 350 422 Deo
368 394 529 426 tribuamus,
548 394 620 422 nulla
635 395 697 422 inde
713 395 866 423 absurditas
885 403 981 423 conse-

194 445 292 474 quetur
304 449 311 466 ε
324 448 376 467 non
392 441 462 467 enim
477 441 550 467 νειυι
574 441 690 468 ascititia
706 441 730 468 ei
758 441 917 474 tribuemus,
933 442 979 469 sed

195 486 268 513 velut
280 494 340 521 qua:
351 494 365 513 a
381 486 511 520 principio
525 494 577 514 una
591 494 653 514 cum
667 487 726 517 ipso
747 487 910 520 exstiterint,
925 495 979 514 non

196 531 301 558 ratione
316 531 420 565 gratiae,
436 531 483 558 sed
496 535 559 558 natu
565 539 610 558 rae.

284 577 368 603 Sexto
388 576 447 603 loco
463 581 590 610 portatur,
604 576 675 611 quod
693 575 754 603 Non
770 581 851 610 potest
863 575 949 603 Filius
963 584 979 603 α

194 623 280 656 seipse
292 622 378 656 facere
391 622 544 657 quidquam,
557 622 608 648 nisi
617 622 644 647 id
659 622 750 648 videri!
762 621 866 648 Patrem
881 621 980 656 facien-

195 675 245 694 tem
272 667 294 694 '.
310 667 375 700 Quae
389 667 469 694 verba
482 667 613 701 ejusmodi
629 675 708 694 sensu
724 667 880 702 explicanda
893 673 956 694 sunt
970 676 977 693 :

195 714 287 745 Posse,
303 714 344 741 vel
354 722 404 741 non
415 722 501 749 posse,
516 720 570 741 non
585 722 638 741 uno
657 713 736 740 modo
747 713 847 740 dicitur
858 721 866 746 ;
878 713 978 740 variam

194 761 266 787 enim
283 767 315 787 ac
346 759 521 795 multiplicem
540 760 765 795 signiﬁcationem
797 760 886 787 habet.
908 759 981 786 Non-

196 813 334 840 nunquam
447 806 519 833 enim
548 805 696 832 secundum
717 805 816 832 virium
845 805 979 833 defectum

199 852 309 883 dicitur,
322 855 350 878 et
369 852 435 878 certi
454 851 583 885 temporis
598 858 629 877 ac
655 857 778 884 persona:
810 850 913 878 ratione
933 850 980 877 ba-

1030 255 1140 291 σαρκὸς,
1154 255 1171 292 ἦ
1184 255 1272 289 δόξαν,
1284 256 1300 291 ἢ
1317 255 1449 291 μαθητὰς,
1464 256 1480 291 ἢ
1497 257 1548 283 ὅσα
1561 256 1682 291 λέγεται,
1699 256 1751 283 καὶ
1763 256 1832 283 τοῦ·

1029 310 1060 328 το
1123 302 1172 337 τῆς
1188 302 1405 337 ἀνθρωπότητος.
1419 302 1451 328 El.
1463 301 1491 328 δὲ
1503 302 1550 328 καὶ
1561 302 1599 337 τῷ
1611 302 1672 338 Θεῷ
1733 301 1815 335 δοίης
1823 320 1830 330 .

1030 348 1080 374 οὐκ
1102 348 1220 374 ἄτοπον·
1233 348 1263 373 οὺ
1288 347 1343 384 γὰρ
1366 347 1404 379 ὡς
1429 347 1564 383 ἐπίκτητα
1582 347 1689 380 δώσεις,
1710 347 1771 374 ἀλλ’
1791 347 1832 379 ὡς

1030 394 1079 421 ἀπ’
1104 394 1191 429 ἀρχῆς
1217 394 1425 430 συνυπάρχοντα
1448 411 1457 425 ,
1525 395 1572 421 καὶ
1598 394 1671 430 λόγῳ
1697 394 1830 429 φύσεως,

1032 439 1089 466 ἀλλ’
1104 440 1135 466 οὺ
1151 439 1271 475 χάριτος.

1112 577 1210 603 Ἕκτον
1234 577 1349 604 τιθέσθω
1372 577 1403 603 τὸ
1423 577 1466 612 μὴ
1499 578 1644 604 δύνασθαι
1671 578 1729 604 τὸν
1757 577 1831 604 Πόν-

1033 623 1082 657 ἁρ’
1103 622 1212 650 ἑαυτοῦ
1233 622 1330 649 ποιεῖν
1350 622 1448 658 μηδὲν
1468 643 1475 655 ,
1535 623 1590 649 ἐὰν
1610 622 1652 657 μή
1674 631 1700 649 τι
1717 622 1830 656 ,βλέπῃ

1033 669 1086 695 τὸν
1100 668 1215 702 Πατέρα
1227 669 1380 696 ποιοῦντα.
1397 668 1482 696 Τοῦτο
1497 669 1525 696 δὲ
1542 668 1660 695 τοιοῦτόν
1682 669 1777 694 ἐστιν·
1798 670 1829 694 αὖ

1033 715 1086 741 τῶν
1099 715 1158 741 καθ’
1175 715 1222 741 ἕνα
1236 715 1336 750 τρόπον
1347 715 1512 751 λεγομένων,
1528 715 1558 741 τὸ
1572 714 1733 746 δύνασθαι,
1751 713 1768 749 ἦ
1783 715 1830 749 μὴ

1033 760 1193 788 δύνασθαι·
1221 761 1377 797 πολύσημον
1399 761 1438 789 δέ,
1464 761 1501 787 Τὸ
1526 761 1575 796 μὲν
1596 761 1649 795 γάρ
1663 769 1690 786 τι
1712 761 1832 794 λέγεται

1034 806 1106 834 κατὰ
1121 807 1261 842 δυνάμεως
1280 807 1407 842 ἔλλειψιν,
1428 807 1476 833 καὶ
1498 806 1574 837 ποτὲ,
1590 807 1636 832 καὶ
1649 805 1720 841 πρός
1735 814 1775 836 τι,
1791 805 1833 836 ὡς

1035 852 1075 884 τὸ,
1091 853 1129 887 μὴ
1143 852 1272 880 δύνασθαι
1296 853 1326 879 τὸ
1350 853 1456 879 παιδίον
1469 852 1570 883 ἀθλεῖν,
1588 852 1604 887 ἢ
1623 851 1652 878 τὺ
1676 851 1835 878 σκυλάκιον

197 894 250 921 bitu
264 903 271 921 :
290 900 318 921 ut
335 895 405 929 quod
423 901 490 928 puer
512 894 610 921 luctari
627 902 680 921 non
696 895 791 929 possit,
815 899 861 921 aut
877 895 980 922 catulus

1080 899 1155 930 ἰπειν,
1171 898 1187 934 ἢ
1205 898 1274 934 πρὸς
1297 898 1374 925 τόνδε
1390 897 1613 932 διαγωνίζεσθαι·
1634 897 1750 932 ἀθλήσει
1773 897 1833 932 γὰρ

194 948 320 973 cernere,
338 947 384 966 aut
397 948 457 967 cum
469 940 560 975 aliquo
576 940 723 968 dimicare:
747 940 894 968 luctabitur
908 941 979 968 enim

196 986 312 1013 fortasse
327 985 483 1020 aliquando,
503 990 531 1012 et
545 991 649 1020 cernet,
670 991 698 1014 et
713 994 773 1014 cum
794 987 845 1014 hoc
865 986 980 1014 dimica-

196 1033 246 1063 bit,
265 1032 371 1059 etiamsi
392 1039 452 1058 cum
481 1031 567 1058 altero
585 1037 710 1066 nequeat.
736 1031 872 1059 Interdum
899 1033 931 1059 de
947 1039 980 1059 eo

196 1078 305 1108 dicitur,
317 1077 389 1110 quod
409 1083 597 1111 srepenumero
610 1078 751 1112 contingit,
770 1082 800 1104 ut
821 1077 900 1104 illud:
917 1075 980 1103 Non

197 1121 280 1149 potest
296 1118 388 1144 civitas
403 1119 529 1146 abscondi
542 1127 621 1154 supra
636 1126 747 1147 montem
766 1122 851 1156 posita
879 1121 900 1149 ⁸.
910 1123 982 1150 Fieri

199 1161 269 1188 enim
290 1167 388 1196 potest,
402 1169 430 1190 ut
443 1165 566 1198 qumdam
590 1166 687 1193 civitas
708 1166 890 1194 abscondatur
903 1187 911 1200 ,
926 1175 984 1193 ma-

197 1207 250 1240 jori
265 1208 392 1236 nimirum
411 1209 502 1244 aliquo
527 1216 618 1238 monte
641 1213 725 1245 ipsius
748 1217 886 1247 aspectum
902 1213 984 1247 impe-

200 1252 299 1279 diente.
311 1253 482 1288 impossibile
495 1256 576 1283 etiam
600 1256 709 1289 dicitur,
739 1258 809 1292 quod
826 1258 938 1285 minime
949 1266 985 1284 aa-

200 1305 283 1332 quum
298 1303 351 1332 est,
364 1301 517 1335 rationique
534 1308 763 1336 consentaneum;
784 1304 862 1338 cujus
879 1304 986 1338 generis

201 1349 244 1372 est
260 1345 341 1372 illud:
359 1345 421 1373 Non
432 1353 538 1380 possunt
553 1347 605 1382 ﬁlii
618 1349 847 1384 apomijejunare,
870 1349 987 1384 quandiu

201 1398 315 1423 prmum
338 1396 376 1418 eu
402 1400 512 1426 sponsus
537 1395 568 1426 ';
594 1395 651 1420 sive
677 1401 737 1421 eum
771 1394 916 1427 intelligas,
940 1394 987 1428 qui

201 1437 341 1471 corporeis
360 1437 446 1465 oculis
470 1439 591 1466 cernitur
605 1440 704 1475 (neque
723 1440 793 1467 cnim
808 1447 934 1466 aerumna:
949 1444 989 1465 at-

204 1489 258 1516 que
275 1481 428 1510 aﬂlictionis
445 1488 552 1518 tempus
568 1489 627 1510 erat
640 1484 702 1511 illud
717 1489 832 1519 tempus,
845 1492 900 1518 quo
911 1483 990 1511 Chri-

204 1533 264 1555 stus
274 1535 334 1555 cum
348 1529 487 1562 discipulis
509 1529 692 1564 versabatur).
721 1530 778 1556 sive
789 1537 850 1557 enm
869 1533 898 1556 ut
921 1528 990 1556 Ver-

205 1573 268 1599 bum
280 1578 386 1608 spectes
399 1584 405 1601 :
421 1574 484 1608 quid
496 1574 568 1601 enim
582 1581 631 1601 eos
641 1581 771 1608 corporeo
780 1574 859 1601 modo
867 1575 991 1609 jejunare

1080 1587 1092 1609 ς
1106 1577 1153 1604 τοῦ
1170 1576 1337 1613 θεραπευτοῠ

206 1626 319 1646 necesse
335 1624 387 1650 est,
409 1620 482 1654 quia
495 1620 585 1648 Verbo
601 1619 767 1654 purgantur?
784 1619 885 1652 Quarta
909 1619 992 1654 signi-

207 1665 335 1693 ﬁeatione
347 1665 399 1693 hoc
414 1665 472 1693 ﬁeri
489 1673 541 1692 non
561 1673 641 1700 posse
655 1665 764 1698 dicitur,
791 1673 805 1692 a
829 1673 883 1698 quo
900 1670 993 1692 nostra

163 1722 169 1729 -
206 1711 334 1740 voluntas
346 1712 492 1744 abhorret;
507 1711 708 1745 cujusmodiest
719 1711 802 1738 illud:
817 1710 879 1738 Non
891 1716 994 1746 poterat

207 1757 263 1784 illic
278 1757 354 1792 signa
365 1757 451 1792 facere
461 1756 783 1791 propterintredulitatem
795 1765 885 1784 eorum
911 1759 936 1791 ⁸,
948 1759 992 1792 qui

208 1811 240 1830 ea
253 1803 444 1837 excipiebant:
470 1802 597 1837 quoniam
627 1802 699 1829 enim
723 1803 756 1830 ad
774 1803 926 1830 morborum
944 1804 993 1831 de-

210 1849 349 1882 pulsiones
363 1853 507 1884 utrumque
522 1850 652 1876 accedere
671 1856 782 1876 necesse
797 1854 848 1880 est,
865 1853 997 1884 nempeut

209 1899 236 1921 et
245 1894 338 1929 aegroti
354 1894 444 1928 iidem,
457 1899 483 1921 et
497 1894 593 1922 medici
606 1894 660 1921 vim
673 1901 700 1922 et
709 1894 861 1921 facultatem
874 1894 997 1921 medendi

211 1940 337 1970 afferant.
354 1940 454 1967 idcirco
470 1940 594 1974 alterum,
609 1941 751 1969 deﬁciente
771 1941 866 1973 altero,
889 1941 998 1966 minime

212 1986 398 2020 contingebat.
410 1985 485 2012 llaud
502 1987 557 2013 scio
576 1993 676 2018 autem,
705 1995 737 2013 an
759 1987 808 2013 hoc
822 1993 931 2020 quoque
946 1993 997 2012 non

212 2032 413 2067 adjungendum
425 2032 471 2062 sit,
487 2032 518 2058 ad
534 2032 560 2059 id
575 2035 645 2067 quod
673 2032 770 2059 rationi
787 2036 998 2059 consentaneum

212 2083 274 2105 est:
290 2085 378 2112 neque
392 2078 463 2104 enim
476 2078 510 2104 iis
525 2078 685 2105 medicinam
702 2077 798 2105 aii‘erre
812 2077 999 2107 conveniebat,

1038 943 1102 975 ῐσως
1120 944 1194 976 ποτὲ,
1212 944 1259 971 καὶ
1271 944 1376 979 ὄψεται,
1391 944 1438 970 καὶ
1457 944 1639 978 διαγωνιεῖται
1652 943 1722 977 πρὸς
1739 942 1833 974 τόνδε,

1037 989 1089 1016 κᾶν
1101 989 1169 1025 πρὸς
1180 990 1272 1024 ἕτερον
1287 990 1425 1022 ἀδυνάτως
1439 989 1499 1025 ἔχῃ.
1513 989 1550 1015 Τὸ
1563 989 1602 1020 δὲ,
1619 988 1657 1020 ὡς
1677 989 1724 1014 ἐπὶ
1750 987 1834 1014 πλεῖ-

1038 1044 1111 1069 στον,
1128 1036 1166 1067 ὼς
1177 1036 1222 1062 τό·
1245 1037 1286 1063 Οὐ
1299 1036 1423 1063 δύναται
1440 1036 1528 1068 πόλις
1545 1034 1689 1069 κρυϐῆναι
1701 1034 1752 1060 ἐπ’
1770 1034 1835 1060 ἄνω

1037 1079 1126 1115 ὄρους
1141 1080 1272 1115 κειμένη.
1288 1080 1365 1116 Τάχα
1376 1081 1430 1116 γὰρ
1446 1080 1478 1107 ἂν
1492 1080 1540 1107 καὶ
1550 1079 1682 1115 κρυφθείη
1700 1088 1756 1111 τις,
1773 1081 1836 1106 ὲπι-

1035 1121 1215 1159 πῳσθοῦπος
1233 1122 1364 1157 μείζονος.
1381 1121 1418 1147 Τὸ
1429 1120 1468 1154 δὲ,
1479 1121 1518 1153 ὡς
1533 1121 1583 1147 οὐκ
1597 1120 1718 1154 εὔλογον,
1734 1119 1777 1151 ὡς
1791 1121 1835 1146 τό·

1032 1169 1073 1195 οὐ
1099 1167 1243 1194 δύνανται
1267 1169 1293 1194 οἱ
1314 1167 1374 1195 viai
1394 1166 1447 1194 τοῦ
1467 1166 1628 1202 νυμφῶνος
1651 1166 1834 1199 νηστεύειν.

1035 1213 1081 1247 ἐφ’
1100 1213 1176 1240 ὅσον
1197 1212 1326 1246 ἔνδημος
1348 1212 1364 1238 ὀ
1387 1211 1532 1246 νυμφίος·
1548 1211 1602 1236 εἴτε
1627 1211 1642 1236 ὸ
1663 1209 1836 1244 σωματικῶς

1037 1258 1174 1294 ὁρώμενος
1183 1258 1223 1292 (οὐ
1234 1258 1288 1293 γὰρ
1301 1257 1496 1288 κακοπαθείας,
1513 1256 1570 1283 ἀλλ’
1584 1255 1757 1291 εὐφροσύνης
1773 1263 1836 1280 και-

1040 1304 1086 1340 ρὸς
1098 1304 1112 1330 ὁ
1125 1303 1176 1338 τῆς
1197 1303 1370 1338 ἐπιδημίας),
1394 1303 1448 1329 εἴτε
1465 1302 1503 1335 ὡς
1525 1303 1539 1329 ὁ
1560 1303 1646 1336 Λόγος
1665 1301 1834 1336 νοούμενος·

1038 1349 1064 1375 τι
1081 1348 1136 1383 γὰρ
1153 1348 1194 1374 δεῖ
1213 1346 1353 1383 νηστεύειν
1374 1346 1538 1382 σωματικῶς
1559 1347 1622 1378 τοὺς
1637 1346 1717 1381 Λόγῳ
1732 1345 1836 1371 καθαι-

1042 1394 1171 1430 ρομένους
1191 1404 1199 1428 ;
1271 1393 1307 1420 Τὸ
1318 1393 1357 1425 δὲ,
1374 1393 1411 1424 ὡς
1429 1393 1588 1428 ἀϐούλητον,
1605 1392 1643 1423 ὡς
1662 1392 1704 1422 τὸ,
1716 1391 1768 1424 Μὴ
1784 1391 1838 1418 6t}-

1040 1442 1149 1468 νασθαι
1160 1439 1223 1467 ἐκεῖ
1230 1439 1338 1475 σημεῖα
1349 1439 1482 1474 ποιῆσαι,
1493 1439 1541 1466 διὰ
1552 1438 1609 1472 τὴν·
1619 1438 1767 1465 ἀπιστίαν
1776 1437 1838 1464 τῶν

1041 1485 1219 1521 δεχομένων·
1228 1486 1322 1521 ἐπειδὴ
1329 1485 1384 1520 γὰρ
1393 1484 1440 1511 τοῦ
1454 1484 1658 1520 συναμφοτέρου
1671 1483 1752 1519 χρεία.
1766 1484 1838 1519 πρὸς

1041 1532 1090 1563 τὰς
1107 1531 1203 1563 ἰάσεις,
1214 1531 1262 1558 καὶ
1273 1531 1323 1567 τῆς
1334 1531 1387 1557 τῶν
1399 1530 1624 1566 θεραπευομένων
1640 1529 1773 1561 πίστεως,
1789 1531 1839 1556 καὶ

1419 1576 1570 1612 δυνάμεως,
1591 1575 1641 1602 οὐκ
1655 1575 1795 1610 ἐνεδέχετο
1808 1575 1839 1601 τὸ

1043 1622 1136 1658 ἕτερον
1149 1622 1195 1649 τοῦ
1209 1622 1326 1657 συζύγου
1349 1621 1527 1654 ἐλλείποντος.
1541 1622 1597 1648 Οὐκ
1619 1619 1675 1648 οἶδα
1756 1621 1800 1652 δὲ,
1816 1622 1838 1647 εἰ

1046 1668 1083 1703 μὴ
1100 1669 1148 1695 καὶ
1162 1667 1241 1695 τοῦτο
1255 1668 1294 1704 τῷ
1322 1667 1424 1703 εὐλόγῳ
1445 1667 1622 1704 προσθετέον·
1640 1667 1670 1694 οὗ
1688 1666 1743 1702 γὰρ
1758 1667 1839 1693 εὔλο-

1045 1721 1093 1747 γος
1118 1713 1189 1744 ῐασις
1209 1714 1267 1745 τοῖς
1293 1712 1504 1748 βλαϐησομένοις
1526 1711 1556 1745 ἐξ
1579 1711 1718 1744 ἀπιστίας.
1740 1711 1798 1738 Τοῦ
1811 1711 1839 1738 δὲ

1046 1759 1128 1785 αὑτοῦ
1147 1758 1238 1793 λόγου,
1254 1759 1301 1786 καὶ
1315 1759 1346 1786 τό
1357 1767 1364 1775 ·
1381 1760 1423 1786 οὐ
1438 1758 1562 1786 δύναται
1579 1759 1595 1785 ὀ
1607 1758 1723 1792 κόσμος
1735 1757 1838 1792 μισεῖν

1044 1803 1120 1839 ὑμᾶς
1133 1812 1140 1820 ⁸
1163 1805 1221 1835 καὶ.
1233 1803 1300 1837 Πῶς
1322 1804 1454 1831 δύνασθε
1470 1803 1566 1838 ἀγαθὰ
1580 1802 1698 1833 λαλεῖν.
1711 1802 1839 1835 πονηροὶ

1044 1850 1146 1883 ὄντες-ς
1161 1850 1224 1882 Πῶς
1238 1850 1292 1886 γὰρ
1304 1849 1435 1877 ἀδύνατόν
1451 1858 1477 1876 τι
1491 1849 1604 1880 τούτων,
1621 1848 1638 1883 ἦ
1661 1848 1702 1875 ὅτι
1719 1848 1840 1881 ἀϐούλη-

1044 1904 1106 1929 τον;
1123 1896 1201 1922 Ἔστι
1220 1895 1249 1922 δέ
1266 1904 1293 1921 τι
1312 1896 1359 1922 καὶ
1375 1894 1494 1921 τοιοῦτον
1512 1894 1541 1920 ἐν
1561 1894 1618 1925 τοῖς
1631 1893 1805 1928 λεγομένοις,
1828 1892 1841 1918 ὅ

1045 1942 1077 1977 τῇ
1166 1941 1247 1976 φύσει
1264 1941 1316 1975 μὲν
1332 1941 1471 1972 ἀδύνατον,
1486 1939 1545 1975 Θεῷ
1560 1940 1588 1966 δὲ
1605 1938 1719 1965 δυνατὸν
1744 1938 1837 1973 βουλη-

1047 1986 1129 2021 θέντι,
1148 1987 1185 2019 ὡς
1202 1987 1243 2019 τὸ,
1263 1987 1300 2022 μὴ
1311 1985 1442 2013 δύνασθαι
1454 1985 1499 2012 τὸν
1508 1985 1589 2011 αὐτὸν
1603 1983 1770 2020 γεννηθῆναι
1784 1983 1843 2010 δεύ-

1046 2040 1135 2067 τερον,
1159 2032 1207 2058 καὶ
1231 2032 1313 2067 ῥαφὶς
1327 2031 1377 2058 οὐκ
1392 2030 1567 2065 εἰσ-δεχομένη
1581 2029 1704 2065 κάμηλον
1715 2037 1722 2043 ·
1743 2029 1772 2055 τί
1790 2029 1844 2064 γὰρ

1051 2077 1084 2104 ἂν
1104 2077 1150 2104 καὶ
1175 2077 1306 2104 κωλύσειε
1320 2076 1448 2111 γενέσθαι
1468 2075 1563 2106 ταῦτα,
1579 2074 1646 2102 Θεοῦ
1662 2075 1841 2110 Θελήσαντοςς

213 2126 312 2160 quibus
334 2125 509 2152 incredulitas
526 2125 715 2152 detrimentum
738 2124 849 2151 allatura
861 2128 930 2151 erat.
963 2123 1022 2156 Quo
1041 2125 1122 2151 etiam
1154 2124 1180 2151 in
1199 2125 1292 2151 ordine
1315 2123 1467 2158 ponendum
1490 2127 1531 2149 est
1558 2121 1642 2148 illud:
1670 2121 1729 2147 Non
1761 2126 1843 2154 potest

213 2173 327 2199 mundus
343 2172 429 2198 odisse
443 2180 486 2199 vos
516 2175 525 2190 '
544 2176 593 2204 ;et
605 2193 612 2205 ,
641 2172 776 2204 Quomodo
800 2173 905 2205 potestis
933 2172 1000 2198 bona
1020 2171 1100 2206 loqui.
1113 2180 1173 2198 cum
1186 2172 1244 2198 sitis
1257 2172 1321 2198 mali
1338 2171 1380 2198 "2
1412 2171 1471 2204 Quo
1489 2170 1560 2197 enim
1585 2174 1662 2204 pacto
1695 2168 1843 2202 quidquam

215 2219 312 2246 horum
338 2218 504 2252 impossibile
534 2224 584 2251 est,
617 2218 669 2245 nisi
700 2218 763 2252 quia
794 2217 918 2244 voluntas
949 2218 1098 2253 repugnat?
1131 2217 1189 2244 .lnm
1204 2218 1267 2244 illud
1290 2225 1396 2252 quoque
1425 2216 1588 2251 impossibile
1625 2215 1739 2245 dicitur,
1775 2212 1845 2248 quod

218 2269 314 2291 natura
332 2265 440 2299 quidem
456 2264 621 2299 impossibile
636 2268 687 2295 est,
715 2264 769 2290 Deo
793 2268 883 2290 autem
900 2264 999 2290 volenti
1022 2263 1268 2298 possibile;qnoin
1285 2272 1382 2298 genere
1417 2269 1457 2290 cst
1487 2263 1551 2289 illud
1567 2270 1574 2277 ·
1600 2262 1729 2288 Eumdcm
1759 2260 1846 2288 homi-

218 2318 279 2338 nem
296 2310 338 2338 bis
352 2311 425 2337 nasci
444 2318 496 2337 non
515 2318 593 2344 posse
610 2310 646 2343 “,
668 2317 717 2337 nec
734 2317 784 2336 acu
809 2309 940 2336 camelunt
955 2310 1061 2337 admitti
1077 2309 1098 2325 "
1115 2319 1123 2338 :
1139 2311 1202 2344 quid
1233 2311 1304 2337 enim
1337 2309 1478 2344 prohibent
1509 2309 1654 2343 qnnminus
1687 2307 1746 2334 bro
1770 2308 1846 2338 fiant.

218 2358 240 2385 si
259 2357 306 2385 Dei
325 2357 451 2384 voluntas
466 2357 500 2383 ita
519 2356 631 2384 tulerit?

314 2403 416 2430 Praeter
429 2403 477 2430 bos
495 2410 589 2429 omnes
605 2402 697 2428 modos
715 2401 881 2435 impossibile
905 2401 1001 2428 dicitur
1023 2396 1043 2423 Ι)

219 2450 289 2485 quod
303 2449 374 2476 nulla
400 2450 510 2476 omnino
536 2448 640 2475 ratione
666 2447 722 2474 lieri
753 2450 859 2481 potest,
891 2447 1004 2482 utquod

222 2502 294 2521 nunc
311 2494 489 2528 exquirimus.
514 2493 548 2520 Ut
563 2493 633 2519 enim
647 2491 812 2526 impossibile
820 2499 880 2520 esse
893 2493 1008 2520 dicimus

222 2541 304 2568 Deum
333 2540 433 2567 malum
467 2546 537 2571 esse,
569 2544 614 2565 aut
639 2539 750 2565 omnino
782 2546 834 2565 non
861 2547 921 2566 csse
947 2540 1009 2574 (Imc

221 2587 293 2613 enim
326 2586 371 2612 Dei
403 2584 589 2619 impotentiam
619 2584 706 2618 potius
746 2587 827 2618 atque
869 2584 1010 2611 imbecilli-

224 2638 324 2664 tatem,
351 2639 431 2666 quam
460 2631 607 2666 potentiam
630 2630 789 2666 arguerit);
830 2635 876 2657 aut
901 2635 931 2657 nt
963 2630 1010 2661 sit,

223 2680 294 2713 quod
318 2687 370 2705 non
396 2682 448 2709 est,
474 2682 564 2704 autut
592 2677 633 2704 bis
658 2678 711 2704 duo
738 2677 818 2704 simul
847 2682 873 2704 et
895 2681 1012 2712 quatuor

222 2729 277 2751 sunt
329 2729 356 2752 et
424 2725 534 2752 derem:
551 2723 586 2750 ita
603 2731 653 2751 nec
669 2723 725 2751 ﬁeri
748 2724 802 2750 ullo
819 2724 896 2750 modo
914 2727 1011 2756 potest,

224 2777 253 2798 ut
265 2770 349 2798 Filius
362 2771 462 2804 aliquid
482 2770 575 2802 faciat,
597 2770 667 2804 quod
682 2770 763 2797 Pater
779 2777 830 2796 non
845 2768 934 2796 faciat.
950 2768 1014 2795 0m-

225 2821 268 2845 nia
285 2818 354 2845 enim
379 2826 436 2848 qua:
455 2815 536 2844 Pater
558 2816 643 2848 habet,
665 2823 724 2843 sunt
749 2815 813 2842 Filii
828 2816 848 2831 ³¹
863 2823 869 2830 ·
886 2815 1014 2848 quemad-

1155 2401 1263 2427 Τούτων
1278 2401 1306 2426 δὲ
1319 2400 1426 2426 πάντων
1442 2398 1531 2431 ἐκτὸς,
1547 2397 1577 2424 τὸ
1588 2395 1729 2427 παντελῶς
1747 2396 1847 2423 ἀδύνα-

1059 2457 1105 2475 τον
1119 2448 1166 2474 καὶ
1181 2447 1364 2476 ἀνεπίδεκτον,
1378 2446 1416 2477 ὡς
1439 2445 1453 2471 ὃ
1469 2445 1515 2471 νῦν
1534 2443 1709 2478 ἐξετάζομεν.
1735 2442 1784 2474 Ὠς
1797 2443 1848 2476 γὰρ

1059 2494 1190 2521 ἀδύνατον
1214 2490 1284 2519 εἶναι
1300 2492 1424 2527 λέγομεν,
1447 2490 1564 2526 πονηρὸν
1588 2486 1658 2515 εἶναι
1678 2487 1758 2518 Θεὸν,
1777 2487 1795 2522 ἦ
1815 2487 1847 2522 μὴ

1060 2538 1129 2566 εἶναι
1141 2548 1147 2554 ·
1164 2538 1242 2565 τοῦτο
1251 2537 1306 2573 γὰρ
1318 2537 1467 2572 ἀδυναμίας
1480 2535 1512 2563 ἂν
1524 2535 1567 2571 εἴη
1582 2534 1680 2570 μᾶλλον
1688 2533 1771 2564 Θεοῦ,
1781 2533 1847 2567 ἢπερ

1060 2584 1200 2619 δυνάμεως
1210 2583 1242 2618 ·ἢ
1255 2583 1284 2609 τὸ
1297 2583 1334 2618 μὴ
1345 2582 1374 2608 ὃν
1385 2579 1465 2613 εἶναι,
1480 2581 1496 2617 ἢ
1511 2580 1546 2607 τὰ
1558 2581 1598 2612 δὶς
1609 2579 1656 2606 δύο
1669 2579 1716 2605 καὶ
1726 2578 1847 2613 τέσσαρα

1062 2627 1190 2655 εἶναικαὶ
1204 2628 1269 2654 δέκα
1291 2632 1298 2640 ’
1368 2626 1454 2658 οὕτως
1471 2625 1599 2652 ἀδύνατον
1620 2624 1668 2651 καὶ
1688 2623 1847 2658 ἀνεγχώρη-

1062 2684 1107 2702 τον
1125 2677 1211 2702 ποιεῖν
1227 2684 1252 2702 τι
1268 2674 1313 2700 τὸν
1327 2673 1401 2705 Υἱδν,
1415 2670 1452 2700 ὧν
1465 2673 1494 2699 οὑ
1513 2672 1583 2699 ποιεῖ
1598 2672 1612 2698 ὁ
1625 2671 1732 2706 Πατήρ.
1749 2670 1846 2697 Πάντα

1062 2722 1117 2756 γὰρ
1132 2721 1190 2748 ὅσα
1200 2721 1261 2756 ἔχει
1271 2722 1287 2747 ὁ
1297 2719 1406 2754 Πατὴρ,
1423 2719 1477 2746 τοῦ
1494 2718 1561 2745 Υἱσῦ
1571 2717 1670 2744 ἐστιν·
1686 2716 1723 2747 ὡς
1731 2715 1847 2751 ἔμπαλιν

1063 2768 1097 2795 τὰ
1111 2768 1157 2794 τοῦ
1173 2767 1248 2799 Υἱοῦ,
1262 2766 1309 2793 τοῦ
1325 2765 1441 2803 Πατρός.
1456 2765 1537 2792 Οὐδὲν
1551 2761 1597 2790 οὖν
1613 2763 1688 2794 ἴδιον,
1701 2763 1742 2789 ὅτι
1758 2762 1846 2788 κοινὰ-

1066 2814 1128 2840 ὲπεὶ
1139 2814 1186 2840 καὶ
1198 2813 1265 2840 αὐτὸ
1285 2813 1315 2839 τὸ
1335 2810 1403 2839 εἶναι
1419 2811 1507 2838 κοινὸν
1531 2810 1577 2838 καὶ
1600 2809 1742 2843 ὁμότιμον,
1760 2809 1785 2834 εἰ
1807 2806 1847 2834 καὶ

268 2871 275 2886 ¹
293 2870 372 2897 Joan.
386 2876 412 2900 ν,
427 2868 472 2895 27.
513 2869 522 2883 ²
537 2866 608 2894 Psal.
627 2874 656 2899 ιι,
672 2866 700 2893 8.
718 2899 722 2900 ν
738 2864 834 2892 'Jnan.
847 2871 912 2897 xvn,
925 2863 964 2900 2._
981 2862 1087 2900 _‘_Apoc.
1103 2869 1130 2894 v,
1151 2861 1192 2900 lg:
1231 2858 1329 2900 ’ξοδ-η.
1343 2867 1368 2891 v,
1385 2859 1429 2885 9.3.
1468 2857 1682 2900 Μηιιίικγηιᾷ.
1721 2858 1731 2872 "
1750 2857 1842 2900 Matth.

233 2913 271 2936 nr,
290 2906 334 2934 15.
371 2905 382 2920 ⁸
401 2897 496 2930 Matth.
512 2909 561 2930 xm
574 2920 582 2935 ,
603 2897 652 2928 58.
686 2901 696 2917 ’
712 2899 792 2929 Joan.
812 2906 859 2934 vn,
879 2900 906 2927 7.
933 2898 966 2936 _"
981 2897 1076 2926 Matth.
1096 2905 1145 2931 xu,
1162 2897 1206 2925 δι.

235 2941 255 2956 ³³
271 2939 349 2969 Joan.
365 2947 422 2972 xw,
442 2938 486 2966 t5.

1253 2896 1273 2911 “
1292 2894 1429 2928 Joan.u|,
1462 2893 1489 2922 4.
1545 2894 1566 2909 ³³
1584 2893 1684 2921 Matth.
1714 2900 1772 2926 au,
1802 2893 1841 2920 ει.
