  <div class='ocr_page' id='page_1' title='image "/cluster/home/n/w/nwhite01/storage/ocr_20150623/130/njp.32101010942777/324.png"; bbox 0 0 1891 3076; ppageno 0'>
   <div class='ocr_carea' id='block_1_1' title="bbox 17 153 76 184">
    <p class='ocr_par' dir='ltr' id='par_1_1' title="bbox 17 153 76 184">
     <span class='ocr_line' id='line_1_1' title="bbox 17 153 76 184; baseline 0 0"><span class='ocrx_word' id='word_1_1' title='bbox 17 153 76 184; x_wconf 74' lang='lat'><strong>585</strong></span> 
     </span>
    </p>
   </div>
   <div class='ocr_carea' id='block_1_2' title="bbox 518 159 1160 194">
    <p class='ocr_par' dir='ltr' id='par_1_2' title="bbox 518 159 1160 194">
     <span class='ocr_line' id='line_1_2' title="bbox 518 159 1160 194; baseline 0.005 -4"><span class='ocrx_word' id='word_1_2' title='bbox 518 159 702 190; x_wconf 78' lang='lat' dir='ltr'><strong>PANOPLIA</strong></span> <span class='ocrx_word' id='word_1_3' title='bbox 723 160 950 192; x_wconf 79' lang='lat' dir='ltr'><strong>DOGMATICA.</strong></span> <span class='ocrx_word' id='word_1_4' title='bbox 971 174 1005 180; x_wconf 90' lang='grc'><strong>-·-</strong></span> <span class='ocrx_word' id='word_1_5' title='bbox 1020 162 1095 194; x_wconf 84' lang='grc' dir='ltr'><strong>ΤῐΤ.</strong></span> <span class='ocrx_word' id='word_1_6' title='bbox 1110 163 1160 194; x_wconf 80' lang='lat' dir='ltr'><strong>XI.</strong></span> 
     </span>
    </p>
   </div>
   <div class='ocr_carea' id='block_1_3' title="bbox 1591 167 1643 196">
    <p class='ocr_par' dir='ltr' id='par_1_3' title="bbox 1591 167 1643 196">
     <span class='ocr_line' id='line_1_3' title="bbox 1591 167 1643 196; baseline 0.038 -2"><span class='ocrx_word' id='word_1_7' title='bbox 1591 167 1643 196; x_wconf 65' lang='lat'><strong>586</strong></span> 
     </span>
    </p>
   </div>
   <div class='ocr_carea' id='block_1_4' title="bbox 15 225 761 265">
    <p class='ocr_par' dir='ltr' id='par_1_4' title="bbox 15 225 748 263">
     <span class='ocr_line' id='line_1_4' title="bbox 15 225 748 263; baseline 0.007 -13"><span class='ocrx_word' id='word_1_8' title='bbox 15 225 57 259; x_wconf 83' lang='grc' dir='ltr'>τῷ</span> <span class='ocrx_word' id='word_1_9' title='bbox 73 225 132 260; x_wconf 82' lang='grc' dir='ltr'><strong>Υίῷ</strong></span> <span class='ocrx_word' id='word_1_10' title='bbox 155 226 228 261; x_wconf 80' lang='grc' dir='ltr'>παρὰ</span> <span class='ocrx_word' id='word_1_11' title='bbox 252 226 298 252; x_wconf 78' lang='grc' dir='ltr'><strong>τοῦ</strong></span> <span class='ocrx_word' id='word_1_12' title='bbox 321 226 436 262; x_wconf 77' lang='grc' dir='ltr'>Πατρός.</span> <span class='ocrx_word' id='word_1_13' title='bbox 457 227 526 254; x_wconf 81' lang='grc' dir='ltr'><strong>Καθ’</strong></span> <span class='ocrx_word' id='word_1_14' title='bbox 542 228 556 254; x_wconf 83' lang='grc' dir='ltr'><strong>ὃ</strong></span> <span class='ocrx_word' id='word_1_15' title='bbox 577 228 623 255; x_wconf 77' lang='grc' dir='ltr'>καὶ</span> <span class='ocrx_word' id='word_1_16' title='bbox 639 228 748 263; x_wconf 77' lang='grc' dir='ltr'>λέγεται</span> 
     </span>
    </p>
   </div>
   <div class='ocr_carea' id='block_1_5' title="bbox 895 225 1641 265">
    <p class='ocr_par' dir='ltr' id='par_1_5' title="bbox 898 226 1641 265">
     <span class='ocr_line' id='line_1_5' title="bbox 898 226 1641 265; baseline -0.001 -10"><span class='ocrx_word' id='word_1_17' title='bbox 898 228 960 255; x_wconf 91' lang='lat' dir='ltr'><strong>dum</strong></span> <span class='ocrx_word' id='word_1_18' title='bbox 977 235 1072 256; x_wconf 85' lang='lat' dir='ltr'><strong>rursus</strong></span> <span class='ocrx_word' id='word_1_19' title='bbox 1087 228 1188 260; x_wconf 80' lang='lat' dir='ltr'><strong>omnia,</strong></span> <span class='ocrx_word' id='word_1_20' title='bbox 1203 234 1261 262; x_wconf 63' lang='lat' dir='ltr'><strong>quae</strong></span> <span class='ocrx_word' id='word_1_21' title='bbox 1272 227 1368 260; x_wconf 85' lang='lat' dir='ltr'><strong>Filius,</strong></span> <span class='ocrx_word' id='word_1_22' title='bbox 1384 226 1484 256; x_wconf 76' lang='lat' dir='ltr'><strong>Putris.</strong></span> <span class='ocrx_word' id='word_1_23' title='bbox 1499 227 1641 265; x_wconf 75' lang='lat' dir='ltr'><strong>Nihilergu</strong></span> 
     </span>
    </p>
   </div>
   <div class='ocr_carea' id='block_1_6' title="bbox 12 270 810 311">
    <p class='ocr_par' dir='ltr' id='par_1_6' title="bbox 12 270 810 311">
     <span class='ocr_line' id='line_1_6' title="bbox 12 270 810 311; baseline 0.008 -15"><span class='ocrx_word' id='word_1_24' title='bbox 12 271 45 296; x_wconf 87' lang='grc' dir='ltr'>τό</span> <span class='ocrx_word' id='word_1_25' title='bbox 58 280 66 286; x_wconf 91' lang='grc'><strong>·</strong></span> <span class='ocrx_word' id='word_1_26' title='bbox 89 270 165 305; x_wconf 74' lang='grc' dir='ltr'><strong>Ἐγὼ</strong></span> <span class='ocrx_word' id='word_1_27' title='bbox 177 271 213 301; x_wconf 81' lang='grc' dir='ltr'><strong>ζῶ</strong></span> <span class='ocrx_word' id='word_1_28' title='bbox 224 271 272 299; x_wconf 84' lang='grc' dir='ltr'><strong>διὰ</strong></span> <span class='ocrx_word' id='word_1_29' title='bbox 281 272 335 299; x_wconf 80' lang='grc' dir='ltr'><strong>τὸν</strong></span> <span class='ocrx_word' id='word_1_30' title='bbox 346 273 463 307; x_wconf 83' lang='grc' dir='ltr'><strong>Πατέρα</strong></span> <span class='ocrx_word' id='word_1_31' title='bbox 471 282 478 289; x_wconf 77' lang='grc' dir='ltr'><strong>ο</strong></span> <span class='ocrx_word' id='word_1_32' title='bbox 505 274 555 309; x_wconf 82' lang='grc' dir='ltr'><strong>οὐχ</strong></span> <span class='ocrx_word' id='word_1_33' title='bbox 570 274 608 305; x_wconf 87' lang='grc' dir='ltr'>ὡς</span> <span class='ocrx_word' id='word_1_34' title='bbox 621 274 725 301; x_wconf 75' lang='grc' dir='ltr'>ἐκεῖθεν</span> <span class='ocrx_word' id='word_1_35' title='bbox 735 275 810 311; x_wconf 83' lang='grc' dir='ltr'><strong>αὑτῷ</strong></span> 
     </span>
    </p>
   </div>
   <div class='ocr_carea' id='block_1_7' title="bbox 12 316 809 355">
    <p class='ocr_par' dir='ltr' id='par_1_7' title="bbox 12 316 809 355">
     <span class='ocr_line' id='line_1_7' title="bbox 12 316 809 355; baseline 0.008 -13"><span class='ocrx_word' id='word_1_36' title='bbox 12 316 63 343; x_wconf 87' lang='grc' dir='ltr'>τοῦ</span> <span class='ocrx_word' id='word_1_37' title='bbox 77 316 140 352; x_wconf 80' lang='grc' dir='ltr'><strong>ζῇν,</strong></span> <span class='ocrx_word' id='word_1_38' title='bbox 161 317 208 344; x_wconf 75' lang='grc' dir='ltr'>καὶ</span> <span class='ocrx_word' id='word_1_39' title='bbox 225 318 272 344; x_wconf 79' lang='grc' dir='ltr'><strong>τοῦ</strong></span> <span class='ocrx_word' id='word_1_40' title='bbox 290 316 359 345; x_wconf 72' lang='grc' dir='ltr'>εἶναι</span> <span class='ocrx_word' id='word_1_41' title='bbox 377 319 565 355; x_wconf 82' lang='grc' dir='ltr'>συνεχομένου,</span> <span class='ocrx_word' id='word_1_42' title='bbox 586 320 644 347; x_wconf 77' lang='grc' dir='ltr'>ἀλλ’</span> <span class='ocrx_word' id='word_1_43' title='bbox 656 320 694 352; x_wconf 85' lang='grc' dir='ltr'>ὡς</span> <span class='ocrx_word' id='word_1_44' title='bbox 705 321 809 348; x_wconf 76' lang='grc' dir='ltr'>ἐκεῖθεν</span> 
     </span>
    </p>
   </div>
   <div class='ocr_carea' id='block_1_8' title="bbox 12 363 808 400">
    <p class='ocr_par' dir='ltr' id='par_1_8' title="bbox 12 363 808 400">
     <span class='ocr_line' id='line_1_8' title="bbox 12 363 808 400; baseline 0.006 -11"><span class='ocrx_word' id='word_1_45' title='bbox 12 363 189 398; x_wconf 82' lang='grc' dir='ltr'>ὑπάρχοντος</span> <span class='ocrx_word' id='word_1_46' title='bbox 215 364 337 400; x_wconf 82' lang='grc' dir='ltr'>ἀχρόνως</span> <span class='ocrx_word' id='word_1_47' title='bbox 360 366 407 392; x_wconf 81' lang='grc' dir='ltr'><strong>καὶ</strong></span> <span class='ocrx_word' id='word_1_48' title='bbox 431 366 567 399; x_wconf 80' lang='grc' dir='ltr'><strong>ἀναιτίως.</strong></span> <span class='ocrx_word' id='word_1_49' title='bbox 594 367 691 394; x_wconf 79' lang='grc' dir='ltr'>Βλέπει</span> <span class='ocrx_word' id='word_1_50' title='bbox 713 367 741 394; x_wconf 81' lang='grc' dir='ltr'><strong>δὲ</strong></span> <span class='ocrx_word' id='word_1_51' title='bbox 763 367 808 394; x_wconf 74' lang='grc' dir='ltr'>τὸν</span> 
     </span>
    </p>
   </div>
   <div class='ocr_carea' id='block_1_9' title="bbox 12 410 808 449">
    <p class='ocr_par' dir='ltr' id='par_1_9' title="bbox 12 410 808 449">
     <span class='ocr_line' id='line_1_9' title="bbox 12 410 808 449; baseline 0.005 -13"><span class='ocrx_word' id='word_1_52' title='bbox 12 410 132 446; x_wconf 83' lang='grc' dir='ltr'>Πατέρα</span> <span class='ocrx_word' id='word_1_53' title='bbox 149 410 286 443; x_wconf 79' lang='grc' dir='ltr'>ποιοῦντα,</span> <span class='ocrx_word' id='word_1_54' title='bbox 306 412 372 444; x_wconf 76' lang='grc' dir='ltr'>πῶς,</span> <span class='ocrx_word' id='word_1_55' title='bbox 385 413 433 439; x_wconf 80' lang='grc' dir='ltr'><strong>καὶ</strong></span> <span class='ocrx_word' id='word_1_56' title='bbox 456 412 527 440; x_wconf 76' lang='grc' dir='ltr'>οὕτω</span> <span class='ocrx_word' id='word_1_57' title='bbox 549 415 634 446; x_wconf 71' lang='grc' dir='ltr'>ποιεῖς</span> <span class='ocrx_word' id='word_1_58' title='bbox 661 412 715 449; x_wconf 79' lang='grc' dir='ltr'><strong>ἆρα</strong></span> <span class='ocrx_word' id='word_1_59' title='bbox 734 413 772 445; x_wconf 83' lang='grc' dir='ltr'>ὡς</span> <span class='ocrx_word' id='word_1_60' title='bbox 783 414 808 440; x_wconf 82' lang='grc' dir='ltr'><strong>οἱ</strong></span> 
     </span>
    </p>
   </div>
   <div class='ocr_carea' id='block_1_10' title="bbox 11 454 807 494">
    <p class='ocr_par' dir='ltr' id='par_1_10' title="bbox 11 454 807 494">
     <span class='ocr_line' id='line_1_10' title="bbox 11 454 807 494; baseline 0.008 -14"><span class='ocrx_word' id='word_1_61' title='bbox 11 454 64 486; x_wconf 79' lang='grc' dir='ltr'><strong>τὰς</strong></span> <span class='ocrx_word' id='word_1_62' title='bbox 80 454 191 490; x_wconf 77' lang='grc' dir='ltr'>μορφὰς</span> <span class='ocrx_word' id='word_1_63' title='bbox 201 455 362 490; x_wconf 63' lang='grc' dir='ltr'>γράφοντες,</span> <span class='ocrx_word' id='word_1_64' title='bbox 378 457 473 484; x_wconf 76' lang='grc' dir='ltr'>καὶτὰ</span> <span class='ocrx_word' id='word_1_65' title='bbox 490 458 650 494; x_wconf 73' lang='grc' dir='ltr'>γράμματα,</span> <span class='ocrx_word' id='word_1_66' title='bbox 668 458 712 485; x_wconf 84' lang='grc' dir='ltr'><strong>διὰ</strong></span> <span class='ocrx_word' id='word_1_67' title='bbox 724 459 754 485; x_wconf 85' lang='grc' dir='ltr'>τὺ</span> <span class='ocrx_word' id='word_1_68' title='bbox 771 459 807 494; x_wconf 85' lang='grc' dir='ltr'><strong>μὴ</strong></span> 
     </span>
    </p>
   </div>
   <div class='ocr_carea' id='block_1_11' title="bbox 11 498 808 540">
    <p class='ocr_par' dir='ltr' id='par_1_11' title="bbox 11 498 808 540">
     <span class='ocr_line' id='line_1_11' title="bbox 11 498 808 540; baseline 0.005 -13"><span class='ocrx_word' id='word_1_69' title='bbox 11 498 87 528; x_wconf 74' lang='grc' dir='ltr'>εἴναι</span> <span class='ocrx_word' id='word_1_70' title='bbox 117 501 166 536; x_wconf 80' lang='grc' dir='ltr'><strong>τῆς</strong></span> <span class='ocrx_word' id='word_1_71' title='bbox 187 502 314 537; x_wconf 78' lang='grc' dir='ltr'><strong>ἀληθείας</strong></span> <span class='ocrx_word' id='word_1_72' title='bbox 336 503 422 535; x_wconf 80' lang='grc' dir='ltr'>ἄλλως</span> <span class='ocrx_word' id='word_1_73' title='bbox 448 504 596 538; x_wconf 76' lang='grc' dir='ltr'>ἐπιτυχεῖν,</span> <span class='ocrx_word' id='word_1_74' title='bbox 622 505 646 531; x_wconf 85' lang='grc' dir='ltr'>εί</span> <span class='ocrx_word' id='word_1_75' title='bbox 677 504 714 540; x_wconf 84' lang='grc' dir='ltr'><strong>μὴ</strong></span> <span class='ocrx_word' id='word_1_76' title='bbox 740 503 808 539; x_wconf 84' lang='grc' dir='ltr'>πρὸς</span> 
     </span>
    </p>
   </div>
   <div class='ocr_carea' id='block_1_12' title="bbox 12 546 808 584">
    <p class='ocr_par' dir='ltr' id='par_1_12' title="bbox 12 546 808 584">
     <span class='ocr_line' id='line_1_12' title="bbox 12 546 808 584; baseline 0.005 -12"><span class='ocrx_word' id='word_1_77' title='bbox 12 547 43 572; x_wconf 68' lang='grc' dir='ltr'>τὸ</span> <span class='ocrx_word' id='word_1_78' title='bbox 67 546 225 581; x_wconf 82' lang='grc' dir='ltr'>ἀρχέτυπον</span> <span class='ocrx_word' id='word_1_79' title='bbox 249 547 406 582; x_wconf 80' lang='grc' dir='ltr'><strong>βλέποντας,</strong></span> <span class='ocrx_word' id='word_1_80' title='bbox 432 549 559 576; x_wconf 81' lang='grc' dir='ltr'>κάκεῖθεν</span> <span class='ocrx_word' id='word_1_81' title='bbox 585 549 808 584; x_wconf 83' lang='grc' dir='ltr'><strong>χειραγωγουμέ-</strong></span> 
     </span>
    </p>
   </div>
   <div class='ocr_carea' id='block_1_13' title="bbox 11 590 803 625">
    <p class='ocr_par' dir='ltr' id='par_1_13' title="bbox 11 590 803 625">
     <span class='ocr_line' id='line_1_13' title="bbox 11 590 803 625; baseline 0.006 -11"><span class='ocrx_word' id='word_1_82' title='bbox 11 596 78 619; x_wconf 74' lang='grc' dir='ltr'>γους</span> <span class='ocrx_word' id='word_1_83' title='bbox 95 599 103 624; x_wconf 81' lang='grc'>;</span> <span class='ocrx_word' id='word_1_84' title='bbox 190 590 245 616; x_wconf 78' lang='grc' dir='ltr'>Καὶ</span> <span class='ocrx_word' id='word_1_85' title='bbox 259 590 316 620; x_wconf 82' lang='grc' dir='ltr'><strong>πῶς</strong></span> <span class='ocrx_word' id='word_1_86' title='bbox 334 591 350 625; x_wconf 83' lang='grc' dir='ltr'>ἡ</span> <span class='ocrx_word' id='word_1_87' title='bbox 373 591 456 625; x_wconf 86' lang='grc' dir='ltr'>Σοφία</span> <span class='ocrx_word' id='word_1_88' title='bbox 479 591 563 618; x_wconf 82' lang='grc' dir='ltr'>δεῖται</span> <span class='ocrx_word' id='word_1_89' title='bbox 576 592 621 618; x_wconf 85' lang='grc' dir='ltr'>τοῦ</span> <span class='ocrx_word' id='word_1_90' title='bbox 636 592 803 625; x_wconf 76' lang='grc' dir='ltr'>διδάξοντος;</span> 
     </span>
    </p>
   </div>
   <div class='ocr_carea' id='block_1_14' title="bbox 12 634 807 672">
    <p class='ocr_par' dir='ltr' id='par_1_14' title="bbox 12 634 807 672">
     <span class='ocr_line' id='line_1_14' title="bbox 12 634 807 672; baseline 0.009 -13"><span class='ocrx_word' id='word_1_91' title='bbox 12 634 29 668; x_wconf 76' lang='grc' dir='ltr'>ἢ</span> <span class='ocrx_word' id='word_1_92' title='bbox 44 634 77 660; x_wconf 81' lang='grc' dir='ltr'>οὐ</span> <span class='ocrx_word' id='word_1_93' title='bbox 90 635 200 666; x_wconf 85' lang='grc' dir='ltr'>ποιήσει</span> <span class='ocrx_word' id='word_1_94' title='bbox 213 643 239 661; x_wconf 83' lang='grc' dir='ltr'><strong>τι</strong></span> <span class='ocrx_word' id='word_1_95' title='bbox 257 641 294 670; x_wconf 83' lang='grc' dir='ltr'><strong>μη</strong></span> <span class='ocrx_word' id='word_1_96' title='bbox 310 635 503 672; x_wconf 57' lang='lat' dir='ltr'><strong>smmum;</strong></span> <span class='ocrx_word' id='word_1_97' title='bbox 519 637 593 665; x_wconf 84' lang='grc' dir='ltr'>[Ιοιεῖ</span> <span class='ocrx_word' id='word_1_98' title='bbox 605 638 633 665; x_wconf 79' lang='grc' dir='ltr'><strong>δὲ</strong></span> <span class='ocrx_word' id='word_1_99' title='bbox 649 639 708 670; x_wconf 83' lang='grc' dir='ltr'>πῶς</span> <span class='ocrx_word' id='word_1_100' title='bbox 721 639 735 665; x_wconf 81' lang='grc' dir='ltr'><strong>ὁ</strong></span> <span class='ocrx_word' id='word_1_101' title='bbox 751 639 807 665; x_wconf 85' lang='grc' dir='ltr'><strong>Πα-</strong></span> 
     </span>
    </p>
   </div>
   <div class='ocr_carea' id='block_1_15' title="bbox 11 680 807 721">
    <p class='ocr_par' dir='ltr' id='par_1_15' title="bbox 11 680 807 721">
     <span class='ocr_line' id='line_1_15' title="bbox 11 680 807 721; baseline 0.008 -15"><span class='ocrx_word' id='word_1_102' title='bbox 11 681 79 715; x_wconf 70' lang='grc' dir='ltr'>τὴρ,</span> <span class='ocrx_word' id='word_1_103' title='bbox 94 681 112 715; x_wconf 76' lang='grc' dir='ltr'>ἦ</span> <span class='ocrx_word' id='word_1_104' title='bbox 131 681 295 716; x_wconf 75' lang='grc' dir='ltr'>πεποίηκενς</span> <span class='ocrx_word' id='word_1_105' title='bbox 312 680 384 721; x_wconf 70' lang='grc' dir='ltr'><strong>Ἆρα</strong></span> <span class='ocrx_word' id='word_1_106' title='bbox 399 683 476 710; x_wconf 77' lang='grc' dir='ltr'>ἄλλον</span> <span class='ocrx_word' id='word_1_107' title='bbox 496 685 686 720; x_wconf 71' lang='grc' dir='ltr'>προῦπέστησε</span> <span class='ocrx_word' id='word_1_108' title='bbox 705 685 807 721; x_wconf 82' lang='grc' dir='ltr'><strong>κόσμον</strong></span> 
     </span>
    </p>
   </div>
   <div class='ocr_carea' id='block_1_16' title="bbox 11 726 808 766">
    <p class='ocr_par' dir='ltr' id='par_1_16' title="bbox 11 726 808 766">
     <span class='ocr_line' id='line_1_16' title="bbox 11 726 808 766; baseline 0.009 -15"><span class='ocrx_word' id='word_1_109' title='bbox 11 726 76 752; x_wconf 77' lang='grc' dir='ltr'>ἀντὶ</span> <span class='ocrx_word' id='word_1_110' title='bbox 88 726 140 752; x_wconf 86' lang='grc' dir='ltr'><strong>τοῦ</strong></span> <span class='ocrx_word' id='word_1_111' title='bbox 153 728 296 762; x_wconf 77' lang='grc' dir='ltr'>παρόντος,</span> <span class='ocrx_word' id='word_1_112' title='bbox 319 726 366 754; x_wconf 67' lang='grc' dir='ltr'>καὶ</span> <span class='ocrx_word' id='word_1_113' title='bbox 383 729 529 765; x_wconf 82' lang='grc' dir='ltr'>ὑποστήσει</span> <span class='ocrx_word' id='word_1_114' title='bbox 541 730 586 757; x_wconf 78' lang='grc' dir='ltr'>τὸν</span> <span class='ocrx_word' id='word_1_115' title='bbox 605 731 744 766; x_wconf 79' lang='grc' dir='ltr'>μέλλοντα,</span> <span class='ocrx_word' id='word_1_116' title='bbox 760 731 808 758; x_wconf 75' lang='grc' dir='ltr'><strong>καὶ</strong></span> 
     </span>
    </p>
   </div>
   <div class='ocr_carea' id='block_1_17' title="bbox 12 771 806 812">
    <p class='ocr_par' dir='ltr' id='par_1_17' title="bbox 12 771 806 812">
     <span class='ocr_line' id='line_1_17' title="bbox 12 771 806 812; baseline 0.009 -15"><span class='ocrx_word' id='word_1_117' title='bbox 12 771 85 805; x_wconf 75' lang='grc' dir='ltr'>πρὸς</span> <span class='ocrx_word' id='word_1_118' title='bbox 106 772 199 798; x_wconf 76' lang='grc' dir='ltr'>ἐκεῖνα</span> <span class='ocrx_word' id='word_1_119' title='bbox 218 772 324 807; x_wconf 78' lang='grc' dir='ltr'><strong>βλέπων</strong></span> <span class='ocrx_word' id='word_1_120' title='bbox 336 774 350 800; x_wconf 83' lang='grc' dir='ltr'>ὁ</span> <span class='ocrx_word' id='word_1_121' title='bbox 371 774 445 806; x_wconf 79' lang='grc' dir='ltr'>Υἱὸς,</span> <span class='ocrx_word' id='word_1_122' title='bbox 469 775 514 801; x_wconf 84' lang='grc' dir='ltr'><strong>τὸν</strong></span> <span class='ocrx_word' id='word_1_123' title='bbox 538 776 588 811; x_wconf 78' lang='grc' dir='ltr'>μὲν</span> <span class='ocrx_word' id='word_1_124' title='bbox 603 777 750 812; x_wconf 79' lang='grc' dir='ltr'>ὑπέστησε,</span> <span class='ocrx_word' id='word_1_125' title='bbox 761 777 806 804; x_wconf 80' lang='grc' dir='ltr'>τὸν</span> 
     </span>
    </p>
   </div>
   <div class='ocr_carea' id='block_1_18' title="bbox 10 816 806 856">
    <p class='ocr_par' dir='ltr' id='par_1_18' title="bbox 10 816 806 856">
     <span class='ocr_line' id='line_1_18' title="bbox 10 816 806 856; baseline 0.009 -14"><span class='ocrx_word' id='word_1_126' title='bbox 10 816 39 842; x_wconf 80' lang='grc' dir='ltr'><strong>δὲ</strong></span> <span class='ocrx_word' id='word_1_127' title='bbox 59 817 230 852; x_wconf 82' lang='grc' dir='ltr'>ὐποστήσει;</span> <span class='ocrx_word' id='word_1_128' title='bbox 247 819 383 854; x_wconf 80' lang='grc' dir='ltr'>Τέσσαρες</span> <span class='ocrx_word' id='word_1_129' title='bbox 403 818 449 846; x_wconf 74' lang='grc' dir='ltr'>οὖν</span> <span class='ocrx_word' id='word_1_130' title='bbox 475 821 573 856; x_wconf 79' lang='grc' dir='ltr'>κόσμοι</span> <span class='ocrx_word' id='word_1_131' title='bbox 669 822 740 849; x_wconf 80' lang='grc' dir='ltr'>κατὰ</span> <span class='ocrx_word' id='word_1_132' title='bbox 760 822 806 848; x_wconf 82' lang='grc' dir='ltr'>τὸν</span> 
     </span>
    </p>
   </div>
   <div class='ocr_carea' id='block_1_19' title="bbox 851 274 1641 310">
    <p class='ocr_par' dir='ltr' id='par_1_19' title="bbox 851 274 1641 310">
     <span class='ocr_line' id='line_1_19' title="bbox 851 274 1641 310; baseline 0.001 -9"><span class='ocrx_word' id='word_1_133' title='bbox 851 274 996 309; x_wconf 82' lang='lat' dir='ltr'><strong>peculiare,</strong></span> <span class='ocrx_word' id='word_1_134' title='bbox 1012 275 1074 309; x_wconf 89' lang='lat' dir='ltr'><strong>quia</strong></span> <span class='ocrx_word' id='word_1_135' title='bbox 1103 274 1257 302; x_wconf 88' lang='lat' dir='ltr'><strong>communia</strong></span> <span class='ocrx_word' id='word_1_136' title='bbox 1285 275 1396 306; x_wconf 86' lang='lat' dir='ltr'><strong>omnia,</strong></span> <span class='ocrx_word' id='word_1_137' title='bbox 1423 275 1641 310; x_wconf 72' lang='lat' dir='ltr'><strong>quandoquidem</strong></span> 
     </span>
    </p>
   </div>
   <div class='ocr_carea' id='block_1_20' title="bbox 852 321 1642 356">
    <p class='ocr_par' dir='ltr' id='par_1_20' title="bbox 852 321 1642 356">
     <span class='ocr_line' id='line_1_20' title="bbox 852 321 1642 356; baseline 0 -8"><span class='ocrx_word' id='word_1_138' title='bbox 852 321 941 356; x_wconf 90' lang='lat' dir='ltr'><strong>ipsum</strong></span> <span class='ocrx_word' id='word_1_139' title='bbox 955 328 1063 356; x_wconf 86' lang='lat' dir='ltr'><strong>quoque</strong></span> <span class='ocrx_word' id='word_1_140' title='bbox 1074 328 1145 353; x_wconf 83' lang='lat' dir='ltr'><strong>esse.</strong></span> <span class='ocrx_word' id='word_1_141' title='bbox 1161 328 1304 348; x_wconf 88' lang='lat' dir='ltr'><strong>commune</strong></span> <span class='ocrx_word' id='word_1_142' title='bbox 1324 325 1405 354; x_wconf 84' lang='lat' dir='ltr'><strong>atque</strong></span> <span class='ocrx_word' id='word_1_143' title='bbox 1419 321 1523 355; x_wconf 70' lang='lat' dir='ltr'><strong>aequale</strong></span> <span class='ocrx_word' id='word_1_144' title='bbox 1535 327 1574 348; x_wconf 86' lang='lat' dir='ltr'><strong>est</strong></span> <span class='ocrx_word' id='word_1_145' title='bbox 1591 321 1642 356; x_wconf 88' lang='lat' dir='ltr'><strong>ipsi</strong></span> 
     </span>
    </p>
   </div>
   <div class='ocr_carea' id='block_1_21' title="bbox 852 366 1642 402">
    <p class='ocr_par' dir='ltr' id='par_1_21' title="bbox 852 366 1642 402">
     <span class='ocr_line' id='line_1_21' title="bbox 852 366 1642 402; baseline -0.001 -7"><span class='ocrx_word' id='word_1_146' title='bbox 852 375 913 395; x_wconf 86' lang='lat' dir='ltr'><strong>cum</strong></span> <span class='ocrx_word' id='word_1_147' title='bbox 931 367 1022 399; x_wconf 87' lang='lat' dir='ltr'><strong>Patre,</strong></span> <span class='ocrx_word' id='word_1_148' title='bbox 1043 368 1105 394; x_wconf 87' lang='lat' dir='ltr'><strong>licet</strong></span> <span class='ocrx_word' id='word_1_149' title='bbox 1120 367 1220 402; x_wconf 82' lang='lat' dir='ltr'><strong>alioqui</strong></span> <span class='ocrx_word' id='word_1_150' title='bbox 1240 367 1290 394; x_wconf 84' lang='lat' dir='ltr'><strong>hoc</strong></span> <span class='ocrx_word' id='word_1_151' title='bbox 1309 374 1322 392; x_wconf 78' lang='grc' dir='ltr'><strong>ιι</strong></span> <span class='ocrx_word' id='word_1_152' title='bbox 1342 367 1421 393; x_wconf 92' lang='lat' dir='ltr'><strong>Patre</strong></span> <span class='ocrx_word' id='word_1_153' title='bbox 1440 366 1523 393; x_wconf 72' lang='lat' dir='ltr'><strong>Filius</strong></span> <span class='ocrx_word' id='word_1_154' title='bbox 1533 367 1642 394; x_wconf 69' lang='lat' dir='ltr'><strong>haheat.</strong></span> 
     </span>
    </p>
   </div>
   <div class='ocr_carea' id='block_1_22' title="bbox 853 407 1644 448">
    <p class='ocr_par' dir='ltr' id='par_1_22' title="bbox 853 407 1644 448">
     <span class='ocr_line' id='line_1_22' title="bbox 853 407 1644 448; baseline 0 -8"><span class='ocrx_word' id='word_1_155' title='bbox 853 414 912 447; x_wconf 85' lang='lat' dir='ltr'><strong>Quo</strong></span> <span class='ocrx_word' id='word_1_156' title='bbox 924 407 1006 442; x_wconf 84' lang='lat' dir='ltr'><strong>etiam</strong></span> <span class='ocrx_word' id='word_1_157' title='bbox 1021 422 1101 442; x_wconf 87' lang='lat' dir='ltr'><strong>sensu</strong></span> <span class='ocrx_word' id='word_1_158' title='bbox 1117 414 1218 440; x_wconf 86' lang='lat' dir='ltr'><strong>dictum</strong></span> <span class='ocrx_word' id='word_1_159' title='bbox 1234 417 1288 440; x_wconf 80' lang='lat' dir='ltr'><strong>est:</strong></span> <span class='ocrx_word' id='word_1_160' title='bbox 1309 413 1362 448; x_wconf 77' lang='lat' dir='ltr'><strong>Ego</strong></span> <span class='ocrx_word' id='word_1_161' title='bbox 1388 413 1442 439; x_wconf 75' lang='lat' dir='ltr'><strong>viro</strong></span> <span class='ocrx_word' id='word_1_162' title='bbox 1460 418 1567 447; x_wconf 76' lang='lat' dir='ltr'><strong>propter</strong></span> <span class='ocrx_word' id='word_1_163' title='bbox 1588 413 1644 440; x_wconf 81' lang='grc' dir='ltr'><strong>[ἀ-</strong></span> 
     </span>
    </p>
   </div>
   <div class='ocr_carea' id='block_1_23' title="bbox 854 459 1642 495">
    <p class='ocr_par' dir='ltr' id='par_1_23' title="bbox 854 459 1642 495">
     <span class='ocr_line' id='line_1_23' title="bbox 854 459 1642 495; baseline -0.003 -8"><span class='ocrx_word' id='word_1_164' title='bbox 854 465 919 487; x_wconf 83' lang='lat' dir='ltr'><strong>trem</strong></span> <span class='ocrx_word' id='word_1_165' title='bbox 949 461 1035 493; x_wconf 79' lang='lat' dir='ltr'><strong>‘;non</strong></span> <span class='ocrx_word' id='word_1_166' title='bbox 1051 459 1121 495; x_wconf 88' lang='lat' dir='ltr'><strong>quod</strong></span> <span class='ocrx_word' id='word_1_167' title='bbox 1139 460 1172 485; x_wconf 87' lang='lat' dir='ltr'><strong>ab</strong></span> <span class='ocrx_word' id='word_1_168' title='bbox 1189 459 1232 486; x_wconf 85' lang='lat' dir='ltr'><strong>illo</strong></span> <span class='ocrx_word' id='word_1_169' title='bbox 1244 459 1328 493; x_wconf 86' lang='lat' dir='ltr'><strong>ipsius</strong></span> <span class='ocrx_word' id='word_1_170' title='bbox 1357 460 1411 486; x_wconf 80' lang='lat' dir='ltr'><strong>vita</strong></span> <span class='ocrx_word' id='word_1_171' title='bbox 1431 465 1512 493; x_wconf 85' lang='lat' dir='ltr'><strong>atque</strong></span> <span class='ocrx_word' id='word_1_172' title='bbox 1524 459 1642 485; x_wconf 67' lang='lat' dir='ltr'><strong>esst-mia</strong></span> 
     </span>
    </p>
   </div>
   <div class='ocr_carea' id='block_1_24' title="bbox 853 503 1643 539">
    <p class='ocr_par' dir='ltr' id='par_1_24' title="bbox 853 503 1643 539">
     <span class='ocr_line' id='line_1_24' title="bbox 853 503 1643 539; baseline -0.003 -7"><span class='ocrx_word' id='word_1_173' title='bbox 853 506 1029 537; x_wconf 83' lang='lat' dir='ltr'><strong>sustineatur,</strong></span> <span class='ocrx_word' id='word_1_174' title='bbox 1047 513 1139 533; x_wconf 77' lang='lat' dir='ltr'><strong>verum</strong></span> <span class='ocrx_word' id='word_1_175' title='bbox 1154 503 1224 539; x_wconf 75' lang='lat' dir='ltr'><strong>quo&#39;d</strong></span> <span class='ocrx_word' id='word_1_176' title='bbox 1240 513 1272 532; x_wconf 85' lang='lat' dir='ltr'><strong>ex</strong></span> <span class='ocrx_word' id='word_1_177' title='bbox 1290 505 1334 532; x_wconf 86' lang='lat' dir='ltr'><strong>illo</strong></span> <span class='ocrx_word' id='word_1_178' title='bbox 1346 506 1412 531; x_wconf 73' lang='lat' dir='ltr'><strong>citra</strong></span> <span class='ocrx_word' id='word_1_179' title='bbox 1437 510 1542 537; x_wconf 68' lang='lat' dir='ltr'><strong>tempus</strong></span> <span class='ocrx_word' id='word_1_180' title='bbox 1560 504 1643 531; x_wconf 91' lang='lat' dir='ltr'><strong>ullutn</strong></span> 
     </span>
    </p>
   </div>
   <div class='ocr_carea' id='block_1_25' title="bbox 853 549 1645 585">
    <p class='ocr_par' dir='ltr' id='par_1_25' title="bbox 853 549 1645 585">
     <span class='ocr_line' id='line_1_25' title="bbox 853 549 1645 585; baseline -0.004 -7"><span class='ocrx_word' id='word_1_181' title='bbox 853 556 933 585; x_wconf 88' lang='lat' dir='ltr'><strong>atque</strong></span> <span class='ocrx_word' id='word_1_182' title='bbox 948 558 1059 578; x_wconf 82' lang='lat' dir='ltr'><strong>causam</strong></span> <span class='ocrx_word' id='word_1_183' title='bbox 1090 551 1214 578; x_wconf 73' lang='lat' dir='ltr'><strong>exsistat.</strong></span> <span class='ocrx_word' id='word_1_184' title='bbox 1246 550 1298 578; x_wconf 86' lang='lat' dir='ltr'><strong>Sed</strong></span> <span class='ocrx_word' id='word_1_185' title='bbox 1315 550 1449 585; x_wconf 88' lang='lat' dir='ltr'><strong>quomodo</strong></span> <span class='ocrx_word' id='word_1_186' title='bbox 1480 549 1542 576; x_wconf 88' lang='lat' dir='ltr'><strong>illud</strong></span> <span class='ocrx_word' id='word_1_187' title='bbox 1571 549 1645 576; x_wconf 86' lang='lat' dir='ltr'><strong>acci-</strong></span> 
     </span>
    </p>
   </div>
   <div class='ocr_carea' id='block_1_26' title="bbox 856 591 1641 629">
    <p class='ocr_par' dir='ltr' id='par_1_26' title="bbox 856 591 1641 629">
     <span class='ocr_line' id='line_1_26' title="bbox 856 591 1641 629; baseline -0.004 -9"><span class='ocrx_word' id='word_1_188' title='bbox 856 594 1003 628; x_wconf 89' lang='lat' dir='ltr'><strong>piendum,</strong></span> <span class='ocrx_word' id='word_1_189' title='bbox 1023 593 1094 629; x_wconf 80' lang='lat' dir='ltr'><strong>quod</strong></span> <span class='ocrx_word' id='word_1_190' title='bbox 1120 593 1227 620; x_wconf 85' lang='lat' dir='ltr'><strong>Patrem</strong></span> <span class='ocrx_word' id='word_1_191' title='bbox 1256 592 1397 618; x_wconf 78' lang='lat' dir='ltr'><strong>facientem</strong></span> <span class='ocrx_word' id='word_1_192' title='bbox 1417 592 1508 618; x_wconf 85' lang='lat' dir='ltr'><strong>videre</strong></span> <span class='ocrx_word' id='word_1_193' title='bbox 1532 591 1641 623; x_wconf 86' lang='lat' dir='ltr'><strong>dicitur,</strong></span> 
     </span>
    </p>
   </div>
   <div class='ocr_carea' id='block_1_27' title="bbox 856 637 1641 675">
    <p class='ocr_par' dir='ltr' id='par_1_27' title="bbox 856 637 1641 675">
     <span class='ocr_line' id='line_1_27' title="bbox 856 637 1641 675; baseline -0.003 -9"><span class='ocrx_word' id='word_1_194' title='bbox 856 644 936 675; x_wconf 85' lang='lat' dir='ltr'><strong>atque</strong></span> <span class='ocrx_word' id='word_1_195' title='bbox 966 641 1002 668; x_wconf 87' lang='lat' dir='ltr'><strong>ita</strong></span> <span class='ocrx_word' id='word_1_196' title='bbox 1030 640 1120 668; x_wconf 81' lang='lat' dir='ltr'><strong>facere</strong></span> <span class='ocrx_word' id='word_1_197' title='bbox 1144 638 1176 664; x_wconf 65' lang='grc' dir='ltr'><strong>’ἲ</strong></span> <span class='ocrx_word' id='word_1_198' title='bbox 1199 646 1233 665; x_wconf 86' lang='lat' dir='ltr'><strong>an</strong></span> <span class='ocrx_word' id='word_1_199' title='bbox 1263 638 1349 672; x_wconf 83' lang='lat' dir='ltr'><strong>utqui</strong></span> <span class='ocrx_word' id='word_1_200' title='bbox 1367 637 1466 664; x_wconf 79' lang='lat' dir='ltr'><strong>formas</strong></span> <span class='ocrx_word' id='word_1_201' title='bbox 1490 645 1522 664; x_wconf 87' lang='lat' dir='ltr'><strong>ac</strong></span> <span class='ocrx_word' id='word_1_202' title='bbox 1537 637 1641 664; x_wconf 80' lang='lat' dir='ltr'><strong>litteras</strong></span> 
     </span>
    </p>
   </div>
   <div class='ocr_carea' id='block_1_28' title="bbox 856 683 1639 720">
    <p class='ocr_par' dir='ltr' id='par_1_28' title="bbox 856 683 1639 720">
     <span class='ocr_line' id='line_1_28' title="bbox 856 683 1639 720; baseline -0.005 -8"><span class='ocrx_word' id='word_1_203' title='bbox 856 686 980 720; x_wconf 82' lang='lat' dir='ltr'><strong>pingunt,</strong></span> <span class='ocrx_word' id='word_1_204' title='bbox 1000 692 1032 713; x_wconf 90' lang='lat' dir='ltr'><strong>eo</strong></span> <span class='ocrx_word' id='word_1_205' title='bbox 1046 685 1116 720; x_wconf 88' lang='lat' dir='ltr'><strong>qttod</strong></span> <span class='ocrx_word' id='word_1_206' title='bbox 1127 684 1266 711; x_wconf 89' lang='lat' dir='ltr'><strong>veritatem</strong></span> <span class='ocrx_word' id='word_1_207' title='bbox 1278 683 1357 710; x_wconf 86' lang='lat' dir='ltr'><strong>aliter</strong></span> <span class='ocrx_word' id='word_1_208' title='bbox 1371 683 1479 718; x_wconf 88' lang='lat' dir='ltr'><strong>assequi</strong></span> <span class='ocrx_word' id='word_1_209' title='bbox 1495 687 1639 717; x_wconf 80' lang='lat' dir='ltr'><strong>nequeant,</strong></span> 
     </span>
    </p>
   </div>
   <div class='ocr_carea' id='block_1_29' title="bbox 857 727 1642 765">
    <p class='ocr_par' dir='ltr' id='par_1_29' title="bbox 857 727 1642 765">
     <span class='ocr_line' id='line_1_29' title="bbox 857 727 1642 765; baseline -0.006 -7"><span class='ocrx_word' id='word_1_210' title='bbox 857 731 908 758; x_wconf 86' lang='lat' dir='ltr'><strong>nisi</strong></span> <span class='ocrx_word' id='word_1_211' title='bbox 933 730 1073 765; x_wconf 76' lang='lat' dir='ltr'><strong>exemplar</strong></span> <span class='ocrx_word' id='word_1_212' title='bbox 1097 737 1174 756; x_wconf 89' lang='lat' dir='ltr'><strong>suum</strong></span> <span class='ocrx_word' id='word_1_213' title='bbox 1201 730 1366 760; x_wconf 75' lang='lat' dir='ltr'><strong>intueantur,</strong></span> <span class='ocrx_word' id='word_1_214' title='bbox 1382 733 1462 762; x_wconf 88' lang='lat' dir='ltr'><strong>atque</strong></span> <span class='ocrx_word' id='word_1_215' title='bbox 1485 727 1545 754; x_wconf 88' lang='lat' dir='ltr'><strong>inde</strong></span> <span class='ocrx_word' id='word_1_216' title='bbox 1569 728 1642 754; x_wconf 81' lang='lat' dir='ltr'><strong>velut.</strong></span> 
     </span>
    </p>
   </div>
   <div class='ocr_carea' id='block_1_30' title="bbox 856 772 1641 808">
    <p class='ocr_par' dir='ltr' id='par_1_30' title="bbox 856 772 1641 808">
     <span class='ocr_line' id='line_1_30' title="bbox 856 772 1641 808; baseline -0.008 -5"><span class='ocrx_word' id='word_1_217' title='bbox 856 784 936 803; x_wconf 91' lang='lat' dir='ltr'><strong>manu</strong></span> <span class='ocrx_word' id='word_1_218' title='bbox 949 775 1101 803; x_wconf 87' lang='lat' dir='ltr'><strong>ducantur?</strong></span> <span class='ocrx_word' id='word_1_219' title='bbox 1116 775 1165 808; x_wconf 86' lang='lat' dir='ltr'><strong>Qui</strong></span> <span class='ocrx_word' id='word_1_220' title='bbox 1179 782 1243 802; x_wconf 83' lang='lat' dir='ltr'><strong>vero</strong></span> <span class='ocrx_word' id='word_1_221' title='bbox 1253 774 1378 808; x_wconf 87' lang='lat' dir='ltr'><strong>quadrat,</strong></span> <span class='ocrx_word' id='word_1_222' title='bbox 1395 777 1423 799; x_wconf 91' lang='lat' dir='ltr'><strong>nt</strong></span> <span class='ocrx_word' id='word_1_223' title='bbox 1436 772 1573 807; x_wconf 74' lang='lat' dir='ltr'><strong>Sapientia</strong></span> <span class='ocrx_word' id='word_1_224' title='bbox 1584 779 1641 798; x_wconf 82' lang='lat' dir='ltr'><strong>ma-</strong></span> 
     </span>
    </p>
   </div>
   <div class='ocr_carea' id='block_1_31' title="bbox 855 818 1641 856">
    <p class='ocr_par' dir='ltr' id='par_1_31' title="bbox 855 818 1641 856">
     <span class='ocr_line' id='line_1_31' title="bbox 855 818 1641 856; baseline -0.008 -7"><span class='ocrx_word' id='word_1_225' title='bbox 855 821 939 856; x_wconf 81' lang='lat' dir='ltr'><strong>gistro</strong></span> <span class='ocrx_word' id='word_1_226' title='bbox 961 828 1027 855; x_wconf 87' lang='lat' dir='ltr'><strong>opus</strong></span> <span class='ocrx_word' id='word_1_227' title='bbox 1053 821 1169 848; x_wconf 78' lang='lat' dir='ltr'><strong>habent?</strong></span> <span class='ocrx_word' id='word_1_228' title='bbox 1205 820 1306 847; x_wconf 84' lang='lat' dir='ltr'><strong>nihilne</strong></span> <span class='ocrx_word' id='word_1_229' title='bbox 1329 818 1436 851; x_wconf 84' lang='lat' dir='ltr'><strong>eiliciet,</strong></span> <span class='ocrx_word' id='word_1_230' title='bbox 1460 818 1512 845; x_wconf 87' lang='lat' dir='ltr'><strong>nisi</strong></span> <span class='ocrx_word' id='word_1_231' title='bbox 1526 818 1641 844; x_wconf 81' lang='lat' dir='ltr'><strong>edocta‘!</strong></span> 
     </span>
    </p>
   </div>
   <div class='ocr_carea' id='block_1_32' title="bbox 11 861 757 913">
    <p class='ocr_par' dir='ltr' id='par_1_32' title="bbox 11 863 757 902">
     <span class='ocr_line' id='line_1_32' title="bbox 11 863 757 902; baseline 0.008 -14"><span class='ocrx_word' id='word_1_232' title='bbox 11 863 95 896; x_wconf 76' lang='grc' dir='ltr'>λόγον</span> <span class='ocrx_word' id='word_1_233' title='bbox 110 863 216 895; x_wconf 78' lang='grc' dir='ltr'>τοῦτον,</span> <span class='ocrx_word' id='word_1_234' title='bbox 235 865 260 891; x_wconf 87' lang='grc' dir='ltr'>οἱ</span> <span class='ocrx_word' id='word_1_235' title='bbox 279 865 328 900; x_wconf 81' lang='grc' dir='ltr'><strong>μὲν</strong></span> <span class='ocrx_word' id='word_1_236' title='bbox 350 866 465 901; x_wconf 80' lang='grc' dir='ltr'><strong>Πατρὸς,</strong></span> <span class='ocrx_word' id='word_1_237' title='bbox 484 867 508 892; x_wconf 81' lang='grc' dir='ltr'>οἱ</span> <span class='ocrx_word' id='word_1_238' title='bbox 529 867 557 893; x_wconf 78' lang='grc' dir='ltr'><strong>δὲ</strong></span> <span class='ocrx_word' id='word_1_239' title='bbox 575 867 640 893; x_wconf 81' lang='grc' dir='ltr'>Υζοῦ</span> <span class='ocrx_word' id='word_1_240' title='bbox 655 869 757 902; x_wconf 80' lang='grc' dir='ltr'>ποιήμα</span> 
     </span>
    </p>
   </div>
   <div class='ocr_carea' id='block_1_33' title="bbox 889 861 1635 913">
    <p class='ocr_par' dir='ltr' id='par_1_33' title="bbox 889 861 1635 901">
     <span class='ocr_line' id='line_1_33' title="bbox 889 861 1635 901; baseline -0.009 -8"><span class='ocrx_word' id='word_1_241' title='bbox 889 865 1078 901; x_wconf 70' lang='grc' dir='ltr'><strong>ιίιΙ,ξΡειιειήο</strong></span> <span class='ocrx_word' id='word_1_242' title='bbox 1112 864 1214 899; x_wconf 86' lang='lat' dir='ltr'><strong>aliquid</strong></span> <span class='ocrx_word' id='word_1_243' title='bbox 1246 864 1321 896; x_wconf 83' lang='lat' dir='ltr'><strong>facit,</strong></span> <span class='ocrx_word' id='word_1_244' title='bbox 1359 867 1405 890; x_wconf 83' lang='lat' dir='ltr'><strong>aut</strong></span> <span class='ocrx_word' id='word_1_245' title='bbox 1425 862 1509 890; x_wconf 77' lang='lat' dir='ltr'><strong>fecit?</strong></span> <span class='ocrx_word' id='word_1_246' title='bbox 1543 861 1635 890; x_wconf 82' lang='lat' dir='ltr'><strong>Utrum</strong></span> 
     </span>
    </p>
   </div>
   <div class='ocr_carea' id='block_1_34' title="bbox 11 909 805 947">
    <p class='ocr_par' dir='ltr' id='par_1_34' title="bbox 11 909 805 947">
     <span class='ocr_line' id='line_1_34' title="bbox 11 909 805 947; baseline 0.006 -13"><span class='ocrx_word' id='word_1_247' title='bbox 11 909 46 934; x_wconf 86' lang='grc' dir='ltr'><strong><em>Ὠ</em></strong></span> <span class='ocrx_word' id='word_1_248' title='bbox 60 909 114 943; x_wconf 82' lang='grc' dir='ltr'>τῆς</span> <span class='ocrx_word' id='word_1_249' title='bbox 133 909 263 943; x_wconf 80' lang='grc' dir='ltr'>ἀλογίαςί</span> <span class='ocrx_word' id='word_1_250' title='bbox 357 910 492 946; x_wconf 81' lang='grc' dir='ltr'>Καθαίρει</span> <span class='ocrx_word' id='word_1_251' title='bbox 512 912 540 938; x_wconf 79' lang='grc' dir='ltr'><strong>δὲ</strong></span> <span class='ocrx_word' id='word_1_252' title='bbox 554 911 667 947; x_wconf 77' lang='grc' dir='ltr'>λέπρας,</span> <span class='ocrx_word' id='word_1_253' title='bbox 684 913 731 939; x_wconf 71' lang='grc' dir='ltr'><strong>καὶ</strong></span> <span class='ocrx_word' id='word_1_254' title='bbox 747 913 805 940; x_wconf 85' lang='grc' dir='ltr'>δαι-</span> 
     </span>
    </p>
   </div>
   <div class='ocr_carea' id='block_1_35' title="bbox 11 954 806 989">
    <p class='ocr_par' dir='ltr' id='par_1_35' title="bbox 11 954 806 989">
     <span class='ocr_line' id='line_1_35' title="bbox 11 954 806 989; baseline 0.005 -9"><span class='ocrx_word' id='word_1_255' title='bbox 11 954 118 989; x_wconf 74' lang='grc' dir='ltr'>μόνων,</span> <span class='ocrx_word' id='word_1_256' title='bbox 134 955 182 981; x_wconf 74' lang='grc' dir='ltr'><strong>καὶ</strong></span> <span class='ocrx_word' id='word_1_257' title='bbox 198 955 282 981; x_wconf 81' lang='grc' dir='ltr'>νόσων</span> <span class='ocrx_word' id='word_1_258' title='bbox 294 955 458 984; x_wconf 78' lang='grc' dir='ltr'><strong>ἀπαλλάττει</strong></span> <span class='ocrx_word' id='word_1_259' title='bbox 479 974 488 985; x_wconf 86' lang='grc'><em>,</em></span> <span class='ocrx_word' id='word_1_260' title='bbox 559 957 605 983; x_wconf 76' lang='grc' dir='ltr'><strong>καὶ</strong></span> <span class='ocrx_word' id='word_1_261' title='bbox 621 957 748 988; x_wconf 82' lang='grc' dir='ltr'>ζωοποιεῖ</span> <span class='ocrx_word' id='word_1_262' title='bbox 761 966 806 984; x_wconf 84' lang='grc' dir='ltr'>νε-</span> 
     </span>
    </p>
   </div>
   <div class='ocr_carea' id='block_1_36' title="bbox 9 999 807 1036">
    <p class='ocr_par' dir='ltr' id='par_1_36' title="bbox 9 999 807 1036">
     <span class='ocr_line' id='line_1_36' title="bbox 9 999 807 1036; baseline 0.006 -12"><span class='ocrx_word' id='word_1_263' title='bbox 9 999 112 1034; x_wconf 74' lang='grc' dir='ltr'>κροὺς,</span> <span class='ocrx_word' id='word_1_264' title='bbox 142 999 190 1025; x_wconf 70' lang='grc' dir='ltr'><strong>καὶ</strong></span> <span class='ocrx_word' id='word_1_265' title='bbox 209 999 278 1035; x_wconf 80' lang='grc' dir='ltr'>ὑπὲρ</span> <span class='ocrx_word' id='word_1_266' title='bbox 300 1000 436 1036; x_wconf 83' lang='grc' dir='ltr'><strong>θαλάσσης</strong></span> <span class='ocrx_word' id='word_1_267' title='bbox 451 1000 548 1033; x_wconf 76' lang='grc' dir='ltr'>ὁδεύει,</span> <span class='ocrx_word' id='word_1_268' title='bbox 568 1001 616 1028; x_wconf 76' lang='grc' dir='ltr'><strong>καὶ</strong></span> <span class='ocrx_word' id='word_1_269' title='bbox 635 1001 719 1028; x_wconf 76' lang='grc' dir='ltr'>τᾶλλα</span> <span class='ocrx_word' id='word_1_270' title='bbox 736 1003 807 1029; x_wconf 81' lang='grc' dir='ltr'><strong>ποιεῖ</strong></span> 
     </span>
    </p>
   </div>
   <div class='ocr_carea' id='block_1_37' title="bbox 8 1045 806 1082">
    <p class='ocr_par' dir='ltr' id='par_1_37' title="bbox 8 1045 806 1082">
     <span class='ocr_line' id='line_1_37' title="bbox 8 1045 806 1082; baseline 0.005 -12"><span class='ocrx_word' id='word_1_271' title='bbox 8 1045 63 1071; x_wconf 78' lang='grc' dir='ltr'>ὅσα</span> <span class='ocrx_word' id='word_1_272' title='bbox 83 1045 247 1080; x_wconf 81' lang='grc' dir='ltr'>πεποίηκεν,</span> <span class='ocrx_word' id='word_1_273' title='bbox 264 1045 311 1071; x_wconf 71' lang='grc' dir='ltr'><strong>ἐπὶ</strong></span> <span class='ocrx_word' id='word_1_274' title='bbox 326 1045 408 1078; x_wconf 83' lang='grc' dir='ltr'>τίνος,</span> <span class='ocrx_word' id='word_1_275' title='bbox 425 1046 441 1081; x_wconf 79' lang='grc' dir='ltr'><strong>ἢ</strong></span> <span class='ocrx_word' id='word_1_276' title='bbox 459 1046 522 1073; x_wconf 84' lang='grc' dir='ltr'>πότε</span> <span class='ocrx_word' id='word_1_277' title='bbox 541 1045 587 1073; x_wconf 82' lang='grc' dir='ltr'><strong>τοῦ</strong></span> <span class='ocrx_word' id='word_1_278' title='bbox 600 1047 708 1082; x_wconf 75' lang='grc' dir='ltr'>Πατρὸς</span> <span class='ocrx_word' id='word_1_279' title='bbox 721 1047 806 1074; x_wconf 81' lang='grc' dir='ltr'>ταῦτα</span> 
     </span>
    </p>
   </div>
   <div class='ocr_carea' id='block_1_38' title="bbox 8 1089 806 1127">
    <p class='ocr_par' dir='ltr' id='par_1_38' title="bbox 8 1089 806 1127">
     <span class='ocr_line' id='line_1_38' title="bbox 8 1089 806 1127; baseline 0.005 -13"><span class='ocrx_word' id='word_1_280' title='bbox 8 1089 287 1124; x_wconf 82' lang='grc' dir='ltr'>προενεργήσαντος;</span> <span class='ocrx_word' id='word_1_281' title='bbox 302 1090 337 1116; x_wconf 83' lang='grc' dir='ltr'>Ἢ</span> <span class='ocrx_word' id='word_1_282' title='bbox 351 1090 439 1124; x_wconf 84' lang='grc' dir='ltr'><strong>δῆλον,</strong></span> <span class='ocrx_word' id='word_1_283' title='bbox 456 1090 560 1117; x_wconf 84' lang='grc' dir='ltr'>ὅτιτῶν</span> <span class='ocrx_word' id='word_1_284' title='bbox 579 1090 667 1118; x_wconf 83' lang='grc' dir='ltr'>αὐτῶν</span> <span class='ocrx_word' id='word_1_285' title='bbox 678 1092 806 1127; x_wconf 83' lang='grc' dir='ltr'><strong>πραγμά-</strong></span> 
     </span>
    </p>
   </div>
   <div class='ocr_carea' id='block_1_39' title="bbox 8 1135 805 1172">
    <p class='ocr_par' dir='ltr' id='par_1_39' title="bbox 8 1135 805 1172">
     <span class='ocr_line' id='line_1_39' title="bbox 8 1135 805 1172; baseline 0.003 -11"><span class='ocrx_word' id='word_1_286' title='bbox 8 1143 66 1161; x_wconf 82' lang='grc' dir='ltr'>των</span> <span class='ocrx_word' id='word_1_287' title='bbox 87 1135 162 1166; x_wconf 73' lang='grc' dir='ltr'>τοὺς</span> <span class='ocrx_word' id='word_1_288' title='bbox 171 1135 272 1166; x_wconf 74' lang='grc' dir='ltr'>τύπους</span> <span class='ocrx_word' id='word_1_289' title='bbox 287 1136 478 1171; x_wconf 81' lang='grc' dir='ltr'><strong>ἐνσημαίνεται</strong></span> <span class='ocrx_word' id='word_1_290' title='bbox 494 1136 543 1171; x_wconf 82' lang='grc' dir='ltr'><strong>μὲν</strong></span> <span class='ocrx_word' id='word_1_291' title='bbox 561 1138 576 1163; x_wconf 83' lang='grc' dir='ltr'><strong><em>ὁ</em></strong></span> <span class='ocrx_word' id='word_1_292' title='bbox 591 1136 696 1172; x_wconf 75' lang='grc' dir='ltr'><strong>Πατὴρ,</strong></span> <span class='ocrx_word' id='word_1_293' title='bbox 715 1137 805 1164; x_wconf 75' lang='grc' dir='ltr'>ἐπιτε-</span> 
     </span>
    </p>
   </div>
   <div class='ocr_carea' id='block_1_40' title="bbox 8 1181 801 1217">
    <p class='ocr_par' dir='ltr' id='par_1_40' title="bbox 8 1181 801 1217">
     <span class='ocr_line' id='line_1_40' title="bbox 8 1181 801 1217; baseline 0.004 -11"><span class='ocrx_word' id='word_1_294' title='bbox 8 1181 52 1206; x_wconf 82' lang='grc' dir='ltr'>λεῖ</span> <span class='ocrx_word' id='word_1_295' title='bbox 66 1181 97 1207; x_wconf 75' lang='grc' dir='ltr'><strong>δὲ</strong></span> <span class='ocrx_word' id='word_1_296' title='bbox 115 1182 131 1208; x_wconf 83' lang='grc' dir='ltr'>ὁ</span> <span class='ocrx_word' id='word_1_297' title='bbox 151 1181 247 1216; x_wconf 72' lang='grc' dir='ltr'>Λόγος,</span> <span class='ocrx_word' id='word_1_298' title='bbox 262 1182 292 1207; x_wconf 84' lang='grc' dir='ltr'><strong>οὐ</strong></span> <span class='ocrx_word' id='word_1_299' title='bbox 306 1182 446 1214; x_wconf 81' lang='grc' dir='ltr'>δουλικῶς,</span> <span class='ocrx_word' id='word_1_300' title='bbox 459 1183 519 1209; x_wconf 82' lang='grc' dir='ltr'><strong>οὐδὲ</strong></span> <span class='ocrx_word' id='word_1_301' title='bbox 531 1182 655 1217; x_wconf 81' lang='grc' dir='ltr'>ἀμαθῶς.</span> <span class='ocrx_word' id='word_1_302' title='bbox 675 1183 731 1209; x_wconf 79' lang='grc' dir='ltr'>ἀλλ’</span> <span class='ocrx_word' id='word_1_303' title='bbox 744 1184 801 1209; x_wconf 76' lang='grc' dir='ltr'>ἑπι-</span> 
     </span>
    </p>
   </div>
   <div class='ocr_carea' id='block_1_41' title="bbox 8 1227 804 1264">
    <p class='ocr_par' dir='ltr' id='par_1_41' title="bbox 8 1227 804 1264">
     <span class='ocr_line' id='line_1_41' title="bbox 8 1227 804 1264; baseline 0.003 -12"><span class='ocrx_word' id='word_1_304' title='bbox 8 1235 59 1261; x_wconf 80' lang='grc' dir='ltr'><strong>στη</strong></span> <span class='ocrx_word' id='word_1_305' title='bbox 66 1227 192 1261; x_wconf 79' lang='grc' dir='ltr'>μονικῶς</span> <span class='ocrx_word' id='word_1_306' title='bbox 214 1236 244 1253; x_wconf 83' lang='grc' dir='ltr'>τε</span> <span class='ocrx_word' id='word_1_307' title='bbox 269 1229 316 1254; x_wconf 79' lang='grc' dir='ltr'><strong>καὶ</strong></span> <span class='ocrx_word' id='word_1_308' title='bbox 334 1227 510 1260; x_wconf 77' lang='grc' dir='ltr'>δεσποτικῶς,</span> <span class='ocrx_word' id='word_1_309' title='bbox 524 1228 572 1255; x_wconf 75' lang='grc' dir='ltr'><strong>καὶ</strong></span> <span class='ocrx_word' id='word_1_310' title='bbox 590 1228 752 1264; x_wconf 76' lang='grc' dir='ltr'>οἰκειότερον</span> <span class='ocrx_word' id='word_1_311' title='bbox 767 1230 804 1255; x_wconf 56' lang='grc' dir='ltr'><strong>εἰη</strong></span> 
     </span>
    </p>
   </div>
   <div class='ocr_carea' id='block_1_42' title="bbox 8 1274 806 1310">
    <p class='ocr_par' dir='ltr' id='par_1_42' title="bbox 8 1274 806 1310">
     <span class='ocr_line' id='line_1_42' title="bbox 8 1274 806 1310; baseline 0.003 -11"><span class='ocrx_word' id='word_1_312' title='bbox 8 1275 84 1304; x_wconf 73' lang='grc' dir='ltr'>πεῖν,</span> <span class='ocrx_word' id='word_1_313' title='bbox 102 1274 246 1309; x_wconf 78' lang='grc' dir='ltr'>πατρικῶς</span> <span class='ocrx_word' id='word_1_314' title='bbox 255 1283 262 1307; x_wconf 86' lang='grc'>;</span> <span class='ocrx_word' id='word_1_315' title='bbox 276 1274 353 1301; x_wconf 81' lang='grc' dir='ltr'>Οὕτω</span> <span class='ocrx_word' id='word_1_316' title='bbox 368 1275 422 1310; x_wconf 79' lang='grc' dir='ltr'>γὰρ</span> <span class='ocrx_word' id='word_1_317' title='bbox 429 1275 484 1309; x_wconf 73' lang='grc' dir='ltr'><strong>ἐγὼ</strong></span> <span class='ocrx_word' id='word_1_318' title='bbox 491 1275 602 1310; x_wconf 85' lang='grc' dir='ltr'>δέχομαι</span> <span class='ocrx_word' id='word_1_319' title='bbox 614 1275 654 1305; x_wconf 77' lang='grc' dir='ltr'><strong>τὸ,</strong></span> <span class='ocrx_word' id='word_1_320' title='bbox 663 1275 737 1309; x_wconf 68' lang='grc' dir='ltr'><strong>ἅπερ</strong></span> <span class='ocrx_word' id='word_1_321' title='bbox 746 1275 806 1302; x_wconf 74' lang='grc' dir='ltr'><strong>ὑπὸ</strong></span> 
     </span>
    </p>
   </div>
   <div class='ocr_carea' id='block_1_43' title="bbox 8 1319 805 1355">
    <p class='ocr_par' dir='ltr' id='par_1_43' title="bbox 8 1319 805 1355">
     <span class='ocr_line' id='line_1_43' title="bbox 8 1319 805 1355; baseline 0.004 -11"><span class='ocrx_word' id='word_1_322' title='bbox 8 1319 62 1345; x_wconf 71' lang='grc' dir='ltr'>τοῦ</span> <span class='ocrx_word' id='word_1_323' title='bbox 80 1319 203 1352; x_wconf 77' lang='grc' dir='ltr'><strong>Πατρός</strong></span> <span class='ocrx_word' id='word_1_324' title='bbox 218 1321 342 1354; x_wconf 78' lang='grc' dir='ltr'><strong>γίνεται,</strong></span> <span class='ocrx_word' id='word_1_325' title='bbox 363 1321 456 1347; x_wconf 80' lang='grc' dir='ltr'>ταῦτα</span> <span class='ocrx_word' id='word_1_326' title='bbox 474 1321 523 1348; x_wconf 76' lang='grc' dir='ltr'><strong>καὶ</strong></span> <span class='ocrx_word' id='word_1_327' title='bbox 541 1321 594 1348; x_wconf 83' lang='grc' dir='ltr'><strong>τὸν</strong></span> <span class='ocrx_word' id='word_1_328' title='bbox 612 1320 681 1347; x_wconf 72' lang='grc' dir='ltr'><em>Υιὸν</em></span> <span class='ocrx_word' id='word_1_329' title='bbox 697 1321 805 1355; x_wconf 79' lang='grc' dir='ltr'>ὁμοίως</span> 
     </span>
    </p>
   </div>
   <div class='ocr_carea' id='block_1_44' title="bbox 8 1365 806 1402">
    <p class='ocr_par' dir='ltr' id='par_1_44' title="bbox 8 1365 806 1402">
     <span class='ocr_line' id='line_1_44' title="bbox 8 1365 806 1402; baseline 0.003 -12"><span class='ocrx_word' id='word_1_330' title='bbox 8 1365 113 1392; x_wconf 75' lang='grc' dir='ltr'>ποιεῖν</span> <span class='ocrx_word' id='word_1_331' title='bbox 125 1374 133 1380; x_wconf 92' lang='grc'>·</span> <span class='ocrx_word' id='word_1_332' title='bbox 151 1365 181 1391; x_wconf 83' lang='grc' dir='ltr'>οὐ</span> <span class='ocrx_word' id='word_1_333' title='bbox 197 1365 265 1392; x_wconf 76' lang='grc' dir='ltr'><strong>κατὰ</strong></span> <span class='ocrx_word' id='word_1_334' title='bbox 279 1366 327 1402; x_wconf 80' lang='grc' dir='ltr'><strong>τὴν</strong></span> <span class='ocrx_word' id='word_1_335' title='bbox 342 1365 396 1394; x_wconf 83' lang='grc' dir='ltr'>τῶν</span> <span class='ocrx_word' id='word_1_336' title='bbox 416 1367 565 1402; x_wconf 82' lang='grc' dir='ltr'>γινομένων</span> <span class='ocrx_word' id='word_1_337' title='bbox 584 1366 722 1402; x_wconf 79' lang='grc' dir='ltr'>ὁμοίωσιν,</span> <span class='ocrx_word' id='word_1_338' title='bbox 737 1366 806 1392; x_wconf 72' lang='grc' dir='ltr'>ἀλλὰ</span> 
     </span>
    </p>
   </div>
   <div class='ocr_carea' id='block_1_45' title="bbox 8 1411 806 1448">
    <p class='ocr_par' dir='ltr' id='par_1_45' title="bbox 8 1411 806 1448">
     <span class='ocr_line' id='line_1_45' title="bbox 8 1411 806 1448; baseline 0.004 -12"><span class='ocrx_word' id='word_1_339' title='bbox 8 1411 82 1437; x_wconf 69' lang='grc' dir='ltr'>κατὰ</span> <span class='ocrx_word' id='word_1_340' title='bbox 100 1411 158 1446; x_wconf 80' lang='grc' dir='ltr'><strong>τὴν</strong></span> <span class='ocrx_word' id='word_1_341' title='bbox 245 1413 293 1446; x_wconf 85' lang='grc' dir='ltr'>τῆς</span> <span class='ocrx_word' id='word_1_342' title='bbox 306 1412 429 1445; x_wconf 82' lang='grc' dir='ltr'>ἐξουσίας</span> <span class='ocrx_word' id='word_1_343' title='bbox 443 1413 587 1448; x_wconf 84' lang='grc' dir='ltr'>ὁμοτιμίαν</span> <span class='ocrx_word' id='word_1_344' title='bbox 597 1421 603 1426; x_wconf 84' lang='grc'><em>’</em></span> <span class='ocrx_word' id='word_1_345' title='bbox 623 1413 670 1439; x_wconf 79' lang='grc' dir='ltr'>καὶ</span> <span class='ocrx_word' id='word_1_346' title='bbox 683 1413 762 1439; x_wconf 80' lang='grc' dir='ltr'>τοῦτο</span> <span class='ocrx_word' id='word_1_347' title='bbox 773 1412 806 1439; x_wconf 83' lang='grc' dir='ltr'><strong>ἂν</strong></span> 
     </span>
    </p>
   </div>
   <div class='ocr_carea' id='block_1_46' title="bbox 8 1456 806 1494">
    <p class='ocr_par' dir='ltr' id='par_1_46' title="bbox 8 1456 806 1494">
     <span class='ocr_line' id='line_1_46' title="bbox 8 1456 806 1494; baseline 0.004 -12"><span class='ocrx_word' id='word_1_348' title='bbox 8 1457 48 1491; x_wconf 76' lang='grc' dir='ltr'><strong>εἴη</strong></span> <span class='ocrx_word' id='word_1_349' title='bbox 63 1457 108 1488; x_wconf 73' lang='grc' dir='ltr'><strong>τὸ,</strong></span> <span class='ocrx_word' id='word_1_350' title='bbox 121 1456 178 1488; x_wconf 65' lang='grc' dir='ltr'><strong>ἕως</strong></span> <span class='ocrx_word' id='word_1_351' title='bbox 194 1458 255 1492; x_wconf 77' lang='grc' dir='ltr'>ἄρτι</span> <span class='ocrx_word' id='word_1_352' title='bbox 268 1458 315 1484; x_wconf 71' lang='grc' dir='ltr'><strong>καὶ</strong></span> <span class='ocrx_word' id='word_1_353' title='bbox 331 1458 377 1484; x_wconf 81' lang='grc' dir='ltr'>τὸν</span> <span class='ocrx_word' id='word_1_354' title='bbox 390 1459 499 1494; x_wconf 79' lang='grc' dir='ltr'><strong>Πατέρα</strong></span> <span class='ocrx_word' id='word_1_355' title='bbox 513 1458 687 1493; x_wconf 74' lang='grc' dir='ltr'>ἐργάζεσθαι,</span> <span class='ocrx_word' id='word_1_356' title='bbox 703 1458 806 1486; x_wconf 82' lang='grc' dir='ltr'>καὶτὸν</span> 
     </span>
    </p>
   </div>
   <div class='ocr_carea' id='block_1_47' title="bbox 857 908 1642 940">
    <p class='ocr_par' dir='ltr' id='par_1_47' title="bbox 857 908 1642 940">
     <span class='ocr_line' id='line_1_47' title="bbox 857 908 1642 940; baseline -0.008 -2"><span class='ocrx_word' id='word_1_357' title='bbox 857 911 963 939; x_wconf 78' lang='lat' dir='ltr'><strong>tandem</strong></span> <span class='ocrx_word' id='word_1_358' title='bbox 993 910 1074 937; x_wconf 89' lang='lat' dir='ltr'><strong>alium</strong></span> <span class='ocrx_word' id='word_1_359' title='bbox 1118 909 1246 936; x_wconf 87' lang='lat' dir='ltr'><strong>tnundnm</strong></span> <span class='ocrx_word' id='word_1_360' title='bbox 1280 912 1342 935; x_wconf 82' lang='lat' dir='ltr'><strong>ante</strong></span> <span class='ocrx_word' id='word_1_361' title='bbox 1382 908 1455 934; x_wconf 83' lang='lat' dir='ltr'><strong>hunc</strong></span> <span class='ocrx_word' id='word_1_362' title='bbox 1496 913 1642 940; x_wconf 76' lang='lat' dir='ltr'><strong>coagmen-</strong></span> 
     </span>
    </p>
   </div>
   <div class='ocr_carea' id='block_1_48' title="bbox 857 953 1641 989">
    <p class='ocr_par' dir='ltr' id='par_1_48' title="bbox 857 953 1641 989">
     <span class='ocr_line' id='line_1_48' title="bbox 857 953 1641 989; baseline -0.009 -7"><span class='ocrx_word' id='word_1_363' title='bbox 857 956 934 988; x_wconf 84' lang='lat' dir='ltr'><strong>tavit,</strong></span> <span class='ocrx_word' id='word_1_364' title='bbox 953 958 1036 989; x_wconf 87' lang='lat' dir='ltr'><strong>atque</strong></span> <span class='ocrx_word' id='word_1_365' title='bbox 1052 953 1134 980; x_wconf 84' lang='lat' dir='ltr'><strong>alium</strong></span> <span class='ocrx_word' id='word_1_366' title='bbox 1152 961 1247 981; x_wconf 86' lang='lat' dir='ltr'><strong>rursus</strong></span> <span class='ocrx_word' id='word_1_367' title='bbox 1261 953 1287 979; x_wconf 92' lang='lat' dir='ltr'><strong>in</strong></span> <span class='ocrx_word' id='word_1_368' title='bbox 1304 956 1442 987; x_wconf 76' lang='lat' dir='ltr'><strong>posterum</strong></span> <span class='ocrx_word' id='word_1_369' title='bbox 1468 955 1641 985; x_wconf 77' lang='lat' dir='ltr'><strong>coagmenta-</strong></span> 
     </span>
    </p>
   </div>
   <div class='ocr_carea' id='block_1_49' title="bbox 856 995 1640 1035">
    <p class='ocr_par' dir='ltr' id='par_1_49' title="bbox 856 995 1640 1035">
     <span class='ocr_line' id='line_1_49' title="bbox 856 995 1640 1035; baseline -0.008 -8"><span class='ocrx_word' id='word_1_370' title='bbox 856 1001 906 1032; x_wconf 90' lang='lat' dir='ltr'><strong>bit,</strong></span> <span class='ocrx_word' id='word_1_371' title='bbox 921 1007 989 1035; x_wconf 89' lang='lat' dir='ltr'><strong>quos</strong></span> <span class='ocrx_word' id='word_1_372' title='bbox 1001 998 1086 1026; x_wconf 78' lang='lat' dir='ltr'><strong>Filius</strong></span> <span class='ocrx_word' id='word_1_373' title='bbox 1098 998 1149 1025; x_wconf 85' lang='lat' dir='ltr'><strong>sibi</strong></span> <span class='ocrx_word' id='word_1_374' title='bbox 1164 1002 1226 1025; x_wconf 88' lang='lat' dir='ltr'><strong>ante</strong></span> <span class='ocrx_word' id='word_1_375' title='bbox 1239 997 1332 1025; x_wconf 88' lang='lat' dir='ltr'><strong>oculos</strong></span> <span class='ocrx_word' id='word_1_376' title='bbox 1343 1003 1508 1032; x_wconf 85' lang='lat' dir='ltr'><strong>proponens,</strong></span> <span class='ocrx_word' id='word_1_377' title='bbox 1525 995 1640 1022; x_wconf 81' lang='lat' dir='ltr'><strong>alterunt</strong></span> 
     </span>
    </p>
   </div>
   <div class='ocr_carea' id='block_1_50' title="bbox 855 1042 1640 1080">
    <p class='ocr_par' dir='ltr' id='par_1_50' title="bbox 855 1042 1640 1080">
     <span class='ocr_line' id='line_1_50' title="bbox 855 1042 1640 1080; baseline -0.006 -8"><span class='ocrx_word' id='word_1_378' title='bbox 855 1046 963 1080; x_wconf 81' lang='lat' dir='ltr'><strong>quidem</strong></span> <span class='ocrx_word' id='word_1_379' title='bbox 973 1045 1027 1078; x_wconf 87' lang='lat' dir='ltr'><strong>jam</strong></span> <span class='ocrx_word' id='word_1_380' title='bbox 1044 1043 1241 1078; x_wconf 87' lang='lat' dir='ltr'><strong>procreaverit,</strong></span> <span class='ocrx_word' id='word_1_381' title='bbox 1256 1042 1370 1070; x_wconf 87' lang='lat' dir='ltr'><strong>alterum</strong></span> <span class='ocrx_word' id='word_1_382' title='bbox 1382 1046 1469 1068; x_wconf 86' lang='lat' dir='ltr'><strong>autem</strong></span> <span class='ocrx_word' id='word_1_383' title='bbox 1481 1046 1640 1076; x_wconf 81' lang='lat' dir='ltr'><strong>procreatu-</strong></span> 
     </span>
    </p>
   </div>
   <div class='ocr_carea' id='block_1_51' title="bbox 856 1087 1640 1124">
    <p class='ocr_par' dir='ltr' id='par_1_51' title="bbox 856 1087 1640 1124">
     <span class='ocr_line' id='line_1_51' title="bbox 856 1087 1640 1124; baseline -0.004 -7"><span class='ocrx_word' id='word_1_384' title='bbox 856 1098 904 1118; x_wconf 87' lang='lat' dir='ltr'><strong>rtts</strong></span> <span class='ocrx_word' id='word_1_385' title='bbox 920 1091 974 1118; x_wconf 81' lang='lat' dir='ltr'><strong>sit?</strong></span> <span class='ocrx_word' id='word_1_386' title='bbox 991 1090 1114 1124; x_wconf 83' lang='lat' dir='ltr'><strong>Quatuor</strong></span> <span class='ocrx_word' id='word_1_387' title='bbox 1127 1097 1192 1124; x_wconf 81' lang='lat' dir='ltr'><strong>ergo</strong></span> <span class='ocrx_word' id='word_1_388' title='bbox 1208 1089 1258 1116; x_wconf 84' lang='lat' dir='ltr'><strong>hac</strong></span> <span class='ocrx_word' id='word_1_389' title='bbox 1272 1089 1376 1114; x_wconf 85' lang='lat' dir='ltr'><strong>ratione</strong></span> <span class='ocrx_word' id='word_1_390' title='bbox 1389 1087 1577 1118; x_wconf 84' lang='lat' dir='ltr'><strong>mundiernnt,</strong></span> <span class='ocrx_word' id='word_1_391' title='bbox 1588 1088 1640 1114; x_wconf 88' lang='lat' dir='ltr'><strong>duo</strong></span> 
     </span>
    </p>
   </div>
   <div class='ocr_carea' id='block_1_52' title="bbox 855 1133 1640 1169">
    <p class='ocr_par' dir='ltr' id='par_1_52' title="bbox 855 1133 1640 1169">
     <span class='ocr_line' id='line_1_52' title="bbox 855 1133 1640 1169; baseline -0.008 -4"><span class='ocrx_word' id='word_1_392' title='bbox 855 1145 870 1164; x_wconf 87' lang='lat' dir='ltr'><strong>a</strong></span> <span class='ocrx_word' id='word_1_393' title='bbox 885 1137 976 1169; x_wconf 83' lang='lat' dir='ltr'><strong>Patre,</strong></span> <span class='ocrx_word' id='word_1_394' title='bbox 1007 1137 1061 1164; x_wconf 89' lang='lat' dir='ltr'><strong>duo</strong></span> <span class='ocrx_word' id='word_1_395' title='bbox 1081 1144 1095 1163; x_wconf 87' lang='lat' dir='ltr'><strong>a</strong></span> <span class='ocrx_word' id='word_1_396' title='bbox 1124 1135 1192 1163; x_wconf 83' lang='lat' dir='ltr'><strong>Filio</strong></span> <span class='ocrx_word' id='word_1_397' title='bbox 1226 1133 1335 1162; x_wconf 76' lang='lat' dir='ltr'><strong>ell&#39;ecti?</strong></span> <span class='ocrx_word' id='word_1_398' title='bbox 1355 1133 1377 1160; x_wconf 92' lang='grc' dir='ltr'><strong>Ο</strong></span> <span class='ocrx_word' id='word_1_399' title='bbox 1394 1134 1517 1168; x_wconf 82' lang='lat' dir='ltr'><strong>supinam</strong></span> <span class='ocrx_word' id='word_1_400' title='bbox 1547 1140 1640 1160; x_wconf 82' lang='lat' dir='ltr'><strong>vecor-</strong></span> 
     </span>
    </p>
   </div>
   <div class='ocr_carea' id='block_1_53' title="bbox 855 1180 1639 1217">
    <p class='ocr_par' dir='ltr' id='par_1_53' title="bbox 855 1180 1639 1217">
     <span class='ocr_line' id='line_1_53' title="bbox 855 1180 1639 1217; baseline -0.008 -5"><span class='ocrx_word' id='word_1_401' title='bbox 855 1184 944 1212; x_wconf 77' lang='lat' dir='ltr'><strong>diami</strong></span> <span class='ocrx_word' id='word_1_402' title='bbox 961 1185 1028 1217; x_wconf 75' lang='lat' dir='ltr'><strong>Age,</strong></span> <span class='ocrx_word' id='word_1_403' title='bbox 1048 1191 1109 1211; x_wconf 86' lang='lat' dir='ltr'><strong>cum</strong></span> <span class='ocrx_word' id='word_1_404' title='bbox 1131 1183 1221 1217; x_wconf 86' lang='lat' dir='ltr'><strong>lepras</strong></span> <span class='ocrx_word' id='word_1_405' title='bbox 1246 1184 1352 1216; x_wconf 73' lang='lat' dir='ltr'><strong>purgat,</strong></span> <span class='ocrx_word' id='word_1_406' title='bbox 1375 1180 1510 1206; x_wconf 67' lang='lat' dir='ltr'><strong>daemones</strong></span> <span class='ocrx_word' id='word_1_407' title='bbox 1525 1184 1553 1206; x_wconf 82' lang='lat' dir='ltr'><strong>et</strong></span> <span class='ocrx_word' id='word_1_408' title='bbox 1566 1187 1639 1206; x_wconf 86' lang='lat' dir='ltr'><strong>mor-</strong></span> 
     </span>
    </p>
   </div>
   <div class='ocr_carea' id='block_1_54' title="bbox 857 1227 1642 1264">
    <p class='ocr_par' dir='ltr' id='par_1_54' title="bbox 857 1227 1642 1264">
     <span class='ocr_line' id='line_1_54' title="bbox 857 1227 1642 1264; baseline -0.008 -6"><span class='ocrx_word' id='word_1_409' title='bbox 857 1231 905 1258; x_wconf 86' lang='lat' dir='ltr'><strong>bos</strong></span> <span class='ocrx_word' id='word_1_410' title='bbox 919 1229 1053 1264; x_wconf 82' lang='lat' dir='ltr'><strong>proﬂigat,</strong></span> <span class='ocrx_word' id='word_1_411' title='bbox 1073 1232 1195 1256; x_wconf 88' lang='lat' dir='ltr'><strong>mortuos</strong></span> <span class='ocrx_word' id='word_1_412' title='bbox 1210 1227 1242 1253; x_wconf 88' lang='lat' dir='ltr'><strong>ad</strong></span> <span class='ocrx_word' id='word_1_413' title='bbox 1266 1227 1346 1252; x_wconf 83' lang='lat' dir='ltr'><strong>vitam</strong></span> <span class='ocrx_word' id='word_1_414' title='bbox 1371 1230 1490 1256; x_wconf 82' lang='lat' dir='ltr'><strong>revocat,</strong></span> <span class='ocrx_word' id='word_1_415' title='bbox 1507 1233 1580 1252; x_wconf 88' lang='lat' dir='ltr'><strong>mare</strong></span> <span class='ocrx_word' id='word_1_416' title='bbox 1595 1233 1642 1259; x_wconf 86' lang='lat' dir='ltr'><strong>pe-</strong></span> 
     </span>
    </p>
   </div>
   <div class='ocr_carea' id='block_1_55' title="bbox 857 1271 1640 1310">
    <p class='ocr_par' dir='ltr' id='par_1_55' title="bbox 857 1271 1640 1310">
     <span class='ocr_line' id='line_1_55' title="bbox 857 1271 1640 1310; baseline -0.009 -7"><span class='ocrx_word' id='word_1_417' title='bbox 857 1277 936 1303; x_wconf 81' lang='lat' dir='ltr'><strong>dibus</strong></span> <span class='ocrx_word' id='word_1_418' title='bbox 950 1279 1091 1310; x_wconf 78' lang='lat' dir='ltr'><strong>peragrat,</strong></span> <span class='ocrx_word' id='word_1_419' title='bbox 1123 1273 1230 1307; x_wconf 84' lang='lat' dir='ltr'><strong>aliaque</strong></span> <span class='ocrx_word' id='word_1_420' title='bbox 1245 1272 1335 1299; x_wconf 86' lang='lat' dir='ltr'><strong>omnia</strong></span> <span class='ocrx_word' id='word_1_421' title='bbox 1364 1271 1438 1302; x_wconf 80' lang='lat' dir='ltr'><strong>facit,</strong></span> <span class='ocrx_word' id='word_1_422' title='bbox 1464 1271 1489 1297; x_wconf 94' lang='lat' dir='ltr'><strong>in</strong></span> <span class='ocrx_word' id='word_1_423' title='bbox 1506 1278 1560 1305; x_wconf 90' lang='lat' dir='ltr'><strong>quo</strong></span> <span class='ocrx_word' id='word_1_424' title='bbox 1579 1275 1640 1296; x_wconf 87' lang='lat' dir='ltr'><strong>tan-</strong></span> 
     </span>
    </p>
   </div>
   <div class='ocr_carea' id='block_1_56' title="bbox 858 1316 1641 1356">
    <p class='ocr_par' dir='ltr' id='par_1_56' title="bbox 858 1316 1641 1356">
     <span class='ocr_line' id='line_1_56' title="bbox 858 1316 1641 1356; baseline -0.008 -8"><span class='ocrx_word' id='word_1_425' title='bbox 858 1322 927 1353; x_wconf 85' lang='lat' dir='ltr'><strong>dem,</strong></span> <span class='ocrx_word' id='word_1_426' title='bbox 943 1326 988 1348; x_wconf 85' lang='lat' dir='ltr'><strong>aut</strong></span> <span class='ocrx_word' id='word_1_427' title='bbox 1000 1320 1107 1356; x_wconf 84' lang='lat' dir='ltr'><strong>quando</strong></span> <span class='ocrx_word' id='word_1_428' title='bbox 1123 1319 1204 1346; x_wconf 83' lang='lat' dir='ltr'><strong>Pater</strong></span> <span class='ocrx_word' id='word_1_429' title='bbox 1221 1319 1278 1346; x_wconf 74' lang='lat' dir='ltr'><strong>ltzec</strong></span> <span class='ocrx_word' id='word_1_430' title='bbox 1291 1322 1353 1344; x_wconf 83' lang='lat' dir='ltr'><strong>ante</strong></span> <span class='ocrx_word' id='word_1_431' title='bbox 1368 1317 1450 1344; x_wconf 78' lang='lat' dir='ltr'><strong>fecit?</strong></span> <span class='ocrx_word' id='word_1_432' title='bbox 1469 1316 1562 1343; x_wconf 75' lang='lat' dir='ltr'><strong>Nerine</strong></span> <span class='ocrx_word' id='word_1_433' title='bbox 1581 1324 1641 1350; x_wconf 83' lang='lat' dir='ltr'><strong>pcr-</strong></span> 
     </span>
    </p>
   </div>
   <div class='ocr_carea' id='block_1_57' title="bbox 859 1361 1639 1402">
    <p class='ocr_par' dir='ltr' id='par_1_57' title="bbox 859 1361 1639 1402">
     <span class='ocr_line' id='line_1_57' title="bbox 859 1361 1639 1402; baseline -0.009 -7"><span class='ocrx_word' id='word_1_434' title='bbox 859 1362 982 1402; x_wconf 86' lang='lat' dir='ltr'><strong>spicuum</strong></span> <span class='ocrx_word' id='word_1_435' title='bbox 999 1371 1051 1398; x_wconf 90' lang='lat' dir='ltr'><strong>est,</strong></span> <span class='ocrx_word' id='word_1_436' title='bbox 1065 1366 1224 1393; x_wconf 81' lang='lat' dir='ltr'><strong>earumdem</strong></span> <span class='ocrx_word' id='word_1_437' title='bbox 1239 1371 1328 1391; x_wconf 90' lang='lat' dir='ltr'><strong>rerum</strong></span> <span class='ocrx_word' id='word_1_438' title='bbox 1342 1363 1442 1390; x_wconf 75' lang='lat' dir='ltr'><strong>formae</strong></span> <span class='ocrx_word' id='word_1_439' title='bbox 1457 1369 1471 1388; x_wconf 91' lang='lat' dir='ltr'><strong>a</strong></span> <span class='ocrx_word' id='word_1_440' title='bbox 1487 1361 1564 1388; x_wconf 71' lang='lat' dir='ltr'><strong>Patre</strong></span> <span class='ocrx_word' id='word_1_441' title='bbox 1578 1362 1639 1396; x_wconf 90' lang='lat' dir='ltr'><strong>qui-</strong></span> 
     </span>
    </p>
   </div>
   <div class='ocr_carea' id='block_1_58' title="bbox 857 1409 1641 1446">
    <p class='ocr_par' dir='ltr' id='par_1_58' title="bbox 857 1409 1641 1446">
     <span class='ocr_line' id='line_1_58' title="bbox 857 1409 1641 1446; baseline -0.009 -5"><span class='ocrx_word' id='word_1_442' title='bbox 857 1415 918 1441; x_wconf 88' lang='lat' dir='ltr'><strong>dem</strong></span> <span class='ocrx_word' id='word_1_443' title='bbox 935 1413 1006 1440; x_wconf 87' lang='lat' dir='ltr'><strong>velut</strong></span> <span class='ocrx_word' id='word_1_444' title='bbox 1021 1411 1166 1446; x_wconf 78' lang='lat' dir='ltr'><strong>designari,</strong></span> <span class='ocrx_word' id='word_1_445' title='bbox 1183 1418 1197 1436; x_wconf 89' lang='lat' dir='ltr'><strong>a</strong></span> <span class='ocrx_word' id='word_1_446' title='bbox 1212 1409 1280 1437; x_wconf 83' lang='lat' dir='ltr'><strong>Filio</strong></span> <span class='ocrx_word' id='word_1_447' title='bbox 1300 1413 1390 1436; x_wconf 83' lang='lat' dir='ltr'><strong>autem</strong></span> <span class='ocrx_word' id='word_1_448' title='bbox 1404 1409 1506 1442; x_wconf 82' lang='lat' dir='ltr'><strong>peragi,</strong></span> <span class='ocrx_word' id='word_1_449' title='bbox 1521 1414 1574 1435; x_wconf 92' lang='lat' dir='ltr'><strong>non</strong></span> <span class='ocrx_word' id='word_1_450' title='bbox 1582 1416 1641 1435; x_wconf 78' lang='lat' dir='ltr'><strong>scr-</strong></span> 
     </span>
    </p>
   </div>
   <div class='ocr_carea' id='block_1_59' title="bbox 857 1454 1638 1493">
    <p class='ocr_par' dir='ltr' id='par_1_59' title="bbox 857 1454 1638 1493">
     <span class='ocr_line' id='line_1_59' title="bbox 857 1454 1638 1493; baseline -0.005 -7"><span class='ocrx_word' id='word_1_451' title='bbox 857 1459 947 1486; x_wconf 63' lang='lat' dir='ltr'><strong>\‘iliter</strong></span> <span class='ocrx_word' id='word_1_452' title='bbox 962 1464 1044 1493; x_wconf 80' lang='lat' dir='ltr'><strong>atque</strong></span> <span class='ocrx_word' id='word_1_453' title='bbox 1060 1458 1177 1489; x_wconf 84' lang='lat' dir='ltr'><strong>indocte,</strong></span> <span class='ocrx_word' id='word_1_454' title='bbox 1192 1456 1238 1484; x_wconf 83' lang='lat' dir='ltr'><strong>sed</strong></span> <span class='ocrx_word' id='word_1_455' title='bbox 1253 1456 1339 1490; x_wconf 86' lang='lat' dir='ltr'><strong>perite</strong></span> <span class='ocrx_word' id='word_1_456' title='bbox 1354 1459 1380 1482; x_wconf 87' lang='lat' dir='ltr'><strong>et</strong></span> <span class='ocrx_word' id='word_1_457' title='bbox 1397 1454 1530 1487; x_wconf 79' lang='lat' dir='ltr'><strong>lteriliter,</strong></span> <span class='ocrx_word' id='word_1_458' title='bbox 1546 1460 1638 1488; x_wconf 80' lang='lat' dir='ltr'><strong>atque.</strong></span> 
     </span>
    </p>
   </div>
   <div class='ocr_carea' id='block_1_60' title="bbox 8 1499 754 1538">
    <p class='ocr_par' dir='ltr' id='par_1_60' title="bbox 8 1500 754 1538">
     <span class='ocr_line' id='line_1_60' title="bbox 8 1500 754 1538; baseline 0.001 -11"><span class='ocrx_word' id='word_1_459' title='bbox 8 1501 74 1528; x_wconf 76' lang='grc' dir='ltr'><strong>Γῐὸν</strong></span> <span class='ocrx_word' id='word_1_460' title='bbox 85 1510 93 1516; x_wconf 87' lang='grc'><strong>·</strong></span> <span class='ocrx_word' id='word_1_461' title='bbox 110 1501 144 1528; x_wconf 85' lang='grc' dir='ltr'><strong>οὐ</strong></span> <span class='ocrx_word' id='word_1_462' title='bbox 163 1502 241 1536; x_wconf 84' lang='grc' dir='ltr'>μόνον</span> <span class='ocrx_word' id='word_1_463' title='bbox 257 1502 294 1534; x_wconf 81' lang='grc' dir='ltr'><strong>δὲ,</strong></span> <span class='ocrx_word' id='word_1_464' title='bbox 308 1503 375 1529; x_wconf 77' lang='grc' dir='ltr'>ἀλλὰ</span> <span class='ocrx_word' id='word_1_465' title='bbox 391 1504 437 1530; x_wconf 69' lang='grc' dir='ltr'>καὶ</span> <span class='ocrx_word' id='word_1_466' title='bbox 449 1504 509 1538; x_wconf 83' lang='grc' dir='ltr'>τὴν,</span> <span class='ocrx_word' id='word_1_467' title='bbox 523 1500 561 1530; x_wconf 85' lang='grc' dir='ltr'>ὧν</span> <span class='ocrx_word' id='word_1_468' title='bbox 632 1503 754 1538; x_wconf 66' lang='grc' dir='ltr'><strong>πεποίηκι</strong></span> 
     </span>
    </p>
   </div>
   <div class='ocr_carea' id='block_1_61' title="bbox 891 1499 1637 1538">
    <p class='ocr_par' dir='ltr' id='par_1_61' title="bbox 900 1499 1637 1538">
     <span class='ocr_line' id='line_1_61' title="bbox 900 1499 1637 1538; baseline -0.007 -8"><span class='ocrx_word' id='word_1_469' title='bbox 900 1504 988 1538; x_wconf 88' lang='lat' dir='ltr'><strong>aptius</strong></span> <span class='ocrx_word' id='word_1_470' title='bbox 1002 1503 1107 1537; x_wconf 88' lang='lat' dir='ltr'><strong>loquar,</strong></span> <span class='ocrx_word' id='word_1_471' title='bbox 1125 1501 1260 1536; x_wconf 77' lang='lat' dir='ltr'><strong>paterno?</strong></span> <span class='ocrx_word' id='word_1_472' title='bbox 1280 1499 1308 1527; x_wconf 91' lang='lat' dir='ltr'><strong>In</strong></span> <span class='ocrx_word' id='word_1_473' title='bbox 1325 1500 1397 1527; x_wconf 88' lang='lat' dir='ltr'><strong>hunc</strong></span> <span class='ocrx_word' id='word_1_474' title='bbox 1419 1499 1517 1534; x_wconf 83' lang='lat' dir='ltr'><strong>quippe</strong></span> <span class='ocrx_word' id='word_1_475' title='bbox 1530 1507 1637 1526; x_wconf 82' lang='lat' dir='ltr'><strong>sensum</strong></span> 
     </span>
    </p>
   </div>
   <div class='ocr_carea' id='block_1_62' title="bbox 8 1544 754 1592">
    <p class='ocr_par' dir='ltr' id='par_1_62' title="bbox 8 1547 754 1585">
     <span class='ocr_line' id='line_1_62' title="bbox 8 1547 754 1585; baseline 0.004 -12"><span class='ocrx_word' id='word_1_476' title='bbox 8 1547 175 1582; x_wconf 72' lang='grc' dir='ltr'>&gt;ῐκονομίαν</span> <span class='ocrx_word' id='word_1_477' title='bbox 185 1549 272 1582; x_wconf 62' lang='grc' dir='ltr'><strong>τέρεα).</strong></span> <span class='ocrx_word' id='word_1_478' title='bbox 285 1550 457 1585; x_wconf 84' lang='grc' dir='ltr'><strong>συντήρησιν,</strong></span> <span class='ocrx_word' id='word_1_479' title='bbox 469 1549 505 1581; x_wconf 86' lang='grc' dir='ltr'>ὡς</span> <span class='ocrx_word' id='word_1_480' title='bbox 517 1550 592 1585; x_wconf 84' lang='grc' dir='ltr'>δηλοῖ</span> <span class='ocrx_word' id='word_1_481' title='bbox 605 1549 644 1582; x_wconf 56' lang='lat' dir='ltr'><strong>re,</strong></span> <span class='ocrx_word' id='word_1_482' title='bbox 659 1550 754 1576; x_wconf 75' lang='grc' dir='ltr'>ποιεῖς</span> 
     </span>
    </p>
   </div>
   <div class='ocr_carea' id='block_1_63' title="bbox 893 1544 1639 1592">
    <p class='ocr_par' dir='ltr' id='par_1_63' title="bbox 893 1544 1639 1582">
     <span class='ocr_line' id='line_1_63' title="bbox 893 1544 1639 1582; baseline -0.008 -7"><span class='ocrx_word' id='word_1_483' title='bbox 893 1549 938 1576; x_wconf 85' lang='lat' dir='ltr'><strong>rba</strong></span> <span class='ocrx_word' id='word_1_484' title='bbox 954 1549 1010 1575; x_wconf 57' lang='lat' dir='ltr'><strong>haec</strong></span> <span class='ocrx_word' id='word_1_485' title='bbox 1025 1547 1129 1582; x_wconf 87' lang='lat' dir='ltr'><strong>accipio</strong></span> <span class='ocrx_word' id='word_1_486' title='bbox 1143 1556 1149 1574; x_wconf 92' lang='lat'>:</span> <span class='ocrx_word' id='word_1_487' title='bbox 1169 1546 1335 1579; x_wconf 74' lang='lat' dir='ltr'><strong>Qumunque</strong></span> <span class='ocrx_word' id='word_1_488' title='bbox 1356 1545 1437 1572; x_wconf 77' lang='lat' dir='ltr'><strong>Pater</strong></span> <span class='ocrx_word' id='word_1_489' title='bbox 1453 1545 1527 1578; x_wconf 80' lang='lat' dir='ltr'><strong>facit,</strong></span> <span class='ocrx_word' id='word_1_490' title='bbox 1548 1544 1639 1570; x_wconf 85' lang='lat' dir='ltr'><strong>eadem</strong></span> 
     </span>
    </p>
   </div>
   <div class='ocr_carea' id='block_1_64' title="bbox 9 1589 755 1630">
    <p class='ocr_par' dir='ltr' id='par_1_64' title="bbox 9 1593 755 1630">
     <span class='ocr_line' id='line_1_64' title="bbox 9 1593 755 1630; baseline 0.004 -11"><span class='ocrx_word' id='word_1_491' title='bbox 9 1593 82 1626; x_wconf 54' lang='grc' dir='ltr'>γοὺς</span> <span class='ocrx_word' id='word_1_492' title='bbox 92 1593 245 1628; x_wconf 75' lang='grc' dir='ltr'><strong>ἀγγέλους</strong></span> <span class='ocrx_word' id='word_1_493' title='bbox 253 1595 345 1621; x_wconf 81' lang='grc' dir='ltr'>αὐτοῦ</span> <span class='ocrx_word' id='word_1_494' title='bbox 356 1595 518 1629; x_wconf 81' lang='grc' dir='ltr'><strong>πνεύματα,</strong></span> <span class='ocrx_word' id='word_1_495' title='bbox 529 1595 588 1626; x_wconf 76' lang='grc' dir='ltr'><strong>καὶ,</strong></span> <span class='ocrx_word' id='word_1_496' title='bbox 598 1596 755 1630; x_wconf 78' lang='grc' dir='ltr'><strong>θεμελιοῦσ</strong></span> 
     </span>
    </p>
   </div>
   <div class='ocr_carea' id='block_1_65' title="bbox 892 1589 1638 1630">
    <p class='ocr_par' dir='ltr' id='par_1_65' title="bbox 892 1589 1638 1624">
     <span class='ocr_line' id='line_1_65' title="bbox 892 1589 1638 1624; baseline -0.005 -6"><span class='ocrx_word' id='word_1_497' title='bbox 892 1591 978 1619; x_wconf 67' lang='lat' dir='ltr'><strong>Filius</strong></span> <span class='ocrx_word' id='word_1_498' title='bbox 990 1591 1111 1618; x_wconf 71' lang='lat' dir='ltr'><strong>similiter</strong></span> <span class='ocrx_word' id='word_1_499' title='bbox 1120 1591 1185 1623; x_wconf 74' lang='lat' dir='ltr'><strong>facit</strong></span> <span class='ocrx_word' id='word_1_500' title='bbox 1212 1591 1238 1623; x_wconf 80' lang='lat'><strong>&#39;;</strong></span> <span class='ocrx_word' id='word_1_501' title='bbox 1251 1597 1303 1617; x_wconf 93' lang='lat' dir='ltr'><strong>non</strong></span> <span class='ocrx_word' id='word_1_502' title='bbox 1316 1589 1386 1624; x_wconf 89' lang='lat' dir='ltr'><strong>quod</strong></span> <span class='ocrx_word' id='word_1_503' title='bbox 1396 1589 1491 1616; x_wconf 82' lang='lat' dir='ltr'><strong>similia</strong></span> <span class='ocrx_word' id='word_1_504' title='bbox 1502 1589 1554 1616; x_wconf 90' lang='lat' dir='ltr'><strong>sint</strong></span> <span class='ocrx_word' id='word_1_505' title='bbox 1571 1589 1638 1615; x_wconf 89' lang='lat' dir='ltr'><strong>utri-</strong></span> 
     </span>
    </p>
   </div>
   <div class='ocr_carea' id='block_1_66' title="bbox 9 1635 755 1676">
    <p class='ocr_par' dir='ltr' id='par_1_66' title="bbox 9 1638 755 1676">
     <span class='ocr_line' id='line_1_66' title="bbox 9 1638 755 1676; baseline 0.003 -12"><span class='ocrx_word' id='word_1_506' title='bbox 9 1639 65 1671; x_wconf 66' lang='grc' dir='ltr'><strong>τὴν</strong></span> <span class='ocrx_word' id='word_1_507' title='bbox 73 1638 141 1673; x_wconf 75' lang='grc' dir='ltr'><strong>γῆν</strong></span> <span class='ocrx_word' id='word_1_508' title='bbox 148 1638 198 1665; x_wconf 80' lang='grc' dir='ltr'><strong>ἐπὶ</strong></span> <span class='ocrx_word' id='word_1_509' title='bbox 205 1639 262 1673; x_wconf 82' lang='grc' dir='ltr'>τὴν·</span> <span class='ocrx_word' id='word_1_510' title='bbox 270 1639 440 1674; x_wconf 63' lang='grc' dir='ltr'>ἀσφάλειαν</span> <span class='ocrx_word' id='word_1_511' title='bbox 449 1639 544 1674; x_wconf 81' lang='grc' dir='ltr'>αὐτῆς</span> <span class='ocrx_word' id='word_1_512' title='bbox 554 1649 560 1656; x_wconf 83' lang='grc'>·</span> <span class='ocrx_word' id='word_1_513' title='bbox 571 1640 643 1672; x_wconf 76' lang='grc' dir='ltr'>ἅπαξ</span> <span class='ocrx_word' id='word_1_514' title='bbox 651 1640 755 1676; x_wconf 79' lang='grc' dir='ltr'>ἡδρασμ</span> 
     </span>
    </p>
   </div>
   <div class='ocr_carea' id='block_1_67' title="bbox 893 1635 1639 1676">
    <p class='ocr_par' dir='ltr' id='par_1_67' title="bbox 893 1635 1639 1673">
     <span class='ocr_line' id='line_1_67' title="bbox 893 1635 1639 1673; baseline -0.005 -9"><span class='ocrx_word' id='word_1_515' title='bbox 893 1645 941 1673; x_wconf 79' lang='lat' dir='ltr'><strong>que</strong></span> <span class='ocrx_word' id='word_1_516' title='bbox 952 1645 1046 1670; x_wconf 80' lang='lat' dir='ltr'><strong>opera,</strong></span> <span class='ocrx_word' id='word_1_517' title='bbox 1064 1637 1110 1663; x_wconf 88' lang='lat' dir='ltr'><strong>sed</strong></span> <span class='ocrx_word' id='word_1_518' title='bbox 1127 1636 1198 1670; x_wconf 87' lang='lat' dir='ltr'><strong>quod</strong></span> <span class='ocrx_word' id='word_1_519' title='bbox 1226 1643 1273 1670; x_wconf 89' lang='lat' dir='ltr'><strong>par</strong></span> <span class='ocrx_word' id='word_1_520' title='bbox 1303 1635 1339 1662; x_wconf 83' lang='lat' dir='ltr'><strong>sit</strong></span> <span class='ocrx_word' id='word_1_521' title='bbox 1366 1635 1507 1669; x_wconf 85' lang='lat' dir='ltr'><strong>utriusque</strong></span> <span class='ocrx_word' id='word_1_522' title='bbox 1520 1638 1639 1669; x_wconf 83' lang='lat' dir='ltr'><strong>potestas</strong></span> 
     </span>
    </p>
   </div>
   <div class='ocr_carea' id='block_1_68' title="bbox 9 1681 755 1720">
    <p class='ocr_par' dir='ltr' id='par_1_68' title="bbox 9 1683 755 1720">
     <span class='ocr_line' id='line_1_68' title="bbox 9 1683 755 1720; baseline 0.003 -11"><span class='ocrx_word' id='word_1_523' title='bbox 9 1692 32 1709; x_wconf 75' lang='grc' dir='ltr'>τε</span> <span class='ocrx_word' id='word_1_524' title='bbox 53 1683 111 1710; x_wconf 74' lang='grc' dir='ltr'><strong>καὶ</strong></span> <span class='ocrx_word' id='word_1_525' title='bbox 125 1683 261 1718; x_wconf 84' lang='grc' dir='ltr'>γενόμενα</span> <span class='ocrx_word' id='word_1_526' title='bbox 271 1693 278 1700; x_wconf 86' lang='grc'>·</span> <span class='ocrx_word' id='word_1_527' title='bbox 297 1686 343 1711; x_wconf 78' lang='grc' dir='ltr'><strong>καὶ</strong></span> <span class='ocrx_word' id='word_1_528' title='bbox 355 1685 530 1720; x_wconf 78' lang='grc' dir='ltr'><strong>στερεοῦσθαι</strong></span> <span class='ocrx_word' id='word_1_529' title='bbox 550 1684 672 1720; x_wconf 78' lang='grc' dir='ltr'>βροντὴν,</span> <span class='ocrx_word' id='word_1_530' title='bbox 686 1684 732 1711; x_wconf 75' lang='grc' dir='ltr'><strong>καὶ</strong></span> <span class='ocrx_word' id='word_1_531' title='bbox 748 1694 755 1711; x_wconf 73' lang='grc' dir='ltr'><strong>ι</strong></span> 
     </span>
    </p>
   </div>
   <div class='ocr_carea' id='block_1_69' title="bbox 891 1681 1637 1720">
    <p class='ocr_par' dir='ltr' id='par_1_69' title="bbox 891 1681 1637 1718">
     <span class='ocr_line' id='line_1_69' title="bbox 891 1681 1637 1718; baseline -0.005 -9"><span class='ocrx_word' id='word_1_532' title='bbox 891 1691 938 1718; x_wconf 56' lang='lat' dir='ltr'><strong>lue</strong></span> <span class='ocrx_word' id='word_1_533' title='bbox 952 1683 1118 1715; x_wconf 85' lang='lat' dir='ltr'><strong>auctoritas;</strong></span> <span class='ocrx_word' id='word_1_534' title='bbox 1146 1685 1228 1716; x_wconf 86' lang='lat' dir='ltr'><strong>atque</strong></span> <span class='ocrx_word' id='word_1_535' title='bbox 1249 1681 1301 1708; x_wconf 90' lang='lat' dir='ltr'><strong>hoc</strong></span> <span class='ocrx_word' id='word_1_536' title='bbox 1330 1681 1445 1708; x_wconf 78' lang='lat' dir='ltr'><strong>fortasse</strong></span> <span class='ocrx_word' id='word_1_537' title='bbox 1470 1687 1531 1707; x_wconf 81' lang='lat' dir='ltr'><strong>esse</strong></span> <span class='ocrx_word' id='word_1_538' title='bbox 1546 1685 1637 1713; x_wconf 83' lang='lat' dir='ltr'><strong>queat,</strong></span> 
     </span>
    </p>
   </div>
   <div class='ocr_carea' id='block_1_70' title="bbox 9 1725 755 1766">
    <p class='ocr_par' dir='ltr' id='par_1_70' title="bbox 9 1728 755 1766">
     <span class='ocr_line' id='line_1_70' title="bbox 9 1728 755 1766; baseline 0.003 -11"><span class='ocrx_word' id='word_1_539' title='bbox 9 1730 110 1760; x_wconf 71' lang='grc' dir='ltr'>ζεσοαι</span> <span class='ocrx_word' id='word_1_540' title='bbox 128 1729 247 1764; x_wconf 78' lang='grc' dir='ltr'>πνεῦμα,</span> <span class='ocrx_word' id='word_1_541' title='bbox 263 1728 300 1757; x_wconf 85' lang='grc' dir='ltr'>ὧν</span> <span class='ocrx_word' id='word_1_542' title='bbox 322 1730 395 1762; x_wconf 67' lang='lat' dir='ltr'><strong>ama</strong></span> <span class='ocrx_word' id='word_1_543' title='bbox 421 1731 470 1766; x_wconf 80' lang='grc' dir='ltr'><strong>μὲν</strong></span> <span class='ocrx_word' id='word_1_544' title='bbox 483 1732 508 1759; x_wconf 69' lang='grc' dir='ltr'>ο</span> <span class='ocrx_word' id='word_1_545' title='bbox 519 1731 597 1765; x_wconf 85' lang='grc' dir='ltr'>λόγος</span> <span class='ocrx_word' id='word_1_546' title='bbox 615 1731 729 1766; x_wconf 83' lang='grc' dir='ltr'><strong>ὑπέστη,</strong></span> <span class='ocrx_word' id='word_1_547' title='bbox 744 1739 755 1757; x_wconf 87' lang='grc' dir='ltr'>&lt;ι</span> 
     </span>
    </p>
   </div>
   <div class='ocr_carea' id='block_1_71' title="bbox 893 1725 1639 1766">
    <p class='ocr_par' dir='ltr' id='par_1_71' title="bbox 893 1725 1639 1762">
     <span class='ocr_line' id='line_1_71' title="bbox 893 1725 1639 1762; baseline -0.008 -5"><span class='ocrx_word' id='word_1_548' title='bbox 893 1729 926 1757; x_wconf 91' lang='lat' dir='ltr'><strong>od</strong></span> <span class='ocrx_word' id='word_1_549' title='bbox 945 1735 972 1756; x_wconf 88' lang='lat' dir='ltr'><strong>et</strong></span> <span class='ocrx_word' id='word_1_550' title='bbox 990 1729 1070 1756; x_wconf 85' lang='lat' dir='ltr'><strong>Pater</strong></span> <span class='ocrx_word' id='word_1_551' title='bbox 1087 1734 1172 1762; x_wconf 87' lang='lat' dir='ltr'><strong>usque</strong></span> <span class='ocrx_word' id='word_1_552' title='bbox 1185 1727 1265 1755; x_wconf 79' lang='lat' dir='ltr'><strong>modo</strong></span> <span class='ocrx_word' id='word_1_553' title='bbox 1280 1727 1385 1761; x_wconf 84' lang='lat' dir='ltr'><strong>operari</strong></span> <span class='ocrx_word' id='word_1_554' title='bbox 1411 1727 1518 1758; x_wconf 88' lang='lat' dir='ltr'><strong>dicitur,</strong></span> <span class='ocrx_word' id='word_1_555' title='bbox 1544 1730 1571 1752; x_wconf 88' lang='lat' dir='ltr'><strong>et</strong></span> <span class='ocrx_word' id='word_1_556' title='bbox 1594 1725 1639 1752; x_wconf 81' lang='lat' dir='ltr'><strong>l-‘i-</strong></span> 
     </span>
    </p>
   </div>
   <div class='ocr_carea' id='block_1_72' title="bbox 14 1772 760 1813">
    <p class='ocr_par' dir='ltr' id='par_1_72' title="bbox 14 1776 427 1813">
     <span class='ocr_line' id='line_1_72' title="bbox 14 1776 427 1813; baseline 0.005 -11"><span class='ocrx_word' id='word_1_557' title='bbox 14 1776 73 1811; x_wconf 71' lang='grc' dir='ltr'>χὴς</span> <span class='ocrx_word' id='word_1_558' title='bbox 92 1776 124 1802; x_wconf 81' lang='grc' dir='ltr'><strong>δὲ</strong></span> <span class='ocrx_word' id='word_1_559' title='bbox 138 1776 186 1802; x_wconf 77' lang='grc' dir='ltr'>καὶ</span> <span class='ocrx_word' id='word_1_560' title='bbox 199 1776 245 1803; x_wconf 88' lang='grc' dir='ltr'>νῦν</span> <span class='ocrx_word' id='word_1_561' title='bbox 264 1778 280 1812; x_wconf 84' lang='grc' dir='ltr'><strong>ἡ</strong></span> <span class='ocrx_word' id='word_1_562' title='bbox 296 1778 427 1813; x_wconf 77' lang='grc' dir='ltr'>ἐνέργεια,</span> 
     </span>
    </p>
   </div>
   <div class='ocr_carea' id='block_1_73' title="bbox 889 1772 1635 1813">
    <p class='ocr_par' dir='ltr' id='par_1_73' title="bbox 889 1772 1635 1808">
     <span class='ocr_line' id='line_1_73' title="bbox 889 1772 1635 1808; baseline -0.009 -5"><span class='ocrx_word' id='word_1_563' title='bbox 889 1783 907 1803; x_wconf 78' lang='lat' dir='ltr'><strong>ts</strong></span> <span class='ocrx_word' id='word_1_564' title='bbox 933 1775 964 1808; x_wconf 63' lang='grc' dir='ltr'>λς</span> <span class='ocrx_word' id='word_1_565' title='bbox 980 1782 1031 1802; x_wconf 91' lang='lat' dir='ltr'><strong>non</strong></span> <span class='ocrx_word' id='word_1_566' title='bbox 1046 1779 1135 1801; x_wconf 90' lang='lat' dir='ltr'><strong>autem</strong></span> <span class='ocrx_word' id='word_1_567' title='bbox 1153 1774 1202 1801; x_wconf 85' lang='lat' dir='ltr'><strong>ltoc</strong></span> <span class='ocrx_word' id='word_1_568' title='bbox 1218 1774 1349 1800; x_wconf 83' lang='lat' dir='ltr'><strong>duntaxat</strong></span> <span class='ocrx_word' id='word_1_569' title='bbox 1366 1773 1483 1805; x_wconf 90' lang='lat' dir='ltr'><strong>nomine,</strong></span> <span class='ocrx_word' id='word_1_570' title='bbox 1498 1773 1544 1800; x_wconf 87' lang='lat' dir='ltr'><strong>scd</strong></span> <span class='ocrx_word' id='word_1_571' title='bbox 1555 1772 1635 1799; x_wconf 88' lang='lat' dir='ltr'><strong>etiam</strong></span> 
     </span>
    </p>
   </div>
   <div class='ocr_carea' id='block_1_74' title="bbox 9 1818 1638 1858">
    <p class='ocr_par' dir='ltr' id='par_1_74' title="bbox 9 1818 1638 1858">
     <span class='ocr_line' id='line_1_74' title="bbox 9 1818 1638 1858; baseline -0.002 -10"><span class='ocrx_word' id='word_1_572' title='bbox 9 1824 129 1849; x_wconf 68' lang='lat' dir='ltr'><strong>ratione</strong></span> <span class='ocrx_word' id='word_1_573' title='bbox 147 1823 350 1856; x_wconf 78' lang='lat' dir='ltr'><strong>gubernationis</strong></span> <span class='ocrx_word' id='word_1_574' title='bbox 361 1828 388 1850; x_wconf 89' lang='lat' dir='ltr'><strong>et</strong></span> <span class='ocrx_word' id='word_1_575' title='bbox 400 1823 614 1850; x_wconf 78' lang='lat' dir='ltr'><strong>conservationis</strong></span> <span class='ocrx_word' id='word_1_576' title='bbox 625 1820 728 1855; x_wconf 80' lang='lat' dir='ltr'><strong>eorum,</strong></span> <span class='ocrx_word' id='word_1_577' title='bbox 740 1830 800 1858; x_wconf 65' lang='lat' dir='ltr'><strong>qua;</strong></span> <span class='ocrx_word' id='word_1_578' title='bbox 820 1823 889 1850; x_wconf 77' lang='lat' dir='ltr'><strong>facta</strong></span> <span class='ocrx_word' id='word_1_579' title='bbox 904 1825 977 1852; x_wconf 83' lang='lat' dir='ltr'><strong>sunt,</strong></span> <span class='ocrx_word' id='word_1_580' title='bbox 1007 1825 1036 1847; x_wconf 89' lang='lat' dir='ltr'><strong>ut</strong></span> <span class='ocrx_word' id='word_1_581' title='bbox 1062 1820 1165 1847; x_wconf 89' lang='lat' dir='ltr'><strong>indicat</strong></span> <span class='ocrx_word' id='word_1_582' title='bbox 1180 1819 1264 1847; x_wconf 86' lang='lat' dir='ltr'><strong>illud:</strong></span> <span class='ocrx_word' id='word_1_583' title='bbox 1285 1820 1336 1852; x_wconf 74' lang='lat' dir='ltr'><strong>Qui</strong></span> <span class='ocrx_word' id='word_1_584' title='bbox 1360 1819 1422 1854; x_wconf 82' lang='lat' dir='ltr'><strong>facit</strong></span> <span class='ocrx_word' id='word_1_585' title='bbox 1446 1818 1551 1854; x_wconf 71' lang='lat' dir='ltr'><strong>angelo:</strong></span> <span class='ocrx_word' id='word_1_586' title='bbox 1576 1825 1638 1844; x_wconf 74' lang='lat' dir='ltr'><strong>suos</strong></span> 
     </span>
    </p>
   </div>
   <div class='ocr_carea' id='block_1_75' title="bbox 11 1863 1628 1904">
    <p class='ocr_par' dir='ltr' id='par_1_75' title="bbox 11 1863 1628 1904">
     <span class='ocr_line' id='line_1_75' title="bbox 11 1863 1628 1904; baseline -0.003 -9"><span class='ocrx_word' id='word_1_587' title='bbox 11 1870 126 1904; x_wconf 74' lang='lat' dir='ltr'><strong>pirilue</strong></span> <span class='ocrx_word' id='word_1_588' title='bbox 152 1869 180 1902; x_wconf 80' lang='lat'><strong>‘;</strong></span> <span class='ocrx_word' id='word_1_589' title='bbox 198 1872 235 1901; x_wconf 84' lang='lat' dir='ltr'><strong>et,</strong></span> <span class='ocrx_word' id='word_1_590' title='bbox 257 1868 308 1901; x_wconf 79' lang='lat' dir='ltr'><strong>Qui</strong></span> <span class='ocrx_word' id='word_1_591' title='bbox 332 1869 426 1903; x_wconf 78' lang='lat' dir='ltr'><strong>fundat</strong></span> <span class='ocrx_word' id='word_1_592' title='bbox 450 1873 547 1896; x_wconf 87' lang='lat' dir='ltr'><strong>terram</strong></span> <span class='ocrx_word' id='word_1_593' title='bbox 567 1877 644 1903; x_wconf 74' lang='lat' dir='ltr'><strong>super</strong></span> <span class='ocrx_word' id='word_1_594' title='bbox 667 1868 836 1896; x_wconf 70' lang='lat' dir='ltr'><strong>stabilitatem</strong></span> <span class='ocrx_word' id='word_1_595' title='bbox 867 1868 891 1894; x_wconf 78' lang='lat' dir='ltr'><strong>‘z</strong></span> <span class='ocrx_word' id='word_1_596' title='bbox 924 1873 985 1893; x_wconf 89' lang='lat' dir='ltr'><strong>cum</strong></span> <span class='ocrx_word' id='word_1_597' title='bbox 1014 1865 1097 1893; x_wconf 82' lang='lat' dir='ltr'><strong>semel</strong></span> <span class='ocrx_word' id='word_1_598' title='bbox 1130 1870 1156 1892; x_wconf 88' lang='lat' dir='ltr'><strong>et</strong></span> <span class='ocrx_word' id='word_1_599' title='bbox 1177 1865 1235 1893; x_wconf 71' lang='lat' dir='ltr'><strong>haec</strong></span> <span class='ocrx_word' id='word_1_600' title='bbox 1273 1865 1378 1891; x_wconf 82' lang='lat' dir='ltr'><strong>ﬁrmata</strong></span> <span class='ocrx_word' id='word_1_601' title='bbox 1405 1868 1486 1898; x_wconf 85' lang='lat' dir='ltr'><strong>atque</strong></span> <span class='ocrx_word' id='word_1_602' title='bbox 1511 1863 1628 1891; x_wconf 82' lang='lat' dir='ltr'><strong>stabilita</strong></span> 
     </span>
    </p>
   </div>
   <div class='ocr_carea' id='block_1_76' title="bbox 9 1911 1638 1949">
    <p class='ocr_par' dir='ltr' id='par_1_76' title="bbox 9 1911 1638 1949">
     <span class='ocr_line' id='line_1_76' title="bbox 9 1911 1638 1949; baseline -0.004 -7"><span class='ocrx_word' id='word_1_603' title='bbox 9 1917 51 1948; x_wconf 74' lang='lat' dir='ltr'><strong>.it,</strong></span> <span class='ocrx_word' id='word_1_604' title='bbox 75 1921 110 1943; x_wconf 86' lang='lat' dir='ltr'><strong>et</strong></span> <span class='ocrx_word' id='word_1_605' title='bbox 126 1914 165 1941; x_wconf 88' lang='lat' dir='ltr'><strong>illi</strong></span> <span class='ocrx_word' id='word_1_606' title='bbox 179 1914 324 1949; x_wconf 87' lang='lat' dir='ltr'><strong>procreati.</strong></span> <span class='ocrx_word' id='word_1_607' title='bbox 341 1914 400 1947; x_wconf 86' lang='lat' dir='ltr'><strong>Quo</strong></span> <span class='ocrx_word' id='word_1_608' title='bbox 411 1915 492 1942; x_wconf 87' lang='lat' dir='ltr'><strong>etiam</strong></span> <span class='ocrx_word' id='word_1_609' title='bbox 515 1915 651 1949; x_wconf 81' lang='lat' dir='ltr'><strong>pertinet:</strong></span> <span class='ocrx_word' id='word_1_610' title='bbox 683 1915 755 1949; x_wconf 89' lang='lat' dir='ltr'><strong>quod</strong></span> <span class='ocrx_word' id='word_1_611' title='bbox 790 1914 898 1941; x_wconf 83' lang='lat' dir='ltr'><strong>ﬁrmare</strong></span> <span class='ocrx_word' id='word_1_612' title='bbox 927 1912 1028 1939; x_wconf 86' lang='lat' dir='ltr'><strong>tonitru</strong></span> <span class='ocrx_word' id='word_1_613' title='bbox 1059 1911 1160 1938; x_wconf 89' lang='lat' dir='ltr'><strong>dicitur</strong></span> <span class='ocrx_word' id='word_1_614' title='bbox 1182 1911 1204 1944; x_wconf 81' lang='grc'>’,</span> <span class='ocrx_word' id='word_1_615' title='bbox 1219 1915 1247 1938; x_wconf 86' lang='lat' dir='ltr'><strong>et</strong></span> <span class='ocrx_word' id='word_1_616' title='bbox 1271 1916 1379 1938; x_wconf 84' lang='lat' dir='ltr'><strong>ventum</strong></span> <span class='ocrx_word' id='word_1_617' title='bbox 1394 1918 1490 1938; x_wconf 77' lang='lat' dir='ltr'><strong>creare</strong></span> <span class='ocrx_word' id='word_1_618' title='bbox 1523 1911 1551 1936; x_wconf 76' lang='grc' dir='ltr'>ἐ</span> <span class='ocrx_word' id='word_1_619' title='bbox 1571 1917 1638 1944; x_wconf 86' lang='lat' dir='ltr'><strong>quo-</strong></span> 
     </span>
    </p>
   </div>
   <div class='ocr_carea' id='block_1_77' title="bbox 9 1956 1460 1994">
    <p class='ocr_par' dir='ltr' id='par_1_77' title="bbox 9 1956 1460 1994">
     <span class='ocr_line' id='line_1_77' title="bbox 9 1956 1460 1994; baseline -0.003 -7"><span class='ocrx_word' id='word_1_620' title='bbox 9 1970 67 1988; x_wconf 78' lang='lat' dir='ltr'><strong>&#39;utn</strong></span> <span class='ocrx_word' id='word_1_621' title='bbox 85 1961 149 1994; x_wconf 83' lang='lat' dir='ltr'><strong>ipsa</strong></span> <span class='ocrx_word' id='word_1_622' title='bbox 165 1959 271 1993; x_wconf 89' lang='lat' dir='ltr'><strong>quidem</strong></span> <span class='ocrx_word' id='word_1_623' title='bbox 285 1959 355 1986; x_wconf 87' lang='lat' dir='ltr'><strong>ratio</strong></span> <span class='ocrx_word' id='word_1_624' title='bbox 371 1960 455 1987; x_wconf 87' lang='lat' dir='ltr'><strong>semel</strong></span> <span class='ocrx_word' id='word_1_625' title='bbox 469 1961 575 1988; x_wconf 84' lang='lat' dir='ltr'><strong>condita</strong></span> <span class='ocrx_word' id='word_1_626' title='bbox 600 1964 653 1993; x_wconf 86' lang='lat' dir='ltr'><strong>est,</strong></span> <span class='ocrx_word' id='word_1_627' title='bbox 677 1964 802 1988; x_wconf 66' lang='lat' dir='ltr'><strong>caeterum</strong></span> <span class='ocrx_word' id='word_1_628' title='bbox 823 1966 894 1986; x_wconf 88' lang='lat' dir='ltr'><strong>nunc</strong></span> <span class='ocrx_word' id='word_1_629' title='bbox 905 1965 1012 1992; x_wconf 80' lang='lat' dir='ltr'><strong>quoque</strong></span> <span class='ocrx_word' id='word_1_630' title='bbox 1023 1961 1152 1992; x_wconf 80' lang='lat' dir='ltr'><strong>perpetua</strong></span> <span class='ocrx_word' id='word_1_631' title='bbox 1172 1957 1213 1984; x_wconf 88' lang='lat' dir='ltr'><strong>vis</strong></span> <span class='ocrx_word' id='word_1_632' title='bbox 1228 1961 1269 1984; x_wconf 87' lang='lat' dir='ltr'><strong>est</strong></span> <span class='ocrx_word' id='word_1_633' title='bbox 1286 1963 1318 1984; x_wconf 88' lang='lat' dir='ltr'><strong>ac</strong></span> <span class='ocrx_word' id='word_1_634' title='bbox 1334 1956 1460 1983; x_wconf 78' lang='lat' dir='ltr'><strong>facultas.</strong></span> 
     </span>
    </p>
   </div>
   <div class='ocr_carea' id='block_1_78' title="bbox 121 2002 867 2041">
    <p class='ocr_par' dir='ltr' id='par_1_78' title="bbox 121 2004 805 2041">
     <span class='ocr_line' id='line_1_78' title="bbox 121 2004 805 2041; baseline 0.001 -11"><span class='ocrx_word' id='word_1_635' title='bbox 121 2004 255 2039; x_wconf 75' lang='grc' dir='ltr'><strong>Ἕϐδομον</strong></span> <span class='ocrx_word' id='word_1_636' title='bbox 280 2004 401 2039; x_wconf 79' lang='grc' dir='ltr'><strong>λεγέσθω</strong></span> <span class='ocrx_word' id='word_1_637' title='bbox 418 2005 448 2032; x_wconf 77' lang='grc' dir='ltr'><strong>τὸ</strong></span> <span class='ocrx_word' id='word_1_638' title='bbox 467 2006 683 2041; x_wconf 75' lang='grc' dir='ltr'><strong>καταϐεὸηκέναι</strong></span> <span class='ocrx_word' id='word_1_639' title='bbox 706 2006 738 2032; x_wconf 76' lang='grc' dir='ltr'><strong>ἐκ</strong></span> <span class='ocrx_word' id='word_1_640' title='bbox 757 2004 805 2032; x_wconf 83' lang='grc' dir='ltr'><strong>τοῦ</strong></span> 
     </span>
    </p>
   </div>
   <div class='ocr_carea' id='block_1_79' title="bbox 891 2002 1637 2041">
    <p class='ocr_par' dir='ltr' id='par_1_79' title="bbox 966 2002 1637 2039">
     <span class='ocr_line' id='line_1_79' title="bbox 966 2002 1637 2039; baseline 0 -8"><span class='ocrx_word' id='word_1_641' title='bbox 966 2003 1116 2039; x_wconf 84' lang='lat' dir='ltr'><strong>Septimum</strong></span> <span class='ocrx_word' id='word_1_642' title='bbox 1132 2002 1296 2038; x_wconf 80' lang='lat' dir='ltr'><strong>proferatur,</strong></span> <span class='ocrx_word' id='word_1_643' title='bbox 1325 2002 1395 2036; x_wconf 89' lang='lat' dir='ltr'><strong>quod</strong></span> <span class='ocrx_word' id='word_1_644' title='bbox 1418 2002 1501 2030; x_wconf 87' lang='lat' dir='ltr'><strong>Filius</strong></span> <span class='ocrx_word' id='word_1_645' title='bbox 1524 2009 1540 2030; x_wconf 84' lang='lat' dir='ltr'><strong>e</strong></span> <span class='ocrx_word' id='word_1_646' title='bbox 1569 2003 1637 2032; x_wconf 65' lang='lat' dir='ltr'><strong>cutio</strong></span> 
     </span>
    </p>
   </div>
   <div class='ocr_carea' id='block_1_80' title="bbox 12 2048 758 2086">
    <p class='ocr_par' dir='ltr' id='par_1_80' title="bbox 12 2048 754 2086">
     <span class='ocr_line' id='line_1_80' title="bbox 12 2048 754 2086; baseline -0.001 -9"><span class='ocrx_word' id='word_1_647' title='bbox 12 2049 131 2086; x_wconf 75' lang='grc' dir='ltr'><strong>ὑρανοῦ</strong></span> <span class='ocrx_word' id='word_1_648' title='bbox 148 2049 194 2074; x_wconf 72' lang='grc' dir='ltr'>τὸν</span> <span class='ocrx_word' id='word_1_649' title='bbox 211 2048 284 2081; x_wconf 82' lang='grc' dir='ltr'>Υιὸν,</span> <span class='ocrx_word' id='word_1_650' title='bbox 302 2048 351 2084; x_wconf 81' lang='grc' dir='ltr'>οὐχ</span> <span class='ocrx_word' id='word_1_651' title='bbox 372 2049 415 2076; x_wconf 74' lang='grc' dir='ltr'>ἵνα</span> <span class='ocrx_word' id='word_1_652' title='bbox 435 2051 497 2085; x_wconf 83' lang='grc' dir='ltr'>ποιῇ</span> <span class='ocrx_word' id='word_1_653' title='bbox 519 2050 549 2076; x_wconf 85' lang='grc' dir='ltr'>τὺ</span> <span class='ocrx_word' id='word_1_654' title='bbox 565 2049 670 2085; x_wconf 85' lang='grc' dir='ltr'>θέλημα</span> <span class='ocrx_word' id='word_1_655' title='bbox 691 2050 722 2076; x_wconf 79' lang='grc' dir='ltr'>τὸ</span> <span class='ocrx_word' id='word_1_656' title='bbox 742 2050 754 2076; x_wconf 86' lang='grc' dir='ltr'><strong>έ</strong></span> 
     </span>
    </p>
   </div>
   <div class='ocr_carea' id='block_1_81' title="bbox 890 2048 1636 2086">
    <p class='ocr_par' dir='ltr' id='par_1_81' title="bbox 890 2049 1636 2082">
     <span class='ocr_line' id='line_1_81' title="bbox 890 2049 1636 2082; baseline 0 -5"><span class='ocrx_word' id='word_1_657' title='bbox 890 2050 1029 2078; x_wconf 81' lang='lat' dir='ltr'><strong>scentlisse</strong></span> <span class='ocrx_word' id='word_1_658' title='bbox 1044 2049 1154 2082; x_wconf 90' lang='lat' dir='ltr'><strong>dicitur,</strong></span> <span class='ocrx_word' id='word_1_659' title='bbox 1175 2056 1227 2076; x_wconf 89' lang='lat' dir='ltr'><strong>non</strong></span> <span class='ocrx_word' id='word_1_660' title='bbox 1242 2052 1271 2076; x_wconf 87' lang='lat' dir='ltr'><strong>ut</strong></span> <span class='ocrx_word' id='word_1_661' title='bbox 1281 2049 1447 2076; x_wconf 77' lang='lat' dir='ltr'><strong>voluntatem</strong></span> <span class='ocrx_word' id='word_1_662' title='bbox 1561 2057 1636 2078; x_wconf 86' lang='lat' dir='ltr'><strong>suam</strong></span> 
     </span>
    </p>
   </div>
   <div class='ocr_carea' id='block_1_82' title="bbox 11 2092 757 2130">
    <p class='ocr_par' dir='ltr' id='par_1_82' title="bbox 11 2093 743 2130">
     <span class='ocr_line' id='line_1_82' title="bbox 11 2093 743 2130; baseline 0.001 -9"><span class='ocrx_word' id='word_1_663' title='bbox 11 2095 63 2128; x_wconf 78' lang='grc' dir='ltr'><strong>οὗ,</strong></span> <span class='ocrx_word' id='word_1_664' title='bbox 87 2093 163 2120; x_wconf 77' lang='grc' dir='ltr'>ἀλλὰ</span> <span class='ocrx_word' id='word_1_665' title='bbox 183 2094 213 2119; x_wconf 83' lang='grc' dir='ltr'>τὸ</span> <span class='ocrx_word' id='word_1_666' title='bbox 234 2093 281 2119; x_wconf 83' lang='grc' dir='ltr'><strong>τοῦ</strong></span> <span class='ocrx_word' id='word_1_667' title='bbox 378 2094 544 2129; x_wconf 80' lang='grc' dir='ltr'>πέμψαντος.</span> <span class='ocrx_word' id='word_1_668' title='bbox 569 2095 600 2121; x_wconf 78' lang='lat' dir='ltr'><strong>Ei</strong></span> <span class='ocrx_word' id='word_1_669' title='bbox 624 2095 674 2130; x_wconf 83' lang='grc' dir='ltr'>μὲν</span> <span class='ocrx_word' id='word_1_670' title='bbox 696 2093 743 2122; x_wconf 71' lang='grc' dir='ltr'><strong>οὖν</strong></span> 
     </span>
    </p>
   </div>
   <div class='ocr_carea' id='block_1_83' title="bbox 891 2092 1637 2130">
    <p class='ocr_par' dir='ltr' id='par_1_83' title="bbox 891 2092 1637 2129">
     <span class='ocr_line' id='line_1_83' title="bbox 891 2092 1637 2129; baseline -0.001 -7"><span class='ocrx_word' id='word_1_671' title='bbox 891 2096 946 2129; x_wconf 84' lang='lat' dir='ltr'><strong>:iat,</strong></span> <span class='ocrx_word' id='word_1_672' title='bbox 962 2095 1009 2122; x_wconf 78' lang='lat' dir='ltr'><strong>sed</strong></span> <span class='ocrx_word' id='word_1_673' title='bbox 1024 2094 1082 2129; x_wconf 87' lang='lat' dir='ltr'><strong>ejus</strong></span> <span class='ocrx_word' id='word_1_674' title='bbox 1111 2102 1127 2120; x_wconf 87' lang='lat' dir='ltr'><strong>a</strong></span> <span class='ocrx_word' id='word_1_675' title='bbox 1147 2101 1200 2128; x_wconf 89' lang='lat' dir='ltr'><strong>quo</strong></span> <span class='ocrx_word' id='word_1_676' title='bbox 1230 2093 1330 2121; x_wconf 81' lang='lat' dir='ltr'><strong>missus</strong></span> <span class='ocrx_word' id='word_1_677' title='bbox 1343 2097 1384 2121; x_wconf 88' lang='lat' dir='ltr'><strong>est.</strong></span> <span class='ocrx_word' id='word_1_678' title='bbox 1410 2093 1432 2120; x_wconf 78' lang='grc'><strong>⁸.</strong></span> <span class='ocrx_word' id='word_1_679' title='bbox 1455 2092 1527 2122; x_wconf 86' lang='lat' dir='ltr'><strong>Sane</strong></span> <span class='ocrx_word' id='word_1_680' title='bbox 1540 2094 1590 2121; x_wconf 82' lang='lat' dir='ltr'><strong>nisi</strong></span> <span class='ocrx_word' id='word_1_681' title='bbox 1604 2097 1637 2122; x_wconf 86' lang='lat' dir='ltr'><strong>ab</strong></span> 
     </span>
    </p>
   </div>
   <div class='ocr_carea' id='block_1_84' title="bbox 10 2138 756 2175">
    <p class='ocr_par' dir='ltr' id='par_1_84' title="bbox 10 2138 756 2175">
     <span class='ocr_line' id='line_1_84' title="bbox 10 2138 756 2175; baseline -0.001 -8"><span class='ocrx_word' id='word_1_682' title='bbox 10 2140 88 2175; x_wconf 66' lang='grc' dir='ltr'>παρὰ</span> <span class='ocrx_word' id='word_1_683' title='bbox 103 2138 155 2165; x_wconf 81' lang='grc' dir='ltr'><strong>τοῦ</strong></span> <span class='ocrx_word' id='word_1_684' title='bbox 172 2138 384 2174; x_wconf 74' lang='grc' dir='ltr'>κατεληλυθότος</span> <span class='ocrx_word' id='word_1_685' title='bbox 398 2139 480 2166; x_wconf 80' lang='grc' dir='ltr'>αὑτοῦ</span> <span class='ocrx_word' id='word_1_686' title='bbox 494 2139 580 2166; x_wconf 85' lang='grc' dir='ltr'>ταῦτα</span> <span class='ocrx_word' id='word_1_687' title='bbox 595 2139 713 2174; x_wconf 76' lang='grc' dir='ltr'><strong>ἐλέγετο,</strong></span> <span class='ocrx_word' id='word_1_688' title='bbox 731 2140 756 2166; x_wconf 76' lang='grc' dir='ltr'><strong>εῑ</strong></span> 
     </span>
    </p>
   </div>
   <div class='ocr_carea' id='block_1_85' title="bbox 891 2138 1637 2175">
    <p class='ocr_par' dir='ltr' id='par_1_85' title="bbox 891 2139 1637 2175">
     <span class='ocr_line' id='line_1_85' title="bbox 891 2139 1637 2175; baseline 0 -7"><span class='ocrx_word' id='word_1_689' title='bbox 891 2148 901 2167; x_wconf 69' lang='grc' dir='ltr'><strong>ι</strong></span> <span class='ocrx_word' id='word_1_690' title='bbox 913 2140 982 2175; x_wconf 85' lang='lat' dir='ltr'><strong>ipso.</strong></span> <span class='ocrx_word' id='word_1_691' title='bbox 996 2140 1042 2175; x_wconf 89' lang='lat' dir='ltr'><strong>qui</strong></span> <span class='ocrx_word' id='word_1_692' title='bbox 1053 2140 1201 2171; x_wconf 83' lang='lat' dir='ltr'><strong>descendit.</strong></span> <span class='ocrx_word' id='word_1_693' title='bbox 1219 2139 1262 2166; x_wconf 89' lang='lat' dir='ltr'><strong>hic</strong></span> <span class='ocrx_word' id='word_1_694' title='bbox 1274 2146 1363 2167; x_wconf 85' lang='lat' dir='ltr'><strong>sermo</strong></span> <span class='ocrx_word' id='word_1_695' title='bbox 1377 2139 1532 2172; x_wconf 85' lang='lat' dir='ltr'><strong>haberetur,</strong></span> <span class='ocrx_word' id='word_1_696' title='bbox 1546 2140 1637 2168; x_wconf 87' lang='lat' dir='ltr'><strong>dicere</strong></span> 
     </span>
    </p>
   </div>
   <div class='ocr_carea' id='block_1_86' title="bbox 10 2183 756 2220">
    <p class='ocr_par' dir='ltr' id='par_1_86' title="bbox 10 2184 756 2220">
     <span class='ocr_line' id='line_1_86' title="bbox 10 2184 756 2220; baseline -0.001 -8"><span class='ocrx_word' id='word_1_697' title='bbox 10 2196 54 2213; x_wconf 77' lang='lat' dir='ltr'><strong>LEV</strong></span> <span class='ocrx_word' id='word_1_698' title='bbox 72 2186 115 2212; x_wconf 79' lang='grc' dir='ltr'><strong>ἂν</strong></span> <span class='ocrx_word' id='word_1_699' title='bbox 129 2184 169 2215; x_wconf 83' lang='grc' dir='ltr'>ὡς</span> <span class='ocrx_word' id='word_1_700' title='bbox 181 2185 256 2220; x_wconf 76' lang='grc' dir='ltr'>παρὰ</span> <span class='ocrx_word' id='word_1_701' title='bbox 269 2185 316 2211; x_wconf 84' lang='grc' dir='ltr'><strong>τοῦ</strong></span> <span class='ocrx_word' id='word_1_702' title='bbox 333 2184 477 2220; x_wconf 79' lang='grc' dir='ltr'>ἀνθρώπου</span> <span class='ocrx_word' id='word_1_703' title='bbox 497 2185 647 2212; x_wconf 77' lang='grc' dir='ltr'>τυποῦσθαι</span> <span class='ocrx_word' id='word_1_704' title='bbox 658 2185 703 2212; x_wconf 74' lang='grc' dir='ltr'>τὸν</span> <span class='ocrx_word' id='word_1_705' title='bbox 714 2185 756 2219; x_wconf 64' lang='grc' dir='ltr'><strong>λόγ</strong></span> 
     </span>
    </p>
   </div>
   <div class='ocr_carea' id='block_1_87' title="bbox 890 2183 1636 2220">
    <p class='ocr_par' dir='ltr' id='par_1_87' title="bbox 890 2183 1636 2220">
     <span class='ocr_line' id='line_1_87' title="bbox 890 2183 1636 2220; baseline 0.001 -8"><span class='ocrx_word' id='word_1_706' title='bbox 890 2192 1003 2217; x_wconf 83' lang='lat' dir='ltr'><strong>ssemus.</strong></span> <span class='ocrx_word' id='word_1_707' title='bbox 1021 2185 1078 2211; x_wconf 80' lang='lat' dir='ltr'><strong>Inec</strong></span> <span class='ocrx_word' id='word_1_708' title='bbox 1093 2183 1174 2211; x_wconf 84' lang='lat' dir='ltr'><strong>verba</strong></span> <span class='ocrx_word' id='word_1_709' title='bbox 1191 2183 1263 2211; x_wconf 87' lang='lat' dir='ltr'><strong>velut</strong></span> <span class='ocrx_word' id='word_1_710' title='bbox 1280 2185 1313 2210; x_wconf 91' lang='lat' dir='ltr'><strong>ab</strong></span> <span class='ocrx_word' id='word_1_711' title='bbox 1329 2184 1439 2211; x_wconf 87' lang='lat' dir='ltr'><strong>homine</strong></span> <span class='ocrx_word' id='word_1_712' title='bbox 1449 2185 1636 2220; x_wconf 87' lang='lat' dir='ltr'><strong>exprimi,non</strong></span> 
     </span>
    </p>
   </div>
   <div class='ocr_carea' id='block_1_88' title="bbox 10 2228 756 2267">
    <p class='ocr_par' dir='ltr' id='par_1_88' title="bbox 10 2230 756 2266">
     <span class='ocr_line' id='line_1_88' title="bbox 10 2230 756 2266; baseline -0.004 -7"><span class='ocrx_word' id='word_1_713' title='bbox 10 2233 27 2259; x_wconf 81' lang='grc' dir='ltr'>ὑ</span> <span class='ocrx_word' id='word_1_714' title='bbox 52 2230 112 2258; x_wconf 78' lang='grc' dir='ltr'>τοῦ</span> <span class='ocrx_word' id='word_1_715' title='bbox 128 2230 200 2256; x_wconf 79' lang='grc' dir='ltr'>κατὰ</span> <span class='ocrx_word' id='word_1_716' title='bbox 219 2230 264 2256; x_wconf 81' lang='grc' dir='ltr'>τὸν</span> <span class='ocrx_word' id='word_1_717' title='bbox 279 2230 393 2265; x_wconf 85' lang='grc' dir='ltr'><strong>Σωτῆρα</strong></span> <span class='ocrx_word' id='word_1_718' title='bbox 405 2231 549 2265; x_wconf 79' lang='grc' dir='ltr'>νοουμένου</span> <span class='ocrx_word' id='word_1_719' title='bbox 565 2230 611 2265; x_wconf 80' lang='grc' dir='ltr'>(τὸ</span> <span class='ocrx_word' id='word_1_720' title='bbox 625 2230 680 2266; x_wconf 83' lang='grc' dir='ltr'>γὰρ</span> <span class='ocrx_word' id='word_1_721' title='bbox 700 2231 756 2257; x_wconf 81' lang='grc' dir='ltr'>ἐκεί</span> 
     </span>
    </p>
   </div>
   <div class='ocr_carea' id='block_1_89' title="bbox 888 2228 1634 2267">
    <p class='ocr_par' dir='ltr' id='par_1_89' title="bbox 890 2228 1634 2264">
     <span class='ocr_line' id='line_1_89' title="bbox 890 2228 1634 2264; baseline 0.003 -8"><span class='ocrx_word' id='word_1_722' title='bbox 890 2231 907 2257; x_wconf 82' lang='lat' dir='ltr'><strong>ti</strong></span> <span class='ocrx_word' id='word_1_723' title='bbox 923 2231 955 2257; x_wconf 83' lang='lat' dir='ltr'><strong>de</strong></span> <span class='ocrx_word' id='word_1_724' title='bbox 972 2229 1111 2258; x_wconf 85' lang='lat' dir='ltr'><strong>Salvatore</strong></span> <span class='ocrx_word' id='word_1_725' title='bbox 1126 2229 1292 2264; x_wconf 74' lang='lat' dir='ltr'><strong>intelligatur</strong></span> <span class='ocrx_word' id='word_1_726' title='bbox 1309 2228 1391 2264; x_wconf 84' lang='lat' dir='ltr'><strong>(illius</strong></span> <span class='ocrx_word' id='word_1_727' title='bbox 1413 2229 1634 2263; x_wconf 72' lang='lat' dir='ltr'><strong>enitnvoluntas,</strong></span> 
     </span>
    </p>
   </div>
   <div class='ocr_carea' id='block_1_90' title="bbox 10 2274 756 2310">
    <p class='ocr_par' dir='ltr' id='par_1_90' title="bbox 10 2274 738 2310">
     <span class='ocr_line' id='line_1_90' title="bbox 10 2274 738 2310; baseline -0.005 -5"><span class='ocrx_word' id='word_1_728' title='bbox 10 2278 100 2305; x_wconf 78' lang='grc' dir='ltr'>ἑλειν</span> <span class='ocrx_word' id='word_1_729' title='bbox 120 2274 182 2302; x_wconf 84' lang='grc' dir='ltr'><strong>οὐδὲ</strong></span> <span class='ocrx_word' id='word_1_730' title='bbox 199 2274 356 2302; x_wconf 79' lang='grc' dir='ltr'>ὑπεναντίον</span> <span class='ocrx_word' id='word_1_731' title='bbox 370 2274 440 2310; x_wconf 84' lang='grc' dir='ltr'><strong>Θεῷ,</strong></span> <span class='ocrx_word' id='word_1_732' title='bbox 458 2275 557 2302; x_wconf 81' lang='grc' dir='ltr'><strong>θεωοὲν</strong></span> <span class='ocrx_word' id='word_1_733' title='bbox 577 2275 646 2310; x_wconf 81' lang='grc' dir='ltr'>ὅλον)</span> <span class='ocrx_word' id='word_1_734' title='bbox 670 2275 738 2302; x_wconf 78' lang='grc' dir='ltr'>ἀλλὰ</span> 
     </span>
    </p>
   </div>
   <div class='ocr_carea' id='block_1_91' title="bbox 892 2274 1638 2310">
    <p class='ocr_par' dir='ltr' id='par_1_91' title="bbox 892 2274 1638 2309">
     <span class='ocr_line' id='line_1_91' title="bbox 892 2274 1638 2309; baseline 0.001 -6"><span class='ocrx_word' id='word_1_735' title='bbox 892 2284 914 2303; x_wconf 88' lang='grc' dir='ltr'><strong>ιιι</strong></span> <span class='ocrx_word' id='word_1_736' title='bbox 932 2280 987 2303; x_wconf 88' lang='lat' dir='ltr'><strong>tota</strong></span> <span class='ocrx_word' id='word_1_737' title='bbox 1005 2275 1131 2303; x_wconf 79' lang='lat' dir='ltr'><strong>deiﬁcata</strong></span> <span class='ocrx_word' id='word_1_738' title='bbox 1142 2275 1188 2307; x_wconf 86' lang='lat' dir='ltr'><strong>sit,</strong></span> <span class='ocrx_word' id='word_1_739' title='bbox 1210 2275 1264 2301; x_wconf 89' lang='lat' dir='ltr'><strong>Deo</strong></span> <span class='ocrx_word' id='word_1_740' title='bbox 1279 2274 1372 2309; x_wconf 87' lang='lat' dir='ltr'><strong>procul</strong></span> <span class='ocrx_word' id='word_1_741' title='bbox 1384 2275 1464 2303; x_wconf 90' lang='lat' dir='ltr'><strong>dubio</strong></span> <span class='ocrx_word' id='word_1_742' title='bbox 1475 2283 1528 2303; x_wconf 90' lang='lat' dir='ltr'><strong>non</strong></span> <span class='ocrx_word' id='word_1_743' title='bbox 1542 2278 1638 2304; x_wconf 85' lang='lat' dir='ltr'><strong>adver-</strong></span> 
     </span>
    </p>
   </div>
   <div class='ocr_carea' id='block_1_92' title="bbox 10 2320 756 2357">
    <p class='ocr_par' dir='ltr' id='par_1_92' title="bbox 10 2320 750 2357">
     <span class='ocr_line' id='line_1_92' title="bbox 10 2320 750 2357; baseline 0.003 -11"><span class='ocrx_word' id='word_1_744' title='bbox 10 2323 65 2350; x_wconf 71' lang='lat' dir='ltr'><strong>ae‘</strong></span> <span class='ocrx_word' id='word_1_745' title='bbox 82 2321 177 2357; x_wconf 78' lang='grc' dir='ltr'>ἡμᾶς,</span> <span class='ocrx_word' id='word_1_746' title='bbox 199 2320 237 2352; x_wconf 83' lang='grc' dir='ltr'>ὡς</span> <span class='ocrx_word' id='word_1_747' title='bbox 262 2320 309 2347; x_wconf 81' lang='grc' dir='ltr'><strong>τοῦ</strong></span> <span class='ocrx_word' id='word_1_748' title='bbox 333 2320 502 2356; x_wconf 78' lang='grc' dir='ltr'>ἀνθρωπίνου</span> <span class='ocrx_word' id='word_1_749' title='bbox 601 2321 750 2357; x_wconf 79' lang='grc' dir='ltr'><strong>θελήματος</strong></span> 
     </span>
    </p>
   </div>
   <div class='ocr_carea' id='block_1_93' title="bbox 889 2320 1635 2357">
    <p class='ocr_par' dir='ltr' id='par_1_93' title="bbox 889 2320 1635 2357">
     <span class='ocr_line' id='line_1_93' title="bbox 889 2320 1635 2357; baseline 0 -8"><span class='ocrx_word' id='word_1_750' title='bbox 889 2321 955 2357; x_wconf 86' lang='lat' dir='ltr'><strong>tur);</strong></span> <span class='ocrx_word' id='word_1_751' title='bbox 975 2321 1021 2349; x_wconf 83' lang='lat' dir='ltr'><strong>sed</strong></span> <span class='ocrx_word' id='word_1_752' title='bbox 1051 2321 1097 2355; x_wconf 86' lang='lat' dir='ltr'><strong>qui</strong></span> <span class='ocrx_word' id='word_1_753' title='bbox 1127 2325 1226 2347; x_wconf 62' lang='lat' dir='ltr'><strong>nostra;</strong></span> <span class='ocrx_word' id='word_1_754' title='bbox 1259 2320 1423 2348; x_wconf 83' lang='lat' dir='ltr'><strong>conditionis</strong></span> <span class='ocrx_word' id='word_1_755' title='bbox 1445 2321 1489 2348; x_wconf 83' lang='lat' dir='ltr'><strong>sit.</strong></span> <span class='ocrx_word' id='word_1_756' title='bbox 1513 2321 1635 2349; x_wconf 83' lang='lat' dir='ltr'><strong>Humana</strong></span> 
     </span>
    </p>
   </div>
   <div class='ocr_carea' id='block_1_94' title="bbox 10 2366 804 2402">
    <p class='ocr_par' dir='ltr' id='par_1_94' title="bbox 10 2366 804 2402">
     <span class='ocr_line' id='line_1_94' title="bbox 10 2366 804 2402; baseline 0.003 -10"><span class='ocrx_word' id='word_1_757' title='bbox 10 2369 126 2398; x_wconf 67' lang='grc' dir='ltr'>άντως</span> <span class='ocrx_word' id='word_1_758' title='bbox 152 2366 285 2401; x_wconf 78' lang='grc' dir='ltr'>ἑπομένου</span> <span class='ocrx_word' id='word_1_759' title='bbox 304 2366 343 2402; x_wconf 84' lang='grc' dir='ltr'>τῷ</span> <span class='ocrx_word' id='word_1_760' title='bbox 363 2366 437 2402; x_wconf 82' lang='grc' dir='ltr'>θείῳ,</span> <span class='ocrx_word' id='word_1_761' title='bbox 460 2366 517 2393; x_wconf 73' lang='grc' dir='ltr'>ἀλλ’</span> <span class='ocrx_word' id='word_1_762' title='bbox 533 2367 749 2400; x_wconf 80' lang='grc' dir='ltr'>ἀντιπίπτοντος,</span> <span class='ocrx_word' id='word_1_763' title='bbox 765 2368 804 2399; x_wconf 79' lang='grc' dir='ltr'>ὡς</span> 
     </span>
    </p>
   </div>
   <div class='ocr_carea' id='block_1_95' title="bbox 10 2411 803 2448">
    <p class='ocr_par' dir='ltr' id='par_1_95' title="bbox 10 2411 803 2448">
     <span class='ocr_line' id='line_1_95' title="bbox 10 2411 803 2448; baseline 0 -8"><span class='ocrx_word' id='word_1_764' title='bbox 10 2416 27 2441; x_wconf 70' lang='grc' dir='ltr'>ὰ</span> <span class='ocrx_word' id='word_1_765' title='bbox 47 2411 161 2443; x_wconf 78' lang='grc' dir='ltr'>πολλὰ,</span> <span class='ocrx_word' id='word_1_766' title='bbox 178 2412 225 2439; x_wconf 71' lang='grc' dir='ltr'><strong>καὶ</strong></span> <span class='ocrx_word' id='word_1_767' title='bbox 239 2412 468 2444; x_wconf 81' lang='grc' dir='ltr'><strong>ἀντιπαλαίοντος.</strong></span> <span class='ocrx_word' id='word_1_768' title='bbox 482 2413 538 2439; x_wconf 76' lang='grc' dir='ltr'><strong>Καὶ</strong></span> <span class='ocrx_word' id='word_1_769' title='bbox 549 2413 603 2448; x_wconf 88' lang='grc' dir='ltr'><strong>γὰρ</strong></span> <span class='ocrx_word' id='word_1_770' title='bbox 619 2414 707 2440; x_wconf 73' lang='grc' dir='ltr'>έκεῖνο</span> <span class='ocrx_word' id='word_1_771' title='bbox 718 2413 803 2445; x_wconf 76' lang='grc' dir='ltr'>οὕτως</span> 
     </span>
    </p>
   </div>
   <div class='ocr_carea' id='block_1_96' title="bbox 10 2457 802 2494">
    <p class='ocr_par' dir='ltr' id='par_1_96' title="bbox 10 2457 802 2494">
     <span class='ocr_line' id='line_1_96' title="bbox 10 2457 802 2494; baseline -0.003 -8"><span class='ocrx_word' id='word_1_772' title='bbox 10 2461 111 2494; x_wconf 64' lang='grc' dir='ltr'>νοήσα</span> <span class='ocrx_word' id='word_1_773' title='bbox 117 2465 168 2492; x_wconf 84' lang='grc' dir='ltr'><strong>μεν</strong></span> <span class='ocrx_word' id='word_1_774' title='bbox 186 2457 216 2483; x_wconf 90' lang='grc' dir='ltr'>τό</span> <span class='ocrx_word' id='word_1_775' title='bbox 227 2465 234 2472; x_wconf 91' lang='grc'><strong>·</strong></span> <span class='ocrx_word' id='word_1_776' title='bbox 249 2457 356 2491; x_wconf 79' lang='grc' dir='ltr'><strong>Πάτερ,</strong></span> <span class='ocrx_word' id='word_1_777' title='bbox 373 2458 400 2484; x_wconf 84' lang='grc' dir='ltr'><strong>ει</strong></span> <span class='ocrx_word' id='word_1_778' title='bbox 415 2457 555 2490; x_wconf 73' lang='grc' dir='ltr'><strong>δυνατὸν,</strong></span> <span class='ocrx_word' id='word_1_779' title='bbox 569 2458 737 2492; x_wconf 81' lang='grc' dir='ltr'>παρελθέτω</span> <span class='ocrx_word' id='word_1_780' title='bbox 752 2458 802 2485; x_wconf 82' lang='grc' dir='ltr'><strong>ἀπ’</strong></span> 
     </span>
    </p>
   </div>
   <div class='ocr_carea' id='block_1_97' title="bbox 10 2501 801 2536">
    <p class='ocr_par' dir='ltr' id='par_1_97' title="bbox 10 2501 801 2536">
     <span class='ocr_line' id='line_1_97' title="bbox 10 2501 801 2536; baseline -0.001 -6"><span class='ocrx_word' id='word_1_781' title='bbox 10 2504 76 2532; x_wconf 73' lang='grc' dir='ltr'>αοῦ</span> <span class='ocrx_word' id='word_1_782' title='bbox 93 2501 135 2528; x_wconf 84' lang='grc' dir='ltr'>τὸ</span> <span class='ocrx_word' id='word_1_783' title='bbox 149 2501 294 2535; x_wconf 79' lang='grc' dir='ltr'>ποτήριον</span> <span class='ocrx_word' id='word_1_784' title='bbox 308 2502 397 2529; x_wconf 84' lang='grc' dir='ltr'>τοῦτο</span> <span class='ocrx_word' id='word_1_785' title='bbox 407 2510 413 2517; x_wconf 90' lang='grc'><strong>·</strong></span> <span class='ocrx_word' id='word_1_786' title='bbox 428 2501 512 2536; x_wconf 76' lang='grc' dir='ltr'><strong>πλὴν</strong></span> <span class='ocrx_word' id='word_1_787' title='bbox 531 2503 588 2536; x_wconf 79' lang='grc' dir='ltr'><strong>οὐχ</strong></span> <span class='ocrx_word' id='word_1_788' title='bbox 607 2501 623 2528; x_wconf 81' lang='grc' dir='ltr'>ὃ</span> <span class='ocrx_word' id='word_1_789' title='bbox 638 2501 696 2536; x_wconf 77' lang='grc' dir='ltr'><strong>ἐγὼ</strong></span> <span class='ocrx_word' id='word_1_790' title='bbox 714 2502 801 2533; x_wconf 79' lang='grc' dir='ltr'>θέλω,</span> 
     </span>
    </p>
   </div>
   <div class='ocr_carea' id='block_1_98' title="bbox 10 2547 800 2584">
    <p class='ocr_par' dir='ltr' id='par_1_98' title="bbox 10 2547 800 2584">
     <span class='ocr_line' id='line_1_98' title="bbox 10 2547 800 2584; baseline -0.001 -8"><span class='ocrx_word' id='word_1_791' title='bbox 10 2549 89 2578; x_wconf 76' lang='grc' dir='ltr'><strong>,ιλὰ</strong></span> <span class='ocrx_word' id='word_1_792' title='bbox 110 2547 147 2579; x_wconf 64' lang='grc' dir='ltr'><strong>τὸ</strong></span> <span class='ocrx_word' id='word_1_793' title='bbox 163 2547 221 2574; x_wconf 79' lang='grc' dir='ltr'>σὸν</span> <span class='ocrx_word' id='word_1_794' title='bbox 231 2547 359 2582; x_wconf 77' lang='grc' dir='ltr'><strong>ισκυέτω</strong></span> <span class='ocrx_word' id='word_1_795' title='bbox 370 2548 493 2582; x_wconf 80' lang='grc' dir='ltr'><strong>θέλημα.</strong></span> <span class='ocrx_word' id='word_1_796' title='bbox 513 2547 580 2574; x_wconf 73' lang='grc' dir='ltr'><strong>Οὔτε</strong></span> <span class='ocrx_word' id='word_1_797' title='bbox 599 2548 663 2584; x_wconf 84' lang='grc' dir='ltr'>γὰρ,</span> <span class='ocrx_word' id='word_1_798' title='bbox 683 2549 707 2574; x_wconf 82' lang='grc' dir='ltr'><strong>ει</strong></span> <span class='ocrx_word' id='word_1_799' title='bbox 725 2548 800 2575; x_wconf 87' lang='grc' dir='ltr'>δυνα-</span> 
     </span>
    </p>
   </div>
   <div class='ocr_carea' id='block_1_99' title="bbox 10 2593 800 2629">
    <p class='ocr_par' dir='ltr' id='par_1_99' title="bbox 10 2593 800 2629">
     <span class='ocr_line' id='line_1_99' title="bbox 10 2593 800 2629; baseline -0.003 -7"><span class='ocrx_word' id='word_1_800' title='bbox 10 2597 53 2627; x_wconf 60' lang='lat' dir='ltr'><strong>iv,</strong></span> <span class='ocrx_word' id='word_1_801' title='bbox 75 2595 97 2629; x_wconf 83' lang='grc' dir='ltr'><strong>ἢ</strong></span> <span class='ocrx_word' id='word_1_802' title='bbox 121 2593 173 2628; x_wconf 85' lang='grc' dir='ltr'><strong>μὴ,</strong></span> <span class='ocrx_word' id='word_1_803' title='bbox 191 2593 271 2620; x_wconf 77' lang='grc' dir='ltr'>τοῦτο</span> <span class='ocrx_word' id='word_1_804' title='bbox 289 2593 395 2628; x_wconf 73' lang='grc' dir='ltr'>ἀγνοεῖν</span> <span class='ocrx_word' id='word_1_805' title='bbox 411 2594 512 2620; x_wconf 76' lang='grc' dir='ltr'>ἐκεῖνον</span> <span class='ocrx_word' id='word_1_806' title='bbox 528 2593 612 2626; x_wconf 77' lang='grc' dir='ltr'>εἰκὸς,</span> <span class='ocrx_word' id='word_1_807' title='bbox 630 2593 690 2620; x_wconf 81' lang='grc' dir='ltr'>οὕτε</span> <span class='ocrx_word' id='word_1_808' title='bbox 705 2594 743 2629; x_wconf 81' lang='grc' dir='ltr'><strong>τῷ</strong></span> <span class='ocrx_word' id='word_1_809' title='bbox 757 2594 800 2621; x_wconf 85' lang='grc' dir='ltr'><strong>θε-</strong></span> 
     </span>
    </p>
   </div>
   <div class='ocr_carea' id='block_1_100' title="bbox 11 2639 801 2678">
    <p class='ocr_par' dir='ltr' id='par_1_100' title="bbox 11 2639 801 2678">
     <span class='ocr_line' id='line_1_100' title="bbox 11 2639 801 2678; baseline -0.001 -11"><span class='ocrx_word' id='word_1_810' title='bbox 11 2644 113 2678; x_wconf 64' lang='grc' dir='ltr'>ξματι</span> <span class='ocrx_word' id='word_1_811' title='bbox 139 2639 326 2675; x_wconf 79' lang='grc' dir='ltr'>ἀντεισφέρειν</span> <span class='ocrx_word' id='word_1_812' title='bbox 348 2640 378 2666; x_wconf 83' lang='grc' dir='ltr'>τὸ</span> <span class='ocrx_word' id='word_1_813' title='bbox 397 2639 511 2675; x_wconf 85' lang='grc' dir='ltr'>θέλημα.</span> <span class='ocrx_word' id='word_1_814' title='bbox 537 2639 613 2666; x_wconf 80' lang='grc' dir='ltr'><strong>Ἐπεὶ</strong></span> <span class='ocrx_word' id='word_1_815' title='bbox 633 2639 680 2671; x_wconf 79' lang='grc' dir='ltr'><strong>δὲ,</strong></span> <span class='ocrx_word' id='word_1_816' title='bbox 764 2640 801 2673; x_wconf 81' lang='grc' dir='ltr'>ὡς</span> 
     </span>
    </p>
   </div>
   <div class='ocr_carea' id='block_1_101' title="bbox 11 2682 802 2722">
    <p class='ocr_par' dir='ltr' id='par_1_101' title="bbox 11 2682 802 2722">
     <span class='ocr_line' id='line_1_101' title="bbox 11 2682 802 2722; baseline -0.003 -11"><span class='ocrx_word' id='word_1_817' title='bbox 11 2687 80 2722; x_wconf 65' lang='grc' dir='ltr'><strong>αρὶ</strong></span> <span class='ocrx_word' id='word_1_818' title='bbox 100 2683 153 2710; x_wconf 74' lang='grc' dir='ltr'><strong>τοῦ</strong></span> <span class='ocrx_word' id='word_1_819' title='bbox 170 2683 367 2719; x_wconf 71' lang='grc' dir='ltr'>προσλαϐόντος</span> <span class='ocrx_word' id='word_1_820' title='bbox 382 2685 396 2710; x_wconf 84' lang='grc' dir='ltr'>ὁ</span> <span class='ocrx_word' id='word_1_821' title='bbox 409 2684 487 2718; x_wconf 81' lang='grc' dir='ltr'>λόγος</span> <span class='ocrx_word' id='word_1_822' title='bbox 506 2683 594 2715; x_wconf 84' lang='grc' dir='ltr'>(τοῦτο</span> <span class='ocrx_word' id='word_1_823' title='bbox 611 2682 666 2718; x_wconf 89' lang='grc' dir='ltr'>γὰρ</span> <span class='ocrx_word' id='word_1_824' title='bbox 690 2682 720 2709; x_wconf 83' lang='grc' dir='ltr'>τὺ</span> <span class='ocrx_word' id='word_1_825' title='bbox 736 2691 802 2709; x_wconf 82' lang='grc' dir='ltr'>κατ-</span> 
     </span>
    </p>
   </div>
   <div class='ocr_carea' id='block_1_102' title="bbox 11 2728 801 2768">
    <p class='ocr_par' dir='ltr' id='par_1_102' title="bbox 11 2728 801 2768">
     <span class='ocr_line' id='line_1_102' title="bbox 11 2728 801 2768; baseline -0.006 -9"><span class='ocrx_word' id='word_1_826' title='bbox 11 2729 200 2768; x_wconf 74' lang='grc' dir='ltr'><strong>.ηλυοὺς),οὺ</strong></span> <span class='ocrx_word' id='word_1_827' title='bbox 209 2728 254 2755; x_wconf 75' lang='grc' dir='ltr'>τοῦ</span> <span class='ocrx_word' id='word_1_828' title='bbox 263 2729 482 2765; x_wconf 81' lang='grc' dir='ltr'>προσλὴμματος,</span> <span class='ocrx_word' id='word_1_829' title='bbox 490 2728 574 2761; x_wconf 77' lang='grc' dir='ltr'>οὕτως</span> <span class='ocrx_word' id='word_1_830' title='bbox 581 2728 801 2764; x_wconf 80' lang='grc' dir='ltr'><strong>ἅπαντησόμεθαο</strong></span> 
     </span>
    </p>
   </div>
   <div class='ocr_carea' id='block_1_103' title="bbox 11 2774 802 2814">
    <p class='ocr_par' dir='ltr' id='par_1_103' title="bbox 11 2774 802 2814">
     <span class='ocr_line' id='line_1_103' title="bbox 11 2774 802 2814; baseline -0.005 -10"><span class='ocrx_word' id='word_1_831' title='bbox 11 2789 39 2814; x_wconf 75' lang='grc' dir='ltr'><strong>ιχ</strong></span> <span class='ocrx_word' id='word_1_832' title='bbox 61 2778 113 2808; x_wconf 80' lang='grc' dir='ltr'>ὡς</span> <span class='ocrx_word' id='word_1_833' title='bbox 132 2775 209 2807; x_wconf 75' lang='grc' dir='ltr'>ὄντος</span> <span class='ocrx_word' id='word_1_834' title='bbox 235 2775 300 2801; x_wconf 71' lang='grc' dir='ltr'>ἰδίου</span> <span class='ocrx_word' id='word_1_835' title='bbox 323 2774 370 2801; x_wconf 85' lang='grc' dir='ltr'><strong>τοῦ</strong></span> <span class='ocrx_word' id='word_1_836' title='bbox 397 2774 462 2801; x_wconf 86' lang='grc' dir='ltr'><strong>Υίοῦ</strong></span> <span class='ocrx_word' id='word_1_837' title='bbox 563 2774 712 2810; x_wconf 84' lang='grc' dir='ltr'>θελήματος</span> <span class='ocrx_word' id='word_1_838' title='bbox 727 2774 802 2810; x_wconf 79' lang='grc' dir='ltr'><strong>παρά</strong></span> 
     </span>
    </p>
   </div>
   <div class='ocr_carea' id='block_1_104' title="bbox 853 2365 1636 2402">
    <p class='ocr_par' dir='ltr' id='par_1_104' title="bbox 853 2365 1636 2402">
     <span class='ocr_line' id='line_1_104' title="bbox 853 2365 1636 2402; baseline 0.001 -9"><span class='ocrx_word' id='word_1_839' title='bbox 853 2368 951 2402; x_wconf 87' lang='lat' dir='ltr'><strong>quippe</strong></span> <span class='ocrx_word' id='word_1_840' title='bbox 962 2366 1085 2394; x_wconf 72' lang='lat' dir='ltr'><strong>voluntas</strong></span> <span class='ocrx_word' id='word_1_841' title='bbox 1101 2365 1218 2392; x_wconf 87' lang='lat' dir='ltr'><strong>divinam</strong></span> <span class='ocrx_word' id='word_1_842' title='bbox 1233 2372 1285 2392; x_wconf 93' lang='lat' dir='ltr'><strong>non</strong></span> <span class='ocrx_word' id='word_1_843' title='bbox 1300 2366 1430 2394; x_wconf 90' lang='lat' dir='ltr'><strong>continuo</strong></span> <span class='ocrx_word' id='word_1_844' title='bbox 1444 2367 1577 2401; x_wconf 85' lang='lat' dir='ltr'><strong>sequitur,</strong></span> <span class='ocrx_word' id='word_1_845' title='bbox 1589 2376 1636 2394; x_wconf 87' lang='lat' dir='ltr'><strong>ve-</strong></span> 
     </span>
    </p>
   </div>
   <div class='ocr_carea' id='block_1_105' title="bbox 853 2411 1636 2446">
    <p class='ocr_par' dir='ltr' id='par_1_105' title="bbox 853 2411 1636 2446">
     <span class='ocr_line' id='line_1_105' title="bbox 853 2411 1636 2446; baseline 0.001 -7"><span class='ocrx_word' id='word_1_846' title='bbox 853 2421 912 2440; x_wconf 88' lang='lat' dir='ltr'><strong>rttm</strong></span> <span class='ocrx_word' id='word_1_847' title='bbox 922 2416 949 2439; x_wconf 93' lang='lat' dir='ltr'><strong>nt</strong></span> <span class='ocrx_word' id='word_1_848' title='bbox 957 2412 1098 2446; x_wconf 90' lang='lat' dir='ltr'><strong>plurimum</strong></span> <span class='ocrx_word' id='word_1_849' title='bbox 1107 2411 1131 2438; x_wconf 86' lang='lat' dir='ltr'><strong>ei</strong></span> <span class='ocrx_word' id='word_1_850' title='bbox 1139 2411 1237 2438; x_wconf 82' lang='lat' dir='ltr'><strong>resistit</strong></span> <span class='ocrx_word' id='word_1_851' title='bbox 1244 2415 1324 2446; x_wconf 88' lang='lat' dir='ltr'><strong>atque</strong></span> <span class='ocrx_word' id='word_1_852' title='bbox 1331 2411 1561 2440; x_wconf 84' lang='lat' dir='ltr'><strong>obluctatur.Nant</strong></span> <span class='ocrx_word' id='word_1_853' title='bbox 1571 2414 1636 2440; x_wconf 83' lang='lat' dir='ltr'><strong>illud</strong></span> 
     </span>
    </p>
   </div>
   <div class='ocr_carea' id='block_1_106' title="bbox 856 2456 1636 2493">
    <p class='ocr_par' dir='ltr' id='par_1_106' title="bbox 856 2456 1636 2493">
     <span class='ocr_line' id='line_1_106' title="bbox 856 2456 1636 2493; baseline 0.003 -9"><span class='ocrx_word' id='word_1_854' title='bbox 856 2465 965 2492; x_wconf 84' lang='lat' dir='ltr'><strong>quoque</strong></span> <span class='ocrx_word' id='word_1_855' title='bbox 981 2457 1077 2485; x_wconf 87' lang='lat' dir='ltr'><strong>eodem</strong></span> <span class='ocrx_word' id='word_1_856' title='bbox 1090 2456 1171 2483; x_wconf 91' lang='lat' dir='ltr'><strong>modo</strong></span> <span class='ocrx_word' id='word_1_857' title='bbox 1183 2456 1377 2491; x_wconf 69' lang='lat' dir='ltr'><strong>intelligimus:</strong></span> <span class='ocrx_word' id='word_1_858' title='bbox 1396 2457 1490 2490; x_wconf 87' lang='lat' dir='ltr'><strong>Pater,</strong></span> <span class='ocrx_word' id='word_1_859' title='bbox 1510 2459 1533 2485; x_wconf 77' lang='lat' dir='ltr'><strong>si</strong></span> <span class='ocrx_word' id='word_1_860' title='bbox 1549 2460 1636 2493; x_wconf 65' lang='grc' dir='ltr'>ροηίς</span> 
     </span>
    </p>
   </div>
   <div class='ocr_carea' id='block_1_107' title="bbox 854 2502 1636 2536">
    <p class='ocr_par' dir='ltr' id='par_1_107' title="bbox 854 2502 1636 2536">
     <span class='ocr_line' id='line_1_107' title="bbox 854 2502 1636 2536; baseline 0.003 -6"><span class='ocrx_word' id='word_1_861' title='bbox 854 2504 904 2531; x_wconf 79' lang='lat' dir='ltr'><strong>bile</strong></span> <span class='ocrx_word' id='word_1_862' title='bbox 923 2509 970 2536; x_wconf 74' lang='lat' dir='ltr'><strong>est,</strong></span> <span class='ocrx_word' id='word_1_863' title='bbox 985 2507 1102 2530; x_wconf 75' lang='lat' dir='ltr'><strong>transeat</strong></span> <span class='ocrx_word' id='word_1_864' title='bbox 1120 2511 1136 2529; x_wconf 78' lang='grc' dir='ltr'>α</span> <span class='ocrx_word' id='word_1_865' title='bbox 1149 2510 1189 2528; x_wconf 85' lang='lat' dir='ltr'><strong>me</strong></span> <span class='ocrx_word' id='word_1_866' title='bbox 1211 2502 1282 2529; x_wconf 72' lang='lat' dir='ltr'><strong>talia:</strong></span> <span class='ocrx_word' id='word_1_867' title='bbox 1306 2503 1372 2534; x_wconf 73' lang='lat' dir='ltr'><strong>iste;</strong></span> <span class='ocrx_word' id='word_1_868' title='bbox 1395 2510 1568 2531; x_wconf 75' lang='lat' dir='ltr'><strong>uerumtamen</strong></span> <span class='ocrx_word' id='word_1_869' title='bbox 1585 2513 1636 2532; x_wconf 85' lang='lat' dir='ltr'><strong>non</strong></span> 
     </span>
    </p>
   </div>
   <div class='ocr_carea' id='block_1_108' title="bbox 852 2548 1636 2584">
    <p class='ocr_par' dir='ltr' id='par_1_108' title="bbox 852 2548 1636 2584">
     <span class='ocr_line' id='line_1_108' title="bbox 852 2548 1636 2584; baseline 0.003 -9"><span class='ocrx_word' id='word_1_870' title='bbox 852 2557 920 2582; x_wconf 83' lang='lat' dir='ltr'><strong>mea,</strong></span> <span class='ocrx_word' id='word_1_871' title='bbox 936 2550 981 2576; x_wconf 75' lang='lat' dir='ltr'><strong>sed</strong></span> <span class='ocrx_word' id='word_1_872' title='bbox 997 2553 1042 2575; x_wconf 83' lang='lat' dir='ltr'><strong>tua</strong></span> <span class='ocrx_word' id='word_1_873' title='bbox 1059 2548 1178 2575; x_wconf 68' lang='lat' dir='ltr'><strong>voluntas</strong></span> <span class='ocrx_word' id='word_1_874' title='bbox 1192 2549 1277 2575; x_wconf 82' lang='lat' dir='ltr'><strong>vincat</strong></span> <span class='ocrx_word' id='word_1_875' title='bbox 1293 2549 1325 2575; x_wconf 82' lang='grc'><strong>¹⁰.</strong></span> <span class='ocrx_word' id='word_1_876' title='bbox 1346 2548 1437 2583; x_wconf 84' lang='lat' dir='ltr'><strong>Neque</strong></span> <span class='ocrx_word' id='word_1_877' title='bbox 1450 2549 1522 2576; x_wconf 89' lang='lat' dir='ltr'><strong>enim</strong></span> <span class='ocrx_word' id='word_1_878' title='bbox 1547 2552 1636 2584; x_wconf 83' lang='lat' dir='ltr'><strong>possi-</strong></span> 
     </span>
    </p>
   </div>
   <div class='ocr_carea' id='block_1_109' title="bbox 856 2593 1634 2628">
    <p class='ocr_par' dir='ltr' id='par_1_109' title="bbox 856 2593 1634 2628">
     <span class='ocr_line' id='line_1_109' title="bbox 856 2593 1634 2628; baseline 0 -6"><span class='ocrx_word' id='word_1_879' title='bbox 856 2595 909 2622; x_wconf 90' lang='lat' dir='ltr'><strong>bile</strong></span> <span class='ocrx_word' id='word_1_880' title='bbox 926 2599 1008 2625; x_wconf 82' lang='lat' dir='ltr'><strong>essct.</strong></span> <span class='ocrx_word' id='word_1_881' title='bbox 1025 2601 1110 2621; x_wconf 91' lang='lat' dir='ltr'><strong>necne</strong></span> <span class='ocrx_word' id='word_1_882' title='bbox 1135 2594 1222 2628; x_wconf 89' lang='lat' dir='ltr'><strong>ipsum</strong></span> <span class='ocrx_word' id='word_1_883' title='bbox 1248 2593 1387 2627; x_wconf 70' lang='lat' dir='ltr'><strong>ignorasse</strong></span> <span class='ocrx_word' id='word_1_884' title='bbox 1412 2595 1559 2622; x_wconf 85' lang='lat' dir='ltr'><strong>verisimile</strong></span> <span class='ocrx_word' id='word_1_885' title='bbox 1583 2601 1634 2628; x_wconf 86' lang='lat' dir='ltr'><strong>est,</strong></span> 
     </span>
    </p>
   </div>
   <div class='ocr_carea' id='block_1_110' title="bbox 857 2637 1635 2674">
    <p class='ocr_par' dir='ltr' id='par_1_110' title="bbox 857 2637 1635 2674">
     <span class='ocr_line' id='line_1_110' title="bbox 857 2637 1635 2674; baseline 0.001 -9"><span class='ocrx_word' id='word_1_886' title='bbox 857 2647 905 2666; x_wconf 86' lang='lat' dir='ltr'><strong>nec</strong></span> <span class='ocrx_word' id='word_1_887' title='bbox 918 2638 1050 2665; x_wconf 80' lang='lat' dir='ltr'><strong>volun-tati</strong></span> <span class='ocrx_word' id='word_1_888' title='bbox 1068 2637 1230 2665; x_wconf 84' lang='lat' dir='ltr'><strong>voluntatem</strong></span> <span class='ocrx_word' id='word_1_889' title='bbox 1245 2638 1411 2672; x_wconf 76' lang='lat' dir='ltr'><strong>opposuisse.</strong></span> <span class='ocrx_word' id='word_1_890' title='bbox 1438 2638 1490 2666; x_wconf 86' lang='lat' dir='ltr'><strong>Sed</strong></span> <span class='ocrx_word' id='word_1_891' title='bbox 1509 2640 1635 2674; x_wconf 82' lang='lat' dir='ltr'><strong>quoniam</strong></span> 
     </span>
    </p>
   </div>
   <div class='ocr_carea' id='block_1_111' title="bbox 856 2683 1636 2719">
    <p class='ocr_par' dir='ltr' id='par_1_111' title="bbox 856 2683 1636 2719">
     <span class='ocr_line' id='line_1_111' title="bbox 856 2683 1636 2719; baseline 0.001 -8"><span class='ocrx_word' id='word_1_892' title='bbox 856 2684 1110 2719; x_wconf 67' lang='lat' dir='ltr'><strong>partisillius,qu.e</strong></span> <span class='ocrx_word' id='word_1_893' title='bbox 1133 2683 1280 2717; x_wconf 87' lang='lat' dir='ltr'><strong>assumpsit</strong></span> <span class='ocrx_word' id='word_1_894' title='bbox 1307 2683 1369 2719; x_wconf 86' lang='lat' dir='ltr'><strong>(hoc</strong></span> <span class='ocrx_word' id='word_1_895' title='bbox 1393 2686 1465 2712; x_wconf 93' lang='lat' dir='ltr'><strong>enim</strong></span> <span class='ocrx_word' id='word_1_896' title='bbox 1485 2689 1537 2716; x_wconf 84' lang='lat' dir='ltr'><strong>est,</strong></span> <span class='ocrx_word' id='word_1_897' title='bbox 1564 2685 1636 2719; x_wconf 89' lang='lat' dir='ltr'><strong>qttod</strong></span> 
     </span>
    </p>
   </div>
   <div class='ocr_carea' id='block_1_112' title="bbox 854 2729 1634 2764">
    <p class='ocr_par' dir='ltr' id='par_1_112' title="bbox 854 2729 1634 2764">
     <span class='ocr_line' id='line_1_112' title="bbox 854 2729 1634 2764; baseline 0 -7"><span class='ocrx_word' id='word_1_898' title='bbox 854 2729 1015 2764; x_wconf 86' lang='lat' dir='ltr'><strong>descendit),</strong></span> <span class='ocrx_word' id='word_1_899' title='bbox 1033 2737 1085 2756; x_wconf 92' lang='lat' dir='ltr'><strong>non</strong></span> <span class='ocrx_word' id='word_1_900' title='bbox 1101 2733 1190 2756; x_wconf 83' lang='lat' dir='ltr'><strong>autem</strong></span> <span class='ocrx_word' id='word_1_901' title='bbox 1203 2729 1289 2763; x_wconf 85' lang='lat' dir='ltr'><strong>partis</strong></span> <span class='ocrx_word' id='word_1_902' title='bbox 1304 2735 1457 2764; x_wconf 74' lang='lat' dir='ltr'><strong>assumptae,</strong></span> <span class='ocrx_word' id='word_1_903' title='bbox 1485 2731 1527 2758; x_wconf 90' lang='lat' dir='ltr'><strong>hic</strong></span> <span class='ocrx_word' id='word_1_904' title='bbox 1542 2738 1634 2758; x_wconf 85' lang='lat' dir='ltr'><strong>sermo</strong></span> 
     </span>
    </p>
   </div>
   <div class='ocr_carea' id='block_1_113' title="bbox 859 2775 1636 2811">
    <p class='ocr_par' dir='ltr' id='par_1_113' title="bbox 859 2775 1636 2811">
     <span class='ocr_line' id='line_1_113' title="bbox 859 2775 1636 2811; baseline 0.004 -9"><span class='ocrx_word' id='word_1_905' title='bbox 859 2780 911 2808; x_wconf 88' lang='lat' dir='ltr'><strong>cst,</strong></span> <span class='ocrx_word' id='word_1_906' title='bbox 929 2775 962 2802; x_wconf 87' lang='lat' dir='ltr'><strong>ad</strong></span> <span class='ocrx_word' id='word_1_907' title='bbox 984 2776 1054 2803; x_wconf 85' lang='lat' dir='ltr'><strong>hunc</strong></span> <span class='ocrx_word' id='word_1_908' title='bbox 1070 2777 1176 2804; x_wconf 88' lang='lat' dir='ltr'><strong>modum</strong></span> <span class='ocrx_word' id='word_1_909' title='bbox 1193 2777 1411 2811; x_wconf 83' lang='lat' dir='ltr'><strong>respondebimus</strong></span> <span class='ocrx_word' id='word_1_910' title='bbox 1428 2786 1435 2803; x_wconf 89' lang='lat'><strong>:</strong></span> <span class='ocrx_word' id='word_1_911' title='bbox 1456 2778 1511 2805; x_wconf 53' lang='lat' dir='ltr'><strong>haec</strong></span> <span class='ocrx_word' id='word_1_912' title='bbox 1531 2786 1582 2804; x_wconf 90' lang='lat' dir='ltr'><strong>non</strong></span> <span class='ocrx_word' id='word_1_913' title='bbox 1599 2779 1636 2805; x_wconf 89' lang='lat' dir='ltr'><strong>ita</strong></span> 
     </span>
    </p>
   </div>
   <div class='ocr_carea' id='block_1_114' title="bbox 32 2827 778 2861">
    <p class='ocr_par' dir='ltr' id='par_1_114' title="bbox 32 2827 774 2859">
     <span class='ocr_line' id='line_1_114' title="bbox 32 2827 774 2859; baseline -0.003 -3"><span class='ocrx_word' id='word_1_914' title='bbox 32 2830 42 2846; x_wconf 85' lang='lat'>&#39;</span> <span class='ocrx_word' id='word_1_915' title='bbox 61 2828 157 2856; x_wconf 81' lang='lat' dir='ltr'><strong>Joan.</strong></span> <span class='ocrx_word' id='word_1_916' title='bbox 172 2835 208 2857; x_wconf 80' lang='lat' dir='ltr'><strong>vr,</strong></span> <span class='ocrx_word' id='word_1_917' title='bbox 221 2827 267 2854; x_wconf 76' lang='lat'><strong>58.</strong></span> <span class='ocrx_word' id='word_1_918' title='bbox 303 2828 313 2843; x_wconf 83' lang='grc'>¹</span> <span class='ocrx_word' id='word_1_919' title='bbox 327 2827 405 2856; x_wconf 85' lang='lat' dir='ltr'><strong>Joan.</strong></span> <span class='ocrx_word' id='word_1_920' title='bbox 423 2827 508 2859; x_wconf 63' lang='lat' dir='ltr'><strong>v.19.</strong></span> <span class='ocrx_word' id='word_1_921' title='bbox 546 2828 557 2844; x_wconf 86' lang='grc'><strong><em>³</em></strong></span> <span class='ocrx_word' id='word_1_922' title='bbox 571 2828 639 2856; x_wconf 73' lang='grc' dir='ltr'><strong>Ιιιίἀ.</strong></span> <span class='ocrx_word' id='word_1_923' title='bbox 655 2829 700 2856; x_wconf 72' lang='grc'><strong>53.</strong></span> <span class='ocrx_word' id='word_1_924' title='bbox 737 2828 748 2844; x_wconf 79' lang='grc'>⁸</span> <span class='ocrx_word' id='word_1_925' title='bbox 764 2828 774 2854; x_wconf 91' lang='lat' dir='ltr'><strong>l</strong></span> 
     </span>
    </p>
   </div>
   <div class='ocr_carea' id='block_1_115' title="bbox 892 2827 1638 2861">
    <p class='ocr_par' dir='ltr' id='par_1_115' title="bbox 929 2827 1638 2861">
     <span class='ocr_line' id='line_1_115' title="bbox 929 2827 1638 2861; baseline 0 -6"><span class='ocrx_word' id='word_1_926' title='bbox 929 2829 939 2846; x_wconf 88' lang='grc'><strong><em>⁸</em></strong></span> <span class='ocrx_word' id='word_1_927' title='bbox 957 2829 1027 2857; x_wconf 84' lang='lat' dir='ltr'><strong>Psal.</strong></span> <span class='ocrx_word' id='word_1_928' title='bbox 1050 2836 1107 2861; x_wconf 82' lang='lat' dir='ltr'><strong>cur,</strong></span> <span class='ocrx_word' id='word_1_929' title='bbox 1125 2829 1151 2855; x_wconf 77' lang='grc' dir='ltr'>ι.</span> <span class='ocrx_word' id='word_1_930' title='bbox 1185 2830 1194 2845; x_wconf 87' lang='grc'>⁶</span> <span class='ocrx_word' id='word_1_931' title='bbox 1211 2829 1279 2858; x_wconf 70' lang='lat' dir='ltr'><strong>Ibid.</strong></span> <span class='ocrx_word' id='word_1_932' title='bbox 1295 2828 1321 2856; x_wconf 88' lang='grc'><strong>5.</strong></span> <span class='ocrx_word' id='word_1_933' title='bbox 1362 2829 1371 2844; x_wconf 88' lang='grc'><strong>⁷</strong></span> <span class='ocrx_word' id='word_1_934' title='bbox 1388 2829 1438 2856; x_wconf 84' lang='lat' dir='ltr'><strong>Job</strong></span> <span class='ocrx_word' id='word_1_935' title='bbox 1462 2835 1576 2859; x_wconf 74' lang='lat' dir='ltr'><strong>nutu.</strong></span> <span class='ocrx_word' id='word_1_936' title='bbox 1592 2827 1638 2858; x_wconf 71' lang='lat'><strong>25.</strong></span> 
     </span>
    </p>
   </div>
   <div class='ocr_carea' id='block_1_116' title="bbox 13 2862 828 2896">
    <p class='ocr_par' dir='ltr' id='par_1_116' title="bbox 13 2862 828 2896">
     <span class='ocr_line' id='line_1_116' title="bbox 13 2862 828 2896; baseline -0.002 -4"><span class='ocrx_word' id='word_1_937' title='bbox 13 2866 125 2893; x_wconf 72' lang='lat' dir='ltr'><strong>Amos</strong></span> <span class='ocrx_word' id='word_1_938' title='bbox 148 2871 184 2891; x_wconf 76' lang='lat' dir='ltr'><strong>tv.</strong></span> <span class='ocrx_word' id='word_1_939' title='bbox 205 2863 247 2889; x_wconf 74' lang='grc'><strong>15.</strong></span> <span class='ocrx_word' id='word_1_940' title='bbox 285 2863 296 2877; x_wconf 90' lang='lat'><strong>’</strong></span> <span class='ocrx_word' id='word_1_941' title='bbox 310 2862 387 2889; x_wconf 79' lang='lat' dir='ltr'><strong>Joan.</strong></span> <span class='ocrx_word' id='word_1_942' title='bbox 406 2871 444 2894; x_wconf 78' lang='lat' dir='ltr'><strong>vr.</strong></span> <span class='ocrx_word' id='word_1_943' title='bbox 459 2863 504 2890; x_wconf 67' lang='lat'><strong>58.</strong></span> <span class='ocrx_word' id='word_1_944' title='bbox 544 2864 565 2879; x_wconf 81' lang='grc'><strong>¹⁰</strong></span> <span class='ocrx_word' id='word_1_945' title='bbox 580 2863 676 2890; x_wconf 73' lang='lat' dir='ltr'><strong>Matth.</strong></span> <span class='ocrx_word' id='word_1_946' title='bbox 695 2871 767 2896; x_wconf 74' lang='lat' dir='ltr'><strong>xxw,</strong></span> <span class='ocrx_word' id='word_1_947' title='bbox 783 2864 828 2891; x_wconf 74' lang='lat'><strong>39.</strong></span> 
     </span>
    </p>
   </div>
   <div class='ocr_carea' id='block_1_117' title="bbox 173 2910 537 2940">
    <p class='ocr_par' dir='ltr' id='par_1_117' title="bbox 173 2910 537 2940">
     <span class='ocr_line' id='line_1_117' title="bbox 173 2910 537 2940; baseline 0.003 -1"><span class='ocrx_word' id='word_1_948' title='bbox 173 2911 308 2940; x_wconf 80' lang='grc' dir='ltr'>ΡΔτιιοι.</span> <span class='ocrx_word' id='word_1_949' title='bbox 332 2911 389 2939; x_wconf 80' lang='lat' dir='ltr'><strong>Gn.</strong></span> <span class='ocrx_word' id='word_1_950' title='bbox 410 2910 537 2940; x_wconf 81' lang='lat' dir='ltr'><strong>CXXX.</strong></span> 
     </span>
    </p>
   </div>
   <div class='ocr_carea' id='block_1_118' title="bbox 1428 2912 1462 2940">
    <p class='ocr_par' dir='ltr' id='par_1_118' title="bbox 1428 2912 1462 2940">
     <span class='ocr_line' id='line_1_118' title="bbox 1428 2912 1462 2940; baseline 0 0"><span class='ocrx_word' id='word_1_951' title='bbox 1428 2912 1462 2940; x_wconf 88' lang='grc'><strong>19</strong></span> 
     </span>
    </p>
   </div>
  </div>
