1891 3076
81 156 135 187 589

571 159 758 189 PANOPLIA
780 158 1013 190 DOGMATICA.
1025 170 1060 179 -“
1076 159 1150 190 ΤΙΤ.
1168 159 1223 191 XI.

1651 156 1704 189 590

80 220 170 247 Σαοὺλ
180 219 244 255 περὶ
257 218 304 245 τοῦ
322 217 402 244 Δαόὶδ
420 217 556 251 λὲγοντος·
574 218 621 244 καὶ
638 217 678 248 τὸ,
699 218 826 251 Ἀγαθυνε

951 227 960 249 t
990 223 997 237 ¹
1013 230 1020 249 :
1039 222 1145 248 tametsi
1162 222 1213 249 hoc
1229 227 1337 255 quoque
1349 221 1457 248 nomine
1469 221 1549 248 homo
1562 227 1697 254 nuncupe-

80 266 181 299 Κύριε,
195 264 258 297 τοῖς
277 263 410 298 ἀγαθοῖς·
424 263 471 290 καὶ
487 263 537 290 ὅσα
553 263 619 290 ἄλλα
635 263 747 289 τοιαῦτα.
760 262 867 296 λέγεται

79 309 214 346 περὶτῶν
231 310 259 335 ἐν
272 310 337 344 ἡμῖν
353 307 566 343 ἐπαινουμένων,
585 309 626 342 ἐφ’
641 307 687 340 οὓς
702 309 718 343 ὴ
733 307 866 342 ἁπόρῤοια

79 356 129 383 τοῦ
145 354 254 391 πρώτου
270 353 362 386 καλοῦ,
376 354 423 380 καὶ
436 353 506 380 κατὰ
515 353 640 389 δεύτερον
651 353 728 387 λόγον
741 353 865 387 ἔφθασεν.

80 402 114 428 El
135 401 182 436 μὲν
194 398 240 428 οὖν
256 399 394 435 πείθοιμεν
476 398 565 432 τοῦτο,
577 399 701 435 ἄριστον·
715 399 776 426 εἰδὲ
787 399 866 434 μὴ,τί

80 448 181 483 φήσεις
193 446 260 482 πρὸς
277 446 339 477 τοὺς
358 445 485 479 λέγοντας
504 445 627 480 ἑτέρωθι,
645 445 691 472 τὸν
708 445 770 472 Υἱὺν
788 445 868 480 μόνον

80 492 207 528 εἰρῆσθαι
231 491 308 524 Θεὸν,
329 490 400 518 κατὰ
423 490 472 522 τὰς
497 490 545 522 σὰς
565 490 716 522 ὑποθέσεις.
746 490 789 517 Ἐν
812 491 866 517 τίσι

78 540 139 570 τοῖς
158 539 295 574 ρήμασινς
318 538 346 564 ὲν
369 537 492 569 ἐκείνοις·
519 535 613 570 οὗτός
634 545 693 564 σου
771 539 844 570 Θεὸς
860 557 867 569 ,

79 586 119 612 οὐ
140 583 355 619 λογισθήσεται
378 583 478 617 ἕτερος
502 584 576 616 πρὸς
598 583 700 609 αὐτόν.
726 583 782 610 Καὶ
809 584 867 617 μετ’

78 630 174 664 ὀλίγα·
194 629 273 657 Μετὰ
293 628 380 656 τοῦτο
400 628 449 655 ἐπὶ
471 627 524 662 τῆς
549 628 603 662 Γῆς
625 628 719 662 ὤφθη.
741 628 790 655 καὶ
806 628 867 661 τοῖς

78 675 251 710 ἀνθρώποις
259 673 503 709 συνανσστράφη.
519 674 580 701 ’Ὁτι
606 674 657 709 μὲν
679 673 734 710 γὰρ
757 674 788 700 οὐ
806 675 870 710 περὶ

78 721 131 747 τοῦ
157 720 272 756 Πατρὸς,
301 719 369 746 ἀλλὰ
383 718 430 746 τοῦ
538 718 603 745 Υίοΰ
627 719 658 745 τὺ
675 719 833 754 λεγόμενον,
852 720 869 755 ἡ

78 766 227 802 προσθήκη
243 766 336 800 σαφῶς
349 766 522 801 παρίστησιν.
538 761 622 797 οὗτος
634 766 689 800 γάρ
701 766 773 792 ἐστιν
788 766 802 792 ό
819 773 871 791 σω-

80 812 207 846 ματικῶς
225 812 357 847 ὁμιλήσας
371 812 447 846 ἡμῖν,
464 811 513 838 καὶ
533 811 602 846 μετὰ
620 811 674 837 τῶν
695 811 779 838 κάτω
787 811 871 845 γενό-

920 273 973 299 tur,
995 273 1023 294 ut
1036 267 1100 294 illud
1118 275 1124 293 :
1140 266 1228 293 Bonus
1240 267 1317 292 Immo
1330 265 1362 292 de
1375 266 1440 292 bono
1455 265 1577 292 thesauro
1602 265 1703 299 profert

919 313 1013 340 bonum
1041 313 1062 344 ',
1077 317 1104 340 et
1121 313 1192 340 Deus
1221 312 1252 338 ad
1268 311 1376 338 Saulem
1393 311 1426 338 de
1447 311 1547 338 Davide
1558 311 1641 338 verba
1662 310 1703 336 fu-

918 360 1013 386 ciens:
1031 359 1101 386 Dabo
1117 367 1225 394 regnum
1245 364 1318 385 tuum
1340 356 1443 384 meliori
1456 361 1481 384 te
1505 356 1526 383 ³.
1540 355 1608 383 Tum
1623 356 1701 383 illud:

920 404 1041 438 Beitefac,
1056 403 1175 435 Domine,
1193 403 1266 430 Ιιοιιῖι
1293 403 1323 436 ἐς
1341 410 1373 429 ac
1390 402 1508 436 denique
1525 409 1555 428 ea
1570 401 1595 428 id
1613 409 1700 436 genus

918 450 1018 482 omnia,
1035 456 1095 484 qua:
1115 449 1147 476 de
1161 449 1202 476 his
1228 449 1366 481 dicuntur,
1391 448 1436 482 qui
1467 447 1605 474 hominum
1625 447 1704 474 laude

920 502 952 522 ac
966 495 1160 530 praedicatione
1173 494 1279 527 ﬂorent,
1297 495 1330 521 ad
1346 501 1413 528 quos
1440 493 1520 528 primi
1548 493 1619 521 illius
1641 492 1703 520 boni

921 542 995 568 rivus
1009 541 1170 568 sccumlario
1189 548 1271 568 cursu
1287 540 1447 567 dimanavit.
1465 539 1527 567 Haec
1540 539 1563 566 si
1583 539 1630 566 tibi
1644 545 1705 573 per-

920 586 1064 619 suasimus,
1084 585 1304 613 commodissime
1317 592 1347 612 se
1359 592 1400 612 res
1418 585 1508 612 habet.
1533 583 1580 611 Sin
1603 584 1704 614 minus.

919 632 982 666 quid
993 632 1116 659 dicturus
1131 639 1161 662 es
1181 632 1214 659 ad
1233 638 1289 662 eos,
1309 631 1355 665 qui
1370 638 1404 657 ex
1427 630 1511 656 altera
1527 633 1613 664 parte,
1628 629 1703 662 juxta

917 677 954 708 id,
971 677 1041 712 quod
1059 684 1108 711 pro
1123 684 1211 704 causa:
1224 682 1275 703 tua!
1287 676 1463 703 fundamento
1478 673 1703 709 posuisti,Filimn

917 723 1002 751 solum
1021 723 1104 750 Deum
1131 723 1233 750 dictum
1258 729 1320 749 esse
1345 721 1520 749 contendunt.
1550 719 1578 747 In
1605 719 1704 754 quibus

918 775 1007 797 autem
1024 769 1135 796 verbis?
1154 769 1180 795 in
1196 768 1256 796 istis
1272 768 1401 795 nimirum
1422 774 1429 792 :
1463 765 1514 793 llic
1544 765 1614 792 Deus
1631 769 1708 803 tuus,

917 820 941 842 et
958 823 1010 841 non
1027 815 1200 842 watimabitur
1215 813 1285 840 alius
1308 818 1403 847 pra'ter
1432 820 1492 839 eum
1518 814 1540 839 '.
1565 811 1598 838 Et
1611 810 1704 845 paucis

80 866 174 892 μενος.
188 858 219 883 El
243 856 272 883 δὲ
297 857 429 891 νικήσειε,
444 856 516 883 κατὰ
541 854 587 883 τοῦ
613 856 720 892 Πατρὸς
742 857 826 891 λέγεσε

957 860 1089 894 ,erjectis:
1120 859 1183 886 Post
1203 860 1258 886 hare
1290 859 1318 885 in
1345 863 1416 886 terra
1439 859 1510 885 visus
1534 862 1583 889 est,
1599 860 1622 883 ιι
1646 863 1703 882 cuni

77 900 173 933 τοῦτο,
194 901 231 937 μὴ
243 901 297 928 τῶν
311 901 494 937 νομιζομένων
509 901 589 934 θεῶν,
600 902 740 937 ἡττήμεθα
753 902 798 928 τὸν
812 903 823 929 I

956 905 1066 932 minibus
1081 909 1247 932 conversatus
1262 909 1300 931 nt
1327 905 1349 931 ⁸.
1364 903 1431 930 Nam
1553 902 1636 936 quod,
1650 908 1702 928 non

77 947 159 981 τέρα,
178 947 211 974 δι’
228 944 266 974 ὧν
289 946 335 974 τοῦ
364 946 428 974 Υἱοῠ
525 947 791 982 κατεσπουδάσαμεν.
813 948 823 974 1

965 951 1058 983 Patre,
1075 952 1121 978 sed
1138 951 1170 978 de
1200 950 1279 982 Filio,
1308 957 1398 977 sermo
1428 949 1568 981 habeatur,
1588 947 1703 981 adiectio

77 993 106 1019 τί
200 993 232 1020 ἂν
256 993 305 1028 τῆς
321 993 398 1028 νίκης
413 993 515 1028 ταύτης
542 993 648 1028 γένοιτο
672 993 823 1030 ἀθλιώτερσ

954 1004 981 1024 ec
998 1002 1091 1031 aperte
1109 996 1239 1024 declarat.
1255 996 1304 1023 llic
1317 996 1387 1023 enim
1402 999 1460 1027 est,
1482 994 1526 1029 qui
1543 999 1700 1028 corpoream

77 1038 96 1070 ζ
96 1048 114 1074 η
118 1039 250 1074 μιωδέστε
253 1048 300 1075 ρον
311 1048 319 1072 ;

952 1042 1060 1069 ὼὶιοιιηι
1075 1042 1296 1069 consuetudinem
1315 1041 1419 1072 habuit,
1436 1040 1605 1074 terreniSque
1619 1039 1698 1065 rebus

77 1084 241 1118 conjunctae
256 1090 308 1111 est.
324 1084 400 1117 Quod
413 1084 435 1111 si
450 1083 514 1111 illud
523 1084 688 1117 obtineatur,
699 1085 758 1112 haec
768 1086 860 1118 verba,
870 1085 901 1112 Et
918 1095 969 1114 mm
980 1088 1152 1114 rutimabitur
1163 1087 1243 1119 alius,
1256 1086 1386 1114 adversus
1401 1086 1510 1113 Patrem
1519 1085 1582 1116 dici,
1595 1091 1647 1112 non
1657 1084 1705 1111 ad‘

77 1137 177 1156 versus
187 1137 243 1159 eos.
255 1130 301 1163 qui
317 1129 383 1157 falsa
395 1130 550 1157 mortalium
564 1131 691 1165 opinione
704 1131 740 1158 dii
753 1131 895 1164 habentur,
911 1133 982 1166 quod
1000 1133 1034 1160 ad
1048 1133 1154 1160 Patrem
1175 1133 1281 1163 attinet.
1294 1139 1342 1167 per
1355 1139 1386 1159 ea
1398 1132 1490 1166 utique
1510 1131 1572 1158 victi
1592 1137 1702 1161 sumus,

76 1174 180 1209 quibus
210 1175 338 1202 adversus
353 1175 450 1202 Filium
475 1175 572 1203 obnixe
590 1177 788 1206 contendimus:
803 1178 860 1210 Qua
883 1178 994 1205 victoria
1007 1179 1070 1213 quid
1092 1178 1276 1207 calamitosius
1290 1183 1317 1206 et
1334 1178 1513 1212 perniciosius
1525 1184 1586 1204 esse
1605 1177 1704 1211 queat?

186 1221 313 1247 Ἔννατον
335 1221 423 1248 ἐκεῖνο
446 1221 563 1256 φήσουσι
589 1221 630 1253 τὸ,
647 1221 778 1249 Πάντοτε
804 1222 868 1254 ζῶν,

74 1268 124 1300 εἰς
135 1265 169 1293 τὸ
178 1265 373 1300 ἐντυγχάνειν
459 1265 535 1300 ὑπὲρ
545 1266 638 1300 ἡμῶν.
653 1265 690 1294 Εὖ
703 1275 735 1301 γε
749 1267 796 1294 καὶ
809 1267 868 1294 λίαν

77 1311 223 1348 μυστικῶς
237 1319 267 1338 τε
287 1311 333 1338 καὶ
358 1311 565 1346 φιλανθρώπως.
583 1312 620 1339 Τὸ
642 1312 697 1348 γὰρ
721 1313 867 1348 ἐντυγχά-

74 1365 159 1389 νειν,
179 1357 240 1393 οὐχ,
260 1357 297 1389 ὡς
313 1357 330 1392 ἡ
353 1357 407 1384 τῶν
424 1357 528 1384 πολλῶν
545 1358 695 1392 συνήθεια,
717 1358 748 1384 ἰδ
777 1358 868 1394 ζητεῖν

75 1403 220 1438 ἐκδίκησιν
232 1403 289 1437 ἔχει
296 1411 304 1418 ·
315 1403 394 1430 τοῦτο
405 1403 459 1438 γάρ
466 1412 524 1435 πως
535 1404 583 1431 καὶ
658 1403 848 1438 ταπεινότητος
859 1413 866 1420 ο

76 1449 151 1477 ἀλλὰ
166 1450 197 1476 τὸ
211 1449 373 1484 πρεσϐεύειν
391 1449 460 1485 ὑπὲρ
478 1449 555 1485 ήμῶν
576 1449 615 1485 τῷ
632 1449 705 1484 λόγῳ
723 1450 773 1485 τῆς
793 1459 869 1486 μεσι-

74 1496 173 1527 τείας’
188 1495 225 1527 ὡς
247 1496 294 1522 καὶ
312 1489 343 1521 τὸ
365 1495 478 1530 Πνεῦμα
504 1495 574 1530 ὑπὲρ
601 1495 679 1530 ἡμῶν
695 1496 868 1531 ἐντυγχάνειν

74 1540 201 1574 λέγεται.
216 1538 267 1573 Εἷς
281 1540 335 1574 γὰρ
355 1539 438 1573 Θεὸς,
454 1537 498 1573 εἷς
513 1540 562 1567 καὶ
579 1540 707 1575 μεσίτης
727 1541 801 1567 Θεοῦ
818 1541 867 1567 καὶ

1047 1222 1124 1250 Νοιιο
1158 1223 1223 1250 illud
1240 1224 1388 1258 producent
1404 1232 1410 1250 :
1427 1221 1533 1257 Semper
1555 1222 1642 1248 vium
1670 1222 1704 1248 ad

918 1269 1139 1303 interpellandum
1163 1277 1211 1303 pro
1235 1270 1310 1296 nobis
1335 1269 1356 1296 '.
1383 1268 1491 1302 Optime
1513 1274 1580 1294 sane
1594 1275 1625 1294 ac
1641 1274 1704 1302 per-

918 1322 997 1349 quam
1013 1314 1125 1349 mystice
1139 1319 1167 1342 ει
1183 1315 1308 1349 benigne.
1316 1313 1500 1348 interpellatio
1511 1319 1628 1347 namque
1639 1320 1702 1344 rion,

917 1360 987 1396 vulgi
1009 1368 1094 1393 more,
1110 1361 1137 1387 id
1153 1365 1242 1391 sonat,
1255 1360 1326 1394 quod
1339 1364 1380 1387 est
1409 1358 1556 1386 vindictam
1581 1363 1704 1392 quaerere

919 1407 981 1440 (hoc
1008 1407 1080 1434 enim
1110 1406 1271 1433 humilitatis
1296 1405 1497 1440 quodammodo
1521 1402 1627 1438 esset);
1656 1403 1704 1429 sed

918 1451 987 1478 idem
1020 1450 1175 1486 signiﬁcat,
1205 1450 1276 1485 quod
1319 1457 1368 1485 pro
1404 1449 1495 1481 nobis,
1534 1447 1703 1475 mediationis

918 1496 1046 1529 ratione,
1091 1496 1261 1531 supplicare;
1302 1494 1527 1530 quemadmodum
1566 1497 1593 1520 et
1618 1492 1704 1527 Spiri-

919 1546 962 1568 tus
975 1549 1024 1575 pro
1042 1542 1119 1568 nobis
1133 1541 1298 1568 intercedere
1313 1541 1421 1568 dicitur.
1441 1538 1514 1566 Unus
1535 1539 1603 1565 enim
1623 1537 1692 1564 Deus

73 1586 253 1620 ἀνθριὶιπων,
267 1586 422 1620 ἅνθρωπος
438 1586 553 1620 Ἰησοῦς
568 1587 703 1620 Χριστός.
719 1586 819 1621 Πρεσδι

957 1595 985 1614 tu
1009 1589 1087 1615 etiam
1114 1588 1244 1614 mediator
1273 1586 1320 1613 Dei
1335 1586 1515 1616 etbomimmt,
1540 1583 1703 1610 homolen:

74 1632 137 1668 γὰρ
157 1631 196 1658 ἔτι
215 1631 262 1658 καὶ
277 1631 334 1663 νῦν,
352 1631 390 1663 ὡς
413 1631 564 1666 ἄνθρωπος,
584 1631 653 1666 ὑπὲρ
667 1633 715 1666 τῆς
730 1632 800 1667 ὲμῆς
816 1641 868 1659 σω-

74 1678 189 1713 τηρίας,
202 1677 242 1704 ᾶτι
260 1676 329 1712 μετὰ
343 1676 389 1703 τοῦ
404 1676 531 1711 σώματός
547 1678 629 1707 ἐστιν,
645 1673 675 1703 οὗ
689 1677 867 1712 προσέλαϐεν,

74 1724 134 1755 ἕως
152 1723 184 1750 ἂν
195 1723 244 1758 ἐμὲ
259 1722 359 1758 ποιήσῃ
374 1722 440 1749 Θεὸν
451 1723 483 1757 τῇ
502 1721 614 1756 δυνάμει
629 1722 678 1757 τῆς
694 1721 869 1757 ὲνανθρωπή-

75 1777 153 1800 σεως
171 1789 180 1801 ,
256 1768 307 1795 κᾶν
325 1768 422 1803 μηκέτι
444 1768 514 1794 κατὰ
537 1767 625 1803 σάρκα
642 1767 820 1802 γινώσκηται,
834 1768 868 1794 τὰ

75 1813 203 1849 σαρκικὰ
217 1814 288 1847 λέγω
300 1813 383 1848 πάθη,
401 1813 457 1846 καὶ,
474 1813 557 1848 χωρὶς
576 1812 625 1847 τῆς
638 1813 785 1847 ἁμαρτίας,
801 1812 864 1847 ἡμέ.

73 1866 159 1893 τερα.
185 1857 262 1884 Οὕτω
286 1858 315 1885 δὲ
336 1858 384 1884 καὶ
408 1858 602 1892 παράκλητον
623 1857 733 1891 ἔχομεν
746 1857 868 1890 Ἰησοῦν

72 1901 210 1936 Χριστὸν
223 1919 231 1932 ,
305 1902 353 1937 οὐχ
367 1902 404 1934 ὡς
425 1902 494 1937 ὑπὲρ
510 1902 588 1937 ἡμῶν
605 1902 867 1938 προκαλινδούμενον

74 1948 130 1975 τοῦ
143 1948 256 1984 Πατρὸς,
271 1949 316 1975 καὶ
333 1949 535 1984 προσπίπτοντα
548 1948 685 1980 δουλικῶς.
699 1949 804 1981 ’Ἄπαγε
817 1949 867 1978 τὴν

73 1993 181 2029 δούλην
197 1993 281 2027 ὅντως
296 1995 443 2028 ὑπόνοιαν,.
453 1995 500 2022 καὶ
515 1995 629 2028 ἀναξίαν
644 1996 691 2022 τοῦ
705 1996 873 2030 Πνεύματος.

75 2039 153 2066 Οῦτε
167 2039 221 2075 γὰρ
233 2039 279 2066 τοῦ
293 2040 399 2076 Πατρδς
412 2040 490 2068 τοῦτο
503 2039 653 2076 ἐπιζητεῖν,
669 2040 732 2066 οὔτε
750 2040 797 2066 τοῦ
807 2041 874 2067 Υῑοῦ

75 2086 240 2122 πάσχειν,ἢ
259 2087 296 2119 ὡς
386 2087 450 2122 περὶ
473 2086 540 2113 Θεοῦ
564 2086 730 2114 διανοεῖσθαι
756 2086 873 2113 δίκαιον

74 2133 140 2160 ἀλλ’
158 2129 198 2164 οἷς
212 2133 356 2164 πέπονθεν,
378 2132 417 2164 ὡς
432 2132 587 2167 ἅνθρωπος,
615 2131 703 2158 πείθει
720 2132 874 2167 καρτερεῖν,
909 2153 911 2155 .

74 2178 120 2208 ὼς
133 2177 220 2211 Λόγος
235 2177 282 2204 καὶ
297 2177 471 2212 παραινέτης.
486 2176 572 2203 Τοῦτο
585 2175 684 2203 νοεῖται
700 2185 745 2211 μοι
759 2177 775 2211 ἡ
788 2175 877 2210 παρά-

77 2223 153 2259 κλησ
158 2232 191 2255 ις.

182 2315 299 2343 Δέκατον
310 2325 401 2348 αυτοις
412 2324 486 2342 εστιν
500 2317 516 2350 ή
534 2315 639 2349 ἄγνοια,
653 2322 701 2341 και
715 2322 745 2340 το
774 2314 875 2349 μηδενα

76 2360 229 2396 γινώσκειν
244 2361 293 2397 τὴν
307 2361 466 2388 τελευταίαν
481 2361 600 2396 ἡμέραν,
613 2360 630 2395 ἢ
645 2359 731 2396 ὥραν.
751 2359 819 2394 μηδὲ
832 2358 878 2385 τὸν

78 2406 149 2433 Υίὸν
167 2405 258 2439 αὐτὸν,
280 2407 305 2432 εἰ
329 2407 366 2441 μὴ
385 2406 430 2433 τὸν
444 2405 563 2442 Πατέρα.
590 2404 686 2432 Καίτοι
712 2404 772 2435 πῶς
787 2404 879 2438 ἀγνοεῖ

76 2460 110 2478 τι
124 2450 180 2477 τῶν
196 2450 280 2477 ὄντων
297 2452 312 2486 ὴ
339 2451 433 2485 Σοφία,
451 2451 465 2477 ὀ
487 2450 602 2485 ποιητὴς
691 2448 744 2474 τῶν
762 2447 878 2480 αἰώνων,

77 2498 96 2523 ὁ
112 2494 291 2530 συντελεστὴς
306 2496 353 2522 καὶ
372 2494 568 2531 μεταποιητὴς,
583 2495 613 2521 τὸ
631 2493 717 2529 πέρας
734 2493 788 2519 τῶν
802 2501 880 2528 γενο-

82 2542 187 2578 μένων,
205 2543 219 2568 ὁ
241 2541 314 2568 οὕτω
329 2542 364 2568 τὰ
388 2541 435 2568 τοῦ
452 2541 519 2568 Θεοῦ
615 2539 769 2574 γινώσκων,
792 2539 830 2570 ὡς
851 2539 881 2565 τὺ

81 2587 198 2622 πνεῦμα
210 2587 256 2613 τοῦ
270 2586 415 2623 ἀνθρώπου
432 2587 465 2614 τὰ
556 2587 584 2612 ὲν
596 2585 687 2620 αὺτῷ;
704 2585 736 2612 Τί
749 2585 803 2621 γὰρ
817 2585 882 2612 ταὺ-

79 2642 136 2668 της
148 2634 198 2668 τῆς
212 2632 338 2667 γνώσεως
356 2633 536 2668 τελεώτερον;
560 2633 621 2664 Πῶς
638 2632 682 2659 δαὶ
776 2632 810 2658 τὰ
829 2631 878 2667 μὲν

83 2678 142 2714 πρὸ
162 2677 212 2712 τῆς
241 2677 315 2713 ὥρας
336 2678 457 2713 ἀκριϐῶς
482 2677 636 2708 ἐπίσταται,
660 2677 707 2703 καὶ
725 2676 759 2703 τὰ
777 2674 832 2702 οἷον
854 2676 883 2702 ἐν

84 2723 178 2758 χρόνῳ
194 2722 241 2748 τοῦ
261 2722 364 2754 τέλους,
377 2722 461 2758 αὐτὴν
482 2721 510 2748 δὲ
531 2722 623 2756 ἀγνοεῖ
715 2721 765 2756 τὴν
788 2720 882 2756 ὥραν,

83 2768 236 2802 Δίνίγματι
248 2769 302 2803 γὰρ
317 2767 347 2793 τὸ
366 2768 481 2801 πρᾶγμα
509 2767 613 2800 ὅμοιον,
635 2765 728 2800 ὥσπερ
740 2765 772 2792 ἂν
791 2765 818 2791 εἴ
841 2772 883 2794 τις

918 1633 1037 1660 Christus
1065 1633 1085 1660 ⁸.
1099 1633 1244 1660 [intercedit
1256 1632 1327 1659 enim
1342 1639 1413 1658 nunc
1434 1636 1552 1664 quoque,
1570 1634 1597 1656 ut
1610 1629 1702 1660 homo,

918 1685 966 1712 pro
979 1686 1037 1704 mea
1057 1678 1145 1704 salute
1158 1686 1166 1710 ς
1178 1677 1307 1712 quoniam
1322 1683 1381 1703 cum
1397 1681 1429 1702 eo
1444 1681 1557 1709 corpore
1571 1678 1622 1705 est,
1634 1674 1704 1708 quod

918 1724 1074 1757 assumpsit,
1100 1724 1186 1750 donec
1205 1730 1256 1755 me,
1279 1725 1425 1755 assumpta:
1450 1719 1629 1746 humanitatis
1650 1719 1704 1744 vir-

920 1772 984 1799 tute,
999 1768 1080 1794 Deum
1108 1767 1238 1800 olfecerit,
1261 1767 1367 1794 tmnetsi
1391 1773 1445 1792 non
1468 1764 1524 1798 jam
1555 1764 1703 1791 secundum

919 1820 1027 1839 carnem
1056 1817 1251 1847 cognoscatur,
1277 1813 1327 1838 boc
1350 1815 1401 1842 est,
1419 1809 1565 1837 secundum
1580 1809 1704 1835 carnales

919 1857 1087 1890 allectioues,
1117 1865 1164 1889 ac,
1194 1858 1262 1884 citra
1288 1863 1442 1891 peccatum,
1469 1859 1585 1882 nostras.
1603 1853 1702 1880 Eodem

918 1904 996 1930 modo
1004 1904 1159 1931 advocatum
1169 1910 1275 1938 quoque
1284 1902 1408 1929 habemus
1421 1900 1512 1928 Jelum
1526 1898 1660 1927 Christum
1680 1899 1702 1930 ',

920 1957 971 1976 nou
988 1955 1017 1977 ut
1044 1955 1135 1977 nostra
1156 1957 1236 1976 causa
1265 1956 1325 1975 sese
1349 1948 1382 1974 ad
1398 1946 1488 1974 Patris
1513 1946 1594 1980 pedes
1609 1944 1701 1972 advol-

916 1987 1035 2011 ventcm,
1075 1980 1221 2015 servilique
1243 1983 1324 2008 modo
1340 1982 1523 2016 abjicientem.
1555 1984 1650 2011 Procul
1674 1986 1709 2011 sit

917 2028 968 2054 ista
983 2027 1090 2055 servilis
1107 2034 1173 2054 sane
1191 2027 1321 2061 suspicio,
1339 2028 1499 2063 Spirituque
1513 2029 1634 2065 indigna.
1654 2029 1709 2057 Ne-

918 2080 970 2108 que
985 2074 1057 2099 enim
1072 2072 1159 2099 Fatris
1170 2077 1212 2100 est
1238 2074 1288 2100 hoc
1314 2081 1474 2109 exposcere,
1492 2079 1538 2102 aut
1559 2075 1621 2103 Filii
1635 2076 1708 2110 pati:

920 2126 969 2146 nec
985 2120 1019 2145 de
1047 2119 1102 2146 Deo
1119 2119 1170 2145 hoc
1188 2118 1309 2154 cogitare
1328 2119 1404 2154 pium
1428 2125 1509 2155 atque
1524 2128 1631 2155 aequum
1653 2126 1707 2148 est.

919 2164 971 2192 Sed
987 2173 1019 2191 ex
1036 2164 1090 2198 bis,
1119 2172 1179 2199 qua;
1206 2164 1363 2192 humanitus
1380 2173 1525 2201 perpessus
1551 2172 1604 2200 est,
1616 2167 1649 2194 ad
1666 2171 1705 2194 to-

918 2209 1062 2237 lerantiam
1077 2217 1129 2242 me,
1159 2214 1188 2235 ut
1213 2209 1330 2236 Verbum
1360 2213 1387 2237 et
1411 2211 1582 2244 exhortator,
1596 2211 1709 2239 inducit.

920 2255 964 2283 Sic
980 2263 1029 2288 ego
1048 2255 1253 2282 advocationem
1269 2255 1339 2283 hanc
1360 2256 1560 2291 intelligendam
1579 2258 1709 2285 arbitror.

1032 2300 1140 2328 Decimo
1157 2300 1216 2327 loco
1232 2300 1412 2335 ignorantiam
1437 2307 1551 2336 ponunt,
1577 2301 1709 2337 illudque,

921 2347 992 2382 quod
1008 2352 1159 2374 extremum
1172 2347 1243 2374 diem
1279 2351 1360 2381 atque
1383 2348 1478 2375 horam
1504 2356 1583 2376 nemo
1610 2356 1711 2384 cogno-
1735 2341 1739 2346 ’

922 2400 992 2426 scat,
1008 2401 1039 2420 ac
1055 2401 1087 2420 ne
1105 2392 1188 2420 Filius
1214 2393 1320 2428 quidem
1337 2394 1402 2427 ipse,
1420 2394 1466 2420 sed
1483 2394 1556 2422 solus
1579 2394 1658 2421 Pater
1676 2395 1707 2421 '°.

921 2439 956 2466 At
971 2439 1016 2472 qui
1031 2438 1088 2465 licri
1106 2443 1206 2473 potest,
1234 2445 1262 2466 ut
1282 2439 1420 2473 Sapientia
1442 2439 1589 2475 quidquam
1604 2447 1710 2472 eorum.

923 2493 982 2520 qua)
998 2489 1070 2518 sunt,
1092 2485 1207 2520 ignoret,
1228 2485 1282 2517 illc,
1299 2485 1419 2519 inquam.
1439 2485 1599 2513 saeculorum
1615 2485 1710 2515 factor,

923 2531 967 2558 ille
981 2536 1186 2558 consummator
1199 2536 1281 2565 atque
1298 2531 1463 2563 immolator,
1480 2531 1523 2558 ille
1538 2538 1631 2559 eorum
1652 2537 1712 2565 qum

925 2577 993 2604 facta
1009 2581 1071 2603 sunt
1081 2576 1153 2608 linis,
1167 2576 1267 2610 quique
1279 2583 1322 2608 ea,
1335 2583 1394 2610 quae
1405 2576 1451 2603 Dei
1468 2580 1542 2608 sunt,
1649 2583 1711 2609 per-

925 2623 986 2649 in'le
1017 2623 1111 2655 novit,
1140 2629 1171 2649 ac
1190 2621 1301 2656 spiritus
1326 2621 1446 2649 hominis
1473 2629 1516 2653 ea,
1535 2629 1595 2656 quae
1612 2621 1638 2647 in
1655 2621 1712 2656 ipso

925 2673 987 2695 s'mt
999 2668 1016 2684 ¹¹
1030 2667 1125 2700 ?.Quid
1142 2667 1213 2694 enim
1235 2667 1285 2694 hac
1306 2668 1457 2702 cognitione
1479 2667 1584 2702 plenius
1612 2674 1642 2694 ac
1654 2674 1714 2700 per-

926 2714 1107 2747 l‘ectius?Qui
1121 2721 1186 2741 vero
1206 2718 1332 2746 constat,
1354 2714 1452 2748 ipsum,
1471 2721 1500 2741 ea
1518 2713 1636 2748 quidem,
1656 2720 1714 2746 quae

927 2762 1021 2788 lteram
1035 2760 1107 2788 illam
1120 2761 1296 2792 antecedunt,
1309 2768 1339 2787 ac
1351 2768 1412 2795 qua:
1432 2760 1505 2786 velut
1531 2759 1557 2786 in
1580 2759 1638 2793 ipso
1656 2758 1717 2786 linis
1736 2770 1738 2773 ·

131 2839 139 2854 ¹
161 2837 229 2866 Luc.
244 2839 376 2869 “111,19.
414 2839 425 2854 ³
444 2837 539 2865 Manli.
554 2845 604 2868 xu,
618 2836 663 2863 55.
702 2835 713 2851 ³
730 2834 822 2870 lBeg.
836 2833 941 2870 πάξ,
977 2832 988 2848 δ
1004 2831 1076 2858 Psal.
1095 2833 1232 2870 cx_uv.__£._
1253 2833 1276 2870 _'
1294 2832 1406 2870 Barucli
1426 2840 1466 2863 In.
1486 2833 1530 2860 56.
1570 2833 1716 2862 ‘lbid.38.

95 2873 106 2890 '
119 2873 203 2902 Hebr.
220 2880 267 2907 vti,
285 2866 330 2901 23.
354 2866 380 2890 7'
394 2873 404 2900 l
417 2873 488 2900 Tun.
508 2881 537 2905 ιι,
554 2872 580 2899 5.
597 2866 602 2868 ⁷
619 2873 628 2887 ⁸
651 2870 751 2898 lJoan.
771 2866 808 2903 ιιῖ
822 2871 841 2897 l.

674 2870 751 2898 Jonn.
771 2866 808 2903 ιιξ
822 2871 846 2897 I.
884 2870 905 2885 ³⁸
919 2869 1000 2895 Marc.
1022 2875 1082 2901 xm,
1098 2867 1142 2894 32.
1183 2867 1203 2882 "
1223 2867 1232 2892 Ι
1249 2866 1312 2894 Cor.
1330 2875 1360 2898 ιι,
1380 2867 1420 2895 ιι.
