1891 3076
157 127 208 160 591

785 131 888 161 EUTH
897 131 978 161 YMll
999 130 1184 161 ZlGABENl

1739 133 1793 164 592

157 200 271 224 artu-nlo
302 203 376 230 sunt,
409 199 581 225 exactissime
597 198 676 231 scire,
699 199 784 234 ipsam
798 202 888 225 autem
902 198 949 225 ho-

1049 200 1095 234 μὲν
1114 199 1166 234 πρὸ
1181 198 1228 225 τοῦ
1249 199 1356 234 τείχους
1378 199 1500 235 ἀκριϐῶς
1526 200 1690 227 ἐπίστασθαι
1706 201 1793 235 λέγοι,

160 252 218 271 ram
236 244 381 279 ignorare?
392 244 541 279 Ainigmati
555 244 653 279 quippe
661 252 704 271 res
718 245 775 272 hac
786 245 884 272 similis
897 251 947 272 est:

157 291 268 325 perinde
294 290 418 318 videlicet
437 298 468 317 ac
479 290 501 318 si
532 291 594 325 quis
616 298 658 322 ea,
684 299 744 326 qua:
757 297 819 318 ante
834 299 941 319 tuorum

158 337 401 367 sunt,certissinte
424 345 454 364 se
485 344 565 364 nosse
590 336 715 370 alIirmet,
733 345 837 363 murum
858 343 949 363 autem

159 383 247 415 ipsum
276 382 401 416 ignorare
424 391 453 409 se
472 383 588 410 fateatur
605 391 612 409 :
631 388 677 410 aut
693 383 745 410 dici
764 383 843 410 ﬁnem
866 384 950 418 probe

158 428 258 461 sciens,
273 428 361 456 noctis
383 428 546 463 principium
576 428 688 455 minime
714 434 858 463 cognoscat
878 438 884 456 :
905 428 949 456 ubi

161 473 274 502 alterius
291 474 412 509 cognitio
434 474 550 503 alterum
579 475 735 502 necessario
756 483 849 503 sucum
865 475 949 503 ducit.

160 519 243 547 Eccni
259 520 342 555 igitur
360 521 469 548 dubiutn
483 528 544 548 esse
565 527 665 555 potest,
692 522 756 556 quin
775 522 868 548 horam
888 521 948 555 qui-

159 564 232 598 dem,
249 571 278 592 ιιι
293 566 373 599 Deus,
391 568 525 602 cognitam
545 567 654 599 habeat,
678 567 785 602 ignoret
813 572 903 594 autem
922 572 951 594 ut

160 611 253 643 homo,
268 612 289 638 si
306 612 366 645 quis
381 618 485 646 partem
499 613 694 647 aspcclaliilcnt
710 613 743 640 ab
757 619 788 639 ea
803 612 949 646 disjungnt,

159 664 222 690 qua:
240 662 330 685 mente
344 657 400 684 sola
417 659 532 693 perspici
556 663 645 692 potest
664 658 675 684 τ’
692 657 758 684 Nam
784 657 846 692 quia
872 658 951 685 abso-

159 701 215 729 lute
231 702 281 730 hoc
298 702 357 730 loco
372 710 404 730 ac
416 703 474 730 sine
488 703 622 731 relatione
633 724 640 735 ,
673 703 734 730 Filii
759 711 855 730 nomen
873 703 950 737 poni-

999 245 1065 271 αὐτὸ
1075 245 1102 270 δὲ
1117 245 1224 278 ἀγνοεῖν
1236 245 1266 270 τὸ
1282 246 1371 279 τεῖχος
1381 253 1388 260 δ
1405 245 1421 280 ἢ
1443 245 1473 271 τὸ
1486 245 1535 279 τῆς
1550 245 1656 281 ἡμέρας
1667 246 1744 278 τέλος
1761 245 1793 273 εὗ

1000 291 1190 324 ἐπιστάμενος,
1206 290 1254 324 τὴν
1273 290 1360 325 ἀρχὴν
1375 292 1425 326 τῆς
1448 290 1545 322 νυκτὸς
1567 291 1603 326 μὴ
1624 291 1771 325 γινώσκειν
1785 301 1791 307 ·

1000 336 1063 363 ἔνθα
1080 337 1096 371 ἡ
1110 335 1157 362 τοῦ
1173 336 1268 371 ἑτέρου
1284 336 1394 370 γνῶσις,
1418 337 1573 370 ἀναγκαίως
1590 337 1747 371 συνεισάγει
1764 337 1795 364 τὸ

1000 383 1101 419 ἕτερον.
1117 383 1153 409 ’Ἡ
1179 384 1261 410 πᾶσιν
1286 382 1412 417 εὔδηλον,
1441 383 1482 409 ὅτι
1508 384 1637 417 γινώσκει
1667 384 1729 418 μὲν,
1755 385 1795 416 ὡς

1000 427 1075 459 Θεὸς,
1092 429 1198 462 ἀγνοεῖν
1209 428 1237 454 δέ
1249 436 1341 462 φησιν,
1360 428 1397 459 ὡς
1417 429 1569 463 ἄνθρωπος,
1584 429 1616 455 ἄν
1631 437 1672 460 τις
1684 429 1715 455 τὸ
1729 438 1795 463 gat-

1001 473 1114 509 νόμενον
1135 473 1241 508 χωρίσῃ
1259 474 1307 500 τοῦ
1332 474 1494 509 νοουμένου;
1517 475 1554 500 Τὸ
1578 474 1632 509 γὰρ
1657 475 1796 501 ἁπόλυτον

1001 517 1070 546 εἶναι
1084 519 1131 546 τοῦ
1147 519 1211 546 Υἱοῦ
1223 520 1272 554 τὴν
1285 520 1470 554 προσηγορίαν
1484 520 1531 546 καὶ
1551 519 1664 554 ἄσχετον
1680 538 1688 550 ,
1763 521 1796 547 οὑ

1002 565 1201 601 προσκειμένου
1222 565 1261 600 τῷ
1279 565 1336 600 Υὶῷ
1356 566 1409 592 τοῦ
1432 566 1515 598 τινὸς
1535 585 1543 596 .
1614 565 1716 600 ταύτην
1727 567 1796 601 ἡμῖν

1000 611 1091 638 δίδωσι
1106 611 1155 646 τὴν
1168 611 1306 645 ὑπόνοιαν,
1322 612 1390 638 ὥστε
1405 611 1454 647 τὴν
1468 611 1578 645 ἄγνοιαν
1593 611 1796 646 ὑπολαμϐάνειν

1003 658 1048 684 ἐπὶ
1062 657 1091 684 τὸ
1103 657 1307 692 εὐσεϐέστερον,
1319 657 1357 693 τῷ
1368 657 1541 693 ἀνθρωπίνῳ,
1557 657 1593 693 μὴ
1604 657 1643 692 τῷ
1653 657 1718 693 θείῳ
1728 658 1798 684 ταύ-

1002 711 1051 738 την
1067 702 1267 738 λογιζομένους.

119 782 125 790 κ
161 755 215 783 tur,
229 758 280 778 nec
298 751 464 787 adiungitur,
477 752 564 786 cujus,
579 753 679 779 idcirco
699 752 764 779 hinc
785 752 864 779 nobis
897 759 964 778 ansa
1000 751 1148 786 porrigitur
1175 752 1210 777 ita
1237 751 1430 782 existimandi,
1459 755 1489 778 ut
1513 751 1693 786 ignorantiam
1721 751 1793 779 banc

160 807 240 826 sensu
254 799 372 826 maxime
385 800 428 834 pio
443 800 663 835 interpretemur,
680 807 795 834 eamque
821 799 993 832 humanitati,
1006 806 1059 826 non
1078 799 1216 826 divinitati
1234 798 1413 825 ascribamus.

285 845 314 872 Si
340 846 421 879 igitur
444 846 501 873 hare
529 845 598 874 ratio
622 846 786 873 adversariis
802 845 950 876 satisfecit,

160 891 205 917 ltic
223 891 317 925 pedem
337 891 460 926 ligemus,
479 898 530 919 nee
545 893 692 927 quidquam
711 891 827 927 amplius
840 900 854 918 a
874 892 954 919 nobis
970 895 990 922 B
1004 890 1162 926 στησόμεθα
1176 908 1184 920 ν

164 936 327 970 inquiratnr.
342 937 390 964 Sin
405 944 493 969 secus,
507 938 578 966 hanc
593 938 738 966 secundam
755 937 953 973 expositionem

163 980 325 1015 all'erentus;
349 983 420 1016 quod
443 983 671 1017 quemadmodum
697 983 804 1017 singula
829 983 891 1014 alia,
916 983 953 1009 ita

164 1035 255 1055 rerum
280 1035 388 1063 quoque
417 1029 598 1056 maximarum
616 1029 735 1064 cognitio
760 1029 787 1056 in
815 1029 955 1057 Genitoris

165 1075 294 1102 honorem
313 1075 346 1101 ad
362 1082 473 1103 causam
500 1075 584 1109 ipsam
607 1076 749 1103 referenda
766 1081 818 1103 est.
836 1076 904 1109 Quin
921 1083 955 1102 ne

165 1121 290 1155 exiguum
311 1121 418 1154 quidem
437 1122 501 1148 mihi
521 1121 709 1149 intellecturus
725 1122 842 1153 videtur,
857 1121 955 1156 quisic

165 1166 272 1202 legerit,
287 1171 316 1193 ut
339 1172 440 1194 nestrte
458 1168 594 1194 memoriae
609 1167 652 1194 vir
666 1168 777 1202 quidam
802 1168 954 1195 litterarum

165 1211 311 1244 studiosus,
328 1219 425 1246 nempe
440 1211 536 1239 Filium
557 1220 609 1239 non
624 1213 703 1240 aliter
721 1213 796 1240 diem
823 1213 897 1240 illutn
915 1214 956 1240 vel

150 1272 152 1275 -
166 1257 261 1283 horam
277 1264 366 1290 nosse,
381 1265 462 1292 quam
480 1263 507 1284 ut
523 1258 612 1287 Pater.
625 1258 695 1292 Quid
711 1259 783 1286 enim
805 1259 868 1286 ltinc
881 1258 957 1286 colli-

167 1302 238 1337 gitur
249 1302 260 1329 ?
270 1303 405 1335 Quoniam
420 1303 501 1330 Pater
509 1305 660 1338 cognoscit,
681 1305 741 1332 ideo
753 1304 837 1332 etiam
849 1304 934 1332 Filius
948 1313 954 1331 :

167 1353 294 1380 tanquam
319 1349 444 1376 videlicet
461 1357 541 1377 neruo
560 1350 610 1377 hoc
630 1357 793 1385 cognoscere
813 1358 847 1378 ac
870 1350 957 1384 perci-

165 1399 231 1427 pere
241 1399 334 1427 queat,
348 1399 445 1427 praetcr
459 1395 606 1430 principem
622 1395 694 1423 illam
707 1401 842 1423 naturam.
858 1395 959 1430 Super-

167 1444 225 1466 erat
248 1438 303 1472 jam
336 1441 368 1466 de
396 1440 447 1467 hoc
485 1440 753 1468 verbo:Mandatum
788 1446 841 1473 est,
869 1442 902 1468 de
925 1449 958 1468 eo

167 1485 261 1516 etiam,
273 1486 344 1519 quod
361 1485 450 1513 Patris
466 1487 591 1514 mandata
616 1494 752 1518 servasse,
769 1492 805 1518 et,
821 1495 882 1521 qua:
899 1486 956 1521 pla—

168 1529 221 1555 cita
247 1534 311 1556 sunt
327 1529 361 1560 ei,
378 1537 485 1564 semper
505 1529 603 1558 fecisse
627 1530 725 1557 dicitur
747 1533 773 1560 ¹;
790 1538 821 1556 ac
846 1530 959 1564 insuper

167 1573 202 1601 de
216 1577 450 1603 consummatione
459 1581 487 1604 et
501 1576 676 1609 exaltatione,
691 1583 724 1603 ac
738 1575 771 1602 de
782 1582 824 1607 eo,
843 1576 914 1608 quod
925 1583 959 1603 ex

169 1620 226 1653 his,
243 1627 303 1654 qua:
320 1628 417 1653 passus
433 1624 484 1651 est,
512 1621 695 1648 obedientiam
718 1620 845 1648 didicisse
862 1621 960 1648 scribi-

171 1670 216 1691 tur
231 1665 252 1697 ⁵,
269 1666 304 1691 de
321 1665 476 1692 sacerdotio
493 1665 503 1681 ³
516 1665 592 1698 item,
609 1670 636 1693 et
655 1666 794 1693 oblatione
809 1667 831 1697 ⁸,
858 1671 885 1693 et
903 1673 961 1692 tra-

169 1711 271 1739 ditione
285 1714 306 1743 ',
322 1716 351 1739 et
370 1713 494 1739 oratione
509 1712 542 1739 ad
561 1719 625 1739 eum
644 1712 688 1745 qui
708 1720 723 1738 a
742 1717 830 1740 morte
851 1712 957 1739 salvum

167 1764 231 1784 eum
247 1757 337 1785 iacere
353 1763 477 1791 poterat;
500 1758 533 1784 ad
551 1757 608 1784 ham
622 1757 655 1784 de
670 1758 779 1791 agonia,
796 1762 822 1784 et
848 1758 958 1791 sangui-

169 1809 220 1829 neo
230 1803 341 1834 sudore,
360 1808 442 1838 atque
455 1804 580 1832 oratione
593 1805 615 1836 ⁸,
638 1808 665 1831 et
679 1803 703 1831 si
720 1804 784 1838 quid
801 1803 872 1830 aliud
884 1804 959 1838 ejus-

1120 845 1151 871 Ει
1170 845 1218 879 μὲν
1236 841 1282 871 οὗν
1303 840 1380 875 οὗτος
1392 843 1534 879 αὐτάρκης
1547 845 1561 869 6
1573 843 1662 876 λόγος,
1679 842 1799 869 ὲνταῦοα

1274 890 1321 916 καὶ
1340 890 1422 925 μηδὲν
1443 890 1524 916 πλέον
1548 889 1747 924 ὲπιζητείσθω·
1774 890 1800 915 ει

1003 937 1091 973 δὲμὴ,
1104 937 1134 963 τό
1155 944 1187 970 γε
1208 936 1344 972 δεύτερον,
1364 936 1459 971 ὥσπερ
1483 936 1537 962 τῶν
1556 936 1644 962 ἄλλων
1669 936 1798 967 ἕκαστον.

1002 984 1074 1010 οὕτω
1088 983 1122 1018 δὴ
1209 983 1256 1009 καὶ
1277 984 1293 1018 ὴ
1315 982 1415 1016 γνῶσις
1441 981 1495 1009 τῶν
1516 982 1663 1017 μεγίστων,
1682 982 1730 1008 ἐπὶ
1749 982 1801 1015 τὴν

1004 1030 1093 1056 αἰτίαν
1116 1029 1292 1064 ἀναφερέσοω
1318 1029 1384 1063 τιμῇ
1407 1028 1454 1054 τοῦ
1481 1028 1653 1063 γεννήτορος.
1678 1029 1758 1054 Δοκεῖ
1772 1027 1802 1054 δὲ

1006 1075 1051 1111 μοι
1067 1084 1119 1107 τις,
1137 1074 1197 1110 μηδ’
1208 1074 1241 1101 ἂν
1256 1073 1367 1105 ἐκείνως
1378 1074 1523 1108 ἀναγνοὺς.
1535 1073 1573 1105 ὡς
1585 1073 1639 1100 τῶν
1653 1072 1715 1100 καθ’
1724 1073 1800 1108 ἡμᾶς

1004 1122 1154 1157 φιλολόγων
1167 1130 1208 1151 τις
1222 1120 1289 1155 (56),
1304 1119 1402 1155 μικρὸν
1418 1119 1554 1154 ἐννοῆσαι,
1571 1119 1612 1146 ὅτι
1625 1119 1687 1146 οὐδὲ
1701 1119 1716 1145 ὁ
1733 1119 1802 1149 Υἱὸς

1004 1169 1091 1200 ἄλλως
1108 1165 1161 1194 οἶδε
1175 1167 1225 1201 τὴν
1243 1166 1360 1200 ἡμέραν,
1380 1166 1396 1200 ἢ
1414 1165 1463 1200 τὴν
1478 1164 1564 1200 ὥραν,
1588 1165 1604 1200 ἦ
1627 1165 1666 1195 ὡς
1759 1162 1803 1189 ὅτι

1005 1215 1019 1240 6
1039 1214 1145 1249 Πατήρ.
1164 1212 1201 1238 Τὸ
1220 1212 1274 1248 γὰρ
1299 1211 1498 1246 συναγόμενον,
1528 1211 1618 1237 ὁποῖον
1629 1218 1637 1253 ;¹
1659 1209 1770 1244 Ἐπειδὴ
1788 1209 1803 1235 ὁ

1006 1259 1101 1294 Πατὴρ
1131 1257 1270 1293 γινώσκει,
1290 1257 1333 1283 διὰ
1354 1256 1432 1283 τοῦτο
1454 1256 1502 1283 καὶ
1523 1257 1537 1282 6
1556 1255 1634 1287 Υἱὸς,
1651 1255 1690 1286 ὡς
1709 1255 1801 1289 δῆλον,

1006 1305 1047 1332 ὅτι
1066 1304 1159 1340 μηδενὶ
1178 1302 1298 1337 γνωστὸν
1316 1301 1404 1331 τοῦτο.
1428 1301 1495 1337 μηδὲ
1523 1300 1635 1336 ληπτὸν,
1657 1299 1729 1335 πλὴν
1751 1300 1804 1334 τῆς

1008 1351 1119 1386 πρώτης
1133 1350 1251 1384 φύσεως.
1276 1348 1415 1374 Ἑλείπετο
1432 1348 1495 1382 περὶ
1507 1347 1554 1374 τοῦ
1573 1346 1742 1378 ἐντετάλθαι,
1753 1347 1804 1372 καὶ

1008 1395 1188 1431 τετηρηκέναι
1206 1394 1255 1425 τὰς
1277 1393 1396 1424 ἐντολὰς.
1409 1393 1457 1420 καὶ
1471 1392 1506 1419 τὰ
1522 1391 1626 1428 ἀρεστὰ
1638 1391 1804 1426 αὐτιῖ).πὰν-

1008 1447 1068 1465 τοτε
1095 1438 1285 1471 πεποιηκέναι,
1308 1436 1446 1463 διαλαϐεῖν
1472 1437 1546 1471 ἡμᾶς
1559 1445 1566 1452 ι
1584 1436 1625 1462 ἐτι
1645 1436 1674 1462 δὲ
1693 1436 1804 1462 τελειώς

1012 1493 1092 1516 σεως,
1106 1485 1154 1511 καὶ
1177 1483 1317 1518 ὑψώσεως,
1341 1483 1389 1509 καὶ
1411 1482 1458 1509 τοῦ
1483 1482 1589 1517 μαθεῖν,
1611 1481 1641 1514 ἐξ
1656 1479 1694 1509 ὧν
1703 1481 1803 1511 ἔπαθε.

983 1556 990 1565 ,
1011 1531 1060 1566 τὴν
1076 1530 1212 1564 ὑπακοὴν,
1230 1529 1277 1556 καὶ
1293 1528 1500 1564 ἀρχιερωσύνης
1514 1537 1544 1554 τε
1560 1528 1608 1555 καὶ
1630 1529 1803 1563 προσφορᾶς,

1010 1576 1059 1603 καὶ
1072 1575 1246 1610 παραδόσεως
1263 1594 1272 1608 ,
1339 1575 1387 1601 καὶ
1401 1574 1520 1608 δεήσεως
1542 1575 1591 1608 τῆς
1613 1573 1682 1609 πρὸς
1698 1573 1744 1599 τὸν
1758 1573 1805 1599 διι-

1013 1621 1130 1653 νάμινον
1144 1619 1240 1652 σώζειν
1257 1620 1338 1647 αὐτὸν
1353 1621 1386 1646 ἐκ
1401 1620 1529 1653 θανάτου,
1544 1622 1592 1648 καὶ
1602 1622 1738 1655 ἀγωνίας,
1754 1624 1805 1649 καὶ

1014 1665 1154 1700 θρόμεων,
1177 1667 1224 1693 καὶ
1242 1666 1410 1702 προσευχῆς,
1427 1667 1473 1693 καὶ
1497 1666 1524 1693 εἴ
1538 1676 1564 1693 τι
1580 1667 1644 1694 ἄλλο
1660 1668 1786 1695 τοιοῦτον
1797 1677 1805 1684 ·

1012 1713 1037 1739 sl
1066 1713 1104 1747 μὴ
1129 1713 1197 1739 πᾶσι
1218 1712 1351 1747 πρόδηλον
1373 1711 1417 1748 ἦν,
1433 1714 1474 1740 ὅτι
1498 1715 1563 1749 περὶ
1584 1713 1615 1740 τὸ
1636 1715 1745 1749 πάσχον
1768 1717 1804 1742 τὰ

1012 1757 1124 1785 τοιαῦτα
1140 1759 1194 1784 τῶν
1211 1758 1364 1793 ὀνομάτων,
1380 1759 1411 1785 οὑ
1433 1760 1498 1794 περὶ
1520 1759 1569 1794 τὴν
1592 1760 1730 1795 ἄτρεπτον
1752 1761 1805 1795 φύ-

1013 1812 1066 1835 σιν,
1080 1805 1127 1831 καὶ
1142 1804 1188 1831 Ιιοῡ
1205 1804 1322 1839 πάσχειν
1338 1805 1517 1840 ὑψηλοτέραν.

168 1846 230 1874 dem
246 1852 287 1875 est
302 1848 420 1881 generis,
439 1852 608 1882 pertractare
630 1857 636 1874 :
656 1848 708 1874 nisi
729 1848 817 1875 cuivis
831 1848 1003 1882 exploratum
1049 1853 1145 1881 esset,
1163 1849 1317 1884 ltujusmodi
1342 1850 1451 1876 nomina
1479 1851 1642 1884 perpetienti
1669 1852 1801 1879 ltumani-

169 1893 217 1920 tati
233 1895 405 1922 attribuenda
419 1902 490 1926 esse,
516 1902 569 1922 non
586 1898 677 1921 autem
694 1893 854 1921 immutabili
876 1894 914 1922 illi
931 1899 1047 1926 naturae,
1068 1899 1150 1929 atque
1167 1895 1241 1921 omni
1255 1895 1349 1922 dolore
1359 1899 1387 1922 et
1404 1896 1527 1922 cruciatu
1551 1896 1716 1923 sublimiori.

225 1953 350 1988 Ejusdem
369 1953 401 1979 de
424 1953 546 1987 doqmate
562 1957 586 1978 et
611 1951 779 1979 ordinatione
804 1951 906 1986 episco-

522 1995 624 2022 porum.

206 2034 287 2061 Pater
309 2033 417 2068 quidem
443 2033 503 2060 sine
523 2032 658 2067 principio
672 2037 725 2065 est,
750 2037 777 2060 et
794 2032 960 2067 principatus

168 2085 230 2107 esse
245 2079 405 2113 intelligitur
419 2085 451 2105 ac
464 2078 563 2105 dicitur
576 2086 583 2111 ;
599 2079 771 2121 principium,
789 2079 909 2112 inquam,
929 2081 959 2105 ut

1020 1950 1071 1976 Ἐκ
1085 1950 1138 1977 τοῦ
1151 1950 1245 1978 αὑτοῦ
1261 1951 1355 1988 λόγου
1370 1951 1423 1988 τοῦ
1437 1953 1504 1986 περὶ
1518 1952 1665 1988 δόγματος
1683 1955 1734 1982 καὶ
1749 1964 1805 1984 και

1217 1987 1392 2019 ταστάσεως
1405 1987 1593 2015 ἐπισκόπων.

1049 2033 1157 2068 Πατρδς
1171 2033 1231 2068 μὲν,
1251 2034 1298 2060 καὶ
1317 2034 1449 2070 άνάρχου,
1470 2036 1520 2062 καὶ
1535 2037 1622 2071 ἀρχῆς
1636 2037 1804 2072 ὲπινοουμὲ-

1011 2087 1057 2104 νου
1073 2080 1121 2106 καὶ
1133 2079 1283 2113 λεγομένου
1299 2079 1399 2115 (ἀρχῆς
1413 2081 1452 2112 δὲ,
1465 2080 1504 2112 ὼς
1518 2082 1619 2114 αἰτίου,
1633 2083 1678 2109 καὶ
1694 2084 1734 2115 ὡς
1749 2093 1805 2118 πη-

169 2132 251 2152 causa
268 2130 294 2152 et
322 2124 383 2152 fons
398 2123 511 2151 luminis
522 2124 692 2159 sempiterni.
709 2123 795 2152 Filius
804 2130 892 2151 autem
905 2132 956 2151 non

1049 2133 1072 2156 ς,
1093 2126 1141 2152 καὶ
1162 2125 1200 2156 ὡς
1225 2126 1311 2152 ἀϊδίου
1332 2126 1430 2160 φωτός)
1448 2135 1454 2142 ·
1478 2127 1543 2154 Υῖοῦ
1563 2129 1599 2161 δὲ,
1616 2129 1739 2164 ἀνάρχου
1753 2132 1805 2165 μὲν

169 2176 213 2198 est
230 2171 275 2198 ille
294 2170 403 2205 quidem
435 2169 547 2196 omnino
563 2170 622 2197 sine
640 2170 775 2205 principo.
793 2169 839 2197 sed
867 2175 956 2197 tamen

169 2221 210 2245 est
224 2223 315 2244 rerum
330 2215 450 2243 omnium
467 2216 632 2251 principium
646 2225 653 2249 ;
684 2216 846 2251 principium
877 2224 958 2250 porro

170 2270 232 2290 cum
248 2263 320 2295 dico,
338 2270 372 2289 ne
394 2267 501 2297 tempus
518 2262 678 2295 interjicias,
697 2263 830 2290 necinter
853 2262 958 2297 genito-

168 2315 226 2334 rem
245 2313 270 2334 ct
285 2309 409 2343 genitum
429 2308 546 2335 medium
563 2308 666 2342 aliquid
678 2309 900 2339 constituas,nec
911 2315 959 2342 per

169 2355 207 2387 id,
221 2355 292 2389 quod
322 2355 394 2381 inter
407 2362 450 2386 ea,
469 2362 528 2388 quae
548 2355 672 2382 eamdem
699 2354 878 2381 mternitatem
909 2354 957 2380 ha-

168 2400 244 2430 bent.
260 2404 288 2426 et
305 2399 449 2434 conjuncta
467 2404 542 2432 sunt,
561 2399 630 2427 male
654 2400 813 2434 interponis,
830 2404 957 2425 naturam

134 2479 138 2482 ~
169 2445 287 2473 dividas.
304 2444 371 2472 Nam
393 2446 414 2473 si
433 2451 539 2480 tempus
555 2445 623 2473 tt‘ilio
640 2451 682 2473 est
708 2445 860 2480 antiquius,
881 2445 957 2471 illius

168 2492 355 2526 proculdubio
367 2492 485 2527 primum
495 2493 576 2520 Pater
588 2499 669 2520 causa
684 2491 766 2519 fuerit
780 2498 893 2518 necesse
903 2494 956 2517 est.

168 2537 246 2570 Quod
259 2537 281 2564 si
297 2538 332 2565 ita
361 2543 412 2571 est,
429 2546 482 2572 quo
498 2539 606 2566 tandem
629 2541 711 2566 modo
734 2543 887 2572 temporum
917 2536 957 2563 la-

168 2587 228 2610 ctor
241 2583 293 2610 erit
308 2584 328 2616 ',
348 2585 392 2618 qui
414 2585 464 2612 sub
481 2590 584 2620 tempus
596 2585 687 2612 cadit?
704 2584 764 2617 Quo
784 2584 848 2610 item
878 2583 956 2610 modo

169 2629 301 2657 Dominus
317 2631 437 2658 omnium
455 2631 476 2663 ⁸,
495 2632 518 2658 si
548 2639 609 2658 eum
643 2636 749 2665 tempus
770 2630 955 2664 praecesserit,

166 2675 248 2710 eique
265 2675 438 2702 dominetur?
450 2675 580 2710 Principii
598 2676 682 2710 igitur
691 2682 790 2709 expers
800 2679 840 2701 est
851 2674 929 2701 Pater
946 2683 954 2702 :

169 2728 220 2748 nec
235 2721 308 2749 enim
324 2721 442 2753 aliunde,
457 2729 508 2749 nec
526 2729 541 2748 a
559 2730 588 2749 se
608 2722 666 2754 ipso
676 2728 737 2748 esse
754 2721 846 2747 habet.
865 2719 954 2747 Filius

169 2771 273 2799 autem,
288 2767 311 2795 si
326 2767 434 2802 quidem
450 2767 557 2794 Patrem
574 2772 603 2794 ut
619 2774 729 2794 causam
747 2766 878 2801 accipias,
908 2773 954 2793 tte-

202 2827 211 2842 ¹
226 2825 303 2854 Jonn.
324 2835 350 2859 ιι,
370 2827 418 2859 [8;
436 2834 479 2859 xv,
499 2827 554 2858 IO;
570 2833 626 2856 νιιι,
647 2826 692 2853 ‘29.
732 2827 742 2841 ¹
761 2825 842 2853 llebr.
855 2833 881 2856 ν,
899 2825 915 2851 9
945 2833 959 2850 ο

202 2881 213 2889 η.
233 2869 262 2889 tt.
277 2862 321 2889 20.
360 2863 370 2877 ⁸
387 2861 453 2888 Luc.
471 2869 538 2889 ult.
556 2860 590 2888 44
617 2869 673 2889 seu.
712 2862 721 2877 "
735 2860 819 2889 Hebr.
837 2868 856 2888 ι.
871 2861 899 2887 ‘2.
938 2858 950 2874 ⁸

1049 2831 1064 2858 ι.
1104 2825 1114 2838 ι
1129 2825 1143 2850 n

1065 2866 1092 2889 ι,
1110 2858 1143 2885 l2

813 2880 819 2887 .
837 2878 856 2888 ..
874 2878 899 2887 ...
966 2878 1046 2886 ..ν-ι..
1065 2878 1092 2892 -,
1111 2878 1153 2887 .-.

166 2860 213 2889 lat.
233 2869 262 2894 tt,
277 2862 321 2889 20,
360 2863 370 2877 ⁸
387 2861 453 2888 Luc.
471 2869 538 2894 ult,
556 2860 590 2888 44
617 2869 673 2896 seq.

1009 2171 1146 2206 οὐδαμῶς,
1166 2172 1254 2207 ἀρχῆς
1270 2172 1298 2198 δὲ
1319 2174 1373 2199 τῶν
1388 2173 1458 2200 ὅλων
1470 2183 1476 2189 ·
1492 2175 1578 2209 ἀρχὴν
1593 2175 1622 2201 δὲ
1635 2176 1699 2202 ὅταν
1716 2177 1803 2208 εῐπω,

1010 2217 1048 2251 μὴ
1070 2217 1166 2252 χρόνον
1183 2218 1333 2253 παρενθῇς,
1351 2219 1419 2254 μηδὲ
1445 2221 1528 2255 μέσον
1543 2229 1570 2247 τι
1588 2221 1673 2257 τάξῃς
1689 2221 1737 2248 τοῦ
1754 2231 1805 2255 γε·

1008 2265 1169 2297 γεννηκότος
1193 2264 1241 2290 καὶ
1264 2265 1311 2291 τοῦ
1337 2265 1519 2300 γεννήματος,
1549 2267 1617 2301 μηδὲ
1634 2267 1723 2303 otii-ﬂ;
1752 2269 1805 2303 τὴν

1009 2312 1091 2344 φύσιν
1112 2310 1151 2345 τῷ
1174 2311 1267 2342 κακῶς
1284 2313 1478 2346 παρεντεθέντι
1499 2314 1555 2345 τοῖς
1579 2314 1726 2346 συναῖδῐοις
1753 2317 1803 2342 καὶ

1009 2357 1204 2391 συνημμένοις.
1237 2358 1267 2383 Εἰ
1292 2358 1347 2392 γὰρ
1374 2358 1470 2393 χρόνος
1504 2358 1571 2386 Υἱοῦ
1597 2360 1802 2396 πρεσϐύτερος,

1009 2401 1114 2428 ἐκείνου
1125 2401 1224 2437 δηλαδὴ
1243 2402 1359 2437 πρώτως
1375 2403 1408 2430 ἂν
1425 2405 1469 2439 εἴη
1485 2404 1573 2436 αῐτιος
1589 2407 1602 2432 ὀ
1618 2405 1721 2440 Πατήρ
1742 2407 1802 2433 Καὶ

1009 2447 1068 2479 πῶς
1092 2448 1209 2483 ποιητὴς
1231 2449 1335 2484 χρόνων
1358 2450 1372 2476 ὀ
1397 2450 1450 2476 ὑπὸ
1474 2453 1588 2485 χρόνους
1615 2452 1676 2482 Πῶς
1696 2452 1724 2478 δὲ
1752 2456 1802 2480 καὶ

1007 2491 1111 2527 Κύριος
1128 2493 1247 2526 πάντων,
1262 2495 1286 2520 ει
1308 2494 1361 2521 ὑπὸ
1376 2495 1474 2529 χρόνου
1491 2496 1672 2531 προειληπταί
1695 2506 1724 2524 τε
1751 2500 1801 2525 κχὶ

1008 2536 1184 2571 κυριεύεται;
1201 2537 1335 2573 ’Δναρχος
1352 2538 1399 2565 οὖν
1414 2540 1427 2566 6
1441 2540 1536 2575 Πατήρ
1548 2547 1554 2554 ·
1572 2541 1602 2567 οὑ
1625 2541 1680 2576 γὰρ
1697 2543 1800 2575 ἑτέρω-

1007 2581 1055 2608 θεν
1076 2582 1160 2617 αὑτῷ,
1181 2583 1242 2609 οὑδὲ
1267 2584 1334 2619 παρ’
1349 2578 1447 2611 ἑαυτοῦ
1472 2585 1502 2612 τὸ
1522 2584 1602 2613 εἶναι.
1624 2586 1655 2613 '0
1673 2587 1700 2614 δὲ
1717 2588 1797 2620 Υἱὸς,

1007 2627 1056 2652 ἐὰν
1071 2627 1120 2662 μὲν
1136 2627 1173 2658 ὡς
1190 2628 1276 2654 αῐτιον
1289 2628 1335 2655 τὸν
1355 2629 1465 2664 Πατέρα
1478 2629 1632 2665 λαμϐάνῃς,
1647 2632 1696 2658 οὐκ
1711 2632 1798 2667 ἄνερ.

1007 2682 1053 2708 χος
1066 2681 1072 2688 ·
1093 2674 1165 2709 ἁρχὴ
1182 2675 1236 2709 γὰρ
1259 2674 1324 2701 Υἱοῦ
1343 2676 1436 2710 Πατὴρ
1450 2677 1488 2707 ὡς
1509 2677 1613 2708 αῐτιος·
1631 2677 1679 2703 ἐὰν
1694 2677 1722 2703 δὲ
1744 2679 1796 2713 τὴν

1007 2719 1061 2745 ἀπὸ
1079 2719 1177 2753 χρόνου
1193 2721 1257 2754 νοῇς
1272 2720 1370 2755 ἀρχὴν,
1392 2721 1439 2748 καὶ
1458 2720 1590 2756 ἄναρχος·
1607 2721 1657 2747 οὑκ
1677 2722 1797 2757 ἄρχεται

1007 2765 1060 2800 γὰρ
1074 2765 1126 2791 ὑπὸ
1144 2765 1241 2800 χρόνον
1257 2767 1271 2792 6
1283 2761 1551 2802 χρόνωνᾏεσπότης.

1104 2823 1213 2860 ιλιιθυτ.
1230 2832 1277 2858 vn,
1297 2824 1309 2851 l
1326 2832 1403 2860 seqq.
1441 2825 1452 2841 ⁸
1468 2824 1547 2852 ﬂetu.
1563 2832 1600 2858 tv,
1616 2824 1662 2852 ‘15.
1700 2825 1711 2840 ⁸
1735 2824 1797 2852 Ga-
