1891 3076
90 146 144 178 593

85 219 224 248 quaquam
246 213 378 248 principio
400 216 494 244 caret;
522 212 685 247 principium
706 213 779 240 enim
808 212 868 240 Filii

87 259 269 292 intellexeris,
295 259 422 294 principii
454 266 562 294 quoque
589 259 677 287 omnis
705 264 747 287 est
773 266 881 294 expers.

86 310 140 334 ιιι.

182 353 215 379 Et
229 352 269 384 δὲ,
286 353 327 379 ὅτι
345 352 379 379 τὰ
401 353 515 388 σώματα
534 352 586 379 ὑπδ
607 353 713 388 χρόνον,
735 352 779 379 διὰ
803 353 882 380 τοῦτο
896 355 918 381 Α

87 397 218 430 ἀξιώσεις
236 397 343 424 κεῖσθαι
362 397 471 424 καὶτὸν
491 397 555 424 Υίὸν
574 397 627 424 ὑπὸ
647 398 753 434 χρόνον,
769 397 882 433 περιθή-

89 452 149 475 σεις
166 444 212 471 καὶ
235 444 314 480 σῶμα
336 443 375 479 τῷ
399 443 554 479 ἀσωμάτῳθ
578 444 626 470 καὶ
648 445 672 470 ει
694 445 735 470 ὅτι
759 444 794 470 τὰ
817 443 881 479 παρ’

89 491 159 525 ἡμῖν
174 489 349 525 γεννώμενα,
365 490 414 516 οὐκ
426 490 492 517 ὄντα.
508 489 585 521 ποτὲ,
603 487 663 516 εἶτα
681 490 821 525 γινόμενα,
838 489 881 517 διὰ

88 535 172 563 τοῦτο
185 535 231 562 καὶ
247 535 295 562 τὸν
311 535 376 562 Υῐὺν
391 536 557 570 ἀναγκάσεις
578 535 607 569 ἐξ
623 536 673 562 οὐκ
689 536 772 563 ὄντων
792 536 833 568 εἰς
851 536 882 562 τὸ

89 579 163 608 εῖναι
183 580 410 617 παρεληλυθέναι,
427 581 583 616 συγκρίνεις
669 581 703 608 τὰ
718 580 881 616 ἀσύγκριτα,

89 628 160 655 Θεὸν
177 628 224 654 καὶ
236 628 389 663 ἄνθρωπον,
411 628 490 662 σῶμα
507 627 558 654 καὶ
565 627 596 653 τὸ
610 627 771 662 ἀσώματον·
786 627 883 654 οὗκοῦν

91 675 142 701 καὶ
158 675 281 700 πείσεται
296 673 342 700 καὶ
356 673 512 708 λυθήσεται,
530 673 570 700 ὅτι
586 673 632 699 καὶ
650 673 685 699 τὰ
699 673 820 709 ἡμέτερα
833 672 884 699 σώ-

92 727 180 755 ματα.
198 719 233 745 Σὺ
252 719 302 754 μὲν
318 716 366 746 οὖν
382 719 469 751 ἀξιοῖς
486 719 530 745 διὰ
550 718 630 745 τοῦτο
649 717 721 744 οὕτω
738 718 883 752 γεννᾶσθαι

89 765 172 796 Θεὸν,
189 765 256 792 διότι
273 765 307 791 τὰ
322 764 445 800 σώματα·
461 763 516 798 ἐγὼ
531 764 559 790 δὲ
575 763 620 790 διὰ
632 763 710 790 τοῦτο
725 763 773 799 οὐχ
787 763 883 796 οὕτως,

92 811 137 837 ὅτι
150 810 223 836 οὕτω
238 810 273 836 τὰ
289 810 414 845 σώματα.
431 805 483 835 Ὧν
496 808 551 844 γὰρ
573 807 601 835 τὸ
623 806 693 835 εἶναι
714 808 763 843 οὐχ
785 809 887 844 ὃμοιονι

93 855 200 882 τούτων
219 855 281 881 οὐδὲ
303 854 335 880 τὺ
359 855 457 889 γεννᾷν
487 854 596 889 ὅμοιον·
619 854 643 880 εἱ
671 854 710 890 μὴ
737 862 784 881 και
807 853 890 881 τᾶλλα

95 900 229 936 δουλεύσῃ
302 907 305 910 ·
321 901 380 932 ταῖς
400 899 488 930 ὕλαις,
503 896 559 925 οἷον
578 899 702 934 πάσχων,
726 899 772 926 καὶ
790 898 890 926 λυπού-

624 149 813 180 ΡΛΝΟΙῚᾸᾹ
827 149 1058 179 ῡΟιῖΜΑΤΙΟᾹ.
1074 159 1107 164 “
1118 146 1191 178 ΤιΤ.
1208 147 1260 178 XI.

1665 142 1718 175 ξιθι

905 213 986 240 Pater
1004 217 1044 240 cst
1061 233 1068 245 ,
1111 216 1140 240 ut
1164 219 1263 246 causa;
1282 211 1325 239 sin
1351 212 1384 240 de
1414 215 1534 247 tempore
1557 212 1719 247 principium

901 258 993 294 Neque
1025 259 1096 286 enim
1130 263 1281 293 temporum
1299 257 1427 285 Dominus
1451 258 1566 292 tempori
1583 258 1721 293 subjectus

1052 349 1177 383 Quodsi,
1194 349 1256 384 quia
1281 355 1396 382 corpora
1426 347 1541 381 tempori
1570 346 1720 381 subiacent,

936 397 1038 424 idcirco
1068 395 1166 422 Filium
1198 401 1306 430 quoque
1332 393 1446 429 tempori
1472 393 1584 421 subesse
1607 398 1721 425 statuas,

934 448 997 471 tunc
1016 443 1053 471 rei
1075 442 1242 476 incorporea;
1258 448 1357 476 corpus
1378 439 1525 473 attribues;
1545 443 1570 467 et
1595 439 1630 472 si,
1653 446 1722 474 quo-

935 489 1006 517 niam
1023 496 1054 516 ea
1074 495 1133 524 quae
1148 487 1217 522 apud
1238 495 1289 514 nos
1317 488 1474 522 gignamur,
1491 494 1552 514 eum
1579 491 1642 513 ante
1668 494 1722 514 non
1751 497 1754 499 λ

933 539 1035 567 essent,
1056 539 1150 569 postea
1173 539 1231 561 orla
1249 538 1323 567 sunt,
1345 533 1405 560 idco
1419 532 1517 560 Filium
1541 539 1650 569 quoque
1674 539 1722 559 ne-

934 582 1053 610 cessario
1080 589 1112 609 ex
1140 581 1224 608 nihilo
1256 581 1282 607 in
1319 587 1408 606 rerum
1438 585 1562 606 natttram
1590 578 1724 614 prodiisse

934 627 1086 660 contendis,
1105 633 1246 662 comparas
1262 633 1304 658 ea,
1318 634 1378 661 qum
1404 625 1633 661 comparationem
1662 632 1722 652 om-

935 681 996 701 nem
1019 677 1161 708 respuunt,
1176 671 1261 701 Deum
1279 679 1375 706 nempe
1394 676 1421 698 et
1443 670 1591 703 hominem,
1613 677 1721 705 corpus,

934 724 961 746 et
977 719 1002 745 id
1028 719 1099 753 quod
1117 726 1230 754 corpore
1248 722 1334 745 vacat.
1356 717 1427 752 Ergo
1441 722 1468 744 et
1482 718 1610 752 patietur,
1625 720 1653 744 et
1667 716 1723 743 dis-

937 764 1070 796 SUlVClUl‘,
1087 769 1167 797 atque
1188 764 1318 796 interibit,
1340 764 1564 797 quemadmodum
1583 768 1610 791 et
1631 768 1723 790 nostra

932 810 1058 841 corpora.
1076 806 1114 833 Tu
1131 807 1238 841 quidem
1257 807 1360 835 idcirco
1374 808 1457 836 Deum
1473 811 1508 837 ita
1522 809 1646 845 generari
1663 816 1725 835 cen-

933 859 988 886 ses,
1002 853 1075 887 quod
1086 861 1199 889 corpora
1212 854 1247 881 ita
1264 861 1428 890 generentur
1475 864 1482 882 :
1551 863 1601 890 ego
1615 862 1679 882 Vero
1693 855 1729 882 ob

935 899 961 927 id
981 907 1033 927 non
1058 901 1094 927 ita
1125 900 1197 936 gigni
1218 900 1333 934 aﬂirmo,
1359 902 1430 935 quod
1458 908 1490 928 ea
1518 901 1552 928 sit
1584 909 1726 936 corporum

99 955 193 982 μενος,
209 946 256 973 καὶ
271 945 383 978 πεινῶν,
402 946 449 972 καὶ
464 945 549 980 διψῶν
562 966 569 977 ,
589 945 636 972 καὶ
649 946 698 972 ὅσα
719 945 736 981 ἢ
754 945 845 981 σώμαι

982 948 1132 974 nendorum
1163 947 1234 974 ratio
1267 947 1393 981 (quorum
1412 947 1484 974 enim
1508 951 1604 974 nalura
1621 946 1727 973 diversa

98 993 116 1028 ἢ
133 992 181 1019 τοῦ
200 992 404 1027 συναμφοτέρου
422 991 507 1024 πάθη.
531 991 612 1017 Ἀλλὰ
626 991 712 1018 ταῦτα
725 992 755 1017 οὗ
773 1000 844 1026 παρα

983 1011 990 1023 ,
1008 992 1104 1019 horum
1129 993 1220 1027 dispar
1241 1000 1348 1027 quoquc
1363 993 1508 1028 generandi
1531 992 1657 1026 modus);
1677 991 1729 1018 nisi

100 1038 181 1075 χεταί
195 1047 242 1066 σου
257 1040 271 1066 ὁ
284 1039 346 1070 νοῦς
356 1048 363 1055 ·
381 1038 446 1074 περὶ
461 1037 531 1065 Θεοῦ
544 1038 599 1074 γὰρ
611 1038 626 1064 ὁ
640 1037 727 1072 λόγος.
742 1037 788 1073 Μὴ
803 1037 844 1064 τοί

982 1046 999 1064 u
1021 1040 1047 1065 lu
1062 1039 1188 1066 omnibus
1207 1039 1267 1066 aliis
1283 1046 1390 1074 quoque
1406 1040 1486 1066 rebus
1508 1046 1645 1073 corporea:
1669 1045 1728 1065 ma-

102 1085 174 1120 μηδὲ
196 1084 246 1120 τὴν
267 1085 395 1121 γέννησιν
413 1084 516 1118 ἄλλως,
534 1084 552 1119 ἢ
583 1084 621 1116 ὡς
651 1084 743 1120 θεῖκὴν
774 1093 848 1120 παρα

983 1085 1013 1111 ite
1028 1085 1132 1112 servire
1147 1084 1308 1117 contendas,
1321 1085 1372 1113 boc
1389 1090 1443 1118 est,
1459 1089 1489 1112 ut
1515 1085 1645 1120 patiatur,
1661 1088 1688 1110 et
1703 1083 1729 1110 in

99 1139 164 1164 χου.
941 1137 1059 1157 maerore
1077 1135 1210 1163 versetur,
1235 1136 1262 1157 et
1279 1130 1352 1158 fame
1377 1139 1409 1159 ac
1437 1132 1482 1159 siti
1501 1131 1619 1164 laboret,
1637 1136 1732 1157 omnes

100 1175 221 1210 denique
239 1183 287 1204 eas
311 1174 480 1207 aﬂ'ectiones,
498 1175 606 1210 quibus,
627 1174 669 1202 vel
691 1173 836 1210 corporis,
862 1173 903 1198 vel
931 1171 1097 1206 coniunctim
1122 1173 1263 1207 utriusque
1289 1174 1374 1208 partis
1400 1179 1497 1202 natura
1528 1176 1648 1209 subjecta
1676 1181 1729 1209 est,

101 1222 271 1255 experiatur.
285 1222 347 1250 HEI‘C
371 1223 442 1249 enim
472 1229 536 1249 vero
559 1229 637 1250 mens
661 1227 704 1248 tua
724 1228 775 1248 non
796 1219 924 1248 admittit.
946 1219 983 1246 De
1018 1219 1071 1246 Deo
1103 1219 1201 1254 quippe
1233 1227 1323 1247 sermo
1340 1226 1391 1248 est.
1423 1221 1461 1248 Ne
1477 1228 1503 1249 tu
1522 1223 1603 1257 Igitur
1620 1231 1733 1258 genera-

103 1267 207 1295 tionem
225 1267 304 1294 aliter
316 1275 395 1302 quam
411 1272 440 1294 ut
456 1267 573 1295 divinam
589 1267 712 1295 admitte.

201 1312 269 1337 Ἀλλ’
287 1313 311 1338 ει
329 1312 502 1348 γεγέννηται,
519 1313 578 1345 πῶς
591 1313 769 1348 γεγέννηται,
795 1313 894 1348 φησίνς

108 1356 272 1393 ’Δπόκριναί
296 1366 351 1393 μοι,
372 1355 395 1384 ὧ
416 1358 568 1385 διαλεκτικὲ
592 1359 624 1385 σὺ
649 1359 696 1385 καὶ
716 1358 830 1392 ἄφυκτε.
865 1358 896 1384 Et

100 1402 238 1433 ἔκτισται,
255 1404 315 1436 πῶς
330 1404 468 1436 Exstat-at;
484 1404 557 1439 κάμὲ
578 1404 690 1432 ἀπαίτει
708 1404 748 1434 τὺ,
770 1404 833 1436 Πῶς
852 1412 898 1438 γε-

101 1449 251 1484 γέννηται;
267 1449 356 1482 Πάθος
442 1450 507 1485 περὶ
522 1451 572 1485 τὴν
585 1451 729 1486 γέννησινς
746 1450 834 1481 Πάθος
851 1450 898 1477 καὶ

101 1494 170 1529 περὶ
183 1494 232 1529 τὴν
248 1494 352 1521 κτίσιν·
371 1494 387 1530 ἢ
404 1495 458 1531 γὰρ
470 1496 501 1522 οὺ
519 1495 605 1527 πάθος
621 1496 636 1530 ἡ
652 1495 834 1527 ἁνατύπωσις,
850 1496 898 1522 καὶ

100 1540 119 1574 ἡ
143 1539 265 1574 φροντὶς,
286 1540 333 1566 καὶ
346 1541 362 1576 ἡ
376 1541 423 1567 τοῦ
437 1540 580 1576 νοηθέντος
596 1541 702 1576 ἀθρόως
722 1541 761 1573 εἰς
777 1541 807 1567 τὸ
829 1540 898 1567 κατὰ

102 1585 191 1621 μέρος
217 1585 388 1619 ἐξάπλωσις;
413 1586 516 1622 Χρόνος
538 1587 603 1622 περὶ
620 1586 668 1622 τὴν
689 1587 834 1622 γέννησιν;
855 1587 899 1613 Ἐν

101 1629 194 1664 χρόνῳ
219 1629 266 1655 καὶ
290 1629 325 1656 τὰ
350 1629 508 1665 κτιςόμενα.
534 1630 624 1662 Τόπος
650 1631 782 1664 ὲντσιῦθα;
811 1631 900 1662 Τόπος

102 1675 174 1701 ἐκεῖ.
200 1674 349 1710 ’Λποτυχία
365 1675 429 1710 περὶ
448 1675 498 1710 τὴν
515 1676 660 1712 γέννησιν;
681 1676 828 1711 Ἀποτυχία
853 1676 900 1703 καὶ

102 1729 137 1746 πε
143 1721 170 1756 pl.
185 1721 234 1755 τὴν
247 1720 346 1748 κτίσιν.
360 1721 454 1748 Ταῦτα
468 1721 572 1755 ἤκουσα
585 1721 799 1757 φιλοσοφούντων
811 1721 899 1757 ὑμῶν·

101 1765 121 1792 ἃ
141 1766 197 1801 γὰρ
212 1767 226 1792 ὁ
242 1765 305 1798 νοῦς
323 1765 476 1802 ὑπέγραψε,
494 1766 625 1799 πολλάκις
641 1766 727 1794 ταῦτα
742 1768 758 1802 ὴ
775 1767 836 1803 χεὶρ
851 1767 901 1793 οὑκ

102 1812 240 1839 ἐτέλεσεν.
272 1812 354 1839 Ἀλλὰ
372 1813 455 1848 λόγῳ,
477 1813 554 1849 φησὶ,
571 1813 601 1840 τὸ
618 1814 672 1840 πᾶν
692 1813 831 1849 ὑπέστησε
854 1813 901 1840 καὶ

104 1857 190 1893 βουλή
195 1866 271 1893 ματι.
282 1857 378 1891 Αὐτὸς
392 1858 450 1894 γὰρ,
463 1856 538 1890 εἶπε,
555 1858 605 1885 καὶ
691 1858 880 1894 ἐγενήθησαν·
891 1867 899 1874 ·

101 1904 200 1936 αὐτὸς
228 1904 407 1935 ἐνετείλατο,
434 1904 484 1931 καὶ
506 1905 703 1938 ἐκτίσθησαν.
717 1905 802 1932 Ὅταν
821 1906 902 1941 εἴπῃς

101 1950 146 1985 τῷ
158 1950 231 1985 λόγῳ
242 1949 289 1977 τοῦ
302 1949 370 1976 Θεοῦ
385 1950 419 1977 τὰ
432 1950 521 1977 πάντα
538 1951 673 1982 ἐκτίσθαι,
690 1952 720 1978 οὺ
733 1951 782 1987 τὴν
797 1951 902 1986 ἀνθρω-

103 1995 192 2030 πίνην
210 1994 297 2021 κτίσιν
316 1995 451 2029 εἰσάγεις·
465 1995 552 2027 οὐδεὶς
568 1995 622 2031 γὰρ
638 1996 715 2031 ἡμῶν
729 1996 800 2032 λόγῳ
816 1996 902 2032 πράτ-

104 2048 150 2066 τει
164 2038 199 2065 τὰ
216 2038 358 2074 γινόμενα.
375 2039 458 2066 Οὐδὲν
471 2039 526 2074 γὰρ
538 2039 571 2066 ἂν
585 2037 619 2074 ἦν
633 2039 798 2074 ὑψηλότερον
813 2038 902 2074 ἡμῶν,

102 2085 171 2112 οὐδὲ
188 2084 378 2120 ἀπονώτερον,
398 2085 422 2112 εί
445 2085 475 2112 τὸ
496 2085 586 2119 λέγειν
608 2085 689 2120 ἔργου
708 2085 903 2120 συμπλήρωσις

102 2129 142 2167 ἦν
157 2139 165 2145 ·
186 2130 258 2157 ὥστε
285 2130 309 2156 εἰ
335 2129 382 2157 καὶ
400 2129 471 2165 λόγῳ
493 2130 580 2162 κτίζει
605 2130 671 2162 Θεὸς
692 2130 726 2157 τὰ
747 2129 903 2165 κτιζόμενα,

102 2177 160 2204 οὐκ
177 2175 348 2211 ἀνθρώπινον
363 2175 438 2210 αὑτῷ
452 2175 483 2202 τὸ
497 2175 612 2208 κτίζειν.
699 2176 735 2202 Ἦ
748 2175 803 2211 γὰρ
818 2174 904 2207 δεῖξον

104 2223 158 2250 καὶ
178 2222 321 2257 ἄνθρωπον
336 2222 409 2257 λόγῳ
429 2231 456 2249 τι
471 2222 642 2257 πράττοντα·
661 2221 678 2257 ἢ
700 2221 783 2254 δέξαι,
800 2221 842 2248 ὅτι
855 2220 905 2256 οὐχ

103 2269 146 2300 ὡς
168 2267 312 2302 ἄνθρωπος
330 2268 417 2300 κτίζει
436 2267 513 2299 Θεός.
538 2267 616 2293 Ἐπεὶ
635 2267 784 2302 διάγραψον
808 2266 905 2302 βουλή-

107 2323 179 2349 ματι
196 2313 284 2346 πόλιν,
301 2314 347 2340 καὶ
364 2313 532 2349 παραστήτω
621 2312 697 2344 πόλις
709 2321 715 2327 ·
731 2312 843 2344 θέλησον
857 2321 905 2346 γε-

104 2357 206 2384 νέσθαι
222 2366 263 2384 σοι
356 2357 424 2389 υἱὸν,
444 2358 491 2384 καὶ
507 2357 677 2393 παραστήτω
693 2358 758 2389 παῖς
769 2366 775 2373 ·
793 2357 905 2393 θέλησον

104 2404 176 2431 ἀλλο
196 2412 223 2429 τι
240 2403 293 2430 τῶν
309 2403 517 2440 πραττομένων,
539 2404 587 2430 καὶ
602 2404 641 2435 εἰς
655 2403 735 2439 ἔργον
749 2405 765 2439 ἡ
780 2403 906 2439 βούλησις

106 2448 275 2485 χωρησάτω.
296 2450 327 2476 Εἰ
345 2449 373 2476 δὲ
384 2450 486 2476 τούτων
497 2450 572 2476 οὐδὲν
585 2449 682 2476 ἕπεται
699 2449 737 2484 τῷ
752 2448 905 2484 βούλεσθαι,

106 2495 181 2522 Θεοῦ
202 2495 231 2522 δὲ
245 2495 275 2522 τὸ
295 2495 437 2530 βούλεσθαι
453 2495 553 2532 πρᾶξίς
572 2496 648 2522 ἐστιν
661 2516 667 2526 ,
684 2495 771 2526 ἄλλως
788 2495 836 2530 μὲν
858 2494 905 2522 ἅν-

107 2543 225 2578 θρωπος
250 2542 346 2574 κτίζει,
363 2541 450 2574 ἄλλως
473 2542 501 2568 δὲ
525 2543 539 2568 ὁ
563 2542 672 2569 πάντων
693 2541 806 2576 κτίστης
828 2541 903 2572 Θεός.

108 2588 177 2620 Πῶς
198 2586 245 2615 οὖν
271 2588 358 2620 κτίζει
386 2589 434 2624 μὲν
459 2589 509 2615 οὐκ
535 2587 727 2624 ἀνθρωπικῶς,
756 2586 906 2622 γεννᾷν,δὲ

108 2633 300 2668 ἀναγκάζεται
320 2633 521 2670 ἀνθρωπικῶς,
546 2634 582 2660 Σὺ
607 2633 656 2668 μὲν
676 2633 725 2659 οὐκ
748 2632 796 2663 ὢν,
812 2632 906 2658 ἔπειτα

108 2680 221 2714 ἐγένου,
238 2677 298 2706 εἶτα
314 2681 411 2714 γεννᾷς
421 2688 427 2695 ’
445 2679 489 2709 διὰ
500 2679 579 2706 τοῦτο
597 2679 646 2706 οὐκ
660 2679 724 2706 ὅντα
738 2679 778 2710 εἰς
790 2678 820 2705 τὸ
838 2676 906 2704 εἶναι

108 2736 263 2770 πιράγεις.
282 2734 329 2767 Ἣ,
353 2734 396 2761 ἵνα
419 2742 446 2759 τι
473 2732 621 2767 βαθύτερον
646 2731 729 2764 εἴπω,
752 2731 820 2765 τάχα
842 2730 902 2756 οὐδὲ

110 2782 198 2812 αὐτὸς
212 2780 241 2813 ὲξ
256 2781 307 2807 οὐκ
324 2780 409 2807 ὕντων
426 2779 562 2814 παράγεις
572 2785 580 2792 ·
599 2778 660 2804 ἐπεὶ
671 2778 718 2804 καὶ
732 2777 746 2803 ὀ
761 2776 836 2808 Λευῒ,
851 2785 902 2811 φη-

111 2827 174 2858 σὶν,
185 2826 224 2853 ἔτι
238 2827 268 2853 ὲν
282 2827 315 2862 τῇ
330 2826 411 2860 ὀσφύϊ
426 2825 474 2853 τοῦ
486 2824 588 2862 πατρὸς
604 2822 650 2861 ἦν,
660 2824 724 2859 πρὶν
736 2823 777 2855 εἰς
787 2823 817 2849 τὸ
833 2821 903 2850 εἶναι

153 2877 161 2892 ¹
177 2876 253 2905 Psal.
267 2885 378 2910 cxtvut,
395 2878 420 2905 5.

1032 1310 1130 1339 Verum
1143 1313 1165 1340 si
1180 1321 1276 1348 genera
1282 1318 1322 1341 tus
1334 1318 1385 1343 cst.
1395 1315 1495 1349 inquis,
1505 1315 1641 1350 quomodo
1650 1321 1733 1349 gene-

939 1363 1012 1385 ratus
1022 1359 1074 1385 est?
1084 1357 1225 1393 Responde
1237 1365 1263 1386 tn
1276 1368 1382 1395 quoqtte
1395 1361 1470 1393 mihi,
1481 1368 1497 1388 ο
1510 1366 1588 1388 acute
1597 1366 1621 1387 et
1631 1361 1734 1388 invicte

939 1404 1068 1439 sophista.
1079 1404 1107 1431 Si
1117 1410 1223 1432 creatus
1230 1406 1422 1440 est,quomodo
1434 1410 1540 1432 creatus
1552 1412 1589 1433 εει
1599 1406 1652 1433 ?Ac
1659 1411 1733 1440 post-

939 1457 970 1477 ea
988 1458 1021 1477 ex
1043 1458 1086 1478 me
1108 1451 1556 1486 sciscitare,quomodogcneratus
1565 1452 1620 1479 sit?
1635 1451 1733 1480 Passio

940 1501 991 1528 est,
1004 1496 1122 1531 inquies,
1133 1497 1205 1523 circa
1220 1498 1438 1531 generationem“!
1451 1497 1528 1524 Este!
1543 1498 1631 1532 passio
1639 1498 1732 1530 etiam,

940 1542 1049 1576 inquam
1067 1549 1127 1576 ego.
1149 1542 1219 1569 circa
1240 1543 1419 1570 creationem.
1437 1543 1487 1575 (An
1510 1551 1562 1570 non
1580 1543 1651 1570 enim
1670 1551 1734 1578 pas-

942 1589 1028 1617 sionis
1044 1589 1174 1615 rationem
1192 1589 1274 1615 habet
1300 1588 1468 1622 informatio,
1489 1593 1516 1616 et
1535 1596 1612 1622 cura,
1628 1593 1656 1616 et
1677 1590 1736 1622 ejus

944 1636 992 1666 rei.
1009 1643 1068 1670 qua:
1086 1639 1139 1662 Iota
1155 1634 1235 1662 simul
1257 1643 1289 1663 ac
1301 1641 1411 1670 repente
1427 1635 1543 1670 cogitata
1560 1639 1611 1668 est,
1630 1636 1656 1662 in
1674 1644 1736 1670 par-

944 1689 984 1709 tes
1002 1681 1124 1709 extensio
1132 1681 1155 1715 ?)
1166 1681 1293 1716 Tempus,
1315 1683 1410 1714 addes,
1424 1682 1496 1709 circa
1512 1683 1713 1717 generationem
1724 1681 1743 1710 ?‘

943 1725 972 1753 In
996 1732 1116 1762 tempore
1131 1728 1213 1754 etiam
1230 1733 1293 1754 sunt
1311 1736 1373 1762 qua:
1391 1734 1531 1755 creantur.
1558 1727 1647 1755 Locus
1664 1727 1741 1754 illic?

943 1773 993 1800 llic
1017 1781 1124 1808 quoque
1154 1773 1239 1801 locus.
1262 1774 1323 1808 Spei
1358 1774 1499 1801 frustratio
1519 1774 1591 1801 circa
1618 1781 1737 1808 genera-

944 1820 1064 1847 tionem?
1076 1819 1184 1847 Crealio
1200 1827 1307 1854 quoque
1321 1820 1455 1847 interdum
1478 1827 1553 1854 spem
1579 1819 1736 1846 frustratur.

945 1865 1008 1894 llaec
1035 1873 1049 1893 a
1080 1866 1157 1893 vobis
1184 1865 1382 1893 disserentibus
1411 1865 1518 1899 audivi;
1546 1865 1646 1892 etenim
1677 1871 1738 1900 qua:

946 1921 1023 1940 mens
1037 1912 1191 1945 delineavit,
1208 1919 1239 1939 ea
1254 1912 1414 1945 plerumque
1429 1918 1525 1938 manus
1539 1910 1671 1946 perﬁcere
1684 1918 1739 1937 non

945 1959 1044 1995 potuit.
1064 1958 1100 1985 At
1118 1958 1191 1985 dices
1206 1966 1212 1984 :
1230 1957 1313 1984 verbo
1333 1963 1359 1985 et
1373 1957 1511 1984 voluntate
1528 1956 1618 1984 omnia
1645 1955 1740 1984 condi-

947 2004 986 2032 dit
1003 2014 1009 2031 :
1026 2003 1085 2037 Ipse
1099 2003 1171 2030 enim
1189 2002 1267 2034 dixit,
1290 2008 1314 2029 et
1337 2003 1409 2036 facta
1425 2006 1486 2028 sunt
1501 2009 1510 2028 :
1528 2001 1582 2036 ipse
1594 2000 1747 2032 mandarit,

947 2054 970 2076 et
986 2054 1073 2076 creata
1089 2052 1150 2076 sunt
1177 2047 1200 2077 '.
1215 2048 1307 2083 Atqui,
1322 2056 1382 2075 cum
1398 2048 1437 2075 ais
1462 2047 1552 2074 omnia
1584 2047 1630 2074 Dei
1657 2046 1740 2073 verbo

949 2100 1041 2122 creata
1068 2095 1170 2127 fuisse,
1193 2103 1246 2123 non
1272 2095 1418 2122 bmnanam
1445 2094 1548 2122 scilicet
1574 2094 1740 2121 creationem

950 2141 1074 2174 inducis;
1105 2148 1155 2168 nec
1179 2141 1250 2167 enim
1273 2140 1416 2175 quisquam
1446 2144 1589 2167 nostrum.
1615 2146 1659 2170 ea,
1681 2145 1746 2172 quae

951 2186 1027 2220 liunt,
1047 2186 1130 2213 verbo
1159 2185 1251 2213 eﬂieit.
1278 2185 1351 2212 Nihil
1372 2185 1470 2219 quippe
1498 2183 1575 2211 nobis
1600 2182 1743 2211 sublimius

950 2242 982 2261 ac
1011 2233 1185 2268 praestantius
1210 2236 1306 2263 esset,
1341 2230 1485 2265 minusque
1513 2229 1695 2261 laboriosum,
1720 2228 1743 2255 si

951 2287 1078 2308 sermone
1091 2278 1148 2306 solo
1168 2277 1268 2312 aliquid
1289 2276 1423 2304 coniicere
1441 2282 1591 2310 possemus.
1606 2274 1744 2308 Quamob-

911 1660 931 1688 C

952 2334 1022 2358 rem,
1045 2325 1095 2352 etsi
1125 2324 1206 2356 Deus,
1227 2331 1270 2355 ea,
1294 2329 1353 2357 qua:
1377 2327 1523 2354 creantur,
1547 2321 1631 2348 verbo
1656 2323 1751 2352 creat,

918 2370 1007 2397 Dnon
1029 2373 1117 2395 tamen
1140 2367 1257 2394 humana
1285 2371 1326 2394 est
1355 2365 1414 2400 ejus
1442 2365 1552 2392 creandi
1586 2365 1664 2391 ratio.
1692 2365 1746 2391 Aut

952 2415 1025 2443 enim
1058 2414 1195 2441 hominem
1216 2419 1332 2447 quoquc-
1348 2419 1474 2440 sermone
1500 2410 1600 2445 aliquid
1627 2410 1746 2438 ellicieu-

955 2465 1009 2488 ten:
1025 2460 1138 2487 ostende
1158 2468 1164 2486 :
1182 2464 1227 2486 aut
1244 2459 1308 2484 mihi
1326 2459 1442 2486 concede
1457 2459 1539 2485 Deum
1560 2465 1612 2484 non
1629 2457 1746 2484 humano

955 2513 1030 2533 more
1050 2513 1155 2532 creare.
1173 2504 1249 2538 Quod
1267 2504 1289 2530 si
1306 2512 1385 2531 secus
1398 2503 1550 2534 existimas,
1566 2509 1625 2536 age,
1649 2501 1747 2528 volun-

956 2557 1011 2580 tate
1037 2552 1175 2578 civitatem
1197 2550 1331 2583 describe,
1358 2555 1385 2578 et
1412 2549 1504 2577 statim
1528 2548 1624 2576 civitas
1649 2555 1748 2582 reprae-

957 2603 1088 2626 sentetur.
1109 2597 1176 2632 Opta
1197 2597 1241 2623 tibi
1269 2597 1351 2622 lilium
1378 2596 1473 2627 nasci,
1498 2599 1525 2622 et
1551 2594 1674 2629 protinus
1700 2592 1747 2619 tibi

957 2653 1024 2680 puer
1043 2645 1165 2671 exsistat.
1197 2643 1270 2670 Velis
1292 2642 1363 2668 aliud
1385 2641 1523 2676 quidpiam
1552 2647 1656 2670 eorum,
1689 2646 1749 2673 qua:

959 2690 1084 2717 manibus
1103 2687 1265 2720 emcinntur,
1287 2691 1314 2714 et
1333 2686 1474 2713 coufestim
1491 2684 1614 2711 voluntas
1641 2685 1666 2711 in
1682 2691 1750 2717 opus

959 2738 1081 2772 prodeat.
1100 2735 1176 2769 Quod
1195 2736 1217 2762 si
1237 2734 1345 2769 quidem
1374 2733 1440 2760 nihil
1460 2732 1555 2758 horum
1581 2731 1748 2758 voluntatem

959 2786 1080 2810 nostram
1113 2785 1254 2815 sequatur,
1282 2779 1327 2806 Dei
1356 2785 1420 2805 vero
1448 2776 1571 2803 voluntas
1598 2776 1669 2803 actio
1695 2775 1748 2807 sit;

959 2829 1132 2865 perspicuum
1162 2826 1255 2861 utique
1275 2828 1325 2857 est,
1343 2824 1396 2852 alio
1423 2822 1530 2858 quidem
1560 2821 1640 2850 modo
1661 2821 1750 2848 hemi-
