1891 3076
184 142 236 175 595
806 142 995 173 EUTIIYMII
1015 143 1194 174 ZlGABENI
1756 147 1808 179 596

183 205 245 225 nem
274 204 379 230 creare,
404 196 456 224 alio
484 200 575 223 autent
599 204 690 224 rerum
716 197 839 224 omnium
857 201 965 224 creato-

1068 198 1175 225 >ελθεῖν.
1186 199 1239 224 Καὶ
1256 199 1350 234 μῃδεὶς
1366 199 1542 236 ἐπηρεαζέτω
1556 201 1595 235 τῷ
1605 201 1689 237 λόγῳ.
1707 203 1810 236 οὐγὰρ

185 251 242 271 rem
271 243 369 271 Deum.
400 242 465 276 Quae
491 243 575 277 igitur
599 247 641 270 est
667 243 724 270 luec
748 243 828 276 ratio,
857 248 886 270 ut
905 250 967 270 cum

1069 252 1105 274 ως
1121 244 1153 270 ὲκ
1163 243 1210 270 τοῦ
1225 244 1328 279 Πατρός
1345 252 1415 279 φημι
1428 245 1475 271 τὸν
1487 245 1547 272 Υίὸν
1564 246 1710 281 ὑπάρχειν,
1726 248 1766 279 ὡς
1781 250 1810 275 ιν

190 291 261 317 Deus
285 290 340 316 alio
370 297 452 323 quam
488 289 607 316 humano
644 296 721 316 more
750 294 886 323 procreet,
919 289 970 316 hu-

1077 290 1165 325 Πατρὶ
1177 290 1310 325 πρότερον
1321 290 1395 324 ὄντα,
1411 291 1481 325 μετὰ
1491 292 1519 318 δὲ
1539 292 1618 318 τοῦτο
1635 293 1675 323 είς
1690 293 1723 319 τὸ
1735 290 1808 321 εἶναι

189 343 268 362 mano
287 340 376 362 tamen
401 343 476 362 more
494 335 605 370 gignere
632 335 765 368 cogatur?
786 334 827 362 Tu
844 335 967 370 quidem,

1068 337 1179 362 ύσαντιθ
1196 336 1256 362 οὐδὲ
1275 336 1330 370 γὰρ
1342 336 1425 372 ἀτελῆ
1444 337 1588 372 πρότιρον,
1615 335 1677 366 εἶτα
1694 339 1811 373 τέλειον,

186 388 249 408 cum
277 380 354 415 prius
384 388 437 407 non
469 387 558 413 esses,
582 380 680 407 deinde
705 380 794 408 factus
817 388 857 412 es,
874 385 969 415 postea

1068 389 1114 416 κερ
1129 382 1209 416 νόμος
1221 381 1271 416 τῆς
1287 383 1422 417 ἡμετέρας
1438 383 1602 418 γεννήσεως.

186 427 292 462 gignis;
310 435 341 453 ac
364 426 488 462 proinde,
514 434 575 453 eum
600 426 646 460 qui
670 434 724 454 non
747 432 815 459 erat,
838 427 864 454 in
886 434 978 454 rerum
1000 431 1126 454 naturam
1149 427 1288 462 producis.
1313 429 1376 460 Aut,
1401 433 1431 454 ut
1455 428 1618 463 profundius
1643 431 1751 465 aliquid
1771 430 1811 457 di-

185 482 258 507 cam,
274 474 390 501 fortasse
417 481 450 501 ne
474 473 533 508 ipse
558 473 668 505 quidem
693 481 726 501 ex
744 474 831 501 nihilo
852 474 998 509 producis;
1015 473 1236 509 quandoquidem
1253 477 1280 501 et
1308 474 1384 506 Levi,
1402 479 1432 502 ut
1453 475 1498 503 ille
1518 475 1567 508 ait,
1582 475 1675 503 adhuc
1695 477 1724 503 in
1738 476 1809 503 lum-

141 533 145 536 ι
186 524 229 551 his
253 523 338 558 patris
362 527 432 554 erat,
461 527 610 558 antequam
637 523 664 550 in
688 522 777 550 lucem
805 523 926 558 prodiret
950 523 970 552 '.
986 523 1042 551 Nec
1071 530 1137 550 vero
1151 522 1298 558 quisquam
1322 523 1386 550 huic
1410 523 1526 551 orationi
1551 524 1717 552 calumniam
1743 531 1810 552 con-

186 569 243 598 fiet.
258 569 319 597 Non
335 570 407 597 enim
429 569 527 597 Filium
551 569 588 596 ita
609 576 642 597 ex
658 568 738 597 Patre
757 570 889 597 exsistere
921 570 995 603 dico,
1013 570 1091 606 quasi
1107 570 1135 596 in
1158 569 1238 597 Patre
1259 569 1336 604 prius
1350 569 1461 604 quidem
1490 569 1585 602 fuerit,
1598 575 1694 605 postea
1711 576 1806 598 autem

185 620 215 647 in
227 625 287 646 esse
313 617 456 653 prodierit.
472 616 566 652 Neque
586 617 659 644 enim
685 617 872 652 imperfectum
891 617 976 653 prius,
997 625 1029 644 ac
1054 622 1149 652 postea
1174 616 1327 652 perfectum
1348 617 1421 649 dico.
1441 617 1670 652 quemadmodum
1690 617 1748 644 fert
1764 617 1806 646 les

187 671 290 693 nostra:
306 664 503 700 generationis.

220 712 284 740 Haec
319 716 383 739 sunt
418 718 525 744 eorum,
557 710 603 745 qui
631 710 829 738 obtrectatione
861 715 890 738 et
921 719 969 738 ra-

1068 710 1152 738 Γαῦτα
1176 710 1231 737 τῶν
1267 710 1477 746 ἐπηρεαζόντων
1507 710 1591 738 ἐστίν·
1626 709 1715 737 ταῦτα
1756 709 1812 736 eiu

185 757 299 786 lumniis
316 756 433 790 gaudent
447 765 454 783 :
466 757 522 783 lucc
535 763 641 787 eorum.
657 756 703 790 qui
717 756 849 784 adversus
875 757 967 783 omnia

1070 757 1215 793 πηδώντων
1229 758 1381 793 προχείρως
1393 758 1460 784 πᾶσι
1469 757 1525 789 τοῖς
1533 757 1700 791 λεγομένοις.
1713 755 1811 791 Ἦμεῑς

185 812 247 840 quae
263 804 393 831 dicuntur
417 808 541 839 prompte
571 803 708 830 insiliunt.
731 802 787 830 Nos
808 807 898 830 autem
915 810 968 830 non

1068 803 1113 838 οὺχ
1128 803 1199 830 οὕτω
1221 802 1383 838 φρονοῦμεν,
1403 803 1451 838 οὐχ
1473 802 1546 829 οὕτω
1567 802 1729 837 δοξάζομεν·
1753 801 1812 828 ἀλλ’

186 851 224 879 ita
237 852 383 882 sentimus.
398 857 452 878 nan
476 851 511 876 ita
527 857 672 877 censemus
688 857 695 876 ι
712 857 806 876 verum
823 850 875 877 hoc
890 850 970 876 doce-

1068 849 1091 875 »ὖ
1107 849 1144 884 τῷ
1161 849 1208 875 τὸν
1221 850 1329 884 Πατέρα
1341 846 1410 875 εἷναι
1440 849 1597 884 ἀγτννὴτως
1623 848 1680 884 (is).
1707 847 1737 874 δὲ
1765 845 1811 882 ἦν,

186 905 257 931 mus,
280 902 306 924 et
323 897 491 932 profitemur,
509 896 580 931 quod
603 896 685 924 simul
707 900 789 931 atque
802 895 881 922 Pater
896 896 971 930 inge-

1068 905 1075 931 ί
1101 895 1268 930 ὑπερπίπτει
1294 896 1350 930 γὰρ
1368 895 1409 927 εις
1433 895 1464 922 τὸ
1480 895 1517 930 μὴ
1531 893 1600 922 εἶναί
1617 903 1681 921 ποτε
1693 896 1708 922 ὁ
1720 891 1811 931 νοῦς).

188 943 245 970 nito
256 943 338 970 modo
354 947 414 970 erat
426 943 543 977 (semper
556 948 647 969 autem
664 946 734 974 erat,
754 949 802 969 nec
821 943 894 969 enim
907 949 970 968 eutn

1068 961 1071 968 .
1098 943 1112 968 ὁ
1129 942 1189 971 Υἱὸς
1202 938 1236 976 ἦν
1249 941 1399 976 γεννητῶς.
1425 941 1506 967 Ὥστε
1525 940 1667 976 συντρέχει
1693 940 1722 967 τὸ
1739 939 1813 968 εἶναι

186 988 335 1023 aliquando
351 995 405 1014 non
428 987 514 1015 fuisse
528 987 648 1022 concipit
669 995 746 1014 mens
760 993 865 1018 nostra,
883 993 970 1021 quan-

1068 998 1070 1010 ι
1083 986 1188 1021 Πατρδς
1199 986 1239 1021 τῷ
1251 986 1431 1021 γεγεννῆσθαι
1450 986 1497 1013 τοῦ
1514 985 1694 1019 Μονογινοῦς,
1720 986 1752 1019 ἐξ
1764 987 1814 1013 αὐ.

187 1035 289 1062 tumvis
311 1041 341 1061 se
357 1033 489 1061 altissime
510 1033 625 1069 efferat),
648 1037 676 1061 et
691 1031 778 1060 Filius
795 1040 904 1068 quoque
922 1039 970 1067 per

187 1080 390 1115 generationem
413 1084 488 1112 erat;
502 1080 539 1106 ita
556 1083 584 1106 ut
603 1078 694 1106 Patris
712 1079 833 1106 essentia
851 1086 970 1104 concur-

187 1131 230 1154 rat
249 1134 311 1154 cum
329 1126 468 1161 Uuigeniti
482 1125 667 1160 generatione.
684 1126 770 1160 quiex
789 1125 847 1159 ip~o
860 1124 969 1159 quidem

191 1177 243 1205 est,
261 1179 316 1200 non
332 1176 422 1199 autem
441 1177 502 1206 post
513 1171 612 1206 ipsum,
627 1175 674 1198 aut
686 1171 780 1198 saltent
797 1170 853 1197 sola
869 1170 969 1205 princi-

1023 1032 1070 1059 τοῦ
1084 1041 1113 1059 τε
1137 1033 1318 1067 ὑπάρχοντος,
1351 1033 1398 1060 καὶ
1416 1033 1447 1059 οὗ
1478 1033 1640 1067 μιτάὑτὸν,
1663 1033 1680 1068 ἢ
1703 1033 1814 1069 ἐπινοίᾳ

1025 1080 1093 1115 μόνῃ
1108 1080 1140 1113 τῇ
1155 1079 1204 1112 τῆς
1220 1079 1317 1113 ἀρχῆς
1333 1079 1421 1114 ἀρχῆς
1433 1078 1473 1110 δὶ,
1501 1078 1540 1110 ὡς
1555 1079 1654 1106 αἰτίου.
1675 1078 1814 1110 Πολλάκις

1022 1126 1077 1159 γὰρ
1089 1124 1135 1151 τδν
1160 1124 1241 1150 αὑτὸν
1259 1125 1422 1159 ἁναστρέφω
1439 1124 1529 1159 λόγον,
1548 1124 1580 1151 τδ
1596 1125 1670 1160 παχύ
1698 1131 1746 1151 σου
1765 1127 1814 1152 καὶ

1024 1169 1117 1196 ὑλικὸν
1134 1170 1184 1204 τῆς
1196 1170 1316 1201 διανοίας
1327 1170 1505 1204 φοϐούμενος.

189 1217 228 1251 pii
241 1218 414 1253 cogitatiOne.
433 1215 598 1250 Principium
617 1223 680 1242 vero
701 1217 743 1242 hic
757 1223 806 1250 pro
820 1222 902 1243 causa
919 1215 1034 1250 accipio.
1051 1213 1198 1243 Idemidem
1213 1215 1286 1243 enim
1308 1216 1403 1244 eadem
1417 1217 1498 1244 verba
1514 1220 1616 1251 repeto,
1631 1222 1661 1244 ut
1676 1217 1760 1244 animi
1774 1217 1813 1244 tui

187 1263 344 1292 hebetudini
360 1267 388 1290 et
405 1262 537 1290 erassitiei
555 1269 706 1289 occurram.

333 1307 460 1343 Ejusdem
480 1315 514 1334 ex
535 1307 653 1333 oratione
664 1314 682 1334 ll
698 1307 729 1334 de
745 1315 820 1340 pace.

222 1354 317 1390 Ihgno
339 1353 398 1386 tibi,
415 1357 496 1387 atque
515 1351 583 1379 adeo
612 1351 731 1378 maximo
762 1351 858 1378 honori
885 1349 974 1383 ducis.

187 1401 259 1436 quod
279 1400 363 1427 lilium
385 1398 496 1430 habeas.
515 1405 603 1432 eoque
622 1397 719 1430 magis,
733 1396 756 1424 si
781 1396 867 1431 patris
885 1404 975 1424 mores

186 1453 214 1475 et
232 1446 347 1482 efﬁgiem
377 1450 405 1473 ut
422 1452 484 1472 vera
506 1444 595 1478 imago
613 1443 738 1470 omnibus
760 1443 903 1478 exprimat,
926 1450 976 1471 nec

188 1494 211 1522 si
241 1493 321 1520 detur
344 1490 430 1526 optio,
470 1489 549 1517 malis
580 1489 680 1516 habere
710 1489 804 1515 decent
833 1495 972 1515 servorum

1116 1307 1172 1335 Τοῦ
1187 1307 1282 1334 αὐτοῦ
1298 1307 1332 1334 ἐκ
1348 1307 1402 1335 τοῦ
1412 1308 1443 1340 ,β’
1457 1308 1610 1342 εἰρηνικοῦ
1621 1309 1727 1343 λόγου.

1068 1351 1150 1380 Ἀλλὰ
1164 1353 1206 1380 σοὶ
1220 1353 1270 1388 μὲν
1286 1354 1326 1385 είς
1341 1353 1423 1389 τιμὴν
1448 1355 1518 1388 μέγα
1534 1354 1582 1381 καὶ
1597 1354 1728 1389 μέγιστον
1738 1356 1754 1382 ὁ
1770 1356 1816 1389 ob;

1025 1398 1094 1432 υίὸς,
1108 1399 1156 1426 καὶ
1177 1398 1299 1434 τοσούτῳ
1325 1399 1437 1434 μᾶλλον,
1453 1399 1509 1435 δσῳ
1535 1407 1590 1435 περ
1614 1399 1649 1427 ἂν
1666 1401 1700 1428 τὰ
1724 1402 1816 1428 nivea

1026 1445 1170 1480 πατρώζῃ,
1186 1446 1232 1472 καὶ
1245 1443 1415 1481 χαρακτὴρῇ
1432 1446 1543 1479 γνήσιος
1560 1445 1609 1472 τοῦ
1621 1447 1814 1482 γεννήσαντος,

1026 1493 1075 1518 καὶ
1088 1491 1138 1518 οὐκ
1155 1491 1188 1517 ἂν
1202 1491 1291 1523 δέξαιο
1309 1491 1412 1526 μυρίων
1427 1492 1603 1526 ἀνδραπόδων
1623 1489 1694 1519 εῖναι
1717 1494 1816 1520 δεσπό-

187 1539 282 1571 millia,
303 1545 384 1573 quant
401 1536 482 1563 unius
516 1542 579 1563 esse
606 1534 652 1562 ﬁlii
687 1539 774 1569 pater,
808 1539 835 1561 et
867 1535 894 1561 in
920 1534 971 1562 Dea

1068 1546 1075 1570 ;
1089 1537 1191 1573 μᾶλλον
1205 1538 1222 1573 ἢ
1237 1537 1297 1567 ἑνὸς
1312 1538 1453 1573 γεννήτωρ
1470 1539 1578 1571 παιδὸς,
1589 1539 1629 1574 τῷ
1639 1539 1700 1574 Θεῷ
1710 1540 1738 1566 δὲ
1751 1540 1817 1567 ἄλλο

188 1585 277 1620 majus
290 1583 392 1618 aliquid
407 1581 576 1617 opinaberis,
591 1587 673 1615 quam
687 1580 758 1614 quod
778 1580 814 1608 sit
829 1579 908 1607 unius
929 1587 976 1614 ge-

189 1630 262 1658 nitor
277 1628 348 1661 Filii,
366 1628 411 1662 qui
427 1627 540 1662 gloriam
574 1625 611 1653 illi
635 1633 689 1653 non
717 1625 821 1658 adimit,
849 1624 896 1652 sed
929 1626 977 1651 ad-

187 1675 286 1712 jungit,
302 1674 428 1709 quodque
448 1672 483 1700 ah
493 1680 525 1700 eo
544 1673 673 1707 procedat
702 1670 819 1705 Spiritus
847 1671 977 1697 sanctus?

189 1722 283 1750 Nonne
308 1719 514 1752 animadvertis,
545 1723 584 1751 te,
601 1718 664 1745 dum
700 1725 791 1744 rerum
823 1722 976 1744 creatarum

190 1766 350 1802 principium
369 1765 477 1797 statuis,
497 1771 595 1799 nempe
612 1762 673 1790 Filii
689 1769 717 1790 et
748 1762 877 1797 Spiritus,
907 1771 977 1798 quos

189 1819 297 1842 creatos
315 1820 376 1840 esse
399 1810 553 1842 contendis,
567 1817 617 1837 nec
638 1809 802 1845 principium
833 1809 977 1841 honorare,

190 1866 217 1888 et
232 1867 263 1887 ea
279 1867 339 1894 quae
353 1866 386 1886 ex
404 1858 463 1893 ipso
477 1859 585 1884 exstant
611 1855 754 1890 principio,
789 1854 895 1882 allicere
910 1862 978 1883 con-

191 1905 321 1934 tumelia?
335 1904 403 1932 illud
421 1903 543 1938 quidem.
568 1901 697 1936 quoniam
713 1908 816 1932 rerum,
832 1908 892 1936 qua:
916 1908 979 1935 par-

190 1962 241 1986 v:e,
258 1960 308 1980 nec
320 1952 387 1979 satis
401 1950 492 1978 divina
526 1948 668 1984 majestate
691 1953 755 1975 sunt
774 1948 873 1982 dignm,
905 1948 980 1983 prin-

191 1999 290 2035 cipium
307 1998 407 2026 asscrls
422 2005 430 2024 :
453 1996 513 2023 illos
532 2002 606 2027 vero,
623 1994 751 2030 quoniam
765 1999 792 2022 et
806 2001 903 2029 parvos
930 1994 980 2020 fin-

191 2046 244 2081 gis.
261 2050 288 2072 et
308 2051 361 2072 non
391 2043 478 2070 solum
495 2045 612 2073 creatos,
651 2047 744 2068 verum
781 2040 862 2067 etiam
888 2047 978 2066 rerum

192 2090 330 2123 omnium,
359 2095 420 2124 quae
453 2091 551 2114 creatae
583 2090 665 2119 sunt,
696 2085 912 2120 abjectissimosf
951 2085 979 2113 Si

192 2135 303 2170 quidem
319 2139 346 2162 et
360 2140 453 2161 earutn
465 2138 557 2163 causa,
575 2134 602 2157 et
636 2131 662 2158 in
686 2136 818 2165 tempore.
852 2135 979 2165 tanquam

192 2182 373 2208 instrumenta
403 2177 500 2205 artilici
529 2180 592 2204 ante
628 2182 671 2203 res
697 2183 764 2210 quas
793 2183 825 2203 cx
850 2180 909 2203 arte
941 2175 981 2202 fa-

1025 1593 1052 1610 τι
1070 1584 1163 1618 μεῖζον
1184 1583 1201 1618 ἢ
1230 1583 1294 1609 Υίοῦ
1320 1584 1463 1619 τυγχάνειν
1492 1583 1613 1619 Πατέρα,
1633 1584 1648 1611 δ
1670 1585 1816 1621 προσθήκη

1026 1630 1105 1664 δόξης
1130 1631 1218 1663 ἐστὶν,
1243 1631 1292 1665 οὐχ
1320 1630 1471 1664 ὑφαίρεσις,
1491 1630 1529 1662 ὡς
1556 1629 1584 1655 δὲ
1608 1629 1657 1657 καὶ
1681 1631 1816 1665 προὸολία

1027 1677 1185 1711 Πνιὺματος
1195 1685 1204 1710 ς
1216 1677 1250 1702 ’Π
1263 1677 1381 1708 ἀγνοεῖς,
1397 1677 1436 1702 ὅτι
1453 1676 1485 1702 σὺ
1502 1676 1552 1710 μιν
1562 1676 1721 1710 κτισμάτων
1733 1677 1816 1708 τιθεὶς

1028 1722 1126 1758 ἀρχὴν.
1145 1723 1194 1757 τὴν
1211 1721 1298 1758 ἀρχὴν
1325 1722 1397 1756 λέγω
1419 1721 1447 1748 δὲ
1470 1721 1537 1748 Υῑοῦ
1565 1721 1614 1748 καὶ
1640 1722 1815 1757 Πνεύματος,

1028 1768 1090 1796 οὒτε
1110 1769 1159 1804 τὴν
1173 1770 1260 1804 ἀρχὴν
1275 1769 1370 1803 τιμᾷς,
1386 1768 1433 1794 καὶ
1449 1767 1595 1802 ἀτιμάζεις
1614 1767 1648 1793 τὰ
1663 1767 1693 1801 ἐξ
1710 1767 1817 1802 αὐτῆς·

1028 1815 1078 1851 τὴν
1096 1815 1156 1850 μὲν,
1169 1815 1211 1841 ὅτι
1236 1815 1344 1850 μικρῶν
1366 1813 1486 1848 εἰσάγεις
1505 1813 1553 1849 τὴν
1570 1813 1668 1848 ἀρχὴν,
1688 1814 1739 1840 καὶ
1754 1814 1818 1840 ἀναν

1029 1861 1089 1894 ξίαν
1109 1861 1247 1897 θεότητος,
1267 1861 1300 1887 τὰ
1328 1859 1356 1887 δὲ
1374 1861 1414 1886 ὅτι
1436 1859 1533 1895 μικρὰ,
1549 1859 1597 1886 καὶ
1622 1859 1659 1893 μὴ
1681 1859 1818 1893 κτῖσματιι

1031 1907 1122 1942 μόνον,
1131 1907 1199 1934 ἀλλὰ
1212 1907 1260 1934 καὶ
1270 1907 1379 1933 πάντων
1391 1905 1549 1940 κτισμάτων
1559 1900 1644 1935 ποιεῖς
1655 1905 1817 1940 ἁτιμὰτερα,

1031 1953 1089 1987 εἴτε
1102 1953 1205 1979 τούτων
1217 1952 1333 1990 ὑπέστη,
1341 1952 1388 1978 καί
1400 1959 1476 1984 non,
1486 1950 1581 1984 ὥσπερ
1589 1950 1695 1984 ὅργανει
1709 1951 1820 1985 τεχνίτῃ

1033 2000 1085 2035 πρὸ
1102 1999 1156 2026 τῶν
1170 1998 1299 2034 τεχνιτῶν
1311 1999 1442 2033 πρότερον
1456 1997 1507 2023 οὐχ
1522 1996 1596 2028 ὅντα,
1610 1996 1665 2022 οὐδ’
1688 1996 1721 2022 ἂν
1732 1996 1820 2028 άλλως

1033 2048 1180 2082 γενόμενα,
1195 2047 1219 2072 εί
1232 2046 1270 2081 μή
1284 2054 1310 2073 τι
1325 2045 1417 2073 κτίσαι
1429 2044 1464 2071 δι’
1478 2043 1567 2070 αὐτῶν
1588 2042 1728 2078 ἠϐουλήθη
1742 2043 1818 2076 Θεὶς,

1030 2094 1069 2125 ὡς
1093 2093 1142 2120 οὒκ
1156 2092 1306 2127 ἀρκοῦντος
1323 2091 1370 2118 τοῦ
1393 2090 1558 2126 βούλεσθαι;
1572 2084 1630 2116 Πᾶν
1645 2089 1700 2124 γὰρ
1721 2089 1736 2116 ὃ
1750 2089 1819 2120 τινος

1032 2140 1135 2172 ἕνεκεν,
1154 2139 1318 2173 ἀτιμότερον
1340 2136 1455 2170 ἐκείνου,
1471 2136 1504 2163 δι’
1524 2135 1538 2161 ὂ
1551 2135 1728 2170 γεγέννηται.
1750 2134 1821 2168 Ἐγὼ

1031 2186 1059 2213 δὲ
1076 2186 1203 2222 Θεότητος
1214 2185 1302 2221 ἀρχὴν
1319 2185 1437 2218 εἰσάγων
1453 2183 1578 2218 ἄχρονον,
1595 2181 1642 2208 καὶ
1655 2180 1819 2216 ἀχώριστον,

191 2232 287 2255 cturus
315 2229 451 2257 est,cum
474 2222 547 2258 prius
577 2229 630 2249 non
657 2227 766 2255 essent,
782 2222 816 2249 ob
844 2222 870 2250 id
898 2222 971 2249 exsti-

1070 2212 1085 2258 ὶγ
1097 2212 1239 2266 ἀόριστοι.
1314 2238 1343 2257 τε
1367 2212 1455 2264 ἀρχὴν
1473 2212 1558 2263 τιμῶ,
1571 2212 1630 2253 ’καὶ
1717 2212 1756 2252 ’ἐκ
1772 2227 1821 2259 τῆς

193 2277 307 2305 terunt,
324 2276 353 2298 ut
379 2278 428 2306 per
452 2270 498 2296 illa
525 2272 633 2296 crearet
658 2272 686 2296 et
719 2268 832 2301 faceret.
863 2268 884 2295 si
914 2268 971 2303 quit

1069 2276 1118 2310 χῆς
1147 2276 1264 2309 ἑπισηςθ
1280 2274 1329 2309 τὴν
1352 2274 1411 2309 μὲν,
1432 2274 1473 2300 δτι
1484 2273 1612 2299 τοιούτων
1624 2271 1707 2307 ἀρχὴ.
1720 2271 1757 2298 τὰ
1780 2271 1820 2304 ἃ,

194 2318 278 2346 vellet
294 2317 375 2349 Deus,
390 2320 518 2350 tanquam
534 2315 568 2341 ad
587 2313 614 2340 id
641 2314 823 2348 praestandum
853 2316 971 2340 voluntm

1068 2320 1167 2351 ιοῦτω,
1195 2320 1242 2346 καὶ
1261 2319 1385 2352 τοιαῦτα,
1411 2318 1458 2346 καὶ
1485 2319 1516 2344 ἑκ
1532 2317 1667 2349 τοιούτου,
1695 2317 1766 2351 μήτε
1783 2317 1821 2352 τῷ

194 2366 253 2398 ejus
292 2372 345 2391 non
377 2366 449 2390 esset
487 2361 564 2389 satis.
595 2359 730 2395 Quidquid
765 2360 838 2387 enim
871 2360 971 2387 alterim

1070 2366 1108 2399 τὲ,
1126 2365 1196 2400 μήτε
1212 2366 1245 2401 τῇ
1269 2365 1358 2399 φύσει,
1374 2365 1442 2400 μήτε
1457 2364 1495 2399 τῷ
1515 2364 1608 2398 σεπτῷ
1628 2364 1819 2398 διειργόμενα,

194 2418 274 2437 causa
310 2410 350 2440 fit.
381 2416 412 2435 eo
440 2407 516 2442 cujus
545 2406 574 2433 lit
611 2406 717 2441 gratia,
743 2406 820 2433 vilius
848 2411 875 2433 et
903 2406 966 2433 dctc

1075 2411 1141 2438 ὅντα
1156 2411 1340 2446 διῃρημένως,
1356 2411 1403 2437 καὶ
1427 2409 1607 2445 διαιρούμενα
1624 2409 1818 2444 συνημμένως,

195 2459 252 2486 rius
276 2461 328 2484 est.
354 2455 409 2490 Ego
423 2461 498 2486 vero,
523 2453 570 2488 qui
594 2453 743 2480 divinitatis
762 2453 924 2486 principium
947 2454 971 2481 it:

1071 2456 1119 2483 καὶ
1135 2456 1285 2490 παράδοξον
1308 2455 1390 2482 τοῦτο
1407 2455 1504 2486 εἰπεῖν,
1519 2455 1568 2489 οὐχ
1587 2452 1670 2490 ἦττον
1688 2457 1820 2484 summa

197 2503 346 2534 constituo,
359 2507 387 2528 ut
416 2500 476 2528 sine
499 2504 622 2534 tempore
635 2498 682 2532 sit,
697 2506 747 2526 nec
774 2499 907 2534 separari,
937 2505 984 2528 aut

193 2549 248 2576 ullo
267 2547 382 2576 termino
398 2545 584 2573 circumscribi
608 2550 701 2580 queat,
718 2549 746 2573 et
765 2545 940 2579 principium,
956 2550 983 2573 ει

191 2603 223 2622 ea
243 2602 302 2630 qua:
321 2601 354 2621 ex
376 2593 436 2627 ipso
455 2591 748 2627 exsistuntprincipio,
767 2591 872 2626 pariter
896 2593 981 2619 hono-

191 2650 220 2668 ιε
234 2647 395 2676 prosequor.
412 2637 489 2671 illud,
508 2638 570 2673 quia
598 2638 691 2665 talium
723 2638 885 2672 principium
918 2640 974 2673 sit;

191 2688 248 2714 haec
263 2685 334 2721 quod
352 2684 389 2711 ita
408 2684 473 2716 sint,
490 2688 516 2710 et
531 2683 605 2715 talia,
624 2688 651 2710 et
682 2689 712 2709 ex
746 2682 802 2713 tali,
825 2689 875 2709 nec
901 2687 971 2709 tem-

189 2740 265 2768 pore.
276 2739 326 2759 nee
334 2735 442 2764 natura,
452 2737 502 2757 nec
512 2729 655 2764 majestate
663 2728 807 2762 disjuneta,
817 2729 863 2755 sed
871 2728 977 2763 (qnam-

185 2780 229 2807 vis
241 2779 294 2805 hoc
313 2777 350 2805 sit
366 2776 536 2811 admirabile)
549 2777 586 2804 ita
606 2783 699 2809 unum.
717 2778 746 2803 ut
761 2775 887 2802 distincta
899 2775 974 2803 sint:

223 2847 231 2863 ¹
243 2845 327 2874 llebr.
336 2853 384 2879 vn,
404 2845 449 2873 10.

1032 2503 1082 2537 τῆς
1105 2502 1173 2537 πρὸς
1192 2502 1294 2536 ἄλληλα
1322 2501 1453 2536 σχέσεως,
1478 2501 1494 2536 ἢ
1521 2500 1582 2527 καθ’
1599 2501 1681 2527 ἑαυτὸ
1705 2502 1819 2529 ἕκαστον

1032 2547 1178 2580 νοούμενόν
1193 2556 1222 2574 τε
1241 2548 1288 2575 καὶ
1312 2547 1530 2582 λαμὸανόμενον,
1546 2546 1649 2581 Τριάδι
1665 2547 1775 2574 τελείαν
1789 2549 1818 2574 ἐκ

1030 2595 1142 2621 τελείων
1156 2593 1252 2629 τριῶν,
1267 2594 1381 2629 μονάδος
1397 2594 1448 2628 μὲν
1464 2593 1624 2628 κινηθείσης
1635 2594 1679 2620 διὰ
1693 2595 1724 2619 τὸ
1736 2594 1818 2620 πλού-

1032 2649 1099 2673 σιον,
1122 2640 1217 2671 δυάδος
1240 2640 1268 2666 δὲ
1289 2640 1489 2675 ὑπερὸαοείσης
1502 2648 1509 2654 ·
1531 2640 1599 2674 ὑπὲρ
1614 2639 1669 2674 γὰρ
1684 2640 1735 2674 τὴν
1754 2640 1817 2675 ὕλην

1031 2685 1079 2712 καὶ
1099 2686 1130 2712 τὸ
1142 2683 1212 2717 εἶδος
1223 2686 1252 2719 ἐξ
1266 2683 1304 2712 ὧν
1323 2686 1358 2711 τὰ
1370 2685 1502 2720 σώματα*
1519 2685 1634 2720 Τριὰδος
1651 2684 1679 2711 δὲ
1695 2685 1817 2719 ὁρισθεὲ-

1032 2739 1081 2765 σης
1093 2730 1136 2757 διὰ
1153 2731 1182 2757 τὸ
1197 2731 1310 2758 τέλειον.
1328 2731 1426 2766 Πρώτη
1451 2731 1504 2765 γὰρ
1531 2729 1695 2765 ὑπερϐαίνει
1721 2730 1816 2762 δυάδος

1031 2775 1164 2809 σύνθεσιν,
1181 2775 1225 2802 ἵνα
1239 2776 1309 2811 μήτε
1324 2776 1404 2811 στενὴ
1427 2776 1496 2812 μένῃ
1519 2776 1535 2811 ἡ
1559 2776 1668 2810 θεότης,
1689 2775 1761 2811 μήτε
1778 2775 1815 2806 τίς
