1891 3076
182 63 235 95 593

183 129 242 154 quae
258 121 370 149 humilia
385 126 412 149 et
429 121 533 156 abiecta
551 126 615 149 sunt
642 128 840 149 commemoras
854 129 862 154 ς
890 121 974 148 subli-
988 125 1012 154 Α

184 169 237 195 mia
254 176 318 196 vero
329 174 411 203 atque
426 170 556 204 praeclara
577 168 774 204 praetermittis.
800 168 876 200 Quod
905 175 977 194 mor-

183 219 246 242 tuus
262 215 296 243 sit
312 217 449 250 expendis,
464 216 535 251 quod
553 221 642 243 autem
662 215 733 242 ultro
753 219 868 242 mortem
893 222 977 249 oppe-

184 262 269 294 tierit,
283 270 336 289 non
345 263 513 289 consideras.
524 261 597 289 Talia
612 261 730 289 Verbum
752 269 822 289 nunc
833 261 915 289 etiam
931 269 977 295 pa~

185 308 262 339 titur,
277 307 340 334 dum
354 308 388 335 ab
403 308 463 335 aliis
478 313 507 336 ut
525 307 595 335 Deus
623 307 721 336 colitur
752 313 833 341 atque
862 307 976 334 confun-

185 354 270 386 ditur,
288 355 322 380 ab
336 354 398 381 aliis
422 359 452 381 ut
485 362 549 382 caro
581 353 733 388 despicitur
765 357 794 380 et
818 356 972 386 separatur.

187 397 262 425 Utris
277 399 362 433 magis
383 399 527 442 iras/catur,
540 404 586 426 aut
603 399 694 434 potius
711 398 856 433 ignoscat?
873 397 972 431 lllisue,

185 452 200 470 ιι
215 444 313 477 quibus
333 444 403 471 male
416 445 597 478 contrahitur,
619 451 653 472 an
676 444 741 475 illis,
765 452 780 471 a
808 444 906 479 quibus
935 444 974 470 di-

187 490 322 516 scinditur
330 490 341 516 ?
350 490 500 524 Oportebat
512 491 584 518 enim
598 495 627 519 ut
639 497 667 519 et
683 491 720 519 illi
737 497 868 526 personas
879 498 975 517 nume-

186 541 218 560 ιο
232 534 439 569 distinguerent,
454 540 481 563 et
497 536 522 563 hi
543 543 590 564 eas
609 536 752 564 divinitate
768 536 975 571 coniungerent.

185 578 273 607 Carne
290 581 373 614 ipsius
387 581 551 610 offenderis?
568 582 596 609 [d
610 581 713 609 Iuda-is
727 582 808 610 etiam
822 581 973 609 accidebat.

186 625 254 653 Num
268 631 295 654 et
309 627 510 656 Samaritanum
526 628 536 664 (
553 633 582 655 ut
596 629 668 664 quod
696 628 820 663 sequitur
845 633 948 656 taceam
964 627 974 663 )

186 671 262 699 illum
278 673 422 707 appellas?
437 673 476 701 Tu
499 673 636 701 Divinitati
650 682 702 701 non
719 673 817 701 credis.
847 674 926 706 Quod
942 680 975 700 ne

188 720 324 746 t'aeuxones
337 719 445 754 quidem
477 719 660 748 faciebant.0
691 720 858 748 dremonibus
889 719 976 752 magis

805 65 996 96 EUTHYMII
1020 65 1198 95 ZlGABENI

1770 59 1824 92 ω)

1026 121 1123 155 Λόγος,
1139 120 1191 147 ὑπὸ
1209 121 1259 155 μὲν
1276 121 1332 148 τῶν
1347 121 1386 153 ὡς
1401 122 1468 153 Θεὸς
1480 122 1606 156 τιμᾶται,
1630 119 1681 146 καὶ
1698 118 1827 145 συναλει-

1025 175 1116 200 φεται,
1131 166 1182 192 ὑπὸ
1194 166 1223 192 δὲ
1240 167 1295 193 τῶν
1307 168 1345 198 ὡς
1364 167 1433 202 σὰρξ
1446 167 1621 202 ἀτιμάζεται,
1635 165 1685 192 καὶ
1703 163 1826 200 χωρίζε-

1025 222 1082 241 ται.
1098 213 1177 239 Τῖσιν
1189 213 1306 248 ὀργισθῇ
1325 214 1418 246 πλέον,
1437 214 1538 248 μᾶλλον
1552 213 1580 239 δὲ
1592 213 1665 239 τίσιν
1677 212 1752 246 ἁφῇ
1768 212 1827 241 τοῖς

1027 259 1185 294 συναιροῦσι
1204 260 1307 292 κακῶς,
1334 260 1350 295 ἢ
1376 261 1433 292 τοῖς
1450 261 1598 296 τέμνουσι;
1615 259 1673 286 Καὶ
1700 258 1758 293 γὰρ
1776 258 1827 283 κὰ-

1025 305 1134 335 κείνευς
1152 305 1268 340 διαιρεῖν
1283 305 1348 335 ἕξει.
1370 305 1419 332 καὶ
1439 305 1553 336 τούτους
1571 304 1730 331 συνάπτειν
1742 302 1827 333 ’τοὺς

1028 350 1079 386 μὲν
1093 350 1133 385 τῷ
1150 350 1272 386 ἀριθμῷ,
1298 352 1361 382 τοὺς
1377 351 1407 377 δὲ
1423 352 1455 386 τῇ
1483 351 1603 385 θεότητι,
1627 349 1826 384 Προσκόπτιις

1024 398 1057 432 τῇ
1076 397 1177 432 capiti;
1196 397 1282 424 Τοῦτο
1298 397 1346 424 καὶ
1374 398 1507 425 Ἰουδαῖοι.
1523 397 1560 423 Ἦ
1575 396 1622 433 agat
1643 395 1827 430 Σαμαρείτην

1024 442 1176 473 ἀποκαλεῖς
1191 450 1198 475 ;
1229 443 1277 469 καὶ
1294 442 1325 468 τὸ
1343 441 1408 477 ἑξῆς
1421 443 1605 478 σιωπήσομαι.
1629 440 1776 471 ’Δπιστείς
1793 441 1825 474 τῇ

1025 488 1154 523 θεότητις
1170 487 1256 515 Τοῦτο
1280 487 1343 515 οὐδὲ
1367 488 1391 515 οἱ
1411 488 1549 522 δαίμονες,
1571 485 1593 515 ὦ
1618 486 1669 514 καὶ
1683 486 1826 520 δαιμόνων

1025 535 1188 570 ἁπιστότερε
1224 528 1275 566 ait,
1308 535 1356 561 καὶ
1395 534 1534 561 Ἰουδαίων
1567 531 1822 568 ἀγνωμονέστερει

1033 581 1149 607 Ἐκεῖνοι
1165 580 1214 616 τὴν
1226 581 1272 607 τοῦ
1284 581 1350 607 Υιοῦ
1364 580 1552 616 προσηγορίαν
1564 577 1718 614 ὁμοτιμίας
1733 576 1826 610 φωνὴν

1028 627 1170 662 ἐνόμισαν,
1186 624 1260 654 οὗτοι
1276 626 1323 654 τὸν
1340 627 1487 654 ἐλαύνοντα
1507 626 1573 653 Θεὸν
1587 626 1700 661 ᾔδεσαν.
1733 623 1825 650 Ἐπεί·

1029 673 1108 700 θοντο
1122 673 1178 709 γὰρ
1193 673 1224 705 ἐξ
1247 670 1285 700 ὧν
1307 673 1438 708 ἔπασχον.
1455 673 1492 699 Σὺ
1507 672 1536 698 δὲ
1555 671 1616 698 οὐδὲ
1635 671 1687 705 τὴν
1711 669 1826 703 ἰσότητι

1028 719 1109 755 δέχῃ,
1125 719 1186 746 οὐδὲ
1199 720 1341 754 ὁμολογεῖς
1358 720 1408 754 τὴν
1424 719 1551 753 Θεότητα.

186 765 487 799 incredulo,ct.lnd;cis
515 767 603 802 magis
629 768 752 802 ingrate!
773 767 805 794 Hi
831 766 891 794 Filii
917 765 1127 801 appellationem
1162 767 1274 800 aequalis
1306 766 1418 794 honoris
1435 773 1528 793 vocem
1554 763 1763 793 existimabant,
1789 758 1826 786 illi

186 819 258 845 eum,
280 821 294 840 a
310 821 363 848 quo
380 814 566 848 ejiciebantnr,
597 813 680 840 Deum
705 814 890 848 agnoscebant
911 821 918 840 :
935 821 967 841 ex
1002 813 1038 841 iis
1059 813 1131 840 enim
1153 820 1215 848 qua
1240 812 1422 847 patiebantur,
1442 812 1466 839 id
1482 810 1534 839 sibi
1549 809 1766 846 persuadehant.
1787 807 1826 834 Tu

187 865 276 887 autent
293 868 343 888 nec
370 861 548 896 aequalitatem
574 861 699 896 suscipis,
729 869 778 889 nec
802 862 970 889 divinitatem
991 861 1140 889 conﬁteris.

190 921 258 949 Item
273 923 398 948 adversus
412 923 523 950 Ariunos
535 927 558 948 et
571 922 751 958 Eunomiqnos
778 922 896 958 Gregorii
911 922 981 956 Nys-
998 927 1017 954 Β

223 966 262 1019 (sla:
282 958 416 1019 ρῗοῖιιίᾒεὶδ
431 966 463 985 επ
484 959 603 985 oratione
632 958 667 984 ad
688 957 855 993 Simplicium
881 959 981 992 scripta

242 1001 255 1019 ε
306 1001 362 1019 tto.

242 1001 255 1020 ϐ
282 1001 362 1020 Μιιο.

231 1080 300 1106 Dens
315 1085 361 1113 per
375 1077 536 1112 Propbclam
551 1077 671 1112 praecipit
686 1085 720 1104 ne
736 1077 819 1105 ullum
832 1078 914 1105 deum
929 1085 979 1104 no-

192 1133 255 1152 vtttn
274 1124 359 1151 Deum
384 1130 445 1150 esse
462 1122 660 1155 existimemus,
684 1131 771 1157 neque
786 1123 866 1150 deum
884 1123 981 1150 adore-

194 1179 254 1198 mus
269 1170 386 1196 alienum
400 1169 420 1196 ί.
441 1167 616 1195 Manifestum
630 1172 672 1196 est
686 1173 776 1195 autem
791 1168 864 1203 quod
876 1176 978 1196 novum

195 1217 293 1244 dicitur
310 1215 337 1242 id
354 1215 425 1250 quod
443 1222 457 1241 a
474 1217 640 1249 sempiterno
655 1221 709 1241 non
721 1218 781 1248 est;
793 1221 825 1241 ac
838 1222 936 1242 rursus
948 1222 980 1242 ex

194 1260 342 1291 contrario,
365 1259 560 1293 sempiternum
577 1258 677 1286 dicitur
701 1257 774 1293 quod
798 1266 899 1286 novum
926 1267 980 1286 non

194 1311 246 1334 est.
273 1305 430 1340 lgitur.qui
458 1312 510 1331 nan
541 1312 572 1332 ex
606 1305 772 1339 sempiterno
805 1304 981 1340 Unigenitum

195 1353 280 1380 Deum
297 1359 329 1379 ex
345 1350 426 1378 Patre
444 1358 505 1377 esse
525 1350 622 1382 credit,
645 1358 745 1378 novum
766 1358 827 1378 eum
847 1359 908 1378 esse
926 1358 980 1377 non

195 1402 292 1433 negat;
310 1397 379 1432 quod
396 1396 468 1423 enim
485 1404 539 1422 non
557 1396 763 1431 sempiternum,
786 1404 885 1423 novum
906 1403 983 1430 pror—

197 1452 245 1471 sus
261 1447 322 1477 est;
340 1442 522 1478 quodcunque
539 1447 628 1469 autem
646 1450 747 1469 novum
764 1447 816 1474 est,
841 1441 914 1469 Deus
930 1450 982 1468 non

197 1492 249 1519 est.
267 1487 496 1523 quemadmodum
519 1486 585 1514 dicit
606 1486 745 1521 Scriptura
763 1496 769 1514 :
788 1497 796 1512 ι
810 1486 869 1514 Non
888 1487 940 1514 erit
957 1488 984 1514 in

199 1538 225 1559 tu
240 1532 311 1560 Deus
330 1541 427 1560 novus.
445 1533 455 1547 ¹
475 1541 484 1557 ι
505 1531 577 1567 Ergo
590 1533 635 1567 qui
652 1532 728 1563 dicit,
750 1532 822 1566 quod
839 1532 985 1567 aliquando

200 1578 285 1605 Filius
301 1586 354 1605 non
381 1582 450 1611 erat,
476 1578 500 1605 is
525 1583 604 1612 negat
625 1578 684 1612 ejus
708 1577 847 1604 deitatem.
880 1578 985 1605 Rursus

200 1624 318 1650 alienum
335 1623 419 1650 Deum
433 1627 506 1651 vetat
520 1624 644 1654 adorare,
656 1623 702 1658 qui
719 1623 784 1650 dicit
799 1633 805 1650 :
821 1633 829 1649 ι
842 1623 985 1658 Nunquam

201 1669 327 1696 adorabis
341 1669 421 1696 deum
436 1670 555 1696 alienum
571 1668 581 1684 ³
597 1677 603 1695 :
623 1677 632 1693 ι
657 1670 764 1696 alienus
777 1674 868 1696 autem
888 1669 987 1697 collata

201 1719 262 1738 cum
281 1717 378 1740 nostro
394 1713 505 1748 proprio
520 1713 575 1741 Deo
589 1714 767 1743 distinctione
782 1718 984 1743 consuleretur.

202 1756 269 1790 Quis
289 1759 370 1794 igitur
383 1767 476 1788 noster
500 1762 625 1796 proprius
647 1766 688 1789 est
715 1762 805 1789 Deus?
827 1761 919 1788 Palam
945 1764 984 1788 est

201 1806 272 1839 quod
294 1813 375 1834 verus
399 1807 480 1835 Deus.
500 1807 568 1840 Quis
590 1809 653 1834 item
681 1807 807 1835 alienus?
825 1814 938 1842 prorsus
951 1807 985 1839 is,

201 1850 246 1883 qui
261 1859 275 1877 a
291 1856 387 1878 natura
401 1852 448 1879 Dei
465 1853 521 1880 veri
533 1853 640 1880 alienus
654 1856 706 1880 est.
721 1852 748 1879 Si
765 1853 846 1888 igitur
859 1851 986 1887 proprius

201 1900 295 1923 noster
318 1896 399 1928 Deus,
420 1897 490 1925 Deus
511 1905 594 1925 verus
615 1901 669 1928 est.
689 1898 711 1924 si
734 1897 897 1932 Unigcnitus
916 1896 986 1924 Deus

200 1947 233 1967 ex
250 1947 347 1969 natura
362 1944 417 1970 veri
436 1943 480 1971 Dei
500 1951 552 1970 non
576 1943 621 1976 sit,
646 1943 875 1978 quemadmodum
897 1942 984 1969 hare--

199 1986 247 2013 tiei
272 1987 376 2020 dicunt,
401 1989 506 2016 alienus
528 1989 599 2016 Deus
614 1992 667 2022 est,
683 1993 711 2015 et
728 1992 823 2017 noster
843 1987 913 2015 Deus
931 1995 985 2014 non

200 2038 252 2059 est.
270 2032 444 2068 Evangelium
459 2040 548 2061 autem
571 2034 639 2062 dicit
653 2034 726 2070 quod
748 2041 813 2062 oves
827 2034 915 2061 alieno
931 2041 984 2060 non

200 2078 328 2105 obcdiant
343 2079 364 2106 ⁵.
381 2079 431 2112 Qui
449 2084 570 2106 creatum
586 2087 647 2107 eum
660 2087 721 2107 esse
735 2079 812 2111 dicit,
835 2079 952 2106 alienum
970 2085 985 2104 a

199 2125 256 2151 veri
269 2123 314 2151 Dei
324 2129 422 2152 natura
441 2125 515 2152 facit.
529 2124 599 2158 Quid
615 2125 697 2160 igitur
710 2124 813 2152 faciunt
823 2124 868 2159 qtti
880 2124 984 2156 dicunt,

200 2170 272 2204 quod
293 2174 401 2198 creatus
421 2171 477 2198 sit?
493 2171 690 2198 Adorabuntne
713 2179 786 2205 eum,
808 2171 854 2206 qui
876 2175 985 2198 creatus

201 2215 246 2247 sit,
263 2216 369 2242 annon?
381 2214 446 2242 Nam
463 2217 485 2244 si
498 2224 551 2243 non
563 2215 805 2249 adorantJudzcos
821 2221 984 2252 sequuntur,

201 2265 331 2294 negantes
353 2262 538 2289 adorationem
552 2262 653 2290 Christi
667 2272 674 2296 ;
692 2264 735 2291 sin
752 2268 843 2291 autem
859 2263 985 2294 adorant.
1002 2257 1022 2283 Ι)

201 2305 351 2333 idololatrae
371 2310 445 2339 sunt,
458 2306 573 2333 adorant
590 2308 661 2335 enim
676 2315 749 2340 eum,
762 2309 808 2343 qui
829 2308 936 2335 alienus
951 2308 986 2335 sit

202 2356 216 2375 a
234 2349 287 2376 Deo
310 2357 384 2381 vero.
406 2351 485 2385 Atqui
507 2359 584 2385 mque
609 2352 721 2386 impiqu
742 2356 784 2380 est
806 2353 848 2380 vel
865 2361 918 2380 non
936 2353 985 2379 ad-

200 2401 280 2422 orare
303 2394 412 2428 Filium,
428 2396 470 2423 vel
492 2398 606 2425 adorare
621 2398 702 2425 Deuut
727 2399 855 2426 alienum.
874 2398 986 2433 Oportet

201 2447 267 2475 ergo
284 2441 342 2468 veri
358 2441 448 2469 Patris
462 2451 555 2470 verum
574 2443 671 2483 Filium
686 2444 788 2477 dicere,
801 2449 830 2472 ut
841 2444 986 2472 adoremus

201 2492 276 2516 eum,
293 2490 320 2512 et
344 2494 399 2513 non
422 2486 636 2516 condemnemur
663 2493 793 2525 tanquam
821 2489 905 2517 Deum
926 2490 988 2516 alie-

201 2539 266 2558 num
285 2532 440 2560 adorantes.
469 2532 607 2562 Adversus
632 2543 679 2563 eos
703 2540 794 2564 autem
816 2536 862 2571 qui
891 2536 988 2562 dicunt

201 2577 267 2604 illud
279 2585 312 2604 ex
325 2576 485 2607 Proverbio.
500 2588 509 2605 ‹
526 2580 655 2609 Dominus
669 2583 824 2609 creavitme
835 2582 857 2613 ⁸,
876 2591 884 2606 ι
901 2584 928 2608 et
941 2589 988 2616 per

201 2622 254 2650 hoc
272 2628 378 2657 putant,
392 2631 421 2651 se
436 2624 545 2659 aliquod
559 2626 666 2654 firmum
683 2628 782 2655 alterve
796 2631 986 2662 argumentum

202 2669 236 2695 ad
256 2669 428 2704 probandum
445 2671 518 2706 quod
536 2677 646 2700 creatus
670 2674 706 2701 sit
721 2673 842 2700 omnium
861 2673 987 2700 conditor

202 2721 229 2742 et
248 2720 369 2747 creator,
385 2715 442 2744 haec
464 2720 591 2746 convenit
606 2719 706 2752 dicere,
725 2719 798 2754 quod
818 2719 902 2746 multa
929 2726 989 2753 pro-

1001 1603 1021 1629 (Σ

241 2798 251 2814 ¹
269 2797 342 2826 Psal.
358 2806 440 2833 Lux,
453 2799 494 2826 ιο.
532 2799 543 2816 ³
563 2799 648 2828 Exod.
666 2806 760 2832 xxxn',
775 2799 783 2826 Ι
796 2799 817 2826 ι.
857 2797 866 2813 ³
884 2797 968 2828 Exod.
991 2807 1038 2834 xx,
1052 2799 1077 2826 5.

1036 922 1099 949 Ἔτι
1114 920 1191 948 κατὰ
1222 920 1378 955 Ἀρειανῶν
1403 928 1436 947 τε
1464 919 1513 946 καὶ
1535 917 1745 955 Ειζινομιανῶν,
1773 917 1828 955 τοῦ

1068 957 1196 990 Νύσσης
1225 953 1260 982 ἐκ
1289 957 1343 984 τοῦ
1362 955 1391 988 β’
1414 954 1509 990 λόγου
1529 954 1581 981 τοῦ
1604 954 1680 987 πρὸς
1695 953 1826 987 Emle-

1070 1001 1138 1019 κιον
1152 991 1220 1026 περὶ
1242 992 1322 1019 Υιοῦ.

1066 1077 1178 1103 Κελεὺει
1191 1078 1204 1103 ὁ
1218 1077 1282 1108 Θεὸς
1297 1076 1342 1103 διὰ.
1357 1077 1404 1104 τοῦ
1420 1077 1562 1114 Προφήτου
1583 1077 1684 1113 μηδένα
1695 1079 1825 1114 1:96”:-

1031 1131 1075 1149 τον
1092 1122 1151 1148 Οεὺν
1166 1122 1231 1149 θεὸν
1247 1119 1316 1148 εἶναι
1340 1122 1475 1157 νομίζειν,
1505 1123 1573 1159 μηδὲ
1590 1127 1758 1158 προσκυνεῖν
1777 1127 1825 1153 ἁλι

1031 1169 1129 1204 λοτρίῳ
1146 1168 1209 1203 θεῷ.
1235 1167 1340 1195 Οὐκοῦν
1358 1168 1436 1204 δῆλόν
1453 1170 1536 1202 ἐστιν,
1555 1170 1597 1196 ὅτι
1609 1170 1772 1206 πρόσφατον
1781 1173 1819 1199 λέ-

1030 1223 1106 1248 γεται
1117 1213 1131 1239 ὃ
1143 1214 1180 1249 μὴ
1191 1212 1221 1245 ἐξ
1236 1213 1321 1239 ἀϊδίου
1333 1213 1390 1239 ἐστι
1403 1220 1410 1227 ’
1433 1214 1480 1240 καὶ
1495 1215 1527 1240 ἐκ
1543 1214 1590 1240 τοῦ
1602 1215 1726 1242 ἐναντίου
1742 1217 1823 1244 πάλιν

1032 1261 1115 1287 ἀΐδιον
1129 1260 1238 1294 λέγεται
1257 1259 1271 1286 ὃ
1293 1259 1330 1295 μὴ
1346 1260 1501 1295 πρόσφατόν
1522 1261 1607 1299 ἐστινἐ
1628 1261 1658 1288 '0
1677 1263 1771 1289 τοίνυν
1787 1265 1823 1299 μὴ

1033 1307 1060 1340 ἐξ
1073 1306 1155 1333 ἀϊδίου
1170 1306 1215 1332 τὸν
1227 1306 1364 1341 Μονογενῆ
1379 1306 1444 1333 Θεὸν
1460 1307 1492 1332 ὲκ
1508 1305 1555 1332 τοῦ
1569 1296 1676 1342 nam;
1692 1306 1765 1336 εἶναι
1779 1296 1823 1336 tu;

1034 1353 1145 1385 στεύων,
1157 1353 1312 1389 πρόσφατον
1327 1353 1407 1379 αὑτὸν
1422 1352 1490 1380 εἶναι
1502 1354 1550 1380 οὐκ
1566 1354 1688 1389 ἀρνεῖται
1701 1363 1708 1370 ”
1722 1355 1756 1381 τὸ
1768 1356 1821 1391 γὰρ

1035 1401 1071 1434 μὴ
1083 1399 1176 1430 ἀΐδιον,
1193 1400 1347 1433 πρόσφατον
1360 1398 1467 1430 πάντως
1479 1407 1486 1413 ⁸
1502 1399 1555 1425 πᾶν
1566 1399 1593 1425 δὲ
1606 1399 1636 1425 τὸ
1653 1400 1820 1435 πρόσφατον,

1033 1445 1098 1477 Θεὸς
1123 1445 1172 1472 οὐκ
1194 1444 1284 1476 ἔστιν,
1307 1443 1397 1476 καθὼς
1415 1442 1490 1471 εἶπεν
1505 1445 1650 1480 ὴΓραφὴ,
1675 1447 1715 1472 ὅτι
1741 1456 1752 1472 ε
1767 1448 1822 1474 Ui»:

1034 1490 1109 1517 ἔσται
1125 1491 1153 1516 ἐν
1176 1491 1218 1517 σοι
1234 1491 1299 1522 Θεὸς
1322 1491 1484 1526 πρόσφατος.
1499 1500 1508 1517 ι
1538 1491 1608 1526 Ἄρα
1621 1493 1636 1518 ὁ
1650 1492 1736 1526 λέγων
1746 1513 1754 1523 ,
1782 1494 1821 1519 ὅτι

1034 1537 1099 1562 «me
1114 1535 1164 1562 οὐκ
1180 1534 1222 1571 ἦν,
1241 1534 1317 1568 οὗτος
1329 1536 1448 1571 ἀρνεῖται
1462 1535 1542 1562 αὑτοῦ
1555 1537 1603 1571 τὴν
1617 1536 1743 1571 θεότητα.
1770 1539 1820 1565 Πὰ-

1035 1582 1074 1608 λιν
1088 1581 1225 1618 ἀλλότριον
1239 1582 1304 1609 Θεὸν
1318 1584 1478 1618 προσκυνεῖν
1491 1582 1589 1609 κωλύει
1601 1584 1615 1609 ὁ
1630 1583 1733 1617 λέγων,
1754 1593 1763 1610 t
1776 1585 1822 1611 0'5-

1035 1628 1128 1654 δὲποτε
1141 1629 1341 1664 προσκυνήσεις
1353 1627 1405 1663 0εῷ
1416 1628 1547 1663 ἀλλοτρίῳ
1556 1636 1562 1643 ·
1578 1638 1588 1654 ι
1614 1628 1628 1653 ὁ
1643 1629 1670 1654 δὲ
1683 1629 1822 1664 ἀλλότριος

1035 1675 1068 1710 τῇ
1086 1673 1153 1710 πρὸς
1167 1674 1211 1700 τὸν
1227 1673 1292 1700 ῖδιον
1305 1675 1320 1709 ἠ
1325 1674 1382 1708 μῶν
1394 1673 1460 1700 Θεὸν
1471 1674 1654 1710 ἀντιδιαστολῇ
1667 1673 1820 1710 Θεωρείτιι.

1033 1709 1081 1740 Τίς
1095 1709 1140 1737 οὖν
1154 1712 1167 1737 ὁ
1181 1712 1244 1744 ἱδιος
1256 1714 1333 1748 ἡμῶν
1345 1715 1404 1742 ἐστι
1414 1716 1494 1751 θεός;
1513 1720 1596 1755 Δῆλον
1610 1709 1653 1747 ὅτι
1668 1722 1682 1748 ὁ
1696 1709 1821 1756 ἀληθινὸς

1034 1755 1109 1787 Θεός-
1134 1757 1182 1789 Τίς
1197 1758 1226 1786 δὲ
1242 1760 1256 1786 ὸ
1269 1760 1423 1797 ἀλλότριος
1449 1765 1560 1798 Πάντως
1575 1768 1589 1793 δ
1605 1767 1655 1802 τῆς
1667 1767 1715 1794 τοῦ
1730 1755 1822 1802 ἀληθι-

1035 1801 1080 1828 νοῦ
1093 1802 1160 1829 Θεοῦ
1178 1803 1286 1838 φύσεως
1299 1806 1444 1843 ἀλλοτρίως
1456 1809 1535 1845 ἔχων.
1562 1812 1592 1838 Εἰ
1604 1801 1650 1838 οὖν
1666 1813 1732 1844 fato;
1746 1801 1822 1847 mit-vv

1035 1849 1107 1874 ἐστιν
1118 1849 1131 1874 ό
1141 1849 1266 1885 ἀληθινὸς
1281 1851 1355 1885 Θεὸς,
1369 1853 1400 1880 ἂν
1415 1855 1451 1891 μὴ
1497 1857 1545 1892 τῆς
1558 1857 1603 1884 τοῦ
1620 1857 1748 1893 ἀληθινοῦ
1756 1857 1821 1884 Θεοῦ

1036 1893 1141 1927 φύσεως
1152 1896 1166 1922 ὁ
1179 1898 1334 1935 Μονογενὴς
1349 1899 1424 1932 Θεὸς,
1443 1901 1534 1933 καθὼς
1548 1901 1675 1935 λέγουσιν
1686 1903 1711 1929 οἱ
1727 1904 1823 1937 αἱρετι-

1035 1939 1093 1971 atat,
1115 1940 1254 1978 ἀλλότριος
1275 1945 1341 1977 Θεός
1361 1946 1430 1978 ἐστι,
1450 1947 1496 1972 καὶ
1510 1947 1560 1982 οὐχ
1580 1947 1727 1982 ἡμέτερος.
1743 1948 1821 1982 Λέγει

1035 1984 1062 2011 δὲ
1082 1986 1112 2012 τὸ
1136 1987 1301 2023 Εὑαγγέλιον
1321 1991 1362 2017 ὅτι
1384 1991 1419 2018 τὰ
1440 1992 1562 2027 πρόϐατα
1579 1992 1714 2028 ἀλλοτρίῳ
1736 1995 1766 2020 οὐ
1787 1993 1822 2028 μὴ

1036 2031 1189 2069 ὑπακούσῃ.
1220 2035 1249 2061 ὐ
1262 2035 1349 2070 λέγων
1364 2038 1472 2065 κτιστὺν
1487 2038 1567 2065 αὑτὸν
1581 2036 1666 2069 εἶναι,
1686 2039 1822 2074 ἀλλότριον

1035 2077 1084 2111 τῆς
1100 2077 1146 2104 τοῦ
1164 2079 1290 2115 ἀληθινοῦ
1307 2081 1374 2108 Θεοῦ
1397 2082 1503 2118 φύσεως
1524 2081 1593 2110 εἶναι
1612 2085 1821 2111 κατασκευάσει.

1036 2122 1068 2148 Τί
1084 2120 1130 2150 οὖν
1143 2124 1265 2152 ποιοῦσιν
1279 2127 1303 2153 οε
1317 2127 1451 2161 λέγοντες,
1469 2130 1510 2155 ὅτι
1527 2130 1635 2161 κτιστός
1651 2131 1709 2156 ἐστι
1721 2139 1729 2163 ;
1742 2130 1822 2166 Προσ-

1036 2169 1147 2196 κυνοῦσι
1166 2171 1212 2197 τὸν
1236 2172 1344 2199 κτιστὺν
1358 2174 1449 2206 αὐτὸν,
1471 2175 1487 2211 ἢ
1507 2175 1585 2210 οὑχίς
1609 2176 1641 2202 Εἰ
1654 2176 1704 2210 μὲν
1724 2177 1778 2211 γὰρ
1794 2177 1821 2201 οὺ

1037 2216 1245 2249 προσκυνοῦσιν,
1261 2218 1458 2254 Ἰουδαῖζουσιν,
1471 2216 1632 2256 ἀρνούμενοι
1646 2221 1695 2249 τοῦ
1706 2220 1822 2257 Χριστοῦ

1036 2261 1084 2297 τὴν
1114 2264 1312 2300 προσκύνησιν·
1342 2267 1366 2293 et
1390 2266 1418 2293 δὲ
1446 2267 1660 2303 προσκυνοῦσιν,
1684 2267 1823 2294 εἰδωλολα-

1036 2307 1131 2343 τροῦσι
1142 2317 1149 2324 ·
1171 2310 1218 2336 τδν
1234 2310 1288 2347 γὰρ
1303 2312 1441 2348 ἀλλότριον
1457 2313 1504 2339 τοῦ
1518 2313 1644 2348 ἀληθινοῦ
1657 2313 1727 2340 Θεοῦ
1742 2321 1822 2349 προσ-

1038 2353 1173 2381 κυνοῦσιν.
1196 2356 1276 2382 Ἀλλὰ
1291 2357 1344 2392 μὴν
1358 2358 1455 2393 ἐπίσης
1469 2359 1575 2390 ἀσεϐὲς,
1588 2359 1636 2384 καὶ
1652 2359 1690 2394 μὴ
1708 2367 1823 2393 προσκυ·

1037 2400 1092 2425 νεῖν
1116 2399 1162 2426 τὸν
1177 2401 1252 2432 Υἱὸν,
1275 2402 1322 2428 καὶ
1349 2405 1510 2438 προσκυνεῖν
1528 2404 1573 2430 τὸν
1593 2404 1734 2440 ἀλλότριον
1749 2405 1820 2431 Θεόν.

1037 2443 1095 2478 Χρὴ
1108 2444 1161 2480 ἄρα
1177 2445 1222 2472 τοῦ
1235 2446 1361 2481 ἀληθινοῦ
1374 2449 1480 2484 Πατρδς
1506 2449 1632 2484 ἀληθινὸν
1649 2449 1695 2476 τὸν
1707 2449 1771 2476 Υἰον
1784 2449 1822 2475 λέ-

1037 2497 1104 2523 γειν,
1123 2490 1166 2516 ἵνα
1179 2492 1376 2528 προσκυνῶμεν
1387 2494 1480 2526 αὐτὸν,
1494 2493 1541 2521 καὶ
1562 2494 1599 2530 μὴ
1613 2495 1821 2530 κατακριθῶμεν

1036 2535 1072 2567 ὡς
1083 2536 1220 2572 ἀλλότριον
1231 2539 1446 2573 προσκυνοῦντες
1457 2540 1527 2567 Θεύν.
1539 2540 1611 2576 Πρὸς
1620 2541 1648 2566 δὲ
1658 2541 1722 2572 τοὺς
1738 2541 1821 2575 λέγον-

1035 2590 1085 2613 τας
1098 2582 1169 2617 τὸέκ
1178 2585 1225 2619 τῆς
1237 2585 1391 2620 Παροιμίας
1399 2586 1439 2612 ὅτι
1451 2595 1459 2611 t
1472 2585 1574 2621 Κύριος
1587 2585 1677 2612 ἔκτισέ
1691 2595 1725 2621 με
1741 2595 1764 2614 ι.
1780 2585 1820 2612 καὶ

1037 2628 1079 2655 διὰ
1093 2629 1172 2656 τοῦτο
1189 2630 1347 2665 νομίζοντας
1365 2632 1472 2668 ἰσχυρόν
1486 2641 1512 2659 τι
1529 2632 1617 2667 λέγειν
1632 2635 1699 2669 περὶ
1710 2634 1757 2661 τοῦ
1771 2642 1820 2660 κτι-

1038 2675 1098 2700 στδν
1109 2673 1178 2702 εἶναι
1192 2676 1236 2702 τὸν
1249 2677 1355 2704 πάντων
1367 2678 1478 2713 κτίστην
1493 2679 1539 2705 καὶ
1553 2679 1730 2715 δημιουργὸν,
1742 2679 1818 2706 ταῦτα

1038 2722 1170 2756 προσήκει
1187 2721 1286 2756 λέγειν,
1301 2723 1342 2750 ὅτι
1359 2723 1444 2751 πολλὰ
1456 2723 1490 2750 δι’
1504 2724 1577 2758 ἡμᾶς
1592 2724 1702 2758 ἐγένετο
1715 2725 1728 2751 6
1738 2725 1818 2752 Μονο-

1117 2798 1218 2827 ⁸.Ιοειη.
1240 2807 1268 2833 x,
1287 2798 1335 2827 27.
1373 2798 1475 2828 l‘Prov.
1496 2800 1615 2834 ν111,⁴ξ2.
