1891 3076
33 109 78 141 6)!

36 173 112 208 γενὴς
125 173 200 205 Θεός.
227 174 282 202 Καὶ
297 175 351 211 γὰρ
370 175 417 202 καὶ
429 175 514 210 Λόγος
532 177 582 209 ὢν,
608 177 675 212 σὰρξ
689 178 796 212 ἐγένετο
809 187 816 193 ’
833 180 855 206 Λ

36 219 78 245 καὶ
93 218 158 250 Θεὸς
171 218 218 251 ὢν,
237 219 379 255 ἄνθρωπος
396 221 504 255 ἐγένετο
515 231 522 238 ι
547 222 594 248 καὶ
610 222 754 257 ἀσώματος
769 223 817 256 ὢν,

37 265 111 300 σῶμα
129 266 255 300 ἐγένετο·
280 267 327 293 καὶ
343 267 384 295 ἔτι
407 268 475 303 πρὸς
496 269 601 301 τούτοις
622 270 668 296 καὶ
684 270 818 305 ἁμαρτία,

36 311 79 337 καὶ
95 312 210 346 κατάρα,
229 312 276 338 καὶ
297 312 385 345 λίθος,
408 315 455 341 καὶ
477 314 566 349 ἀξίνη,
587 315 634 342 καὶ
655 315 746 350 ἄρτος,
771 316 820 343 καὶ

35 358 176 393 πρόϐατον,
192 359 238 384 καὶ
250 359 319 392 ὁδὸς,
334 360 381 387 καὶ
392 359 471 396 θύρα,
495 361 542 388 καὶ
558 361 656 397 πέτρα,
674 363 720 389 καὶ
733 362 818 389 πολλὰ

34 404 141 431 τοιαῦτα
153 404 271 438 ἐγένετο,
287 405 363 432 οὐδὲν
373 406 475 434 τούτων
493 408 526 442 τῇ
542 408 620 443 φύσει
635 407 684 442 ὢν,
702 408 770 435 ἀλλὰ
785 408 818 435 δι’

35 450 106 485 ἡμᾶς
116 450 175 477 κατ’
193 451 349 487 οἰκονομίαν
365 452 517 488 γενόμενος.

67 625 173 662 Ὠσπερ
187 625 235 654 οὖν
250 627 336 662 Λόγος
347 627 394 660 ὢν,
411 629 446 656 δι’
463 631 479 666 ή
484 630 537 665 μᾶς
550 631 657 665 ἐγένετο
671 631 753 668 σάρξι
776 634 823 660 καὶ

35 672 99 704 Θεὸς
115 672 162 704 ὢν,
181 673 323 709 ἄνθρωπος
342 675 466 708 ἐγένετο·
492 676 563 704 οὕτω
577 678 623 704 καὶ
641 679 756 714 κτίστης
771 680 819 713 ὢν,

35 718 65 744 δι’
77 718 152 754 ἡμᾶς
168 719 270 755 κτίσμα
282 720 399 754 ἐγένετο,
411 722 506 758 κτιστὴ
518 722 571 759 γὰρ
584 725 601 759 ἡ
618 723 697 760 σάρξ.
717 725 761 757 Ὠς
773 723 820 752 οὖν

36 761 111 791 εἶπεν
125 765 168 792 διὰ
181 765 228 792 τοῦ
243 768 393 802 προφήτου,
415 768 456 795 ὃτι
485 778 494 795 ι
511 769 604 801 Οὕτως
616 770 690 805 λέγει
706 772 819 808 Κύριος,

35 810 48 835 6
62 809 169 842 πλάσας
184 820 217 846 με
232 813 264 839 ὲκ
284 813 387 846 κοιλίας
401 814 493 842 δοῦλον
508 815 601 847 αὑτοῦ,
617 825 626 842 ι
647 816 734 849 οὕτως
747 817 823 845 εἶπεν

37 856 82 883 καὶ
96 856 142 883 διὰ
160 857 207 884 τοῦ
224 858 450 894 Σολομῶντος,τὸ
475 870 484 887 ι
502 861 605 898 Κύριος
622 862 712 890 ἐκτισέ
730 872 763 899 με
775 865 823 900 ἁρ-
838 875 859 902 Β

34 902 81 937 χὴν
94 903 164 930 ὁδῶν
178 903 270 935 αὐτοῦ,
286 905 326 936 εἰς
347 904 413 940 ἔργα
426 906 540 933 αὑτοῦ.»
569 908 674 935 Οὐκοῦν
689 909 735 936 καὶ
757 911 770 936 6
794 912 824 937 ὲν

34 948 65 983 τῇ
79 947 170 983 κοιλίᾳ
179 948 230 983 τῆς
243 949 378 984 παρθένου
392 950 522 983 πλασθεὶς
536 952 606 980 κατὰ
625 953 670 980 τὸν
684 954 761 988 λόγον
775 955 822 982 τοῦ

35 992 186 1026 προφήτου,
205 994 219 1019 6
233 993 324 1025 δοῦλός
337 994 421 1027 ἐστιν,
439 995 487 1030 οὐχ
502 996 516 1022 6
532 996 634 1033 Κύριος
646 1007 652 1013 ·
673 999 821 1031 τουτέστιν,

34 1037 47 1062 6
63 1036 137 1064 κατὰ
158 1038 247 1073 σάρκα
267 1038 408 1075 ἄνθρωπος
435 1041 464 1068 ἐν
487 1037 509 1075 ᾦ
532 1043 546 1069 6
566 1043 632 1075 Θεὸς
651 1044 821 1081 ἐφανερώθη,

34 1082 77 1109 καὶ
91 1083 210 1110 ἐνταῦθα
231 1085 244 1110 6
264 1085 383 1118 κτισθεὶς
403 1088 443 1118 είς
460 1087 547 1123 ἀρχὴν
559 1088 625 1115 ὁδῶν
641 1089 734 1122 αὑτοῦ,
747 1091 796 1126 οὐχ
809 1092 823 1117 6

34 1128 100 1160 Θεός
115 1130 200 1162 ἐστιν,
218 1130 275 1157 ἀλλ’
288 1132 302 1157 6
314 1132 457 1168 ἅνθρωπος
471 1142 477 1149 ·
495 1135 524 1161 ὲν
537 1131 560 1168 ᾧ
574 1135 640 1170 ἡμῖν
655 1136 668 1161 6
683 1136 748 1167 Θεὸς
758 1138 823 1171 ἐφα-

33 1174 153 1210 νερώθη,
168 1175 215 1202 ἐπὶ
227 1176 257 1202 τὸ
277 1176 326 1212 τὴν
343 1178 563 1212 καταφθαρεῖσαν
583 1180 642 1206 ὁδὸν
656 1181 706 1216 τῆς
718 1181 824 1214 ἀνθρω-

32 1219 117 1255 πίνης
143 1221 279 1256 σωτηρίας
296 1222 376 1249 πάλιν
395 1223 609 1251 ἀνανεώσασθαι.
638 1225 718 1251 Ὥστε
732 1224 825 1260 ἐπειδὴ

32 1263 79 1289 δύο
98 1265 166 1299 περὶ
184 1266 231 1292 τοῦ
251 1266 369 1301 Χριστοῦ
385 1267 567 1303 γινώσκομεν,
582 1267 612 1294 τὸ
638 1267 688 1303 μὲν
705 1267 787 1297 θεῖον,
800 1268 830 1291 τὸ
849 1273 854 1278 ’

33 1311 61 1337 δὲ
77 1312 252 1347 ἀνθρώπινον
263 1333 270 1346 ,
295 1314 324 1339 ὲν
341 1312 391 1348 μὲν
404 1315 438 1349 τῇ
459 1313 539 1348 φύσει
553 1314 584 1340 τὸ
599 1313 681 1345 θεῖον,
698 1314 727 1340 ὲν
751 1312 779 1339 δὲ
796 1314 828 1348 τῇ

33 1357 178 1392 οἰκονομίᾳ
186 1357 216 1384 τὸ
226 1358 296 1385 κατὰ
314 1358 466 1394 ἄνθρωπον,
476 1359 630 1392 ἀκολούθως
644 1360 675 1387 τὸ
688 1359 737 1394 μὲν
747 1360 831 1386 ἀΐδιον

33 1403 67 1437 τῇ
84 1402 196 1438 θεότητι
213 1403 489 1439 προσμαρτυροῦμεν,
507 1405 537 1430 τὸ
557 1405 584 1431 δὲ
610 1404 718 1431 κτιστδν
738 1405 770 1439 τῇ
785 1404 830 1430 ἀν-

34 1447 165 1484 Θρωπὶνῃ
180 1447 345 1483 λογιζόμεθα
364 1448 453 1483 φύσει.
482 1449 525 1480 Ὠς
541 1448 595 1484 γὰρ
610 1449 682 1475 κατὰ
694 1448 741 1475 τὸν
763 1457 827 1483 προ-

35 1494 130 1528 φήτην
147 1494 176 1519 ὲν
189 1495 222 1528 τῇ
239 1493 328 1530 κοιλίᾳ
342 1494 463 1530 ἐπλάσθη
478 1494 579 1527 δοῦλος,
601 1494 687 1526 οὕτως
702 1494 749 1520 καὶ
760 1493 832 1520 κατὰ

34 1539 81 1565 τὸν
95 1539 271 1574 Σολομῶν-ιο,
288 1540 331 1566 διὰ
344 1541 393 1575 τῆς
414 1540 540 1576 δουλικῆς
559 1540 662 1575 ταύτης
674 1540 788 1571 κτίσεως
802 1541 831 1566 ὲν

35 1585 123 1620 σαρκὶ
139 1584 307 1620 ἐφανερώθη.
325 1586 409 1612 Ὅταν
420 1585 447 1612 δὲ
460 1575 575 1619 umva
588 1594 595 1602 ·
608 1585 639 1611 Εἰ
651 1583 749 1620 ἦν,ούκ
761 1585 833 1618 ὲγεν-
843 1575 863 1602 C

34 1631 106 1665 νήθη
123 1638 131 1645 ·
158 1629 216 1663 καὶ,
241 1630 273 1656 Εἰ
287 1630 429 1666 ἐγεννήθη,
445 1630 494 1656 οὐκ
514 1628 559 1665 ἦν,
575 1629 776 1665 διδαχθήτωσαν
793 1629 833 1656 ὅτι

33 1677 65 1702 οὺ
79 1676 139 1712 χρὴ
153 1675 188 1702 τὰ
201 1675 252 1711 τῆς
264 1676 396 1711 σαρκικῆς
405 1676 559 1710 γεννήσεως
571 1675 703 1711 ἰδιώματα
713 1675 834 1711 ἐφαρμό-

34 1723 95 1754 ζειν
113 1723 151 1757 τῇ
170 1722 230 1757 θεία
248 1722 337 1756 φύσει.
370 1721 487 1757 Σώματα
506 1722 555 1757 μὲν
574 1721 630 1757 γὰρ
646 1722 683 1757 μὴ
698 1722 762 1749 ὂντα
775 1730 836 1756 γεν-

34 1770 122 1796 νᾶται
138 1777 147 1784 ·
165 1769 180 1795 ὁ
192 1769 220 1795 δὲ
233 1768 299 1801 Θεὸς
315 1769 348 1795 τὰ
362 1769 399 1804 μὴ
415 1769 479 1796 ὄντα
494 1767 564 1795 εἶναι
580 1769 651 1795 ποιεῖ
664 1777 671 1785 ·
692 1768 742 1794 οὐκ
756 1767 836 1799 αὐτὸς

33 1816 68 1842 ὲκ
87 1815 142 1842 τοῦ
162 1815 199 1850 μὴ
210 1815 286 1847 ὄντος
298 1815 414 1849 γίνεται.
439 1815 485 1841 Διὸ
496 1815 544 1841 καὶ
559 1815 573 1841 6
588 1814 695 1846 Παῦλος
711 1813 836 1848 ἀπαύγα-

34 1870 96 1895 σμα
107 1860 192 1895 δόξης
203 1861 284 1887 αὑτὸν
295 1861 432 1896 ὀνομάζει,
445 1860 488 1887 ἵνα
498 1860 676 1896 διδαχοῶμεν,
689 1861 731 1887 ὅτι
743 1860 836 1896 ὥσπερ

32 1907 66 1933 τὸ
88 1908 126 1933 ὲκ
143 1906 189 1932 τοῦ
202 1906 298 1941 λύχνου
315 1907 373 1941 φῶς
387 1907 434 1933 καὶ
461 1907 494 1933 ὲκ
508 1907 558 1942 τῆς
575 1905 682 1941 φύσεώς
704 1906 764 1932 ἐστι
789 1905 836 1932 τοῦ

32 1951 260 1985 ἀπαυγάξοντος,
276 1952 323 1978 καὶ
339 1952 397 1987 μετ’
415 1951 519 1978 ἐκείνου
533 1953 609 1980 ἐστιν
629 1950 707 1987 (ὁμοῦ
733 1960 764 1978 τε
783 1951 837 1987 γὰρ

32 1997 163 2032 ἐξεφάνη
179 1998 194 2023 6
205 1997 309 2032 λύχνος,
324 1998 371 2024 καὶ
386 1997 416 2024 τὸ
427 1997 485 2032 φῶς
499 1997 528 2024 τὺ
541 1997 570 2031 ἐξ
581 1997 664 2024 αὑτοῦ
675 1997 838 2033 συνεξέλαμ-

32 2043 114 2079 ψεν),
133 2043 206 2070 οὕτω
220 2043 325 2070 κελεύει
343 2043 389 2070 καὶ
413 2043 530 2070 ἐνταῦθα
545 2044 615 2069 νοεῖν
635 2044 649 2069 ὁ
666 2043 837 2075 Ἀπόστολος,

31 2090 76 2117 ὅτι
90 2091 145 2116 καὶ
156 2090 188 2116 ἐκ
200 2089 248 2116 τοῦ
256 2089 362 2125 Πατρδς
375 2090 389 2116 6
401 2089 474 2122 Υἱὸς,
489 2090 536 2116 καὶ
549 2089 676 2116 οὐδέποτε
692 2090 777 2124 χωρὶς
791 2089 839 2115 τοῦ

34 2136 109 2163 rio-3
139 2136 155 2162 6
174 2134 287 2171 Πατήρ·
315 2136 366 2161 οὐκ
390 2136 507 2170 ἐγχωρεῖ
533 2135 587 2170 γὰρ
620 2135 733 2170 ἀλαμπῆ
758 2133 828 2161 εἶναι

32 2183 90 2218 τὴν
119 2180 222 2213 δόξαν,
258 2180 296 2213 ὡς
322 2180 372 2207 οὐκ
392 2181 509 2215 ἐγχωρεί
535 2180 599 2206 ἄνευ
628 2179 840 2214 ἀπαυγάσματος

32 2227 113 2255 εῖναι
128 2227 177 2254 τὸν
187 2227 293 2262 λύχνον.
309 2226 394 2262 Δῆλον
412 2226 440 2252 δὲ
457 2227 497 2253 ὃτι
509 2226 603 2262 ὥσπερ
619 2225 650 2252 τὸ
663 2223 732 2252 εἶναι
748 2225 840 2252 ἀπαύ-

32 2283 145 2310 γασμα
164 2273 300 2309 μαρτυρία
315 2273 374 2299 ἐστὶ
392 2272 440 2299 τοῦ
458 2271 530 2299 κατὰ
549 2273 598 2307 τὴν
613 2271 690 2304 δόξαν
703 2270 772 2298 εἶναι
785 2271 794 2298 (
804 2271 840 2307 μὴ

32 2320 98 2355 γὰρ
115 2318 204 2352 οὔσης
218 2318 266 2352 τῆς
283 2317 361 2352 δόξης
375 2317 425 2343 οὐκ
439 2316 472 2343 ἂν
489 2316 531 2352 εἴη
546 2316 577 2343 τὺ
590 2318 622 2343 ἐκ
636 2316 738 2350 ταύτης
751 2317 841 2342 ἀπαυ-

31 2363 223 2400 γαζὸμενον),
238 2363 322 2396 οὕτως
337 2364 367 2390 τὸ
380 2363 471 2398 λέγειν
486 2363 523 2399 μὴ
536 2361 604 2389 εἷναί
619 2372 649 2389 τε
660 2362 841 2398 ἀπαύγασμα,

32 2409 189 2442 ἀπόδειξίς
204 2411 262 2436 ἐστι
280 2409 327 2436 τοῦ
347 2410 414 2445 μηδὲ
428 2409 476 2445 τὴν
491 2409 570 2443 δόξαν
588 2407 667 2442 εἶναι,
683 2410 727 2435 ὅτε
744 2409 794 2435 οὐκ
810 2406 843 2444 ἦν

30 2460 67 2485 τὸ
86 2456 269 2491 ἀπαύγασμα
281 2464 288 2471 ·
313 2456 362 2491 τὴν
375 2456 430 2492 γὰρ
442 2456 521 2490 δόξαν
542 2455 606 2483 ἄνευ
628 2456 844 2490 ἀπαυγάσματος

32 2501 118 2532 εἶναι
135 2502 289 2537 ἀμήχανον.
304 2502 408 2538 Ὥσπερ
427 2500 473 2529 οὖν
488 2503 536 2529 οὐκ
550 2502 622 2529 ἐστιν
636 2501 681 2528 ἐπὶ
695 2500 741 2528 τοῦ
757 2502 845 2527 ἀπαυ-

33 2551 196 2587 γάσματος
211 2549 299 2583 λέγειν
313 2549 405 2582 ὃτι,Εί
418 2547 512 2585 ἦνιοὺκ
527 2550 645 2584 ἐγένετο,
663 2550 720 2581 καὶ,
735 2550 767 2576 Εἰ
787 2550 847 2583 ὲγέ-

31 2606 119 2631 vam,
127 2598 181 2624 οὐκ
188 2594 231 2632 ἦν,
247 2596 333 2628 οὕτως
348 2595 461 2631 μάταιόν
473 2598 530 2623 ἐστι
546 2597 665 2633 περὶτοῦ
681 2596 747 2624 Υἱοῦ
760 2596 848 2624 ταῦτα

32 2645 156 2678 λέγειν,
171 2643 238 2669 διότι
253 2643 267 2668 6
281 2643 346 2675 Υἱός
363 2644 420 2670 ἐστι
437 2643 467 2669 τὸ
478 2644 656 2678 ἀπαύγασμα.

33 2694 198 2722 nunquam
222 2689 281 2713 erat
307 2685 447 2721 splendor,
466 2685 637 2714 demonstrat
661 2687 734 2722 quod
776 2695 865 2723 neque

479 115 669 147 PANOPLIA
691 118 925 151 DOGMATICA.
946 133 982 138 —
1000 120 1077 152 TlT.
1098 122 1152 152 Xl.

1610 123 1664 156 6'32

872 179 931 210 pter
947 184 997 203 nos
1015 177 1103 205 factus
1126 179 1162 205 sit
1183 177 1344 213 Unigenitus
1369 179 1449 207 Deus.
1469 180 1576 208 Etenim
1595 189 1656 209 eum

872 222 991 250 Verbum
1007 224 1052 257 sit,
1069 231 1134 252 caro
1150 223 1239 252 factus
1254 230 1305 258 est,
1317 229 1416 252 etcum
1434 226 1502 254 Deus
1516 228 1561 260 sit,
1577 228 1659 254 homo

872 266 959 296 factus
989 274 1046 302 est;
1070 274 1097 297 et
1132 277 1194 297 cum
1229 270 1407 305 incorporalis
1435 276 1518 303 esset,
1558 281 1659 307 corpus

872 314 960 342 factus
976 319 1038 348 est;
1053 320 1133 351 atque
1158 317 1200 344 his
1219 317 1299 344 etiam
1318 317 1434 352 amplius
1458 322 1485 344 et
1505 323 1657 353 peccatum,

871 361 898 384 et
913 359 1079 391 maledictio,
1093 364 1120 387 et
1134 360 1215 395 lapis,
1230 365 1257 388 et
1272 361 1388 392 securis.
1404 365 1431 388 et
1445 361 1533 396 panis,
1548 367 1574 389 et
1588 363 1656 394 ovis,

872 409 899 432 et.
917 405 969 438 via,
987 410 1015 433 et
1033 406 1145 438 ostium,
1165 411 1192 434 et
1207 412 1293 442 petra.
1314 411 1341 435 et
1363 408 1496 443 ejusmodi
1515 409 1600 436 multa
1621 409 1660 435 [ιι-

873 454 934 478 ctus
953 455 1004 483 est,
1020 459 1082 479 cum
1101 456 1198 480 natura
1213 454 1280 480 nihil
1297 454 1393 481 horum
1414 454 1459 486 sit,
1488 454 1534 481 sed
1551 458 1660 489 propter

875 503 924 523 nos
949 504 997 531 per
1020 497 1252 533 dispensationem
1268 503 1295 525 et
1310 497 1575 526 administrationem
1597 500 1660 526 talis

873 543 1002 569 evaserit.

909 630 1143 664 Quemadmodum
1165 631 1247 667 igitur
1263 639 1325 660 cum
1349 631 1468 659 Verbum
1486 632 1530 661 sit.
1549 636 1661 666 propter

874 684 924 704 nos
941 684 1006 704 caro
1023 677 1109 704 iactus
1125 682 1182 710 est;
1198 682 1224 705 et
1240 679 1310 705 Deus
1326 686 1387 705 cum
1407 679 1452 710 sit,
1469 679 1549 706 homo
1571 678 1659 704 factus

873 726 915 750 est
936 731 942 749 :
963 723 997 749 ita
1010 727 1117 750 creator
1129 731 1191 750 eum
1207 723 1252 755 sit,
1274 727 1382 758 propter
1404 731 1454 751 nos
1477 727 1600 750 creatura
1619 724 1660 749 fa-

874 773 934 797 ctus
954 773 1006 802 est,
1023 770 1123 805 quippe
1146 778 1208 797 cum
1227 778 1290 798 caro
1307 778 1350 798 res
1374 774 1464 797 creata
1490 770 1535 798 sit.
1559 769 1661 803 Quem-

875 815 1020 842 admodum
1046 815 1129 849 igitur
1152 822 1201 849 per
1218 815 1377 850 prophetam
1395 815 1480 842 dixit:
1499 824 1507 840 ι
1529 813 1574 840 Sic
1594 815 1660 841 dicit

874 860 1015 893 Dominus,
1025 861 1070 895 qui
1081 860 1207 888 formavit
1215 868 1257 888 me
1265 869 1297 888 ex
1306 864 1400 888 ventre
1411 867 1519 887 servum
1530 867 1608 886 suum
1622 861 1657 892 ¹,ι

874 907 912 933 ita
937 906 1019 934 etiam
1040 906 1108 934 dixit
1125 906 1191 933 illud
1213 914 1261 941 per
1283 906 1456 933 Salomonem
1475 914 1481 932 :
1501 903 1511 931 ι
1530 905 1661 932 Dominus

873 951 978 979 creavit
988 958 1031 977 me
1040 951 1205 986 principium
1219 951 1323 978 viarum
1334 958 1446 978 suarum
1460 949 1492 976 ad
1504 957 1586 984 opera
1617 951 1640 977 ¹,
1649 958 1658 975 ι

873 997 968 1024 Omnis
987 997 1060 1024 enim
1128 1000 1252 1024 creatura
1264 996 1358 1027 servit,
1371 1000 1400 1023 ut
1409 996 1497 1030 inquit
1504 995 1658 1030 Apostolus.

873 1042 992 1070 Proinde
1016 1047 1043 1069 et
1068 1042 1092 1070 is
1108 1042 1154 1077 qui
1177 1042 1203 1068 in
1219 1045 1314 1069 ventre
1325 1042 1439 1076 virginis
1459 1041 1591 1068 formatus
1607 1044 1660 1071 est,

874 1088 1023 1116 secundum
1047 1087 1159 1115 verbum
1178 1087 1330 1121 prophetzr,
1351 1093 1446 1113 servus
1465 1089 1517 1117 est,
1537 1093 1589 1112 non
1609 1084 1661 1112 Do-

875 1134 965 1161 minus
987 1143 994 1160 :
1013 1133 1064 1160 hoc
1091 1136 1143 1163 est,
1169 1133 1192 1160 is
1214 1133 1260 1167 qui
1281 1132 1430 1159 secundum
1452 1138 1561 1158 carnem
1581 1130 1662 1157 homo

876 1185 928 1214 est,
947 1180 973 1207 in
991 1188 1045 1214 quo
1063 1179 1134 1206 Deus
1149 1180 1338 1206 manifestatus
1367 1182 1419 1209 est,
1441 1183 1468 1204 et
1490 1178 1523 1209 is,
1545 1177 1591 1211 qui
1607 1175 1663 1203 illic

877 1231 985 1254 creatus
1005 1229 1047 1253 est
1068 1225 1096 1252 in
1117 1225 1278 1260 principium
1302 1225 1404 1251 viarum
1421 1224 1496 1258 ejus.
1517 1230 1571 1249 non
1591 1221 1663 1250 Deus

877 1271 927 1297 est,
942 1267 989 1293 sed
1003 1266 1085 1294 homo
1101 1276 1107 1294 ι
1124 1267 1152 1294 in
1163 1274 1216 1300 quo
1230 1267 1309 1293 nobis
1323 1266 1394 1293 Deus
1410 1266 1601 1292 maniiestatus
1612 1270 1664 1297 est,

878 1315 907 1338 ut
925 1315 1053 1346 corrupta
1069 1319 1100 1338 ac
1121 1311 1284 1339 labefactata
1301 1312 1343 1338 via
1359 1312 1457 1338 salutis
1477 1311 1604 1338 humanae
1618 1311 1667 1338 ite-

878 1364 939 1384 rum
971 1361 1157 1384 renovaretur.
1186 1356 1277 1391 Itaque
1303 1356 1434 1391 quouiam
1465 1364 1510 1383 res
1541 1357 1610 1384 duas
1634 1356 1668 1383 de

878 1403 988 1431 Christo
1004 1403 1151 1430 statuimus
1167 1407 1194 1430 et
1209 1403 1353 1435 sentimus,
1375 1410 1458 1429 unum
1477 1402 1586 1436 quidem
1598 1402 1668 1428 divi-

879 1457 956 1481 num,
984 1449 1097 1476 alterum
1117 1456 1181 1476 vero
1202 1449 1364 1482 humanum,
1386 1448 1413 1474 in
1434 1452 1531 1475 natura
1559 1447 1667 1483 quidem

880 1496 1015 1526 divinum,
1041 1496 1068 1522 in
1090 1495 1331 1523 administratione
1357 1503 1389 1522 ac
1414 1495 1620 1530 dispensatione
1641 1495 1668 1522 id

881 1541 954 1576 quod
969 1540 1120 1569 secundum
1137 1541 1273 1568 hominem
1291 1545 1332 1569 est
1350 1551 1357 1570 :
1377 1545 1578 1576 consequenter
1595 1548 1668 1568 sem-

882 1588 1016 1623 piternum
1034 1587 1127 1618 deitati
1140 1591 1312 1618 attestamur,
1333 1591 1453 1613 creatum
1465 1594 1530 1613 vero
1546 1587 1671 1614 humanrc

882 1638 986 1660 natura:
1009 1633 1191 1668 assignamus.
1216 1632 1450 1666 Quemadmodum
1475 1632 1547 1659 enim
1574 1640 1673 1659 secun-

882 1679 946 1706 dum
963 1679 1123 1714 prophetam
1143 1679 1170 1705 in
1194 1683 1290 1705 ventre
1307 1677 1441 1705 formatus
1451 1682 1494 1705 est
1512 1685 1618 1709 servus,
1635 1678 1673 1704 ita

884 1725 965 1752 etiam
985 1724 1135 1751 secundum
1159 1723 1345 1755 Salomonem,
1371 1731 1418 1758 per
1443 1724 1515 1751 hanc
1546 1724 1673 1751 servilem

887 1774 1042 1797 creaturam
1063 1770 1091 1797 in
1114 1777 1198 1797 carne
1221 1769 1413 1798 manifestatus
1435 1775 1486 1797 est.
1505 1769 1591 1797 Porro
1611 1778 1674 1797 cum

885 1816 979 1843 dicunt
994 1824 1000 1842 :
1016 1815 1044 1842 Si
1059 1821 1127 1847 erat,
1145 1823 1200 1842 non
1216 1819 1257 1843 est
1281 1816 1388 1850 genitus
1401 1823 1408 1848 ;
1421 1819 1458 1847 et,
1479 1815 1508 1842 Si
1524 1820 1605 1842 natus
1622 1819 1674 1849 est,

886 1869 941 1889 non
959 1866 1017 1888 erat
1040 1871 1047 1889 :
1070 1861 1223 1889 doceantur
1240 1861 1312 1896 quod
1333 1868 1388 1888 non
1410 1865 1533 1896 oporteat
1557 1861 1676 1888 carnalis

886 1907 1041 1935 nativitatis
1065 1907 1248 1943 proprietates
1275 1907 1484 1935 accommodare
1505 1907 1605 1934 divinae
1625 1914 1676 1933 na-

887 1956 965 1979 turm.
992 1951 1060 1979 Nam
1089 1960 1205 1988 corpora
1230 1952 1340 1987 quidem
1367 1960 1428 1987 qua:
1446 1960 1499 1979 non
1517 1956 1605 1983 erant,
1632 1951 1675 1986 gi-

888 2002 1011 2033 gnuntur
1030 2008 1037 2026 :
1055 1998 1128 2026 Deus
1145 2002 1235 2025 autent
1254 1998 1335 2025 ellicit
1352 2003 1381 2025 ut
1402 2006 1434 2025 ea
1453 2005 1513 2033 quae
1533 2005 1588 2024 non
1613 2001 1678 2025 sunt

889 2046 1026 2073 exsistant
1043 2053 1050 2072 :
1065 2052 1121 2072 non
1138 2044 1198 2080 ipse
1220 2052 1252 2072 ex
1264 2052 1296 2071 eo
1314 2044 1387 2079 quod
1411 2052 1465 2071 non
1488 2047 1531 2071 est
1557 2044 1677 2071 exsistit.

890 2091 993 2118 Idcirco
1022 2089 1124 2118 Paulus
1152 2098 1261 2125 quoque
1289 2098 1351 2117 eum
1382 2090 1557 2124 splendorem
1584 2089 1680 2124 gloria:

890 2138 1012 2166 nominat
1022 2135 1043 2170 ³,
1069 2141 1099 2164 ut
1128 2136 1286 2168 doceamur,
1302 2135 1375 2171 quod
1395 2136 1466 2163 sicut
1479 2135 1569 2162 lumen
1587 2135 1620 2162 de
1639 2135 1680 2162 lu-

891 2191 971 2211 cerna
988 2187 1016 2211 et
1032 2191 1064 2210 ex
1081 2186 1180 2210 natura
1198 2182 1289 2209 lumen
1309 2181 1417 2209 edentis
1438 2186 1489 2213 est,
1506 2185 1532 2208 et
1549 2189 1601 2207 una
1618 2188 1679 2207 cum

858 2242 878 2269 υ
892 2228 937 2255 illa
957 2231 999 2255 est
1016 2227 1110 2263 (simul
1125 2227 1198 2254 enim
1219 2230 1300 2261 atque
1315 2226 1429 2254 emicuit
1447 2226 1570 2256 lucerna,
1589 2225 1682 2252 lumen

892 2281 1002 2309 quoque
1026 2273 1099 2308 quod
1117 2273 1149 2299 ab
1166 2279 1198 2299 ea
1219 2271 1327 2299 exsistit
1355 2271 1458 2306 pariter
1483 2270 1616 2305 eﬂ'ulget),
1645 2270 1683 2297 ita

893 2322 937 2348 hic
953 2328 1062 2356 quoque
1077 2320 1154 2354 jubet
1173 2319 1320 2353 Apostolus
1341 2317 1495 2352 intelligere
1512 2320 1585 2352 quod
1608 2321 1636 2344 et
1650 2324 1684 2344 ex

895 2367 973 2394 Patre
988 2368 1025 2394 sit
1037 2365 1133 2397 Filius,
1146 2369 1172 2393 et
1184 2365 1288 2399 absque
1300 2363 1369 2390 Filio
1382 2371 1521 2398 nunquam
1538 2364 1573 2390 sit
1585 2362 1683 2389 Pater:

897 2421 956 2440 nam
968 2413 1025 2441 ﬁeri
1041 2421 1093 2439 non
1108 2415 1207 2447 potest,
1221 2415 1249 2438 ut
1262 2409 1347 2445 gloria
1363 2409 1398 2437 sit
1410 2409 1514 2444 absque
1528 2408 1685 2443 splendore,

896 2459 1126 2496 quemadmodum
1151 2457 1209 2484 ﬁeri
1233 2464 1288 2483 non
1306 2461 1405 2491 potest,
1426 2459 1455 2483 ut
1473 2456 1576 2490 absque
1594 2455 1687 2489 splen-

897 2506 963 2534 dore
979 2505 1091 2532 lucerua
1105 2503 1150 2531 sit.
1168 2501 1342 2529 Manifestum
1354 2505 1396 2528 est
1412 2505 1501 2529 autem
1516 2501 1587 2535 quod
1605 2500 1687 2527 sicuti

899 2550 1073 2587 splendorem
1101 2556 1175 2580 esse,
1201 2546 1390 2575 testimonium
1415 2551 1458 2574 est
1475 2547 1535 2580 ejus
1561 2546 1633 2580 quod
1661 2546 1688 2572 in

899 2597 985 2634 gloria
1004 2600 1047 2624 est
1061 2595 1094 2630 (si
1108 2595 1180 2622 enim
1198 2601 1252 2621 non
1269 2593 1305 2621 sit
1318 2593 1416 2629 gloria,
1433 2601 1486 2619 non
1503 2591 1585 2618 fuerit
1606 2592 1629 2618 is
1643 2591 1689 2626 qui

900 2646 934 2671 ab
952 2644 1004 2671 hac
1020 2643 1111 2670 editur
1139 2641 1291 2677 splendor),
1317 2642 1354 2668 ita
1380 2641 1402 2668 si
1430 2639 1492 2674 quis
1515 2639 1587 2666 dicat
1615 2638 1687 2673 quod

884 2689 969 2724 gloria
1005 2693 1088 2720 esset,
1115 2695 1177 2714 cum
1204 2694 1259 2714 non
1280 2690 1354 2714 esset
1372 2685 1517 2721 splendor;
1538 2685 1595 2712 ﬁeri
1617 2684 1690 2712 enim

33 2745 101 2766 non
128 2738 234 2770 potest,
260 2738 289 2760 ut
318 2734 405 2769 gloria
434 2734 470 2761 sit
500 2733 604 2768 absque
625 2734 781 2769 splendore.
815 2734 849 2762 Ut
870 2736 953 2771 igitur
986 2736 1020 2763 de
1053 2735 1199 2770 splendore
1215 2734 1268 2761 dici
1292 2741 1345 2761 non
1371 2737 1463 2769 potest
1480 2742 1487 2760 :
1503 2733 1532 2760 Si
1548 2735 1618 2764 erat,
1636 2739 1692 2758 non

32 2786 150 2814 editus
165 2786 218 2814 est,
236 2785 273 2816 et,
285 2781 313 2810 Si
337 2782 429 2810 editus
446 2785 500 2814 est,
515 2788 570 2808 non
586 2786 663 2817 erat;
684 2782 721 2809 ita
737 2790 837 2810 vanum
852 2787 880 2811 et
899 2783 1047 2812 absurdum
1073 2787 1115 2811 est
1139 2782 1196 2810 haec
1218 2781 1252 2810 de
1281 2780 1352 2809 Filio
1375 2781 1476 2813 dicere,
1503 2779 1606 2815 quippe
1629 2785 1692 2808 cum

34 2830 144 2860 Filius
158 2829 191 2856 sit
209 2829 348 2863 splendor.

90 2886 100 2902 ¹
124 2882 184 2912 lsa.
198 2892 271 2919 lux,
285 2885 312 2914 5,
352 2886 361 2901 ¹
373 2883 454 2913 Pror.
470 2891 530 2920 vui,
545 2884 590 2914 2‘2.
629 2883 639 2900 ⁸
654 2883 735 2914 Hebr.
752 2893 773 2920 ι,
787 2885 814 2914 5.
