1891 3076
251 117 306 151 603

874 116 1065 147 EUTIIYMII
1094 116 1274 147 ZlG.\BE.\'I

1820 113 1854 144 εθι

282 181 419 208 (ἓωιετυιη
440 180 486 215 qui
502 179 593 207 minus
611 183 639 207 et
657 179 746 214 majus
766 179 800 207 de
824 179 894 208 Filio
911 185 938 208 et
962 180 1041 208 Patre

1126 180 1156 207 υἱ
1168 179 1195 206 δὲ
1211 180 1242 206 τὸ
1254 179 1414 214 μικρότερον
1430 178 1477 205 κα¹ι
1493 178 1524 205 τὸ
1537 178 1628 214 μεῖζον
1641 177 1687 204 ἐπὶ
1702 177 1748 204 τοῦ
1760 178 1818 205 Tia-3
1826 181 1855 206 χιε

247 226 353 259 dicunt,
369 226 480 253 discant
491 232 507 252 a
527 224 611 252 Paulo
627 233 661 252 ne
677 225 826 253 metiantur
842 233 873 252 ea
888 234 948 261 qua:
961 234 1041 253 nemo

247 275 336 307 potest
357 272 446 299 metiri
468 272 476 287 ⁸
499 279 506 304 ;
523 279 585 298 nam
606 271 756 306 Apostolus
775 271 873 298 Filium
899 272 966 299 dicit
985 272 1042 299 eﬁi~

248 319 316 354 giem
333 325 395 345 esse
409 317 499 345 Patris
511 317 681 345 substantiae.
693 317 807 345 Planum
822 323 863 346 est
874 318 956 354 igitur
970 319 1041 354 quod

249 366 353 398 quanta
379 362 461 390 fuerit
482 363 639 390 substantia
659 362 760 394 Patris,
792 366 869 390 tanta
896 366 940 391 est
959 364 1042 390 etiam

247 408 356 445 efﬁgies
375 408 560 436 substantiae:
580 407 638 435 ﬁeri
655 408 728 435 enim
751 416 804 436 non
823 412 925 443 potest,
945 413 975 436 ut
990 409 1042 436 mi-

249 463 300 483 nor
313 456 349 483 sit
367 455 472 490 efﬁgies
495 463 576 490 quam
595 455 751 483 substantia
766 464 828 491 quae
842 464 890 491 per
903 463 963 484 eam
976 463 1042 484 eon-

250 500 395 528 sideratur.
408 500 480 533 Quin
492 501 574 528 etiam
590 508 707 536 magnus
716 499 836 528 Joannes
852 501 947 529 eadem
963 501 1043 529 docet

249 554 311 575 cum
327 546 406 578 dicit,
425 556 434 572 ι
454 546 483 573 ln
502 546 639 582 principio
655 551 714 574 erat
730 546 861 580 Verbum,
876 551 904 575 et
920 546 1042 575 Verbum

249 598 308 620 erat
335 592 408 627 apud
434 593 518 620 Deum
547 593 567 620 '.
588 602 598 618 ι
625 593 662 620 Ex
680 600 713 620 co
730 601 849 629 namque
867 593 941 628 qttod
962 593 1040 626 dixit,

248 638 322 674 quod
347 638 375 665 in
398 638 535 673 principio
554 642 624 670 erat,
649 643 676 665 ct
699 646 752 666 non
780 643 841 674 post
863 639 1041 674 principium,

249 685 370 713 ostendit
394 685 468 720 quod
483 692 623 720 nunquam
638 685 742 720 absque
765 685 854 712 Verbo
877 685 1042 720 principium

250 736 320 760 erat.
352 731 392 758 Ex
413 739 448 759 eo
474 739 540 758 vero
559 731 633 766 quod
666 732 801 764 ostendit,
827 733 900 767 quod
925 732 1042 759 Verbum

251 777 334 804 etiam
351 780 409 804 erat
425 777 495 811 apud
508 775 602 808 Deum,
618 775 783 810 signiﬁcavit
799 776 872 809 quod
885 775 952 802 mhil
972 775 1043 802 desit

253 823 321 850 Filio
348 823 377 850 in
403 823 608 857 comparatione
632 821 738 854 Patris;
761 829 822 848 cuin
842 826 898 848 toto
925 829 1043 856 namque

252 869 308 896 Deo
334 873 421 896 totum
450 869 534 896 simul
557 868 750 896 consideratur
777 867 906 894 Verbum.
924 867 993 894 Nam
1019 868 1044 896 si

252 914 318 949 quid
346 914 436 942 Verbo
456 914 564 942 deesset
587 913 616 940 in
636 920 687 941 sua
713 913 912 948 magnitudine,
935 917 964 940 ut
987 921 1042 940 non

253 965 346 996 posset
371 960 443 996 apud
470 964 555 988 totum
573 968 635 988 esse
657 959 753 992 Deum,
787 967 903 995 prorsus
931 967 1044 988 necesse

252 1011 329 1035 esset
360 1011 391 1034 ut
417 1007 640 1034 existimaremus
667 1006 772 1041 absque
789 1005 879 1034 Verbo
899 1014 961 1033 esse
982 1000 1042 1033 eam

254 1053 300 1080 Dei
328 1056 444 1088 partem,
462 1059 516 1087 qua
534 1051 623 1079 Verbo
652 1052 778 1087 superior
801 1059 833 1079 ac
850 1051 938 1086 major
959 1055 1041 1078 esset.

253 1098 335 1132 Atqui
349 1105 411 1123 etim
430 1101 485 1123 toto
500 1096 546 1124 Ι)ιὶ
565 1096 707 1131 majestate
721 1095 804 1124 Verbi
817 1096 946 1130 majestas
960 1096 1043 1123 simul

253 1142 453 1170 consideratur.
473 1142 543 1177 Ergo
564 1143 589 1169 in
610 1142 712 1170 divinis
727 1141 860 1169 doctrinis
876 1142 965 1170 locum
987 1149 1043 1169 non

254 1189 346 1221 habet,
362 1193 390 1216 ut
405 1189 448 1215 vel
470 1189 559 1223 majus
573 1189 616 1216 vel
635 1189 726 1216 minus
745 1196 807 1216 esse
823 1188 957 1215 dicamus.
974 1186 1041 1214 Nam

252 1235 300 1270 qui
319 1235 415 1262 dicttnt
434 1234 506 1269 quod
525 1234 644 1269 genitum
663 1243 718 1262 non
735 1235 828 1269 genito
844 1238 942 1261 natura
961 1233 1044 1262 dissi-

253 1281 317 1308 mile
333 1281 378 1311 sit,
391 1283 417 1307 et
429 1280 609 1307 similitudine
620 1284 647 1308 et
662 1281 787 1315 exemplo
800 1280 892 1307 Abelis
905 1283 932 1308 et
947 1279 1044 1306 Adami

253 1326 360 1354 discant
375 1325 448 1352 haud
463 1325 546 1353 stulte
556 1326 690 1360 judicare.
712 1325 816 1353 Etenim
835 1326 921 1353 Adam
935 1333 1044 1360 quoque

254 1371 406 1399 secundum
419 1371 571 1398 naturalem
587 1370 727 1399 hominum
742 1372 911 1399 nativitatem
926 1378 978 1398 non
997 1376 1045 1403 ge-

256 1419 332 1446 nitus
347 1418 396 1445 fuit
413 1418 504 1446 :Abel
519 1425 586 1445 vero
601 1424 634 1444 ex
655 1417 759 1444 Adamo
783 1416 893 1451 genitus
912 1418 965 1442 est.
995 1413 1048 1440 Sed

255 1464 324 1492 nihil
343 1463 483 1499 prohibuit
494 1464 628 1492 Adamum
645 1466 706 1491 em
718 1462 870 1493 hominem.
882 1461 954 1496 quod
969 1460 1047 1495 geni~

257 1515 302 1536 tus
317 1516 370 1537 non
386 1514 465 1542 erat;
482 1515 572 1544 neque
591 1507 723 1536 nativitas
737 1506 849 1535 Abelem
866 1506 939 1533 aliud
955 1513 988 1533 ac
1010 1505 1050 1533 di-

255 1562 366 1583 versum
376 1556 505 1591 quiddam
520 1556 554 1583 ab
571 1555 689 1582 humana
716 1553 833 1582 reddidit
848 1557 968 1587 _natura.
999 1551 1047 1579 sed

257 1607 312 1629 tam
333 1601 379 1630 hic
392 1609 474 1637 quam
485 1601 529 1629 ille
545 1602 628 1629 homo
641 1600 703 1635 fuit,
717 1600 768 1628 etsi
782 1600 831 1628 hic
841 1599 952 1634 quidem
969 1602 1049 1626 natus

255 1654 326 1682 erat,
340 1649 385 1676 ille
397 1656 461 1676 vero
477 1649 580 1683 absque
591 1647 734 1676 nativitale
747 1647 902 1676 exstiterat.

292 1696 378 1730 Igitur
390 1696 418 1723 in
434 1695 536 1723 divinis
547 1695 837 1730 quoquedogmatibus
853 1694 955 1722 nullam
966 1698 1047 1723 natu-

257 1751 295 1770 rte
304 1742 486 1770 differentiam
495 1741 703 1777 elﬁcitgenitum
711 1743 753 1770 vel
769 1749 824 1769 non
839 1742 959 1778 genitum
973 1750 1047 1775 esse,

256 1787 304 1816 sed
318 1787 546 1822 quemadmodum
560 1787 586 1814 in
602 1787 705 1816 Adamo
717 1793 744 1815 et
757 1787 840 1816 Abele
854 1795 908 1815 una
920 1788 1048 1816 humaniv

260 1840 313 1866 tas,
341 1834 398 1861 sive
414 1838 510 1861 natura
534 1833 667 1866 humana,
697 1833 791 1861 eodem
817 1833 898 1861 modo
923 1833 950 1861 in
969 1833 1049 1861 Patre

256 1887 366 1916 quoque
379 1888 412 1908 ac
427 1880 495 1908 Filio
511 1880 610 1914 deitas,
624 1887 670 1908 seu
687 1880 777 1908 divina
802 1885 899 1908 natura
919 1888 971 1907 una
996 1884 1049 1908 est.

256 1938 386 1974 Ejusdem
406 1947 438 1966 ea:
450 1938 572 1966 oratione
587 1938 618 1966 de
636 1937 701 1966 Filii
718 1944 742 1967 et
755 1938 873 1974 Spiritus
900 1938 1049 1966 divinitate.

291 2018 417 2047 Eunomii
446 2016 581 2053 discipuli,
607 2017 703 2051 Filius,
736 2018 874 2054 inquiunt,
904 2018 1048 2054 aliquando

257 2073 310 2094 non
326 2070 394 2093 erat.
416 2064 444 2092 Si
471 2065 555 2092 Filius
572 2073 624 2092 non
646 2069 714 2097 erat,
730 2073 763 2092 ne
777 2065 858 2092 Pater
869 2065 976 2100 quidem
987 2073 1047 2092 om-

255 2113 330 2139 nino.
349 2111 376 2138 Si
389 2111 516 2146 splendor
532 2119 586 2138 non
604 2115 672 2143 erat,
688 2118 724 2138 ne
749 2110 893 2146 splendens
923 2111 1044 2146 quidem.

256 2157 285 2185 Si
309 2158 392 2190 ﬁgura
409 2165 463 2185 non
481 2161 551 2189 erat,
566 2164 600 2184 ne
613 2157 765 2184 subalantia
778 2157 898 2193 quidem.
913 2157 940 2185 Si
951 2161 1047 2192 poten-

256 2204 293 2231 tia
310 2211 362 2230 non
375 2207 446 2234 erat,
461 2203 482 2230 si
500 2203 630 2237 sapientia
646 2208 697 2230 nou
717 2207 785 2235 erat,
801 2203 860 2230 sine
869 2203 968 2237 quibus
993 2209 1044 2230 non

254 2252 296 2275 est
311 2247 393 2281 Deus,
410 2256 442 2275 ne
460 2247 529 2276 Deus
545 2248 652 2282 quidem
668 2252 737 2276 erat.
753 2248 846 2284 Neque
873 2248 946 2276 enim
969 2250 1044 2284 eogi-
1061 2239 1082 2266 D

256 2299 314 2321 tare
330 2301 475 2329 possumus
490 2294 602 2328 gloriatur
618 2294 678 2322 sine
693 2295 844 2329 splendore,
859 2300 905 2322 aut
920 2295 1046 2322 substan-

255 2342 322 2369 tiam
353 2342 411 2368 sine
440 2341 536 2376 ﬁgura,
566 2345 612 2368 aut
638 2342 696 2369 sine
714 2342 848 2377 sapientia
881 2341 1045 2376 sapientem,

254 2387 375 2414 autsine
392 2387 512 2421 potentia
528 2391 676 2421 potentem,
703 2392 750 2414 aut
764 2387 881 2420 denique
907 2388 967 2416 sine
990 2387 1047 2415 ﬁlio

255 2438 370 2464 patrem.
392 2432 430 2459 Ex
447 2433 487 2460 his
500 2433 592 2467 igitur.
607 2441 666 2468 qua-
679 2433 750 2460 dicta
764 2438 837 2465 sunt,
867 2434 1046 2461 demonstra-

254 2482 312 2506 tum
328 2483 379 2511 est,
398 2487 457 2506 eum
474 2480 520 2514 qui
543 2478 641 2506 Filium
658 2479 737 2512 tollit,
754 2484 781 2506 et
796 2479 905 2507 Patrem
940 2479 1044 2508 tollere.

253 2526 305 2554 Ubi
327 2530 416 2553 autem
435 2525 520 2553 Filius
537 2533 590 2553 non
605 2526 714 2558 colitur,
728 2532 777 2552 nec
789 2525 870 2552 Pater
890 2533 950 2553 esse
984 2533 1047 2552 cre-

256 2573 340 2605 ditur,
358 2577 413 2600 tota
433 2572 567 2600 Divinitas
583 2572 718 2600 aufertur.
750 2572 837 2599 Porro
870 2572 1046 2600 Divinitatem

255 2618 363 2646 auferre
380 2619 481 2646 nullius
492 2623 545 2653 est,
564 2619 616 2646 nisi
635 2618 772 2653 Epicurei.
789 2618 866 2646 Patet
883 2626 947 2654 ergo
970 2619 1048 2646 istius

254 2664 390 2700 opinionis
405 2670 531 2692 auctores
550 2672 611 2693 esse
624 2664 783 2700 Epicureos.

508 2721 549 2748 Ea;
564 2722 654 2748 cadent
663 2721 794 2749 oratione.

290 2768 444 2796 Sententias
462 2769 591 2803 quasdam
610 2769 772 2796 abscindunt
786 2777 800 2796 ο
816 2768 967 2804 Scriptura,
981 2777 1049 2804 quas

255 2814 472 2850 imperitioribus
482 2815 624 2850 objicient.
643 2815 739 2842 Dicunt
761 2817 845 2850 enim,
866 2816 953 2852 ipsum
991 2816 1045 2844 De-

292 2883 301 2898 '
320 2883 401 2912 Rom.
416 2884 512 2918 1.1.51.
552 2885 561 2901 '
579 2885 658 2915 Joan.
675 2893 694 2918 ι.
709 2886 734 2915 1.

1091 225 1138 252 τοῦ
1153 225 1259 261 Πατρὺς
1272 225 1408 259 λέγοντες,
1425 225 1629 260 διδαχθήτωσαν
1651 225 1729 259 παρὰ
1751 225 1794 250 τοῦ
1807 225 1856 251 Παί-

1091 272 1137 298 λου
1154 272 1191 307 μὴ
1206 273 1315 307 μετρεῖν
1330 272 1364 298 τὰ
1377 271 1537 307 ἁμέτρητα·
1560 272 1574 298 6
1589 271 1643 307 γὰρ
1663 271 1818 303 Ἀπόστολος
1828 272 1857 298 τὶν

1093 319 1156 346 TUM
1172 319 1336 354 χαρακτῆρα
1348 318 1424 352 λέγει
1446 317 1496 353 τῆς
1510 317 1557 344 τοῦ
1572 317 1678 353 Πατρδς
1699 318 1858 348 ὑποστάσεως.

1093 365 1176 402 Δῆλον
1191 363 1237 392 οὗν
1251 365 1291 391 ὅτι
1356 365 1406 400 ὅση
1421 364 1453 391 ἂν
1467 364 1484 399 ἡ
1501 364 1647 395 ὑπόστασις
1704 363 1750 389 τοῦ
1768 363 1858 399 “utr/1;,

1094 410 1222 441 τοσοῦτος
1236 410 1281 437 καὶ
1293 410 1307 436 6
1320 410 1463 446 χαρακτήρ
1471 410 1528 436 ἔστι
1537 410 1586 444 τῆς
1596 409 1781 441 ὑποστάσεως
1791 410 1816 435 οὐ
1825 410 1859 444 γὰρ
1878 409 1879 417 ³

1096 456 1233 492 ἐνδέχεται
1250 454 1319 482 εἶναι
1336 455 1498 491 μικρότερον
1519 455 1564 482 τὸν
1584 456 1747 491 χαρακτῆρα
1764 457 1808 490 τῆς
1817 455 1859 481 θεν

1097 503 1231 538 ρουμένης
1247 503 1276 528 ὲν
1290 501 1364 536 αὐτῷ
1380 501 1564 532 ὑποστάσεως.
1596 500 1677 526 Ἀλλὰ
1700 501 1747 527 καὶ
1769 501 1782 526 6
1800 501 1860 535 μέγας

1102 547 1228 583 Ἰωάννης
1253 547 1340 574 ταῦτα
1366 546 1486 573 διδάσκει
1514 546 1610 580 λέγων,
1646 554 1656 570 ‹
1674 545 1720 571 Ἐν
1734 546 1800 580 ἀρχῇ
1813 543 1860 580 ἧνὸ
1878 547 1879 581 l

1096 593 1193 627 Λόγος,
1210 593 1257 620 καὶ
1274 594 1287 619 6
1302 592 1387 626 Λόγος
1400 590 1433 627 ἦν
1452 591 1520 627 πρὸς
1535 591 1580 618 τὴν
1593 591 1669 618 Θεόν.
1687 600 1696 616 ι
1717 591 1764 617 Ἐκ
1775 591 1821 625 γὰρ
1830 590 1861 616 τώ

1096 640 1194 670 εἰπεῖν,
1210 640 1251 666 ὅτι
1270 648 1278 664 ι
1293 639 1321 669 ἐν
1342 639 1411 674 ἀρχῇ
1427 636 1490 673 ἦν,ι
1515 638 1561 665 καὶ
1577 638 1606 664 οὔ
1634 637 1707 673 μετὰ
1725 638 1773 671 τὴν
1789 637 1860 671 ἀρίῆκ.

1096 685 1196 717 ἔδειξεν
1216 686 1257 711 ὅτι
1278 686 1407 712 οὐδέποτε
1431 685 1525 718 ἄλογος
1546 682 1612 720 ἧνή
1636 685 1719 720 ἀρχή.
1742 684 1787 710 Ἐκ
1799 684 1860 710 δὲτῴ

1097 731 1236 763 ἀποδεῖξαι
1247 731 1287 757 ὅτι
1303 732 1349 758 καὶ
1362 732 1376 758 6
1389 731 1474 765 Λόγος
1486 728 1520 765 ἦν
1533 730 1600 765 πρὸς
1617 731 1663 756 τὸν
1676 730 1755 760 Θεὸν,
1769 730 1796 756 τὸ
1810 729 1862 755 ἀνελ-

1104 774 1180 806 λιπὲς
1201 774 1248 801 τοῦ
1264 774 1329 801 Υἱοῦ
1349 773 1387 806 ὡς
1400 773 1468 809 πρὸς
1485 774 1530 798 τὸν
1545 772 1653 807 Πατέρα
1669 773 1812 808 ἐσήμανεν,
1830 773 1863 806 aq.

1063 830 1080 856 Β
1103 821 1156 856 γὰρ
1172 820 1211 856 τῷ
1224 819 1283 855 Θεῷ
1297 819 1365 851 ὅλως
1377 818 1567 853 ωνθεωρεῖται
1578 819 1592 845 6
1609 818 1706 852 Λόγος.
1735 818 1766 845 Εἰ
1782 817 1865 852 719:1-

1104 866 1184 901 λιπὴς
1200 863 1234 901 ἦν
1250 867 1279 892 ὲν
1295 865 1334 900 τῷ
1346 865 1403 900 ἰδίῳ
1418 864 1553 899 μεγέθειό
1572 863 1668 897 Λόγος,
1684 863 1755 890 ὥστε
1770 864 1804 899 μὴ
1813 863 1866 889 δύνε-

1105 912 1166 938 σθαι
1180 912 1248 948 πρὸς
1263 911 1323 938 ὅλον
1343 911 1388 937 τὸν
1405 910 1470 936 Θεδν
1485 907 1554 936 εἶναι
1564 929 1571 942 ,
1589 910 1697 944 ἀνάγκη
1713 910 1787 936 πᾶσα
1798 909 1866 940 atrior

1103 956 1172 985 εῖναι
1191 957 1238 984 τοῦ
1261 956 1329 984 Θεοῦ
1351 956 1471 992 νομίζειν
1494 955 1525 982 τὸ
1546 955 1719 990 ὑπερπίπτον
1734 954 1780 981 τοῦ
1795 954 1866 987 Λὸγτια.

1109 1003 1190 1030 Ἀλλὰ
1203 1004 1256 1039 μὴν
1272 1004 1345 1038 πάσῃ
1359 1002 1407 1029 τοῦ
1428 1002 1496 1028 Θεοῦ
1513 1001 1705 1037 μεγαλειότητι
1722 1001 1739 1036 ή
1751 999 1795 1026 τοῦ
1808 1001 1866 1031 Λὸζῖι

1106 1048 1282 1084 μεγαλειότης
1302 1047 1505 1082 συνθεωρεῖται.
1532 1047 1603 1082 Ἀρσ.
1616 1046 1666 1072 οὑκ
1679 1046 1737 1081 ἔχει
1750 1045 1866 1080 χώρα-ἀεὶ

1104 1094 1157 1121 τῶν
1170 1093 1249 1120 θείων
1266 1094 1408 1128 δογμάτων
1429 1093 1459 1118 τὺ
1476 1092 1565 1128 μεῖζον
1580 1092 1669 1126 λέγειν
1688 1092 1737 1118 καὶ
1758 1091 1787 1117 τδ
1800 1089 1867 1125 unfri-

1103 1147 1193 1175 τερον.
1211 1139 1243 1166 Οἱ
1257 1139 1285 1165 δὲ
1305 1139 1428 1172 λέγοντες
1447 1139 1477 1164 τὸ
1493 1137 1622 1173 γεννητὸν
1646 1136 1685 1172 τῷ
1704 1137 1832 1172 ἀγεννήτεμ
1843 1133 1867 1161 εἴ·

1105 1194 1150 1213 ναι
1165 1185 1236 1213 κατὰ
1250 1185 1299 1220 τὴν
1311 1185 1391 1219 φύσιν
1412 1184 1547 1220 ἀνόμοιον,
1567 1183 1774 1219 διδαχθήτωσαν
1787 1183 1818 1218 μὴ
1832 1190 1867 1216 μω-

1106 1232 1207 1268 ραίνειν
1220 1233 1252 1258 ὲκ
1264 1231 1311 1257 τοῦ
1325 1230 1395 1258 κατὰ
1409 1230 1455 1257 τὸν
1471 1230 1554 1257 Ἀὗελ
1566 1231 1613 1256 καὶ
1629 1229 1675 1256 τὸν
1699 1230 1785 1264 Ἀδὰμ
1796 1227 1869 1255 ὑποδέξ-

1105 1285 1218 1313 γματος.
1237 1278 1293 1303 Καὶ
1308 1277 1362 1312 γὰρ
1373 1277 1419 1303 καὶ
1435 1277 1449 1302 6
1465 1276 1551 1311 Ἀδὰμ.
1568 1277 1636 1302 κατὰ
1650 1276 1701 1308 τὴν
1717 1275 1826 1311 φυσικὴν
1836 1273 1869 1299 τὶν

1103 1323 1257 1359 ἀνθρώπων
1274 1324 1405 1359 γέννησιν
1430 1324 1482 1351 οὐκ
1502 1324 1651 1359 ἐγεννήθη·
1670 1325 1683 1351 ό
1708 1325 1738 1351 δὲ
1758 1325 1831 1352 Ἅϐελ
1849 1326 1868 1350 ἐι

1101 1370 1150 1397 τοῦ
1172 1371 1259 1406 ’Δδὰμ
1273 1371 1419 1406 ἐγεννήθη.
1446 1370 1531 1398 οὐδὲν
1547 1371 1575 1398 δὲ
1595 1371 1723 1398 ἐκώλυσε
1739 1372 1784 1399 τὸν
1805 1371 1868 1401 Ἀδὰμ

1101 1417 1132 1444 τὸ
1155 1417 1193 1453 μὴ
1213 1417 1378 1452 γεννηθῆναι
1404 1418 1474 1452 πρὸς
1488 1417 1518 1444 τὸ
1534 1417 1679 1453 ἄνθρωπον
1694 1416 1784 1444 εἶναι·
1799 1418 1868 1451 οΜὲῄ

1064 1467 1085 1496 C
1102 1463 1229 1499 γέννησις
1245 1464 1291 1490 τὸν
1310 1463 1393 1490 Ἀσελ
1417 1464 1483 1490 ἄλλο
1500 1473 1526 1490 τι
1543 1464 1619 1499 παρὰ
1640 1464 1691 1499 τὴν
1720 1464 1868 1500 ἀνθρωπέην

1102 1509 1185 1543 φύσιν
1199 1509 1339 1544 ἐποίησεν,
1353 1509 1422 1536 ἀλλὰ
1437 1509 1484 1536 καὶ
1497 1505 1575 1540 οὗτος
1590 1509 1739 1545 ἅνθρωπος
1757 1510 1866 1539 κάκεῖνος,

1102 1555 1126 1582 εἰ
1141 1555 1187 1581 καὶ
1199 1555 1212 1581 6
1226 1555 1274 1590 μὲν
1290 1555 1433 1590 γεννηθεὶς
1446 1553 1492 1591 ἦν,
1508 1555 1522 1581 6
1536 1555 1565 1582 δὲ
1581 1555 1642 1590 δίχα
1657 1557 1822 1593 γεννήσεως.

1137 1698 1211 1732 ’Δρα
1229 1697 1275 1723 καὶ
1293 1697 1339 1723 ἐπὶ
1357 1697 1411 1724 τῶν
1430 1698 1511 1724 Θεῐων
1529 1697 1674 1732 δογμάτων
1692 1699 1726 1724 τὸ
1745 1698 1783 1735 μὴ
1797 1707 1868 1733 γεννη-

1099 1743 1178 1778 οῆναι
1199 1743 1247 1770 καὶ
1269 1743 1300 1770 τὸ
1317 1744 1479 1779 γεννηθῆναι
1496 1745 1628 1779 διαφορὰν
1642 1744 1692 1770 οὐκ
1712 1745 1866 1780 ἐξεργάζετῖι

1099 1790 1219 1824 φύσεως,
1242 1790 1301 1819 ἀλλ’
1314 1790 1410 1827 ὥσπερ
1431 1792 1476 1818 ἐπὶ
1499 1791 1545 1818 τοῦ
1566 1792 1652 1826 ’Δδὰμ
1667 1793 1717 1818 καὶ
1739 1793 1786 1819 τοῦ
1807 1791 1867 1818 ’Δίεί

1100 1836 1282 1873 ἁνθρωπότης
1298 1838 1358 1873 μία,
1373 1837 1445 1865 οὕτω
1456 1831 1504 1865 καὶ
1516 1838 1562 1865 ἐπὶ
1581 1839 1629 1865 τοῦ
1642 1839 1754 1874 Harpe;
1777 1840 1821 1865 καὶ
1837 1830 1879 1874 ἐπῇ

1100 1883 1147 1910 τοῦ
1160 1884 1226 1911 Υἱοῦ
1244 1885 1341 1920 θεότης
1356 1885 1416 1920 μὶα.

1101 1940 1158 1968 Τοῦ
1177 1941 1272 1968 αὐτοῦ
1287 1941 1322 1968 ἐκ
1337 1941 1389 1968 τοῦ
1404 1942 1497 1978 λόγου
1513 1942 1566 1970 τοῦ
1579 1943 1646 1978 περὶ
1663 1944 1807 1978 θεότητος
1820 1941 1868 1969 Titi

1364 1977 1412 2004 καὶ
1439 1977 1623 2012 Πγεύματοςζ

1131 2022 1267 2056 Λέγουσιν
1283 2022 1309 2048 οι
1326 2023 1393 2058 περὶ
1412 2023 1459 2050 τὸν
1476 2024 1621 2058 Εὐνόμιον,
1637 2024 1680 2051 ὅτι
1702 2026 1718 2051 6
1739 2025 1804 2057 Υἱός
1825 2031 1868 2050 ποτε

1095 2069 1147 2095 οὐκ
1163 2066 1208 2104 ἦν.
1225 2069 1254 2095 Εἰ
1266 2069 1316 2096 οὒκ
1329 2067 1363 2104 ἦν
1382 2069 1396 2096 6
1412 2069 1486 2102 Υἱὸς,
1503 2069 1613 2102 πάντως
1629 2071 1690 2098 οὐδὲ
1707 2073 1721 2098 ὁ
1741 2072 1831 2106 Πατὴρ
1840 2068 1869 2104 ἣν.

1096 2116 1128 2142 Εἰ
1143 2115 1194 2142 οὐκ
1206 2113 1240 2151 ἦν
1259 2115 1272 2142 6
1287 2116 1442 2152 χαρακτὴρ,
1457 2117 1518 2144 οὐδὲ
1535 2118 1551 2152 ἡ
1565 2117 1719 2150 ὑπόστασις
1732 2116 1778 2154 ἦν.
1795 2119 1823 2145 Εἰ
1837 2118 1870 2142 oi:

1096 2159 1130 2197 ἦν
1147 2162 1176 2188 τὺ
1192 2161 1374 2197 απαύγασμα,
1400 2163 1462 2190 οὐδὲ
1483 2163 1514 2189 τὸ
1540 2164 1707 2198 ἀπαυγάζον
1725 2163 1772 2200 ἦν.
1794 2165 1822 2191 Εἰ
1836 2164 1869 2189 n31

1096 2206 1130 2244 ἦν
1150 2208 1277 2244 δύναμις,
1301 2210 1326 2236 et
1344 2211 1394 2236 οὐκ
1424 2207 1459 2246 ἦν
1480 2210 1572 2245 σοφία,
1596 2208 1636 2238 ὧν
1661 2211 1730 2238 ἄνευ
1749 2213 1814 2244 θεὸς
1836 2212 1869 2236 ei:

1096 2255 1182 2288 ἐστιν,
1200 2255 1261 2283 οὐδὲ
1290 2255 1356 2288 Θεὸς
1372 2255 1417 2292 ἦν.
1433 2257 1472 2283 Οὐ
1494 2257 1551 2293 γὰρ
1575 2257 1652 2285 ἐστιν
1667 2259 1799 2294 ἐννοῆσαι
1814 2258 1868 2289 δέξιν

1096 2301 1220 2337 ἀλαμπῆ,
1233 2301 1250 2336 ἢ
1265 2302 1414 2330 ὑπόστασιν
1426 2304 1677 2339 ὰχαρακτήριστον,
1687 2305 1704 2340 ἢ
1720 2306 1788 2332 ἄνευ
1799 2305 1868 2339 σοφὰς

1097 2349 1189 2384 σοφὸν,
1206 2350 1300 2385 ἣᾶνευ
1317 2351 1460 2385 δυνάμεως
1476 2351 1603 2386 δύναμιν,
1619 2352 1636 2388 ἢ
1655 2353 1763 2380 atrati}:
1777 2353 1867 2384 πατέρ-ι.

1097 2395 1204 2423 Οὐκοῦν
1219 2397 1411 2424 ἀποδέδεικται
1431 2397 1477 2424 διὰ
1501 2397 1556 2424 τῶν
1572 2399 1743 2434 εἰρημένων,
1760 2401 1802 2426 ὅτι
1817 2399 1828 2424 ὸ
1841 2397 1867 2422 τὶι

1097 2442 1160 2468 Υἱὺν
1175 2442 1282 2470 ἀθετῶν
1305 2444 1451 2470 συναθετεῖ
1470 2445 1518 2471 καὶ
1541 2444 1587 2471 τὸν
1610 2445 1740 2480 Πατέρα.
1759 2447 1840 2472 Ὀποι

1095 2488 1158 2516 οὔτε
1167 2490 1180 2515 6
1193 2489 1256 2521 Υἱὸς
1267 2490 1420 2523 δοξάζεται,
1431 2491 1493 2517 οὔτε
1504 2493 1517 2518 ὀ
1527 2492 1623 2527 Πατὴρ
1634 2490 1706 2518 εῖναι
1720 2492 1868 2519 mets-352:1.

1097 2536 1212 2564 καθόλου
1225 2538 1242 2572 ἡ
1254 2537 1350 2573 θεότης
1361 2538 1491 2573 ὴθέωται.
1505 2539 1541 2564 Τὸ
1552 2539 1580 2565 δὲ
1590 2539 1698 2565 ἀθετεῖν
1713 2539 1766 2575 τὴν
1779 2539 1867 2570 05671:?-

1097 2583 1204 2616 οὐδενὸς
1218 2585 1299 2612 ἄλλου
1329 2585 1345 2620 ἢ
1375 2585 1540 2621 Ἐπικούρου
1565 2587 1651 2613 ἐστίν.
1678 2587 1788 2613 Οὐκοῦν
1813 2585 1867 2611 Ἐπι-

1098 2630 1221 2666 κούρειοι
1237 2632 1262 2658 oi
1284 2632 1332 2660 νῦν
1356 2633 1542 2669 δογματισταὶ
1562 2634 1611 2669 τῆς
1635 2634 1771 2666 ἁσεσείας
1789 2634 1868 2660 ἀνεπε-

1098 2678 1226 2713 φήνασιν.

1318 2726 1368 2753 Ἐκ
1389 2726 1443 2753 τοῦ
1460 2726 1554 2754 αὐτοῦ
1573 2728 1678 2762 λόγου.

1134 2771 1217 2803 de;
1241 2772 1335 2807 ῥήσεις
1362 2773 1395 2799 ἐκ
1421 2773 1472 2807 τῆς
1499 2773 1613 2808 Γραφῆς
1625 2774 1868 2810 ἀποσπαρᾶσποντες

1099 2818 1156 2852 τοῖς
1173 2818 1300 2855 ἀνοήτοις
1315 2819 1515 2856 προτείνονται,
1530 2821 1579 2847 καί
1595 2830 1678 2855 φασιν
1699 2822 1784 2848 αὐτὸν
1798 2818 1868 2855 ὑμῶν·
