1891 3076
12 133 25 163 3

14 192 53 221 ἵν,
67 190 116 219 καὶ
129 191 224 219 τοῦτον
238 195 470 231 πεπερατωμένον
482 205 489 212 ·
503 198 567 225 ὅταν
579 199 608 225 δὲ
623 200 687 235 περὶ
701 199 768 227 θεοῦ
784 208 806 236 Α

12 237 89 272 θείη,
104 239 134 265 τὸ
150 239 235 266 ἀΐδιον
250 240 390 275 ἐμφαίνει.

462 138 652 170 PANOPLIA
674 139 907 172 DOGMATICA.
925 154 957 159 —
975 142 1051 173 TIT.
1069 143 1124 173 XI.

1555 143 1608 175 610

823 205 875 233 tur,
886 201 991 229 instans
1007 202 1138 228 duntaxat
1152 205 1259 236 tempus
1272 201 1417 236 signiﬁcat.
1432 209 1490 228 cum
1517 205 1607 228 autem

824 247 856 273 de
873 247 926 273 Deo
938 247 1117 274 aeternitatem
1148 247 1278 279 declarat,
1294 247 1333 274 sic
1349 250 1375 273 ct
1390 245 1465 276 illud,
1483 245 1559 277 Erat,
1583 244 1608 271 si

24 290 150 313 naturam
170 292 292 316 nostram
310 289 454 325 referatur,
478 297 586 328 tempus
619 295 784 329 praeteritum
806 295 887 331 idque
916 295 1090 323 terminatum
1106 295 1232 329 ostendit,
1249 296 1290 323 sin
1310 295 1442 322 referatur
1456 294 1489 321 ad
1514 293 1609 326 Deum,

12 333 166 362 ernitatem.

150 381 200 408 Ἐκ
216 382 272 416 τῆς
288 385 383 419 αὐτῆς
401 387 598 422 ἀκολουθίας.

12 426 75 458 Ναὶ,
96 428 194 462 φησὶν,
217 429 274 455 ἀλλ’
287 431 301 456 ὁ
321 433 424 467 Πέτρος
442 433 503 460 εἷπε
524 435 602 463 τοῦτο
616 437 710 472 σαφῶς
723 439 770 466 καὶ

12 473 137 508 ,ῥρήδην.
153 475 218 507 Ποῦ,
236 477 283 503 καὶ
298 478 380 511 πότες
394 480 481 508 ’Όταν
496 481 634 514 Ἰουδαίοις
649 484 771 519 διαλεγό-

12 528 56 550 to;
73 520 177 554 ἔλεγεν,
193 523 354 559 ὄτιΚύριον
369 527 463 554 αὐτὸν
471 529 519 555 καὶ
530 530 658 563 Χριστὸν
673 533 689 558 ὁ
699 531 771 565 Θεὸς

12 566 113 597 ulnas.
127 566 158 593 Τί
172 567 218 594 οὖν
232 571 280 595 καὶ
292 570 322 596 τὸ
334 571 398 606 ἑξῆς
409 573 440 599 οὐ
452 574 639 609 προσέθηκας,
648 577 688 603 ὅτι
703 577 772 605 Τοῦ-

12 620 25 636 ι·
37 613 93 639 τὸν
101 613 222 646 Ἰησοῦν
230 614 266 641 ὃν
273 616 358 650 ὑμεῖς
366 618 578 653 ἐσταυρώσατε
586 629 596 653 ;
606 622 641 648 Ἢ
650 623 770 657 ἀγνοεῖς,

12 677 14 683 ,
28 658 85 684 τῶν
101 658 255 695 λεγομένων
268 661 303 688 τὰ
321 663 370 697 μὲν
383 665 432 699 τῆς
446 665 587 702 ἀκηράτου
603 668 722 702 φύσεως,
737 671 772 697 τὰ

15 704 67 739 τῆς
82 707 344 743 οἰκονομίαςὲστίνς
360 711 391 737 Εἰ
404 711 432 738 δὲ
448 714 485 748 μὴ
499 713 584 747 ἐστιν,
599 715 669 742 ἀλλὰ
682 716 771 744 πάντα

13 750 71 782 λῶς
87 752 135 778 ἐπὶ
150 753 199 788 τῆς
216 754 343 789 θεότητος
359 757 473 793 ὲκδέεῃ,
501 761 547 786 καὶ
565 761 686 797 παθητὸν
712 764 771 790 εἰσ..

12 805 52 828 εις
66 798 96 824 τὸ
107 799 194 826 Θεῖον.
206 801 235 827 Εἰ
247 801 275 827 δὲ
285 801 323 837 μὴ
331 803 465 838 παθητὸν,
475 805 535 832 οὐδὲ
543 808 666 842 ποιητόν.
677 809 707 835 El
721 809 772 843 μὲν

12 851 26 894 ρ
42 844 77 870 ὲκ
88 844 138 879 τῆς
156 844 229 894 θείας
243 847 325 894 αὑτοῦ
340 850 387 875 καὶ
401 849 524 886 ἀρρήτου
537 852 645 886 φύσεως
658 853 687 880 τὸ
700 852 770 890 αἷμα
786 864 808 894 Β

12 890 103 922 ﬂauas,
123 892 170 917 καὶ
191 892 253 919 ἀντὶ
274 894 324 928 τῆς
344 896 446 931 σαρκὸς
466 897 535 933 αὐτὴ
556 899 613 930 τοῖς
633 900 704 927 κατὰ
723 901 770 928 τὴν

12 936 95 969 ιυρὸν
110 936 186 971 ἣλοις
203 938 324 974 διῃρεῖτο
339 941 388 968 καὶ
414 943 554 977 ἐτέμνετο,
571 944 650 978 λόγον
665 945 698 972 ἂν
713 945 770 981 εἷχέ

12 992 22 1007 J
49 983 123 1009 κατᾶ
146 983 226 1011 τοῦτο
249 986 280 1012 τὸ
305 987 437 1023 σόφισμα.
460 989 492 1016 El
515 990 543 1017 δὲ
567 991 647 1018 τοῦτο
669 992 723 1020 οὐδ’
738 993 771 1020 ἂν

12 1026 58 1059 τὸς
77 1028 91 1053 ὀ
106 1028 229 1062 διάὸολος
248 1030 456 1068 βλασφημήσας
467 1053 474 1067 ,
492 1035 564 1067 τίνος
581 1036 675 1064 ἕνεκεν
689 1039 771 1071 αὐτὸς

12 1075 86 1100 νοεῖν
103 1078 251 1112 προσποιῇ,
269 1078 463 1113 ἁσύγγνωστον
479 1080 566 1114 οὕτως
577 1083 705 1116 ἄγνοιαν,
725 1085 772 1112 καὶ

27 1120 134 1148 οὐδ’ἂν
153 1122 178 1148 oi
200 1123 328 1158 δαίμονες
350 1126 549 1162 ὑπεκρίναντο;
565 1130 669 1162 Ἄλλως
691 1139 721 1157 τε
742 1132 772 1157 τὺ

12 1175 87 1200 πριος
96 1169 145 1195 Ital
154 1169 283 1203 Χριστὸς
297 1171 348 1198 οὐκ
362 1173 437 1199 ἐστιν
451 1174 557 1206 οὐσίας,
574 1174 631 1201 ἀλλ’
643 1175 766 1210 ἀξιώμα-

12 1222 28 1243 ῑ.
43 1215 82 1240 Τὸ
97 1215 147 1250 μὲν
161 1216 214 1252 γὰρ
227 1218 275 1252 τῆς
289 1218 414 1251 ἔξουσίας
427 1220 498 1252 ἐστὶ,
512 1221 542 1247 τὺ
556 1221 583 1247 δὲ
596 1221 643 1248 τοῦ
657 1222 772 1257 χρισθῆ-

12 1271 27 1287 ;.
48 1261 85 1287 Τί
107 1259 155 1288 οὖν
172 1262 205 1290 ἂν
222 1265 312 1296 εἴποις
333 1266 462 1301 περὶτοῦ
485 1267 549 1294 Υίοϋ
567 1267 613 1294 τοῦ
634 1268 722 1302 Θεοῦ;
743 1269 772 1295 El

12 1315 26 1340 ρ
51 1309 105 1333 καὶ⁵
126 1310 232 1341 κτιστὸς
254 1309 288 1346 ἦν
309 1312 372 1338 καθ’
386 1313 470 1347 ὑμᾶς,
493 1313 571 1340 τοῦτο
591 1315 642 1341 οὐκ
663 1314 695 1341 ἂν
715 1315 772 1350 ἔχοι

15 1363 82 1387 ραν.
99 1355 137 1381 Οὐ
153 1355 207 1391 γὰρ
221 1356 253 1391 δὴ
269 1358 403 1393 πρότερον
419 1359 536 1392 ἐγένετο,
554 1361 601 1386 καὶ
614 1361 676 1387 τότε
692 1361 774 1387 αὑτὸν

12 1401 186 1436 ειροτόνησεν
197 1402 212 1428 ὁ
223 1402 300 1435 Θεὸς,
311 1404 372 1430 οὐδὲ
384 1405 531 1440 ἐπίκτητον
543 1406 600 1441 ἔχει
611 1406 661 1441 τὴν
673 1407 774 1442 ἀρχὴν.

12 1445 43 1472 λὰ
60 1446 144 1480 φύσει
156 1448 203 1474 καὶ
217 1449 399 1484 οὖσιωμένην.
417 1450 585 1486 Ἐρωτηθεὶς
599 1453 665 1487 γὰρ,
682 1453 706 1478 εί
723 1453 772 1488 βα-

12 1493 69 1523 ιεὺς
88 1493 143 1527 Ern,
158 1493 233 1528 Ἐγὼ
252 1496 295 1528 είς
312 1496 401 1523 τοῦτο
415 1497 614 1532 γεγέννημαι,
630 1499 723 1534 φησίν.
745 1499 774 1527 '0

14 1539 135 1574 Πέτρος,
145 1541 182 1570 ὡς
198 1543 263 1577 περί
280 1552 353 1575 τινος
371 1545 617 1580 χειροτονηθέντας,
630 1545 701 1572 οὕτω
713 1547 772 1573 διαι-
786 1538 808 1566 c

12 1594 101 1619 (Stat.
113 1587 180 1620 Περὶ
198 1588 252 1623 γὰρ
267 1592 317 1623 τῆς
334 1590 492 1625 οἰκονομίας
507 1591 521 1617 ὁ
536 1591 616 1624 λόγος
632 1592 706 1627 αὐτῷ
721 1593 774 1619 πάι

12 1641 36 1663 ς.
46 1632 139 1658 Καὶτί
151 1633 300 1669 θαυμάζεις
310 1636 335 1662 εί
345 1636 424 1662 τοῦτο
434 1636 448 1662 ὁ
464 1637 567 1671 Πέτρος
581 1639 664 1672 φησίν
676 1646 683 1671 ;
693 1639 774 1673 Ἀϐη-

12 1677 61 1708 Eat;
76 1678 133 1713 γὰρ
145 1678 336 1714 διαλεγόμενος
347 1681 361 1706 ὁ
373 1681 488 1713 Παῦλος,
501 1682 586 1716 ἄνδρα
600 1682 680 1709 καλεῖ
693 1684 773 1720 μόνον

12 1733 45 1750 ιω
62 1723 164 1758 λέγων’
179 1725 231 1752 Ἐν
243 1727 278 1754 ἀγ
284 1726 331 1760 δρι
346 1724 371 1760 ᾧ
384 1727 475 1761 ὥρισε
488 1729 593 1756 πίστιν
607 1731 774 1765 παρασχὼν

12 1778 86 1802 σιν,
100 1771 282 1806 ἀναστήσας
303 1774 400 1801 αὑτὸν
417 1774 451 1801 ἐκ
475 1775 605 1808 νεκρῶν,
635 1777 682 1803 καὶ
697 1777 774 1804 οὐδὲν

12 1817 38 1852 p‘t
52 1816 108 1851 τῆς
122 1816 169 1843 τοῦ
184 1818 252 1844 Θεοῦ
267 1818 340 1852 λέγει
357 1819 475 1855 μορφῆς,
489 1820 549 1846 οὐδὲ
560 1820 601 1847 ὅτι
613 1821 670 1854 ἴσος
685 1822 772 1858 αὐτῷ,

12 1863 25 1888 Γ
39 1864 88 1889 ὅτι
101 1863 276 1899 ἀπαύγασμα
286 1866 337 1900 τῆς
352 1866 431 1902 δόξης
447 1867 540 1901 αὑτοῦ,
552 1869 676 1900 εἰκότως.
689 1869 773 1896 Οὔπω

12 1917 25 1944 ρ
39 1909 144 1944 καιρὸς
153 1910 255 1938 τούτων
265 1912 318 1938 τῶν
330 1913 461 1948 ῥημάτων
471 1913 516 1950 ἦν.
538 1915 692 1951 Ἀγαπῃτὸν
701 1916 730 1944 δὲ
741 1915 774 1953 ἧν

12 1956 79 1988 τοὺς
97 1957 303 1991 παραδέξασθαι
315 1960 383 1990 τέως
394 1978 401 1991 ,
416 1961 457 1986 ὅτι
471 1960 615 1996 ἄνθωπρός
631 1963 690 1989 ἐστι
702 1983 710 1995 ,
727 1963 775 1990 καὶ

25 2001 148 2036 ἀνέστη.
161 2001 241 2030 Οὕτω
254 2004 302 2030 καὶ
316 2005 397 2037 αὐτὸς
411 2005 425 2030 ὁ
439 2005 557 2040 Χριστὸς
571 2007 695 2042 ἐποίησε,
709 2008 774 2042 παρ’

15 2048 70 2075 καὶ
86 2048 194 2080 Παῦλος
207 2049 312 2084 μαθὼν,
325 2050 397 2077 οὕτω
409 2052 445 2078 τὰ
459 2052 610 2087 πράγματα
625 2055 773 2088 οἰκονομεῖ.

23 2093 88 2128 γὰρ
99 2093 202 2125 εὐθέως
216 2096 282 2130 ἡμῖν
294 2097 392 2123 ἑαυτοῦ
405 2097 454 2132 τὴν
468 2097 584 2133 θεότητα
597 2098 775 2135 ὲξειιάλυψεν,

12 2140 41 2166 ιὰ
61 2140 177 2174 πρῶτον
193 2141 243 2175 μὲν
258 2142 400 2177 ἐνομίζετο
416 2145 576 2180 προφήτης,
594 2145 642 2172 καὶ
656 2147 775 2182 Χριστὸς

12 2186 71 2218 λὼς
92 2185 258 2221 ἄνθρωπος·
276 2188 388 2224 ὕστερον
403 2189 432 2216 δὲ
449 2190 537 2226 ἐφάνη
555 2191 599 2218 διὰ
615 2191 669 2218 τῶν
685 2192 774 2227 ἔργων

12 2240 18 2259 ι
37 2233 100 2259 τῶν
119 2233 252 2268 ῥημάτων
273 2235 351 2262 τοῦτο
370 2237 439 2272 ὅπερ
458 2235 502 2272 ἦν.
523 2238 574 2265 Διὰ
593 2238 674 2265 τοῦτο
693 2240 741 2266 καὶ
760 2241 775 2267 ὁ

12 2287 84 2315 προς
99 2279 130 2305 ἐν
146 2280 216 2315 ἀρχῇ
230 2281 318 2316 τούτῳ
330 2283 466 2318 κέχρηται
480 2283 518 2318 τῷ
531 2284 636 2320 τρόπῳ.
652 2286 707 2312 Καὶ
720 2287 775 2322 γὰρ

12 2326 83 2360 Βτην
100 2325 216 2360 πρώτην
234 2327 302 2362 πρὸς
318 2328 465 2361 Ἰουδαίους
482 2330 648 2365 ἐδημηγόρει
663 2332 712 2367 τὴν
729 2332 776 2367 δη·

12 2371 132 2406 γορίαν.
147 2372 202 2399 Καὶ
215 2373 310 2409 ἐπειδὴ
323 2374 401 2401 οὐδὲν
414 2376 478 2412 περὶ
490 2376 541 2411 τῆς
554 2377 680 2411 θεότητος
692 2377 775 2405 αὐτοῦ

12 2419 64 2453 iet;
86 2417 187 2453 μαθεῖν
202 2420 314 2454 ἴσχυον,
332 2420 377 2447 διὰ
390 2421 470 2448 τοῦτο
484 2423 541 2453 τοϊς
558 2422 622 2457 περὶ
637 2422 686 2458 τῆς
702 2424 776 2450 οἱκο-

12 2465 77 2496 ιίας
99 2464 266 2500 ὲνδιατρίὸει
286 2466 387 2501 λόγοις,
408 2468 453 2494 ἵνα
472 2468 580 2501 τούτοις
599 2470 615 2504 ή
636 2470 704 2505 ἀκοὴ
726 2479 776 2504 γυ·

12 2511 180 2546 ασθείσατῇ
193 2511 274 2548 λοιπῇ
288 2514 488 2550 προοδοποιήσῃ
499 2515 671 2552 διδασκαλίᾳ.
684 2517 740 2543 Καὶ
752 2516 776 2544 ει

12 2556 106 2583 nam
121 2565 163 2588 τις
178 2557 228 2593 τὴν
241 2558 414 2594 δημηγορίαν
429 2561 519 2587 πᾶσαν
532 2561 635 2588 ἄνωθεν
650 2561 774 2595 διελθεῖν,

12 2605 96 2639 aﬂuat
114 2602 195 2630 τοῦτο
214 2605 228 2631 ὃ
249 2605 321 2639 λέγω
341 2606 444 2642 σφόδρα
463 2607 628 2642 διαλάμπον.
649 2609 704 2635 Καὶ
725 2610 779 2644 γὰρ

12 2651 65 2684 ipa.
87 2649 172 2676 αὐτὸν
191 2650 270 2678 καλεῖ
288 2653 336 2679 καὶ
355 2653 448 2684 αὐτὸς,
468 2653 516 2680 καὶ
534 2655 589 2684 τοῖς
605 2654 653 2680 τοῦ
675 2655 780 2686 πάθους

12 2698 23 2723 ι
38 2696 96 2731 τῆς
111 2696 289 2730 ἀναστάσεως
302 2698 351 2724 καὶ
363 2699 422 2730 τοῖς
435 2699 507 2726 κατὰ
521 2699 611 2735 σάρκα
628 2701 780 2735 γεννήσεως

12 2742 151 2777 ῖιατρίῦει
170 2743 270 2777 λόγοις.
290 2745 345 2772 Καὶ
365 2745 471 2777 Παῦλος
489 2746 517 2772 δὲ
536 2746 602 2773 ὅταν
620 2746 704 2783 λέγῃ,
725 2747 781 2774 Τοῦ

12 2789 154 2824 νομένου
169 2789 203 2816 ἐκ
219 2790 393 2826 σπέρματος
409 2791 497 2819 Δασίδ
514 2792 589 2819 κατὰ
604 2792 702 2826 σάρκα
713 2813 720 2825 ,
736 2793 781 2819 οὺ-

12 2849 21 2862 ;
36 2837 142 2870 ἕτερον
156 2836 230 2871 ἡμᾶς
243 2837 377 2871 παιδεύει,
393 2837 449 2864 ἀλλ’
462 2838 478 2874 ἢ
495 2839 535 2865 ὅτι
549 2838 579 2865 τὺ
594 2839 720 2874 εποίησεν
735 2839 782 2866 ani.

1110 391 1153 418 Ea:
1164 392 1254 418 eodem
1272 391 1338 418 loco.

856 437 913 470 Nm,
928 438 977 470 ait,
990 439 1037 466 sed
1054 439 1149 466 Petrus
1160 438 1227 465 dixit
1242 439 1293 465 hoc
1314 437 1392 472 plane
1407 435 1542 470 etpalam.
1559 434 1611 462 Ubi

820 488 847 510 et
858 484 985 518 quando?
999 484 1065 512 Cum
1082 484 1191 511 Judatos
1207 484 1349 517 alloquens
1370 492 1377 510 :
1398 482 1540 509 Dominum
1568 481 1612 514 ip-

820 537 888 563 sum,
905 529 1002 564 inquit,
1017 536 1040 557 et
1061 530 1194 558 Christum
1211 530 1280 557 Deus
1310 529 1371 564 fecit
1388 529 1408 555 '.
1424 528 1480 555 Cur
1503 535 1554 554 non
1584 531 1612 553 et.

821 575 858 606 id,
875 577 945 610 quod
959 577 1054 604 ordine
1064 576 1159 608 .statim
1176 576 1301 610 sequitur
1327 575 1471 607 addidisti,
1504 580 1612 608 nempe,

823 621 902 649 Hum:
917 621 1009 650 hrum
1025 631 1101 657 quem
1123 630 1167 650 vos
1195 622 1365 656 cruci/irini:
1381 622 1391 637 '
1405 621 1416 647 τ
1431 621 1471 647 An
1502 620 1612 654 ignoras

820 675 852 695 ea
885 676 945 703 quae
973 669 1045 696 dicta
1070 673 1135 696 sunt
1169 668 1267 703 partim
1299 668 1331 695 ad
1359 667 1538 694 immortalem
1564 674 1613 693 na-

822 720 922 749 turam,
939 716 1036 750 partim
1053 717 1085 744 ad
1100 717 1229 743 curandae
1252 715 1349 743 salutis
1377 715 1501 742 humana:
1523 713 1613 740 consi-

821 760 885 787 lium
905 760 1057 794 pertinere?
1074 761 1140 794 Quae
1159 761 1180 789 si
1196 768 1274 789 secus
1296 760 1408 791 habent,
1426 764 1452 787 et
1471 765 1497 786 tu
1508 758 1614 793 simpli-

821 806 889 834 citer
901 807 991 834 omnia
1005 807 1090 834 refers
1111 808 1144 835 ad
1162 806 1342 836 divinitatem,
1358 806 1441 833 Deum
1459 805 1539 833 etiam
1557 805 1613 839 pati

823 853 881 885 vis;
909 853 950 880 sin
977 854 1032 887 pati
1061 853 1137 880 illum
1154 860 1247 888 negas,
1262 860 1294 880 ne
1312 852 1413 880 factum
1428 851 1537 886 quidem
1553 858 1615 878 esse

822 899 961 926 concedis.
977 899 1005 926 Si
1018 899 1088 926 enim
1105 907 1139 927 ex
1153 899 1243 925 divina
1256 898 1301 925 illa
1329 901 1435 929 natura,
1465 904 1525 932 qua:
1553 904 1616 923 rer-

822 946 864 973 bis
877 946 1007 981 explicari
1022 953 1075 973 non
1092 950 1192 980 potest,
1209 945 1320 980 sanguis
1334 944 1470 976 (iunxisset,
1499 947 1527 970 et
1556 943 1614 977 ipsa

822 999 871 1026 pro
897 999 981 1019 carne
997 991 1081 1019 clavis
1103 991 1129 1018 in
1161 998 1242 1018 cruce
1270 990 1399 1018 dilaniata
1424 994 1452 1017 et
1477 989 1617 1016 conscissa

821 1042 1105 1071 esset,argumentum
1129 1041 1204 1064 tuum
1222 1037 1273 1064 hoc
1298 1037 1358 1063 loco
1373 1034 1511 1070 probabile
1537 1035 1613 1061 vide-

823 1089 909 1110 retur.
925 1083 1035 1116 Quodsi
1061 1083 1119 1110 haec
1150 1087 1206 1109 tam
1234 1081 1400 1109 exsecranda
1431 1089 1465 1108 ne
1491 1079 1616 1107 diabolus

823 1129 930 1163 quidem
945 1128 1004 1162 ipse
1017 1129 1132 1162 diceret,
1149 1135 1198 1155 cur
1214 1119 1291 1155 istam
1326 1132 1353 1154 lu
1366 1126 1437 1154 nulla
1468 1126 1546 1153 venia
1577 1125 1617 1151 di-

822 1182 902 1208 gnam
919 1175 998 1208 ﬁngis
1022 1175 1213 1209 ignorantiam,
1230 1182 1310 1209 quam
1330 1181 1363 1201 ne
1390 1175 1527 1200 daemones
1553 1172 1616 1206 qui—

823 1221 883 1248 dem
903 1221 954 1255 ipsi
972 1229 1026 1255 pra:
1041 1229 1069 1248 se
1097 1220 1219 1248 ferrent?
1245 1221 1405 1254 Quanquam
1433 1219 1515 1246 verba
1544 1219 1588 1245 illa
1607 1226 1615 1245 :

825 1267 952 1294 Dominus
963 1273 991 1294 et
1007 1267 1140 1300 Christus,
1156 1274 1208 1294 non
1230 1266 1355 1293 essentia}
1370 1270 1445 1296 sunt,
1460 1264 1510 1292 sed
1525 1264 1617 1298 digni-

825 1312 899 1339 tatis.
917 1312 1045 1339 Dominus
1061 1313 1133 1339 enim
1149 1317 1326 1346 potestatem,
1356 1311 1482 1338 Christus
1509 1310 1616 1337 unctio-

825 1364 885 1384 nem
900 1358 1046 1392 signiﬁcat.
1061 1357 1130 1390 Quid
1145 1358 1226 1392 igitur
1242 1358 1315 1383 dices
1329 1356 1362 1383 de
1388 1355 1456 1382 FlllO
1487 1355 1552 1382 Dei?
1585 1354 1615 1381 Si

824 1404 910 1436 enim,
924 1403 1154 1437 quemadmodum
1182 1410 1230 1430 vos
1245 1402 1363 1434 sentitis,
1395 1407 1503 1429 creatus
1531 1406 1615 1433 esset,

826 1451 877 1478 hoc
897 1458 951 1478 non
965 1450 1078 1477 habcret
1099 1450 1200 1477 locum.
1213 1449 1270 1476 Non
1299 1449 1370 1476 enim
1386 1456 1446 1476 eum
1476 1449 1551 1484 prius
1576 1449 1618 1474 fa-

826 1501 896 1529 ctus,
927 1495 1008 1531 elegit
1037 1501 1100 1522 tunc
1141 1496 1222 1522 Deus.
1252 1493 1308 1522 Nec
1344 1493 1522 1521 adventitium
1559 1493 1616 1526 ille,

825 1543 871 1571 sed
898 1550 948 1578 per
987 1548 1113 1569 naturam
1153 1546 1180 1569 et
1219 1541 1364 1569 essentiam
1402 1540 1484 1568 habet
1530 1540 1618 1575 impe-

827 1590 907 1617 rium.
958 1590 1144 1623 interrogatus
1193 1589 1293 1621 enitn,
1339 1596 1373 1616 an
1421 1592 1495 1615 esset
1546 1595 1615 1619 rex.

826 1635 893 1670 Ego,
919 1635 1016 1671 inquit,
1035 1635 1070 1662 ad
1086 1636 1135 1661 hoc
1158 1641 1234 1662 natus
1261 1643 1318 1662 sum
1333 1635 1353 1662 ⁸.
1373 1634 1468 1662 Petrus
1482 1640 1570 1661 autem
1586 1634 1619 1661 de

827 1681 871 1708 illo
889 1687 1016 1716 tanquam
1041 1681 1126 1708 electo
1150 1684 1178 1708 et
1193 1685 1320 1714 cooptato
1337 1681 1417 1709 verba
1450 1680 1524 1707 facit.
1550 1680 1618 1708 Tota

825 1728 897 1754 enim
913 1727 986 1754 illius
1006 1727 1094 1754 oratio
1113 1727 1144 1753 ad
1166 1726 1354 1760 explicandum
1383 1726 1503 1753 divinum
1524 1727 1621 1754 salutis

825 1773 950 1800 humanae
964 1773 1108 1800 consilium
1127 1773 1253 1806 pertinet.
1273 1771 1331 1798 Jam
1348 1771 1412 1806 quid
1430 1772 1538 1798 miraris
1569 1771 1620 1798 Pe-

827 1823 896 1845 trum
934 1819 970 1846 ita
1007 1819 1090 1853 loqui,
1128 1826 1189 1845 cum
1222 1817 1319 1844 Paulus
1355 1817 1494 1852 alloquens
1535 1817 1620 1844 Athe-

826 1867 934 1893 nienses
967 1873 1030 1893 emn
1053 1866 1191 1893 hominem
1230 1866 1317 1892 solum
1340 1865 1476 1900 appellet:
1504 1864 1536 1891 In
1553 1865 1619 1896 t-iro,

826 1913 963 1946 inquiens,
994 1920 1071 1948 quem
1090 1916 1230 1944 statuerat,
1250 1912 1328 1946 ﬁdem
1348 1912 1467 1938 omnibus
1492 1913 1619 1946 prebeat,

825 1967 884 1986 cum
914 1959 988 1986 illum
1003 1967 1020 1986 α
1038 1960 1149 1986 mortuis
1179 1957 1350 1985 suacilarit".
1378 1957 1452 1985 Nihil
1469 1963 1558 1985 autem
1588 1959 1621 1984 de

826 2007 912 2033 forma
934 2007 980 2033 Dei
1006 2007 1138 2041 loquitur,
1156 2014 1204 2034 nec
1238 2014 1301 2033 eum
1332 2006 1381 2040 ipsi
1401 2005 1544 2040 aequalem,
1571 2013 1621 2034 nec

825 2053 918 2088 gloria:
943 2053 1113 2087 splendorcm
1141 2054 1227 2087 ipsum
1248 2060 1307 2080 esse
1323 2053 1398 2084 dicit,
1426 2060 1457 2079 ac
1478 2053 1575 2079 merito
1594 2052 1621 2079 id

825 2099 934 2133 quidem
966 2097 1040 2126 facit.
1067 2098 1159 2133 Neque
1174 2099 1244 2126 enim
1261 2105 1364 2133 tempus
1393 2099 1524 2132 ejusmodi
1539 2099 1621 2126 verba

825 2145 992 2180 postulabat,
1010 2153 1070 2172 cum
1084 2147 1150 2172 satis
1167 2149 1229 2172 tunc
1244 2151 1316 2173 esset
1334 2145 1426 2176 Paulo,
1451 2146 1472 2172 si
1490 2145 1542 2173 illis
1560 2153 1622 2180 per-

827 2192 966 2224 suasisset,
984 2199 1046 2219 eum
1062 2197 1089 2218 et
1102 2192 1239 2219 hominem
1262 2199 1332 2225 esse,
1349 2197 1376 2219 et
1394 2191 1556 2224 surrexisse.
1574 2191 1621 2220 Sic

829 2240 884 2274 egit
898 2244 924 2267 et
938 2240 996 2273 ipse
1010 2238 1146 2271 Christus,
1172 2247 1187 2265 a
1202 2246 1254 2273 quo
1271 2239 1369 2265 Paulus
1382 2239 1492 2266 edoctus
1510 2240 1547 2266 ita
1563 2248 1620 2266 rem

827 2286 907 2321 gerit.
946 2285 1040 2320 Neque
1063 2286 1134 2312 enim
1154 2287 1245 2312 statim
1262 2285 1430 2313 divinitatem
1446 2293 1521 2313 suam
1542 2287 1620 2314 nobis

828 2332 973 2366 patefecit;
989 2332 1036 2359 sed
1053 2331 1141 2365 primo
1163 2332 1271 2366 quidem
1300 2332 1445 2366 putabatur
1469 2339 1530 2360 esse
1558 2340 1623 2366 pro-

827 2379 917 2413 pheta,
927 2383 954 2406 et
970 2378 1093 2406 Christus
1101 2378 1259 2413 simpliciter
1273 2379 1369 2410 homo;
1385 2378 1484 2406 deinde
1499 2386 1529 2406 ex
1544 2378 1623 2407 fat-tis

825 2429 852 2451 et
881 2423 973 2451 verbis
1003 2424 1128 2458 apparuit
1154 2423 1179 2450 id
1204 2423 1275 2458 quod
1291 2429 1358 2451 erat.
1371 2423 1474 2452 Idcirco
1487 2429 1513 2451 et
1525 2425 1621 2452 Petrus

827 2469 960 2504 principio
972 2470 1024 2496 hac
1040 2471 1145 2497 ratione
1160 2470 1254 2496 utitur.
1273 2468 1347 2497 lianc
1369 2470 1441 2497 enim
1459 2470 1574 2504 primam
1586 2471 1620 2498 ad

827 2515 934 2543 Jndmos
950 2516 1108 2543 concionem
1126 2516 1230 2543 habuit.
1258 2515 1290 2543 Et
1308 2517 1369 2551 quia
1385 2516 1451 2543 nihil
1470 2517 1504 2543 de
1521 2516 1623 2544 divini-

829 2565 884 2588 tate
897 2561 1069 2596 perspicuum
1088 2561 1193 2588 discere
1212 2566 1348 2595 poterant,
1366 2562 1400 2588 ob
1414 2561 1440 2588 id
1455 2561 1482 2588 in
1498 2568 1530 2588 eo
1545 2569 1621 2588 com~

830 2612 960 2639 moratur,
978 2612 1005 2634 ut
1020 2607 1140 2634 divinum
1156 2608 1264 2634 humani
1278 2608 1385 2643 generis
1409 2607 1537 2635 servandi
1551 2615 1621 2635 con-

834 2654 924 2680 sllimn
939 2654 1064 2688 explicet,
1077 2661 1130 2689 quo
1150 2654 1200 2682 sibi
1218 2655 1250 2681 ad
1266 2654 1370 2689 reliqua
1386 2655 1505 2682 docenda
1518 2654 1623 2681 aditum

835 2699 989 2736 patefaciat.
1004 2701 1041 2727 Ac
1074 2701 1096 2728 si
1112 2701 1172 2735 quis
1197 2704 1282 2727 totam
1307 2700 1464 2728 concionem
1489 2700 1573 2734 ipsam
1607 2707 1623 2726 a

836 2746 970 2780 principio
988 2745 1116 2780 perlegat,
1134 2746 1249 2780 reperiet
1265 2745 1291 2771 id
1314 2745 1386 2780 quod
1420 2744 1535 2771 dicimus
1563 2751 1625 2771 esse

837 2781 1030 2820 clarissimum.
1050 2791 1116 2818 Nam
1132 2796 1158 2819 et
1174 2791 1231 2826 ipse
1255 2791 1342 2818 virum
1360 2799 1420 2819 eum
1438 2795 1526 2823 vocat,
1541 2795 1567 2817 et
1597 2791 1624 2817 in

835 2839 893 2873 ejus
901 2843 997 2872 morte,
1009 2838 1282 2871 etresurrectione,et
1293 2838 1411 2866 htttnano
1422 2837 1628 2872 ortuexplicau-

14 2884 26 2900 ‘
48 2884 117 2911 Act.
134 2890 165 2918 ιι,
180 2883 225 2913 56.
264 2886 274 2900 '
288 2885 357 2914 ibid.
396 2887 406 2903 ³
420 2885 586 2920 Joan.xxtn,
602 2887 647 2915 57.
686 2885 697 2902 "
709 2887 768 2914 Act.
783 2895 849 2923 xvn,
865 2886 910 2914 51.
