1891 3076
65 189 136 223 ρηαεν
152 187 232 213 εἰπεῖν
246 188 259 214 6
272 187 376 219 Παῦλος
391 188 455 223 περὶ
469 188 565 221 αὑτοῦ,
589 189 656 216 ἀλλὰ
678 189 725 216 καὶ
746 188 826 222 ἔτερα
843 194 862 221 Α

64 232 172 259 τοιαῦτα.
186 232 220 258 Τὸ
234 232 285 267 γὰρ
301 233 354 265 Ἐξ
372 230 419 265 οὖ,
433 234 520 269 ῥῆμα,
534 234 603 269 ὅπερ
617 234 654 266 ὡς
671 235 750 266 ἀξίαν
766 235 826 262 τινὰ

65 278 133 312 μόνον
142 277 176 312 τῷ
189 278 272 313 Πατρὶ
283 278 443 313 ἀπονέμεις,
460 281 507 306 καὶ
519 279 629 316 κλῆρον,
644 281 691 306 καὶ
703 289 735 306 πε
740 281 767 315 pl
779 280 824 307 τοῦ

62 324 117 351 Υίοῦ
127 332 202 358 φησιν
215 323 285 350 οὕτω
295 324 383 358 λέγων
398 333 405 340 ·
424 325 475 357 Ἐξ
496 323 532 353 οὗ
552 325 613 352 πᾶν
626 326 659 353 τὸ
674 326 760 360 σῶμα
775 325 824 352 διὰ

61 372 111 398 τῶν
129 368 209 404 ἁφῶν
241 369 289 396 καὶ
312 369 497 404 συνδέσμων
535 372 822 406 ἐπιχορηγούμενον,

61 416 101 443 καὶ
119 413 361 450 συμϐιϐαζόμενον
382 416 468 447 αὔξει
484 418 527 449 εις
537 417 596 451 τὴν
612 418 748 450 αὔξησιν
769 418 824 445 τοῦ

60 462 133 490 Θεοῦ.
148 463 197 488 Καὶ
210 461 259 486 οὐκ
273 462 398 496 ἀρκεῖται
413 462 492 489 τοῦτο
508 463 598 497 μόνον,
617 464 685 491 ἀλλὰ
700 464 747 490 καὶ
764 465 824 491 ἑτέ-

61 508 136 542 ρωθεν
147 508 207 542 ὑμῖν
219 507 431 543 ἁποφράττειτὰ
443 508 576 542 στόματα.
592 508 629 536 T6
641 509 682 535 At‘
692 507 728 537 οὗ
742 510 822 536 τοῦτο

59 553 120 587 ὑπὲρ
130 553 299 583 ἐλαττώσεως
311 551 380 579 εἶναι
395 552 484 587 λέγεις
496 553 536 588 τῷ
548 554 635 588 Πιιτρὶ
650 555 822 589 προσνέμων-

58 598 154 630 Πιστὸς
166 598 219 633 γὰρ
232 601 248 625 ὀ
259 599 341 631 Θεὸς,
355 600 434 633 φησὶ,
451 599 490 626 δι’
503 597 538 627 οὖ
551 599 700 633 ἐκλήθητε
711 601 754 633 εις
765 609 824 628 κοι-

57 644 154 671 νωνίαν
167 644 217 671 τοῦ
234 644 302 672 Υιοῦ
317 644 411 672 αὐτοῦ
422 653 429 661 ·
451 645 498 671 καὶ
516 646 596 672 πάλιν
609 653 617 661 ”
633 645 684 672 Διὰ
708 646 761 673 τοῦ
775 648 823 673 θε-

56 692 175 725 λήματος
190 692 284 719 αὑτοῦ
296 700 303 707 ·
319 693 365 718 καὶ
379 691 498 727 ἀλλαχοῦ
510 700 519 710 ο
533 692 594 719 Ὅτι
612 693 648 725 ἐξ
660 693 822 726 αὑτοῦ,και

56 737 88 764 δι’
105 737 202 771 αὑτοῦ,
230 738 279 765 καὶ
297 738 340 770 εἰς
357 737 452 765 αὑτὸν
476 737 514 765 τὰ
539 737 649 766 πάντα.
668 738 722 765 Καὶ
739 739 769 764 οὐ
784 739 824 774 τῷ

57 782 104 816 rte
117 782 186 818 μόνῳ
198 783 227 808 τὸ
242 782 294 814 Ἐξ
303 781 426 815 οὗ,ἀ).λὰ
439 783 487 810 καὶ
501 783 540 818 τῷ
552 783 692 818 Πνεὺματι
708 792 824 819 προσνε-

56 829 165 863 νέμηται.
185 828 238 854 Καὶ
249 829 302 864 γὰρ
326 829 365 863 τῷ
384 829 484 864 Ἰωσὴφ
498 830 512 855 6
530 829 645 863 ἄγγελος
659 829 737 864 ἔλεγε
751 837 759 846 ο
774 830 823 864 Μὴ

55 873 175 907 φοϐηθῇς
195 875 380 907 παραλαϐεῖν
393 875 510 908 Μαριὰμ
528 875 728 910 τῆν’γυναῖκά
751 882 820 908 σου,
840 865 859 893 Β

55 922 82 946 τι)
89 919 136 954 γὰρ
143 919 255 954 ἐναὺτῇ
265 921 412 954 γεννηθὲν
417 920 450 947 ἐκ
459 921 628 954 Πνεύματός
634 921 719 948 ἐστιν
725 921 821 956 ἁγίου.

56 965 149 1000 Ὦππερ
161 964 206 992 οὖν
219 967 266 992 καὶ
281 966 311 992 τὸ
321 966 356 993 ἐν
365 963 389 1000 ᾧ
400 966 446 992 τοῦ
461 966 618 1001 Πνεύματο;
633 967 674 998 6v,
686 968 737 993 οὐκ
753 968 825 995 ἀπα-

55 1013 99 1046 Emi
111 1014 154 1040 καὶ
166 1013 203 1049 τῷ
214 1013 275 1049 Θεῷ
289 1014 454 1049 προσνέμειν
475 1015 489 1041 ὀ
511 1016 665 1050 προφήτης,
690 1016 762 1043 οὕτω
778 1017 823 1043 λέ-

55 1069 111 1094 γων·
130 1061 178 1088 ‘Er
189 1061 227 1093 τῷ
243 1061 306 1094 Θεῷ
317 1061 492 1096 ποιήσωμεν
502 1061 642 1096 δύναμιν.
653 1063 707 1090 Καὶ
721 1064 735 1090 6
751 1063 826 1090 Παῦ-

56 1105 93 1136 λος
106 1106 226 1141 δεόμενός
237 1115 322 1141 φησιν
333 1115 340 1122 ν
351 1106 388 1134 El
403 1114 466 1139 πως
476 1105 535 1141 ἤδη
550 1107 624 1134 ποτὲ
635 1107 823 1140 εὐοδωθήσο-

52 1152 136 1184 μαιὲν
150 1152 188 1185 τῷ
204 1153 350 1187 θελήματι
366 1152 419 1180 τοῦ
440 1152 516 1180 Θεοῦ
533 1153 635 1180 ἐλθεῖν
649 1154 724 1188 πρὸς
736 1153 822 1188 ὑμᾶς.

58 1196 112 1224 Ἐπὶ
127 1198 171 1224 τοῦ
201 1198 322 1235 Χριστοῦ
353 1198 382 1225 δὲ
404 1198 487 1225 πάλιν
507 1199 586 1226 τοῦτο
612 1199 704 1234 τίθησι
726 1201 823 1234 λέγων,

58 1243 101 1270 Ἐν
114 1245 224 1278 Χριστῷ
249 1244 360 1280 Ἰησοῦ.
377 1245 432 1272 Καὶ
451 1245 519 1278 ὅλως
542 1246 683 1279 πολλάκις,
697 1247 745 1274 καὶ
761 1255 824 1274 συν-

53 1289 183 1324 εχὲστερον
202 1289 333 1325 εὕροιμεν
356 1289 389 1316 ἂν
413 1289 619 1325 μεθισταμένας
642 1291 743 1322 ταύτας
773 1292 823 1324 τὰς

53 1334 138 1368 λέξεις.
152 1336 243 1363 Ταῦτα
257 1336 287 1362 δὲ
310 1336 360 1363 οὐκ
381 1336 415 1363 ἂν
431 1336 543 1371 συνέὃη,
565 1336 603 1372 μὴ
619 1337 758 1373 πανταχοῦ
775 1338 824 1374 τῆς

53 1379 128 1413 αὐτῆς
143 1381 235 1413 οὐσίας
252 1381 450 1416 ὑποκειμένης.

56 1452 102 1482 Τοῦ
112 1456 201 1483 αὐτοῦ
211 1456 246 1483 ἐκ
261 1456 318 1489 τῆς
328 1456 488 1490 ἑρμηνείας
497 1456 553 1490 τῆς
565 1458 610 1489 εις
622 1457 666 1490 τὸ,
676 1467 686 1484 ι
696 1457 728 1485 '0
738 1457 781 1485 ὢν
791 1458 827 1486 ἐν

214 1491 280 1523 τοῖς
296 1492 423 1523 κόλπῦις
440 1491 494 1518 τοῦ
507 1492 631 1525 Ιιιιτρός.
649 1501 657 1517 ι

524 131 710 162 PANOPLIA
730 131 956 161 DCGMATICA.
972 143 1007 149 -ι
1025 132 1098 163 TlT.
1119 133 1172 163 XI.

1606 132 1658 166 618

878 189 988 217 similia.
1001 189 1067 216 Nam
1085 189 1150 217 illud
1165 198 1172 216 :
1187 188 1229 216 Ea:
1244 198 1306 224 quo,
1320 190 1390 225 quod
1405 195 1433 218 tu
1448 190 1497 218 soli
1512 190 1586 219 Patri
1600 197 1659 219 tau-

876 242 955 269 quam
982 234 1139 270 dignitatem
1184 240 1264 269 atque
1303 235 1486 264 haereditatem
1512 238 1657 272 quamdam

876 282 1000 313 ascribis,
1022 282 1080 315 ipse
1095 281 1128 308 de
1155 281 1224 308 Filio
1250 282 1332 308 etiam
1361 282 1503 309 diequa:
1528 291 1589 318 quo,
1618 285 1660 310 iu-

876 327 985 361 quiens,
995 332 1077 353 totum
1092 335 1186 360 corpus
1204 335 1250 361 per
1265 335 1344 354 nexus
1355 332 1379 354 et
1390 327 1585 363 coniunctiones
1597 330 1659 356 sub-

877 373 1050 399 ministratum
1065 374 1155 399 crescit
1168 373 1195 399 in
1207 379 1373 408 augmentum
1400 374 1447 401 Dei
1460 375 1480 400 ¹.
1497 375 1587 410 Neque
1609 376 1660 404 hoc

878 419 913 445 illi
933 419 998 446 satis
1022 423 1073 451 est,
1095 419 1141 446 sed
1158 419 1210 445 alia
1229 427 1335 453 quoque
1353 420 1457 448 ratione
1484 420 1601 448 obstruit
1611 429 1659 449 ora

876 469 978 496 vestra,
991 472 1051 491 cum
1068 464 1132 491 illud
1154 473 1161 492 :
1177 464 1228 491 Per
1243 474 1329 499 quem,
1359 467 1429 500 quod
1447 471 1473 493 tu
1503 467 1659 495 diminutio-

877 518 936 537 nem
955 510 1107 544 signiiicare
1125 511 1202 541 dicis,
1221 512 1314 537 trilmit
1330 512 1410 538 etiam
1430 511 1505 539 Patri
1522 521 1529 539 :
1546 511 1659 545 Fidelis,

875 557 1010 590 inquiens,
1027 555 1106 589 Deus,
1124 563 1170 589 per
1183 563 1258 591 quem
1276 557 1361 583 vocati
1377 557 1437 584 estis
1451 557 1479 584 in
1507 558 1661 585 societatem

875 601 941 628 Filii
954 602 1010 636 ejus
1025 602 1046 628 '.
1063 602 1095 629 Et
1122 609 1230 629 rursum
1245 610 1252 629 :
1267 603 1319 629 Per
1344 604 1501 631 voluntatem
1517 604 1574 638 ejus
1588 604 1609 631 ³.
1627 605 1661 632 Ει

875 647 938 674 alibi
956 655 964 674 :
984 647 1115 680 Quoniam
1130 655 1162 674 ea;
1177 648 1246 680 ipso,
1272 653 1297 675 et
1316 656 1361 683 per
1376 649 1471 683 ipsum,
1484 655 1508 677 et
1523 650 1550 676 in
1573 651 1659 682 ipsum

875 694 961 720 omnia
975 693 994 720 ⁵.
1008 694 1046 721 Ac
1057 701 1109 721 non
1119 692 1186 721 Filio
1199 694 1286 722 solum
1300 695 1444 722 ascrilnitur
1458 696 1533 729 illud,
1546 695 1589 723 E1
1596 705 1658 732 quo.

874 739 920 767 sed
934 739 1014 766 etiam
1029 738 1154 774 Spiritui.
1183 739 1321 774 Siquidem
1350 741 1460 774 angelus
1474 742 1506 767 ad
1529 741 1628 777 Joseph
1650 750 1656 767 :

875 784 917 812 Ne
931 785 1032 816 timeas,
1048 784 1146 819 inquit,
1162 785 1281 818 accipere
1296 784 1408 812 Mariam
1425 785 1560 820 conjuge»:
1575 790 1659 817 tuam,
1682 777 1698 822 ἶ,

873 830 942 865 quod
959 831 1028 857 enim
1040 831 1067 858 in
1081 830 1138 864 ipsa
1149 835 1300 865 conceptum
1319 836 1367 862 est,
1385 839 1417 858 ea:
1445 830 1547 865 Spiritu
1565 835 1657 858 sancto

872 881 911 904 est
922 877 943 903 '.
976 876 1206 910 Quemadmodum
1234 877 1316 912 igitur
1343 876 1435 904 illud:
1454 876 1487 903 In
1510 885 1570 912 quo,
1595 886 1657 904 cum

874 923 990 956 Spiritus
1007 924 1051 954 sit,
1067 930 1120 950 nou
1135 922 1251 950 alienum
1266 927 1343 958 putat
1355 922 1499 956 Prophela,
1515 927 1543 949 ut
1553 922 1657 949 tribua-

875 974 919 996 tur
935 970 997 1001 Deo,
1011 973 1039 996 et
1052 973 1192 1003 propterea
1226 969 1312 996 dicit:
1331 967 1364 995 In
1387 967 1443 995 Deo
1454 967 1583 1002 faciemus
1607 969 1661 996 vir-

874 1019 954 1041 tutenl
969 1014 990 1042 ‘.
1008 1014 1041 1041 Et
1069 1013 1168 1042 Paulus
1184 1018 1281 1048 optans
1309 1023 1316 1041 :
1345 1012 1374 1041 Si
1385 1015 1534 1048 quomodo,
1561 1013 1661 1048 inquit,

871 1059 928 1094 jam
945 1060 1088 1094 aliquando
1101 1067 1254 1094 prosperum
1267 1059 1316 1087 iter
1335 1059 1445 1087 habeam
1474 1060 1502 1087 in
1526 1060 1661 1087 uoluntate

875 1105 922 1133 Dei
939 1106 1023 1133 uenire
1045 1106 1081 1133 ad
1102 1114 1145 1133 vos
1168 1106 1190 1132 ν.
1211 1105 1244 1133 Ει
1267 1105 1300 1133 de
1329 1105 1437 1134 Christo
1457 1106 1521 1133 item
1549 1105 1662 1141 loquens

875 1150 971 1178 eodem
986 1151 1073 1178 utitur
1100 1150 1192 1182 verba,
1217 1151 1251 1178 In
1282 1151 1401 1185 Christo,
1431 1152 1566 1186 inquiens,
1586 1151 1661 1179 Jesst.

876 1197 995 1232 Denique
1012 1197 1069 1224 haec
1089 1197 1171 1234 verba
1203 1204 1275 1232 saepe
1300 1202 1382 1232 atque
1413 1198 1480 1225 adeo
1509 1198 1615 1226 assidue
1626 1198 1661 1224 ab

877 1251 929 1270 una
952 1243 978 1270 iu
996 1243 1076 1270 aliam
1095 1250 1238 1278 personam
1255 1244 1386 1271 translata
1409 1244 1569 1279 comperies.
1585 1243 1662 1276 Quod

876 1289 985 1324 quidem
1002 1296 1055 1316 non
1075 1289 1162 1322 ﬁeret,
1182 1290 1232 1317 nisi
1249 1289 1275 1316 in
1291 1289 1415 1318 omnibus
1431 1297 1484 1316 una
1510 1294 1592 1324 atque
1616 1297 1663 1316 ea-

877 1334 938 1362 dem
949 1338 1021 1363 esset
1040 1338 1135 1363 natura
1151 1339 1232 1370 atque
1249 1336 1378 1363 essentia.

878 1450 1005 1486 Ejusdem
1019 1459 1052 1478 ea;
1067 1451 1279 1485 interpretatione
1288 1451 1361 1478 illius
1371 1451 1515 1479 sententias:
1531 1459 1540 1477 t
1554 1450 1606 1484 Qui
1621 1455 1661 1478 est

1124 1487 1152 1514 in
1163 1487 1223 1514 sinu
1234 1486 1325 1514 Patris
1335 1486 1357 1514 '.
1377 1495 1387 1513 ι

87 1554 113 1581 '0
129 1555 333 1590 Εὑαγγελιστὴς
345 1555 391 1582 τοῦ
414 1555 516 1582 κόλπου
546 1555 685 1590 μέμνηται
714 1556 759 1583 διὰ
779 1557 824 1585 τοῦ

912 1549 1082 1584 Evangelista
1098 1551 1131 1576 de
1153 1550 1215 1577 sinu
1231 1550 1393 1578 mentionem
1407 1548 1484 1583 facit,
1499 1555 1528 1577 ut
1546 1550 1597 1577 hoc
1608 1556 1662 1577 uno

53 1599 102 1631 ἐνὸς
117 1602 234 1636 ῥήματος
248 1601 345 1628 τούτου
361 1602 428 1636 ἡμῖν
447 1599 588 1636 ἐμφαίνων
608 1600 650 1627 ὃτι
677 1600 762 1637 πολλὴ
776 1602 825 1638 τῆς

52 1646 134 1678 οὐσίας
162 1648 179 1682 ἡ
203 1647 353 1681 συγγένεια
380 1647 429 1673 καὶ
446 1647 566 1681 ἐγγύτης
579 1640 647 1673 ίὸτι
667 1647 826 1682 ἀπαράλλα-

50 1699 106 1724 κτος
119 1693 136 1728 ἡ
150 1693 264 1727 γνῶσις,
283 1693 325 1719 ὃτι
344 1694 390 1727 [an
412 1693 429 1728 ὴ
444 1692 566 1724 ἐξουσία.
581 1693 619 1719 Οὑ
640 1693 695 1728 γὰρ
707 1693 752 1720 τὸν
769 1694 827 1720 ἑτι-

50 1738 161 1771 ροούσιον
174 1740 203 1766 ὲν
219 1740 279 1770 τοῖς
292 1739 404 1769 κόλποις
412 1738 446 1765 ἂν
463 1738 541 1774 ἔσχεν
555 1739 569 1765 6
583 1738 687 1774 Πατὴρ.
702 1739 762 1766 ἀλλ’
771 1739 824 1765 οὐδ’

49 1783 77 1810 ἂν
93 1784 169 1816 αὐτὸς
185 1786 323 1820 ἐτόλμησε
341 1784 434 1815 δοῦλος
461 1783 511 1817 ὢν,
534 1784 581 1811 καὶ
599 1784 654 1810 τῶν
668 1784 773 1811 πολλῶν
785 1782 825 1816 εἷς

49 1829 74 1854 ἐν
90 1830 143 1861 τοῖς
162 1830 278 1861 κόλποις
307 1828 474 1864 στρέφεσθαι
499 1828 546 1855 τοῦ
573 1829 720 1855 Δεσπότου.
740 1828 826 1855 Τοῦτο

48 1875 95 1910 γὰρ
109 1875 169 1902 Υἱοῦ
185 1876 304 1912 γνησίου
319 1876 412 1911 μόνου,
429 1875 477 1902 καὶ
499 1874 583 1909 πολλῇ
600 1874 745 1910 παρρησίᾳ
757 1874 825 1909 πρὸς

47 1919 86 1945 τὸν
98 1923 285 1957 γεγεννηκότα
299 1922 455 1956 χρωμένου,
467 1920 514 1947 καὶ
529 1920 606 1947 οὐδὲν
628 1920 738 1947 ἔλαττον
749 1921 825 1955 ἕχον-

47 1973 94 1995 τος.
107 1966 199 1993 Βούλει
212 1968 263 1994 καὶ
275 1967 306 1993 τὸ
318 1967 402 1993 ἀΐδιον
418 1966 514 2001 μαθεῖν
527 1973 535 1998 ;
550 1967 686 1993 Ἄκουσον
699 1967 725 1992 τί
741 1973 825 2000 φησιν

47 2011 182 2047 όΜωῠσῆς
198 2013 265 2048 περὶ
276 2012 324 2039 τοῦ
340 2013 458 2048 Πατρός.
480 2012 638 2047 Ἐρωτήσας
655 2012 709 2046 γὰρ
721 2012 826 2046 sitpos-

46 2056 134 2093 τηοείη
152 2060 230 2094 παρὰ
241 2058 297 2085 τῶν
317 2057 453 2084 Ἰουδαίων
464 2057 505 2089 τις
516 2058 530 2084 6
547 2056 730 2089 ἀπεσταλκὼς
745 2056 826 2083 αὑτὸν

46 2102 95 2136 εἴη,
112 2102 137 2128 τί
152 2103 300 2129 κελεύεται
317 2102 520 2137 ἀποκρίνασθαι
538 2102 605 2137 πρὸς
623 2102 732 2134 αὐτοὺς,
744 2102 826 2137 ἠκου-

47 2153 87 2172 σεν
98 2155 105 2162 ·
117 2147 192 2174 Εἰπὲ
203 2148 249 2174 ὅτι
265 2147 331 2174 δῶν
341 2146 515 2174 ἀπέσταλκέ
523 2155 571 2181 με.
587 2146 622 2172 T6
637 2146 665 2173 δὲ
682 2146 711 2173 '0
719 2145 763 2173 ὢν
777 2146 824 2172 τοῦ

878 1596 960 1623 verbo
975 1595 1053 1623 uobis
1070 1595 1205 1628 ostendat,
1229 1602 1353 1631 magnam
1374 1596 1498 1623 essentia:
1521 1595 1661 1630 cognatio-

877 1647 937 1668 nem
950 1648 1019 1672 esse.
1029 1645 1058 1668 et
1071 1641 1308 1676 propinquitatem,
1320 1641 1492 1677 similemque
1499 1649 1559 1669 esse
1570 1640 1663 1675 cogni-

877 1685 978 1712 tionem
1000 1689 1028 1712 et
1040 1685 1169 1719 aequalem
1184 1689 1353 1719 potestatem.
1369 1684 1436 1711 Eum
1449 1685 1534 1719 enim,
1549 1685 1572 1712 si
1595 1685 1664 1712 alte-

877 1730 933 1758 rius
948 1735 1019 1758 esset
1036 1730 1168 1763 essentia,
1190 1738 1243 1758 non
1264 1735 1369 1758 teneret
1382 1731 1409 1758 in
1441 1731 1501 1758 sinu
1515 1731 1606 1758 Pater.
1623 1731 1663 1757 Ac

877 1783 913 1803 ne
933 1776 989 1811 ipse
1003 1775 1124 1810 quidem,
1144 1776 1166 1803 si
1187 1780 1259 1803 esset
1273 1783 1377 1803 servus.
1391 1781 1418 1803 et
1431 1783 1501 1803 unus
1514 1783 1529 1803 e
1555 1775 1658 1807 multis.

879 1823 990 1849 auderet
1033 1822 1058 1848 in
1106 1821 1210 1850 Domini
1253 1821 1313 1849 sinu
1351 1822 1467 1850 versari.
1502 1821 1557 1850 Hoc
1587 1821 1661 1849 enim

877 1868 999 1902 germani
1028 1867 1111 1895 solius
1149 1867 1211 1894 Filii
1240 1867 1378 1902 proprium
1409 1873 1459 1900 est,
1486 1867 1533 1902 qui
1561 1875 1660 1902 magna

877 1913 974 1941 ﬁducia
992 1914 1018 1941 in
1039 1913 1144 1941 Patrem
1162 1914 1254 1945 utitur,
1275 1921 1362 1948 eoque
1376 1913 1447 1941 nulla
1462 1920 1493 1941 re
1509 1913 1595 1941 minor
1609 1919 1660 1941 est.

878 1957 924 1985 Vis
941 1963 968 1986 et
981 1959 1157 1987 aeternitatem
1178 1959 1237 1995 ejus
1252 1959 1421 1995 intelligere?
1445 1961 1514 1988 Audi
1527 1960 1592 1996 quid
1605 1960 1663 1988 Ho-

876 2012 921 2032 ses
945 2005 978 2032 de
1008 2005 1088 2032 Patre
1119 2005 1201 2033 dicat.
1232 2005 1361 2039 Quzerens
1372 2007 1444 2034 enim
1472 2007 1494 2033 si
1522 2014 1537 2034 a
1561 2005 1661 2035 ludatis

877 2051 1102 2085 interrogaretur,
1114 2051 1216 2085 ecquod
1233 2056 1304 2079 esset
1316 2059 1412 2079 nomen
1426 2052 1521 2087 ipsius,
1536 2052 1661 2087 quisnam

876 2100 949 2123 esset
964 2095 1007 2123 ille
1029 2096 1074 2131 qui
1090 2103 1119 2123 se
1136 2097 1266 2129 misisset,
1295 2097 1360 2132 quid
1375 2097 1430 2125 illis
1455 2102 1529 2125 esset
1553 2105 1665 2132 respon-

877 2141 1005 2172 dendum.
1020 2142 1120 2168 audivit
1135 2142 1198 2169 illud
1214 2150 1220 2169 :
1241 2142 1338 2175 Iiicito,
1353 2143 1405 2177 Qui
1417 2149 1468 2175 est,
1486 2143 1557 2171 misit
1587 2151 1627 2171 me
1641 2145 1662 2172 '.

46 2191 85 2217 ἀεὶ
110 2193 294 2228 σημαντικὸν,
313 2193 360 2219 καὶ
381 2192 428 2219 τοῦ
456 2192 584 2228 ἀνάρχως
604 2190 685 2224 εἶναι,
706 2192 753 2218 καὶ
776 2191 824 2218 τοῦ

878 2188 930 2220 Qui
952 2191 989 2214 est
1009 2192 1100 2214 autem
1129 2187 1196 2215 nihil
1211 2187 1282 2215 aliud
1294 2188 1439 2223 signiﬁcat,
1456 2189 1506 2217 nisi
1518 2190 1564 2224 qui
1591 2196 1663 2217 sem-

46 2237 124 2269 δντως
139 2236 222 2272 εἶναι,
247 2239 295 2264 καὶ
308 2238 421 2273 κυρίως.
440 2238 526 2265 Τοῦτο
540 2238 587 2265 καὶ
601 2237 642 2270 τὸ,
673 2237 722 2265 Ἐν
746 2236 824 2271 ἀρχῇ

44 2281 90 2317 ἦν,
104 2285 238 2318 ὲμφαὶνει
256 2284 304 2310 τοῦ
330 2284 374 2310 ἀεὶ
390 2283 539 2318 δηλωτικὸν
553 2284 594 2311 ὃν,
610 2283 704 2319 Τούτῳ
722 2283 754 2318 δὴ
779 2284 826 2310 καὶ

45 2329 156 2356 ἐνταῦθα
170 2330 210 2365 τῷ
229 2330 305 2365 ῥητῷ
319 2329 452 2365 κέχρηται
469 2330 483 2355 6
508 2330 646 2365 Ἰωάννης,
662 2330 769 2360 δεικνὺς
785 2330 826 2356 ὅτι

43 2375 164 2410 ἁνάρχως
181 2377 231 2403 καὶ
245 2376 341 2408 ἀϊδίως
358 2377 387 2402 ὲν
400 2375 439 2407 τῷ
455 2375 548 2409 κόλπῳ
562 2375 610 2402 τοῦ
628 2375 735 2410 Πατρός
751 2376 826 2402 ἐστιν

44 2420 56 2446 6
75 2421 146 2452 Υἱός.
161 2422 223 2448 Ἰνα
236 2422 292 2456 γὰρ
308 2422 345 2456 μὴ
356 2421 400 2448 διὰ
412 2422 462 2456 τὴν
478 2420 523 2447 τοῦ
538 2421 669 2456 ὀνόματος
683 2422 826 2448 κοινωνίαν

41 2465 85 2492 ἕνα
100 2467 159 2494 τινὰ
173 2467 230 2494 τῶν
245 2468 339 2502 χάριτι
350 2467 507 2501 γενομένων
529 2467 596 2493 υἱῶν
611 2466 681 2493 εἶναι
696 2467 823 2502 νομίσῃς,

42 2511 145 2546 πρῶτον
160 2513 213 2548 μὲν
237 2513 400 2548 πρόσκειται
419 2513 449 2539 τὸ
466 2511 580 2547 ἄρθρον,
607 2512 728 2547 διαιροῦν
744 2512 825 2538 αὐτὸν

41 2559 92 2585 τῶν
103 2561 174 2586 κατὰ
191 2559 287 2596 χάριν.
305 2560 335 2586 Εἰ
351 2559 379 2585 δὲ
397 2559 435 2594 μὴ
446 2559 528 2585 τοῦτο
544 2559 625 2593 ἀρκεῖ
640 2566 692 2590 σοι,
712 2557 771 2584 ἀλλ’
784 2557 824 2583 ἔτι

42 2605 114 2631 κὰτω
130 2606 261 2637 κύπτεις,
274 2605 370 2631 τούτου
390 2605 558 2639 κυριώτερον
583 2604 667 2639 δνομα
686 2604 768 2630 ἄκουε
782 2603 823 2636 τὸ,

41 2651 226 2685 Μονογενής,
245 2651 275 2676 Ei
291 2650 319 2676 δὲ
332 2650 379 2676 καὶ
391 2649 460 2682 μετά
474 2649 552 2676 τοῦτο
567 2649 641 2676 κάτω
655 2648 775 2683 βλέπεις,
789 2649 825 2675 Οὐ

41 2697 260 2731 παραιτήσομαι,
276 2696 355 2730 φησι,
369 2696 417 2723 καὶ
430 2695 606 2731 ἀνθρωπίνην
621 2695 683 2721 τινὰ
694 2695 773 2730 ῥῆσιν
787 2695 826 2720 εζ-

876 2240 924 2267 per
943 2237 996 2265 est,
1013 2233 1058 2267 qui
1074 2232 1133 2260 sine
1147 2233 1280 2268 principio
1290 2239 1342 2265 est,
1357 2235 1401 2269 qui
1417 2242 1481 2262 vere
1494 2240 1522 2263 et
1554 2237 1664 2270 proprie

875 2283 926 2306 est.
944 2279 1015 2306 Idem
1036 2283 1123 2305 autem
1139 2283 1166 2306 et
1179 2279 1269 2306 verbis
1283 2280 1336 2306 illis
1347 2280 1531 2315 signiﬁcatur:
1545 2281 1578 2308 In
1590 2283 1665 2316 priu-

875 2325 942 2359 cipio
957 2329 1024 2352 erat.
1041 2323 1141 2352 Eodem
1157 2325 1240 2352 verbo
1258 2330 1286 2352 et
1299 2326 1342 2353 hic
1359 2325 1476 2355 Joannes
1488 2328 1571 2355 utitur
1586 2336 1594 2355 :
1612 2329 1665 2362 Qui

875 2375 924 2403 est,
938 2371 1071 2405 inquiens,
1088 2370 1114 2396 in
1127 2371 1186 2397 sinu
1201 2369 1301 2403 Patris,
1319 2377 1349 2398 ut
1363 2372 1420 2399 sine
1435 2372 1566 2408 principio
1581 2378 1608 2402 et
1630 2375 1665 2403 ab

881 2416 952 2443 omni
967 2416 1120 2444 atteruitate
1144 2416 1310 2444 demonstret
1324 2425 1393 2444 esse.
1405 2418 1443 2445 Ae
1457 2427 1490 2447 ne
1517 2426 1549 2446 es
1578 2421 1665 2447 uomi-

881 2463 924 2489 nis
941 2462 1126 2496 similitudine,
1138 2463 1254 2497 aliquem
1269 2471 1300 2490 es
1312 2464 1344 2490 iis
1358 2465 1403 2499 qui
1430 2466 1514 2499 gratia
1528 2466 1575 2493 lilii
1605 2471 1666 2494 sunt

881 2508 1052 2543 iutelligeres,
1068 2509 1182 2543 primum
1198 2509 1319 2543 adjuusit
1339 2510 1491 2543 articulum,
1515 2517 1544 2538 ut
1563 2519 1624 2538 eum
1650 2519 1664 2538 a

880 2554 943 2582 ﬁliis
960 2562 1007 2589 per
1021 2556 1136 2589 gratiam
1161 2555 1296 2589 adoptatis
1318 2561 1467 2590 separaret.
1496 2556 1608 2590 Deinde,
1633 2565 1668 2585 ne

880 2600 949 2628 forte
964 2601 989 2628 id
1003 2601 1052 2628 tibi
1068 2601 1193 2628 deorsum
1208 2601 1322 2629 intuenti
1338 2609 1391 2629 non
1419 2608 1489 2630 esset
1516 2603 1592 2635 satis,
1619 2610 1667 2631 uo-

877 2654 938 2674 men
953 2647 1040 2674 adhuc
1054 2646 1141 2681 magis
1158 2647 1295 2682 proprium
1309 2648 1421 2680 addidit,
1440 2649 1491 2676 hoc
1503 2653 1555 2681 est,
1569 2648 1666 2683 Unige-

880 2693 964 2721 nitus.
981 2692 1056 2726 Quod
1073 2693 1095 2720 si
1110 2698 1172 2727 post
1204 2694 1254 2721 hoc
1270 2694 1363 2722 oculos
1378 2695 1466 2722 adhuc
1481 2695 1554 2722 humi
1565 2695 1668 2723 deﬁxos

69 2788 200 2816 ‘Coloss.
218 2795 250 2818 ιι,
265 2786 308 2814 19.
346 2787 356 2802 ³
369 2786 378 2812 1
392 2786 456 2814 Cor.
472 2794 491 2818 ι,
508 2785 535 2813 9.
572 2785 684 2821 ξϐοἰιιι.
698 2793 717 2819 ι,
732 2786 749 2813 Δ
784 2785 794 2801 ⁸
811 2784 824 2811 Π

876 2794 889 2812 ι.
907 2794 942 2818 u,
955 2784 999 2812 36.
1035 2785 1045 2801 '
1061 2784 1156 2813 Matth.
1176 2793 1196 2818 t,
1210 2781 1255 2812 2‘0.
1289 2784 1382 2812 ‘Psal.
1401 2788 1502 2820 LIx,M.
1525 2785 1628 2815 ’Rom.
1645 2792 1670 2821 ι⁹

41 2823 81 2852 10.
121 2824 131 2840 ¹
143 2823 228 2851 Joan.
246 2822 263 2854 i,
282 2822 327 2849 18.
364 2823 374 2838 ⁸
391 2821 475 2849 Exod.
491 2828 532 2852 Ill,
549 2820 592 2848 Μ.

200 2870 335 2900 Ρλτιιίιι.
355 2869 413 2899 Gtt.
431 2867 548 2898 CXXX.

1471 2867 1508 2898 20
