1891 3076
67 137 121 169 62!

530 141 718 172 PANOPLIA
741 142 973 173 DOGMA'IICA.
990 152 1023 158 -—
1036 140 1109 170 'l‘I'l‘.
1131 141 1180 171 XL

1642 139 1695 171 62':

66 204 159 232 λαβεῖν
187 206 234 231 ἐπὶ
263 205 310 232 τοῦ
336 206 515 241 Μονογενοῦς.
540 207 614 234 Ἐπεὶ
646 207 699 243 γάρ
728 208 785 234 ἐστι
806 216 812 233 1

949 205 1003 231 itur
1023 203 1181 231 nullatenus
1195 210 1293 237 capere
1309 202 1372 230 licet
1396 202 1430 230 de
1450 201 1609 239 Uuigenito.
1629 203 1695 231 Nam

66 251 164 286 χρόνου
193 251 312 283 παντὸς,
334 252 382 278 καὶ
399 251 561 287 πρωιὼνιον
585 252 641 288 ἔχει
665 252 713 288 τὴν
730 253 856 289 ὓπαρξιν,

66 297 108 323 ἔτι
135 306 165 324 τε
181 297 249 333 πρὸς
262 297 368 329 τούτοις
384 298 416 324 τὸ
438 299 602 334 χαταλήγειν
616 300 656 331 εἰς
671 299 747 331 τέλος
763 301 779 334 ἡ
798 298 858 325 θεία

65 344 240 377 παραιτεῖται
257 343 336 377 φύσις
360 343 427 379 (ἕξει
441 344 495 380 γὰρ
511 344 642 376 ὡσαύτως
659 345 719 376 ἀεὶ,
736 344 808 371 κατὰ
827 344 858 370 τὸ

65 389 96 414 ὲν
111 388 236 424 Ψαλμοῖς
255 389 468 425 μελῳδούμενον,
487 400 495 415 ι
509 390 546 416 Σὺ
562 390 591 417 δὲ
610 391 624 417 ἦ
647 389 728 422 αὐτὸς
751 389 785 422 εἶ,
810 391 858 417 καὶ

64 433 100 460 τὰ
115 433 162 468 ἐτη
178 442 225 460 σου
237 434 288 461 οὐκ
302 434 471 470 ἐκλείψουσιν
483 434 517 472 ›)·
531 436 584 462 ἀπὸ
597 437 677 468 ποίας
691 437 756 472 ἡμῖν
770 437 857 472 ἀρχῆς

63 479 117 514 τῆς
131 481 159 507 ὲν
172 480 261 515 χρόνῳ
277 481 324 507 καὶ
337 480 412 516 ποσῷ
428 482 616 517 μετρουμένης
630 483 643 509 ὁ
656 482 719 513 Υἱὸς
736 482 852 517 ἐκϐήσε-

64 535 113 553 ται
126 546 133 557 ,
149 526 256 561 τρέχειν
270 527 310 558 είς
323 526 400 559 τέλος
420 527 470 554 οὐκ
496 528 660 563 ἀνεχόμενος
672 547 679 559 ,
698 527 745 553 ira
762 527 793 563 δὴ
809 527 856 554 καὶ

64 572 138 599 κατὰ
165 572 246 606 φύσιν
275 573 405 608 ὑπάρχων
421 573 487 604 Θεὸς
499 595 506 605 ,
533 574 582 600 καὶ
609 573 652 600 διὰ
668 573 747 600 τοῦτο
765 573 834 608 βοῶν
847 583 854 589 ·

67 627 77 643 ι
97 618 169 652 Ἐγώ
184 619 242 653 ειμι
257 619 273 654 ή
295 619 350 653 ζωή
366 627 396 651 ςι
421 618 505 654 Ἀρχὴ
519 618 574 654 γὰρ
595 619 664 655 αὑτὴ
680 619 741 645 καθ’
755 619 855 655 ἑαυτὴν

63 664 117 690 οὐχ
127 664 159 690 ἂν
171 664 239 696 ὅλως
251 663 382 699 ὑπάρχειν
393 665 478 691 νοοῖτό
493 673 570 697 ποτε,
586 664 622 699 μὴ
634 665 702 700 πρὸς
714 665 744 691 τὺ
757 666 855 691 οἰκεῖον

64 709 205 745 βλέπουσα
218 710 295 742 τέλος
307 718 314 725 ’
332 710 450 746 ἐπείπερ
464 710 502 742 ὡς
519 711 587 745 πρὸς
608 710 684 742 τέλος
708 711 757 746 μὲν
772 711 854 746 ἀρχὴ,

61 755 143 787 τέλος
157 755 178 782 δ’
193 753 228 782 αὖ
255 755 335 782 πάλιν
357 756 394 787 ὠς
410 756 479 792 πρὸς
494 756 580 790 ἀρχὴν
596 755 768 790 ὀνομάζεται.
792 757 854 792 Ἀρ-

63 799 117 835 χὴν
132 799 160 826 δὲ
177 800 257 826 πάλιν
274 801 304 827 ὲν
317 801 423 832 τούτοις
440 800 489 835 τὴν
503 800 574 826 κατὰ
595 801 690 835 χρόνον
702 821 710 832 ,
723 801 783 836 ἦτοι
807 810 855 827 πο-

64 847 177 882 σότητα,
189 846 370 881 σημαίνομεν.
389 845 494 873 Οὐκοῦν
516 846 666 882 ἐπειδήπερ
689 847 736 873 καὶ
764 847 854 874 αὐτῶν
869 867 890 896 Β

64 892 126 918 ἔστι
141 892 196 918 τῶν
224 891 329 919 αἰώνων
356 891 542 928 πρεσϐύτερος
569 893 583 919 ὸ
606 893 684 925 Υἱὸς,
699 893 730 919 τὸ
758 893 807 929 μὲν
826 894 855 920 ἐν

63 937 155 973 χρόνῳ
167 937 331 973 γεγενῆσθαι
343 938 517 973 διαφεύξεται
527 947 533 953 ·
545 935 580 974 ἦν
592 938 621 965 δὲ
635 939 682 966 καὶ
695 939 738 966 διὰ
753 940 855 972 παντὸς

62 983 102 1014 ὡς
117 983 146 1009 ἐν
160 984 235 1018 πηγῇ
250 982 290 1018 τῷ
304 983 401 1019 Πατρὶ,
419 984 490 1011 κατὰ
505 983 534 1010 τὸ
546 985 610 1020 παρ’
624 983 707 1010 αὐτοῦ
724 984 854 1020 λελεγμέ-

63 1034 121 1055 νον·
136 1036 147 1053 ι
162 1027 233 1062 Ἐγὼ
244 1028 278 1055 ἐκ
290 1028 337 1055 τοῦ
352 1029 459 1064 Πατρδς
473 1029 594 1064 ἐξῆλθον,
606 1030 651 1056 καὶ
662 1030 731 1065 ἥκω.
739 1039 748 1055 ι
760 1030 855 1065 Πηγῆς

62 1073 210 1108 τοιγαροῦν
220 1073 365 1109 νοουμένου
378 1073 425 1101 τοῦ
434 1074 555 1110 Πατρὸς,
566 1072 600 1109 ἦν
612 1075 626 1101 ὁ
635 1075 721 1109 Λόγος
734 1076 763 1102 ὲν
778 1075 852 1111 αὐτῷ

63 1119 158 1153 σοφία.
172 1119 219 1146 καὶ
231 1119 345 1155 δύναμις
355 1139 362 1151 ,
377 1120 425 1147 καὶ
439 1120 582 1156 χαρακτὴρ
591 1140 599 1152 ,
611 1121 658 1148 καὶ
671 1120 852 1157 ἀπαύγασμα,

63 1166 114 1192 καὶ
130 1164 211 1192 είκὼν
224 1166 355 1202 ὑπάρχων
370 1165 462 1192 αὐτοῦ.
476 1166 531 1192 Καὶ
553 1167 578 1192 εί
595 1166 688 1201 χρόνος
703 1164 738 1202 ἦν
754 1166 851 1199 οὐδεὶς,

61 1211 108 1238 ὅτε
121 1211 208 1245 Λόγου
223 1212 308 1247 χωρὶς
317 1230 325 1243 ,
338 1212 386 1238 καὶ
406 1211 503 1246 σοφίας
512 1232 520 1244 ,
534 1212 581 1238 καὶ
597 1212 770 1248 χαρακτῆρος
782 1232 789 1243 ,
806 1213 853 1239 καὶ

61 1256 280 1292 ἁπανγάσματος
305 1254 340 1292 ἦν
365 1257 380 1284 ὸ
396 1258 506 1294 Πατήρ·
532 1257 639 1293 ἀνάγκη
660 1257 852 1292 συνομολογεῖν

62 1301 149 1328 ἀΐδιον
165 1301 297 1337 ὑπάρχειν
315 1301 361 1329 τὸν
380 1302 445 1329 Υίδν
456 1323 464 1336 ,
488 1303 517 1334 ὃς
538 1303 625 1330 ταυτά
641 1304 699 1330 ἐστι
715 1303 755 1338 τῷ
774 1304 851 1339 ἀϊδίῳ

63 1346 165 1381 Πατρί.
181 1347 244 1379 Πῶς
255 1347 309 1383 γὰρ
325 1347 393 1379 ὅλως
408 1348 467 1375 ἐστὶ
482 1349 636 1385 χαρακτὴρ,
653 1349 712 1381 πῶς
728 1350 757 1375 δὲ
770 1349 850 1376 εἰκὼν

60 1390 182 1426 ἀκριϐὴς
194 1411 201 1424 ,
219 1393 243 1419 εί
268 1392 306 1428 μὴ
326 1393 394 1428 πρὸς
415 1393 503 1420 ἐκεῖνο
524 1395 739 1430 μεμορφωμένος
754 1395 850 1431 ὁρᾶται

64 1434 97 1460 τὺ
112 1435 228 1469 κάλλος,
245 1434 276 1464 οὗ
301 1439 348 1466 καὶ
363 1438 437 1465 ἔστιν
462 1439 561 1473 εἰκών,
583 1439 722 1475 ’Δδικήσει
740 1441 769 1467 δὲ
788 1441 856 1472 ὅλως

64 1481 154 1514 οὐδὲν,
172 1482 202 1509 τὸ
225 1483 263 1515 ὡς
277 1484 306 1510 ὲν
321 1485 397 1520 πηγῇ
406 1484 445 1519 τῷ
463 1484 550 1520 Πατρὶ¹
573 1484 619 1511 τὸν
638 1485 702 1512 Υίὺν
724 1486 857 1521 ὑπάρχειν

64 1527 167 1554 ἐννοεῖν
176 1536 184 1543 ⁸
200 1529 279 1563 μόνον
291 1529 345 1565 γὰρ
358 1530 400 1563 τὸ,
418 1530 447 1562 ἐξ
456 1526 498 1562 οὗ,
511 1530 542 1557 τὸ
556 1531 606 1566 τῆς
616 1531 707 1565 πηγῆς
717 1531 745 1558 ὲν
753 1532 856 1564 τούτοις
865 1534 885 1562 C

63 1571 152 1607 ὄνομα
169 1574 306 1609 σημαίνει.
323 1576 401 1602 Ἔστι
415 1575 444 1602 δὲ
468 1577 482 1602 ό
511 1575 575 1608 Υἱὸς
601 1577 630 1603 ὲν
646 1577 733 1612 Πατρὶ
755 1577 803 1603 καὶ
824 1578 857 1604 ἐκ

63 1618 175 1653 Πατρδς
185 1639 192 1651 ,
217 1619 267 1646 οὐκ
287 1620 385 1652 ἔξωθεν
409 1620 426 1656 ἢ
451 1621 480 1648 ὲν
496 1621 587 1656 χρόνῳ
603 1621 722 1655 γεγονὼς
732 1642 739 1654 ,
755 1622 813 1649 ἀλλ’
828 1623 855 1648 ὲν

62 1665 98 1699 τῇ
111 1664 159 1691 τοῦ
174 1665 279 1701 Πατρὸς
296 1667 427 1702 ὑπάρχων
443 1666 522 1702 οὐσίᾳ
532 1687 539 1700 ,
554 1667 601 1694 καὶ
627 1667 657 1699 ἐξ
682 1667 768 1702 αὐτῆς
791 1669 854 1695 ἀνω

63 1709 179 1744 λάμψας
191 1730 199 1742 ,
218 1710 311 1747 ὥσπερ
328 1712 356 1745 ἐξ
373 1711 450 1747 ἡλίου
466 1712 546 1746 τυχὸν
572 1712 603 1738 τὺ
618 1712 788 1747 ἀπαύγασμα
804 1713 854 1739 αύ-

61 1755 146 1791 τοῠ,ῆ
158 1755 283 1792 καθάπερ
294 1758 326 1784 ὲκ
341 1757 426 1792 πυρὸς
440 1758 456 1793 ἡ
470 1758 588 1792 ἔμφυτος
604 1757 687 1784 αὐτοῦ
709 1758 853 1793 θερμότης.

69 1799 117 1826 ‘Ev
130 1800 184 1836 γὰρ
197 1803 252 1833 τοίς
265 1803 395 1834 τοιούτοις
412 1802 640 1838 παραδείγμασιν,
651 1803 680 1829 ἓν
694 1803 742 1838 μὲν
753 1803 782 1835 ἐξ
796 1804 854 1835 ἐνὸς

60 1845 234 1881 γεννώμενον
256 1846 359 1874 ἔνεστιν
376 1847 438 1874 ίδεϊν
448 1867 456 1880 ,
472 1847 514 1873 ἀεὶ
527 1847 548 1873 6‘
559 1845 605 1873 οὖν
627 1847 701 1882 ὅμως
718 1848 854 1883 συνυπάρ-

59 1899 120 1926 χον,
137 1891 184 1918 καὶ
199 1892 360 1927 ἀχωρίστως
372 1892 473 1929 προσὸν
484 1912 491 1924 ,
506 1893 543 1924 ὡς
559 1893 621 1928 δίχα
634 1892 680 1919 τοῦ
706 1894 799 1928 ἐτέρου
814 1895 851 1929 μὴ

59 1934 132 1963 εἶναι
144 1936 272 1964 δύνασθαι
287 1938 348 1964 καθ’
363 1938 443 1965 ἑαυτὸ
468 1939 499 1964 τὸ
518 1939 622 1974 ἓτερον,
645 1938 692 1964 καὶ
710 1939 851 1970 διασώζειν

59 1981 151 2017 ἁληοῆ
165 1982 211 2009 τὸν
225 1983 274 2018 τῆς
292 1983 395 2015 οἰκείας
410 1983 517 2017 φύσεως
533 1983 621 2018 λόγον.
639 1983 702 2015 Πῶς
715 1984 769 2019 γὰρ
783 1985 850 2016 ὅλως

58 2028 138 2062 ἥλιος
150 2028 199 2054 οὐκ
220 2028 289 2064 ἔχων
303 2029 475 2064 ἀπαύγασμα
490 2037 497 2062 ;
515 2029 531 2064 ἢ
547 2029 606 2061 πῶς
619 2029 789 2065 ἀπαύγασμα
812 2031 850 2065 μὴ

58 2073 139 2104 ὄντος
162 2073 236 2108 ἡλίου
261 2073 309 2100 τοῦ
338 2074 543 2109 ἀπαυγάζοντος
569 2075 649 2108 αὐτό;
679 2076 741 2107 Πῶς
759 2076 788 2102 δὲ
805 2076 850 2103 καὶ

59 2118 130 2154 πῦρ,
144 2120 167 2145 εί
179 2119 209 2145 τὸ
224 2119 380 2155 θερμαίνειν
394 2120 445 2147 οὐκ
461 2121 534 2156 ἔχεις
553 2121 634 2149 πόθεν
655 2121 683 2148 δὲ
697 2122 726 2148 τὸ
739 2121 849 2157 θερμὸν,

58 2165 86 2190 εί
102 2163 141 2199 μὴ
154 2165 185 2191 ὲκ
199 2165 285 2200 πυρὸς
298 2185 305 2198 ,
320 2165 337 2201 ἢ
355 2165 431 2201 παρά
445 2174 515 2197 τινος
526 2165 620 2202 ἐτέρου
632 2166 722 2201 τυχὸν,
738 2167 789 2202 τῆς
805 2167 848 2194 τοῦ

908 258 970 277 cu'n
1001 250 1036 277 sit
1064 253 1129 277 ante
1151 256 1235 277 omne
1258 253 1366 284 tempus
1392 252 1419 276 et
1444 249 1553 277 seculis
1579 249 1697 284 priorem

907 297 1099 325 cxsistentiam
1127 295 1237 327 habeat.
1253 303 1286 323 ac
1304 299 1436 330 praeterea
1462 295 1543 323 tinem
1562 296 1698 331 attingere

908 348 1008 370 natura
1023 343 1114 370 divina
1130 341 1239 370 nesciat
1255 341 1363 376 (eodem
1383 341 1456 369 enim
1471 341 1552 368 modo
1574 348 1603 369 se
1623 350 1698 370 sem-

908 398 954 424 per
971 389 1092 423 habebit,
1111 388 1192 424 juxta
1213 388 1279 416 illud
1302 387 1477 416 Psalmistm:
1504 397 1514 413 ι
1541 387 1582 415 Tu
1606 393 1697 416 autem

907 436 977 462 idem
993 435 1051 471 ipse
1064 443 1105 467 es,
1123 439 1151 462 et
1165 434 1229 462 anni
1247 434 1286 461 tui
1305 441 1361 461 non
1383 433 1514 461 deﬁcient
1543 437 1551 451 '
1569 433 1604 469 ι),
1628 442 1699 468 quo-

907 490 971 509 nam
1004 489 1019 508 a
1056 481 1193 517 principio
1227 485 1350 515 tempore
1379 483 1407 507 et
1442 480 1597 515 quantitate
1628 480 1697 508 deli-

907 529 965 554 nito
990 527 1076 555 Filius
1100 526 1240 562 prodibit,
1270 526 1316 561 qui
1343 525 1377 553 ad
1402 526 1483 553 linem
1511 526 1624 554 tendere
1650 534 1699 554 ne-

907 574 969 604 scit,
988 578 1082 607 utpote
1094 572 1249 600 secundum
1267 577 1395 598 naturam
1412 572 1550 600 exsistens
1565 572 1646 604 Dens,
1665 581 1698 600 ac

906 622 1051 652 propterea
1081 617 1220 644 clamatus:
1242 625 1252 642 ‹
1273 616 1328 651 Ego
1350 624 1410 643 sum
1427 617 1506 644 vita’
1529 618 1540 644 ?
1561 627 1570 643 ι
1587 617 1698 644 Princi-

907 663 979 696 pium
998 662 1070 688 cnim
1088 662 1115 688 in
1133 669 1163 688 se
1181 662 1340 696 neutiquam
1362 662 1533 697 intelligetur
1549 670 1619 694 esse.
1646 671 1697 690 ncc

906 707 939 734 ad
955 707 1037 734 linem
1054 714 1134 734 suum
1148 707 1296 743 respicere.
1309 715 1372 734 cum
1390 708 1554 743 principium
1568 714 1695 744 respectu

906 753 940 780 ad
957 753 1048 785 linem,
1066 760 1163 781 rursus
1187 757 1277 780 autem
1297 752 1359 780 ﬁnis
1378 759 1507 788 respectu
1532 756 1565 782 ad
1591 756 1696 790 princi-

906 799 981 834 pium
997 803 1182 834 nuncupetur.
1195 798 1365 833 Principium
1376 807 1441 826 vero
1455 799 1499 827 hic
1516 807 1614 828 rursus
1627 805 1697 829 terna

906 847 991 881 poris,
1011 847 1070 874 sive
1093 846 1275 882 quantitatem
1301 846 1501 882 significamus.
1527 847 1595 875 Cum
1613 849 1696 884 igitur

904 892 972 927 ipsis
985 891 1067 918 etiam
1088 891 1197 919 saeculis
1211 890 1350 926 antiquior
1365 891 1402 918 sit
1415 891 1511 924 Filius.
1528 893 1556 920 in
1572 898 1696 927 tempore

904 938 1014 973 genitus
1027 945 1087 965 esse
1103 945 1158 965 non
1171 938 1285 972 poterit.
1301 938 1348 967 sed
1368 943 1428 966 erat
1444 946 1555 974 semper
1568 940 1596 967 in
1613 939 1695 968 Patre

905 985 979 1012 velut
995 984 1021 1010 in
1038 983 1124 1016 fonte,
1139 984 1219 1012 sicuti
1235 984 1270 1011 ab
1284 984 1344 1019 ipso
1362 984 1465 1012 dictum
1481 990 1540 1013 est:
1558 995 1568 1011 ‹
1588 987 1644 1022 Ego
1660 995 1694 1015 ex

906 1030 986 1059 Patre
1000 1030 1072 1058 exivi
1088 1034 1115 1058 et
1131 1031 1193 1057 veni
1222 1032 1243 1057 '.
1261 1039 1271 1056 ι
1300 1029 1370 1058 Cum
1383 1037 1449 1066 ergo
1465 1030 1548 1059 Pater
1567 1031 1630 1061 fons
1650 1033 1676 1060 in
1687 1048 1694 1054 -

906 1075 1055 1110 telligatnr.
1071 1079 1131 1102 erat
1147 1074 1267 1103 Verbum
1287 1075 1315 1102 in
1332 1075 1405 1110 ipso,
1423 1076 1570 1111 sapientia,
1594 1082 1621 1105 et
1638 1079 1694 1105 vir-

905 1125 962 1152 tus,
982 1125 1010 1148 et
1030 1120 1186 1153 character,
1201 1125 1228 1148 et
1243 1121 1385 1155 splendor,
1403 1126 1429 1149 et
1451 1123 1541 1157 imago
1561 1123 1622 1158 ejus
1645 1132 1693 1151 cx-

905 1168 1017 1194 sistens.
1103 1166 1135 1193 Et
1151 1167 1174 1194 si
1190 1172 1298 1202 tempus
1312 1166 1416 1194 nullum
1432 1174 1491 1196 erat
1504 1169 1614 1203 quando
1630 1171 1694 1198 alzs-

904 1220 958 1248 que
982 1212 1083 1244 Verbo,
1103 1218 1130 1240 et
1153 1212 1300 1247 sapientia,
1313 1217 1341 1240 et
1356 1213 1528 1247 charactere,
1549 1219 1576 1242 et
1600 1215 1693 1250 splen-

904 1258 971 1286 dore
993 1262 1051 1285 erat
1066 1257 1158 1289 Pater,
1174 1257 1255 1284 simul
1269 1257 1350 1284 etiam
1366 1257 1447 1286 fateri
1463 1266 1578 1287 necesse
1599 1266 1642 1286 est
1655 1269 1692 1287 a3-

904 1309 1012 1331 ternum
1037 1311 1099 1331 esse
1119 1303 1235 1335 Filium,
1255 1303 1303 1338 qui
1329 1303 1424 1330 eadem
1443 1308 1485 1331 est
1509 1312 1570 1331 cum
1587 1310 1692 1333 ater-uo

904 1349 994 1377 Patre.
1018 1349 1162 1382 Quomodo
1185 1349 1271 1381 enim,
1288 1349 1398 1381 amabo,
1415 1349 1560 1376 character
1573 1355 1625 1382 est,
1643 1356 1690 1378 aut

904 1395 1040 1430 quomodo
1054 1399 1150 1423 exacta
1166 1395 1267 1430 imago,
1285 1395 1338 1421 nisi
1362 1394 1396 1422 ad
1410 1394 1486 1421 illam
1503 1395 1689 1430 pulchritudi-

898 1439 959 1458 nem
983 1440 1133 1468 expressus
1156 1434 1284 1463 videatur
1301 1436 1381 1470 cujus
1400 1436 1483 1463 etiam
1507 1441 1550 1463 est
1578 1437 1688 1474 imago?

898 1475 969 1520 Nihil
981 1478 1101 1506 obstabit
1112 1487 1206 1514 porro,
1219 1482 1294 1516 quod
1304 1480 1404 1509 Filium
1417 1482 1445 1510 in
1460 1481 1541 1512 Patre
1554 1487 1685 1520 tanquam

898 1519 924 1546 in
941 1519 1017 1548 fonte
1034 1529 1095 1550 esse
1115 1524 1305 1560 intelligimus.
1329 1526 1434 1554 Nomen
1451 1527 1537 1555 fontis
1550 1529 1625 1556 enim
1641 1529 1685 1556 hic

897 1565 997 1598 solum,
1015 1567 1041 1594 id
1057 1576 1091 1596 ex
1106 1577 1171 1604 quo,
1187 1571 1335 1606 signiﬁcat.
1365 1571 1413 1601 Est
1434 1578 1525 1601 autem
1550 1573 1636 1602 Filius
1657 1576 1684 1602 in

896 1609 988 1645 Patre,
1010 1617 1037 1640 et
1059 1621 1093 1641 ex
1108 1614 1200 1647 Patre,
1225 1623 1280 1643 non
1295 1617 1482 1650 extrinsecus,
1504 1623 1551 1646 aut
1567 1619 1595 1647 in
1614 1624 1684 1647 teni-

896 1664 963 1692 pore
981 1660 1100 1694 genitus,
1122 1661 1171 1688 sed
1194 1662 1223 1689 in
1248 1662 1338 1691 Patris
1355 1664 1496 1692 exsistens
1513 1666 1682 1699 substantia,

895 1707 922 1730 et
943 1710 975 1730 ex
1004 1705 1062 1739 ipsa
1087 1705 1231 1742 effulgens,
1250 1709 1325 1735 velut
1345 1717 1378 1736 ex
1395 1710 1453 1737 sole
1470 1711 1612 1745 splendor,
1636 1719 1684 1739 aut

897 1752 1027 1783 tanquam
1044 1750 1079 1777 ab
1107 1751 1170 1786 igne
1194 1752 1306 1780 innatus
1330 1754 1356 1781 ei
1380 1754 1465 1781 calor.
1492 1754 1520 1781 ln
1546 1755 1589 1783 his
1609 1757 1682 1783 cnim

894 1795 1028 1829 exemplis
1051 1804 1135 1824 unum
1161 1798 1271 1832 quidem
1287 1807 1319 1826 ex
1337 1800 1391 1827 alio
1407 1806 1569 1836 prognatum
1591 1802 1684 1829 videre

894 1844 946 1871 est,
964 1845 1153 1870 verumtamen
1173 1850 1282 1878 semper
1306 1845 1488 1878 coexsistens,
1503 1850 1530 1873 et
1543 1847 1683 1882 insepara-

894 1886 986 1914 biliter
1002 1887 1128 1922 insitum,
1146 1889 1183 1916 ita
1208 1893 1237 1917 ut
1260 1891 1365 1925 absque
1388 1891 1474 1920 altero
1492 1893 1608 1920 alterum
1633 1901 1682 1928 per

893 1939 923 1959 se
949 1938 1066 1968 nequeat
1086 1942 1156 1966 esse,
1175 1939 1202 1962 et
1224 1936 1316 1963 veram
1336 1944 1393 1964 sua:
1416 1941 1521 1965 natura!
1547 1939 1681 1967 rationem

894 1977 1023 2017 retinere.
1037 1978 1182 2012 Quomodo
1193 1981 1265 2008 enim
1281 1981 1390 2009 demum
1408 1983 1449 2010 sol
1464 1984 1528 2015 erit,
1542 1985 1565 2011 si
1591 1985 1680 2020 splen-

892 2021 960 2050 dore
979 2024 1015 2051 sit
1030 2025 1191 2060 destitutns,
1210 2030 1258 2053 aut
1272 2028 1411 2062 quomodo
1429 2029 1569 2064 splendor,
1586 2031 1609 2058 si
1624 2038 1681 2058 non

891 2069 929 2096 sit
945 2069 986 2097 sol
1003 2077 1018 2097 a
1036 2078 1092 2105 quo
1106 2071 1283 2100 illustretur?
1306 2073 1451 2106 Quomodo
1475 2083 1541 2103 vero
1556 2076 1639 2111 ignis,
1656 2078 1680 2105 si

891 2114 1070 2144 calefaciendi
1087 2117 1186 2144 virtute
1200 2119 1311 2146 careat?
1326 2118 1405 2148 Unde
1418 2124 1511 2149 autem
1523 2121 1609 2156 calor,
1626 2123 1681 2150 nisi

891 2167 924 2188 ex
940 2161 1011 2196 igne,
1030 2166 1077 2189 aut
1091 2162 1126 2190 ab
1145 2163 1197 2191 alia
1217 2166 1335 2199 quadam
1351 2173 1381 2193 re
1397 2174 1459 2201 qua:
1474 2174 1489 2194 a
1504 2167 1680 2195 substantiali

59 2210 148 2245 πυρὸς
160 2210 306 2243 ούσιώδους
318 2211 460 2247 ποιότητος
475 2211 505 2237 ού
519 2212 628 2246 μακράν
642 2219 692 2237 που
706 2211 805 2247 κειμένε

933 2207 1026 2235 alitate
1039 2208 1111 2243 ignis
1131 2208 1205 2236 haud
1222 2211 1318 2245 procul
1337 2211 1430 2240 absit?
1442 2213 1679 2246 Quemadmodum

58 2255 168 2291 Ὠσπερ
181 2253 227 2282 οὖν
242 2257 272 2282 ὲν
289 2256 404 2289 τούτοις,
419 2256 450 2282 τὸ
464 2256 626 2292 ἐνυπάρχειν
651 2256 686 2284 τὰ
697 2257 727 2288 ἐξ
751 2256 850 2291 αὐτῶν,

56 2301 111 2327 οὐκ
136 2301 243 2336 ἀναιρεί
265 2301 314 2336 τὴν
345 2301 533 2337 συνύπαρξιν.
551 2302 594 2328 ἀεὶ
617 2301 646 2328 δὲ
671 2301 850 2337 συντρέχοντα

55 2345 117 2376 τοῖς
129 2344 244 2378 γεννῶσι
257 2345 376 2372 δεικνύει
404 2346 438 2372 τὰ
458 2345 616 2381 γεννώμενα
628 2366 636 2378 ,
649 2347 697 2373 καὶ
725 2346 790 2381 μίαν
813 2347 849 2378 ὼ..

56 2390 130 2425 πρὸς
146 2390 216 2417 αὐτὰ
243 2391 294 2427 τὴν
308 2391 389 2426 φύσιν
413 2391 614 2428 κληρωσάμενσ.
627 2400 634 2408 ·
650 2391 722 2418 οὕτω
739 2392 785 2418 καὶ
807 2393 841 2427 ἐφ

57 2435 139 2462 Υιοῦ.
155 2436 214 2462 Κᾶν
236 2437 290 2471 γὰρ
305 2437 334 2462 ἐν
359 2437 448 2473 Πατρὶ
461 2437 508 2463 καὶ
529 2437 562 2463 ὲκ
576 2436 683 2472 Πατρδς
697 2436 790 2471 νοῆται
804 2436 849 2463 καὶ

54 2481 191 2515 λέγηται,
208 2482 258 2508 οὐκ
283 2482 398 2516 ἔκφυλος
412 2483 478 2517 ἡμῖν
501 2482 549 2508 καὶ
579 2482 670 2515 ξένος,
686 2481 703 2516 ἢ
728 2481 767 2512 ὡς
792 2481 848 2516 μετ’

55 2525 142 2552 αὑτὸν
154 2526 279 2562 δεύτερος
300 2527 456 2562 εἰσϐήσεται
468 2547 475 2558 ,
497 2527 555 2554 ἀλλ’
571 2526 609 2553 ὢν
634 2527 664 2553 ὲν
689 2526 783 2562 αὐτῷ,
803 2527 850 2553 καὶ

56 2571 239 2607 συνυπάρχων
252 2572 304 2603 ἀεὶ,
325 2573 371 2599 καὶ
395 2573 424 2605 ἐξ
449 2572 532 2599 αὐτοῦ
556 2572 703 2608 πεφηνὼς,
718 2572 790 2599 κατὰ
805 2572 849 2599 τὸν

54 2617 179 2653 ἄρρητον
193 2617 244 2653 τῆς
259 2618 331 2650 θείας
344 2620 497 2655 γεννήσεως
512 2619 621 2655 τρόπον.
637 2619 698 2646 Ὅτι
708 2618 737 2646 δὲ
754 2618 801 2645 καὶ
813 2617 848 2650 ὡς

54 2664 131 2699 ἀρχὴ
147 2664 193 2690 τοῦ
214 2664 278 2692 Υίοῦ
304 2666 374 2693 κατὰ
398 2666 478 2700 μόνον
493 2666 534 2698 τὸ,
562 2665 591 2698 ἐξ
615 2662 656 2698 οὗ,
671 2664 780 2699 λέγεται
804 2663 850 2691 καὶ

54 2710 135 2745 παρὰ
145 2711 200 2742 τοῖς
211 2711 299 2745 ἁγίοις
308 2712 322 2737 ὁ
336 2711 402 2742 Θεὸς
416 2711 462 2738 καὶ
476 2711 581 2748 Πατὴρ,
593 2710 676 2738 ἄκουε
689 2708 736 2736 τοῦ
752 2708 850 2744 Ψαλμ-

53 2753 128 2789 ῳόοῦ
153 2755 202 2788 τὴν
223 2755 352 2790 δευτέραν
378 2756 425 2783 τοῦ
440 2756 567 2792 Σωτῆρος
589 2754 667 2791 ἡμῶν
688 2755 851 2789 ἐπιφάνειαν

97 2842 106 2858 ¹
123 2841 196 2870 Psal.
209 2848 246 2872 cr.
261 2842 306 2870 28.
346 2843 356 2859 ¹
371 2840 449 2869 Joan.
473 2849 526 2876 xtv,
544 2842 569 2869 (ἱ.
608 2841 618 2858 ³
634 2839 713 2870 Joan.
733 2849 788 2874 xw,
806 2841 851 2870 28.

893 2251 977 2286 igitur
996 2252 1024 2279 in
1036 2252 1091 2285 his,
1106 2255 1180 2289 quod
1193 2255 1275 2282 simul
1294 2257 1431 2284 exsistant
1446 2265 1477 2284 ea
1491 2266 1551 2292 (tua:
1566 2263 1632 2286 sunt
1646 2267 1681 2287 ex

893 2297 972 2332 ipsis.
989 2305 1084 2326 eorum
1111 2300 1309 2328 coexsistcntia
1325 2309 1380 2329 non
1408 2303 1523 2335 tollitur,
1540 2304 1588 2331 sed
1607 2305 1680 2339 quod

892 2350 1000 2378 semper
1012 2349 1182 2372 concurrant
1199 2353 1261 2373 cum
1277 2347 1490 2382 productoribus
1504 2350 1573 2382 suis,
1591 2351 1680 2384 palam

893 2388 922 2415 iit
944 2396 1007 2417 esse
1024 2390 1157 2425 producta
1180 2395 1208 2419 et
1225 2400 1307 2420 unam
1325 2401 1386 2421 cum
1401 2395 1469 2429 ipsis
1482 2395 1584 2424 habere
1598 2401 1680 2424 natu-

892 2442 949 2462 ram
965 2443 971 2461 ε
990 2435 1026 2463 ita
1045 2444 1156 2472 quoque
1177 2438 1204 2466 in
1222 2437 1305 2472 Filio;
1323 2439 1386 2467 licet
1410 2441 1483 2468 enim
1513 2441 1540 2468 in
1558 2442 1638 2470 Patre
1652 2447 1680 2470 et

891 2489 923 2508 ex
946 2481 1027 2510 Patre
1048 2483 1221 2519 intelligatur
1237 2493 1268 2512 ac
1284 2485 1403 2519 dicatur,
1432 2495 1487 2515 non
1506 2488 1614 2516 alienus
1632 2497 1680 2516 no-

891 2527 933 2555 bis
953 2532 1001 2555 aut
1024 2534 1164 2563 externus,
1182 2535 1230 2558 aut
1254 2536 1386 2567 tanquam
1404 2533 1439 2561 ab
1459 2534 1519 2569 ipso
1541 2535 1679 2562 secundus

892 2575 1022 2609 prodibit,
1044 2576 1093 2603 sed
1109 2577 1249 2606 exsistens
1265 2578 1294 2605 in
1317 2579 1388 2614 ipso,
1404 2583 1432 2606 et
1448 2587 1558 2614 semper
1571 2582 1679 2608 coexsi-

892 2625 978 2653 stens,
996 2625 1022 2649 et
1041 2629 1076 2649 ει
1100 2622 1161 2658 ipso
1179 2623 1314 2660 eﬂ‘ulgens
1339 2625 1491 2652 secundum
1514 2626 1678 2654 ineﬂ‘abilem

892 2666 991 2694 divina:
1007 2669 1196 2703 generationis
1211 2669 1331 2698 modum.
1358 2671 1436 2704 Quod
1461 2676 1550 2700 autem
1564 2673 1646 2700 etiam
1663 2681 1678 2699 τι

892 2713 996 2740 sanctis
1017 2713 1089 2743 Deus
1109 2719 1137 2742 et
1151 2714 1232 2744 Pater
1253 2722 1386 2751 tanquam
1406 2717 1570 2753 principium
1589 2718 1677 2745 solum

891 2765 924 2785 ex
943 2766 1000 2794 quo
1026 2758 1087 2787 Filii
1104 2760 1224 2794 dicatur,
1239 2761 1303 2790 audi
1321 2761 1498 2790 Psalmistam
1523 2762 1677 2791 secundum
