1891 3076
229 108 280 140 623

837 112 993 142 EU'l‘llYll
1003 113 1025 142 ll
1050 112 1230 142 ZlGABEN‘I

1809 111 1855 142 6‘24

227 175 315 203 nostri
332 175 490 205 Servatoris
516 177 661 206 adventum
681 181 923 214 pnenuntiantem,
940 188 967 211 et
983 184 1012 211 ad

1103 179 1114 205 lt
1126 179 1172 206 τοῦ
1185 179 1263 213 ἁγίου
1281 179 1439 215 Ηνεύματος
1452 181 1686 216 προκηρῦποντος
1698 200 1707 213 ,
1723 179 1774 206 καὶ
1795 180 1859 215 πρὸς

228 222 317 255 ipsum
347 221 446 251 Filium
470 224 628 252 dicentem:
648 235 658 252 ι
675 225 778 255 Tecum
802 229 967 265 principium
987 230 1015 257 in

227 268 271 296 die
304 269 414 297 virtutis
440 273 514 301 tum.
547 271 574 299 in
600 272 746 306 splendore
773 279 929 303 sanctorum
955 281 1017 304 tuo-

227 321 287 341 rum
316 314 336 343 '.
354 324 364 341 ι
391 315 453 343 Dius
471 316 544 343 enim
568 318 680 346 virtutis
696 318 756 346 Filii
774 327 805 347 ea
819 325 871 352 est.
889 329 942 357 qua
956 323 1017 350 uni~

227 367 337 387 versum
356 361 450 388 orbem
474 360 650 396 judicaturus
664 367 717 397 est,
735 367 762 392 et
778 365 930 401 unicuique
945 374 1016 395 mer-

226 405 321 433 cedem
348 405 503 433 secundum
528 413 612 442 opera
643 415 693 435 sua
722 409 892 439 redditurus.
919 411 1017 440 Veniet

227 455 318 478 autem
343 452 459 480 omnino
485 452 568 480 etiam
593 453 652 488 ipse
675 455 815 483 exsistens
837 457 864 484 in
882 457 972 491 Patre,
989 461 1016 485 et

226 497 330 525 habens
352 497 380 524 in
408 497 500 533 seipso
524 497 649 530 Patrem,
673 506 731 527 suae
748 504 855 528 naturae
878 501 1016 536 quodam-

225 543 306 570 modo
323 544 452 579 principii
468 552 567 580 expers
591 545 769 580 principium,
786 546 895 575 scilicet
908 554 941 574 ex
957 555 1012 582 quo

226 589 371 620 duntaxat.
390 595 534 625 propterea
547 589 622 625 quod
636 594 678 618 est
690 598 723 618 ex
738 590 827 619 Patre.

428 641 461 669 In
480 643 610 677 principio
635 647 694 670 erat
716 642 839 672 Verbum.

262 685 395 721 Principii
410 686 444 714 de
461 695 517 722 quo
534 687 580 715 hic
596 689 759 723 quaerimus,
779 691 871 718 multa:
887 698 919 718 ac
935 693 1017 720 variae

225 731 440 763 signiﬁcationes
451 739 481 760 se
497 732 578 760 nobis
589 732 709 760 oll'erunt
724 734 846 768 undique
859 742 921 769 quae
937 736 1016 763 utilia

225 777 281 805 sint
300 778 544 813 investigantibus,
559 783 586 806 et
607 786 707 807 canum
725 779 812 807 instar
828 789 921 808 veram
942 783 1015 810 divi-

225 831 322 850 norum
336 823 496 859 dogmatum
512 825 799 859 comprehensionem,
813 831 840 853 et
853 833 1012 855 accuratam

225 868 418 902 mysteriorum
430 869 565 896 rationem
575 869 768 905 indagantibus
778 880 785 898 ι
797 880 806 896 ι
819 871 989 900 Scrutamini
1001 882 1010 898 ι
1031 866 1052 894 Β

225 914 297 941 cnim
314 923 324 940 ι
341 919 455 942 sanctas
478 914 653 950 Scripturas,
670 925 679 942 ι
695 917 797 944 alicubi
824 917 951 946 Salvator
964 919 1014 951 ait,

227 969 236 985 ι
253 960 318 995 quia
333 967 381 987 vos
400 960 502 995 putatis
516 961 543 988 in
559 961 627 996 ipsis
640 962 724 989 vitam
740 965 872 990 :eternam
889 963 990 992 habere
1005 974 1011 992 :

220 1011 250 1032 et
264 1006 317 1033 illae
334 1010 399 1033 sunt
413 1013 475 1041 qua!
486 1006 676 1034 testimonium
692 1008 836 1042 perhibent
851 1008 885 1036 de
900 1016 945 1037 tne
964 1009 988 1037 ¹¹.
1002 1019 1011 1036 l

223 1051 340 1079 Videtur
355 1051 449 1086 itaque
466 1052 565 1080 beatus
578 1053 750 1088 evangelista
765 1054 893 1088 principii
904 1054 1016 1083 nomine

217 1097 270 1125 ‘hic
292 1101 455 1132 potestatem
481 1104 566 1132 supra
586 1098 677 1125 omnia
703 1099 822 1133 positam
848 1099 1013 1134 signiﬁcare,

217 1144 334 1172 Patrem
361 1144 510 1175 nimirum,
540 1148 571 1172 ut
596 1148 624 1172 et
650 1152 733 1180 supra
761 1145 853 1172 omnia
880 1146 1014 1174 collocata

223 1194 321 1216 natura
335 1189 428 1216 divina
445 1193 593 1224 appareat.
609 1197 670 1224 quae
691 1189 875 1225 quodcunque
890 1196 1013 1219 creatum

222 1238 266 1262 est
284 1235 336 1263 sub
362 1234 479 1270 pedibus
497 1234 594 1268 habet,
612 1238 640 1262 et
661 1234 742 1263 rebus
770 1242 785 1262 a
808 1244 839 1263 se
865 1236 892 1263 in
919 1244 1012 1264 rerum

218 1285 350 1308 naturam
365 1281 448 1308 editis
468 1280 668 1315 propemodum
688 1280 797 1308 insidet.
818 1281 847 1308 ln
865 1281 917 1309 hoc
930 1282 1014 1317 igitur

223 1327 359 1362 principio
376 1326 449 1361 quod
467 1330 509 1354 est
525 1326 553 1353 in
569 1333 666 1354 omnes
681 1330 708 1354 et
729 1334 814 1362 supra
830 1334 937 1360 omnes.
953 1333 1013 1356 erat

225 1372 353 1406 Verbum,
368 1379 422 1399 non
442 1379 506 1399 cum
516 1372 652 1399 omnibus
672 1372 725 1400 sub
743 1373 859 1407 pedibus
874 1373 946 1407 ejus.
963 1375 1010 1402 sed

227 1420 304 1443 extra
319 1417 411 1444 omnia
427 1418 454 1444 in
469 1418 530 1452 ipso
546 1419 720 1451 naturaliter,
743 1426 793 1446 ceu
819 1419 924 1447 fructus
940 1427 1012 1447 coae-

227 1465 341 1494 ternus.
360 1463 467 1494 locum,
489 1467 519 1490 ut
549 1463 585 1490 ita
617 1463 722 1497 dicam,
753 1463 856 1493 habens
884 1466 1013 1493 omnibus

227 1506 424 1541 antiquiorem,
454 1506 545 1534 Patris
574 1507 703 1535 nimirum
738 1510 874 1537 naturam.
908 1510 1047 1541 Idcircop

224 1551 308 1579 etiam
329 1552 400 1580 liber
424 1552 509 1580 libero
525 1552 606 1581 Patre
621 1554 747 1589 genitus,
774 1555 896 1583 universi
924 1555 1011 1589 impe~

226 1596 296 1622 rium
316 1604 369 1622 una
389 1603 451 1624 cum
470 1597 530 1632 ipso
548 1598 640 1626 habet.
655 1598 788 1631 Quaenam
800 1606 865 1633 ergo
879 1599 916 1626 sit
933 1598 1011 1626 dein-

226 1647 290 1675 ceps
314 1641 410 1674 horum
437 1642 582 1670 verborum
599 1647 757 1675 structura,
774 1651 863 1679 operae
888 1645 1006 1679 pretium

225 1688 268 1713 est
290 1685 517 1714 animadvertere.
546 1687 676 1715 Nonnulli
699 1689 848 1721 audacter,
875 1693 905 1717 ut
929 1694 1009 1718 antea

225 1731 355 1762 diximus,
371 1731 418 1759 Dei
431 1731 551 1760 Verbum
568 1738 623 1760 lum
642 1734 760 1768 primum
779 1735 806 1762 in
821 1743 912 1762 rerum
927 1740 1010 1763 natu-

223 1783 283 1802 ram
308 1776 412 1804 editum
437 1778 615 1810 asserebant,
646 1786 708 1806 cum
736 1783 878 1814 assumpto
907 1785 1010 1808 sancta:

223 1821 345 1858 Virginis
362 1823 465 1858 templo
479 1828 591 1857 propter
606 1831 657 1851 nos
673 1824 762 1852 factus
774 1829 816 1852 est
831 1825 923 1853 homo.
938 1825 1008 1858 Quid

222 1874 288 1901 ergo
308 1866 419 1894 demum
444 1866 515 1898 erit,
535 1867 558 1894 si
583 1870 631 1894 aut
650 1872 760 1896 creatus
781 1873 827 1895 aut
851 1868 956 1900 factus.
983 1874 1008 1896 rt

221 1911 346 1945 ejusdem
366 1918 428 1938 cum
445 1911 505 1938 aliis
525 1911 656 1939 omnibus
674 1916 788 1945 naturae,
805 1912 839 1940 de
858 1913 959 1948 quibus
982 1918 1008 1941 et

221 1964 237 1983 e
257 1955 344 1982 nihilo
367 1955 488 1987 creatio,
509 1961 535 1983 et
560 1956 702 1984 servitutis
721 1965 821 1985 nomen
839 1962 866 1985 ct
890 1966 934 1986 res
950 1958 1008 1992 ipsa

220 2001 282 2036 jure
301 2000 451 2028 dicuntur?
473 2001 543 2033 Quid
566 2002 638 2029 enim
663 2005 785 2029 creatum
809 2002 1008 2037 cunctipotenti

222 2047 278 2074 Deo
293 2046 398 2074 servire
412 2046 523 2082 impune
542 2047 725 2081 detrectabit?
740 2048 812 2081 Quid
826 2053 916 2076 autem
939 2057 1007 2076 cun-

222 2092 365 2127 ctipotenti
386 2092 532 2127 principio,
548 2093 688 2127 potestati,
708 2097 735 2121 et
754 2094 936 2122 dominationi
953 2103 1007 2122 non

222 2139 392 2173 subjarebit,
421 2146 502 2173 quam
522 2139 581 2174 ipse
607 2139 710 2167 alicubi
734 2147 846 2175 quoque
870 2139 1006 2175 signiﬁcat

222 2184 352 2212 Salomon
370 2185 464 2213 dicens
481 2194 488 2211 :
509 2193 519 2210 ‹
539 2185 606 2213 Cum
620 2186 730 2220 justitia
744 2185 817 2213 enim
835 2188 1007 2220 praeparatur

221 2230 321 2257 solium
341 2231 486 2265 potestatis
502 2230 512 2244 ¹
529 2249 535 2257 .
555 2239 564 2256 ›
583 2230 700 2258 Paratus
716 2231 788 2258 enim
812 2234 854 2258 est
877 2231 1008 2265 praeclare

220 2275 254 2302 ad
267 2275 403 2310 justitiam
416 2276 462 2303 ille
481 2276 597 2304 thronus
616 2276 676 2312 ejus
693 2276 823 2303 nimirum
838 2284 899 2311 qua;
923 2284 1007 2311 supra

220 2327 316 2348 omnes
335 2324 375 2348 est
395 2321 551 2356 potestatis.
579 2323 612 2349 Et
627 2322 690 2357 quis
713 2321 759 2349 ille
777 2322 894 2350 thronus
912 2322 958 2356 sit,
974 2321 1007 2349 de

221 2373 274 2400 quo
289 2366 334 2394 hic
352 2365 502 2402 loquimur,
516 2367 579 2395 audi
592 2367 678 2395 Deum
691 2374 741 2402 per
750 2375 835 2394 unum
849 2372 1005 2395 sanctorum

220 2411 356 2440 dicentem
382 2421 388 2440 :
418 2411 548 2440 «leum
572 2413 639 2440 mihi
662 2413 819 2441 thronush
842 2413 934 2449 Itaque
959 2421 1006 2449 pa-

221 2461 310 2484 ratum
328 2462 370 2485 est
387 2458 420 2484 ad
437 2457 572 2492 justitiam
587 2458 700 2489 coelum,
717 2457 769 2485 hoc
786 2463 836 2490 est,
853 2459 900 2493 qui
921 2461 1005 2486 malos

220 2502 344 2530 incolunt
369 2503 457 2530 sancti
483 2503 607 2538 spiritus.
643 2503 779 2536 Quoniam
803 2511 869 2538 ergo
894 2512 1006 2531 necesse

219 2553 278 2575 erat
294 2549 419 2576 conﬁteri
437 2556 490 2575 una
513 2556 575 2575 cum
594 2548 656 2576 aliis
672 2549 816 2579 creaturis”,
829 2549 927 2585 suhjici
951 2549 1006 2577 Deo

219 2602 252 2621 ac
269 2593 342 2622 Patri
362 2594 461 2621 Filium
473 2614 480 2626 ,
500 2599 628 2629 tanquam
649 2594 742 2622 servili
761 2595 917 2623 conditione
934 2603 1005 2630 prae-

218 2640 320 2672 ditum,
343 2645 370 2667 et
393 2640 520 2675 principii
545 2641 673 2675 potestati
761 2641 875 2675 perinde
897 2649 929 2669 ac
953 2642 1005 2668 alia

219 2686 370 2716 subditum.
385 2686 418 2718 si,
437 2689 467 2712 ut
481 2686 521 2713 illi
539 2685 643 2718 volunt,
658 2693 722 2714 sero
738 2687 857 2722 genitus,
868 2690 895 2715 et
909 2695 1004 2714 eorum

219 2733 266 2768 qui
293 2733 320 2760 in
345 2737 467 2765 tempore
492 2732 556 2760 facti
575 2737 640 2761 sunt
668 2740 740 2761 unus
764 2738 805 2762 cst
824 2743 830 2761 :
847 2734 1005 2762 necessario

262 2814 268 2828 ·
286 2810 359 2839 Psal.
374 2818 430 2845 cu,
448 2811 475 2839 3.
515 2811 524 2826 '
542 2809 610 2838 Joau
640 2819 667 2845 v,
685 2810 729 2839 59.
769 2810 779 2826 ³
795 2809 875 2837 Prov.
897 2816 951 2842 xvt,
969 2809 1014 2837 η.

1069 225 1148 252 αὐτὸν
1167 224 1293 259 λέγοντος
1319 224 1364 250 τὸν
1390 224 1470 251 Υἱόν’
1504 235 1512 251 ι
1531 225 1609 252 Μετὰ
1631 224 1677 251 σοῦ
1694 225 1712 259 ἡ
1736 225 1811 259 ἀρχὴ
1834 226 1858 251 ὲν

1068 269 1160 305 ἡμέρᾳ
1182 269 1232 303 τῆς
1255 267 1395 303 δυνάμεώς
1411 276 1458 294 σου
1471 288 1479 300 ,
1504 269 1533 294 ὲν
1555 270 1589 303 τῇ
1612 268 1794 303 λαμπρότητι
1810 269 1859 294 τῶν

1068 315 1154 350 ἁγίων
1180 323 1237 341 σου.
1254 324 1263 341 ι
1280 313 1388 350 Ἡμέρα
1407 314 1460 349 γὰρ
1476 313 1618 349 δυνάμεως
1639 314 1686 341 τοῦ
1708 314 1790 346 Tia-5,
1805 315 1859 340 καθ’

1067 362 1102 398 ἣν
1117 361 1180 396 ὅλην
1197 361 1286 394 κρινεῖ
1298 359 1347 395 τὴν
1361 359 1536 395 οἰκουμένην,
1555 360 1604 386 καὶ
1618 359 1790 386 ἀποδίδωσιν
1803 360 1860 385 ἑκά-

1069 416 1124 443 στῳ
1143 407 1213 434 κατὰ
1229 407 1263 434 τὰ
1288 406 1356 441 ἔργα
1372 405 1470 432 αὐτοῦ·
1488 406 1549 441 ἥξει
1568 406 1596 432 δὲ
1613 406 1725 436 πάντως
1740 406 1793 432 καὶ
1806 406 1861 431 τότε

1069 453 1150 484 αὐτός
1166 461 1195 479 τε
1217 452 1255 479 ὢν
1272 452 1300 478 ἑν
1319 451 1418 487 Πατρὶ,
1438 451 1485 478 καὶ
1501 451 1570 486 ἔχων
1584 452 1612 477 ὲν
1630 450 1725 485 ἑαυτῷ
1741 450 1792 477 τὸν
1811 451 1861 477 Πα-

1068 498 1147 534 τέρα,
1169 497 1218 533 τὴν
1235 497 1353 532 ἄναρχον
1369 497 1418 531 τῆς
1436 496 1539 528 οἰκείας
1564 495 1673 530 φύσεως
1695 496 1783 522 οἱονεί
1810 504 1862 527 πως

1068 545 1166 580 ἀρχὴν,
1181 543 1251 571 κατὰ
1272 543 1351 579 μόνον
1377 542 1421 576 τὸ,
1446 542 1477 574 ἐξ
1493 539 1522 569 οὗ
1533 561 1542 574 ,
1556 542 1602 568 διὰ
1622 542 1653 568 τὸ
1669 541 1812 577 ὑπάρχειν
1834 543 1861 568 ἐι

1069 590 1187 626 Πατρός.

1289 643 1341 670 Ἔν
1357 642 1436 678 ἀρχῇ
1447 640 1487 678 ἦν
1499 642 1517 669 ὀ
1527 642 1630 676 Λόγος.

1103 691 1151 721 Είς
1164 689 1264 720 πολλὰς
1279 689 1345 724 ἡμῖν
1362 689 1410 715 καὶ
1424 688 1570 725 διαφόρους
1583 687 1689 719 ἐννοίας
1702 688 1719 714 ὁ
1735 688 1805 723 περὶ
1819 687 1861 722 τῆς

1068 736 1162 763 ἐνθάδε
1179 733 1381 770 σημαινομένης
1402 734 1491 770 ἀρχῆς
1513 734 1764 760 καταποικίλλεται
1779 734 1860 766 λόγκ,

1069 780 1235 815 πανταχόθεν
1263 779 1398 814 θηρᾶσθαι
1428 778 1586 810 σπουδάζων
1613 778 1649 804 τὰ
1674 779 1718 809 είς
1733 778 1861 812 ὠφέλειαν

1065 825 1246 858 συντείνοντα,
1262 825 1309 852 καὶ
1320 824 1473 859 κατάληψιν
1488 824 1576 859 ἀληθῆ
1595 823 1649 850 τῶν
1663 823 1751 850 θείων
1766 824 1862 858 δογμὲ-

1065 876 1131 903 των,
1158 871 1205 897 καὶ
1232 870 1282 906 τὴν
1304 871 1333 897 ὲν
1349 871 1405 901 τοῖς
1430 869 1589 905 μυστηρίοις
1611 869 1764 905 ἀκρίϐειαν
1789 870 1862 900 activi;

1066 917 1145 952 δίκην
1176 916 1341 952 ίχνηλατῶν·
1370 925 1379 942 ι
1402 915 1618 951 Ἐρευνᾶτεξγάρ
1635 924 1687 941 που
1708 915 1766 947 τὰς
1789 915 1862 948 ἁγίας

1066 962 1187 997 Γραφὰς,
1227 961 1309 996 φησὶν
1330 962 1345 987 ὁ
1376 961 1481 997 Σωτήρ·
1509 961 1550 987 ὅτι
1581 961 1610 987 ὲν
1638 960 1744 992 αὑταῖς
1790 961 1862 995 ὑμεξ

1066 1008 1168 1035 δοκεῖτε
1182 1007 1253 1042 ζωὴν
1267 1007 1374 1034 αἰώνιον
1390 1007 1462 1042 ἔχειν
1473 1026 1480 1038 ,
1499 1007 1545 1033 καὶ
1561 1006 1640 1033 αὐταί
1657 1007 1734 1032 εἰσιν
1748 1008 1780 1033 αἱ
1798 1015 1861 1041 μαρ-

1064 1053 1195 1089 τυροῦσαι
1229 1053 1294 1088 περὶ
1324 1052 1402 1088 ἐμοῦ.
1421 1062 1431 1079 ι
1452 1051 1545 1079 Ἔοικε
1570 1051 1661 1078 τοίνυν
1684 1053 1699 1078 ὁ
1728 1052 1862 1087 μακάριος

1064 1098 1261 1134 εὐαγγελιστὴς
1276 1097 1363 1134 ἀρχὴν
1376 1098 1480 1131 ἐνθάδε,
1494 1097 1544 1133 τὴν
1558 1097 1628 1124 κατὰ
1642 1097 1763 1124 πάντων
1791 1098 1861 1130 ἐξου-

1067 1145 1136 1176 σίαν,
1154 1145 1226 1171 τοῦτ’
1249 1144 1317 1176 ἐστι,
1331 1144 1376 1171 τὸν
1392 1144 1505 1179 Πατέρα
1525 1144 1679 1179 σημαίνειν·
1699 1144 1752 1170 ἵνα
1767 1144 1802 1179 δὴ
1822 1145 1861 1170 καὶ

1063 1191 1155 1218 ἐπάνω
1168 1191 1275 1217 πάντων
1288 1191 1304 1225 ὴ
1322 1189 1382 1217 θεία
1395 1190 1524 1226 φαίνηται
1539 1190 1629 1224 φύσις,
1643 1190 1699 1216 πᾶν
1718 1189 1795 1224 Ξπερ
1810 1190 1861 1216 ἐπὶ

1063 1236 1175 1272 γενητὸν
1197 1236 1249 1263 ὑπὸ
1258 1236 1341 1268 πόδας
1349 1235 1462 1271 ἔχουσα,
1474 1236 1613 1271 μονονουχὶ
1625 1236 1673 1262 καὶ
1686 1236 1861 1270 ἐποχουμένη

1061 1284 1117 1315 τοῖς
1133 1282 1166 1309 δι’
1177 1282 1262 1317 αὐτῆς
1284 1283 1324 1314 εἰς
1355 1282 1386 1308 τὸ
1411 1279 1481 1308 εἶναι
1497 1281 1688 1317 κεκλημένοις.
1711 1282 1762 1307 ἐν
1778 1281 1862 1316 ταύτῃ

1064 1328 1208 1364 τοιγαροῦν
1217 1329 1251 1364 τῇ
1268 1328 1350 1364 ἀρχῇ,
1367 1330 1400 1363 τῇ
1415 1327 1485 1354 κατὰ
1499 1329 1606 1354 πάντων
1622 1333 1669 1353 και
1680 1327 1730 1352 ἐπὶ
1745 1327 1861 1357 πάντας.

1062 1373 1097 1410 ἦν
1111 1376 1126 1401 ὁ
1139 1375 1233 1408 Λόγος,
1247 1374 1277 1400 οὺ
1290 1373 1359 1408 μετὰ
1382 1373 1489 1399 πάντων
1508 1372 1560 1398 ὑπὸ
1584 1371 1668 1402 πόδας
1682 1371 1787 1405 αὐτῆς,
1807 1370 1862 1397 till’

1068 1413 1120 1446 ἔξω
1132 1413 1239 1440 πάντων
1252 1413 1280 1438 ὲν
1297 1412 1365 1447 αὐτῇ
1378 1412 1509 1446 φυσικῶς,
1531 1411 1568 1443 ὡς
1585 1412 1689 1447 καρπὸς
1705 1413 1858 1442 contam.

1067 1457 1149 1484 τόπον
1161 1457 1254 1492 ὥσπερ
1263 1456 1331 1491 ἔχων
1344 1455 1397 1483 τῶν
1419 1456 1545 1483 ἁπάντων
1557 1456 1738 1491 ἀρχαιότερον
1753 1457 1807 1491 τὴν
1818 1455 1860 1482 τε]

1068 1503 1247 1538 γεννήσαντος
1261 1502 1351 1537 φύσιν.
1367 1503 1412 1530 Διδ
1433 1503 1465 1538 δὴ
1489 1503 1535 1529 καὶ
1554 1502 1696 1538 ἐλεύθερος
1709 1503 1860 1537 ἐλευθέρου

1069 1549 1174 1584 Πατρὺς
1186 1548 1325 1583 πεφυκὼς,
1338 1549 1388 1584 τὴν
1404 1548 1474 1576 κατὰ
1494 1548 1603 1575 πάντων
1617 1548 1705 1583 ἀρχὴν
1724 1549 1779 1575 σὺν
1792 1548 1862 1582 αὐτῷ

1069 1595 1243 1630 κεκτήσεται.
1270 1594 1318 1626 Τίς
1344 1592 1390 1621 οὖν
1414 1594 1468 1630 ἄρα
1494 1594 1541 1621 καὶ
1557 1593 1605 1620 νῦν
1627 1594 1641 1619 ό
1655 1593 1703 1627 τῆς
1723 1593 1756 1620 ὲν
1775 1593 1863 1627 τούτῳ

1069 1640 1241 1674 κατασκευῆς
1253 1641 1396 1675 γενήσεται
1410 1640 1498 1673 λόγος,
1508 1639 1653 1667 ἀκόλουθον
1666 1639 1803 1665 συνιδεῖν.
1813 1640 1863 1665 Ῥι-

1074 1685 1234 1720 ίιοκινδύνως
1249 1684 1331 1717 τινὲς,
1349 1685 1474 1720 καθάπερ
1486 1684 1591 1719 ἔφημεν
1605 1685 1634 1711 ὲν
1647 1685 1703 1715 τοῖς
1715 1684 1862 1719 ἀνωτέρω,

1074 1731 1114 1756 τὸν
1126 1730 1172 1756 τοῦ
1186 1730 1253 1756 Θεοῦ
1281 1729 1367 1764 Λόγον
1387 1730 1447 1757 τότε
1460 1729 1491 1764 δὴ
1503 1729 1610 1764 πρῶτον
1629 1729 1668 1760 εἰς
1678 1729 1709 1755 τὸ
1725 1726 1803 1756 εἶναι
1822 1738 1863 1755 κε-

1070 1776 1183 1811 κλῆσθαι
1199 1775 1403 1810 διισχυρίζοντο,
1416 1776 1459 1801 an:
1475 1775 1520 1802 τὸν
1538 1775 1571 1802 ὲκ
1587 1775 1638 1809 τῆς
1653 1773 1739 1808 ἁγίας
1755 1775 1863 1809 Παρθέ-

1068 1830 1114 1848 νου
1141 1821 1205 1847 ναὸν
1228 1820 1328 1852 λαϐὼν,
1344 1819 1487 1856 ἄνθρωπος
1499 1819 1595 1854 γέγονε
1615 1819 1647 1845 δι’
1660 1819 1740 1854 ἡμᾶς
1756 1820 1807 1846 Τ.ί
1823 1817 1863 1845 οἶν

1069 1866 1103 1892 ἂν
1115 1866 1158 1901 εἴη
1183 1865 1286 1896 λοιπὸν,
1304 1865 1383 1900 εἴπερ
1410 1863 1557 1901 ᾗγενητδς
1585 1864 1632 1891 καὶ
1658 1864 1863 1898 πεποιημένος,

1069 1912 1115 1939 καὶ
1128 1913 1184 1943 τοῖς
1197 1911 1286 1942 ἄλλοις
1300 1911 1401 1938 ἅπασιν
1421 1910 1553 1945 ὀμοφυὴς,
1569 1906 1609 1941 οἷς
1625 1909 1655 1942 ἐξ
1670 1909 1721 1935 οὐκ
1743 1909 1836 1936 ὅντων
1850 1910 1864 1942 ἠ

1068 1958 1184 1992 γένεσις,
1200 1957 1246 1984 καὶ
1264 1957 1294 1983 τὸ
1307 1957 1357 1992 τῆς
1371 1956 1491 1987 δουλείας
1508 1955 1594 1989 ὄνομά
1616 1963 1647 1981 τε
1671 1954 1721 1980 καὶ
1739 1956 1864 1990 πρᾶγμα

1068 2003 1179 2034 δικαίως
1193 2001 1405 2037 humanis-rat;
1421 2001 1453 2028 Τί
1466 2000 1520 2036 γὰρ
1535 2001 1588 2027 τῶν
1601 2000 1804 2035 πεποιημένων
1820 2000 1865 2034 τὴν

1069 2049 1121 2075 ὑπὸ
1132 2049 1170 2084 τῷ
1188 2049 1296 2076 πάντων
1321 2046 1466 2082 κρατοῦντι
1486 2045 1545 2081 Θεῷ
1560 2045 1684 2072 δουλείαν
1708 2045 1865 2075 ἀκινδύνως

1068 2094 1288 2129 παραιτήσεται;
1317 2092 1343 2119 τί
1358 2092 1387 2119 δὲ
1399 2092 1447 2126 οὐχ
1460 2090 1594 2124 ὑποκύψει
1612 2091 1646 2125 τῇ
1660 2090 1733 2116 κατὰ
1754 2090 1865 2117 πάντων

1067 2141 1139 2176 ἀρχῇ
1154 2148 1183 2166 τε
1211 2139 1259 2165 καὶ
1283 2137 1404 2173 ἐξουσίᾳ,
1429 2137 1476 2163 καὶ
1491 2135 1642 2173 κυριότητι,
1661 2135 1696 2170 ἢν
1710 2135 1763 2162 καὶ
1786 2136 1864 2166 αὑτός

1068 2195 1118 2212 που
1135 2184 1262 2220 σημαίνει
1275 2183 1362 2217 λέγων
1372 2184 1386 2209 ὁ
1401 2182 1526 2217 Σολομών
1536 2190 1542 2196 ·
1562 2191 1571 2206 ι
1590 2180 1667 2207 Μετὰ
1683 2180 1741 2215 γὰρ
1763 2181 1865 2207 δίκαιοι

1069 2232 1151 2265 σύνης
1182 2229 1355 2264 ὲτοιμάζεται
1379 2227 1473 2263 θρόνος
1496 2228 1603 2262 ἀρχῆς;
1622 2235 1632 2252 ι
1648 2225 1788 2260 Ἐτοιμος
1816 2226 1866 2259 γὰρ

1069 2278 1116 2304 καὶ
1131 2277 1197 2304 πολὺ
1209 2276 1269 2302 λίαν
1287 2274 1427 2310 εὐπρεπὴς
1441 2275 1480 2305 είς
1495 2272 1690 2307 δικαιοσύνηνὸ
1705 2271 1760 2309 τῆς
1781 2272 1868 2307 ἀρχῆς

1068 2323 1172 2358 Θρόνος,
1184 2323 1232 2358 τῆς
1247 2321 1294 2348 ἐπὶ
1307 2321 1409 2352 πάντας
1424 2319 1534 2354 δηλαδή.
1547 2319 1601 2346 Καὶ
1616 2317 1679 2350 τίςᾶ
1691 2318 1798 2353 θρόνος
1810 2317 1869 2351 περὶ

1069 2363 1099 2394 οὗ
1118 2366 1166 2393 νῦν
1181 2367 1195 2394 ὀ
1208 2366 1295 2401 λόγος,
1311 2365 1394 2392 ἄκουε
1409 2364 1534 2398 λέγοντος
1548 2364 1595 2390 τοῦ
1612 2363 1679 2391 Θεοῦ
1689 2363 1723 2390 δι’
1736 2363 1806 2395 ἑνὸς
1821 2363 1868 2389 τῶν

1069 2413 1164 2446 ἁγίων·
1185 2421 1193 2437 ι
1218 2412 1246 2438 '0
1274 2410 1388 2446 οὐρανός
1419 2418 1463 2444 μοι
1478 2410 1581 2445 θρόνος.
1601 2419 1610 2436 ι
1626 2408 1733 2436 Οὐκοῦν
1756 2408 1868 2444 ἕτοιμος

1069 2458 1108 2489 είς
1122 2457 1292 2491 δικαιοσύνην
1307 2457 1321 2482 ὁ
1335 2455 1457 2492 οὐρανὸς,
1469 2456 1540 2482 τοῦτ’
1556 2455 1623 2487 ἔστι,
1641 2455 1675 2482 τὰ
1696 2455 1727 2481 ὲν
1738 2456 1806 2486 τοῖς
1828 2454 1868 2481 οὔ·

1070 2505 1160 2540 ρανοῖς
1177 2503 1241 2538 ἅγια
1269 2503 1419 2538 πνεύματα.
1449 2502 1556 2538 Ἐπειδὴ
1585 2501 1674 2528 τοίνυν
1698 2499 1733 2536 ἦν
1759 2501 1867 2534 ἀνάγκη

1071 2550 1270 2584 συνομολογεῖν,
1284 2549 1353 2584 μετὰ
1363 2548 1417 2575 τῶν
1430 2548 1517 2576 ἄλλων
1531 2548 1693 2583 ποιημάτων
1701 2548 1868 2575 ὑποκεῖσῦει

1070 2596 1107 2631 τῷ
1117 2595 1176 2631 Θεῷ
1192 2595 1238 2622 καὶ
1263 2595 1351 2631 Harp!
1369 2595 1414 2621 τὸν
1441 2594 1516 2625 Υίὺν,
1547 2593 1584 2625 ὡς
1609 2594 1749 2628 οἰκετικὴν
1774 2594 1868 2628 ἔχοντα

1069 2642 1154 2676 τάξιν,
1184 2642 1231 2670 καὶ
1253 2642 1306 2669 ὖπδ
1330 2641 1380 2677 τὴν
1404 2641 1454 2676 τῆς
1488 2640 1574 2676 ἀρχῆς
1604 2639 1727 2671 ὲξουσὲαν
1768 2640 1867 2675 ὁμοξως

1070 2689 1201 2715 πίπτοντα
1216 2689 1271 2719 τοῖς
1287 2687 1388 2719 ἄλλοις,
1415 2687 1494 2722 είπερ
1514 2686 1573 2712 ἐστὶ
1589 2685 1650 2712 κατ’
1665 2684 1799 2717 ἐκείνους
1812 2686 1865 2718 6:}:-

1070 2734 1162 2769 γενὴς,
1178 2732 1288 2761 καὶτῶν
1302 2733 1330 2761 ὲν
1342 2732 1431 2768 χρόνῳ
1439 2730 1629 2767 πεποιημένων
1639 2728 1689 2761 εἷς·
1704 2729 1865 2765 ἀναγκαίως
