1891 3076
42 158 107 189 625

539 160 732 192 PANOPLIA
751 159 983 191 DOGMATICA.
1002 173 1035 178 —
1056 160 1131 191 TlT.
1152 161 1206 191 Χῐ.

1631 160 1684 192 02³6

37 228 55 253 6
74 227 224 262 μακάριος
245 226 441 263 εὐαγγελιστὴς
465 228 626 264 δριμύτερον
650 230 706 261 τοῖς
734 230 836 265 ἐτεροδι

902 227 997 254 beatus
1017 227 1186 262 evangelista
1200 226 1291 254 acrius
1306 227 1419 255 insultat
1440 228 1586 258 haereticis,
1601 232 1627 255 ct
1651 229 1685 255 ab

37 272 239 300 δασκαλοῢσιν
254 274 382 310 ὲπιπηδᾷ·
410 275 457 301 καὶ
478 275 600 307 δουλείας
624 276 672 310 μὲν
686 276 793 312 ἀπάσης
808 277 850 309 ἐξ·

37 319 124 346 ἐὶχει
141 319 191 346 τὸν
207 319 290 347 Υίόν·
319 321 351 347 ὲκ
374 321 402 347 δὲ
429 321 478 357 τῆς
504 322 648 359 ἐλευθέρας
664 324 711 350 καὶ
739 324 849 352 πάντων

37 365 197 400 ἀρχούσης
223 367 316 399 οὑσίας
337 367 510 403 ὲκπεφηνότα
529 369 656 400 δεικνύει,
671 371 718 398 κα)⁸
735 371 763 397 ἐν
779 371 847 407 αὑτῇ

38 411 184 443 φυσικῶς
195 412 326 448 ὑπάρχειν
340 414 516 450 ἰσχυρίζεται,
531 415 627 450 λέγων·
637 416 689 443 Ἐν
706 416 785 452 ἀρχῇ
807 415 847 452 ἦν

39 457 59 482 ὀ
78 457 198 490 Λόγος.

89 501 257 528 Ἐπιπλέκει
278 503 307 529 δὲ
336 503 374 537 τῷ
386 504 436 538 τῆς
459 505 556 540 ἀρχῆς
578 506 690 542 ὀνόματι
705 508 847 543 χρησίμως

38 545 74 572 τὸ
92 544 150 580 ἦν,
168 547 210 573 ἵνα
225 547 262 583 μὴ
277 548 358 583 μόνον
372 549 496 586 εὐκλεὴς,
515 551 583 578 ἁ).λὰ
602 552 697 587 νοῆται
721 554 767 580 καὶ
781 563 842 588 προ-

39 590 164 623 αιὼνιος
176 600 183 607 ⁸
194 592 311 620 τέθειται
323 593 378 630 γὰρ
402 595 432 622 ἐν
443 596 548 628 τούτοις
568 597 597 623 τὸ
611 595 658 632 ἦν.
677 599 716 629 είς
734 598 845 633 βαθεῖάν

37 644 122 682 Enna,
142 637 192 662 καὶ
207 637 408 674 ἀκατάληπτον,
424 641 470 667 καὶ
483 640 532 676 τὴν
547 641 599 673 ἔξω
612 642 715 677 χρόνων
727 643 846 679 ἄρρητον

43 681 183 716 γέννησιν
194 682 331 709 ἀνατεῖνον
361 684 408 711 τοῦ
433 685 598 721 θεωροῦντος
613 688 662 723 τὴν
681 688 794 718 ἔννοιαν.
810 690 846 717 Τὸ

37 727 104 761 γὰρ
122 725 174 762 ἦν,
187 728 349 763 ἀδιορίστως
361 730 528 768 ὲκφωνηθὲν,
541 735 580 765 είς
597 736 672 762 ποῖον
683 736 749 770 ἡμῖν
759 745 844 763 κατα-

40 772 127 808 λήξει
171 773 263 805 τόπον,
286 775 328 801 ἀεὶ
354 776 530 810 προελαύνειν
556 779 603 805 τοῦ
626 779 767 813 διώκοντος
797 782 843 808 νοῦ

43 818 189 851 πεφυκὸς,
209 820 256 846 καὶ
269 820 301 854 ἢν
315 820 404 856 οἴηταί
414 831 454 854 τις
468 822 541 858 ἔχειν
553 825 634 852 αὑτοῦ
643 826 693 861 τὴν
701 827 843 854 κατάπαυ-

899 271 974 299 omni
989 271 1101 306 quidem
1118 271 1250 299 servitute
1263 271 1361 298 Filium
1380 272 1511 306 vindicat,
1529 277 1556 300 et
1573 273 1607 300 ab
1623 280 1684 300 om-

899 317 1038 352 nipotente
1065 317 1218 344 substantia
1245 323 1357 344 manare
1381 317 1517 348 ostendit,
1545 317 1575 344 in
1599 325 1686 352 eaque

899 362 1063 389 naturaliter
1085 361 1174 397 ipsum
1203 361 1339 390 exsistere
1367 362 1478 396 asserit,
1506 363 1600 391 dicens
1622 372 1628 390 :
1651 363 1683 390 In

897 408 1025 442 principio
1040 412 1097 434 erat
1122 406 1245 434 Verbum.

935 495 1064 528 Principii
1079 500 1168 523 autem
1186 496 1321 524 vocabulo
1352 496 1430 530 illud,
1444 502 1512 528 erat,
1530 497 1681 532 subjungit,

896 544 926 567 ut
939 548 993 566 non
1015 541 1103 567 solum
1123 541 1272 575 gloriosus,
1293 549 1387 569 verum
1401 542 1482 569 etiam
1495 546 1558 570 ante
1582 543 1683 570 saecula

895 586 1004 622 genitus
1020 586 1198 621 intelligatur.
1217 586 1284 614 illud
1301 587 1372 614 enim
1383 607 1390 619 ,
1413 593 1487 620 erat,
1504 587 1549 615 hic
1562 589 1682 623 positum

895 637 956 663 est,
990 639 1045 666 quo
1077 632 1289 667 eontemplantis
1319 633 1429 661 animus
1457 633 1485 660 in
1518 634 1681 669 profundant:

894 677 1041 712 quamdam
1065 682 1092 705 et
1111 677 1431 712 incomprehensibilem,
1457 682 1484 706 et
1517 679 1681 707 ineffabilem

893 731 954 758 qua:
970 727 1070 750 cuncta
1092 729 1204 758 superat
1220 728 1343 758 tempora
1366 725 1572 759 generationem
1589 726 1681 753 inten-

893 770 985 797 datur.
1005 779 1014 796 ‹
1033 769 1098 797 Erat
1114 779 1122 795 ι
1136 769 1220 802 enim,
1237 768 1379 796 indeﬁnite
1396 769 1543 804 prolatum,
1559 777 1678 805 quonam

894 814 921 840 in
945 814 1005 841 loco
1031 821 1081 841 nos
1107 813 1201 846 sistet,
1232 821 1294 841 cum
1324 817 1535 848 prosequentem
1563 820 1678 842 mentem

43 873 103 896 σιν,
119 865 224 899 ταύτην
234 865 280 892 τοῦ
293 867 420 894 ἐπέκεινα
435 868 534 904 δρόμου
555 859 714 906 ποιούμενον
731 873 838 908 ἁρχήν;

903 863 991 886 natura
1004 866 1054 886 sua
1069 866 1178 894 semper
1192 863 1353 891 antevertat,
1369 864 1396 886 et
1412 867 1493 894 quam
1510 859 1583 887 illius
1600 860 1680 895 quie-
1732 891 1735 894 ⁴

45 921 55 937 ‹
76 909 137 938 Ἦν
165 909 212 938 οὖν
233 913 248 938 ὀ
274 912 360 947 Λόγος
375 914 404 940 ὲν
423 915 504 950 ἀρχῇ,
522 926 531 942 ι
547 917 618 943 τοῦτ’
644 917 727 950 ἔστιν,
747 918 784 951 ὡς
812 920 840 946 ὲν

42 957 124 992 ἀρχῇ
139 959 174 993 τῇ
188 958 234 984 ἐπὶ
249 958 347 992 πάντα,
361 960 408 986 καὶ
423 960 453 992 ἐξ
474 961 558 997 αὐτῆς
572 963 702 999 ὑπάρχων
718 965 839 998 φυσικῶς

43 1003 76 1029 τὺ
90 1003 254 1030 δεσποτικὸν
268 1003 337 1039 ἔχων
356 1004 474 1040 ἀξίωμα.
489 1007 520 1033 Et
530 1007 557 1034 δὲ
570 1008 648 1035 τοῦτο
662 1009 770 1046 ἀληθὲς,
782 1011 840 1042 πῶς

43 1049 88 1075 ἔτι
117 1049 243 1084 γενητὸς,
260 1050 277 1086 ἢ
294 1051 493 1087 πεποιημένος;
513 1053 598 1080 Ὅπου
616 1055 643 1081 δὲ
664 1055 730 1087 ὅλως
744 1056 774 1082 τὺ
788 1056 837 1090 ἦν,

45 1094 124 1121 κατὰ
134 1094 196 1121 τίνα
209 1097 309 1131 τρόπον
330 1097 361 1124 τὸ
390 1098 449 1125 οὐκ
477 1096 514 1133 ἦν
536 1100 710 1136 είσῦήσεταις
729 1102 745 1138 ἢ
764 1103 841 1128 ποῖον

47 1139 109 1171 ἔξει
121 1139 215 1167 λοιπὸν
228 1141 273 1168 τὸν
288 1142 357 1170 κατά
369 1143 416 1170 τοῦ
430 1143 495 1170 Υίοῦ
513 1145 607 1178 τόπονς

136 1269 196 1296 Τοῦ
210 1269 304 1296 αὐτοῦ
318 1268 351 1295 ἐκ
367 1268 420 1295 τοῦ
432 1268 498 1302 περὶ
513 1268 634 1302 Τριάδος
653 1268 757 1302 λόγου.

86 1315 174 1350 Εἴπερ
189 1315 226 1350 μὴ
239 1313 274 1350 ἦν
295 1323 358 1341 ποτε
372 1315 416 1341 ὅτε
430 1315 480 1341 οὑκ
498 1312 542 1350 ἦν,
561 1315 652 1350 φησιν,
673 1314 741 1342 ἀλλὰ
756 1313 839 1346 ἀΐδιός

46 1362 153 1390 ἀστινό
166 1361 240 1394 Υίὸς,
252 1361 297 1388 καὶ
310 1361 475 1396 συνυπάρχει
488 1360 526 1395 τῷ
540 1361 638 1397 Πατρὶ,
650 1361 700 1388 οὐκ
710 1361 749 1387 ἔτι
764 1361 839 1393 Υίὸν,

50 1408 109 1435 m’
127 1407 241 1442 ἀδελφὺν
257 1407 318 1438 λέγε
336 1407 439 1441 τοῦτον,
455 1408 594 1435 συναῖδιον
614 1406 684 1434 εἶναι
702 1407 838 1441 λέγοντες,

49 1455 100 1481 καὶ
116 1455 181 1481 Υιὸν
196 1452 265 1489 εῐνᾳί
290 1463 391 1489 φαμεν.
419 1455 450 1481 Εί
464 1456 514 1489 μὲν
528 1454 574 1482 οὖν
593 1454 685 1486 ἁπλῶς
698 1451 732 1490 ἦν
748 1454 839 1480 συνατ-

48 1502 119 1534 διος,
148 1502 195 1528 καὶ
221 1501 283 1536 οὐχὶ
298 1501 374 1535 Υἱὸς,
390 1501 481 1538 χώραν
507 1500 580 1537 εἶχεν
595 1501 672 1537 ὑμῶν
683 1502 699 1536 ὴ
712 1501 836 1528 ὑπόνοια.

892 908 944 932 tem
965 912 1026 931 esse
1047 905 1204 939 putaveris,
1228 904 1299 931 hanc
1320 904 1461 932 ulterioris
1480 912 1580 933 cursus
1597 904 1680 933 faciat

891 949 1015 978 initium?
1034 959 1043 976 ι
1059 949 1123 977 Erat
1143 959 1152 976 ι
1169 950 1253 985 igitur
1271 959 1281 976 ι
1297 950 1415 979 Verbum
1440 950 1468 978 in
1492 952 1645 986 principio,
1667 962 1676 978 ι

892 997 945 1024 hoc
960 1001 1017 1028 est,
1041 996 1068 1022 in
1087 999 1222 1031 potestate
1239 1003 1299 1030 qua
1318 1000 1360 1024 est
1382 1004 1464 1033 supra
1482 997 1583 1028 omnia,
1605 1001 1631 1024 et
1645 1005 1677 1024 ex

891 1043 949 1078 ipsa
974 1043 1109 1070 exsistens
1137 1042 1317 1074 naturaliter,
1347 1041 1509 1076 Dominique
1535 1043 1678 1077 majestate

891 1089 1046 1123 praeditum.
1072 1087 1150 1121 Quod
1165 1087 1188 1114 si
1207 1087 1243 1114 ita
1259 1091 1318 1119 cst.
1338 1088 1476 1122 quomodo
1494 1093 1604 1115 creatus
1630 1089 1663 1116 de

893 1142 967 1162 mum
989 1138 1036 1161 ant
1060 1134 1149 1161 factus
1162 1133 1233 1160 erit?
1250 1131 1300 1160 Ubi
1313 1133 1432 1168 denique
1457 1133 1523 1160 illud
1547 1139 1606 1160 erat
1624 1134 1676 1160 ali-

892 1187 948 1214 quo
959 1179 1040 1207 modo
1053 1187 1104 1206 non
1119 1183 1186 1210 erat,
1202 1178 1291 1208 inibit.
1307 1182 1354 1205 aut
1367 1186 1447 1213 quem
1461 1178 1572 1206 tandem
1587 1179 1675 1206 locrun

892 1224 1004 1253 habebit
1019 1224 1046 1251 in
1063 1223 1151 1250 Filio?

1053 1268 1180 1301 Eiusdem
1193 1278 1226 1297 ea:
1242 1270 1309 1297 libro
1328 1270 1360 1297 de
1376 1270 1517 1299 Trinitate.

929 1313 957 1341 Si
982 1322 1121 1349 nunquam
1138 1314 1201 1346 fuit,
1215 1315 1352 1350 inquiunt.
1377 1323 1438 1343 cum
1459 1325 1512 1344 non
1530 1323 1611 1347 esset.
1628 1319 1675 1346 sed

894 1360 1022 1395 proprius
1037 1365 1079 1387 est
1091 1360 1187 1393 Filius,
1199 1365 1225 1388 et
1238 1361 1319 1388 simul
1330 1362 1438 1389 exsistit
1450 1369 1511 1389 cum
1527 1363 1614 1395 Patre,
1628 1372 1677 1391 cur

892 1406 979 1434 Filius
1006 1414 1038 1434 ac
1054 1414 1108 1433 non
1131 1406 1216 1434 frater
1236 1408 1326 1442 potius
1339 1408 1510 1442 appellatur?
1529 1408 1597 1436 Eum
1613 1418 1675 1436 cum

892 1452 972 1479 Patre
1000 1456 1129 1480 aeternum
1157 1453 1297 1485 dicentes,
1318 1453 1415 1480 Filium
1437 1454 1519 1481 etiam
1546 1454 1675 1481 dicimus.

892 1499 920 1526 Si
936 1504 1067 1526 aternum
1081 1499 1166 1534 igitur
1177 1500 1259 1526 simul
1272 1507 1333 1526 cum
1353 1499 1433 1527 Patre
1446 1500 1607 1532 diceremus,
1622 1508 1674 1528 non

55 1547 166 1583 Ἐπειδὴ
182 1547 210 1574 δὲ
229 1549 297 1584 πρὸς
322 1548 361 1584 τῷ
385 1549 462 1583 ἀϊδίῳ
488 1549 536 1575 καὶ
561 1548 627 1575 Υἰδν
642 1547 838 1583 ὁμολογοῦμεν,

902 1551 980 1574 intem
998 1546 1109 1579 Filium,
1121 1546 1212 1573 locum
1232 1546 1343 1574 haberet
1358 1550 1446 1573 vestra
1463 1546 1593 1581 suspicio.
1608 1546 1676 1574 Cum

49 1594 110 1625 πῶς
123 1594 137 1620 ὁ
150 1594 214 1626 rte;
229 1594 343 1628 ἀδελφός
356 1595 415 1621 ἔστι
434 1594 481 1621 τοῦ
500 1596 699 1629 γεννήσαντος;
727 1601 740 1626 ο

273 1692 322 1720 Ἐκ
339 1692 392 1720 τοῦ
411 1693 504 1721 αὐτοῦ
521 1694 625 1728 λόγου.

89 1739 174 1772 Εἴπερ
193 1740 210 1774 ἡ
226 1739 316 1770 πίστις
330 1740 408 1774 ήμῶν
434 1740 474 1770 είς
498 1740 606 1775 Πατέρα
630 1741 677 1768 καὶ
692 1740 757 1768 Υῐόν
771 1741 838 1775 ἐστι,

52 1787 101 1813 καὶ
120 1785 190 1813 οὕτω
205 1785 405 1820 βαπτιζόμεθα,
437 1786 500 1813 ποία
530 1787 679 1823 ἀδελφότης
707 1788 736 1814 ἐν
751 1787 839 1822 τούτῳ

54 1832 223 1867 φαίνεται;ἣ
241 1832 299 1864 πῶς
316 1833 329 1859 ὁ
346 1832 432 1866 Λόγος
449 1833 562 1868 ἀδελφὸς
582 1832 652 1860 εἶναι
670 1833 780 1860 δύναται
808 1831 839 1861 οὑ

53 1879 112 1904 ἐστι
130 1878 214 1912 Λόγος
227 1886 235 1910 ;

361 1934 415 1962 Καὶ
431 1934 529 1962 τοῦτο.

94 1981 150 2008 οὐχ
167 1980 198 2007 ἐκ
211 1989 283 2013 τινος
299 1980 386 2016 ἀρχῆς
405 1980 639 2016 προϋπαρχούσης
655 1981 839 2018 ἐγεννήθησαν

56 2029 72 2055 ὁ
86 2028 178 2064 Πατὴρ
207 2030 254 2057 καὶ
281 2030 294 2055 ὁ
310 2029 385 2061 Υἱὸς,
405 2029 448 2055 ἵνα
473 2029 519 2055 καὶ
532 2028 642 2063 ἀδελφοὶ
661 2028 838 2063 νομισθῶσιν,

56 2073 113 2100 ἀλλ’
130 2075 142 2099 ὁ
154 2074 249 2109 Πατὴρ
275 2074 347 2110 ἀρχὴ
377 2073 424 2100 τοῦ
440 2074 518 2106 Υίοῠ,
541 2074 589 2100 καὶ
603 2075 691 2101 τίκτει
703 2073 838 2107 τδν·.Υίδν,

56 2120 104 2146 καὶ
118 2119 189 2154 μένει
206 2119 312 2154 Πατὴρ.
333 2121 380 2146 καὶ
395 2120 445 2153 οὐχ
470 2119 534 2151 Υἱός
556 2129 627 2151 τινος
650 2119 775 2154 λέγεταιο
791 2120 852 2153 καὶ,

57 2166 74 2190 ὁ
89 2165 150 2196 Υἱὸς
164 2165 220 2197 υίός
236 2166 305 2197 ἐστι,
323 2165 369 2192 καὶ
380 2166 448 2200 ὅπερ
464 2166 522 2192 ἐστὶ
541 2166 628 2201 μένει,
644 2167 692 2192 καὶ
702 2166 751 2192 οὑκ
764 2166 840 2193 ἀδελ-

890 1598 980 1621 autem
1012 1593 1113 1628 pariter
1140 1597 1166 1620 et
1192 1596 1335 1625 aeternum,
1352 1597 1379 1619 et
1404 1592 1501 1619 Filium
1531 1591 1675 1624 fateamur.

890 1639 1028 1674 quomodo
1044 1638 1130 1666 Filius
1147 1639 1278 1673 genitoris
1290 1639 1375 1666 frater
1394 1646 1455 1666 esse
1473 1638 1572 1673 queat?

1114 1695 1146 1722 Et
1159 1695 1213 1722 Itaac
1225 1703 1256 1722 ex
1272 1695 1360 1723 eodem
1378 1695 1456 1722 libro.

927 1743 956 1770 Si
973 1742 1040 1770 ﬁdes
1056 1746 1148 1770 nostra
1162 1742 1188 1769 in
1201 1742 1308 1770 Patrem
1321 1747 1347 1768 et
1359 1740 1456 1768 Filium
1474 1745 1526 1773 est,
1543 1746 1624 1776 atque
1638 1741 1673 1768 ita

891 1790 1077 1824 baptizamur,
1093 1796 1216 1824 quamam
1231 1788 1276 1815 hic
1294 1788 1461 1820 fraternitas,
1480 1791 1510 1814 ut
1525 1788 1561 1814 ita
1576 1787 1675 1818 dicam.

891 1835 1021 1870 apparet?
1037 1836 1091 1862 Aut
1108 1834 1247 1869 quomodo
1263 1833 1382 1861 Verbum
1410 1835 1493 1861 frater
1508 1841 1568 1861 esse
1585 1837 1673 1867 potest

890 1879 976 1913 illius,
990 1880 1069 1916 cujus
1083 1885 1125 1908 est
1136 1879 1274 1908 Verbum?

1225 1937 1259 1964 Et
1273 1937 1328 1964 Ιιατ

926 1984 984 2012 Non
1011 1992 1044 2012 ex
1071 1984 1128 2012 ullo
1145 1983 1325 2011 antecedente
1347 1982 1481 2017 principio
1498 1981 1582 2018 geniti
1610 1985 1675 2008 sunt

892 2031 970 2059 Pater
982 2035 1009 2058 et
1024 2031 1122 2064 Filius,
1135 2033 1166 2058 ut
1183 2030 1281 2057 fratres
1292 2030 1373 2057 etiam
1390 2028 1497 2064 possint
1509 2028 1671 2056 existimari.

891 2078 943 2107 Sed
958 2079 1039 2106 Pater
1054 2083 1097 2106 est
1112 2078 1174 2106 Filii
1193 2077 1369 2113 principium.
1388 2082 1415 2104 et
1430 2076 1530 2104 Filium
1547 2076 1630 2110 parit,
1647 2081 1674 2102 et

891 2130 982 2152 ntanet
1001 2124 1091 2155 Pater,
1110 2130 1161 2150 nec
1176 2123 1259 2150 ullius
1275 2130 1335 2150 esse
1352 2121 1439 2149 Filius
1453 2122 1562 2149 dicitur.
1587 2121 1674 2148 Filius

891 2171 954 2196 item
982 2169 1068 2197 Filius
1091 2174 1145 2200 est,
1168 2173 1195 2196 et
1221 2168 1293 2203 quod
1317 2173 1359 2196 est
1383 2172 1484 2199 manet.
1512 2175 1562 2195 nec
1589 2167 1674 2194 frater

59 2211 108 2245 φός
121 2219 188 2242 τινος
201 2211 271 2237 κατὰ
294 2210 377 2246 φύσιν
392 2211 513 2245 λέγεται,
535 2212 611 2238 ποῖον
625 2211 671 2238 οὖν
687 2211 744 2244 ἕξει
757 2212 839 2239 τόπον

902 2215 1057 2249 :uiusquam
1085 2219 1181 2242 natura
1199 2213 1311 2242 dicitur.
1337 2213 1405 2246 Quis
1417 2213 1500 2248 igitur
1517 2213 1544 2241 in
1563 2213 1605 2240 bis
1622 2213 1676 2240 fra-

58 2255 204 2291 ἀδελφότης
220 2256 250 2282 ὲν
266 2256 371 2287 τούτοις
381 2264 389 2288 ;

360 2313 417 2341 Kal
432 2312 530 2340 τοῦτο.

98 2360 127 2386 Et
140 2359 238 2392 τέλειος
248 2359 263 2386 ό
276 2359 381 2395 Πατὴρ,
398 2360 500 2387 τέλειον
510 2360 588 2389 ἔσται
603 2362 651 2388 καὶ
663 2362 693 2388 τὸ
704 2360 734 2394 ἐξ
744 2361 839 2388 αὑτοῦ.

63 2407 118 2433 Καὶ
131 2406 153 2433 εί
176 2406 244 2441 πρὸς
258 2406 345 2442 τούτῳ
359 2406 388 2433 τὸ
414 2406 499 2434 ἀΐδιον
514 2407 584 2442 ἔχει,
601 2407 685 2434 ἀϊδιον
700 2408 777 2435 ἐσται
793 2409 841 2434 καί

62 2453 94 2479 τι
108 2450 135 2484 ἐξ
158 2452 243 2478 ἀϊδίου
270 2452 386 2486 Πατρός,
417 2453 467 2479 οὐκ
494 2453 716 2489 ἐπισυμεεὸηκδς
740 2455 773 2489 τῇ
793 2453 840 2480 τοῦ

63 2498 236 2532 γεννήσαντος
247 2497 337 2533 οὐσίᾳ,
350 2498 407 2525 ἀλλ’
423 2498 467 2525 ἀεὶ
493 2500 668 2535 συνυπάρχον
684 2500 765 2534 αὐτῇ.
793 2500 841 2526 καὶ

62 2543 111 2569 οὑκ
134 2543 225 2574 ἀτελὲς
243 2542 289 2570 διὰ
314 2543 346 2570 τὺ
363 2544 393 2570 ἐν
405 2544 495 2579 χρόνῳ
523 2545 652 2578 γενέσθαι
668 2546 738 2572 κατά
751 2553 838 2576 τινας,

63 2588 127 2615 ἀλλὰ
139 2589 237 2616 τέλειον
248 2588 294 2615 διὰ
312 2589 342 2616 τι
360 2589 414 2625 πρὸ
427 2590 528 2622 παντὸς
546 2589 618 2617 εἶναι
630 2591 735 2626 χρόνον.

359 2689 415 2715 Καὶ
433 2689 532 2717 τοῦτο.

103 2732 247 2764 ’Δντὶοεσις
275 2734 325 2760 οὐκ
350 2734 453 2770 ἀληθὴς
476 2736 640 2771 ἀνατρέπειν
664 2738 780 2766 δοκοῦσα
791 2739 839 2766 τοῦ

64 2778 127 2804 Υιοῦ
140 2778 169 2804 τὸ
185 2778 270 2805 ἀΐδιον
282 2780 380 2811 οὕτως.
397 2782 428 2807 Et
444 2782 532 2817 τομήν
552 2791 635 2817 φησιν
652 2783 669 2819 ή
689 2783 750 2811 θεία
760 2784 840 2819 φύσις

64 2825 112 2851 οὑκ
126 2824 286 2859 ἐπιδέχεται,
301 2826 345 2853 διὰ
359 2827 389 2853 τδ
404 2827 442 2861 μὴ
453 2825 522 2854 εἶναι
536 2828 640 2860 πάθους
651 2829 776 2864 δεκτική.
792 2828 839 2862 Οἷς

65 2873 116 2906 γὰρ
126 2872 152 2898 sb
171 2871 287 2907 πάσχειν
300 2873 372 2900 κατὰ
396 2874 477 2908 φύσιν
495 2874 622 2910 ὑπάρχει,
648 2876 753 2908 τούτοις
766 2877 839 2904 ἐστὶν

892 2261 1012 2288 tenuitati
1026 2261 1124 2288 locus?

1225 2317 1258 2344 Et
1274 2316 1339 2344 Ita'c.

928 2362 955 2390 Si
971 2362 1108 2397 perfectus
1119 2368 1161 2391 est
1178 2363 1267 2396 Pater,
1286 2362 1437 2398 perfectutn
1450 2367 1503 2390 erit
1517 2367 1543 2391 et
1556 2363 1629 2398 quod
1642 2370 1674 2390 ex

893 2409 951 2444 ipso
970 2413 1022 2436 est.
1040 2409 1070 2436 Si
1083 2413 1201 2437 aeternus
1216 2414 1344 2444 praeterea
1361 2413 1415 2440 est,
1432 2413 1562 2436 aeternum
1580 2410 1633 2436 erit
1649 2412 1676 2434 et

891 2455 928 2487 id.
955 2456 1027 2490 quod
1054 2464 1087 2483 ex
1111 2455 1193 2483 Patre
1209 2461 1311 2484 aeterno
1339 2459 1392 2483 est.
1420 2455 1513 2491 Neque
1541 2455 1676 2490 gignentia

891 2501 1049 2535 adjunctum
1067 2502 1205 2535 essentiae,
1219 2503 1264 2529 sed
1280 2510 1342 2530 cum
1359 2502 1417 2538 ipsa
1432 2502 1513 2530 simul
1528 2502 1675 2533 exsistens,

895 2554 957 2579 necI
975 2553 1003 2573 ut
1028 2547 1139 2581 quidam
1156 2548 1259 2579 volunt,
1288 2548 1477 2583 iii-perfectum
1503 2547 1566 2579 erit,
1584 2551 1677 2581 utpote

894 2591 996 2619 factum
1010 2592 1037 2619 in
1054 2596 1175 2627 tempore
1195 2593 1241 2620 sed
1258 2592 1420 2627 perfectum,
1433 2592 1505 2627 quod
1521 2597 1585 2619 ante
1595 2597 1676 2619 omne

890 2642 996 2672 tempus
1012 2638 1138 2665 exsistat.

1229 2695 1260 2722 Et
1276 2696 1341 2722 hac.

927 2741 1106 2776 Argumenta,
1134 2741 1234 2777 quibus
1261 2742 1320 2769 Filii
1338 2745 1472 2769 conantur
1495 2741 1674 2769 mternitatem

891 2791 1022 2816 evertere.
1049 2787 1116 2816 falsa
1142 2794 1217 2815 sunt.
1236 2787 1264 2814 Si
1282 2788 1384 2820 divina,
1412 2789 1551 2821 inquiunt,
1578 2793 1675 2815 natura

891 2833 977 2859 secari
995 2842 1048 2860 non
1077 2838 1175 2869 potest,
1202 2834 1264 2867 quia
1285 2834 1312 2860 in
1342 2835 1414 2860 illam
1439 2833 1598 2862 aﬂ‘cctiunes
1622 2843 1678 2862 non

893 2880 1004 2906 cadunt.
1020 2879 1086 2912 Quae
1112 2880 1184 2908 enim
1215 2886 1312 2909 natura
1340 2882 1499 2910 affectiones
1518 2883 1678 2916 admittunt.
