1891 3076
35 142 109 176 629

499 141 689 172 PANOPLIA
710 139 939 171 DOGMATICA.
963 149 997 174 -έ
1013 136 1089 167 TlT.
1109 135 1163 166 XI.

1628 133 1683 164 6'0

36 209 170 238 τοιαῦτά
192 217 286 244 φησιν,
305 208 373 235 ἀλλὰ
395 208 445 243 τὴν
462 207 531 242 μετὰ
559 207 659 242 σαρκὸς
680 206 846 242 οἰκονομίαν.

935 196 1027 225 lillius
1045 197 1270 225 incarnationem.
1302 197 1415 230 Quando
1428 197 1499 225 enim
1531 197 1619 224 fartus
1643 204 1685 224 ρει

38 256 126 281 Πότε
143 256 194 289 γὰρ
216 254 328 288 γέγονεν
348 254 493 288 ἀρχιερεὺς
517 253 566 288 τῆς
591 252 735 287 ὁμολογίας
751 251 847 287 ἡμῶνς

41 301 125 327 Πότε
148 301 177 327 δὲ
202 299 366 332 ἀπόστολος
384 299 451 326 Πότε
474 299 503 325 δὲ
527 299 620 329 πιστὸς
642 298 681 333 τῷ
706 298 848 333 ποιήσαντι

39 347 156 379 dimov;
170 344 209 373 Ἦ
227 347 270 372 ὅτε
292 345 325 371 δι’
339 346 412 380 ἡμᾶς
429 345 474 372 καὶ
490 345 560 380 ὑπὲρ
575 344 652 379 ἡμῶν
668 344 778 378 γέγονεν
801 343 848 370 ἄν·

41 391 179 426 Ορωπος,
201 391 249 417 καὶ
265 392 336 417 κατὰ
351 391 399 425 τὴν
423 390 546 416 Ἰωάννου
564 389 665 424 φωνὴν,
684 399 693 415 ι
717 389 745 416 '0
765 389 850 423 Λόγος

42 439 126 475 σὰρξ
150 440 267 474 ἐγένετο.
291 448 300 464 ι
320 439 387 465 Τότε
412 437 452 474 τῷ
472 438 614 472 ποιήσαντι
633 435 726 468 αὐτὸν,
750 435 787 467 ὼς
803 435 849 462 ἇν-

43 485 179 520 Ορωπος,
195 486 242 513 καὶ
257 485 351 517 πιστὸς
368 484 475 518 ἐγένετο
488 483 599 518 πληρῶν
619 482 700 509 αὑτοῦ
715 484 745 509 τὸ
759 482 848 517 ἔργον,

43 531 186 566 καθάπερ
198 531 278 562 αὐτὸς
292 530 368 564 ἔλεγε
379 539 386 545 ·
401 530 461 556 τότε
485 529 596 563 γέγονεν
615 527 762 559 ἀπόστολος
780 527 851 562 ὑπὲρ

45 577 136 612 ἡμῶν
147 577 234 603 καὶδι¹
243 577 315 612 ἡμᾶς
326 576 498 607 ἀποσταλείς·
509 575 570 602 τότε
584 575 680 609 γέγονε
693 575 741 609 τῆς
754 574 850 609 ὁμολο-

45 625 120 658 γῐας
132 624 214 659 ἡμῶν
226 624 381 660 ἀρχιερεὺς,
396 623 558 659 προσφέρων
575 623 625 656 τῆς
638 621 756 652 πίστεως
771 621 849 656 ἡμῶν

46 672 105 707 τὴν
125 671 273 706 ὁμολογίαν
289 670 327 705 τῷ
349 670 448 705 Πατρὶ,
462 670 509 696 καὶ
523 669 552 696 τὸ
567 668 631 695 ἴδιον
655 667 745 703 σῶμα,
764 667 850 694 καθά-

47 727 111 753 περ
126 727 155 744 τι
171 717 243 752 Θῦμα
268 717 414 751 προσάγων
441 715 566 751 ἄμωμον,
587 715 630 741 ἵνα
651 715 754 746 πάντας
778 715 852 749 ἡμᾶς

47 765 86 790 δι’
114 763 201 790 αὑτοῦ
221 762 366 798 καθαρίσῃ.
383 763 431 788 “Av
455 762 546 788 τοίνυν
569 762 681 796 λέγηται
697 762 761 796 περὶ
788 761 852 787 Υἱοῦ

48 811 96 835 ὅτι
117 810 215 843 γέγονε
240 809 346 841 πιστὸς,
364 809 405 835 ότι
421 808 531 843 γέγονεν
557 807 716 840 ἀπόστολος,
742 807 852 842 γέγονεν

51 856 220 890 ἀρχιερεὺς,
239 855 276 890 μὴ
295 855 364 882 κατὰ
387 855 437 890 τῆς
459 855 651 888 οὐσίαςαὺτοῦ
676 855 801 890 φερέσθω
823 854 854 881 τὸ
868 868 888 896 Β

52 903 147 937 ῥῆμα,
174 902 242 929 ἀλλὰ
265 902 335 928 κατὰ
358 903 407 937 τῆς
428 901 483 928 τῶν
509 901 678 938 πραγμάτων
701 902 852 937 ποιότητος.

60 947 179 982 Ἐπειδὴ
190 948 237 974 καὶ
244 947 358 980 Παῦλος,
378 948 521 982 ἄνθρωπος
536 947 574 974 ὣν
585 948 631 974 καὶ
647 947 777 983 ὑπάρχων
790 948 852 983 ήδη,

54 1004 65 1027 γ
75 994 176 1027 ἐγονεν
193 994 350 1026 ἀπόστολος,
371 994 417 1020 καὶ
437 994 540 1029 Μωσῆς
554 994 682 1025 ὡσαύτως
697 994 792 1028 γέγονε
808 1002 853 1020 πι-

55 1040 124 1070 στὸς
139 1040 170 1066 έν
194 1039 248 1074 ὅλῳ
267 1039 306 1074 τῷ
332 1040 398 1075 οἴκῳ
414 1039 508 1071 αὐτοῦ,
531 1040 577 1067 καὶ
597 1039 702 1074 Ἀαρὼν
723 1039 854 1071 ὡσαύτως

53 1085 175 1118 γέγονεν
191 1085 338 1121 ἀρχιερεὺς
360 1086 390 1112 ὲν
406 1085 494 1121 ἑαυτῷ
509 1086 556 1113 καὶ
575 1086 659 1112 πάλαι
673 1085 718 1112 τὸν
740 1086 855 1121 Σωτῆρα

57 1131 187 1166 peperi».
204 1131 309 1166 Ὄνπερ
325 1132 380 1167 γὰρ
393 1132 494 1168 τρόπον
508 1133 522 1159 ό
540 1131 644 1168 Ἀαρὼν
658 1132 708 1158 οὐκ
723 1132 854 1167 ἐγεννήθη

57 1177 115 1211 μὲν
130 1176 287 1212 ἀρχιερεὺς,
305 1176 411 1208 πολλοῖς
425 1177 453 1203 δὲ
471 1177 583 1212 ὕστερον
598 1177 704 1213 χρόνοις
715 1177 795 1204 τοῦτο
810 1178 855 1211 γέ-

54 1230 137 1255 γονε,
153 1221 199 1248 τὸν
215 1222 318 1258 ποδήρη
345 1223 568 1259 περιϐαλόμενος,
588 1223 635 1250 καὶ
651 1223 699 1260 τὴν
720 1223 854 1258 ἐπωμίδα,

56 1269 111 1293 καὶ
127 1267 163 1294 τὰ
177 1267 243 1294 ἄλλα
259 1268 309 1302 τῆς
334 1268 475 1304 ἱερατικῆς
494 1269 606 1304 ἐσθῆτος
624 1270 761 1304 σχήματα,
784 1269 855 1304 ἤπερ

55 1311 93 1348 ἦν
113 1314 183 1349 ἔργα
209 1315 364 1348 γυναικῶν·
390 1315 435 1341 τὸν
452 1315 533 1342 αὑτὸν
549 1316 582 1351 δὴ
608 1316 709 1351 τρόπον
733 1315 779 1342 καὶ
809 1315 854 1340 ἐπὶ

58 1359 195 1396 Χριστοῦ.
212 1358 266 1387 Ἦν
289 1361 337 1396 μὲν
357 1361 411 1396 γὰρ
424 1362 438 1386 ό
456 1362 541 1395 Λόγος
558 1363 587 1388 ὲν
611 1362 692 1398 ἀρχῇ,
714 1361 804 1396 πολλῷ
826 1361 854 1386 δὲ

57 1410 181 1445 ὕστερον
193 1409 281 1444 χρόνῳ
293 1409 404 1443 γέγονεν
418 1407 488 1443 ὑπὲρ
498 1406 579 1442 ἡμῶν
590 1406 746 1442 ἀρχιερεὺς,
755 1404 850 1439 ὥσπερ

58 1457 129 1483 τινὰ
147 1456 252 1491 ποδήρη
267 1455 312 1482 τὸν
325 1456 358 1482 ἐκ
372 1457 502 1489 γυναικὸς
520 1452 664 1488 ἄνθρωπον
686 1451 746 1486 ἢτοι
762 1450 850 1485 παθη-

59 1500 111 1527 τὸν
139 1499 298 1526 ἀναλαϐών
316 1499 360 1525 ἴνα
381 1498 420 1533 τῷ
446 1498 503 1532 ἰδίῳ
522 1497 621 1530 αἵματι
643 1495 779 1531 καθαρίσῃ
805 1495 854 1521 τὸν
868 1516 888 1544 C

60 1547 142 1578 λιὺν,
161 1546 256 1572 ἑαυτὸν
281 1544 474 1580 προσενεγκὼν
495 1544 532 1574 ὼς
562 1543 648 1578 ἀμνὸν
674 1542 791 1576 ἄμωμον
813 1540 852 1576 τῷ

60 1592 146 1627 Θεῷ·
165 1601 174 1617 ι
200 1593 238 1618 Οὐ
262 1592 316 1626 γὰρ
341 1590 470 1626 ἐποίησεν
496 1589 646 1625 ἁμαρτίαν,
665 1588 726 1615 ιὺδὲ
753 1587 852 1622 εὑρέθη

62 1639 142 1669 δόλος
159 1638 189 1664 ὲν
207 1637 246 1672 τῷ
261 1637 376 1672 στόματι
391 1636 486 1663 αὐτοῦ.
511 1645 519 1661 ι

72 1694 129 1721 Ἐκ
157 1694 210 1721 τοῦ
239 1693 333 1721 αὑτοῦ
354 1694 477 1725 βιϐλίου
504 1694 547 1725 εἰς
573 1692 616 1721 τὸ,
636 1701 645 1716 ι
673 1691 782 1725 Κύριον
806 1690 855 1717 καὶ

188 1729 316 1764 Χριστὸν
325 1730 418 1756 αὐτὸν
431 1728 576 1761 ἐποίησεν
592 1729 609 1754 ό
626 1729 708 1758 Θεός.
731 1735 740 1752 ι

102 1775 209 1809 Κύριον
224 1775 305 1801 αὐτὸν
326 1775 373 1802 καὶ
389 1774 507 1808 Χριστδν
523 1772 650 1807 ἐποίησεν
672 1773 686 1798 ὀ
710 1771 788 1802 Θεὸς,
806 1770 856 1796 οὐκ

65 1820 125 1847 ἀπὸ
134 1820 183 1847 τοῦ
197 1820 234 1855 μὴ
248 1821 323 1852 δντος
346 1821 386 1852 είς
407 1821 437 1847 τὸ
456 1818 526 1846 εἶναι
539 1820 684 1854 παράγων·
701 1815 736 1854 ἦν
748 1817 803 1852 γὰρ
814 1818 857 1844 ἀεὶ

67 1869 121 1896 καὶ
136 1868 190 1904 πρὸ
201 1869 251 1903 τῆς
265 1866 429 1902 σαρκώσεως
450 1866 464 1892 ὁ
483 1864 530 1892 τοῦ
545 1863 612 1890 Θεοῦ
634 1863 732 1897 Λόγος,
747 1861 794 1888 καὶ
812 1861 862 1888 οὒκ

66 1915 102 1942 ἄν
121 1922 164 1945 τις
179 1911 209 1939 εὖ
230 1911 336 1947 φρονῶν
353 1911 384 1937 τὸ
408 1919 418 1936 ι
434 1910 562 1943 ἐποίησεν
576 1918 585 1933 ι
610 1907 705 1934 ἐνθάδε
725 1905 797 1932 κατὰ
814 1905 862 1939 τῆς

67 1959 166 1990 οὐσίας
184 1957 309 1990 ὲκλὰὁοι,
331 1957 374 1983 ἵνα
396 1956 434 1991 μὴ
458 1954 566 1981 ἀσεϐεῖν
586 1951 788 1986 ἀναγκάζηται·
804 1950 863 1976 τότε

69 2005 184 2041 πρῶτον
206 2003 294 2034 διδοὺς
316 2002 437 2036 ὑπάρξαι
460 2000 506 2027 τὸν
531 1998 578 2026 τοῦ
606 1998 674 2025 Θεοῦ
702 1998 798 2031 Λόγον,
820 1997 864 2023 ὅτε

70 2052 186 2085 γέγονεν
210 2049 352 2084 ἄνθρωπος
362 2057 369 2063 ⁸
387 2047 455 2074 ἀλλὰ
470 2046 501 2072 τὸ
521 2055 530 2071 ι
544 2045 681 2079 ἐποίησεν,
697 2053 707 2070 ›
723 2044 785 2070 ἀντὶ
805 2042 864 2074 τοῦ,

71 2096 210 2128 ἀπέδειξε,
223 2095 341 2130 νικητέον.
354 2093 431 2120 Οὕτω
440 2093 486 2118 καὶ
500 2091 580 2122 αὐτὸς
593 2091 606 2117 ό
620 2090 720 2125 Πέτρος
732 2090 789 2120 τοῖς
805 2089 867 2114 ἰου-

71 2143 162 2173 autat;
177 2140 436 2177 προσδιαλεγόμενος
452 2138 585 2173 ἔφασκεν·
606 2146 616 2161 ι
635 2135 738 2171 Ἰησοῦν
752 2135 796 2161 τὸν
810 2135 867 2160 Να-

73 2188 193 2222 ζωραῖον
217 2186 300 2221 ἄνδρα
331 2184 557 2219 ἀποδεδειγμένον
581 2183 634 2209 ἀπὸ
659 2181 706 2208 τοῦ
735 2181 802 2207 Θεοῦ
828 2181 867 2211 εἰς

73 2236 149 2269 ὑμᾶς
162 2233 292 2268 δυνάμεσι
306 2232 353 2258 καὶ
365 2231 461 2267 τέρασι
474 2230 522 2257 καὶ
537 2229 672 2265 σημείοις,
689 2227 779 2258 καθὼς
790 2226 868 2253 αὐτοὶ

72 2281 176 2307 οἴδατε.
190 2289 199 2304 ι
217 2278 321 2305 Οὐκοῦν
338 2278 381 2304 διὰ
395 2276 449 2303 τῶν
471 2276 559 2312 ἔργων
573 2274 701 2301 δεικνύων
717 2273 868 2307 ἐνυπάρχον

75 2326 152 2362 αὐτῷ
171 2325 217 2351 τοῦ
240 2324 346 2359 Πατρὸς
370 2323 400 2349 τὺ
416 2322 540 2356 ἀξίωμα,
565 2319 668 2354 Κύριος
687 2318 792 2352 γίνεται
816 2316 869 2342 τῶν

75 2371 281 2399 πιστευσάντων
306 2370 346 2400 εἰς
370 2368 469 2395 αὐτόν·
494 2366 686 2394 ἀναδείκνυται
711 2364 740 2391 δὲ
762 2364 803 2390 ὅτι
822 2362 871 2388 καὶ

77 2419 160 2449 αὐτὸς
175 2419 249 2443 ἐστιν
262 2417 277 2442 ὁ
294 2416 418 2451 Χριστός.
432 2414 482 2441 Διὰ
498 2413 552 2447 γὰρ
569 2412 648 2439 τοῦτο
663 2412 719 2442 τοῖς
736 2409 871 2440 Ἰουδαίοις

78 2462 238 2489 ἀπειθοῦσιν
265 2461 360 2495 ἔλεγε·
381 2469 389 2486 ι
406 2460 464 2486 Κᾶν
482 2459 544 2494 ἐμοὶ
565 2458 602 2493 μὴ
628 2456 794 2490 πιστεύητε,
816 2456 872 2485 τοῖς

79 2511 172 2546 ἔργοις
194 2517 244 2544 μου
262 2507 445 2538 πιστεύσατε,
466 2505 510 2531 ἶνα
532 2503 618 2538 γνῶτε
643 2503 684 2528 ὅτι
702 2501 757 2535 ἐγὼ
780 2502 808 2526 ὲν
832 2500 870 2534 τῷ

80 2555 184 2591 “arpi,
201 2555 248 2581 καὶ
266 2555 280 2580 ὁ
298 2552 393 2587 Πατὴρ
416 2553 444 2577 ὲν
461 2551 538 2585 ἐμοί·
556 2559 564 2574 ι
582 2549 629 2575 καὶ
645 2548 742 2574 πάλιν·
762 2556 771 2572 ι
787 2546 819 2572 Εἰ
840 2546 870 2571 οὐ

82 2600 152 2627 ποιῶ
166 2599 200 2626 τὰ
219 2599 288 2634 ἔργα.
306 2597 353 2624 τοῦ
371 2596 477 2631 Πατρός
501 2603 562 2630 μου,
580 2594 617 2628 μὴ
632 2591 774 2619 πιστεύετέ
792 2599 845 2625 μοι.
860 2599 868 2615 ι

83 2647 115 2673 Εἰ
130 2646 159 2672 δὲ
173 2645 217 2671 διὰ
239 2643 287 2670 τοῦ
305 2642 436 2670 δύνασθαι
453 2641 539 2667 ποιεῖν
559 2639 593 2666 τὰ
612 2638 680 2673 ἔργα
704 2636 752 2664 τοῦ
766 2635 872 2671 Πατρός

83 2693 129 2720 καὶ
150 2692 222 2726 ἔχειν
244 2692 273 2717 ἐν
293 2688 383 2724 ἑαυτῷ
399 2688 444 2714 τὸν
462 2687 582 2722 Πατέρα,
598 2684 668 2711 εἷναί
681 2692 711 2710 τε
728 2683 827 2718 ὁμοίως
845 2683 873 2708 ὲν

86 2738 184 2774 Πατρὶ,
201 2737 266 2769 Θεὸς
280 2736 317 2763 ὢν
336 2734 462 2769 ἀληθινὸς
484 2732 688 2764 ἀναδείκνυται,
709 2730 778 2757 κατὰ
796 2728 874 2755 τοῦτο

123 2824 131 2839 ¹
144 2824 222 2851 Joan.
240 2831 259 2856 I,
283 2823 326 2851 tt.
365 2823 374 2838 '
389 2821 467 2849 Joan.
487 2827 551 2853 χιιι,
571 2820 596 2847 4.

87 2860 98 2876 ’⁸
115 2859 178 2887 ibid.
194 2859 237 2888 57.

899 244 1020 279 pontifex
1045 243 1227 272 eonlessiouis
1248 243 1367 272 nostras?
1393 245 1500 279 quando
1532 244 1685 279 apostolus?

900 290 1008 325 quando
1026 290 1113 317 tidelis
1132 290 1156 316 ei
1182 290 1226 325 qui
1254 291 1341 324 ipsum
1364 289 1446 317 fecit?
1465 289 1560 318 Nonne
1578 292 1687 326 quando

900 341 1012 370 propter
1042 342 1091 362 nos
1121 339 1148 362 ct
1178 341 1225 369 pro
1250 335 1326 362 nobis
1352 335 1439 362 factus
1458 341 1499 363 est
1514 336 1645 369 ltonto,et
1659 340 1688 362 ut

899 382 1018 408 Joannes
1045 381 1149 414 scribit,
1170 390 1179 407 ι
1208 381 1323 408 Verbum
1349 389 1413 408 caro
1432 381 1531 409 factum
1559 387 1600 409 est
1622 381 1655 408 '?
1676 390 1685 406 ι

901 427 976 454 Tunc
991 427 1086 455 factori
1099 436 1158 461 suo,
1177 433 1206 455 ut
1221 430 1312 462 humo,
1328 428 1414 456 [itlclis
1426 428 1513 455 factus
1527 433 1581 460 est,
1606 429 1687 462 perti-

902 473 977 500 cieus
988 481 1056 508 opus
1068 474 1149 508 illius,
1171 475 1241 501 sicut
1256 475 1312 509 ipse
1333 479 1447 502 testatur
1469 475 1480 490 ¹
1505 482 1512 501 ;
1527 477 1591 501 tunc
1607 474 1688 500 etiam

901 521 1037 555 apostolus
1048 521 1194 553 factusesl,
1209 529 1258 556 pro
1270 522 1347 548 nobis
1359 525 1386 548 et
1397 526 1507 556 propter
1517 528 1566 549 nos
1576 521 1687 548 missus:

903 572 965 594 tunc
976 566 1063 594 factus
1080 572 1121 594 est
1133 568 1252 602 pontil‘ex
1265 567 1443 595 confessionis
1453 567 1689 600 nostrmmll‘erens

901 614 1101 642 confessionem
1122 615 1181 642 ﬁdei
1205 619 1304 642 nostrae
1321 613 1406 648 Patri,
1428 619 1456 642 cl
1477 622 1576 650 corpus
1598 623 1688 646 suum,

902 660 984 687 veluti
1002 661 1199 688 immaculatum
1223 662 1367 696 quamdam
1406 662 1520 689 hostiam
1543 661 1689 694 adducens,

903 711 931 733 ut
947 714 1042 734 omnes
1059 715 1108 735 nos
1123 715 1171 742 per
1187 707 1276 742 ipsum
1294 709 1443 735 mundaret.
1458 707 1486 735 Si
1501 714 1566 741 ergo
1596 707 1629 735 de
1646 707 1692 734 Fi-

903 751 939 779 lio
952 752 1062 784 dicitur,
1076 753 1148 787 quod
1167 751 1254 780 factus
1275 752 1313 779 sit
1337 752 1434 786 tidetis,
1448 753 1518 786 quod
1536 752 1625 780 factus
1655 753 1692 779 sit

903 798 1051 832 apostolus,
1068 799 1154 825 factus
1163 798 1282 834 pontifex
1295 807 1302 832 ;
1317 806 1370 826 non
1385 799 1417 826 ad
1438 799 1584 826 essentiam
1607 799 1692 833 ipsius

904 845 1004 872 dictum
1019 845 1188 873 referendum
1201 851 1252 879 est,
1270 847 1317 874 sed
1331 848 1363 874 ad
1380 847 1536 881 qualitatem
1647 855 1691 875 re-

904 898 976 918 rum.
1013 890 1154 926 Siquidem
1170 895 1197 918 et
1209 891 1307 919 Paulus
1322 892 1403 919 homo
1415 899 1476 919 cum
1491 898 1572 926 esset,
1593 897 1619 920 et
1636 893 1691 926 jam

903 938 1058 970 exsisteret,
1074 937 1160 965 factus
1173 941 1215 965 est
1225 937 1361 972 apostolus
1376 948 1382 966 :
1398 943 1425 965 et
1437 938 1525 966 Moses
1536 939 1629 966 eadem
1647 946 1692 965 ra-

905 985 978 1012 tione
993 984 1083 1012 factus
1098 990 1139 1012 est
1155 984 1251 1017 ﬁdelis,
1271 985 1296 1011 in
1313 990 1369 1013 tota
1388 985 1469 1012 domo
1480 985 1539 1020 ejus
1569 985 1591 1011 '.
1605 984 1693 1012 Simili

905 1032 985 1059 modo
999 1031 1082 1059 etiam
1095 1032 1184 1059 Aaron
1208 1031 1296 1059 factus
1321 1036 1363 1058 est
1389 1030 1520 1066 pontifex.
1544 1030 1692 1059 Saivatoris

906 1083 997 1113 typum
1013 1078 1069 1113 jam
1094 1078 1159 1104 olim
1185 1077 1211 1104 in
1246 1084 1276 1105 se
1299 1077 1431 1105 referens.
1459 1077 1692 1110 Quemadmodum

905 1124 977 1151 enim
996 1124 1085 1151 Aaron
1101 1131 1154 1151 non
1169 1127 1207 1151 est
1224 1127 1304 1151 natus
1318 1122 1499 1157 pontifexﬁed
1519 1122 1693 1157 multispost-

906 1177 937 1197 ea
964 1170 1130 1204 temporibus
1152 1169 1180 1197 id
1195 1168 1281 1196 factus
1294 1173 1348 1202 est,
1367 1168 1479 1196 talarem
1492 1174 1595 1196 vestem
1615 1169 1693 1196 indu-

907 1221 962 1250 tus,
975 1221 1000 1244 et
1014 1216 1246 1252 superliumerlle,
1261 1216 1420 1250 reliquaque
1441 1215 1604 1250 pontificalis
1615 1215 1693 1243 habi-

907 1268 950 1291 tus
966 1268 1125 1290 ornamenta
1141 1270 1156 1289 a
1168 1262 1325 1289 mulieribus
1337 1261 1459 1290 conlecta
1476 1271 1483 1290 :
1514 1262 1584 1289 idem
1615 1262 1695 1297 plane

907 1309 940 1337 de
950 1309 1059 1337 Christo
1074 1308 1156 1336 etiam
1170 1309 1333 1336 censendum
1345 1313 1395 1335 est.
1415 1307 1478 1335 Erat
1490 1309 1561 1335 enim
1578 1309 1694 1336 Verbum

907 1357 933 1384 iu
948 1357 1083 1392 principio
1100 1364 1108 1384 :
1134 1354 1226 1383 multis
1238 1361 1304 1382 vero
1316 1358 1409 1389 postea
1420 1354 1586 1388 temporibus
1609 1354 1696 1381 factus

904 1409 947 1432 est
965 1411 1014 1438 pro
1029 1403 1108 1431 nobis
1124 1402 1258 1438 pontifex.
1275 1401 1412 1429 hominem
1424 1408 1456 1428 ex
1472 1399 1598 1432 muliere,
1612 1398 1697 1427 veluti

905 1451 1017 1478 talarem
1043 1453 1158 1483 vestem,
1177 1448 1334 1484 passibilem
1366 1454 1522 1479 assumens,
1541 1450 1571 1472 ut
1586 1445 1697 1480 proprio

905 1503 957 1523 suo
969 1495 1104 1530 sanguine
1120 1494 1250 1530 populum
1266 1493 1420 1524 munduret,
1434 1498 1464 1519 ut
1478 1492 1599 1526 seipsum
1611 1491 1696 1518 veluti

906 1550 1006 1577 agnum
1032 1541 1241 1569 immaculatum
1261 1540 1315 1567 Deo
1328 1538 1458 1566 oﬂ‘erret:
1473 1547 1482 1564 ι
1502 1537 1597 1573 Neque
1623 1537 1696 1565 enim

907 1589 971 1616 fecit
999 1592 1154 1624 peccatum,
1177 1594 1266 1622 neque
1291 1587 1418 1614 iuventus
1443 1588 1487 1613 est
1510 1584 1593 1612 dolus
1609 1584 1636 1611 in
1650 1591 1699 1612 ore

909 1635 967 1669 t‘jlls
978 1635 998 1660 ⁸.
1019 1645 1028 1660 ι

909 1694 951 1720 Ea:
967 1693 1056 1719 eodem
1074 1693 1142 1718 libro
1160 1692 1185 1717 iu
1204 1700 1234 1717 ea
1257 1690 1354 1717 verba:
1372 1698 1381 1715 ο
1401 1689 1434 1716 Et
1452 1688 1593 1716 Dominum
1610 1689 1697 1722 ipsum

1108 1733 1133 1753 et
1151 1726 1285 1754 Christum
1303 1725 1364 1756 fecit
1384 1724 1465 1751 Deus.
1484 1733 1493 1750 ι

948 1769 1018 1796 Deus
1040 1769 1127 1803 ipsum
1149 1768 1213 1795 fecit
1232 1766 1374 1794 Dominum
1395 1770 1422 1793 et
1444 1772 1570 1799 unctum,
1590 1775 1643 1794 non
1663 1774 1697 1793 ex

913 1821 965 1841 non
983 1813 1130 1841 exsistente
1145 1813 1179 1839 ad
1196 1819 1258 1839 esse
1275 1811 1418 1838 traducens
1437 1819 1444 1837 :
1462 1815 1522 1837 erat
1539 1811 1610 1838 enim
1628 1818 1699 1838 sem-

912 1866 970 1894 per,
987 1858 1068 1884 etiam
1086 1862 1149 1884 ante
1165 1855 1380 1883 incarnationem
1397 1854 1443 1881 Dei
1460 1852 1594 1885 Verbum,
1612 1859 1699 1887 neque

913 1904 1055 1938 quiequam
1072 1908 1144 1930 recte
1158 1902 1282 1930 sentiens
1296 1900 1408 1928 verbum
1426 1899 1502 1931 illud.
1520 1908 1529 1924 ι
1548 1898 1621 1931 fecit,
1640 1907 1649 1924 ι
1666 1905 1699 1925 eo

914 1949 972 1976 loco
990 1949 1022 1977 de
1039 1948 1156 1976 essentia
1270 1947 1476 1981 interpretetur.
1493 1952 1526 1972 ne
1542 1944 1653 1979 impium
1672 1952 1702 1972 se

915 1995 1051 2027 declaret,
1064 1994 1109 2029 qui
1125 1999 1180 2020 tum
1194 1993 1310 2028 primum
1323 1991 1440 2020 Verbum
1453 1991 1501 2018 Dei
1514 1998 1575 2018 esse
1586 1990 1702 2025 coepisse

916 2041 1006 2072 dieut,
1021 2040 1130 2075 quando
1154 2039 1256 2066 factum
1271 2042 1313 2065 est
1335 2038 1415 2065 homo
1431 2046 1437 2064 :
1455 2037 1502 2064 sed
1521 2045 1530 2061 (
1549 2036 1612 2063 fecit
1629 2045 1639 2061 ι
1656 2043 1702 2062 ae—

916 2087 1068 2121 cipiendum
1090 2090 1133 2113 est
1156 2093 1204 2119 pro
1227 2084 1386 2117 declaravit,
1407 2083 1448 2110 vel
1468 2083 1596 2110 ostendit.
1618 2081 1654 2108 Ita
1676 2088 1704 2109 et

917 2132 1012 2159 Petrus
1028 2140 1088 2159 cum
1104 2131 1204 2159 Judmis
1219 2130 1357 2157 disserens
1371 2129 1438 2156 dixit
1455 2138 1461 2155 :
1481 2138 1490 2155 ι
1508 2128 1600 2156 Jesum
1616 2126 1702 2154 Naza-

918 2187 1026 2211 renmu,
1044 2179 1088 2212 qui
1107 2178 1258 2204 declaratus
1275 2181 1317 2203 est
1332 2176 1372 2203 vir
1386 2183 1400 2202 a
1419 2175 1473 2202 Deo
1491 2175 1518 2202 in
1535 2183 1582 2202 vos
1597 2174 1704 2201 virtuti-

919 2225 978 2256 bus,
995 2230 1022 2251 et
1039 2224 1177 2258 prodigiis,
1196 2223 1311 2257 etsiguis
1328 2229 1388 2257 quae
1405 2221 1479 2255 fecit,
1496 2221 1567 2248 sicut
1584 2220 1634 2256 ipsi
1651 2220 1706 2247 sci-

920 2272 953 2305 tis
974 2271 995 2297 '.
1013 2279 1022 2295 ι
1040 2270 1171 2302 Quocirca
1186 2276 1245 2295 eum
1262 2275 1308 2303 per
1321 2275 1400 2302 opera
1415 2267 1533 2294 ostendit
1546 2266 1705 2301 dignitatem

920 2316 1008 2344 Patris
1027 2316 1078 2343 sibi
1099 2315 1322 2347 iucxsisteutetn,
1342 2313 1472 2341 Dominus
1491 2313 1520 2340 lit
1539 2311 1707 2340 credentium

922 2364 948 2390 iu
965 2364 1050 2397 ipsum
1066 2372 1071 2389 :
1087 2362 1238 2389 ostenditur
1250 2367 1315 2388 vero
1330 2360 1399 2394 quod
1414 2360 1471 2394 ipse
1485 2359 1566 2386 etiam
1580 2358 1616 2385 sit
1627 2357 1708 2385 Chri-

922 2414 988 2436 stus.
1002 2407 1068 2435 Nam
1083 2408 1184 2435 idcirco
1197 2407 1297 2434 Iudicis
1309 2406 1455 2434 incredulis
1467 2405 1555 2432 dixit:
1571 2413 1581 2430 ι
1597 2404 1708 2431 Etiamsi

923 2455 987 2482 Inibi
1005 2462 1056 2481 non
1072 2454 1201 2487 credatis,
1215 2454 1341 2487 operibus
1356 2451 1423 2479 meis
1437 2451 1551 2484 credite,
1567 2454 1596 2478 ut
1609 2457 1710 2486 cogno-

924 2501 1006 2527 scatis
1020 2500 1082 2534 quia
1097 2507 1145 2534 ego
1160 2499 1186 2526 in
1202 2498 1290 2530 Putre.
1303 2503 1330 2526 et
1344 2498 1457 2525 Paterin
1469 2504 1511 2524 me
1525 2501 1566 2524 est
1589 2497 1622 2512 ⁸-⁷
1643 2505 1671 2529 ς(
1683 2501 1711 2524 et

925 2554 1031 2574 rursum
1049 2557 1056 2573 :
1076 2556 1085 2571 ι
1106 2546 1134 2572 Si
1152 2553 1202 2579 ego
1219 2553 1271 2572 non
1287 2544 1358 2572 facio
1373 2552 1455 2580 opera
1474 2543 1560 2571 l’atris
1577 2543 1640 2577 mei,
1657 2551 1709 2570 nun

925 2591 1042 2618 credatis
1058 2591 1123 2618 milii
1146 2592 1166 2618 ⁸.
1184 2601 1194 2616 ι
1212 2590 1239 2618 Si
1256 2597 1330 2625 ergo,
1345 2590 1407 2624 quia
1424 2593 1511 2623 potest
1528 2588 1616 2616 facere
1628 2595 1709 2622 opera

928 2637 1024 2667 Patris.
1039 2643 1065 2664 et
1080 2638 1141 2670 quia
1157 2637 1236 2662 habet
1250 2636 1275 2663 in
1292 2643 1320 2662 se
1335 2635 1452 2666 Patrem,
1468 2635 1578 2668 ipseque
1591 2634 1710 2661 vicissim

926 2688 968 2709 cst
985 2684 1011 2710 in
1031 2683 1124 2715 Patre,
1141 2690 1222 2709 verus
1241 2683 1308 2709 Deus
1326 2688 1386 2708 esse
1403 2680 1554 2708 declaratur
1573 2689 1579 2706 :
1600 2681 1649 2706 hae
1666 2687 1710 2706 ra-

929 2730 1000 2755 tione
1018 2729 1103 2755 factus
1119 2733 1159 2755 est
1176 2728 1302 2755 Dotniuus
1319 2727 1484 2754 credentium
1503 2727 1528 2752 iu
1547 2726 1647 2759 ipsum,
1664 2726 1710 2750 «ιι--

650 2819 659 2834 ³
676 2818 756 2846 Num.
783 2825 831 2851 xu,
849 2818 876 2843 7.
915 2818 923 2832 ⁵
939 2815 948 2843 l
965 2815 1038 2842 Petr.
1068 2822 1098 2846 tl,
1119 2814 1163 2840 2'2.
1203 2814 1288 2840 'Act.
1316 2820 1344 2846 ιι,
1374 2813 1418 2839 22.
1459 2811 1492 2827 ⁶·⁷
1508 2810 1587 2838 Joan.
1612 2819 1637 2843 x,
1667 2811 1712 2838 58.
