1891 3076
183 106 232 139 631
803 105 995 136 ΕυΊἾῐΥΜΠ

184 167 358 201 claratusque
371 167 414 193 est
426 166 508 194 etiam
526 165 584 200 ipse
595 173 656 194 esse
669 165 814 200 Christus;
837 168 858 195 si
877 175 940 194 vero
953 174 967 194 ει
983 170 1005 197 Α

184 212 239 238 Deo
263 210 353 239 factus
367 218 427 239 esse
442 210 575 239 Dominus
595 211 707 244 dicitur,
721 212 802 239 etiam
830 212 880 240 hoc
896 216 969 239 recte

184 258 276 285 habet.
296 257 430 293 Cognitus
444 257 516 285 enim
532 265 581 292 per
596 265 678 293 opera
694 265 755 285 esse
770 267 849 286 terus
864 259 909 286 Dei
923 259 969 286 Fi-

184 305 248 338 lius,
266 304 425 331 dominatur
440 303 467 331 iu
489 310 536 331 eos
554 303 601 338 qui
621 304 685 330 olim
707 311 762 330 non
779 304 968 337 crediderunt,

184 350 293 386 propria
307 358 354 377 sua
368 349 499 384 dignitate
522 355 549 377 et
564 350 655 378 Patris
671 350 812 378 nobilitate
828 351 878 385 ipsi
894 351 971 378 testi-

185 398 306 424 monium
329 397 490 431 perhibenle
518 401 548 423 ut
577 397 643 424 Deo.
674 397 742 425 Cum
768 398 840 424 enim
859 399 972 425 omnino

185 443 311 478 cognitus
327 443 362 470 sit
378 450 439 470 esse
459 442 544 470 Filius
560 442 618 476 Dei,
639 442 727 470 factus
751 444 831 470 etiam
850 450 893 471 est
921 444 973 470 Do-

187 489 278 516 minus
294 496 302 516 :
322 496 375 515 non
388 488 460 523 quod
477 493 541 516 tunc
557 488 675 523 primum
696 489 845 517 exsistendi
863 489 971 516 initiutn

185 536 321 570 acceperit
335 536 454 571 (semper
471 535 544 562 enim
557 540 616 562 erat
632 541 659 562 et
674 536 744 563 Deus
776 540 802 562 et
819 536 972 570 Dominus),

186 582 232 609 sed
251 581 361 616 quando
380 589 394 608 a
416 581 592 610 credentibus
607 583 735 617 cognitus
747 587 803 612 est.
816 588 871 610 tum
886 583 973 609 lactus

186 633 228 655 est
245 628 285 655 eis
298 627 442 656 Dominus.

255 732 296 761 Ea:
313 734 403 763 eadem
416 735 482 763 libro
506 736 533 762 in
556 736 604 763 illa
627 737 705 764 verba
725 744 733 762 :
755 746 763 762 ι
782 737 909 770 Clariﬁca

463 771 561 799 Filium
587 777 671 799 tuum.
686 781 696 797 ι

222 819 352 847 Senator
367 818 468 845 alicubi
482 819 515 844 ad
527 818 635 846 Patrem
653 826 732 846 suum
745 818 782 845 ita
796 819 853 846 ait:
872 827 882 844 ‹
897 817 988 851 Pater,

188 865 264 893 venit
292 865 371 898 hora,
399 865 520 900 gloriﬁca
549 864 649 893 Filium
676 870 752 892 tuum
768 865 787 892 ¹.
819 875 827 890 ι
857 865 885 892 Si
910 873 975 900 ergo

188 915 285 939 exacte
298 911 372 938 novit
388 911 494 943 horam,
506 917 588 945 quam
602 911 709 938 veniSSe
718 911 796 942 dicit.
810 911 875 944 quid
885 912 978 938 obstat

190 956 338 992 quominus
353 961 379 983 et
394 956 468 983 illam
486 956 569 988 norit,
583 963 677 990 quam,
696 960 726 983 ut
741 956 834 989 homo,
851 955 978 990 ignorare

190 1011 220 1032 se
235 1004 411 1038 inquit,quod
422 1003 448 1030 id
462 1002 625 1030 humanitati
636 1003 790 1032 conveniat.
805 1003 877 1030 norit
888 1007 978 1029 autem

191 1050 303 1078 omnino
320 1054 350 1077 ut
367 1049 459 1076 Deus?
473 1050 509 1075 At
535 1057 588 1076 non
608 1054 717 1083 oportet
735 1049 771 1076 ob
796 1049 866 1075 hanc
882 1055 974 1076 vocem

192 1095 314 1123 Verbum
337 1095 382 1122 Dei
412 1095 552 1126 incusare,
568 1099 596 1121 et
615 1094 796 1129 ignorantiam
820 1100 923 1122 temere
940 1094 978 1121 illi

193 1143 331 1177 obiicere;
348 1142 394 1168 sed
406 1141 497 1176 potius
509 1141 601 1169 mirari
612 1148 731 1168 antorem
745 1148 799 1175 quo
811 1148 874 1175 erga
884 1140 981 1168 Imma-

195 1199 259 1218 nunt
272 1197 360 1225 genus
371 1188 506 1223 ﬂagravit,
518 1195 572 1223 quo
583 1188 717 1222 impulsus
730 1195 785 1214 non
797 1187 934 1214 recusavit
946 1187 979 1214 ad

194 1241 300 1264 tantam
319 1235 500 1263 humilitatem
512 1242 571 1262 sese
580 1235 734 1267 demittere,
748 1234 876 1261 utomnia
890 1237 982 1261 nostra

194 1282 356 1317 susciperet,
374 1288 488 1316 quorum
503 1281 584 1308 etiam
603 1288 688 1308 unum
702 1279 918 1315 estignorantia.

231 1371 421 1406 lnterrogandi
443 1377 507 1400 sunt
537 1372 630 1400 hostes
655 1372 778 1406 Christi,
803 1372 982 1408 quamobrem

198 1419 328 1446 bervator
336 1427 397 1446 cum
412 1419 522 1454 angelos
533 1424 560 1446 et
574 1419 672 1447 Filium
690 1419 850 1452 nominarit,
864 1419 983 1454 Spiritus

1023 105 1203 137 ZlGABENI
1766 101 1822 133 632

1021 167 1116 201 γέγονε
1133 165 1187 193 τῶν
1205 164 1244 196 εἰς
1260 164 1341 191 αὑτὸν
1362 163 1568 190 πιστευσάντων
1584 162 1703 197 Κύριος,
1724 162 1817 197 ἐφάνη

1020 214 1110 241 δὲκαὶ
1132 212 1212 243 αὐτὸς
1237 211 1275 238 ὢν
1298 212 1312 238 ὁ
1332 210 1449 246 Χριστός
1462 218 1469 225 ·
1493 211 1518 236 εί
1538 210 1567 236 δὲ
1582 210 1659 244 παρὰ
1676 209 1749 236 Θεοῦ
1766 218 1822 235 πε-

1022 260 1151 296 ποιῆσθαι
1174 260 1276 294 Κύριος
1304 257 1423 291 λέγεται,
1451 257 1497 284 καὶ
1522 256 1601 282 τοῦτο
1625 257 1683 290 ἔχει
1713 255 1821 286 καλῶς.

1027 306 1290 340 Ἐπιγινωσκόμενος
1317 305 1370 340 γὰρ
1393 305 1438 331 διὰ
1461 303 1515 329 τῶν
1538 304 1628 338 ἔργων
1654 302 1773 337 γνήσιόν
1790 309 1822 327 τε

1022 353 1068 380 καὶ
1081 352 1206 386 ἀληθινὸν
1223 351 1270 378 τοῦ
1289 351 1356 377 Θεοῦ
1374 351 1507 384 γέννημα,
1529 349 1653 383 κυριεύει
1667 349 1727 374 cini
1742 348 1824 374 ἀπει-

1023 399 1142 426 θούντων
1160 399 1254 430 πάλαι,
1271 398 1312 433 τῷ
1327 406 1357 424 τε
1381 396 1475 432 οἰκείῳ
1496 395 1631 429 ἀξιώματι
1656 394 1707 422 καὶ
1733 395 1770 429 τῇ
1790 396 1824 420 ἐκ

1024 445 1129 481 Πατρὸς
1148 445 1273 480 εὐγενείᾳ
1294 443 1519 478 μαρτυρούμενος
1541 442 1579 473 ὡς
1599 442 1680 472 Θεός.
1703 441 1823 475 Ἐπειδὴ

1024 491 1078 525 γὰρ
1094 491 1161 522 ὂλως
1178 490 1300 526 ἐγνώσθη
1324 489 1391 516 Θεοῦ
1409 489 1543 523 ὑπάρχων
1561 488 1634 519 Υἱὸς,
1654 488 1760 520 γέγονε
1776 487 1825 512 καί

1025 538 1138 572 Κύριος.
1153 537 1183 564 οὐ
1198 537 1257 564 τότε
1273 536 1380 570 πρώτον
1392 535 1439 562 τοῦ
1459 534 1527 561 εἶναι
1544 534 1646 568 Κύριος
1660 533 1823 568 ἀρξάμενος

1027 582 1070 619 (ἦν
1090 586 1144 619 γὰρ
1164 584 1207 610 ἀεὶ
1228 583 1276 609 καὶ
1291 582 1357 613 Θεὸς
1384 582 1431 608 καὶ⁸
1451 581 1575 616 Κύριος),
1595 579 1654 607 ἀλλ’
1674 581 1721 606 ὅτε
1744 581 1823 613 παρὰ

1025 632 1082 662 τοῖς
1103 629 1315 657 πεπιστευκόσιν
1335 627 1469 664 ἐγνώσθη,
1484 627 1544 655 τότε
1570 625 1694 661 γεγονὼς
1711 625 1764 652 καὶ
1779 625 1823 651 ἐπ’

1027 677 1125 708 αὐτοὺς
1140 676 1253 712 Κύριος.

1034 735 1083 762 Ἐκ
1103 735 1156 762 τοῦ
1173 733 1268 762 αὐτοῦ
1284 733 1408 765 βιϐλίου
1431 734 1475 765 εις
1490 733 1525 759 τό
1537 740 1544 746 ·
1574 740 1584 757 ι
1599 730 1745 762 Δόεασόν
1766 737 1825 756 σου

1325 768 1376 796 τὸν
1399 769 1479 795 Υίόν.
1501 777 1510 793 ι

1064 816 1147 850 Λέγει
1159 824 1211 842 ⁴ιιου
1226 815 1295 850 πρὸς
1310 816 1356 842 τον
1369 813 1466 841 ἑαυτοῦ
1482 814 1590 849 Πατέρα
1604 812 1807 846 διαλεγόμενος
1818 818 1826 825 ·

1031 870 1040 886 ι
1063 861 1165 895 Πάτερ,
1185 860 1314 896 ἐλήλυθεν
1329 860 1346 894 ἡ
1365 859 1437 895 ὥρα,
1453 859 1566 892 δόξασόν
1585 866 1632 884 σου
1651 858 1700 884 τὸν
1722 857 1798 884 Υἱόν.
1814 866 1823 882 ι

1031 907 1062 933 El
1079 907 1169 934 τοίνυν
1194 905 1265 934 οἶδεν
1284 906 1409 940 ἀκριϐῶς
1430 906 1481 941 τὴν
1495 906 1581 940 ὤραν,
1598 904 1633 940 ἢν
1659 904 1828 939 ἐληλυθέναι

1029 953 1147 987 λέγει,τί
1158 952 1188 979 τδ
1201 953 1305 980 κωλύον
1318 953 1417 979 ειδέναι
1429 953 1569 986 κάκείνην,
1579 952 1612 987 ἢν
1626 951 1665 982 ὡς
1676 951 1827 986 ἄνθρωπος

1031 1000 1140 1034 ἀγνοεῖν
1165 1000 1214 1034 μέν
1230 1007 1297 1034 φησι
1314 998 1357 1026 διὰ
1379 998 1410 1024 τὸ
1429 999 1462 1034 τῇ
1488 997 1682 1033 ἀνθρωπότητι
1707 998 1825 1032 πρέπον,

1031 1045 1085 1073 οἶδε
1101 1047 1129 1074 δὲ
1144 1047 1254 1078 πάντως
1270 1047 1307 1078 ὡς
1324 1046 1408 1078 Θεό;;
1433 1046 1494 1080 Χρὴ
1508 1045 1535 1071 δὲ
1549 1045 1579 1071 οὐ
1598 1045 1644 1071 διὰ
1661 1044 1716 1080 τὴν
1733 1045 1824 1070 τοιαύ-

1031 1103 1082 1129 την
1096 1093 1187 1129 φωνὴν
1203 1093 1366 1128 κατηγορεῖν
1380 1092 1428 1118 τοῦ
1440 1092 1508 1118 Θεοῦ
1523 1092 1622 1125 Λόιου,
1635 1093 1684 1118 καὶ
1701 1091 1828 1126 ῥιψοκιν-

1032 1142 1117 1172 δύνως
1134 1141 1246 1175 ἄγνοιαν
1260 1139 1334 1174 αὐτῷ
1352 1139 1522 1174 προσάπτειν
1542 1138 1603 1164 τινά
1615 1145 1623 1153 ⁸
1635 1137 1708 1164 ἀλλὰ
1724 1138 1827 1172 μᾶλλον

1034 1186 1186 1221 Θαυμάξειν
1201 1186 1283 1212 αὑτοῦ
1301 1185 1350 1220 τὴν
1365 1184 1584 1219 φιλανθρωπίαν,
1600 1184 1631 1210 οὐ
1649 1192 1828 1218 παραιτησα-

1035 1235 1117 1269 μένου
1132 1233 1177 1260 διὰ
1191 1232 1240 1268 τὴν
1253 1233 1292 1263 εἰς
1307 1232 1381 1267 ἡμᾶς
1395 1231 1535 1265 ἀγάπησιν
1551 1231 1590 1261 είς
1608 1230 1753 1265 τοσαύτην
1767 1230 1829 1256 ἑαυ-

1034 1282 1079 1308 τὸν
1101 1280 1267 1307 ταπείνωσιν
1285 1279 1463 1312 καταγαγεῖν,
1477 1277 1516 1308 ὠς
1536 1278 1626 1304 πάντα
1652 1278 1778 1312 φορέσαι
1796 1276 1830 1303 τὰ

1036 1327 1125 1362 ἡμῶν,
1139 1326 1176 1354 ὢν
1192 1327 1221 1353 ἓν
1233 1327 1354 1361 ὑπάρχει
1371 1326 1418 1352 καὶ
1434 1326 1449 1360 ἡ
1466 1325 1572 1359 ἄγνοια.

1078 1373 1246 1408 Ἐρωτητέον
1265 1373 1331 1401 τοὺς
1345 1371 1559 1406 χριστομάχους,
1573 1371 1635 1397 ὅτου
1652 1371 1686 1406 δὴ
1715 1372 1774 1406 χάρ
1786 1381 1800 1397 ν
1815 1371 1828 1396 ll

1036 1419 1133 1453 Σωτὴρ
1150 1418 1281 1452 ἀγγέλους
1307 1417 1353 1444 καὶ
1374 1416 1436 1443 Υίὸν
1458 1417 1607 1450 ὀνομάσας,
1634 1417 1762 1450 οὐδαμοῦ
1782 1415 1828 1442 τοῦ

198 1465 362 1492 mentionem
385 1470 519 1497 nusquam
554 1462 671 1489 fecerit?
701 1462 757 1488 Non
791 1462 862 1488 enim
889 1461 958 1488 dixit

1058 1460 1192 1495 νεύματος
1205 1461 1350 1495 ἐποιήσατο
1367 1460 1493 1495 μνήμην;
1508 1460 1545 1487 υὺ
1559 1459 1613 1495 γὰρ
1625 1461 1740 1495 εἴρηκεν
1752 1469 1759 1475 ·
1774 1461 1830 1487 Οὐκ

198 1509 255 1536 Non
289 1509 364 1536 novit
392 1508 520 1542 Spiritus,
532 1509 590 1541 sed,
606 1517 614 1533 ι
634 1507 692 1535 Νοι.
707 1511 805 1534 ιιοι-ιιιιι
818 1507 917 1542 angeli,
935 1515 982 1534 ne-

198 1561 251 1588 que
275 1555 349 1581 licvit
367 1554 466 1588 Filius;
486 1559 588 1588 ratque
610 1554 659 1581 hoc
680 1553 786 1587 quidem
805 1552 981 1587 simpliciter:

199 1607 252 1626 non
268 1601 340 1626 enim
353 1599 460 1634 adjecit,
479 1600 536 1626 Dei.
555 1599 725 1627 Manifestum
748 1601 829 1634 igitur
844 1604 885 1625 est
912 1598 981 1632 quod

198 1643 308 1677 angelos
324 1643 463 1677 ignorasse
478 1644 587 1676 dixerit,
607 1649 635 1670 ut
657 1649 808 1671 creaturas.
824 1643 892 1671 Cum
919 1649 983 1669 vero

199 1688 340 1723 discipulis
356 1689 382 1715 id
394 1689 484 1716 dicere
505 1689 598 1722 nollet,
613 1689 648 1716 ob
661 1688 822 1716 ineﬂ'abiletn
839 1689 981 1723 quamdam

200 1733 551 1762 divinae-administrationis
564 1740 590 1761 et
606 1734 712 1762 consilii
728 1734 859 1761 rationem
872 1741 879 1760 :
892 1743 901 1759 ι
917 1732 984 1766 Quis

199 1780 270 1805 enim
294 1779 369 1807 novit
393 1785 509 1807 mentem
533 1779 649 1812 Domini,
668 1785 713 1807 aut
730 1780 790 1815 quis
813 1779 984 1807 consiliarius

199 1824 257 1858 ejus
280 1825 329 1852 fuit
355 1823 388 1852 ’τ
407 1834 416 1851 ι
442 1833 475 1852 ne
500 1826 634 1853 videretur
657 1825 716 1853 illos
733 1825 784 1852 hoc
806 1826 896 1853 celare
915 1825 983 1852 vel'e

198 1877 284 1904 eoque
298 1871 405 1898 nomine
420 1871 478 1899 illos
488 1878 604 1899 minore
616 1871 733 1904 allicere,
750 1871 829 1903 dixit,
841 1879 874 1898 ne
885 1870 981 1897 Filium

199 1915 307 1950 quidem
325 1916 375 1942 hoc
392 1923 492 1949 nosse;
507 1916 624 1943 humano
643 1924 717 1943 more
732 1916 764 1943 de
778 1924 807 1944 se
820 1916 941 1951 loquens,
955 1919 982 1941 nt

200 1962 299 1988 homo:
313 1966 340 1987 et
352 1962 472 1988 omnium
488 1961 596 1989 interim
612 1961 736 1988 notitiam
751 1961 802 1987 sibi
818 1967 940 1991 servans,
955 1965 984 1986 nt

202 2006 280 2033 Deus.
296 2006 399 2033 ldeireo
423 2006 495 2033 enim
517 2014 570 2033 non
594 2007 677 2038 dixit,
697 2006 828 2040 Spiritum
845 2006 981 2041 ignorare.

199 2051 266 2078 Nam
280 2051 302 2078 si
317 2052 427 2086 spiritus
443 2053 533 2079 omnia
546 2057 693 2084 scrutatur.
705 2053 786 2079 etiam
804 2052 909 2079 occulta
925 2052 984 2085 Dei,

199 2103 227 2124 ιιι
243 2097 371 2132 scriptum
388 2103 430 2125 est
461 2098 488 2130 ',
503 2098 576 2126 n'ovit
592 2098 712 2133 profecto
721 2098 914 2132 omniaquazin
928 2098 984 2132 ipso

199 2149 270 2171 sunt.
293 2143 367 2177 Quod
390 2144 412 2171 si
432 2143 549 2179 Spiritus
567 2144 611 2179 qui
641 2144 731 2171 omnia
753 2143 816 2176 scit,
839 2144 984 2178 omniaque
1001 2141 1020 2167 Ι]

199 2189 337 2224 inquirere
360 2193 461 2224 potest,
477 2197 491 2216 a
510 2189 578 2219 Filio
594 2190 693 2225 accipit
711 2198 716 2215 :
740 2198 749 2214 ι
770 2189 816 2216 Ille
837 2189 921 2220 enitn,
941 2189 983 2215 in-

200 2234 307 2268 quit,de
323 2241 383 2260 meo
394 2234 508 2268 accipiet
522 2232 547 2269 ⁸,
562 2244 571 2261 ι
583 2235 718 2269 quomodo
732 2234 816 2263 Filius
830 2235 984 2263 censebitur

200 2279 335 2314 ignorare,
348 2281 393 2311 qui
409 2280 520 2315 Spiritui
538 2282 628 2309 omnia
645 2281 741 2309 scienti
756 2281 907 2315 suppeditat
921 2281 932 2307 ?

240 2329 282 2357 Ea:
295 2331 384 2357 eodem
400 2328 467 2357 libro
482 2328 508 2354 in
527 2336 557 2355 ea
576 2326 653 2354 rerba
665 2335 675 2354 :
699 2337 708 2352 ι
737 2326 775 2354 De
799 2326 846 2354 illa
865 2333 952 2353 autem

474 2364 516 2389 die
534 2368 579 2389 aut
595 2362 672 2388 liora.
695 2371 704 2388 ι

240 2411 268 2439 Si
282 2411 375 2439 omnia
402 2417 464 2445 qua:
489 2409 570 2436 habet
595 2408 689 2440 Pater,
708 2413 772 2436 sunt
791 2409 863 2442 Filii,
887 2415 917 2436 ut
932 2409 991 2443 ipse

202 2461 339 2485 testatur:
356 2459 382 2483 at
400 2455 480 2483 Pater
506 2455 632 2481 ultimum
653 2455 730 2482 illum
755 2456 826 2481 diem
843 2459 872 2482 et
893 2455 989 2482 lteram

204 2505 298 2531 novit:
321 2508 395 2530 certe
407 2503 487 2530 etiam
503 2501 589 2528 Filius
599 2501 679 2528 norit.
701 2501 738 2528 Ita
751 2502 824 2528 enim
840 2509 904 2529 vere
917 2502 992 2529 dixe-

205 2550 241 2577 rit
257 2558 264 2576 :
285 2558 294 2575 ι
317 2549 416 2577 Omnia
434 2556 495 2584 qua:
509 2548 591 2575 habet
605 2547 698 2578 Pater,
714 2555 772 2574 mea
788 2550 892 2575 sunt."

245 2651 287 2679 Ex
298 2651 388 2679 eadem
403 2650 470 2678 libro
483 2651 514 2692 in
529 2659 560 2678 ea
584 2652 678 2692 verba:
700 2662 708 2677 ι
730 2651 762 2678 Et
778 2653 868 2679 omnia
883 2653 955 2680 dedit

480 2694 507 2713 ιη
521 2695 601 2713 manu
619 2695 687 2720 ejus.
710 2697 719 2713 ι

242 2733 301 2760 Νοιι
317 2733 379 2761 ideo
403 2733 504 2760 dicitur
522 2732 608 2760 Filius
626 2742 639 2758 a
656 2733 736 2760 Patre
750 2736 899 2769 accepisse,
921 2735 992 2769 quod

207 2785 285 2807 antea
299 2787 356 2806 non
372 2780 506 2806 habuerit.
520 2779 687 2806 llabetenim
699 2782 870 2810 naturaliter.
883 2791 944 2809 eum
957 2783 993 2808 sit.

242 2831 249 2847 '
269 2831 348 2858 Joan.
367 2839 434 2859 mi.
454 2831 478 2858 1.

520 2831 528 2846 ⁵
549 2831 598 2859 Ιειι.
615 2841 658 2865 η,
675 2833 727 2866 (5;
746 2833 824 2860 Rom.
843 2843 879 2867 ιιι,
895 2835 938 2861 5i.

1058 2843 1088 2860 ιι.
1107 2843 1138 2868 ιι,
1155 2835 1196 2862 ιυ.
1237 2834 1335 2863 ‘Joan.
1353 2837 1468 2871 “1,”.

1033 1504 1085 1532 οἵδε
1101 1505 1131 1532 τὸ
1149 1506 1272 1540 Πνεῦμα,
1293 1505 1350 1532 ἀλλ’
1367 1515 1376 1532 ι
1390 1506 1447 1532 οὐκ
1471 1506 1560 1532 ἴσασιν
1575 1507 1599 1532 al.
1621 1505 1754 1539 ἄγγελοι.
1775 1507 1828 1533 οὐδ’

1033 1548 1102 1578 οἶδεν
1124 1552 1138 1577 ὁ
1164 1551 1242 1582 Υἱός·
1260 1560 1269 1576 ι
1299 1551 1345 1577 καὶ
1367 1551 1445 1578 τοῦτο
1468 1551 1676 1587 ἀπολελυμὲνως
1689 1561 1696 1567 ⁸
1718 1552 1754 1578 οὐ
1777 1552 1829 1588 γὰρ

1035 1596 1221 1631 προσ-τέθεικε,
1236 1596 1283 1623 τοῦ
1299 1596 1377 1624 Θεοῦ.
1393 1597 1477 1631 Δῆλον
1492 1595 1539 1623 οὖν
1556 1598 1596 1623 ὅτι
1612 1598 1753 1631 ἀγγέλους
1778 1598 1826 1633 μὲν

1034 1642 1133 1677 ἔφησεν
1154 1643 1261 1676 ἀγνοεῖν
1275 1642 1314 1674 ὡς
1328 1642 1474 1678 κτίσματα.
1498 1643 1592 1670 Εἰπεῐν
1608 1643 1636 1669 δὲ
1660 1645 1717 1675 τοῖς
1737 1644 1829 1679 μαθη-

1033 1690 1092 1720 ταῖς
1105 1688 1135 1715 οὺ
1150 1688 1276 1724 θελήσας,
1290 1688 1334 1715 διά
1349 1697 1412 1715 τινα
1432 1689 1511 1723 λόγον
1525 1690 1682 1724 οἰκονομίας
1701 1690 1828 1725 ἀπὸρῤη-

1033 1742 1088 1760 τονι
1109 1743 1118 1760 ι
1132 1734 1180 1765 Τίς
1189 1734 1243 1770 γὰρ
1263 1734 1333 1768 ἐγνω
1349 1734 1412 1761 νοῦν
1433 1734 1547 1770 Κυρίου,
1569 1735 1585 1770 ἢ
1607 1735 1649 1766 τίς
1673 1735 1830 1769 σύμϐουλος

1034 1778 1115 1806 αὐτοῦ
1138 1779 1262 1813 ἐγένετο;
1278 1789 1288 1806 ι
1304 1780 1349 1807 ἵνα
1366 1780 1404 1816 μὴ
1421 1780 1551 1816 φαίνηται
1567 1780 1696 1815 κρύπτων
1709 1782 1828 1812 αὐτοὺς.

1033 1826 1081 1852 καὶ
1095 1825 1139 1852 διὰ
1153 1825 1232 1852 τοῦτο
1246 1826 1366 1862 λυπήσῃ,
1387 1827 1435 1853 καὶ
1455 1826 1501 1853 τὸν
1519 1826 1583 1853 Υἱὸν
1610 1826 1696 1861 ἔφησε
1727 1827 1770 1862 μὴ
1796 1829 1830 1854 εἰ-

1033 1871 1115 1902 δέναι,
1125 1871 1365 1907 ἀνθρωπινώτερον
1379 1872 1426 1906 μὲν
1438 1872 1502 1907 περὶ
1513 1872 1610 1899 ἑαυτοῦ
1622 1872 1721 1906 λέγων,
1734 1873 1829 1907 ὥσπερ

1035 1917 1098 1952 περὶ
1111 1916 1254 1951 ἀνθρώπου
1264 1926 1271 1932 ·
1288 1917 1430 1951 φυλάττων
1442 1917 1471 1944 δὲ
1483 1917 1572 1957 ἑαυτῷ
1585 1918 1615 1944 τὸ
1628 1919 1731 1945 εἰδέναι
1749 1920 1828 1946 πάλιν

1034 1962 1123 1989 πάντα
1134 1962 1170 1994 ὡς
1183 1962 1260 1993 Θεός.
1273 1963 1321 1990 Διὰ
1335 1963 1389 1998 γὰρ
1402 1963 1479 1990 τοῦτο
1494 1963 1553 1990 οὐδὲ
1565 1964 1596 1990 τὸ
1606 1964 1718 1999 Πνεῦμα
1727 1965 1828 2000 ἔφησεν

1035 2009 1153 2042 ἀγνοεῖν.
1171 2009 1203 2035 Εἰ
1221 2009 1275 2044 γὰρ
1289 2009 1320 2035 τὸ
1346 2008 1459 2044 Πνεῦμα
1481 2009 1569 2036 πάντα
1588 2010 1700 2046 ἐρευνᾷ,
1723 2012 1776 2037 καὶ
1799 2011 1828 2037 τὰ

1035 2054 1103 2090 βάθη
1119 2054 1167 2081 τοῦ
1182 2054 1260 2086 Θεοῦ,
1275 2055 1347 2082 καθὰ
1365 2055 1528 2089 γέγραπται,
1539 2054 1592 2082 οἶδε
1606 2056 1726 2090 δηλονότι
1740 2057 1827 2083 πάντα

1034 2099 1068 2126 τὰ
1090 2100 1119 2126 ἐν
1133 2100 1216 2134 αὐτῷ.
1238 2101 1293 2127 Καὶ
1308 2102 1333 2127 εί
1344 2101 1374 2127 τὸ
1389 2101 1501 2135 Πνεῦμα
1518 2101 1549 2127 τὸ
1570 2101 1657 2128 πάντα
1674 2101 1761 2133 εἱδδς,
1786 2103 1827 2129 καὶ

1035 2146 1068 2172 τὰ
1084 2146 1173 2172 πάντα
1188 2146 1418 2181 περιεργάζεσθαι
1434 2146 1592 2181 δυνάμενον,
1609 2146 1685 2180 παρὰ
1702 2146 1750 2172 τοῦ
1768 2146 1826 2173 Υἱοῦ

1035 2190 1178 2226 λαμϐάνει·
1199 2200 1210 2216 ι
1228 2191 1331 2217 Ἐκεῖνο
1352 2191 1416 2227 γὰρ,
1437 2191 1529 2226 φησιν,
1544 2190 1573 2223 ὲξ
1588 2192 1655 2225 ἐμοῦ
1671 2191 1824 2226 λήψεται-ι

1036 2236 1095 2268 πῶς
1113 2237 1127 2262 ὁ
1143 2236 1228 2270 Λόγος
1241 2237 1343 2271 ἀγνοεῖ,
1357 2237 1370 2263 ὀ
1384 2236 1430 2264 τοῦ
1447 2237 1535 2263 πάντα
1550 2236 1649 2268 εἰδότος
1670 2237 1827 2272 Πνεῦματος

1037 2283 1154 2317 ward;
1164 2290 1171 2314 ς

1049 2329 1096 2355 Ἐκ
1112 2327 1164 2356 τοῦ
1179 2328 1271 2365 αὑτοῦ
1283 2328 1406 2360 ,βιϐλίου
1420 2329 1464 2365 είς
1475 2328 1547 2365 ἔόχι
1559 2328 1630 2362 Περὶ
1647 2328 1703 2363 τῆς
1718 2329 1828 2365 ἡμέρας

1235 2363 1356 2397 ἐκείνης
1384 2364 1432 2390 καὶ
1451 2362 1505 2397 τῆς
1519 2363 1606 2399 ὥρας.
1623 2373 1632 2390 ι

1081 2411 1109 2437 Εἰ
1124 2411 1213 2438 πάντα
1236 2410 1286 2437 ὅσα
1308 2411 1365 2445 ἕλει
1381 2411 1395 2437 ὁ
1409 2411 1504 2446 Πατὴρ
1522 2410 1570 2437 τοῦ
1590 2410 1655 2437 Υἱοῦ
1674 2411 1745 2444 ἐστι,
1760 2411 1827 2438 καθά

1045 2466 1127 2492 φησιν
1140 2457 1232 2491 αὐτὸς,
1243 2457 1299 2493 ἔχει
1312 2458 1338 2484 δὲ
1354 2459 1368 2484 ὁ
1382 2458 1476 2492 Πατὴρ
1488 2457 1535 2492 τὴν
1550 2458 1651 2491 γνῶσιν
1663 2457 1714 2492 τῆς
1725 2458 1827 2492 ἡμέρας

1045 2504 1093 2529 καὶ
1108 2503 1157 2536 τῆς
1176 2502 1249 2538 ὥρας
1267 2503 1386 2537 ἐκείνης,
1402 2502 1460 2537 ἔχει
1479 2502 1602 2538 δηλονότι
1626 2503 1734 2538 ταύτην
1758 2503 1827 2529 καὶό

1047 2548 1121 2581 Υἱός.
1135 2549 1213 2576 Οὕτω
1231 2549 1285 2584 γὰρ
1299 2549 1446 2584 ἀληθεύσει
1461 2551 1546 2584 λέγων
1559 2558 1565 2565 ·
1580 2558 1590 2575 ‹
1604 2549 1699 2579 Πάντα
1714 2550 1765 2576 ὃσα
1777 2550 1826 2584 ἔχει

1047 2597 1061 2623 ὀ
1076 2596 1179 2632 Πατὴρ,
1195 2597 1250 2630 ἐμά
1265 2597 1349 2624 ἐστιν.
1370 2606 1380 2623 ι

1049 2652 1104 2679 Τοῦ
1121 2652 1215 2680 αὐτοῦ
1225 2652 1347 2684 βιϐλίου
1361 2654 1405 2685 εἰς
1419 2653 1454 2680 τό
1463 2661 1470 2668 ’
1489 2663 1498 2679 ι
1515 2654 1570 2680 Καὶ
1587 2653 1688 2681 πάντα
1702 2653 1819 2680 δέδωκεν

1275 2688 1310 2714 ἐν
1322 2687 1359 2722 τῇ
1375 2688 1451 2722 χειρὶ
1468 2688 1572 2715 αὑτοῦ.
1593 2698 1603 2714 ι

1082 2735 1118 2761 Οὺ
1136 2734 1181 2760 διὰ
1204 2735 1236 2761 τὺ
1259 2735 1295 2769 μὴ
1317 2734 1390 2769 ἔχειν
1417 2736 1431 2761 ὁ
1454 2735 1528 2767 Υἱὸς,
1553 2736 1695 2770 εἰληφέναι
1723 2736 1823 2769 λέγεται

1047 2781 1123 2816 παρὰ
1135 2781 1182 2807 τοῦ
1195 2781 1312 2816 Πατρός.
1322 2782 1399 2818 Ἔχει
1410 2783 1463 2816 γάρ
1477 2782 1610 2815 pastum,
1621 2783 1686 2814 ἴδιος
1698 2782 1736 2809 ὦν
1749 2779 1822 2809 αὐτοῦ

1519 2835 1606 2864 'ibid.
1627 2832 1671 2861 l5.
