1891 3076
38 139 94 172 633

522 144 710 174 PANOPLIA
728 143 960 175 DOGMATICA.
972 155 1007 160 -
1025 144 1102 176 ΤΙΤ.
1118 145 1172 176 XI.

1606 145 1658 177 631.

35 208 118 242 Λόγος
135 207 184 235 καὶ
197 207 379 244 ἀπαύγασμα,
395 209 484 238 πάντα
497 209 531 237 τὰ
547 211 642 243 αὑτοῦ,
664 211 726 246 δίχα
743 211 806 246 μόνο

874 213 1010 248 proprium
1026 212 1084 246 ejus
1101 212 1217 240 Verbum
1230 218 1257 240 et
1271 212 1412 247 splendor,
1427 213 1517 240 omnia
1530 219 1590 248 quae
1606 210 1658 239 Pa-

33 255 78 281 τοῦ
92 252 227 282 εἶναικαὶ
250 255 377 289 λέγεσθαι
402 257 506 292 Πατήρ.
522 257 602 291 Λέγει
626 257 654 284 δὲ
683 257 823 292 εἰληφέναι

34 301 107 336 παρὰ
118 300 167 327 τοῦ
187 301 302 336 Πατρδς,
322 302 495 337 προαναιρῶν
516 303 554 334 ὡς
567 303 633 334 Θεὸς
648 303 698 335 τὰς
713 303 768 329 τῶν
781 304 823 329 αἰ-

34 349 149 383 ρετικῶν
165 349 298 380 ὑπονοίας.
315 348 372 375 ’Ίνα
385 348 439 384 γὰρ
460 350 496 384 μή
515 358 557 381 τις
575 350 619 376 τὴν
632 349 696 376 Ti)»;
714 348 823 384 οεωρῶν

32 395 120 422 πάντα
142 395 177 422 τὰ
200 396 247 422 τοῦ
274 395 378 430 [ἰατρὸς
396 395 492 429 ἔχοντα
513 396 545 422 ἐκ
567 396 616 430 τῆς
639 396 739 430 πολλῆς
762 395 822 422 λίαν

31 441 190 476 ὁμοιότητος
203 442 249 468 καὶ
266 441 477 476 ἀπαραλλάκτου
493 441 655 476 ταυτότητος
667 441 765 476 νομίσῃ
776 441 821 468 τὸν

31 486 111 512 αὑτὸν
126 485 196 513 εἷναι
213 486 322 521 Πατέρα
337 486 384 513 καὶ
399 486 472 519 Υἰὺν,
499 486 545 513 καὶ
557 487 598 518 εἰς
611 487 659 522 τὴν
678 487 821 513 Σαϐελλίου

32 531 137 565 πλάνην
157 532 270 568 ἐκπέσῃ,
300 533 459 566 ἀναγκαίως
487 533 626 568 εἰληφέναι
653 533 720 568 φησί
746 533 822 569 παρὰ

31 577 151 612 Πατρδς,
167 577 288 611 φυσικῶς
318 577 397 604 τοῦτο
413 577 491 613 ἔχων·
508 578 540 605 ἵν’
553 579 566 605 ὁ
586 579 665 612 λόγος
685 579 820 615 εἰσφέρων

30 624 75 650 ἕνα
90 623 142 658 μὲν
163 623 208 650 τὸν
232 623 345 656 διδόντα,
368 624 492 659 δεύτερον
508 624 536 650 δὲ
556 624 601 651 τὸν
613 625 765 659 δεχόμενον,
792 626 821 652 ὲν

31 668 196 700 ἰδιαζούσαις
211 669 374 696 ὑποστάσεσι
386 669 468 696 δυάδα
480 669 589 705 δεικνύῃ
609 670 638 696 οὐ
657 671 747 705 μόνοις
761 671 820 697 δνό-

31 723 94 749 μασι
110 714 348 750 διαστελλομένην.
361 715 440 746 Ἵδιος
464 715 492 742 δὲ
507 715 545 742 ὣν
563 715 610 742 τοῦ
627 716 733 750 Πατρὸς
745 717 759 742 ὁ
770 717 821 743 Λό-

28 767 82 792 γος,
101 759 152 785 καὶ
167 760 199 785 ὲκ
214 759 263 794 τῆς
280 759 373 790 οὐσίας
392 759 475 786 αὑτοῦ
492 758 642 795 προελθὼν,
664 758 753 786 πάντα
771 759 820 793 μὲν
835 779 856 808 Β

29 804 60 829 τὰ
73 804 122 831 τοῦ
137 804 243 839 Πατρδς
260 803 350 835 ὰῖδῖως
364 804 430 839 ἔχει.
450 805 518 840 Παρ⁹
532 804 614 831 αὑτοῦ
632 805 660 831 δέ
679 813 761 839 φησιν
779 807 818 832 εἰ-

29 848 144 883 ληφέναι
161 849 204 876 διὰ
218 849 249 876 τὸ
263 848 292 882 ἐξ
309 849 391 876 αὐτοῦ
406 849 558 886 προελθεῖν,
570 849 693 884 φυσικῶς
703 850 773 885 ἔχων
786 851 819 878 τὰ

29 895 116 922 πάντα
133 895 269 930 προσόντα
282 895 366 931 αὐτῷ.

335 983 387 1011 Kal
403 985 502 1013 τοῦτο.

60 1028 228 1063 Εὑρίσκεταί
242 1038 292 1056 που
312 1029 400 1064 λέγων
417 1031 431 1057 ό
448 1032 544 1067 Σωτήρ
555 1040 562 1047 ·
582 1042 590 1058 l
608 1033 711 1069 Ὥσπερ
727 1035 740 1060 ὸ
756 1035 812 1060 Πα-

25 1075 75 1110 τὴρ
92 1076 151 1110 ἔχει
167 1075 239 1110 ζωὴν
257 1078 285 1102 ἰν
302 1077 401 1111 ἐαυτῷ,
417 1077 489 1104 οὕτω
514 1079 560 1105 καὶ
576 1079 614 1114 τῷ
630 1079 687 1115 Υῐῷ
710 1081 810 1108 δέδωκε

26 1121 97 1157 ζωὴν
116 1121 189 1157 ἔχειν
203 1123 232 1148 ὲν
246 1122 353 1157 ἐαυτῷι
370 1132 379 1149 ι
394 1124 462 1162 ὅπερ
474 1124 622 1151 ἀκόλουθον
638 1125 711 1152 οὕτω
726 1127 808 1153 νοεῖν.

26 1169 73 1194 Διὰ
95 1168 145 1202 μὲν
159 1169 212 1203 γὰρ
226 1168 273 1195 τοῦ
287 1169 388 1203 λέγειν,
411 1179 421 1197 ι
446 1171 561 1203 Δέδωκε,
583 1182 592 1198 ι
607 1172 636 1198 τὺ
652 1173 683 1199 ἑκ
703 1173 810 1207 Πατρὺς

27 1214 98 1249 ἔχειν
115 1217 235 1249 φυσικῶς
249 1217 386 1251 σημαίνει,
402 1219 448 1244 καὶ
467 1219 528 1245 καθ’
542 1219 693 1246 ὑπόστασιν
712 1220 808 1254 ἓτερον

24 1261 123 1288 ἑαυτὸν
137 1262 204 1297 πρὸς
222 1262 268 1289 τὸν
284 1263 417 1290 δεδωκότα
435 1263 553 1291 δεικνύει
567 1273 573 1281 ·
586 1265 678 1299 ἕτερον
693 1265 722 1291 δὲ
735 1265 805 1298 λέγω

24 1309 104 1341 μόνον
120 1308 159 1343 τῷ
179 1309 299 1344 ἀριθμῷ.
313 1310 362 1335 Διὰ
378 1309 406 1336 δὲ
418 1310 466 1337 τοῦ
482 1311 581 1345 λέγειν,
601 1320 610 1337 t
628 1312 733 1346 Ὥσπερ
752 1312 809 1346 ἔχει

22 1356 35 1382 ό
51 1355 253 1390 Πατὴρ,οὖτω;
267 1356 322 1390 ἔχει
336 1357 382 1383 καὶ
397 1357 411 1383 ὀ
426 1357 499 1388 Υἱὸς,
516 1367 525 1384 ι
540 1358 618 1392 δῆλός
634 1359 708 1385 ἐστιν
721 1359 808 1385 ἐκεῖνο

22 1402 169 1435 διδάσκων,
183 1403 223 1429 ὃτι
243 1402 337 1438 ὥσπερ
349 1403 442 1434 ἀϊδίως
456 1404 514 1439 ἔχει
533 1406 546 1430 ὁ
564 1405 658 1439 Πατὴρ
675 1405 704 1431 ιν
719 1404 808 1440 ἑαυτῷ

21 1450 71 1485 τὴν
98 1450 180 1487 ζωὴν,
195 1450 266 1478 οὕτω
293 1453 342 1478 καὶ
367 1451 382 1477 ὁ
406 1451 470 1484 Tib;
496 1451 588 1483 ἀῑδῐως
607 1451 664 1487 ἔχει
689 1452 762 1487 ζωὴν
779 1454 808 1478 ὲν

23 1496 124 1532 ἑαυτῷ.

331 1542 384 1570 Καὶ
401 1542 500 1570 τοῦτο.

58 1588 94 1615 Εἴ
110 1596 152 1620 τις
174 1588 213 1623 τῷ
231 1589 260 1615 δν
278 1588 325 1616 τοῦ
346 1589 436 1623 φωτὸς
459 1590 658 1624 ἁπινγάσματι
681 1591 810 1626 περιθείη

22 1632 129 1667 φωνὴν,
143 1631 201 1659 εἶτα
217 1634 295 1661 τοῦτο
311 1634 384 1667 λέγοι
397 1643 401 1648 '
421 1636 512 1662 Πάντα
527 1644 574 1670 μοι
589 1635 690 1663 δέδωκε
705 1637 735 1663 τὸ
753 1638 810 1671 φῶς

21 1680 56 1705 τὰ
72 1679 181 1711 ἑαυτοῦ,
197 1678 306 1713 φωτίζω
325 1681 379 1716 γὰρ
391 1680 484 1715 ὥσπερ
498 1682 585 1708 ἐκεῖνο
599 1689 607 1697 ⁶
626 1680 671 1717 ἆρ’
691 1683 809 1716 εὐλόγως

21 1725 55 1751 ἂν
70 1726 143 1752 εἴποι
158 1725 195 1761 μὴ
212 1726 358 1761 ὲσχηκέναε
372 1727 436 1754 ποτὲ
449 1728 478 1753 τὸ
495 1727 668 1762 ἀπαύγασμα
687 1728 734 1755 τοῦ
754 1737 810 1761 sctu—

22 1772 111 1803 τῐξειν
125 1772 172 1804 τὴν
189 1772 324 1806 δύναμιν;
340 1773 386 1798 καὶ
401 1773 458 1804 πῶς
482 1773 654 1808 ἀπαύγασμα
666 1771 718 1809 ﬁt);
737 1774 767 1800 El
781 1774 810 1800 δὲ

21 1819 70 1844 καὶ
87 1818 214 1852 φωτίζειν
228 1818 376 1853 δυνάμενον
389 1819 432 1845 διὰ
446 1819 477 1846 τὸ
491 1819 580 1846 πάντα
603 1820 637 1847 τὰ
656 1820 703 1846 τοῦ
720 1820 810 1854 φωτὸς

21 1865 108 1900 ἔχειν.
122 1866 168 1891 καὶ
185 1865 331 1897 γεννᾶσθαι
345 1867 426 1892 πάλιν
445 1867 474 1898 ἑξ
487 1866 596 1899 ἑαυτοῦ,
611 1867 750 1901 εἰληφέναι
763 1867 807 1893 λέ-

21 1921 67 1946 γει
87 1912 150 1946 rup'
167 1912 262 1944 αὑτοῦ,
281 1912 338 1943 πῶς
362 1912 412 1938 οὐκ
435 1912 535 1939 ἄτοπον
553 1913 590 1947 μὴ
614 1915 659 1939 καὶ
686 1913 767 1940 πλέον
782 1922 808 1940 τι

21 1956 72 1983 τοῦ
86 1957 303 1991 παραδείγματος
314 1959 385 1983 νοεῖν
398 1958 444 1984 ἐπὶ
458 1958 504 1985 τοῦ
517 1959 584 1985 Θεοῦ
598 1959 684 1993 Λόγου
697 1968 703 1991 ;
716 1960 810 1986 Πάντα

21 2003 78 2037 γὰρ
97 2002 165 2037 ἔχων
184 2003 307 2036 φυσικῶς
322 2003 355 2029 ἑκ
376 2004 492 2039 ἰίατρδς,
511 2005 651 2040 εἰληφέναι
676 2005 759 2040 φησὶν
780 2005 809 2038 ἐξ

21 2048 106 2074 αὑτοῦ
121 2048 165 2074 διὰ
181 2048 212 2074 τὸ
231 2048 261 2081 ἐξ
284 2049 366 2076 αὑτοῦ
389 2050 582 2085 γεγεννῆσθαι,
607 2052 676 2085 μετὰ
699 2051 808 2078 πάντων

21 2089 58 2120 ὢν
76 2092 141 2128 ἔχει.

24 2186 78 2211 Ἐκ
95 2185 148 2212 τοῦ
162 2185 256 2213 αὑτοῦ
277 2186 400 2218 βιϐλίου
414 2186 568 2219 ἀντίθεσις
590 2186 746 2220 Ἀρειιινῶν
764 2187 807 2219 εἰς

58 2222 93 2281 ἒό
106 2230 116 2263 ζ
132 2221 215 2247 «Ἵνα
241 2221 413 2256 γινώσκωσι
425 2229 462 2248 σε
476 2221 529 2248 τὸν
538 2222 637 2255 μόνον
659 2222 677 2249 ἀ
688 2221 808 2255 ιηθινὸν

83 2263 145 2281 εον.
161 2265 171 2281 ι

83 2263 145 2284 εον.
161 2265 171 2282 ι

64 2311 142 2344 Ἰδοὺ,
160 2313 253 2346 φασὶν,
267 2313 373 2343 adrogo
389 2313 452 2344 Υἰὺς
470 2312 550 2347 μόνον
566 2311 635 2340 εἶναι
659 2313 725 2341 Θεὸν
739 2313 807 2349 ἀλη-

21 2357 97 2383 θινὸν
112 2357 240 2392 ὁμολογεῖ
256 2358 302 2385 τὸν
318 2359 437 2393 Πατέρα.
464 2359 519 2384 Καὶ
537 2359 618 2390 αὐτὸς
642 2359 671 2386 δὲ
685 2360 802 2395 εὑρίσκε-

21 2411 67 2429 ται
82 2404 96 2429 6
114 2403 208 2438 Πατὴρ
222 2405 307 2437 λέγων
322 2413 330 2421 ·
351 2404 425 2438 Ἐγὼ
443 2404 515 2437 Θεὸς
530 2405 656 2438 πρῶτος,
686 2405 743 2439 ἐγὼ
757 2406 807 2432 καί

21 2449 95 2478 μετὰ
108 2449 212 2479 ταῦτα.
229 2450 277 2476 καί
293 2450 348 2477 οὐκ
362 2450 429 2476 ἐστι
456 2450 528 2483 Θεὸς
548 2451 631 2484 πλὴν
643 2451 724 2485 ἐμοῦ.
746 2451 808 2483 Πῶς

21 2495 67 2520 οὖν
80 2495 207 2528 εἰσάγειε
221 2494 259 2529 τῷ
277 2496 377 2530 πρώτῳ
387 2496 435 2522 καὶ
451 2496 525 2531 μόνῳ
538 2497 583 2523 καὶ
598 2497 667 2523 κατὰ
677 2496 808 2532 ἀλήθειαν

21 2541 78 2567 5ντι
90 2541 150 2576 Θεῷ
166 2541 214 2568 καὶ
223 2542 310 2576 nam
323 2543 369 2568 τδν
381 2541 445 2568 Υιὺν
456 2543 493 2573 ὼς
507 2542 570 2569 ὄντα
580 2543 627 2568 καὶ
637 2542 719 2569 αὐτὸν
736 2543 807 2570 κατὰ

21 2586 104 2620 φύσιν
118 2587 203 2620 Θεόν;
232 2587 339 2614 Εἰδέναι
363 2588 416 2623 χρὴ
446 2588 566 2623 πρῶτον,
583 2589 680 2623 ὅτιπερ
703 2589 752 2614 οὐκ
767 2589 807 2619 εἰς

21 2632 165 2667 Ξιναίρεσιν
178 2633 225 2660 τοῦ
245 2633 308 2660 Υἰοῦ
323 2634 358 2661 τὰ
379 2633 491 2659 τοιαῦτα
506 2642 588 2668 φησιν
614 2634 628 2659 ὀ
645 2634 751 2668 Πατήρ.
773 2634 806 2660 Τί

21 2677 74 2712 γὰρ
91 2677 126 2714 ἦν
150 2679 181 2705 τὺ
197 2680 237 2710 εἰς
257 2679 342 2706 ταῦτα
358 2679 446 2705 ὲλθείν
467 2679 638 2713 παροτρύνον
664 2680 760 2711 αὖτόν;
775 2680 806 2706 Ei

21 2723 69 2756 μὲν
82 2724 138 2758 γὰρ
152 2724 191 2754 ὡς
201 2724 345 2760 ἄνθρωπος
357 2724 397 2759 τῷ
410 2724 439 2757 ἐξ
454 2724 536 2750 αὐτοῦ
551 2724 709 2758 προελθόντι
732 2724 807 2758 φιλο-

21 2770 116 2802 νεικεῖ,
145 2770 242 2806 ὥσπερ
263 2772 276 2797 ὁ
300 2771 382 2797 Δαὸὶδ
414 2769 616 2804 πολεμούμενος
632 2770 684 2796 ὑπ’)
698 2770 752 2796 τῶν
766 2771 806 2796 οἰ-

61 2840 71 2855 ¹
85 2837 168 2867 Joan.
181 2849 206 2871 ν,
221 2840 264 2868 36.
304 2841 313 2855 ‘
327 2839 405 2866 Joan.
422 2845 486 2869 xvu,
502 2838 528 2864 5.
568 2838 578 2853 ³
593 2837 644 2866 lsa.
666 2847 749 2874 XLVII,
766 2841 808 2867 l0.

874 258 941 285 tris:
955 262 1070 292 excepto
1078 265 1111 285 eo
1121 258 1190 292 quod
1199 265 1285 292 neque
1295 258 1342 290 sit,
1352 265 1440 292 neque
1449 258 1557 285 dicatur
1565 258 1657 284 Pater.

874 303 943 330 Dicit
959 307 1048 330 autem
1061 310 1090 330 se
1102 304 1241 337 accepisse
1257 311 1272 330 a
1297 303 1388 335 Patre,
1413 311 1607 337 praeoccupans
1630 307 1658 330 et

874 348 978 380 tollens,
993 353 1022 375 nt
1036 349 1115 381 Deus,
1131 349 1317 375 luereticorum
1334 349 1527 382 suspicionem.
1543 348 1609 375 Nam
1624 356 1658 375 ne

872 394 1022 428 quispiam.
1042 394 1140 421 Filium
1155 395 1489 428 contcniplausliabentem
1497 394 1585 420 omnia
1598 400 1658 427 qum.

872 439 962 471 Pater,
976 440 1113 467 existimet
1129 441 1162 467 ob
1179 448 1310 468 smnmam
1325 441 1393 467 hanc
1411 439 1618 467 similitudinem
1631 443 1658 465 et

871 485 1054 512 omnimodam
1072 486 1242 513 idenlitatem
1259 486 1346 521 ipsum
1369 493 1429 513 esse
1450 485 1557 512 Patrem
1575 484 1657 512 simul

871 534 897 557 et
914 529 1021 563 Filium,
1046 535 1074 557 et
1096 530 1122 556 in
1147 529 1256 557 Sabellii
1275 537 1396 557 errorem
1421 530 1534 561 incidat,
1553 529 1657 556 utiliter

871 576 1013 602 admodum
1028 583 1056 602 se
1072 583 1085 602 ιι
1100 575 1179 603 Patre
1193 576 1330 610 accepisse
1353 575 1439 605 dicit.
1464 583 1525 601 cum
1544 578 1655 601 natura-

871 621 932 648 liter
952 621 975 647 id
994 621 1100 653 haheat,
1115 626 1144 647 ut
1161 621 1230 648 ratio
1241 621 1298 656 ipsa
1316 621 1436 648 inferens
1451 628 1534 647 unum
1545 620 1654 655 quidem

870 673 930 693 esse
946 666 991 700 qui
1004 665 1061 697 dat,
1074 665 1189 692 alterunt
1208 666 1252 700 qui
1273 666 1395 700 suscipit,
1415 665 1574 692 dualilatem
1593 666 1655 699 per-

871 719 999 738 sonarum
1017 711 1161 738 manifeste
1184 711 1312 738 ostendat
1339 720 1391 738 non
1416 711 1482 738 solis
1500 711 1655 737 nominibus

871 758 1036 784 distinctam.
1057 757 1124 784 Cum
1137 765 1201 784 vero
1214 757 1248 784 sit
1261 758 1399 791 proprium
1416 757 1504 784 Patris
1520 755 1653 788 Verbum,

870 808 896 830 et
909 810 941 829 ex
963 803 1081 830 essentia
1108 803 1192 837 ipsius
1212 803 1358 837 procedat,
1381 807 1454 829 certe
1478 802 1569 829 omnia
1595 808 1655 835 quae

869 848 958 875 Patris
974 853 1048 880 sunt,
1061 849 1096 875 ab
1119 853 1221 876 aeterno
1242 849 1333 876 habet.
1358 849 1427 876 Dicit
1453 853 1542 875 autem
1567 855 1596 874 se
1620 848 1654 874 ab

869 893 915 920 illo
926 893 1074 926 accepisse,
1092 893 1155 927 quia
1173 899 1206 919 ex
1225 893 1282 927 ipso
1303 892 1443 927 procedit:
1467 899 1528 918 cum
1552 890 1653 924 alioqui

868 937 1029 964 naturaliter
1042 937 1140 964 habeat
1155 937 1245 964 omnia
1261 945 1320 971 qute
1332 936 1404 963 Patri
1419 937 1520 963 insunt.

1198 991 1231 1018 Et
1246 993 1310 1019 lucc.

897 1038 1027 1065 Servator
1056 1037 1157 1066 alicubi
1181 1039 1281 1073 inquit,
1313 1048 1323 1064 ε
1355 1040 1431 1068 Sicut
1460 1040 1541 1068 Pater
1571 1041 1653 1070 habet

860 1083 942 1110 vitam
959 1083 985 1110 in
1002 1083 1105 1118 seipse,
1127 1083 1168 1110 sie
1182 1083 1257 1111 dedit
1279 1089 1306 1111 et
1328 1084 1398 1112 Filio
1412 1086 1511 1114 habere
1524 1087 1606 1115 vitam
1621 1089 1654 1115 in

860 1129 950 1162 seipso
963 1130 990 1155 ιι
1009 1138 1018 1155 ›
1038 1130 1109 1164 quod
1122 1130 1162 1157 sic
1175 1130 1288 1166 intelligi
1302 1139 1349 1166 par
1361 1131 1489 1159 cst.Nam
1502 1141 1563 1160 cum
1576 1133 1654 1166 dicit,

868 1185 877 1201 ε
896 1175 980 1209 dedit,
1003 1185 1012 1202 ι
1029 1177 1102 1211 quod
1117 1185 1149 1203 ex
1165 1176 1246 1205 Patre
1262 1179 1425 1205 naturaliter
1441 1179 1543 1206 habeat
1557 1180 1651 1214 signi-

866 1221 936 1254 ﬁcat,
955 1226 982 1249 et
1006 1221 1175 1257 hyoostatice
1191 1222 1225 1249 ab
1250 1230 1283 1250 eo
1302 1224 1348 1258 qui
1366 1224 1440 1251 dedit
1462 1224 1544 1251 alitun
1566 1233 1649 1252 esse:

864 1268 960 1301 alium,
979 1268 1102 1302 inquam,
1133 1263 1247 1295 numero
1266 1269 1365 1296 solum.
1385 1269 1453 1296 Cum
1485 1278 1548 1298 vero
1573 1271 1650 1304 dicit,

866 1323 876 1340 ‹
895 1313 970 1342 Sicut
987 1314 1068 1342 habet
1076 1314 1166 1346 Pater,
1182 1315 1218 1341 ita
1229 1315 1311 1342 habet
1322 1321 1350 1343 et
1359 1315 1462 1348 Filius,
1483 1326 1493 1342 ι
1508 1316 1652 1344 manifeste

867 1359 918 1387 hoc
932 1360 1080 1395 signiﬁcat,
1092 1361 1176 1394 quod,
1191 1362 1420 1395 quemadmodum
1438 1362 1518 1389 Pater
1530 1363 1611 1389 habet
1625 1363 1651 1390 in

863 1413 892 1433 se
911 1406 992 1433 vitam
1014 1408 1048 1434 ab
1075 1412 1187 1440 aeterno,
1205 1407 1243 1434 ita
1259 1411 1288 1436 et
1301 1407 1386 1435 Filius
1405 1408 1486 1435 vitam
1503 1408 1537 1435 ab
1550 1414 1654 1436 aeterno

863 1453 890 1480 ili
905 1460 935 1480 se
950 1453 1041 1480 habet.

1200 1543 1234 1572 Et
1253 1544 1318 1572 hac.

902 1588 930 1616 Si
948 1589 1007 1624 quis
1026 1589 1164 1624 splendori
1189 1590 1303 1617 luminis
1325 1597 1482 1617 sermonem
1498 1590 1611 1623 tribuat,
1626 1595 1654 1618 et

862 1636 955 1663 dicat:
973 1635 1076 1663 Lumen
1094 1636 1159 1663 mihi
1185 1636 1261 1663 dedit
1281 1636 1375 1663 omnia
1391 1644 1451 1671 quae
1465 1636 1547 1664 habet
1563 1646 1569 1663 :
1588 1637 1652 1664 illu-

862 1682 937 1708 mino
948 1682 1022 1708 enim
1035 1682 1146 1716 perinde
1158 1686 1241 1716 atque
1252 1682 1318 1710 illud
1330 1691 1337 1715 ;
1349 1690 1419 1710 anne
1432 1688 1506 1710 recte
1516 1683 1652 1718 quispiam

862 1727 961 1754 dixerit
979 1728 1153 1762 splendorem
1174 1728 1249 1755 illum
1271 1729 1420 1764 aliquando
1447 1738 1498 1756 non
1522 1729 1651 1766 habuisse

861 1772 1034 1800 illuminandi
1051 1773 1228 1801 facultatem?
1239 1778 1266 1801 et
1277 1775 1416 1809 quomodo
1428 1775 1556 1809 splendor
1569 1775 1652 1802 erat?

862 1817 891 1845 Si
907 1826 971 1845 vero
985 1826 1047 1845 eum
1057 1826 1167 1854 semper
1179 1819 1350 1846 illuminandi
1364 1819 1520 1848 facultatem
1538 1820 1647 1853 habeat,

861 1863 925 1898 quia
942 1865 1034 1891 omnia
1047 1871 1106 1899 qua:
1126 1866 1152 1891 in
1168 1866 1271 1892 lumine
1286 1869 1363 1898 sunt,
1380 1866 1470 1898 habet,
1493 1872 1520 1894 et
1541 1868 1587 1901 qnl
1608 1867 1649 1901 gi-

861 1910 953 1945 gnitur
967 1917 1000 1937 ex
1015 1910 1084 1944 ipso,
1099 1911 1237 1945 accepisse
1253 1913 1286 1938 ab
1301 1912 1361 1946 ipso
1377 1911 1493 1939 dicitur:
1509 1913 1647 1947 quomodo

860 1963 914 1984 non
925 1956 1075 1984 absurdum
1085 1956 1167 1984 fuerit
1182 1957 1254 1984 nolle
1267 1958 1382 1992 amplius
1394 1958 1495 1992 aliquid
1511 1958 1545 1985 de
1557 1958 1646 1986 Verbo

862 2001 918 2035 Dei,
937 2009 1018 2037 quam
1034 2003 1068 2030 de
1086 2002 1136 2029 hoc
1147 2004 1275 2038 exemplo
1297 2004 1448 2039 intelligere
1461 2004 1473 2031 2
1487 2003 1554 2031 Cum
1572 2005 1644 2032 enim

860 2049 951 2075 omnia
968 2049 1129 2076 naturaliter
1145 2050 1244 2077 habeat
1257 2058 1289 2077 ex
1308 2050 1397 2083 Patre,
1413 2052 1553 2086 accepisse
1566 2059 1596 2078 se
1607 2058 1642 2080 ex

861 2095 919 2128 ipso
938 2094 1016 2126 dicit,
1031 2096 1095 2130 quia
1109 2103 1142 2122 ex
1159 2096 1217 2130 ipso
1229 2098 1336 2130 genitus
1351 2101 1406 2128 est,
1434 2105 1495 2124 cum
1517 2097 1645 2125 omnibus

859 2148 920 2174 quae
936 2140 1026 2167 habet.

861 2186 902 2213 Ex
915 2188 1004 2224 eodem
1019 2188 1086 2224 libro
1103 2189 1228 2216 adversus
1245 2189 1358 2217 Arianae
1385 2191 1520 2224 responsio
1532 2199 1565 2217 ea;
1581 2191 1642 2218 iui:

887 2223 968 2249 verbis
981 2230 991 2249 .'
1012 2231 1022 2248 ι
1041 2221 1076 2250 Ut
1087 2230 1241 2258 cognoscant
1258 2230 1281 2251 te
1293 2225 1378 2252 solum
1392 2221 1477 2252 rerum
1494 2226 1576 2252 Deum
1585 2228 1622 2253 ’.ι

893 2312 971 2342 Ecce.
994 2312 1090 2346 inquit,
1104 2312 1188 2339 Filius
1201 2311 1258 2347 ipse
1275 2312 1360 2340 solum
1378 2320 1438 2341 esse
1452 2320 1544 2341 verum
1557 2313 1640 2342 Deum

857 2359 966 2386 Patrem
978 2358 1065 2393 ipsum
1081 2359 1234 2386 conlitetnr.
1258 2358 1326 2392 Quin
1341 2359 1422 2386 etiam
1437 2359 1517 2386 Pater
1531 2360 1588 2395 ipse
1604 2360 1640 2387 ita

857 2404 961 2432 locutus
984 2406 1139 2439 reperitur:
1166 2405 1220 2439 Ego
1246 2405 1315 2432 Deus
1337 2406 1457 2440 primm,-
1481 2414 1528 2441 ego
1542 2411 1567 2433 et
1583 2412 1639 2439 post

856 2451 922 2483 Iun,
939 2456 962 2477 el
982 2459 1033 2477 non
1046 2456 1082 2477 eu
1109 2450 1178 2477 Deus
1192 2457 1287 2485 praeter
1305 2460 1346 2478 me
1365 2453 1385 2478 '.
1409 2451 1547 2484 Quomodo
1559 2452 1641 2486 igitur

858 2503 904 2524 vos
920 2497 1017 2530 primo,
1035 2498 1061 2524 et
1078 2497 1139 2528 soli,
1160 2502 1186 2524 et
1201 2505 1265 2524 vero
1292 2498 1346 2524 Deo
1357 2518 1364 2530 ,
1378 2501 1406 2524 et
1429 2496 1514 2529 Patri,
1530 2497 1639 2531 Filium,

858 2547 985 2577 tanquam
999 2548 1026 2570 et
1041 2543 1097 2576 ipse
1111 2543 1147 2570 sit
1166 2542 1247 2575 Deus,
1266 2543 1433 2578 adjnngitis'l
1444 2543 1509 2570 lllud
1523 2543 1639 2577 primum

856 2590 995 2616 sciendum
1008 2594 1060 2620 est,
1077 2588 1183 2615 Patrem
1205 2596 1256 2616 non
1269 2589 1328 2616 ideo
1341 2589 1376 2615 ita
1392 2590 1511 2616 locutum
1523 2595 1595 2621 esse,
1610 2591 1640 2616 ut

857 2635 953 2662 Filium
969 2634 1084 2662 tolleret.
1098 2635 1155 2667 Qua
1172 2635 1245 2662 enim
1263 2635 1368 2662 ratione
1383 2639 1464 2669 queat
1479 2634 1512 2661 ad
1528 2634 1578 2660 hoc
1589 2634 1638 2660 in-

856 2683 934 2708 (‘ilari
948 2681 960 2708 ?
975 2681 1030 2708 Nisi
1046 2680 1116 2708 forte
1128 2681 1265 2708 hominum
1283 2687 1357 2707 more
1368 2688 1427 2707 cum
1445 2679 1512 2706 Filio
1527 2683 1638 2714 pugnat,

858 2731 886 2752 ut
906 2725 988 2753 David
1003 2734 1065 2753 cum
1087 2725 1148 2752 ﬁliis
1167 2727 1235 2753 suis.
1251 2725 1327 2752 Tunc
1340 2725 1411 2752 enim
1423 2723 1554 2759 ejusmodi
1569 2723 1639 2750 indi-

857 2773 948 2807 gnatio
962 2773 1109 2808 probabilis
1126 2773 1259 2801 videatur.
1276 2771 1353 2807 Quod
1368 2773 1389 2800 si
1407 2772 1477 2799 nulla
1493 2772 1518 2798 in
1542 2775 1637 2800 natura
