  <div class='ocr_page' id='page_1' title='image "/cluster/home/n/w/nwhite01/storage/ocr_20150623/130/njp.32101010942777/350.png"; bbox 0 0 1891 3076; ppageno 0'>
   <div class='ocr_carea' id='block_1_1' title="bbox 36 127 81 158">
    <p class='ocr_par' dir='ltr' id='par_1_1' title="bbox 36 127 81 158">
     <span class='ocr_line' id='line_1_1' title="bbox 36 127 81 158; baseline -0.067 0"><span class='ocrx_word' id='word_1_1' title='bbox 36 127 81 158; x_wconf 71' lang='grc'><strong>531</strong></span> 
     </span>
    </p>
   </div>
   <div class='ocr_carea' id='block_1_2' title="bbox 523 125 1175 158">
    <p class='ocr_par' dir='ltr' id='par_1_2' title="bbox 523 125 1175 158">
     <span class='ocr_line' id='line_1_2' title="bbox 523 125 1175 158; baseline 0.003 -2"><span class='ocrx_word' id='word_1_2' title='bbox 523 126 710 158; x_wconf 83' lang='lat' dir='ltr'><strong>PANOPLIA</strong></span> <span class='ocrx_word' id='word_1_3' title='bbox 732 125 963 157; x_wconf 62' lang='lat' dir='ltr'><strong>DOGMATICA.</strong></span> <span class='ocrx_word' id='word_1_4' title='bbox 978 139 1013 144; x_wconf 89' lang='lat'><strong>—-</strong></span> <span class='ocrx_word' id='word_1_5' title='bbox 1026 127 1099 157; x_wconf 87' lang='lat' dir='ltr'><strong>TlT.</strong></span> <span class='ocrx_word' id='word_1_6' title='bbox 1122 127 1175 158; x_wconf 83' lang='lat' dir='ltr'><strong>XI.</strong></span> 
     </span>
    </p>
   </div>
   <div class='ocr_carea' id='block_1_3' title="bbox 1598 130 1651 162">
    <p class='ocr_par' dir='ltr' id='par_1_3' title="bbox 1598 130 1651 162">
     <span class='ocr_line' id='line_1_3' title="bbox 1598 130 1651 162; baseline 0.019 -2"><span class='ocrx_word' id='word_1_7' title='bbox 1598 130 1651 162; x_wconf 77' lang='grc' dir='ltr'><strong>6ὶ8</strong></span> 
     </span>
    </p>
   </div>
   <div class='ocr_carea' id='block_1_4' title="bbox 37 187 815 228">
    <p class='ocr_par' dir='ltr' id='par_1_4' title="bbox 37 190 815 228">
     <span class='ocr_line' id='line_1_4' title="bbox 37 190 815 228; baseline -0.006 -7"><span class='ocrx_word' id='word_1_8' title='bbox 37 195 79 221; x_wconf 74' lang='grc' dir='ltr'>οὖν</span> <span class='ocrx_word' id='word_1_9' title='bbox 91 193 137 221; x_wconf 80' lang='grc' dir='ltr'>καὶ</span> <span class='ocrx_word' id='word_1_10' title='bbox 154 193 171 228; x_wconf 82' lang='grc' dir='ltr'>ὴ</span> <span class='ocrx_word' id='word_1_11' title='bbox 186 192 251 228; x_wconf 78' lang='grc' dir='ltr'>περί</span> <span class='ocrx_word' id='word_1_12' title='bbox 273 201 297 219; x_wconf 84' lang='grc' dir='ltr'><strong>τι</strong></span> <span class='ocrx_word' id='word_1_13' title='bbox 317 191 371 219; x_wconf 81' lang='grc' dir='ltr'>τῶν</span> <span class='ocrx_word' id='word_1_14' title='bbox 384 191 468 218; x_wconf 71' lang='grc' dir='ltr'>ὄντων</span> <span class='ocrx_word' id='word_1_15' title='bbox 482 191 592 226; x_wconf 80' lang='grc' dir='ltr'>γνῶσις,</span> <span class='ocrx_word' id='word_1_16' title='bbox 611 191 674 223; x_wconf 82' lang='grc' dir='ltr'>δόξα</span> <span class='ocrx_word' id='word_1_17' title='bbox 692 190 815 217; x_wconf 85' lang='grc' dir='ltr'>καλεῖται</span> 
     </span>
    </p>
   </div>
   <div class='ocr_carea' id='block_1_5' title="bbox 882 187 1650 228">
    <p class='ocr_par' dir='ltr' id='par_1_5' title="bbox 882 187 1650 226">
     <span class='ocr_line' id='line_1_5' title="bbox 882 187 1650 226; baseline 0.005 -11"><span class='ocrx_word' id='word_1_18' title='bbox 882 191 890 215; x_wconf 87' lang='grc' dir='ltr'><strong>ι</strong></span> <span class='ocrx_word' id='word_1_19' title='bbox 906 187 1025 223; x_wconf 73' lang='lat' dir='ltr'><strong>cognitio</strong></span> <span class='ocrx_word' id='word_1_20' title='bbox 1044 188 1159 224; x_wconf 81' lang='lat' dir='ltr'><strong>alicujus</strong></span> <span class='ocrx_word' id='word_1_21' title='bbox 1179 189 1229 222; x_wconf 86' lang='lat' dir='ltr'><strong>rei,</strong></span> <span class='ocrx_word' id='word_1_22' title='bbox 1251 188 1285 217; x_wconf 84' lang='lat' dir='ltr'><strong>ab</strong></span> <span class='ocrx_word' id='word_1_23' title='bbox 1301 188 1334 217; x_wconf 84' lang='lat' dir='ltr'><strong>iis</strong></span> <span class='ocrx_word' id='word_1_24' title='bbox 1358 188 1405 224; x_wconf 84' lang='lat' dir='ltr'><strong>qui</strong></span> <span class='ocrx_word' id='word_1_25' title='bbox 1422 190 1559 218; x_wconf 86' lang='lat' dir='ltr'><strong>nominum</strong></span> <span class='ocrx_word' id='word_1_26' title='bbox 1585 198 1650 226; x_wconf 88' lang='lat' dir='ltr'><strong>pro-</strong></span> 
     </span>
    </p>
   </div>
   <div class='ocr_carea' id='block_1_6' title="bbox 36 235 815 274">
    <p class='ocr_par' dir='ltr' id='par_1_6' title="bbox 36 235 815 274">
     <span class='ocr_line' id='line_1_6' title="bbox 36 235 815 274; baseline -0.008 -6"><span class='ocrx_word' id='word_1_27' title='bbox 36 240 105 274; x_wconf 74' lang='grc' dir='ltr'>παρὰ</span> <span class='ocrx_word' id='word_1_28' title='bbox 119 241 175 271; x_wconf 78' lang='grc' dir='ltr'>τοῖς</span> <span class='ocrx_word' id='word_1_29' title='bbox 190 239 276 266; x_wconf 82' lang='grc' dir='ltr'>ταῦτα</span> <span class='ocrx_word' id='word_1_30' title='bbox 290 238 480 272; x_wconf 49' lang='lat' dir='ltr'><strong>season-3&#39;01“</strong></span> <span class='ocrx_word' id='word_1_31' title='bbox 495 235 540 264; x_wconf 73' lang='grc' dir='ltr'><strong>οὖν</strong></span> <span class='ocrx_word' id='word_1_32' title='bbox 555 237 715 272; x_wconf 75' lang='grc' dir='ltr'><strong>εὑρίσκηται</strong></span> <span class='ocrx_word' id='word_1_33' title='bbox 729 236 815 270; x_wconf 80' lang='grc' dir='ltr'>λέγων</span> 
     </span>
    </p>
   </div>
   <div class='ocr_carea' id='block_1_7' title="bbox 35 280 815 319">
    <p class='ocr_par' dir='ltr' id='par_1_7' title="bbox 35 280 815 319">
     <span class='ocr_line' id='line_1_7' title="bbox 35 280 815 319; baseline -0.006 -7"><span class='ocrx_word' id='word_1_34' title='bbox 35 287 48 312; x_wconf 86' lang='grc' dir='ltr'><strong>ὁ</strong></span> <span class='ocrx_word' id='word_1_35' title='bbox 64 285 124 317; x_wconf 85' lang='grc' dir='ltr'>Υίός</span> <span class='ocrx_word' id='word_1_36' title='bbox 136 293 142 299; x_wconf 93' lang='grc'><strong>·</strong></span> <span class='ocrx_word' id='word_1_37' title='bbox 156 284 272 319; x_wconf 80' lang='grc' dir='ltr'>ιΠάτερ,</span> <span class='ocrx_word' id='word_1_38' title='bbox 286 283 395 315; x_wconf 77' lang='grc' dir='ltr'><strong>δόξασόν</strong></span> <span class='ocrx_word' id='word_1_39' title='bbox 412 291 445 318; x_wconf 87' lang='grc' dir='ltr'><strong>με</strong></span> <span class='ocrx_word' id='word_1_40' title='bbox 457 284 489 318; x_wconf 81' lang='grc' dir='ltr'>τῇ</span> <span class='ocrx_word' id='word_1_41' title='bbox 504 283 566 318; x_wconf 80' lang='grc' dir='ltr'>δόξῃ</span> <span class='ocrx_word' id='word_1_42' title='bbox 614 280 685 317; x_wconf 75' lang='grc' dir='ltr'>εἶχον</span> <span class='ocrx_word' id='word_1_43' title='bbox 701 281 753 316; x_wconf 87' lang='grc' dir='ltr'>πρὸ</span> <span class='ocrx_word' id='word_1_44' title='bbox 768 280 815 307; x_wconf 89' lang='grc' dir='ltr'><strong>τοῦ</strong></span> 
     </span>
    </p>
   </div>
   <div class='ocr_carea' id='block_1_8' title="bbox 34 326 815 365">
    <p class='ocr_par' dir='ltr' id='par_1_8' title="bbox 34 326 815 365">
     <span class='ocr_line' id='line_1_8' title="bbox 34 326 815 365; baseline -0.006 -8"><span class='ocrx_word' id='word_1_45' title='bbox 34 331 76 357; x_wconf 72' lang='grc' dir='ltr'><strong>τὸν</strong></span> <span class='ocrx_word' id='word_1_46' title='bbox 88 330 190 365; x_wconf 84' lang='grc' dir='ltr'><strong>κόσμον</strong></span> <span class='ocrx_word' id='word_1_47' title='bbox 201 327 272 356; x_wconf 79' lang='grc' dir='ltr'>εἶναι</span> <span class='ocrx_word' id='word_1_48' title='bbox 288 329 362 364; x_wconf 75' lang='grc' dir='ltr'>παρὰ</span> <span class='ocrx_word' id='word_1_49' title='bbox 376 329 426 360; x_wconf 76' lang='grc' dir='ltr'>σοὶ,</span> <span class='ocrx_word' id='word_1_50' title='bbox 442 337 451 354; x_wconf 76' lang='grc' dir='ltr'><strong>ι</strong></span> <span class='ocrx_word' id='word_1_51' title='bbox 468 330 537 355; x_wconf 86' lang='grc' dir='ltr'>νοεῖν</span> <span class='ocrx_word' id='word_1_52' title='bbox 548 328 693 354; x_wconf 85' lang='grc' dir='ltr'>ἀκόλουθον</span> <span class='ocrx_word' id='word_1_53' title='bbox 705 326 815 353; x_wconf 79' lang='grc' dir='ltr'>τοιῶσδε</span> 
     </span>
    </p>
   </div>
   <div class='ocr_carea' id='block_1_9' title="bbox 33 371 815 412">
    <p class='ocr_par' dir='ltr' id='par_1_9' title="bbox 33 371 815 412">
     <span class='ocr_line' id='line_1_9' title="bbox 33 371 815 412; baseline -0.006 -9"><span class='ocrx_word' id='word_1_54' title='bbox 33 377 60 403; x_wconf 79' lang='grc' dir='ltr'><strong>τὸ</strong></span> <span class='ocrx_word' id='word_1_55' title='bbox 72 376 215 411; x_wconf 81' lang='grc' dir='ltr'>λεγόμενον</span> <span class='ocrx_word' id='word_1_56' title='bbox 225 385 231 390; x_wconf 92' lang='grc'><strong>·</strong></span> <span class='ocrx_word' id='word_1_57' title='bbox 248 376 407 412; x_wconf 70' lang='grc' dir='ltr'>ἐπειδήπερ,</span> <span class='ocrx_word' id='word_1_58' title='bbox 422 374 513 410; x_wconf 62' lang='grc' dir='ltr'>φησιν,</span> <span class='ocrx_word' id='word_1_59' title='bbox 527 371 549 400; x_wconf 82' lang='grc' dir='ltr'><strong>ὦ</strong></span> <span class='ocrx_word' id='word_1_60' title='bbox 563 375 662 409; x_wconf 70' lang='grc' dir='ltr'>Πάτερ,</span> <span class='ocrx_word' id='word_1_61' title='bbox 674 373 815 408; x_wconf 82' lang='grc' dir='ltr'>ἄνθρωπος</span> 
     </span>
    </p>
   </div>
   <div class='ocr_carea' id='block_1_10' title="bbox 34 418 815 456">
    <p class='ocr_par' dir='ltr' id='par_1_10' title="bbox 34 418 815 456">
     <span class='ocr_line' id='line_1_10' title="bbox 34 418 815 456; baseline -0.006 -8"><span class='ocrx_word' id='word_1_62' title='bbox 34 422 63 449; x_wconf 85' lang='grc' dir='ltr'><strong>δι’</strong></span> <span class='ocrx_word' id='word_1_63' title='bbox 76 421 232 456; x_wconf 73' lang='grc' dir='ltr'><strong>οἰκονομίαν</strong></span> <span class='ocrx_word' id='word_1_64' title='bbox 258 420 397 456; x_wconf 80' lang='grc' dir='ltr'>γεγονὼς,</span> <span class='ocrx_word' id='word_1_65' title='bbox 422 420 489 446; x_wconf 80' lang='grc' dir='ltr'>αὐτὸ</span> <span class='ocrx_word' id='word_1_66' title='bbox 509 419 540 454; x_wconf 84' lang='grc' dir='ltr'>δὴ</span> <span class='ocrx_word' id='word_1_67' title='bbox 567 419 646 446; x_wconf 86' lang='grc' dir='ltr'>τοῦτο</span> <span class='ocrx_word' id='word_1_68' title='bbox 670 418 815 453; x_wconf 82' lang='grc' dir='ltr'>νομίζομαι</span> 
     </span>
    </p>
   </div>
   <div class='ocr_carea' id='block_1_11' title="bbox 35 462 816 503">
    <p class='ocr_par' dir='ltr' id='par_1_11' title="bbox 35 462 816 503">
     <span class='ocr_line' id='line_1_11' title="bbox 35 462 816 503; baseline -0.008 -9"><span class='ocrx_word' id='word_1_69' title='bbox 35 468 108 503; x_wconf 84' lang='grc' dir='ltr'>μόνον</span> <span class='ocrx_word' id='word_1_70' title='bbox 126 468 194 502; x_wconf 85' lang='grc' dir='ltr'>ὅπερ</span> <span class='ocrx_word' id='word_1_71' title='bbox 212 467 332 502; x_wconf 83' lang='grc' dir='ltr'>ὁρῶμαι,</span> <span class='ocrx_word' id='word_1_72' title='bbox 347 467 395 493; x_wconf 74' lang='grc' dir='ltr'>καὶ</span> <span class='ocrx_word' id='word_1_73' title='bbox 413 466 444 492; x_wconf 79' lang='grc' dir='ltr'>οὐ</span> <span class='ocrx_word' id='word_1_74' title='bbox 467 465 573 496; x_wconf 74' lang='grc' dir='ltr'>πολλοῖς</span> <span class='ocrx_word' id='word_1_75' title='bbox 598 463 758 498; x_wconf 78' lang='grc' dir='ltr'>προαιώνιος</span> <span class='ocrx_word' id='word_1_76' title='bbox 777 462 816 489; x_wconf 85' lang='grc' dir='ltr'>ὦν</span> 
     </span>
    </p>
   </div>
   <div class='ocr_carea' id='block_1_12' title="bbox 34 508 816 547">
    <p class='ocr_par' dir='ltr' id='par_1_12' title="bbox 34 508 816 547">
     <span class='ocr_line' id='line_1_12' title="bbox 34 508 816 547; baseline -0.006 -8"><span class='ocrx_word' id='word_1_77' title='bbox 34 513 90 544; x_wconf 63' lang='lat' dir='ltr'><strong>Tib;</strong></span> <span class='ocrx_word' id='word_1_78' title='bbox 113 511 293 547; x_wconf 83' lang='grc' dir='ltr'>γινώσκομαι,</span> <span class='ocrx_word' id='word_1_79' title='bbox 306 511 417 544; x_wconf 82' lang='grc' dir='ltr'>δόξασόν</span> <span class='ocrx_word' id='word_1_80' title='bbox 441 519 484 546; x_wconf 83' lang='grc' dir='ltr'><strong>με,</strong></span> <span class='ocrx_word' id='word_1_81' title='bbox 507 511 567 537; x_wconf 75' lang='grc' dir='ltr'>ἀντὶ</span> <span class='ocrx_word' id='word_1_82' title='bbox 580 509 636 543; x_wconf 81' lang='grc' dir='ltr'>τοῦ,</span> <span class='ocrx_word' id='word_1_83' title='bbox 658 508 816 544; x_wconf 75' lang='grc' dir='ltr'><strong>⁴ιἀνέριιιιιόν</strong></span> 
     </span>
    </p>
   </div>
   <div class='ocr_carea' id='block_1_13' title="bbox 35 553 814 594">
    <p class='ocr_par' dir='ltr' id='par_1_13' title="bbox 35 553 814 594">
     <span class='ocr_line' id='line_1_13' title="bbox 35 553 814 594; baseline -0.008 -9"><span class='ocrx_word' id='word_1_84' title='bbox 35 567 74 594; x_wconf 84' lang='grc' dir='ltr'><strong>με,</strong></span> <span class='ocrx_word' id='word_1_85' title='bbox 83 557 211 592; x_wconf 76' lang='grc' dir='ltr'><strong>τοιαύτην</strong></span> <span class='ocrx_word' id='word_1_86' title='bbox 221 557 307 589; x_wconf 75' lang='grc' dir='ltr'>ἐνθεὶς</span> <span class='ocrx_word' id='word_1_87' title='bbox 322 557 386 592; x_wconf 72' lang='grc' dir='ltr'>περὶ</span> <span class='ocrx_word' id='word_1_88' title='bbox 401 556 468 592; x_wconf 76' lang='grc' dir='ltr'>ἐμοῦ</span> <span class='ocrx_word' id='word_1_89' title='bbox 477 556 576 590; x_wconf 88' lang='grc' dir='ltr'>γνῶσιν</span> <span class='ocrx_word' id='word_1_90' title='bbox 586 556 642 587; x_wconf 82' lang='grc' dir='ltr'>τοῖς</span> <span class='ocrx_word' id='word_1_91' title='bbox 651 553 814 589; x_wconf 81' lang='grc' dir='ltr'>ἀνθρώποις,</span> 
     </span>
    </p>
   </div>
   <div class='ocr_carea' id='block_1_14' title="bbox 33 597 816 637">
    <p class='ocr_par' dir='ltr' id='par_1_14' title="bbox 33 597 816 637">
     <span class='ocr_line' id='line_1_14' title="bbox 33 597 816 637; baseline -0.006 -8"><span class='ocrx_word' id='word_1_92' title='bbox 33 603 122 629; x_wconf 81' lang='grc' dir='ltr'>ὁποίαν</span> <span class='ocrx_word' id='word_1_93' title='bbox 135 602 169 629; x_wconf 84' lang='grc' dir='ltr'>ἃν</span> <span class='ocrx_word' id='word_1_94' title='bbox 183 603 303 637; x_wconf 81' lang='grc' dir='ltr'><strong>δέχοιντο</strong></span> <span class='ocrx_word' id='word_1_95' title='bbox 317 602 381 636; x_wconf 75' lang='grc' dir='ltr'>περὶ</span> <span class='ocrx_word' id='word_1_96' title='bbox 397 600 476 636; x_wconf 76' lang='grc' dir='ltr'>ἐμοῦ,</span> <span class='ocrx_word' id='word_1_97' title='bbox 491 600 538 627; x_wconf 81' lang='grc' dir='ltr'>καὶ</span> <span class='ocrx_word' id='word_1_98' title='bbox 551 599 615 634; x_wconf 81' lang='grc' dir='ltr'>πρὶν</span> <span class='ocrx_word' id='word_1_99' title='bbox 630 598 755 633; x_wconf 82' lang='grc' dir='ltr'>γενέσθαι</span> <span class='ocrx_word' id='word_1_100' title='bbox 769 597 816 624; x_wconf 84' lang='grc' dir='ltr'>τὸν</span> 
     </span>
    </p>
   </div>
   <div class='ocr_carea' id='block_1_15' title="bbox 34 644 814 683">
    <p class='ocr_par' dir='ltr' id='par_1_15' title="bbox 34 644 814 683">
     <span class='ocr_line' id='line_1_15' title="bbox 34 644 814 683; baseline -0.006 -9"><span class='ocrx_word' id='word_1_101' title='bbox 34 648 130 683; x_wconf 88' lang='grc' dir='ltr'>κόσμον</span> <span class='ocrx_word' id='word_1_102' title='bbox 145 648 278 683; x_wconf 79' lang='grc' dir='ltr'><strong>ὑπάρχειν</strong></span> <span class='ocrx_word' id='word_1_103' title='bbox 292 646 446 678; x_wconf 78' lang='grc' dir='ltr'>ἀκούοντες,</span> <span class='ocrx_word' id='word_1_104' title='bbox 457 646 522 672; x_wconf 75' lang='grc' dir='ltr'>Θεὸν</span> <span class='ocrx_word' id='word_1_105' title='bbox 532 645 632 680; x_wconf 80' lang='grc' dir='ltr'>δηλαδὴ</span> <span class='ocrx_word' id='word_1_106' title='bbox 643 644 712 671; x_wconf 79' lang='grc' dir='ltr'>κατὰ</span> <span class='ocrx_word' id='word_1_107' title='bbox 723 644 814 678; x_wconf 80' lang='grc' dir='ltr'>φύσιν,</span> 
     </span>
    </p>
   </div>
   <div class='ocr_carea' id='block_1_16' title="bbox 33 689 814 727">
    <p class='ocr_par' dir='ltr' id='par_1_16' title="bbox 33 689 814 727">
     <span class='ocr_line' id='line_1_16' title="bbox 33 689 814 727; baseline -0.005 -9"><span class='ocrx_word' id='word_1_108' title='bbox 33 693 84 726; x_wconf 78' lang='grc' dir='ltr'>φῶς</span> <span class='ocrx_word' id='word_1_109' title='bbox 97 693 132 719; x_wconf 77' lang='grc' dir='ltr'>ἐκ</span> <span class='ocrx_word' id='word_1_110' title='bbox 150 692 248 727; x_wconf 77' lang='grc' dir='ltr'>φωτὸς,</span> <span class='ocrx_word' id='word_1_111' title='bbox 263 692 391 727; x_wconf 79' lang='grc' dir='ltr'>ἀλήθειαν</span> <span class='ocrx_word' id='word_1_112' title='bbox 406 691 435 723; x_wconf 76' lang='grc' dir='ltr'><strong>ἐξ</strong></span> <span class='ocrx_word' id='word_1_113' title='bbox 448 690 574 725; x_wconf 80' lang='grc' dir='ltr'><strong>ἀληθινοῦ</strong></span> <span class='ocrx_word' id='word_1_114' title='bbox 586 689 750 725; x_wconf 80' lang='grc' dir='ltr'>προελθόντα</span> <span class='ocrx_word' id='word_1_115' title='bbox 761 689 814 715; x_wconf 88' lang='grc' dir='ltr'><strong>Πα-</strong></span> 
     </span>
    </p>
   </div>
   <div class='ocr_carea' id='block_1_17' title="bbox 34 734 812 773">
    <p class='ocr_par' dir='ltr' id='par_1_17' title="bbox 34 734 812 773">
     <span class='ocr_line' id='line_1_17' title="bbox 34 734 812 773; baseline -0.005 -9"><span class='ocrx_word' id='word_1_116' title='bbox 34 739 100 772; x_wconf 84' lang='grc' dir='ltr'>τρός.</span> <span class='ocrx_word' id='word_1_117' title='bbox 113 737 278 773; x_wconf 83' lang='grc' dir='ltr'>Γνωσόμεθα</span> <span class='ocrx_word' id='word_1_118' title='bbox 290 737 319 763; x_wconf 74' lang='grc' dir='ltr'>δὲ</span> <span class='ocrx_word' id='word_1_119' title='bbox 330 737 409 764; x_wconf 80' lang='grc' dir='ltr'>τοῦτο</span> <span class='ocrx_word' id='word_1_120' title='bbox 421 736 536 772; x_wconf 77' lang='grc' dir='ltr'>μάλιστα</span> <span class='ocrx_word' id='word_1_121' title='bbox 545 735 590 762; x_wconf 75' lang='grc' dir='ltr'><strong>διὰ</strong></span> <span class='ocrx_word' id='word_1_122' title='bbox 601 736 649 770; x_wconf 83' lang='grc' dir='ltr'>τῆς</span> <span class='ocrx_word' id='word_1_123' title='bbox 657 734 812 769; x_wconf 70' lang='grc' dir='ltr'>ἐπαγωγῆς.</span> 
     </span>
    </p>
   </div>
   <div class='ocr_carea' id='block_1_18' title="bbox 34 780 816 819">
    <p class='ocr_par' dir='ltr' id='par_1_18' title="bbox 34 780 816 819">
     <span class='ocr_line' id='line_1_18' title="bbox 34 780 816 819; baseline -0.004 -9"><span class='ocrx_word' id='word_1_124' title='bbox 34 795 42 810; x_wconf 82' lang='grc' dir='ltr'><strong>ι</strong></span> <span class='ocrx_word' id='word_1_125' title='bbox 54 785 168 817; x_wconf 80' lang='grc' dir='ltr'>Δόξασόν</span> <span class='ocrx_word' id='word_1_126' title='bbox 186 792 218 819; x_wconf 89' lang='grc' dir='ltr'><strong>με</strong></span> <span class='ocrx_word' id='word_1_127' title='bbox 235 793 244 810; x_wconf 77' lang='grc' dir='ltr'><strong>ι</strong></span> <span class='ocrx_word' id='word_1_128' title='bbox 263 784 328 819; x_wconf 84' lang='grc' dir='ltr'>γὰρ,</span> <span class='ocrx_word' id='word_1_129' title='bbox 345 783 437 817; x_wconf 70' lang='grc' dir='ltr'>φησὶν,</span> <span class='ocrx_word' id='word_1_130' title='bbox 451 782 511 809; x_wconf 75' lang='grc' dir='ltr'>ἀντὶ</span> <span class='ocrx_word' id='word_1_131' title='bbox 527 780 707 815; x_wconf 81' lang='grc' dir='ltr'>τοῦ,Φανερόν</span> <span class='ocrx_word' id='word_1_132' title='bbox 723 789 757 815; x_wconf 89' lang='grc' dir='ltr'><strong>με</strong></span> <span class='ocrx_word' id='word_1_133' title='bbox 769 789 816 807; x_wconf 82' lang='grc' dir='ltr'>κα·</span> 
     </span>
    </p>
   </div>
   <div class='ocr_carea' id='block_1_19' title="bbox 31 826 815 865">
    <p class='ocr_par' dir='ltr' id='par_1_19' title="bbox 31 826 815 865">
     <span class='ocr_line' id='line_1_19' title="bbox 31 826 815 865; baseline -0.006 -8"><span class='ocrx_word' id='word_1_134' title='bbox 31 832 174 865; x_wconf 77' lang='grc' dir='ltr'>τὰστησον,</span> <span class='ocrx_word' id='word_1_135' title='bbox 190 830 282 865; x_wconf 81' lang='grc' dir='ltr'>ἐπειδή</span> <span class='ocrx_word' id='word_1_136' title='bbox 301 838 346 856; x_wconf 83' lang='grc' dir='ltr'><strong>σου</strong></span> <span class='ocrx_word' id='word_1_137' title='bbox 368 829 445 862; x_wconf 77' lang='grc' dir='ltr'><strong>κάγὼ</strong></span> <span class='ocrx_word' id='word_1_138' title='bbox 470 827 501 854; x_wconf 81' lang='grc' dir='ltr'>τὸ</span> <span class='ocrx_word' id='word_1_139' title='bbox 523 827 608 862; x_wconf 68' lang='grc' dir='ltr'>ὄνομα</span> <span class='ocrx_word' id='word_1_140' title='bbox 634 826 815 861; x_wconf 80' lang='grc' dir='ltr'>πεφανέρωκα</span> 
     </span>
    </p>
   </div>
   <div class='ocr_carea' id='block_1_20' title="bbox 31 871 814 911">
    <p class='ocr_par' dir='ltr' id='par_1_20' title="bbox 31 871 814 911">
     <span class='ocr_line' id='line_1_20' title="bbox 31 871 814 911; baseline -0.005 -9"><span class='ocrx_word' id='word_1_141' title='bbox 31 879 82 908; x_wconf 81' lang='grc' dir='ltr'>τοῖς</span> <span class='ocrx_word' id='word_1_142' title='bbox 97 875 264 911; x_wconf 82' lang='grc' dir='ltr'>ἀνθρώποις.</span> <span class='ocrx_word' id='word_1_143' title='bbox 283 876 315 902; x_wconf 72' lang='lat' dir='ltr'><strong>Et</strong></span> <span class='ocrx_word' id='word_1_144' title='bbox 329 875 417 902; x_wconf 84' lang='grc' dir='ltr'>τοίνυν</span> <span class='ocrx_word' id='word_1_145' title='bbox 441 875 509 909; x_wconf 83' lang='grc' dir='ltr'>ὅπερ</span> <span class='ocrx_word' id='word_1_146' title='bbox 532 873 666 908; x_wconf 84' lang='grc' dir='ltr'>πεποίηκε</span> <span class='ocrx_word' id='word_1_147' title='bbox 688 871 814 907; x_wconf 85' lang='grc' dir='ltr'>γενέσθαι</span> 
     </span>
    </p>
   </div>
   <div class='ocr_carea' id='block_1_21' title="bbox 32 917 814 956">
    <p class='ocr_par' dir='ltr' id='par_1_21' title="bbox 32 917 814 956">
     <span class='ocr_line' id='line_1_21' title="bbox 32 917 814 956; baseline -0.001 -10"><span class='ocrx_word' id='word_1_148' title='bbox 32 921 165 956; x_wconf 76' lang='grc' dir='ltr'>βούλεται,</span> <span class='ocrx_word' id='word_1_149' title='bbox 183 920 290 952; x_wconf 75' lang='grc' dir='ltr'>ἐδόξασε</span> <span class='ocrx_word' id='word_1_150' title='bbox 311 920 340 946; x_wconf 84' lang='grc' dir='ltr'>δὲ</span> <span class='ocrx_word' id='word_1_151' title='bbox 361 920 405 946; x_wconf 85' lang='grc' dir='ltr'><strong>τδν</strong></span> <span class='ocrx_word' id='word_1_152' title='bbox 427 919 536 954; x_wconf 80' lang='grc' dir='ltr'><strong>Πατέρα</strong></span> <span class='ocrx_word' id='word_1_153' title='bbox 559 918 720 954; x_wconf 80' lang='grc' dir='ltr'>φανερώσας</span> <span class='ocrx_word' id='word_1_154' title='bbox 732 917 814 945; x_wconf 82' lang='grc' dir='ltr'>αὑτὸν</span> 
     </span>
    </p>
   </div>
   <div class='ocr_carea' id='block_1_22' title="bbox 31 963 814 1001">
    <p class='ocr_par' dir='ltr' id='par_1_22' title="bbox 31 963 814 1001">
     <span class='ocr_line' id='line_1_22' title="bbox 31 963 814 1001; baseline -0.005 -8"><span class='ocrx_word' id='word_1_155' title='bbox 31 969 82 998; x_wconf 77' lang='grc' dir='ltr'>τοῖς</span> <span class='ocrx_word' id='word_1_156' title='bbox 96 966 263 1001; x_wconf 85' lang='grc' dir='ltr'>ἀνθρώποις,</span> <span class='ocrx_word' id='word_1_157' title='bbox 276 965 433 998; x_wconf 77' lang='grc' dir='ltr'><strong>δοξάζεσθαι</strong></span> <span class='ocrx_word' id='word_1_158' title='bbox 449 965 572 1000; x_wconf 85' lang='grc' dir='ltr'>βούλεται</span> <span class='ocrx_word' id='word_1_159' title='bbox 585 964 632 991; x_wconf 79' lang='grc' dir='ltr'>καὶ</span> <span class='ocrx_word' id='word_1_160' title='bbox 652 963 743 996; x_wconf 70' lang='grc' dir='ltr'>αὐτὸς,</span> <span class='ocrx_word' id='word_1_161' title='bbox 763 971 814 997; x_wconf 78' lang='grc' dir='ltr'><strong>φα-</strong></span> 
     </span>
    </p>
   </div>
   <div class='ocr_carea' id='block_1_23' title="bbox 32 1009 814 1047">
    <p class='ocr_par' dir='ltr' id='par_1_23' title="bbox 32 1009 814 1047">
     <span class='ocr_line' id='line_1_23' title="bbox 32 1009 814 1047; baseline -0.005 -9"><span class='ocrx_word' id='word_1_162' title='bbox 32 1012 104 1047; x_wconf 73' lang='grc' dir='ltr'>νερὸς</span> <span class='ocrx_word' id='word_1_163' title='bbox 120 1011 174 1038; x_wconf 72' lang='grc' dir='ltr'><strong>ὑπὸ</strong></span> <span class='ocrx_word' id='word_1_164' title='bbox 186 1011 232 1038; x_wconf 85' lang='grc' dir='ltr'><strong>τοῦ</strong></span> <span class='ocrx_word' id='word_1_165' title='bbox 245 1011 351 1046; x_wconf 65' lang='grc' dir='ltr'>Πατρός</span> <span class='ocrx_word' id='word_1_166' title='bbox 362 1013 418 1042; x_wconf 74' lang='grc' dir='ltr'>τοῖς</span> <span class='ocrx_word' id='word_1_167' title='bbox 433 1010 586 1046; x_wconf 82' lang='grc' dir='ltr'>ἀνθρώποις</span> <span class='ocrx_word' id='word_1_168' title='bbox 600 1009 749 1044; x_wconf 80' lang='grc' dir='ltr'>γινόμενος.</span> <span class='ocrx_word' id='word_1_169' title='bbox 759 1009 814 1035; x_wconf 83' lang='grc' dir='ltr'><strong>Καὶ</strong></span> 
     </span>
    </p>
   </div>
   <div class='ocr_carea' id='block_1_24' title="bbox 32 1053 814 1092">
    <p class='ocr_par' dir='ltr' id='par_1_24' title="bbox 32 1053 814 1092">
     <span class='ocr_line' id='line_1_24' title="bbox 32 1053 814 1092; baseline -0.003 -10"><span class='ocrx_word' id='word_1_170' title='bbox 32 1057 157 1092; x_wconf 81' lang='grc' dir='ltr'>περιττὸς</span> <span class='ocrx_word' id='word_1_171' title='bbox 173 1056 227 1083; x_wconf 87' lang='grc' dir='ltr'><strong>τῶν</strong></span> <span class='ocrx_word' id='word_1_172' title='bbox 243 1057 432 1092; x_wconf 83' lang='grc' dir='ltr'>χριστομάχων</span> <span class='ocrx_word' id='word_1_173' title='bbox 447 1057 461 1083; x_wconf 81' lang='grc' dir='ltr'>ὁ</span> <span class='ocrx_word' id='word_1_174' title='bbox 475 1055 653 1090; x_wconf 83' lang='grc' dir='ltr'>λόγος,τιμῆς</span> <span class='ocrx_word' id='word_1_175' title='bbox 666 1055 724 1090; x_wconf 75' lang='grc' dir='ltr'>ἦτοι</span> <span class='ocrx_word' id='word_1_176' title='bbox 735 1053 814 1090; x_wconf 81' lang='grc' dir='ltr'><strong>δόξης</strong></span> 
     </span>
    </p>
   </div>
   <div class='ocr_carea' id='block_1_25' title="bbox 31 1102 409 1138">
    <p class='ocr_par' dir='ltr' id='par_1_25' title="bbox 31 1102 409 1138">
     <span class='ocr_line' id='line_1_25' title="bbox 31 1102 409 1138; baseline 0.005 -11"><span class='ocrx_word' id='word_1_177' title='bbox 31 1103 104 1130; x_wconf 77' lang='grc' dir='ltr'>ἐνδεᾶ</span> <span class='ocrx_word' id='word_1_178' title='bbox 120 1102 168 1130; x_wconf 78' lang='grc' dir='ltr'>τὸν</span> <span class='ocrx_word' id='word_1_179' title='bbox 185 1102 248 1129; x_wconf 81' lang='grc' dir='ltr'>Υἱὸν</span> <span class='ocrx_word' id='word_1_180' title='bbox 264 1103 409 1138; x_wconf 75' lang='grc' dir='ltr'><strong>εἰσφέρων.</strong></span> 
     </span>
    </p>
   </div>
   <div class='ocr_carea' id='block_1_26' title="bbox 35 1191 819 1226">
    <p class='ocr_par' dir='ltr' id='par_1_26' title="bbox 35 1191 819 1226">
     <span class='ocr_line' id='line_1_26' title="bbox 35 1191 819 1226; baseline 0.004 -9"><span class='ocrx_word' id='word_1_181' title='bbox 35 1191 90 1218; x_wconf 82' lang='grc' dir='ltr'>Τοῦ</span> <span class='ocrx_word' id='word_1_182' title='bbox 117 1191 214 1218; x_wconf 81' lang='grc' dir='ltr'>αὑτοῦ</span> <span class='ocrx_word' id='word_1_183' title='bbox 231 1192 354 1223; x_wconf 76' lang='grc' dir='ltr'>βιϐλίου</span> <span class='ocrx_word' id='word_1_184' title='bbox 370 1192 494 1226; x_wconf 55' lang='lat' dir='ltr'><strong>tim/toral</strong></span> <span class='ocrx_word' id='word_1_185' title='bbox 512 1192 615 1226; x_wconf 80' lang='grc' dir='ltr'>ῥητῶν</span> <span class='ocrx_word' id='word_1_186' title='bbox 637 1193 819 1221; x_wconf 75' lang='grc' dir='ltr'>ἀποστόλων</span> 
     </span>
    </p>
   </div>
   <div class='ocr_carea' id='block_1_27' title="bbox 67 1226 819 1262">
    <p class='ocr_par' dir='ltr' id='par_1_27' title="bbox 67 1226 819 1262">
     <span class='ocr_line' id='line_1_27' title="bbox 67 1226 819 1262; baseline 0.005 -10"><span class='ocrx_word' id='word_1_187' title='bbox 67 1230 116 1259; x_wconf 81' lang='grc' dir='ltr'>ις’,</span> <span class='ocrx_word' id='word_1_188' title='bbox 141 1226 392 1260; x_wconf 65' lang='grc' dir='ltr'>συλλογιζόμενοι</span> <span class='ocrx_word' id='word_1_189' title='bbox 421 1227 465 1253; x_wconf 83' lang='grc' dir='ltr'>ὅτι</span> <span class='ocrx_word' id='word_1_190' title='bbox 490 1228 562 1260; x_wconf 79' lang='grc' dir='ltr'>Θεὸς</span> <span class='ocrx_word' id='word_1_191' title='bbox 589 1227 663 1253; x_wconf 78' lang='grc' dir='ltr'>κατὰ</span> <span class='ocrx_word' id='word_1_192' title='bbox 686 1228 783 1262; x_wconf 78' lang='grc' dir='ltr'>φύσιν</span> <span class='ocrx_word' id='word_1_193' title='bbox 802 1231 819 1256; x_wconf 83' lang='lat' dir='ltr'><strong>d</strong></span> 
     </span>
    </p>
   </div>
   <div class='ocr_carea' id='block_1_28' title="bbox 69 1262 563 1296">
    <p class='ocr_par' dir='ltr' id='par_1_28' title="bbox 69 1262 563 1296">
     <span class='ocr_line' id='line_1_28' title="bbox 69 1262 563 1296; baseline 0.002 -8"><span class='ocrx_word' id='word_1_194' title='bbox 69 1262 150 1295; x_wconf 75' lang='grc' dir='ltr'>Υἱὸς,</span> <span class='ocrx_word' id='word_1_195' title='bbox 164 1263 201 1287; x_wconf 84' lang='grc' dir='ltr'>οὐ</span> <span class='ocrx_word' id='word_1_196' title='bbox 215 1263 338 1295; x_wconf 79' lang='grc' dir='ltr'>ποίημα,</span> <span class='ocrx_word' id='word_1_197' title='bbox 352 1262 424 1288; x_wconf 79' lang='grc' dir='ltr'>οὐδὲ</span> <span class='ocrx_word' id='word_1_198' title='bbox 440 1264 563 1296; x_wconf 77' lang='grc' dir='ltr'>κτίσμα.</span> 
     </span>
    </p>
   </div>
   <div class='ocr_carea' id='block_1_29' title="bbox 66 1306 817 1342">
    <p class='ocr_par' dir='ltr' id='par_1_29' title="bbox 66 1306 817 1342">
     <span class='ocr_line' id='line_1_29' title="bbox 66 1306 817 1342; baseline 0.005 -10"><span class='ocrx_word' id='word_1_199' title='bbox 66 1306 141 1341; x_wconf 73' lang='grc' dir='ltr'>Πρὸς</span> <span class='ocrx_word' id='word_1_200' title='bbox 151 1306 214 1337; x_wconf 83' lang='grc' dir='ltr'>τοὺς</span> <span class='ocrx_word' id='word_1_201' title='bbox 227 1306 272 1332; x_wconf 78' lang='grc' dir='ltr'>ἐπὶ</span> <span class='ocrx_word' id='word_1_202' title='bbox 284 1308 340 1338; x_wconf 84' lang='grc' dir='ltr'>τοῖς</span> <span class='ocrx_word' id='word_1_203' title='bbox 352 1307 461 1338; x_wconf 76' lang='grc' dir='ltr'>οἰκείοις</span> <span class='ocrx_word' id='word_1_204' title='bbox 471 1309 642 1342; x_wconf 77' lang='grc' dir='ltr'>πταίσμασιν</span> <span class='ocrx_word' id='word_1_205' title='bbox 650 1310 701 1336; x_wconf 70' lang='grc' dir='ltr'>οὐκ</span> <span class='ocrx_word' id='word_1_206' title='bbox 711 1310 817 1341; x_wconf 75' lang='grc' dir='ltr'>εἰδότας</span> 
     </span>
    </p>
   </div>
   <div class='ocr_carea' id='block_1_30' title="bbox 34 1352 818 1387">
    <p class='ocr_par' dir='ltr' id='par_1_30' title="bbox 34 1352 818 1387">
     <span class='ocr_line' id='line_1_30' title="bbox 34 1352 818 1387; baseline 0.006 -10"><span class='ocrx_word' id='word_1_207' title='bbox 34 1353 186 1386; x_wconf 77' lang='grc' dir='ltr'>μετανοεῖν,</span> <span class='ocrx_word' id='word_1_208' title='bbox 212 1352 352 1386; x_wconf 73' lang='grc' dir='ltr'>ἄρρηκτον</span> <span class='ocrx_word' id='word_1_209' title='bbox 381 1353 409 1378; x_wconf 76' lang='grc' dir='ltr'>δὲ</span> <span class='ocrx_word' id='word_1_210' title='bbox 424 1352 519 1387; x_wconf 84' lang='grc' dir='ltr'>ὥσπερ</span> <span class='ocrx_word' id='word_1_211' title='bbox 537 1354 684 1386; x_wconf 71' lang='grc' dir='ltr'>ἐπιθέντας</span> <span class='ocrx_word' id='word_1_212' title='bbox 712 1356 818 1387; x_wconf 75' lang='grc' dir='ltr'>ἑαυτοῖς</span> 
     </span>
    </p>
   </div>
   <div class='ocr_carea' id='block_1_31' title="bbox 31 1397 819 1435">
    <p class='ocr_par' dir='ltr' id='par_1_31' title="bbox 31 1397 819 1435">
     <span class='ocr_line' id='line_1_31' title="bbox 31 1397 819 1435; baseline 0.005 -12"><span class='ocrx_word' id='word_1_213' title='bbox 31 1397 79 1431; x_wconf 77' lang='grc' dir='ltr'>τῆς</span> <span class='ocrx_word' id='word_1_214' title='bbox 98 1397 271 1432; x_wconf 67' lang='grc' dir='ltr'>φαυλότττος</span> <span class='ocrx_word' id='word_1_215' title='bbox 288 1397 333 1424; x_wconf 84' lang='grc' dir='ltr'>τὸν</span> <span class='ocrx_word' id='word_1_216' title='bbox 347 1397 456 1432; x_wconf 74' lang='grc' dir='ltr'>δεσμὸν,</span> <span class='ocrx_word' id='word_1_217' title='bbox 469 1399 483 1424; x_wconf 75' lang='grc' dir='ltr'><strong><em>ὁ</em></strong></span> <span class='ocrx_word' id='word_1_218' title='bbox 500 1399 605 1431; x_wconf 81' lang='grc' dir='ltr'>ηαῦλός</span> <span class='ocrx_word' id='word_1_219' title='bbox 620 1409 686 1435; x_wconf 84' lang='grc' dir='ltr'>φησι</span> <span class='ocrx_word' id='word_1_220' title='bbox 697 1409 704 1416; x_wconf 93' lang='grc'><strong>·</strong></span> <span class='ocrx_word' id='word_1_221' title='bbox 719 1410 728 1426; x_wconf 81' lang='grc' dir='ltr'><strong>ι</strong></span> <span class='ocrx_word' id='word_1_222' title='bbox 741 1402 819 1427; x_wconf 82' lang='grc' dir='ltr'>Κατὰ</span> 
     </span>
    </p>
   </div>
   <div class='ocr_carea' id='block_1_32' title="bbox 28 1446 820 1484">
    <p class='ocr_par' dir='ltr' id='par_1_32' title="bbox 28 1446 820 1484">
     <span class='ocr_line' id='line_1_32' title="bbox 28 1446 820 1484; baseline -0.003 -9"><span class='ocrx_word' id='word_1_223' title='bbox 28 1448 56 1475; x_wconf 83' lang='grc' dir='ltr'>δὲ</span> <span class='ocrx_word' id='word_1_224' title='bbox 68 1449 124 1484; x_wconf 72' lang='grc' dir='ltr'>τὴν</span> <span class='ocrx_word' id='word_1_225' title='bbox 140 1448 310 1483; x_wconf 86' lang='grc' dir='ltr'>σκληρότητά</span> <span class='ocrx_word' id='word_1_226' title='bbox 327 1456 373 1474; x_wconf 84' lang='grc' dir='ltr'><strong>σου</strong></span> <span class='ocrx_word' id='word_1_227' title='bbox 390 1448 436 1474; x_wconf 69' lang='grc' dir='ltr'>οιαὶ</span> <span class='ocrx_word' id='word_1_228' title='bbox 447 1447 632 1483; x_wconf 79' lang='grc' dir='ltr'>ἀμετανόητον</span> <span class='ocrx_word' id='word_1_229' title='bbox 644 1447 757 1483; x_wconf 83' lang='grc' dir='ltr'>καρδίαν</span> <span class='ocrx_word' id='word_1_230' title='bbox 772 1446 820 1482; x_wconf 88' lang='grc' dir='ltr'>θη-</span> 
     </span>
    </p>
   </div>
   <div class='ocr_carea' id='block_1_33' title="bbox 864 234 1648 269">
    <p class='ocr_par' dir='ltr' id='par_1_33' title="bbox 864 234 1648 269">
     <span class='ocr_line' id='line_1_33' title="bbox 864 234 1648 269; baseline 0.005 -9"><span class='ocrx_word' id='word_1_231' title='bbox 864 234 994 268; x_wconf 83' lang='lat' dir='ltr'><strong>prictates</strong></span> <span class='ocrx_word' id='word_1_232' title='bbox 1019 241 1052 262; x_wconf 84' lang='lat' dir='ltr'><strong>ac</strong></span> <span class='ocrx_word' id='word_1_233' title='bbox 1073 235 1287 269; x_wconf 80' lang='lat' dir='ltr'><strong>signiﬁcationes</strong></span> <span class='ocrx_word' id='word_1_234' title='bbox 1312 239 1414 266; x_wconf 88' lang='lat' dir='ltr'><strong>tenent,</strong></span> <span class='ocrx_word' id='word_1_235' title='bbox 1439 235 1503 267; x_wconf 78' lang='grc' dir='ltr'>δόξα</span> <span class='ocrx_word' id='word_1_236' title='bbox 1526 243 1648 264; x_wconf 78' lang='lat' dir='ltr'><strong>vocatur.</strong></span> 
     </span>
    </p>
   </div>
   <div class='ocr_carea' id='block_1_34' title="bbox 865 278 1650 317">
    <p class='ocr_par' dir='ltr' id='par_1_34' title="bbox 865 278 1650 317">
     <span class='ocr_line' id='line_1_34' title="bbox 865 278 1650 317; baseline 0.005 -11"><span class='ocrx_word' id='word_1_237' title='bbox 865 278 977 312; x_wconf 78' lang='lat' dir='ltr'><strong>Quando</strong></span> <span class='ocrx_word' id='word_1_238' title='bbox 990 281 1072 315; x_wconf 75' lang='lat' dir='ltr'><strong>igitur</strong></span> <span class='ocrx_word' id='word_1_239' title='bbox 1089 281 1173 308; x_wconf 85' lang='lat' dir='ltr'><strong>Filius</strong></span> <span class='ocrx_word' id='word_1_240' title='bbox 1187 281 1250 308; x_wconf 90' lang='lat' dir='ltr'><strong>dicit</strong></span> <span class='ocrx_word' id='word_1_241' title='bbox 1263 289 1270 307; x_wconf 93' lang='lat'><strong>:</strong></span> <span class='ocrx_word' id='word_1_242' title='bbox 1299 289 1308 306; x_wconf 83' lang='grc' dir='ltr'><strong>ι</strong></span> <span class='ocrx_word' id='word_1_243' title='bbox 1327 280 1430 316; x_wconf 82' lang='grc' dir='ltr'>Πάτερ,</span> <span class='ocrx_word' id='word_1_244' title='bbox 1448 281 1559 314; x_wconf 83' lang='grc' dir='ltr'>δόξασόν</span> <span class='ocrx_word' id='word_1_245' title='bbox 1572 291 1605 317; x_wconf 85' lang='grc' dir='ltr'><strong>με</strong></span> <span class='ocrx_word' id='word_1_246' title='bbox 1618 290 1650 310; x_wconf 75' lang='lat' dir='ltr'><strong>ea</strong></span> 
     </span>
    </p>
   </div>
   <div class='ocr_carea' id='block_1_35' title="bbox 865 324 1650 360">
    <p class='ocr_par' dir='ltr' id='par_1_35' title="bbox 865 324 1650 360">
     <span class='ocr_line' id='line_1_35' title="bbox 865 324 1650 360; baseline 0.004 -9"><span class='ocrx_word' id='word_1_247' title='bbox 865 324 928 360; x_wconf 76' lang='grc' dir='ltr'>δόξῃ</span> <span class='ocrx_word' id='word_1_248' title='bbox 944 333 1024 360; x_wconf 85' lang='lat' dir='ltr'><strong>quam</strong></span> <span class='ocrx_word' id='word_1_249' title='bbox 1039 326 1121 353; x_wconf 82' lang='lat' dir='ltr'><strong>habui</strong></span> <span class='ocrx_word' id='word_1_250' title='bbox 1134 327 1203 359; x_wconf 86' lang='lat' dir='ltr'><strong>apud</strong></span> <span class='ocrx_word' id='word_1_251' title='bbox 1220 331 1246 353; x_wconf 87' lang='lat' dir='ltr'><strong>te</strong></span> <span class='ocrx_word' id='word_1_252' title='bbox 1262 329 1324 353; x_wconf 86' lang='lat' dir='ltr'><strong>ante</strong></span> <span class='ocrx_word' id='word_1_253' title='bbox 1339 326 1557 353; x_wconf 80' lang='lat' dir='ltr'><strong>constitutionem</strong></span> <span class='ocrx_word' id='word_1_254' title='bbox 1571 335 1650 354; x_wconf 91' lang='lat' dir='ltr'><strong>mun-</strong></span> 
     </span>
    </p>
   </div>
   <div class='ocr_carea' id='block_1_36' title="bbox 867 371 1649 406">
    <p class='ocr_par' dir='ltr' id='par_1_36' title="bbox 867 371 1649 406">
     <span class='ocr_line' id='line_1_36' title="bbox 867 371 1649 406; baseline 0.003 -9"><span class='ocrx_word' id='word_1_255' title='bbox 867 371 893 398; x_wconf 88' lang='lat' dir='ltr'><strong>di</strong></span> <span class='ocrx_word' id='word_1_256' title='bbox 907 371 915 386; x_wconf 91' lang='grc'>¹</span> <span class='ocrx_word' id='word_1_257' title='bbox 931 391 939 403; x_wconf 97' lang='grc'><strong>,</strong></span> <span class='ocrx_word' id='word_1_258' title='bbox 957 371 1082 399; x_wconf 66' lang='grc' dir='ltr'>»Δὲειυιιι</span> <span class='ocrx_word' id='word_1_259' title='bbox 1098 372 1149 399; x_wconf 89' lang='lat' dir='ltr'><strong>hoc</strong></span> <span class='ocrx_word' id='word_1_260' title='bbox 1163 372 1198 398; x_wconf 86' lang='lat' dir='ltr'><strong>ita</strong></span> <span class='ocrx_word' id='word_1_261' title='bbox 1210 371 1410 406; x_wconf 75' lang='lat' dir='ltr'><strong>intelligendum</strong></span> <span class='ocrx_word' id='word_1_262' title='bbox 1425 376 1467 399; x_wconf 83' lang='lat' dir='ltr'><strong>est</strong></span> <span class='ocrx_word' id='word_1_263' title='bbox 1483 381 1489 399; x_wconf 91' lang='lat'>:</span> <span class='ocrx_word' id='word_1_264' title='bbox 1505 372 1649 405; x_wconf 82' lang='lat' dir='ltr'><strong>Quoniam,</strong></span> 
     </span>
    </p>
   </div>
   <div class='ocr_carea' id='block_1_37' title="bbox 867 416 1651 452">
    <p class='ocr_par' dir='ltr' id='par_1_37' title="bbox 867 416 1651 452">
     <span class='ocr_line' id='line_1_37' title="bbox 867 416 1651 452; baseline 0.003 -10"><span class='ocrx_word' id='word_1_265' title='bbox 867 416 963 451; x_wconf 87' lang='lat' dir='ltr'><strong>inquit,</strong></span> <span class='ocrx_word' id='word_1_266' title='bbox 978 416 1100 449; x_wconf 73' lang='lat' dir='ltr'><strong>oPater,</strong></span> <span class='ocrx_word' id='word_1_267' title='bbox 1115 417 1194 444; x_wconf 90' lang='lat' dir='ltr'><strong>homo</strong></span> <span class='ocrx_word' id='word_1_268' title='bbox 1212 425 1259 452; x_wconf 87' lang='lat' dir='ltr'><strong>por</strong></span> <span class='ocrx_word' id='word_1_269' title='bbox 1277 418 1490 445; x_wconf 78' lang='lat' dir='ltr'><strong>incarnationem</strong></span> <span class='ocrx_word' id='word_1_270' title='bbox 1512 418 1609 451; x_wconf 80' lang='lat' dir='ltr'><strong>factus,</strong></span> <span class='ocrx_word' id='word_1_271' title='bbox 1627 419 1651 444; x_wconf 92' lang='lat' dir='ltr'><strong>id</strong></span> 
     </span>
    </p>
   </div>
   <div class='ocr_carea' id='block_1_38' title="bbox 868 462 1653 499">
    <p class='ocr_par' dir='ltr' id='par_1_38' title="bbox 868 462 1653 499">
     <span class='ocr_line' id='line_1_38' title="bbox 868 462 1653 499; baseline 0.004 -10"><span class='ocrx_word' id='word_1_272' title='bbox 868 462 953 490; x_wconf 84' lang='lat' dir='ltr'><strong>solum</strong></span> <span class='ocrx_word' id='word_1_273' title='bbox 970 470 1031 490; x_wconf 85' lang='lat' dir='ltr'><strong>esse</strong></span> <span class='ocrx_word' id='word_1_274' title='bbox 1054 463 1195 491; x_wconf 79' lang='lat' dir='ltr'><strong>existimor</strong></span> <span class='ocrx_word' id='word_1_275' title='bbox 1209 464 1280 498; x_wconf 85' lang='lat' dir='ltr'><strong>quod</strong></span> <span class='ocrx_word' id='word_1_276' title='bbox 1302 471 1430 499; x_wconf 83' lang='lat' dir='ltr'><strong>appareo,</strong></span> <span class='ocrx_word' id='word_1_277' title='bbox 1455 464 1585 498; x_wconf 86' lang='lat' dir='ltr'><strong>multique</strong></span> <span class='ocrx_word' id='word_1_278' title='bbox 1610 471 1653 492; x_wconf 88' lang='lat' dir='ltr'><strong>me</strong></span> 
     </span>
    </p>
   </div>
   <div class='ocr_carea' id='block_1_39' title="bbox 869 507 1653 544">
    <p class='ocr_par' dir='ltr' id='par_1_39' title="bbox 869 507 1653 544">
     <span class='ocr_line' id='line_1_39' title="bbox 869 507 1653 544; baseline 0.003 -10"><span class='ocrx_word' id='word_1_279' title='bbox 869 515 921 535; x_wconf 92' lang='lat' dir='ltr'><strong>non</strong></span> <span class='ocrx_word' id='word_1_280' title='bbox 939 513 968 534; x_wconf 91' lang='lat' dir='ltr'><strong>ut</strong></span> <span class='ocrx_word' id='word_1_281' title='bbox 986 507 1082 535; x_wconf 81' lang='lat' dir='ltr'><strong>Filium</strong></span> <span class='ocrx_word' id='word_1_282' title='bbox 1099 513 1172 535; x_wconf 91' lang='lat' dir='ltr'><strong>tuum</strong></span> <span class='ocrx_word' id='word_1_283' title='bbox 1191 509 1225 536; x_wconf 86' lang='lat' dir='ltr'><strong>ab</strong></span> <span class='ocrx_word' id='word_1_284' title='bbox 1244 514 1345 536; x_wconf 81' lang='lat' dir='ltr'><strong>:eterno</strong></span> <span class='ocrx_word' id='word_1_285' title='bbox 1366 509 1544 536; x_wconf 73' lang='lat' dir='ltr'><strong>exsistentetu</strong></span> <span class='ocrx_word' id='word_1_286' title='bbox 1568 517 1653 544; x_wconf 70' lang='lat' dir='ltr'><strong>agno-</strong></span> 
     </span>
    </p>
   </div>
   <div class='ocr_carea' id='block_1_40' title="bbox 869 553 1653 589">
    <p class='ocr_par' dir='ltr' id='par_1_40' title="bbox 869 553 1653 589">
     <span class='ocr_line' id='line_1_40' title="bbox 869 553 1653 589; baseline 0.004 -9"><span class='ocrx_word' id='word_1_287' title='bbox 869 558 959 584; x_wconf 83' lang='lat' dir='ltr'><strong>scunt,</strong></span> <span class='ocrx_word' id='word_1_288' title='bbox 971 553 1082 587; x_wconf 81' lang='grc' dir='ltr'>δόξασόν</span> <span class='ocrx_word' id='word_1_289' title='bbox 1094 563 1139 589; x_wconf 86' lang='grc' dir='ltr'><strong>με,</strong></span> <span class='ocrx_word' id='word_1_290' title='bbox 1153 555 1203 582; x_wconf 89' lang='lat' dir='ltr'><strong>hoc</strong></span> <span class='ocrx_word' id='word_1_291' title='bbox 1217 559 1270 587; x_wconf 85' lang='lat' dir='ltr'><strong>est,</strong></span> <span class='ocrx_word' id='word_1_292' title='bbox 1285 554 1425 582; x_wconf 77' lang='lat' dir='ltr'><strong>manifesta</strong></span> <span class='ocrx_word' id='word_1_293' title='bbox 1440 562 1492 587; x_wconf 84' lang='lat' dir='ltr'><strong>me,</strong></span> <span class='ocrx_word' id='word_1_294' title='bbox 1505 555 1583 582; x_wconf 82' lang='lat' dir='ltr'><strong>talem</strong></span> <span class='ocrx_word' id='word_1_295' title='bbox 1603 556 1653 583; x_wconf 80' lang='lat' dir='ltr'><strong>ho—</strong></span> 
     </span>
    </p>
   </div>
   <div class='ocr_carea' id='block_1_41' title="bbox 870 599 1652 635">
    <p class='ocr_par' dir='ltr' id='par_1_41' title="bbox 870 599 1652 635">
     <span class='ocr_line' id='line_1_41' title="bbox 870 599 1652 635; baseline 0.004 -10"><span class='ocrx_word' id='word_1_296' title='bbox 870 599 988 626; x_wconf 82' lang='lat' dir='ltr'><strong>minibus</strong></span> <span class='ocrx_word' id='word_1_297' title='bbox 1011 601 1165 633; x_wconf 87' lang='lat' dir='ltr'><strong>opinionem</strong></span> <span class='ocrx_word' id='word_1_298' title='bbox 1185 605 1265 635; x_wconf 81' lang='lat' dir='ltr'><strong>atque</strong></span> <span class='ocrx_word' id='word_1_299' title='bbox 1286 600 1405 627; x_wconf 77' lang='lat' dir='ltr'><strong>notitiam</strong></span> <span class='ocrx_word' id='word_1_300' title='bbox 1429 601 1462 628; x_wconf 90' lang='lat' dir='ltr'><strong>de</strong></span> <span class='ocrx_word' id='word_1_301' title='bbox 1479 608 1521 628; x_wconf 86' lang='lat' dir='ltr'><strong>me</strong></span> <span class='ocrx_word' id='word_1_302' title='bbox 1547 601 1652 632; x_wconf 73' lang='lat' dir='ltr'><strong>imicus.</strong></span> 
     </span>
    </p>
   </div>
   <div class='ocr_carea' id='block_1_42' title="bbox 870 644 1655 683">
    <p class='ocr_par' dir='ltr' id='par_1_42' title="bbox 870 644 1655 683">
     <span class='ocr_line' id='line_1_42' title="bbox 870 644 1655 683; baseline 0.005 -13"><span class='ocrx_word' id='word_1_303' title='bbox 870 644 978 678; x_wconf 87' lang='lat' dir='ltr'><strong>qualem</strong></span> <span class='ocrx_word' id='word_1_304' title='bbox 999 645 1132 683; x_wconf 80' lang='lat' dir='ltr'><strong>haberent</strong></span> <span class='ocrx_word' id='word_1_305' title='bbox 1149 647 1181 674; x_wconf 86' lang='lat' dir='ltr'><strong>de</strong></span> <span class='ocrx_word' id='word_1_306' title='bbox 1202 654 1244 673; x_wconf 86' lang='lat' dir='ltr'><strong>me</strong></span> <span class='ocrx_word' id='word_1_307' title='bbox 1262 646 1402 674; x_wconf 84' lang='lat' dir='ltr'><strong>audientes</strong></span> <span class='ocrx_word' id='word_1_308' title='bbox 1421 654 1464 674; x_wconf 87' lang='lat' dir='ltr'><strong>me</strong></span> <span class='ocrx_word' id='word_1_309' title='bbox 1484 647 1566 674; x_wconf 80' lang='lat' dir='ltr'><strong>etiam</strong></span> <span class='ocrx_word' id='word_1_310' title='bbox 1591 653 1655 675; x_wconf 85' lang='lat' dir='ltr'><strong>ante</strong></span> 
     </span>
    </p>
   </div>
   <div class='ocr_carea' id='block_1_43' title="bbox 871 691 1653 727">
    <p class='ocr_par' dir='ltr' id='par_1_43' title="bbox 871 691 1653 727">
     <span class='ocr_line' id='line_1_43' title="bbox 871 691 1653 727; baseline 0.004 -10"><span class='ocrx_word' id='word_1_311' title='bbox 871 691 1089 718; x_wconf 67' lang='lat' dir='ltr'><strong>constitutionem</strong></span> <span class='ocrx_word' id='word_1_312' title='bbox 1105 692 1195 719; x_wconf 86' lang='lat' dir='ltr'><strong>mundi</strong></span> <span class='ocrx_word' id='word_1_313' title='bbox 1209 699 1278 725; x_wconf 86' lang='lat' dir='ltr'><strong>esse,</strong></span> <span class='ocrx_word' id='word_1_314' title='bbox 1301 692 1427 720; x_wconf 90' lang='lat' dir='ltr'><strong>nimirum</strong></span> <span class='ocrx_word' id='word_1_315' title='bbox 1444 697 1539 720; x_wconf 77' lang='lat' dir='ltr'><strong>natura</strong></span> <span class='ocrx_word' id='word_1_316' title='bbox 1558 693 1653 727; x_wconf 83' lang='lat' dir='ltr'><strong>Deum,</strong></span> 
     </span>
    </p>
   </div>
   <div class='ocr_carea' id='block_1_44' title="bbox 871 737 1655 773">
    <p class='ocr_par' dir='ltr' id='par_1_44' title="bbox 871 737 1655 773">
     <span class='ocr_line' id='line_1_44' title="bbox 871 737 1655 773; baseline 0.005 -10"><span class='ocrx_word' id='word_1_317' title='bbox 871 737 961 764; x_wconf 91' lang='lat' dir='ltr'><strong>lumen</strong></span> <span class='ocrx_word' id='word_1_318' title='bbox 979 744 1011 764; x_wconf 82' lang='lat' dir='ltr'><strong>ex</strong></span> <span class='ocrx_word' id='word_1_319' title='bbox 1035 737 1146 770; x_wconf 75' lang='lat' dir='ltr'><strong>lumine,</strong></span> <span class='ocrx_word' id='word_1_320' title='bbox 1164 738 1304 765; x_wconf 79' lang='lat' dir='ltr'><strong>veritatem</strong></span> <span class='ocrx_word' id='word_1_321' title='bbox 1325 744 1357 765; x_wconf 79' lang='lat' dir='ltr'><strong>ex</strong></span> <span class='ocrx_word' id='word_1_322' title='bbox 1385 745 1449 766; x_wconf 85' lang='lat' dir='ltr'><strong>vero</strong></span> <span class='ocrx_word' id='word_1_323' title='bbox 1465 738 1544 766; x_wconf 80' lang='lat' dir='ltr'><strong>Patre</strong></span> <span class='ocrx_word' id='word_1_324' title='bbox 1560 747 1655 773; x_wconf 86' lang='lat' dir='ltr'><strong>proce-</strong></span> 
     </span>
    </p>
   </div>
   <div class='ocr_carea' id='block_1_45' title="bbox 872 783 1653 820">
    <p class='ocr_par' dir='ltr' id='par_1_45' title="bbox 872 783 1653 820">
     <span class='ocr_line' id='line_1_45' title="bbox 872 783 1653 820; baseline 0 -8"><span class='ocrx_word' id='word_1_325' title='bbox 872 785 990 812; x_wconf 80' lang='lat' dir='ltr'><strong>dentem.</strong></span> <span class='ocrx_word' id='word_1_326' title='bbox 1008 783 1047 810; x_wconf 86' lang='lat' dir='ltr'><strong>lta</strong></span> <span class='ocrx_word' id='word_1_327' title='bbox 1068 791 1134 811; x_wconf 88' lang='lat' dir='ltr'><strong>vero</strong></span> <span class='ocrx_word' id='word_1_328' title='bbox 1151 783 1353 818; x_wconf 76' lang='lat' dir='ltr'><strong>intelligendum</strong></span> <span class='ocrx_word' id='word_1_329' title='bbox 1367 791 1426 812; x_wconf 74' lang='lat' dir='ltr'><strong>esse</strong></span> <span class='ocrx_word' id='word_1_330' title='bbox 1438 792 1473 811; x_wconf 86' lang='lat' dir='ltr'><strong>cx</strong></span> <span class='ocrx_word' id='word_1_331' title='bbox 1484 785 1653 820; x_wconf 82' lang='lat' dir='ltr'><strong>sequentium</strong></span> 
     </span>
    </p>
   </div>
   <div class='ocr_carea' id='block_1_46' title="bbox 871 830 1652 866">
    <p class='ocr_par' dir='ltr' id='par_1_46' title="bbox 871 830 1652 866">
     <span class='ocr_line' id='line_1_46' title="bbox 871 830 1652 866; baseline 0 -9"><span class='ocrx_word' id='word_1_332' title='bbox 871 831 942 857; x_wconf 77' lang='lat' dir='ltr'><strong>serie</strong></span> <span class='ocrx_word' id='word_1_333' title='bbox 972 830 1051 857; x_wconf 78' lang='lat' dir='ltr'><strong>facile</strong></span> <span class='ocrx_word' id='word_1_334' title='bbox 1074 830 1219 857; x_wconf 85' lang='lat' dir='ltr'><strong>constabit.</strong></span> <span class='ocrx_word' id='word_1_335' title='bbox 1242 830 1330 863; x_wconf 81' lang='lat' dir='ltr'><strong>lnquit</strong></span> <span class='ocrx_word' id='word_1_336' title='bbox 1357 830 1429 857; x_wconf 90' lang='lat' dir='ltr'><strong>enim</strong></span> <span class='ocrx_word' id='word_1_337' title='bbox 1460 830 1570 862; x_wconf 80' lang='grc' dir='ltr'>δόξασόν</span> <span class='ocrx_word' id='word_1_338' title='bbox 1602 840 1652 866; x_wconf 73' lang='grc' dir='ltr'><strong>με,</strong></span> 
     </span>
    </p>
   </div>
   <div class='ocr_carea' id='block_1_47' title="bbox 874 875 1656 911">
    <p class='ocr_par' dir='ltr' id='par_1_47' title="bbox 874 875 1656 911">
     <span class='ocr_line' id='line_1_47' title="bbox 874 875 1656 911; baseline 0.001 -9"><span class='ocrx_word' id='word_1_339' title='bbox 874 885 884 902; x_wconf 84' lang='grc' dir='ltr'><strong>ι</strong></span> <span class='ocrx_word' id='word_1_340' title='bbox 898 875 1018 910; x_wconf 77' lang='lat' dir='ltr'><strong>gloriﬁca</strong></span> <span class='ocrx_word' id='word_1_341' title='bbox 1034 882 1086 906; x_wconf 82' lang='lat' dir='ltr'><strong>me,</strong></span> <span class='ocrx_word' id='word_1_342' title='bbox 1100 884 1110 900; x_wconf 73' lang='grc' dir='ltr'><strong>ι</strong></span> <span class='ocrx_word' id='word_1_343' title='bbox 1127 882 1186 909; x_wconf 88' lang='lat' dir='ltr'><strong>pro,</strong></span> <span class='ocrx_word' id='word_1_344' title='bbox 1201 875 1343 902; x_wconf 78' lang='lat' dir='ltr'><strong>manifesta</strong></span> <span class='ocrx_word' id='word_1_345' title='bbox 1360 883 1412 908; x_wconf 86' lang='lat' dir='ltr'><strong>me,</strong></span> <span class='ocrx_word' id='word_1_346' title='bbox 1424 876 1557 910; x_wconf 78' lang='lat' dir='ltr'><strong>siquidem</strong></span> <span class='ocrx_word' id='word_1_347' title='bbox 1571 881 1656 911; x_wconf 76' lang='lat' dir='ltr'><strong>etego</strong></span> 
     </span>
    </p>
   </div>
   <div class='ocr_carea' id='block_1_48' title="bbox 872 921 1656 956">
    <p class='ocr_par' dir='ltr' id='par_1_48' title="bbox 872 921 1656 956">
     <span class='ocr_line' id='line_1_48' title="bbox 872 921 1656 956; baseline 0.001 -8"><span class='ocrx_word' id='word_1_348' title='bbox 872 928 970 948; x_wconf 71' lang='lat' dir='ltr'><strong>nornen</strong></span> <span class='ocrx_word' id='word_1_349' title='bbox 983 927 1057 948; x_wconf 90' lang='lat' dir='ltr'><strong>tuum</strong></span> <span class='ocrx_word' id='word_1_350' title='bbox 1070 921 1238 948; x_wconf 84' lang='lat' dir='ltr'><strong>manifestavi</strong></span> <span class='ocrx_word' id='word_1_351' title='bbox 1255 921 1418 948; x_wconf 86' lang='lat' dir='ltr'><strong>hominibus.</strong></span> <span class='ocrx_word' id='word_1_352' title='bbox 1429 922 1457 949; x_wconf 81' lang='lat' dir='ltr'><strong>Si</strong></span> <span class='ocrx_word' id='word_1_353' title='bbox 1469 929 1534 956; x_wconf 78' lang='lat' dir='ltr'><strong>ergo</strong></span> <span class='ocrx_word' id='word_1_354' title='bbox 1547 922 1572 949; x_wconf 89' lang='lat' dir='ltr'><strong>id</strong></span> <span class='ocrx_word' id='word_1_355' title='bbox 1584 923 1656 956; x_wconf 87' lang='lat' dir='ltr'><strong>quod</strong></span> 
     </span>
    </p>
   </div>
   <div class='ocr_carea' id='block_1_49' title="bbox 872 966 1654 1001">
    <p class='ocr_par' dir='ltr' id='par_1_49' title="bbox 872 966 1654 1001">
     <span class='ocr_line' id='line_1_49' title="bbox 872 966 1654 1001; baseline 0.001 -9"><span class='ocrx_word' id='word_1_356' title='bbox 872 967 930 1001; x_wconf 86' lang='lat' dir='ltr'><strong>ipse</strong></span> <span class='ocrx_word' id='word_1_357' title='bbox 942 966 1015 998; x_wconf 80' lang='lat' dir='ltr'><strong>fecit,</strong></span> <span class='ocrx_word' id='word_1_358' title='bbox 1031 966 1090 993; x_wconf 84' lang='lat' dir='ltr'><strong>ﬁeri</strong></span> <span class='ocrx_word' id='word_1_359' title='bbox 1105 966 1155 993; x_wconf 86' lang='lat' dir='ltr'><strong>sibi</strong></span> <span class='ocrx_word' id='word_1_360' title='bbox 1167 966 1251 1000; x_wconf 87' lang='lat' dir='ltr'><strong>cupit,</strong></span> <span class='ocrx_word' id='word_1_361' title='bbox 1269 966 1432 1000; x_wconf 74' lang='lat' dir='ltr'><strong>gloriﬁcavit</strong></span> <span class='ocrx_word' id='word_1_362' title='bbox 1444 971 1531 993; x_wconf 85' lang='lat' dir='ltr'><strong>autem</strong></span> <span class='ocrx_word' id='word_1_363' title='bbox 1547 966 1654 993; x_wconf 84' lang='lat' dir='ltr'><strong>Patrem</strong></span> 
     </span>
    </p>
   </div>
   <div class='ocr_carea' id='block_1_50' title="bbox 873 1011 1654 1047">
    <p class='ocr_par' dir='ltr' id='par_1_50' title="bbox 873 1011 1654 1047">
     <span class='ocr_line' id='line_1_50' title="bbox 873 1011 1654 1047; baseline 0.001 -9"><span class='ocrx_word' id='word_1_364' title='bbox 873 1012 1049 1039; x_wconf 75' lang='lat' dir='ltr'><strong>manifestans</strong></span> <span class='ocrx_word' id='word_1_365' title='bbox 1064 1019 1126 1038; x_wconf 81' lang='lat' dir='ltr'><strong>cum</strong></span> <span class='ocrx_word' id='word_1_366' title='bbox 1148 1011 1312 1044; x_wconf 89' lang='lat' dir='ltr'><strong>hominibus,</strong></span> <span class='ocrx_word' id='word_1_367' title='bbox 1331 1011 1475 1046; x_wconf 78' lang='lat' dir='ltr'><strong>gloriﬁcari</strong></span> <span class='ocrx_word' id='word_1_368' title='bbox 1497 1013 1578 1038; x_wconf 84' lang='lat' dir='ltr'><strong>etiam</strong></span> <span class='ocrx_word' id='word_1_369' title='bbox 1604 1013 1654 1047; x_wconf 83' lang='lat' dir='ltr'><strong>ipsi</strong></span> 
     </span>
    </p>
   </div>
   <div class='ocr_carea' id='block_1_51' title="bbox 872 1056 1655 1091">
    <p class='ocr_par' dir='ltr' id='par_1_51' title="bbox 872 1056 1655 1091">
     <span class='ocr_line' id='line_1_51' title="bbox 872 1056 1655 1091; baseline -0.001 -6"><span class='ocrx_word' id='word_1_370' title='bbox 872 1057 955 1091; x_wconf 73' lang='lat' dir='ltr'><strong>cupit,</strong></span> <span class='ocrx_word' id='word_1_371' title='bbox 970 1058 1097 1084; x_wconf 87' lang='lat' dir='ltr'><strong>nimirum</strong></span> <span class='ocrx_word' id='word_1_372' title='bbox 1113 1065 1127 1084; x_wconf 75' lang='grc' dir='ltr'><strong>ιι</strong></span> <span class='ocrx_word' id='word_1_373' title='bbox 1144 1056 1225 1084; x_wconf 84' lang='lat' dir='ltr'><strong>Patre</strong></span> <span class='ocrx_word' id='word_1_374' title='bbox 1234 1057 1387 1084; x_wconf 83' lang='lat' dir='ltr'><strong>hominibus</strong></span> <span class='ocrx_word' id='word_1_375' title='bbox 1399 1056 1595 1085; x_wconf 80' lang='lat' dir='ltr'><strong>manifestalus.</strong></span> <span class='ocrx_word' id='word_1_376' title='bbox 1607 1059 1655 1084; x_wconf 77' lang='grc' dir='ltr'><strong>Αι-</strong></span> 
     </span>
    </p>
   </div>
   <div class='ocr_carea' id='block_1_52' title="bbox 872 1102 1655 1135">
    <p class='ocr_par' dir='ltr' id='par_1_52' title="bbox 872 1102 1655 1135">
     <span class='ocr_line' id='line_1_52' title="bbox 872 1102 1655 1135; baseline 0 -6"><span class='ocrx_word' id='word_1_377' title='bbox 872 1108 926 1135; x_wconf 87' lang='lat' dir='ltr'><strong>que</strong></span> <span class='ocrx_word' id='word_1_378' title='bbox 939 1102 974 1129; x_wconf 86' lang='lat' dir='ltr'><strong>ita</strong></span> <span class='ocrx_word' id='word_1_379' title='bbox 994 1102 1082 1129; x_wconf 84' lang='lat' dir='ltr'><strong>inanis</strong></span> <span class='ocrx_word' id='word_1_380' title='bbox 1103 1109 1136 1129; x_wconf 82' lang='lat' dir='ltr'><strong>ac</strong></span> <span class='ocrx_word' id='word_1_381' title='bbox 1153 1109 1237 1129; x_wconf 84' lang='lat' dir='ltr'><strong>vanus</strong></span> <span class='ocrx_word' id='word_1_382' title='bbox 1257 1106 1299 1129; x_wconf 86' lang='lat' dir='ltr'><strong>est</strong></span> <span class='ocrx_word' id='word_1_383' title='bbox 1320 1102 1507 1130; x_wconf 81' lang='lat' dir='ltr'><strong>haereticorum</strong></span> <span class='ocrx_word' id='word_1_384' title='bbox 1532 1103 1655 1132; x_wconf 73' lang='lat' dir='ltr'><strong>cavillus.</strong></span> 
     </span>
    </p>
   </div>
   <div class='ocr_carea' id='block_1_53' title="bbox 872 1146 1620 1182">
    <p class='ocr_par' dir='ltr' id='par_1_53' title="bbox 872 1146 1620 1182">
     <span class='ocr_line' id='line_1_53' title="bbox 872 1146 1620 1182; baseline 0.003 -9"><span class='ocrx_word' id='word_1_385' title='bbox 872 1146 918 1181; x_wconf 86' lang='lat' dir='ltr'><strong>qui</strong></span> <span class='ocrx_word' id='word_1_386' title='bbox 932 1146 1034 1174; x_wconf 84' lang='lat' dir='ltr'><strong>honore</strong></span> <span class='ocrx_word' id='word_1_387' title='bbox 1047 1147 1105 1175; x_wconf 76' lang='lat' dir='ltr'><strong>sive</strong></span> <span class='ocrx_word' id='word_1_388' title='bbox 1120 1147 1204 1182; x_wconf 66' lang='lat' dir='ltr'><strong>gloria</strong></span> <span class='ocrx_word' id='word_1_389' title='bbox 1221 1147 1369 1182; x_wconf 74' lang='lat' dir='ltr'><strong>indiguisse</strong></span> <span class='ocrx_word' id='word_1_390' title='bbox 1387 1147 1484 1175; x_wconf 82' lang='lat' dir='ltr'><strong>Filium</strong></span> <span class='ocrx_word' id='word_1_391' title='bbox 1498 1153 1620 1176; x_wconf 80' lang='lat' dir='ltr'><strong>censent.</strong></span> 
     </span>
    </p>
   </div>
   <div class='ocr_carea' id='block_1_54' title="bbox 868 1194 1655 1230">
    <p class='ocr_par' dir='ltr' id='par_1_54' title="bbox 868 1194 1655 1230">
     <span class='ocr_line' id='line_1_54' title="bbox 868 1194 1655 1230; baseline 0.003 -9"><span class='ocrx_word' id='word_1_392' title='bbox 868 1194 911 1221; x_wconf 78' lang='lat' dir='ltr'><strong>Ea:</strong></span> <span class='ocrx_word' id='word_1_393' title='bbox 928 1196 1019 1222; x_wconf 76' lang='lat' dir='ltr'><strong>eadem</strong></span> <span class='ocrx_word' id='word_1_394' title='bbox 1046 1196 1125 1227; x_wconf 81' lang='lat' dir='ltr'><strong>libro,</strong></span> <span class='ocrx_word' id='word_1_395' title='bbox 1143 1196 1332 1230; x_wconf 71' lang='lat' dir='ltr'><strong>Apostolomm</strong></span> <span class='ocrx_word' id='word_1_396' title='bbox 1355 1197 1492 1223; x_wconf 66' lang='lat' dir='ltr'><strong>sententia:</strong></span> <span class='ocrx_word' id='word_1_397' title='bbox 1514 1198 1655 1226; x_wconf 64' lang='lat' dir='ltr'><strong>sudet-ini.</strong></span> 
     </span>
    </p>
   </div>
   <div class='ocr_carea' id='block_1_55' title="bbox 904 1230 1656 1266">
    <p class='ocr_par' dir='ltr' id='par_1_55' title="bbox 904 1230 1656 1266">
     <span class='ocr_line' id='line_1_55' title="bbox 904 1230 1656 1266; baseline 0.005 -11"><span class='ocrx_word' id='word_1_398' title='bbox 904 1231 998 1265; x_wconf 70' lang='lat' dir='ltr'><strong>quibus</strong></span> <span class='ocrx_word' id='word_1_399' title='bbox 1017 1230 1120 1257; x_wconf 79' lang='lat' dir='ltr'><strong>Filium</strong></span> <span class='ocrx_word' id='word_1_400' title='bbox 1136 1236 1234 1257; x_wconf 81' lang='lat' dir='ltr'><strong>natura</strong></span> <span class='ocrx_word' id='word_1_401' title='bbox 1259 1231 1353 1264; x_wconf 74' lang='lat' dir='ltr'><strong>Deum,</strong></span> <span class='ocrx_word' id='word_1_402' title='bbox 1373 1238 1424 1257; x_wconf 82' lang='lat' dir='ltr'><strong>non</strong></span> <span class='ocrx_word' id='word_1_403' title='bbox 1448 1237 1535 1258; x_wconf 85' lang='lat' dir='ltr'><strong>autem</strong></span> <span class='ocrx_word' id='word_1_404' title='bbox 1555 1232 1656 1266; x_wconf 80' lang='lat' dir='ltr'><strong>factum</strong></span> 
     </span>
    </p>
   </div>
   <div class='ocr_carea' id='block_1_56' title="bbox 902 1265 1340 1292">
    <p class='ocr_par' dir='ltr' id='par_1_56' title="bbox 902 1265 1340 1292">
     <span class='ocr_line' id='line_1_56' title="bbox 902 1265 1340 1292; baseline 0.002 -1"><span class='ocrx_word' id='word_1_405' title='bbox 902 1271 947 1291; x_wconf 87' lang='lat' dir='ltr'><strong>aut</strong></span> <span class='ocrx_word' id='word_1_406' title='bbox 963 1271 1080 1291; x_wconf 83' lang='lat' dir='ltr'><strong>creatum</strong></span> <span class='ocrx_word' id='word_1_407' title='bbox 1096 1273 1151 1292; x_wconf 73' lang='lat' dir='ltr'><strong>esse</strong></span> <span class='ocrx_word' id='word_1_408' title='bbox 1166 1265 1340 1292; x_wconf 74' lang='lat' dir='ltr'><strong>demonstrat.</strong></span> 
     </span>
    </p>
   </div>
   <div class='ocr_carea' id='block_1_57' title="bbox 905 1309 1653 1345">
    <p class='ocr_par' dir='ltr' id='par_1_57' title="bbox 905 1309 1653 1345">
     <span class='ocr_line' id='line_1_57' title="bbox 905 1309 1653 1345; baseline 0.003 -9"><span class='ocrx_word' id='word_1_409' title='bbox 905 1309 942 1337; x_wconf 87' lang='lat' dir='ltr'><strong>De</strong></span> <span class='ocrx_word' id='word_1_410' title='bbox 956 1309 989 1336; x_wconf 77' lang='lat' dir='ltr'><strong>iis</strong></span> <span class='ocrx_word' id='word_1_411' title='bbox 1004 1310 1050 1343; x_wconf 91' lang='lat' dir='ltr'><strong>qui</strong></span> <span class='ocrx_word' id='word_1_412' title='bbox 1073 1310 1174 1336; x_wconf 87' lang='lat' dir='ltr'><strong>nullam</strong></span> <span class='ocrx_word' id='word_1_413' title='bbox 1192 1310 1225 1337; x_wconf 91' lang='lat' dir='ltr'><strong>de</strong></span> <span class='ocrx_word' id='word_1_414' title='bbox 1243 1309 1362 1344; x_wconf 79' lang='lat' dir='ltr'><strong>peccatis</strong></span> <span class='ocrx_word' id='word_1_415' title='bbox 1385 1309 1444 1337; x_wconf 88' lang='lat' dir='ltr'><strong>suis</strong></span> <span class='ocrx_word' id='word_1_416' title='bbox 1462 1310 1653 1345; x_wconf 59' lang='lat' dir='ltr'><strong>patuitentiam</strong></span> 
     </span>
    </p>
   </div>
   <div class='ocr_carea' id='block_1_58' title="bbox 869 1354 1654 1390">
    <p class='ocr_par' dir='ltr' id='par_1_58' title="bbox 869 1354 1654 1390">
     <span class='ocr_line' id='line_1_58' title="bbox 869 1354 1654 1390; baseline 0.003 -8"><span class='ocrx_word' id='word_1_417' title='bbox 869 1359 964 1388; x_wconf 75' lang='lat' dir='ltr'><strong>agunt,</strong></span> <span class='ocrx_word' id='word_1_418' title='bbox 980 1354 1026 1381; x_wconf 90' lang='lat' dir='ltr'><strong>sed</strong></span> <span class='ocrx_word' id='word_1_419' title='bbox 1044 1355 1225 1382; x_wconf 80' lang='lat' dir='ltr'><strong>indissolubili</strong></span> <span class='ocrx_word' id='word_1_420' title='bbox 1241 1355 1358 1390; x_wconf 87' lang='lat' dir='ltr'><strong>quodam</strong></span> <span class='ocrx_word' id='word_1_421' title='bbox 1376 1354 1484 1382; x_wconf 89' lang='lat' dir='ltr'><strong>vinculo</strong></span> <span class='ocrx_word' id='word_1_422' title='bbox 1501 1355 1576 1382; x_wconf 80' lang='lat' dir='ltr'><strong>vitiis</strong></span> <span class='ocrx_word' id='word_1_423' title='bbox 1594 1356 1654 1384; x_wconf 84' lang='lat' dir='ltr'><strong>suis</strong></span> 
     </span>
    </p>
   </div>
   <div class='ocr_carea' id='block_1_59' title="bbox 869 1400 1656 1436">
    <p class='ocr_par' dir='ltr' id='par_1_59' title="bbox 869 1400 1656 1436">
     <span class='ocr_line' id='line_1_59' title="bbox 869 1400 1656 1436; baseline 0.001 -9"><span class='ocrx_word' id='word_1_424' title='bbox 869 1400 968 1428; x_wconf 77' lang='lat' dir='ltr'><strong>annexi</strong></span> <span class='ocrx_word' id='word_1_425' title='bbox 981 1404 1056 1433; x_wconf 85' lang='lat' dir='ltr'><strong>sunt,</strong></span> <span class='ocrx_word' id='word_1_426' title='bbox 1069 1401 1171 1428; x_wconf 83' lang='lat' dir='ltr'><strong>Paulus</strong></span> <span class='ocrx_word' id='word_1_427' title='bbox 1188 1402 1223 1429; x_wconf 87' lang='lat' dir='ltr'><strong>ita</strong></span> <span class='ocrx_word' id='word_1_428' title='bbox 1237 1401 1358 1436; x_wconf 87' lang='lat' dir='ltr'><strong>loquitur</strong></span> <span class='ocrx_word' id='word_1_429' title='bbox 1375 1409 1383 1428; x_wconf 73' lang='grc' dir='ltr'>ε</span> <span class='ocrx_word' id='word_1_430' title='bbox 1401 1409 1412 1427; x_wconf 79' lang='grc' dir='ltr'><strong>ι</strong></span> <span class='ocrx_word' id='word_1_431' title='bbox 1430 1400 1588 1429; x_wconf 86' lang='lat' dir='ltr'><strong>Secundum</strong></span> <span class='ocrx_word' id='word_1_432' title='bbox 1604 1411 1656 1429; x_wconf 82' lang='lat' dir='ltr'><strong>au-</strong></span> 
     </span>
    </p>
   </div>
   <div class='ocr_carea' id='block_1_60' title="bbox 873 1447 1659 1481">
    <p class='ocr_par' dir='ltr' id='par_1_60' title="bbox 873 1447 1659 1481">
     <span class='ocr_line' id='line_1_60' title="bbox 873 1447 1659 1481; baseline 0.005 -9"><span class='ocrx_word' id='word_1_433' title='bbox 873 1451 925 1473; x_wconf 85' lang='lat' dir='ltr'><strong>tem</strong></span> <span class='ocrx_word' id='word_1_434' title='bbox 946 1447 1071 1474; x_wconf 86' lang='lat' dir='ltr'><strong>duritiem</strong></span> <span class='ocrx_word' id='word_1_435' title='bbox 1091 1452 1175 1479; x_wconf 88' lang='lat' dir='ltr'><strong>tuam,</strong></span> <span class='ocrx_word' id='word_1_436' title='bbox 1190 1452 1217 1475; x_wconf 87' lang='lat' dir='ltr'><strong>et</strong></span> <span class='ocrx_word' id='word_1_437' title='bbox 1234 1454 1282 1474; x_wconf 78' lang='lat' dir='ltr'><strong>cor</strong></span> <span class='ocrx_word' id='word_1_438' title='bbox 1301 1451 1376 1474; x_wconf 90' lang='lat' dir='ltr'><strong>tuum</strong></span> <span class='ocrx_word' id='word_1_439' title='bbox 1391 1447 1577 1481; x_wconf 74' lang='lat' dir='ltr'><strong>impmnitens,</strong></span> <span class='ocrx_word' id='word_1_440' title='bbox 1591 1448 1659 1476; x_wconf 88' lang='lat' dir='ltr'><strong>iram</strong></span> 
     </span>
    </p>
   </div>
   <div class='ocr_carea' id='block_1_61' title="bbox 30 1489 815 1529">
    <p class='ocr_par' dir='ltr' id='par_1_61' title="bbox 30 1491 815 1529">
     <span class='ocr_line' id='line_1_61' title="bbox 30 1491 815 1529; baseline -0.003 -10"><span class='ocrx_word' id='word_1_441' title='bbox 30 1492 173 1529; x_wconf 79' lang='grc' dir='ltr'>σαυρίζεις</span> <span class='ocrx_word' id='word_1_442' title='bbox 189 1492 293 1526; x_wconf 81' lang='grc' dir='ltr'>σεαυτῷ</span> <span class='ocrx_word' id='word_1_443' title='bbox 308 1492 391 1528; x_wconf 84' lang='grc' dir='ltr'>ὀργὴν</span> <span class='ocrx_word' id='word_1_444' title='bbox 418 1493 447 1519; x_wconf 84' lang='grc' dir='ltr'>ἐν</span> <span class='ocrx_word' id='word_1_445' title='bbox 469 1492 562 1528; x_wconf 77' lang='grc' dir='ltr'>ἡμέρᾳ</span> <span class='ocrx_word' id='word_1_446' title='bbox 583 1493 667 1528; x_wconf 84' lang='grc' dir='ltr'>ὀργῆς</span> <span class='ocrx_word' id='word_1_447' title='bbox 692 1491 739 1518; x_wconf 73' lang='grc' dir='ltr'>καὶ</span> <span class='ocrx_word' id='word_1_448' title='bbox 756 1493 815 1518; x_wconf 81' lang='grc' dir='ltr'>ἀπο-</span> 
     </span>
    </p>
   </div>
   <div class='ocr_carea' id='block_1_62' title="bbox 882 1489 1660 1529">
    <p class='ocr_par' dir='ltr' id='par_1_62' title="bbox 885 1491 1660 1527">
     <span class='ocr_line' id='line_1_62' title="bbox 885 1491 1660 1527; baseline 0.003 -9"><span class='ocrx_word' id='word_1_449' title='bbox 885 1491 921 1519; x_wconf 86' lang='lat' dir='ltr'><strong>ibi</strong></span> <span class='ocrx_word' id='word_1_450' title='bbox 941 1492 1108 1519; x_wconf 85' lang='lat' dir='ltr'><strong>thesaurizas</strong></span> <span class='ocrx_word' id='word_1_451' title='bbox 1127 1492 1154 1519; x_wconf 93' lang='lat' dir='ltr'><strong>in</strong></span> <span class='ocrx_word' id='word_1_452' title='bbox 1172 1493 1215 1520; x_wconf 87' lang='lat' dir='ltr'><strong>die</strong></span> <span class='ocrx_word' id='word_1_453' title='bbox 1233 1493 1280 1519; x_wconf 68' lang='lat' dir='ltr'><strong>irae</strong></span> <span class='ocrx_word' id='word_1_454' title='bbox 1297 1497 1324 1519; x_wconf 87' lang='lat' dir='ltr'><strong>et</strong></span> <span class='ocrx_word' id='word_1_455' title='bbox 1343 1492 1515 1520; x_wconf 87' lang='lat' dir='ltr'><strong>revelationis</strong></span> <span class='ocrx_word' id='word_1_456' title='bbox 1529 1493 1595 1527; x_wconf 80' lang='lat' dir='ltr'><strong>justi</strong></span> <span class='ocrx_word' id='word_1_457' title='bbox 1613 1493 1660 1527; x_wconf 80' lang='lat' dir='ltr'><strong>ju-</strong></span> 
     </span>
    </p>
   </div>
   <div class='ocr_carea' id='block_1_63' title="bbox 30 1538 821 1574">
    <p class='ocr_par' dir='ltr' id='par_1_63' title="bbox 30 1538 821 1574">
     <span class='ocr_line' id='line_1_63' title="bbox 30 1538 821 1574; baseline -0.003 -8"><span class='ocrx_word' id='word_1_458' title='bbox 30 1539 176 1574; x_wconf 72' lang='grc' dir='ltr'>κσλύψεως</span> <span class='ocrx_word' id='word_1_459' title='bbox 193 1538 389 1573; x_wconf 83' lang='grc' dir='ltr'>δικαιοκρισίας</span> <span class='ocrx_word' id='word_1_460' title='bbox 401 1538 449 1564; x_wconf 82' lang='grc' dir='ltr'><strong>τοῦ</strong></span> <span class='ocrx_word' id='word_1_461' title='bbox 465 1538 545 1569; x_wconf 83' lang='grc' dir='ltr'>Θεοῦ,</span> <span class='ocrx_word' id='word_1_462' title='bbox 555 1538 584 1569; x_wconf 82' lang='grc' dir='ltr'>ὃς</span> <span class='ocrx_word' id='word_1_463' title='bbox 609 1538 745 1565; x_wconf 75' lang='grc' dir='ltr'>ἀποδώσει</span> <span class='ocrx_word' id='word_1_464' title='bbox 756 1538 821 1565; x_wconf 80' lang='grc' dir='ltr'><strong>ἐκά-</strong></span> 
     </span>
    </p>
   </div>
   <div class='ocr_carea' id='block_1_64' title="bbox 31 1581 821 1618">
    <p class='ocr_par' dir='ltr' id='par_1_64' title="bbox 31 1581 821 1618">
     <span class='ocr_line' id='line_1_64' title="bbox 31 1581 821 1618; baseline -0.001 -8"><span class='ocrx_word' id='word_1_465' title='bbox 31 1593 86 1618; x_wconf 83' lang='grc' dir='ltr'><strong>στῳ</strong></span> <span class='ocrx_word' id='word_1_466' title='bbox 107 1584 180 1610; x_wconf 80' lang='grc' dir='ltr'>κατὰ</span> <span class='ocrx_word' id='word_1_467' title='bbox 203 1583 239 1610; x_wconf 79' lang='grc' dir='ltr'>τὰ</span> <span class='ocrx_word' id='word_1_468' title='bbox 256 1583 326 1618; x_wconf 77' lang='grc' dir='ltr'>ἔργα</span> <span class='ocrx_word' id='word_1_469' title='bbox 354 1583 446 1610; x_wconf 78' lang='grc' dir='ltr'>αὑτοῦ.</span> <span class='ocrx_word' id='word_1_470' title='bbox 467 1592 476 1609; x_wconf 74' lang='grc' dir='ltr'><strong>ι</strong></span> <span class='ocrx_word' id='word_1_471' title='bbox 505 1581 572 1609; x_wconf 78' lang='grc' dir='ltr'>Εἶτα</span> <span class='ocrx_word' id='word_1_472' title='bbox 598 1583 679 1609; x_wconf 76' lang='grc' dir='ltr'>πάλιν</span> <span class='ocrx_word' id='word_1_473' title='bbox 708 1583 821 1618; x_wconf 81' lang='grc' dir='ltr'>ἑτέροις·</span> 
     </span>
    </p>
   </div>
   <div class='ocr_carea' id='block_1_65' title="bbox 32 1629 822 1665">
    <p class='ocr_par' dir='ltr' id='par_1_65' title="bbox 32 1629 822 1665">
     <span class='ocr_line' id='line_1_65' title="bbox 32 1629 822 1665; baseline 0 -9"><span class='ocrx_word' id='word_1_474' title='bbox 32 1640 40 1655; x_wconf 84' lang='grc' dir='ltr'><strong>ι</strong></span> <span class='ocrx_word' id='word_1_475' title='bbox 59 1631 133 1661; x_wconf 67' lang='grc' dir='ltr'>Τοὺς</span> <span class='ocrx_word' id='word_1_476' title='bbox 149 1629 204 1664; x_wconf 79' lang='grc' dir='ltr'>γὰρ</span> <span class='ocrx_word' id='word_1_477' title='bbox 217 1629 320 1661; x_wconf 81' lang='grc' dir='ltr'>πάντας</span> <span class='ocrx_word' id='word_1_478' title='bbox 331 1630 405 1664; x_wconf 83' lang='grc' dir='ltr'>ἡμᾶς</span> <span class='ocrx_word' id='word_1_479' title='bbox 425 1629 465 1656; x_wconf 82' lang='grc' dir='ltr'><strong>δεῖ</strong></span> <span class='ocrx_word' id='word_1_480' title='bbox 489 1629 680 1665; x_wconf 77' lang='grc' dir='ltr'>φανερωθῆναι</span> <span class='ocrx_word' id='word_1_481' title='bbox 708 1629 822 1656; x_wconf 74' lang='grc' dir='ltr'>ἐνώπιον</span> 
     </span>
    </p>
   </div>
   <div class='ocr_carea' id='block_1_66' title="bbox 28 1674 822 1710">
    <p class='ocr_par' dir='ltr' id='par_1_66' title="bbox 28 1674 822 1710">
     <span class='ocr_line' id='line_1_66' title="bbox 28 1674 822 1710; baseline 0 -9"><span class='ocrx_word' id='word_1_482' title='bbox 28 1675 74 1701; x_wconf 88' lang='grc' dir='ltr'><strong>τοῦ</strong></span> <span class='ocrx_word' id='word_1_483' title='bbox 96 1674 230 1710; x_wconf 77' lang='grc' dir='ltr'>Χριστοῦ,</span> <span class='ocrx_word' id='word_1_484' title='bbox 247 1674 291 1701; x_wconf 84' lang='grc' dir='ltr'><strong>ἴνα</strong></span> <span class='ocrx_word' id='word_1_485' title='bbox 302 1675 448 1710; x_wconf 75' lang='grc' dir='ltr'>κομίσηται</span> <span class='ocrx_word' id='word_1_486' title='bbox 462 1675 577 1706; x_wconf 67' lang='grc' dir='ltr'>ἕκαστος</span> <span class='ocrx_word' id='word_1_487' title='bbox 591 1675 627 1701; x_wconf 82' lang='grc' dir='ltr'>τὰ</span> <span class='ocrx_word' id='word_1_488' title='bbox 654 1675 699 1701; x_wconf 77' lang='grc' dir='ltr'><strong>διὰ</strong></span> <span class='ocrx_word' id='word_1_489' title='bbox 711 1674 756 1701; x_wconf 85' lang='grc' dir='ltr'><strong>τοῦ</strong></span> <span class='ocrx_word' id='word_1_490' title='bbox 775 1674 822 1701; x_wconf 92' lang='grc' dir='ltr'><strong>σώ-</strong></span> 
     </span>
    </p>
   </div>
   <div class='ocr_carea' id='block_1_67' title="bbox 30 1720 821 1756">
    <p class='ocr_par' dir='ltr' id='par_1_67' title="bbox 30 1720 821 1756">
     <span class='ocr_line' id='line_1_67' title="bbox 30 1720 821 1756; baseline 0.001 -10"><span class='ocrx_word' id='word_1_491' title='bbox 30 1730 119 1755; x_wconf 81' lang='grc' dir='ltr'>ματος</span> <span class='ocrx_word' id='word_1_492' title='bbox 135 1721 202 1755; x_wconf 69' lang='grc' dir='ltr'>πρὸς</span> <span class='ocrx_word' id='word_1_493' title='bbox 215 1720 232 1747; x_wconf 76' lang='grc' dir='ltr'><strong>ὂ.</strong></span> <span class='ocrx_word' id='word_1_494' title='bbox 256 1720 383 1756; x_wconf 71' lang='grc' dir='ltr'>ἔπραξεν,</span> <span class='ocrx_word' id='word_1_495' title='bbox 406 1722 460 1747; x_wconf 73' lang='grc' dir='ltr'>εἴτε</span> <span class='ocrx_word' id='word_1_496' title='bbox 476 1720 587 1754; x_wconf 74' lang='grc' dir='ltr'>ἀγαθὸν,</span> <span class='ocrx_word' id='word_1_497' title='bbox 602 1720 656 1746; x_wconf 78' lang='grc' dir='ltr'>εἴτε</span> <span class='ocrx_word' id='word_1_498' title='bbox 677 1721 788 1755; x_wconf 77' lang='grc' dir='ltr'>φαῦλον.</span> <span class='ocrx_word' id='word_1_499' title='bbox 811 1730 821 1747; x_wconf 71' lang='grc' dir='ltr'><strong>ι</strong></span> 
     </span>
    </p>
   </div>
   <div class='ocr_carea' id='block_1_68' title="bbox 31 1765 823 1801">
    <p class='ocr_par' dir='ltr' id='par_1_68' title="bbox 31 1765 823 1801">
     <span class='ocr_line' id='line_1_68' title="bbox 31 1765 823 1801; baseline 0 -9"><span class='ocrx_word' id='word_1_500' title='bbox 31 1766 138 1792; x_wconf 72' lang='grc' dir='ltr'><strong>υὺκοῦν</strong></span> <span class='ocrx_word' id='word_1_501' title='bbox 153 1767 177 1792; x_wconf 82' lang='grc' dir='ltr'>εἱ</span> <span class='ocrx_word' id='word_1_502' title='bbox 205 1766 438 1801; x_wconf 78' lang='grc' dir='ltr'>παραστησόμεθα</span> <span class='ocrx_word' id='word_1_503' title='bbox 470 1769 570 1797; x_wconf 74' lang='grc' dir='ltr'>πάντες</span> <span class='ocrx_word' id='word_1_504' title='bbox 595 1765 634 1801; x_wconf 82' lang='grc' dir='ltr'>τῷ</span> <span class='ocrx_word' id='word_1_505' title='bbox 660 1766 760 1801; x_wconf 75' lang='grc' dir='ltr'>βήματι</span> <span class='ocrx_word' id='word_1_506' title='bbox 776 1766 823 1793; x_wconf 84' lang='grc' dir='ltr'><strong>τοῦ</strong></span> 
     </span>
    </p>
   </div>
   <div class='ocr_carea' id='block_1_69' title="bbox 27 1810 825 1847">
    <p class='ocr_par' dir='ltr' id='par_1_69' title="bbox 27 1810 825 1847">
     <span class='ocr_line' id='line_1_69' title="bbox 27 1810 825 1847; baseline 0.003 -10"><span class='ocrx_word' id='word_1_507' title='bbox 27 1810 152 1846; x_wconf 78' lang='grc' dir='ltr'>Χριστοῦ</span> <span class='ocrx_word' id='word_1_508' title='bbox 172 1811 182 1841; x_wconf 90' lang='lat'><strong><em>(</em></strong></span> <span class='ocrx_word' id='word_1_509' title='bbox 199 1820 208 1836; x_wconf 85' lang='lat'><strong>(</strong></span> <span class='ocrx_word' id='word_1_510' title='bbox 226 1811 293 1838; x_wconf 76' lang='grc' dir='ltr'><strong>Οὐδὲ</strong></span> <span class='ocrx_word' id='word_1_511' title='bbox 306 1811 360 1847; x_wconf 79' lang='grc' dir='ltr'>γὰρ</span> <span class='ocrx_word' id='word_1_512' title='bbox 375 1812 389 1838; x_wconf 83' lang='grc' dir='ltr'>ὀ</span> <span class='ocrx_word' id='word_1_513' title='bbox 401 1811 496 1847; x_wconf 78' lang='grc' dir='ltr'>Πατὴρ</span> <span class='ocrx_word' id='word_1_514' title='bbox 513 1812 602 1847; x_wconf 84' lang='grc' dir='ltr'>κρίνει</span> <span class='ocrx_word' id='word_1_515' title='bbox 623 1811 728 1845; x_wconf 77' lang='grc' dir='ltr'>οὐδένα,</span> <span class='ocrx_word' id='word_1_516' title='bbox 757 1811 825 1839; x_wconf 79' lang='grc' dir='ltr'>ἀλλὰ</span> 
     </span>
    </p>
   </div>
   <div class='ocr_carea' id='block_1_70' title="bbox 26 1857 824 1894">
    <p class='ocr_par' dir='ltr' id='par_1_70' title="bbox 26 1857 824 1894">
     <span class='ocr_line' id='line_1_70' title="bbox 26 1857 824 1894; baseline 0.001 -11"><span class='ocrx_word' id='word_1_517' title='bbox 26 1858 76 1892; x_wconf 81' lang='grc' dir='ltr'>τὴν</span> <span class='ocrx_word' id='word_1_518' title='bbox 90 1857 184 1893; x_wconf 84' lang='grc' dir='ltr'>κρίσιν</span> <span class='ocrx_word' id='word_1_519' title='bbox 199 1858 288 1884; x_wconf 81' lang='grc' dir='ltr'>πᾶσαν</span> <span class='ocrx_word' id='word_1_520' title='bbox 300 1857 399 1884; x_wconf 78' lang='grc' dir='ltr'>δέδωκε</span> <span class='ocrx_word' id='word_1_521' title='bbox 412 1857 452 1894; x_wconf 84' lang='grc' dir='ltr'>τῷ</span> <span class='ocrx_word' id='word_1_522' title='bbox 460 1858 538 1894; x_wconf 82' lang='grc' dir='ltr'>Υίῴ),</span> <span class='ocrx_word' id='word_1_523' title='bbox 546 1867 555 1883; x_wconf 76' lang='grc' dir='ltr'><strong>ι</strong></span> <span class='ocrx_word' id='word_1_524' title='bbox 569 1858 615 1884; x_wconf 81' lang='grc' dir='ltr'>καὶ</span> <span class='ocrx_word' id='word_1_525' title='bbox 626 1858 706 1889; x_wconf 81' lang='grc' dir='ltr'>αὐτὸς</span> <span class='ocrx_word' id='word_1_526' title='bbox 717 1858 824 1884; x_wconf 79' lang='grc' dir='ltr'>ἀποδώ-</span> 
     </span>
    </p>
   </div>
   <div class='ocr_carea' id='block_1_71' title="bbox 27 1902 825 1938">
    <p class='ocr_par' dir='ltr' id='par_1_71' title="bbox 27 1902 825 1938">
     <span class='ocr_line' id='line_1_71' title="bbox 27 1902 825 1938; baseline 0.003 -9"><span class='ocrx_word' id='word_1_527' title='bbox 27 1911 69 1929; x_wconf 84' lang='grc' dir='ltr'><strong>σει</strong></span> <span class='ocrx_word' id='word_1_528' title='bbox 97 1902 208 1938; x_wconf 80' lang='grc' dir='ltr'>ἑκάστῳ</span> <span class='ocrx_word' id='word_1_529' title='bbox 234 1903 354 1929; x_wconf 77' lang='grc' dir='ltr'>κατὰτὰ</span> <span class='ocrx_word' id='word_1_530' title='bbox 380 1903 447 1938; x_wconf 73' lang='grc' dir='ltr'>ἔργα</span> <span class='ocrx_word' id='word_1_531' title='bbox 471 1903 570 1930; x_wconf 82' lang='grc' dir='ltr'>αὐτοῦ·</span> <span class='ocrx_word' id='word_1_532' title='bbox 597 1903 656 1935; x_wconf 79' lang='grc' dir='ltr'>πῶς</span> <span class='ocrx_word' id='word_1_533' title='bbox 675 1904 724 1930; x_wconf 73' lang='grc' dir='ltr'><strong>οὐκ</strong></span> <span class='ocrx_word' id='word_1_534' title='bbox 750 1904 825 1931; x_wconf 76' lang='grc' dir='ltr'>ἔσται</span> 
     </span>
    </p>
   </div>
   <div class='ocr_carea' id='block_1_72' title="bbox 27 1948 825 1984">
    <p class='ocr_par' dir='ltr' id='par_1_72' title="bbox 27 1948 825 1984">
     <span class='ocr_line' id='line_1_72' title="bbox 27 1948 825 1984; baseline 0.001 -9"><span class='ocrx_word' id='word_1_535' title='bbox 27 1949 113 1983; x_wconf 74' lang='grc' dir='ltr'>φύσει</span> <span class='ocrx_word' id='word_1_536' title='bbox 130 1949 206 1981; x_wconf 79' lang='grc' dir='ltr'>Θεὸς,</span> <span class='ocrx_word' id='word_1_537' title='bbox 221 1948 267 1975; x_wconf 87' lang='grc' dir='ltr'><strong>τοῦ</strong></span> <span class='ocrx_word' id='word_1_538' title='bbox 281 1948 388 1975; x_wconf 69' lang='grc' dir='ltr'>Παύλου</span> <span class='ocrx_word' id='word_1_539' title='bbox 400 1949 525 1983; x_wconf 83' lang='grc' dir='ltr'>λέγοντος</span> <span class='ocrx_word' id='word_1_540' title='bbox 535 1950 706 1984; x_wconf 70' lang='grc' dir='ltr'>ἀποκάλυψιν</span> <span class='ocrx_word' id='word_1_541' title='bbox 719 1950 825 1976; x_wconf 76' lang='grc' dir='ltr'>ἔσεσθαι</span> 
     </span>
    </p>
   </div>
   <div class='ocr_carea' id='block_1_73' title="bbox 24 1995 825 2033">
    <p class='ocr_par' dir='ltr' id='par_1_73' title="bbox 24 1995 825 2033">
     <span class='ocr_line' id='line_1_73' title="bbox 24 1995 825 2033; baseline 0.001 -11"><span class='ocrx_word' id='word_1_542' title='bbox 24 1995 233 2030; x_wconf 75' lang='grc' dir='ltr'>δικαιοκρισίας</span> <span class='ocrx_word' id='word_1_543' title='bbox 248 1995 327 2027; x_wconf 81' lang='grc' dir='ltr'>Θεοῦ,</span> <span class='ocrx_word' id='word_1_544' title='bbox 341 1996 391 2030; x_wconf 71' lang='grc' dir='ltr'>τὴν</span> <span class='ocrx_word' id='word_1_545' title='bbox 407 1995 449 2029; x_wconf 71' lang='grc' dir='ltr'><strong>ἐφ’</strong></span> <span class='ocrx_word' id='word_1_546' title='bbox 469 1996 577 2031; x_wconf 78' lang='grc' dir='ltr'>ἑκάστῳ</span> <span class='ocrx_word' id='word_1_547' title='bbox 593 1996 647 2023; x_wconf 84' lang='grc' dir='ltr'><strong>τῶν</strong></span> <span class='ocrx_word' id='word_1_548' title='bbox 660 1996 825 2033; x_wconf 79' lang='grc' dir='ltr'>κρινομένων</span> 
     </span>
    </p>
   </div>
   <div class='ocr_carea' id='block_1_74' title="bbox 26 2040 825 2077">
    <p class='ocr_par' dir='ltr' id='par_1_74' title="bbox 26 2040 825 2077">
     <span class='ocr_line' id='line_1_74' title="bbox 26 2040 825 2077; baseline -0.003 -8"><span class='ocrx_word' id='word_1_549' title='bbox 26 2043 95 2076; x_wconf 76' lang='grc' dir='ltr'>παρ’</span> <span class='ocrx_word' id='word_1_550' title='bbox 119 2040 201 2068; x_wconf 82' lang='grc' dir='ltr'>αὑτοῦ</span> <span class='ocrx_word' id='word_1_551' title='bbox 224 2041 370 2077; x_wconf 77' lang='grc' dir='ltr'>τιθεμένην</span> <span class='ocrx_word' id='word_1_552' title='bbox 387 2041 476 2076; x_wconf 67' lang='grc' dir='ltr'>ψῆφον</span> <span class='ocrx_word' id='word_1_553' title='bbox 497 2041 608 2077; x_wconf 74' lang='grc' dir='ltr'>δηλαδὴ,</span> <span class='ocrx_word' id='word_1_554' title='bbox 637 2041 674 2074; x_wconf 84' lang='grc' dir='ltr'>ὡς</span> <span class='ocrx_word' id='word_1_555' title='bbox 703 2043 758 2073; x_wconf 79' lang='grc' dir='ltr'>τοῖς</span> <span class='ocrx_word' id='word_1_556' title='bbox 775 2041 825 2076; x_wconf 80' lang='grc' dir='ltr'>μὲν</span> 
     </span>
    </p>
   </div>
   <div class='ocr_carea' id='block_1_75' title="bbox 25 2087 824 2123">
    <p class='ocr_par' dir='ltr' id='par_1_75' title="bbox 25 2087 824 2123">
     <span class='ocr_line' id='line_1_75' title="bbox 25 2087 824 2123; baseline 0 -9"><span class='ocrx_word' id='word_1_557' title='bbox 25 2088 147 2121; x_wconf 72' lang='grc' dir='ltr'>φαύλοις</span> <span class='ocrx_word' id='word_1_558' title='bbox 169 2087 267 2113; x_wconf 71' lang='grc' dir='ltr'>εἰπεῖν·</span> <span class='ocrx_word' id='word_1_559' title='bbox 288 2097 297 2113; x_wconf 84' lang='grc' dir='ltr'><strong>ι</strong></span> <span class='ocrx_word' id='word_1_560' title='bbox 318 2087 471 2123; x_wconf 80' lang='grc' dir='ltr'>Πορεύεσθε</span> <span class='ocrx_word' id='word_1_561' title='bbox 495 2088 543 2114; x_wconf 79' lang='grc' dir='ltr'><strong>ἀπ’</strong></span> <span class='ocrx_word' id='word_1_562' title='bbox 556 2087 635 2122; x_wconf 77' lang='grc' dir='ltr'>ἐμοῦ.</span> <span class='ocrx_word' id='word_1_563' title='bbox 657 2088 682 2114; x_wconf 84' lang='grc' dir='ltr'><strong>οί</strong></span> <span class='ocrx_word' id='word_1_564' title='bbox 704 2096 824 2123; x_wconf 79' lang='grc' dir='ltr'>κατηρα-</span> 
     </span>
    </p>
   </div>
   <div class='ocr_carea' id='block_1_76' title="bbox 26 2132 815 2179">
    <p class='ocr_par' dir='ltr' id='par_1_76' title="bbox 26 2132 810 2168">
     <span class='ocr_line' id='line_1_76' title="bbox 26 2132 810 2168; baseline 0 -9"><span class='ocrx_word' id='word_1_565' title='bbox 26 2134 124 2168; x_wconf 78' lang='grc' dir='ltr'>μένοι,</span> <span class='ocrx_word' id='word_1_566' title='bbox 139 2132 179 2164; x_wconf 85' lang='grc' dir='ltr'><strong>εἱς</strong></span> <span class='ocrx_word' id='word_1_567' title='bbox 192 2133 222 2159; x_wconf 77' lang='grc' dir='ltr'><strong>τὸ</strong></span> <span class='ocrx_word' id='word_1_568' title='bbox 239 2133 293 2168; x_wconf 82' lang='grc' dir='ltr'><strong>πῦρ</strong></span> <span class='ocrx_word' id='word_1_569' title='bbox 310 2133 339 2159; x_wconf 65' lang='grc' dir='ltr'>τὸ</span> <span class='ocrx_word' id='word_1_570' title='bbox 351 2133 459 2159; x_wconf 70' lang='grc' dir='ltr'>αἰώνιον</span> <span class='ocrx_word' id='word_1_571' title='bbox 473 2142 479 2148; x_wconf 81' lang='grc'><strong>”</strong></span> <span class='ocrx_word' id='word_1_572' title='bbox 497 2142 506 2158; x_wconf 76' lang='grc' dir='ltr'><strong>ι</strong></span> <span class='ocrx_word' id='word_1_573' title='bbox 524 2134 580 2164; x_wconf 87' lang='grc' dir='ltr'>τοῖς</span> <span class='ocrx_word' id='word_1_574' title='bbox 607 2134 634 2160; x_wconf 85' lang='grc' dir='ltr'>δὲ</span> <span class='ocrx_word' id='word_1_575' title='bbox 654 2133 703 2168; x_wconf 79' lang='grc' dir='ltr'>τῆς</span> <span class='ocrx_word' id='word_1_576' title='bbox 720 2135 759 2165; x_wconf 84' lang='grc' dir='ltr'><strong>εἰς</strong></span> <span class='ocrx_word' id='word_1_577' title='bbox 776 2134 810 2159; x_wconf 82' lang='grc' dir='ltr'>αὑ</span> 
     </span>
    </p>
   </div>
   <div class='ocr_carea' id='block_1_77' title="bbox 882 2132 1232 2179">
    <p class='ocr_par' dir='ltr' id='par_1_77' title="bbox 882 2132 1232 2159">
     <span class='ocr_line' id='line_1_77' title="bbox 882 2132 1232 2159; baseline 0.003 -2"><span class='ocrx_word' id='word_1_578' title='bbox 882 2132 942 2158; x_wconf 79' lang='lat' dir='ltr'><strong>tutis</strong></span> <span class='ocrx_word' id='word_1_579' title='bbox 964 2138 1028 2158; x_wconf 71' lang='lat' dir='ltr'><strong>vero</strong></span> <span class='ocrx_word' id='word_1_580' title='bbox 1051 2132 1200 2159; x_wconf 81' lang='lat' dir='ltr'><strong>cultoribus</strong></span> <span class='ocrx_word' id='word_1_581' title='bbox 1224 2138 1232 2158; x_wconf 87' lang='lat'><strong>:</strong></span> 
     </span>
    </p>
   </div>
   <div class='ocr_carea' id='block_1_78' title="bbox 24 2176 824 2214">
    <p class='ocr_par' dir='ltr' id='par_1_78' title="bbox 24 2176 824 2214">
     <span class='ocr_line' id='line_1_78' title="bbox 24 2176 824 2214; baseline 0.001 -10"><span class='ocrx_word' id='word_1_582' title='bbox 24 2179 72 2205; x_wconf 70' lang='grc' dir='ltr'><strong>τὸν</strong></span> <span class='ocrx_word' id='word_1_583' title='bbox 92 2177 239 2209; x_wconf 71' lang='grc' dir='ltr'>εὐσεϐείας</span> <span class='ocrx_word' id='word_1_584' title='bbox 251 2179 389 2213; x_wconf 63' lang='grc' dir='ltr'>ἐργάταις</span> <span class='ocrx_word' id='word_1_585' title='bbox 409 2188 416 2203; x_wconf 82' lang='grc' dir='ltr'><strong>ι</strong></span> <span class='ocrx_word' id='word_1_586' title='bbox 433 2178 527 2210; x_wconf 83' lang='grc' dir='ltr'>Δεῦτε,</span> <span class='ocrx_word' id='word_1_587' title='bbox 544 2179 568 2205; x_wconf 88' lang='grc' dir='ltr'><strong>οί</strong></span> <span class='ocrx_word' id='word_1_588' title='bbox 583 2179 760 2214; x_wconf 81' lang='grc' dir='ltr'>εὐλογημένοι</span> <span class='ocrx_word' id='word_1_589' title='bbox 779 2176 824 2205; x_wconf 66' lang='grc' dir='ltr'><strong>τοῦ</strong></span> 
     </span>
    </p>
   </div>
   <div class='ocr_carea' id='block_1_79' title="bbox 24 2225 443 2261">
    <p class='ocr_par' dir='ltr' id='par_1_79' title="bbox 24 2225 443 2261">
     <span class='ocr_line' id='line_1_79' title="bbox 24 2225 443 2261; baseline -0.002 -9"><span class='ocrx_word' id='word_1_590' title='bbox 24 2225 143 2261; x_wconf 73' lang='grc' dir='ltr'>Πατρός</span> <span class='ocrx_word' id='word_1_591' title='bbox 156 2234 217 2260; x_wconf 74' lang='grc' dir='ltr'>μου,</span> <span class='ocrx_word' id='word_1_592' title='bbox 239 2235 250 2252; x_wconf 69' lang='grc' dir='ltr'><strong>ι</strong></span> <span class='ocrx_word' id='word_1_593' title='bbox 271 2225 316 2251; x_wconf 76' lang='grc' dir='ltr'>καὶ</span> <span class='ocrx_word' id='word_1_594' title='bbox 327 2225 361 2252; x_wconf 78' lang='grc' dir='ltr'><strong>τὰ</strong></span> <span class='ocrx_word' id='word_1_595' title='bbox 372 2226 443 2261; x_wconf 78' lang='grc' dir='ltr'><strong>ἑξῆς.</strong></span> 
     </span>
    </p>
   </div>
   <div class='ocr_carea' id='block_1_80' title="bbox 60 2272 826 2312">
    <p class='ocr_par' dir='ltr' id='par_1_80' title="bbox 60 2272 826 2312">
     <span class='ocr_line' id='line_1_80' title="bbox 60 2272 826 2312; baseline -0.003 -9"><span class='ocrx_word' id='word_1_596' title='bbox 60 2277 131 2306; x_wconf 74' lang='grc' dir='ltr'>Τοῖς</span> <span class='ocrx_word' id='word_1_597' title='bbox 141 2276 342 2311; x_wconf 75' lang='grc' dir='ltr'>δικαιουμένοις</span> <span class='ocrx_word' id='word_1_598' title='bbox 356 2275 400 2302; x_wconf 74' lang='grc' dir='ltr'><strong>διὰ</strong></span> <span class='ocrx_word' id='word_1_599' title='bbox 415 2277 463 2312; x_wconf 82' lang='grc' dir='ltr'>τῆς</span> <span class='ocrx_word' id='word_1_600' title='bbox 472 2272 646 2309; x_wconf 66' lang='grc' dir='ltr'>πίπεωςτῆς</span> <span class='ocrx_word' id='word_1_601' title='bbox 657 2276 696 2306; x_wconf 81' lang='grc' dir='ltr'><strong>είς</strong></span> <span class='ocrx_word' id='word_1_602' title='bbox 710 2273 826 2311; x_wconf 73' lang='grc' dir='ltr'>Χριστιν</span> 
     </span>
    </p>
   </div>
   <div class='ocr_carea' id='block_1_81' title="bbox 23 2320 828 2358">
    <p class='ocr_par' dir='ltr' id='par_1_81' title="bbox 23 2320 828 2358">
     <span class='ocr_line' id='line_1_81' title="bbox 23 2320 828 2358; baseline -0.004 -8"><span class='ocrx_word' id='word_1_603' title='bbox 23 2322 224 2358; x_wconf 62' lang='grc' dir='ltr'>πηνα-γορεύων</span> <span class='ocrx_word' id='word_1_604' title='bbox 231 2320 335 2354; x_wconf 80' lang='grc' dir='ltr'>Παῦλός</span> <span class='ocrx_word' id='word_1_605' title='bbox 352 2331 418 2358; x_wconf 75' lang='grc' dir='ltr'>φησι</span> <span class='ocrx_word' id='word_1_606' title='bbox 432 2331 438 2338; x_wconf 90' lang='grc'>·</span> <span class='ocrx_word' id='word_1_607' title='bbox 450 2332 459 2347; x_wconf 78' lang='grc' dir='ltr'><strong>ι</strong></span> <span class='ocrx_word' id='word_1_608' title='bbox 469 2321 639 2356; x_wconf 70' lang='grc' dir='ltr'>Λογιζόμεθα</span> <span class='ocrx_word' id='word_1_609' title='bbox 645 2322 699 2357; x_wconf 84' lang='grc' dir='ltr'>γὰρ</span> <span class='ocrx_word' id='word_1_610' title='bbox 710 2321 828 2348; x_wconf 83' lang='grc' dir='ltr'>δικαιοῦ-</span> 
     </span>
    </p>
   </div>
   <div class='ocr_carea' id='block_1_82' title="bbox 23 2367 829 2404">
    <p class='ocr_par' dir='ltr' id='par_1_82' title="bbox 23 2367 829 2404">
     <span class='ocr_line' id='line_1_82' title="bbox 23 2367 829 2404; baseline -0.005 -7"><span class='ocrx_word' id='word_1_611' title='bbox 23 2371 91 2397; x_wconf 80' lang='grc' dir='ltr'>σΘαι</span> <span class='ocrx_word' id='word_1_612' title='bbox 109 2369 253 2404; x_wconf 76' lang='grc' dir='ltr'>ἄνθρωπον</span> <span class='ocrx_word' id='word_1_613' title='bbox 265 2369 348 2404; x_wconf 70' lang='grc' dir='ltr'>χωρὶς</span> <span class='ocrx_word' id='word_1_614' title='bbox 363 2368 451 2404; x_wconf 79' lang='grc' dir='ltr'>ἔργων</span> <span class='ocrx_word' id='word_1_615' title='bbox 476 2367 558 2403; x_wconf 86' lang='grc' dir='ltr'>νόμου</span> <span class='ocrx_word' id='word_1_616' title='bbox 571 2375 578 2384; x_wconf 74' lang='grc' dir='ltr'><strong><em>ο</em></strong></span> <span class='ocrx_word' id='word_1_617' title='bbox 607 2367 623 2402; x_wconf 86' lang='grc' dir='ltr'><strong>ἢ</strong></span> <span class='ocrx_word' id='word_1_618' title='bbox 657 2367 790 2393; x_wconf 78' lang='grc' dir='ltr'>Ἰουδαίων</span> <span class='ocrx_word' id='word_1_619' title='bbox 814 2368 829 2393; x_wconf 87' lang='grc' dir='ltr'><strong>ὀ</strong></span> 
     </span>
    </p>
   </div>
   <div class='ocr_carea' id='block_1_83' title="bbox 24 2413 828 2450">
    <p class='ocr_par' dir='ltr' id='par_1_83' title="bbox 24 2413 828 2450">
     <span class='ocr_line' id='line_1_83' title="bbox 24 2413 828 2450; baseline -0.004 -8"><span class='ocrx_word' id='word_1_620' title='bbox 24 2416 98 2448; x_wconf 73' lang='grc' dir='ltr'>Θεὸς</span> <span class='ocrx_word' id='word_1_621' title='bbox 116 2416 217 2450; x_wconf 86' lang='grc' dir='ltr'>μόνων,</span> <span class='ocrx_word' id='word_1_622' title='bbox 229 2415 291 2450; x_wconf 77' lang='grc' dir='ltr'><strong>οὐχὶ</strong></span> <span class='ocrx_word' id='word_1_623' title='bbox 306 2415 354 2441; x_wconf 79' lang='grc' dir='ltr'>καὶ</span> <span class='ocrx_word' id='word_1_624' title='bbox 375 2414 479 2447; x_wconf 84' lang='grc' dir='ltr'>ὲθνῶν;</span> <span class='ocrx_word' id='word_1_625' title='bbox 502 2414 547 2441; x_wconf 81' lang='grc' dir='ltr'>ναὶ</span> <span class='ocrx_word' id='word_1_626' title='bbox 561 2413 608 2440; x_wconf 75' lang='grc' dir='ltr'>καὶ</span> <span class='ocrx_word' id='word_1_627' title='bbox 629 2413 724 2440; x_wconf 80' lang='grc' dir='ltr'>ὲθνῶν.</span> <span class='ocrx_word' id='word_1_628' title='bbox 742 2414 828 2448; x_wconf 81' lang='grc' dir='ltr'>Εἴπερ</span> 
     </span>
    </p>
   </div>
   <div class='ocr_carea' id='block_1_84' title="bbox 23 2459 830 2496">
    <p class='ocr_par' dir='ltr' id='par_1_84' title="bbox 23 2459 830 2496">
     <span class='ocr_line' id='line_1_84' title="bbox 23 2459 830 2496; baseline -0.005 -8"><span class='ocrx_word' id='word_1_629' title='bbox 23 2459 68 2494; x_wconf 65' lang='grc' dir='ltr'>εἷς</span> <span class='ocrx_word' id='word_1_630' title='bbox 86 2461 156 2493; x_wconf 70' lang='grc' dir='ltr'>Θεὸς</span> <span class='ocrx_word' id='word_1_631' title='bbox 182 2460 211 2492; x_wconf 81' lang='grc' dir='ltr'>ὃς</span> <span class='ocrx_word' id='word_1_632' title='bbox 234 2459 374 2487; x_wconf 87' lang='grc' dir='ltr'>δικαιώσει</span> <span class='ocrx_word' id='word_1_633' title='bbox 405 2459 556 2496; x_wconf 82' lang='grc' dir='ltr'>περιτομὴν</span> <span class='ocrx_word' id='word_1_634' title='bbox 581 2459 613 2486; x_wconf 87' lang='grc' dir='ltr'>ὲκ</span> <span class='ocrx_word' id='word_1_635' title='bbox 638 2459 766 2490; x_wconf 83' lang='grc' dir='ltr'>πίστεως.</span> <span class='ocrx_word' id='word_1_636' title='bbox 783 2459 830 2485; x_wconf 73' lang='grc' dir='ltr'>καὶ</span> 
     </span>
    </p>
   </div>
   <div class='ocr_carea' id='block_1_85' title="bbox 24 2505 829 2544">
    <p class='ocr_par' dir='ltr' id='par_1_85' title="bbox 24 2505 829 2544">
     <span class='ocr_line' id='line_1_85' title="bbox 24 2505 829 2544; baseline -0.005 -10"><span class='ocrx_word' id='word_1_637' title='bbox 24 2507 220 2544; x_wconf 70' lang='grc' dir='ltr'>ἀκροϐυστίαν</span> <span class='ocrx_word' id='word_1_638' title='bbox 233 2506 278 2533; x_wconf 83' lang='grc' dir='ltr'><strong>διὰ</strong></span> <span class='ocrx_word' id='word_1_639' title='bbox 288 2506 337 2542; x_wconf 85' lang='grc' dir='ltr'>τῆς</span> <span class='ocrx_word' id='word_1_640' title='bbox 347 2505 475 2537; x_wconf 83' lang='grc' dir='ltr'>πίστεως.</span> <span class='ocrx_word' id='word_1_641' title='bbox 495 2515 505 2532; x_wconf 74' lang='grc' dir='ltr'><strong>ι</strong></span> <span class='ocrx_word' id='word_1_642' title='bbox 524 2505 608 2532; x_wconf 76' lang='grc' dir='ltr'>Τοῦτο</span> <span class='ocrx_word' id='word_1_643' title='bbox 624 2505 750 2531; x_wconf 78' lang='grc' dir='ltr'>ποιοῦντα</span> <span class='ocrx_word' id='word_1_644' title='bbox 761 2505 829 2540; x_wconf 83' lang='grc' dir='ltr'>Χρι-</span> 
     </span>
    </p>
   </div>
   <div class='ocr_carea' id='block_1_86' title="bbox 25 2551 830 2588">
    <p class='ocr_par' dir='ltr' id='par_1_86' title="bbox 25 2551 830 2588">
     <span class='ocr_line' id='line_1_86' title="bbox 25 2551 830 2588; baseline -0.006 -7"><span class='ocrx_word' id='word_1_645' title='bbox 25 2555 97 2581; x_wconf 60' lang='lat' dir='ltr'><strong>arb)</strong></span> <span class='ocrx_word' id='word_1_646' title='bbox 110 2553 288 2588; x_wconf 79' lang='grc' dir='ltr'>εὑρίσκομεν.</span> <span class='ocrx_word' id='word_1_647' title='bbox 305 2551 432 2578; x_wconf 83' lang='grc' dir='ltr'>Δικαιοῦν</span> <span class='ocrx_word' id='word_1_648' title='bbox 458 2551 514 2585; x_wconf 81' lang='grc' dir='ltr'><strong>γὰρ</strong></span> <span class='ocrx_word' id='word_1_649' title='bbox 540 2551 754 2586; x_wconf 77' lang='grc' dir='ltr'>ὑπισχνούμενος</span> <span class='ocrx_word' id='word_1_650' title='bbox 768 2551 830 2582; x_wconf 68' lang='grc' dir='ltr'>τοὺς</span> 
     </span>
    </p>
   </div>
   <div class='ocr_carea' id='block_1_87' title="bbox 24 2596 829 2632">
    <p class='ocr_par' dir='ltr' id='par_1_87' title="bbox 24 2596 829 2632">
     <span class='ocr_line' id='line_1_87' title="bbox 24 2596 829 2632; baseline -0.007 -5"><span class='ocrx_word' id='word_1_651' title='bbox 24 2598 216 2630; x_wconf 79' lang='grc' dir='ltr'>πιστεύοντας</span> <span class='ocrx_word' id='word_1_652' title='bbox 234 2599 275 2630; x_wconf 80' lang='grc' dir='ltr'><strong>εἰς</strong></span> <span class='ocrx_word' id='word_1_653' title='bbox 292 2597 384 2630; x_wconf 69' lang='grc' dir='ltr'>αὐτὸν,</span> <span class='ocrx_word' id='word_1_654' title='bbox 413 2607 422 2622; x_wconf 86' lang='grc' dir='ltr'><strong>ι</strong></span> <span class='ocrx_word' id='word_1_655' title='bbox 448 2597 544 2632; x_wconf 78' lang='grc' dir='ltr'>Ἀμὴν,</span> <span class='ocrx_word' id='word_1_656' title='bbox 564 2597 639 2631; x_wconf 71' lang='grc' dir='ltr'>φησι,</span> <span class='ocrx_word' id='word_1_657' title='bbox 659 2596 730 2630; x_wconf 76' lang='grc' dir='ltr'>λέγω</span> <span class='ocrx_word' id='word_1_658' title='bbox 756 2596 829 2630; x_wconf 73' lang='grc' dir='ltr'>ὑμῖν·</span> 
     </span>
    </p>
   </div>
   <div class='ocr_carea' id='block_1_88' title="bbox 24 2641 830 2679">
    <p class='ocr_par' dir='ltr' id='par_1_88' title="bbox 24 2641 830 2679">
     <span class='ocr_line' id='line_1_88' title="bbox 24 2641 830 2679; baseline -0.007 -6"><span class='ocrx_word' id='word_1_659' title='bbox 24 2648 40 2674; x_wconf 80' lang='grc' dir='ltr'>ὁ</span> <span class='ocrx_word' id='word_1_660' title='bbox 57 2646 201 2673; x_wconf 73' lang='grc' dir='ltr'>πιστεύων</span> <span class='ocrx_word' id='word_1_661' title='bbox 216 2646 256 2677; x_wconf 89' lang='grc' dir='ltr'><strong>είς</strong></span> <span class='ocrx_word' id='word_1_662' title='bbox 268 2645 329 2679; x_wconf 80' lang='grc' dir='ltr'>ἐμὲ,</span> <span class='ocrx_word' id='word_1_663' title='bbox 343 2645 374 2670; x_wconf 84' lang='grc' dir='ltr'>οὐ</span> <span class='ocrx_word' id='word_1_664' title='bbox 388 2643 522 2678; x_wconf 83' lang='grc' dir='ltr'>κρίνεται,</span> <span class='ocrx_word' id='word_1_665' title='bbox 539 2642 596 2668; x_wconf 77' lang='grc' dir='ltr'><strong>ἀλλ’</strong></span> <span class='ocrx_word' id='word_1_666' title='bbox 607 2642 664 2677; x_wconf 74' lang='grc' dir='ltr'>ἔχει</span> <span class='ocrx_word' id='word_1_667' title='bbox 677 2642 749 2676; x_wconf 72' lang='grc' dir='ltr'>ζωὴν</span> <span class='ocrx_word' id='word_1_668' title='bbox 764 2641 830 2668; x_wconf 80' lang='grc' dir='ltr'><strong>αἱὼ-</strong></span> 
     </span>
    </p>
   </div>
   <div class='ocr_carea' id='block_1_89' title="bbox 25 2687 832 2727">
    <p class='ocr_par' dir='ltr' id='par_1_89' title="bbox 25 2687 832 2727">
     <span class='ocr_line' id='line_1_89' title="bbox 25 2687 832 2727; baseline -0.007 -8"><span class='ocrx_word' id='word_1_669' title='bbox 25 2701 106 2720; x_wconf 73' lang='grc' dir='ltr'>νιον.</span> <span class='ocrx_word' id='word_1_670' title='bbox 120 2701 130 2718; x_wconf 72' lang='grc' dir='ltr'><strong>ι</strong></span> <span class='ocrx_word' id='word_1_671' title='bbox 147 2692 179 2720; x_wconf 84' lang='grc' dir='ltr'>Εἰ</span> <span class='ocrx_word' id='word_1_672' title='bbox 199 2692 228 2718; x_wconf 80' lang='grc' dir='ltr'>δὲ</span> <span class='ocrx_word' id='word_1_673' title='bbox 244 2691 344 2727; x_wconf 79' lang='grc' dir='ltr'>πρέπει</span> <span class='ocrx_word' id='word_1_674' title='bbox 364 2690 436 2724; x_wconf 75' lang='grc' dir='ltr'>μόνῳ</span> <span class='ocrx_word' id='word_1_675' title='bbox 453 2689 482 2716; x_wconf 82' lang='grc' dir='ltr'>τὸ</span> <span class='ocrx_word' id='word_1_676' title='bbox 507 2688 628 2715; x_wconf 74' lang='grc' dir='ltr'>δικαιοῦν</span> <span class='ocrx_word' id='word_1_677' title='bbox 647 2687 686 2722; x_wconf 79' lang='grc' dir='ltr'>τῷ</span> <span class='ocrx_word' id='word_1_678' title='bbox 702 2687 777 2722; x_wconf 76' lang='grc' dir='ltr'>Θεῷ,</span> <span class='ocrx_word' id='word_1_679' title='bbox 793 2687 832 2714; x_wconf 79' lang='grc' dir='ltr'>δι-</span> 
     </span>
    </p>
   </div>
   <div class='ocr_carea' id='block_1_90' title="bbox 73 2793 887 2827">
    <p class='ocr_par' dir='ltr' id='par_1_90' title="bbox 73 2793 887 2827">
     <span class='ocr_line' id='line_1_90' title="bbox 73 2793 887 2827; baseline -0.005 -3"><span class='ocrx_word' id='word_1_680' title='bbox 73 2800 83 2813; x_wconf 84' lang='grc'>¹</span> <span class='ocrx_word' id='word_1_681' title='bbox 107 2806 190 2824; x_wconf 69' lang='grc' dir='ltr'>δυτιη.</span> <span class='ocrx_word' id='word_1_682' title='bbox 216 2797 320 2827; x_wconf 69' lang='lat' dir='ltr'><strong>xvn,5.</strong></span> <span class='ocrx_word' id='word_1_683' title='bbox 359 2798 368 2813; x_wconf 85' lang='grc'>¹</span> <span class='ocrx_word' id='word_1_684' title='bbox 387 2797 466 2824; x_wconf 69' lang='lat' dir='ltr'><strong>Rom.</strong></span> <span class='ocrx_word' id='word_1_685' title='bbox 485 2804 515 2826; x_wconf 87' lang='lat' dir='ltr'><strong>It,</strong></span> <span class='ocrx_word' id='word_1_686' title='bbox 534 2795 561 2826; x_wconf 86' lang='lat'><strong>5,</strong></span> <span class='ocrx_word' id='word_1_687' title='bbox 583 2795 609 2821; x_wconf 82' lang='grc' dir='ltr'><strong>ϋ.</strong></span> <span class='ocrx_word' id='word_1_688' title='bbox 648 2793 691 2820; x_wconf 68' lang='grc' dir='ltr'>ἰι</span> <span class='ocrx_word' id='word_1_689' title='bbox 713 2795 776 2821; x_wconf 69' lang='lat' dir='ltr'><strong>Lor.</strong></span> <span class='ocrx_word' id='word_1_690' title='bbox 807 2802 830 2824; x_wconf 88' lang='grc' dir='ltr'><strong>ν,</strong></span> <span class='ocrx_word' id='word_1_691' title='bbox 849 2794 887 2820; x_wconf 81' lang='grc' dir='ltr'>ιυ.</span> 
     </span>
    </p>
   </div>
   <div class='ocr_carea' id='block_1_91' title="bbox 27 2829 685 2863">
    <p class='ocr_par' dir='ltr' id='par_1_91' title="bbox 27 2829 685 2863">
     <span class='ocr_line' id='line_1_91' title="bbox 27 2829 685 2863; baseline -0.006 -4"><span class='ocrx_word' id='word_1_692' title='bbox 27 2833 38 2849; x_wconf 82' lang='grc'><strong>⁷</strong></span> <span class='ocrx_word' id='word_1_693' title='bbox 55 2832 142 2859; x_wconf 78' lang='lat' dir='ltr'><strong>Ront.</strong></span> <span class='ocrx_word' id='word_1_694' title='bbox 157 2841 197 2863; x_wconf 77' lang='lat' dir='ltr'><strong>Ill.</strong></span> <span class='ocrx_word' id='word_1_695' title='bbox 219 2833 312 2860; x_wconf 62' lang='grc' dir='ltr'><strong>τιὸ-50.</strong></span> <span class='ocrx_word' id='word_1_696' title='bbox 350 2833 360 2848; x_wconf 84' lang='grc'><strong><em>⁸</em></strong></span> <span class='ocrx_word' id='word_1_697' title='bbox 371 2833 448 2860; x_wconf 82' lang='lat' dir='ltr'><strong>.loan.</strong></span> <span class='ocrx_word' id='word_1_698' title='bbox 463 2840 503 2863; x_wconf 80' lang='grc' dir='ltr'>ιιι,</span> <span class='ocrx_word' id='word_1_699' title='bbox 524 2831 572 2861; x_wconf 72' lang='lat' dir='ltr'><strong>l8;</strong></span> <span class='ocrx_word' id='word_1_700' title='bbox 593 2829 685 2858; x_wconf 53' lang='lat' dir='ltr'><strong>V1.47.</strong></span> 
     </span>
    </p>
   </div>
   <div class='ocr_carea' id='block_1_92' title="bbox 873 1537 1660 1573">
    <p class='ocr_par' dir='ltr' id='par_1_92' title="bbox 873 1537 1660 1573">
     <span class='ocr_line' id='line_1_92' title="bbox 873 1537 1660 1573; baseline 0.003 -9"><span class='ocrx_word' id='word_1_701' title='bbox 873 1537 935 1564; x_wconf 86' lang='lat' dir='ltr'><strong>dicii</strong></span> <span class='ocrx_word' id='word_1_702' title='bbox 963 1537 1025 1570; x_wconf 85' lang='lat' dir='ltr'><strong>Dei,</strong></span> <span class='ocrx_word' id='word_1_703' title='bbox 1152 1537 1199 1572; x_wconf 90' lang='lat' dir='ltr'><strong>qui</strong></span> <span class='ocrx_word' id='word_1_704' title='bbox 1222 1537 1354 1566; x_wconf 80' lang='lat' dir='ltr'><strong>retribuet</strong></span> <span class='ocrx_word' id='word_1_705' title='bbox 1375 1537 1488 1573; x_wconf 73' lang='lat' dir='ltr'><strong>singulis</strong></span> <span class='ocrx_word' id='word_1_706' title='bbox 1511 1538 1660 1566; x_wconf 80' lang='lat' dir='ltr'><strong>secundum</strong></span> 
     </span>
    </p>
   </div>
   <div class='ocr_carea' id='block_1_93' title="bbox 873 1581 1662 1618">
    <p class='ocr_par' dir='ltr' id='par_1_93' title="bbox 873 1581 1662 1618">
     <span class='ocr_line' id='line_1_93' title="bbox 873 1581 1662 1618; baseline 0.001 -9"><span class='ocrx_word' id='word_1_707' title='bbox 873 1589 955 1617; x_wconf 88' lang='lat' dir='ltr'><strong>opera</strong></span> <span class='ocrx_word' id='word_1_708' title='bbox 971 1583 1090 1616; x_wconf 85' lang='lat' dir='ltr'><strong>ipsorum</strong></span> <span class='ocrx_word' id='word_1_709' title='bbox 1109 1585 1149 1610; x_wconf 75' lang='grc'><strong>³.)</strong></span> <span class='ocrx_word' id='word_1_710' title='bbox 1166 1582 1283 1609; x_wconf 80' lang='lat' dir='ltr'><strong>Rursum</strong></span> <span class='ocrx_word' id='word_1_711' title='bbox 1295 1582 1372 1610; x_wconf 87' lang='lat' dir='ltr'><strong>aliis:</strong></span> <span class='ocrx_word' id='word_1_712' title='bbox 1385 1591 1394 1608; x_wconf 80' lang='grc' dir='ltr'><strong>ι</strong></span> <span class='ocrx_word' id='word_1_713' title='bbox 1404 1581 1505 1610; x_wconf 80' lang='lat' dir='ltr'><strong>Omnes</strong></span> <span class='ocrx_word' id='word_1_714' title='bbox 1519 1590 1568 1610; x_wconf 91' lang='lat' dir='ltr'><strong>nos</strong></span> <span class='ocrx_word' id='word_1_715' title='bbox 1581 1590 1662 1618; x_wconf 89' lang='lat' dir='ltr'><strong>opor-</strong></span> 
     </span>
    </p>
   </div>
   <div class='ocr_carea' id='block_1_94' title="bbox 875 1627 1663 1664">
    <p class='ocr_par' dir='ltr' id='par_1_94' title="bbox 875 1627 1663 1664">
     <span class='ocr_line' id='line_1_94' title="bbox 875 1627 1663 1664; baseline 0.003 -10"><span class='ocrx_word' id='word_1_716' title='bbox 875 1633 912 1654; x_wconf 88' lang='lat' dir='ltr'><strong>tet</strong></span> <span class='ocrx_word' id='word_1_717' title='bbox 925 1627 1092 1655; x_wconf 81' lang='lat' dir='ltr'><strong>manifestari</strong></span> <span class='ocrx_word' id='word_1_718' title='bbox 1107 1635 1199 1655; x_wconf 87' lang='lat' dir='ltr'><strong>coram</strong></span> <span class='ocrx_word' id='word_1_719' title='bbox 1213 1627 1332 1661; x_wconf 82' lang='lat' dir='ltr'><strong>Christo,</strong></span> <span class='ocrx_word' id='word_1_720' title='bbox 1347 1632 1377 1655; x_wconf 90' lang='lat' dir='ltr'><strong>ut</strong></span> <span class='ocrx_word' id='word_1_721' title='bbox 1391 1629 1575 1664; x_wconf 80' lang='lat' dir='ltr'><strong>unusquisque</strong></span> <span class='ocrx_word' id='word_1_722' title='bbox 1589 1629 1663 1656; x_wconf 87' lang='lat' dir='ltr'><strong>acci-</strong></span> 
     </span>
    </p>
   </div>
   <div class='ocr_carea' id='block_1_95' title="bbox 874 1674 1661 1709">
    <p class='ocr_par' dir='ltr' id='par_1_95' title="bbox 874 1674 1661 1709">
     <span class='ocr_line' id='line_1_95' title="bbox 874 1674 1661 1709; baseline 0.001 -8"><span class='ocrx_word' id='word_1_723' title='bbox 874 1675 930 1709; x_wconf 82' lang='lat' dir='ltr'><strong>piat</strong></span> <span class='ocrx_word' id='word_1_724' title='bbox 950 1674 1058 1709; x_wconf 85' lang='lat' dir='ltr'><strong>propria</strong></span> <span class='ocrx_word' id='word_1_725' title='bbox 1081 1674 1220 1708; x_wconf 80' lang='lat' dir='ltr'><strong>corporis,</strong></span> <span class='ocrx_word' id='word_1_726' title='bbox 1240 1678 1321 1709; x_wconf 89' lang='lat' dir='ltr'><strong>prout</strong></span> <span class='ocrx_word' id='word_1_727' title='bbox 1343 1675 1444 1709; x_wconf 74' lang='lat' dir='ltr'><strong>gessit,</strong></span> <span class='ocrx_word' id='word_1_728' title='bbox 1463 1675 1520 1702; x_wconf 82' lang='lat' dir='ltr'><strong>sive</strong></span> <span class='ocrx_word' id='word_1_729' title='bbox 1542 1675 1661 1707; x_wconf 82' lang='lat' dir='ltr'><strong>bonum.</strong></span> 
     </span>
    </p>
   </div>
   <div class='ocr_carea' id='block_1_96' title="bbox 875 1719 1662 1755">
    <p class='ocr_par' dir='ltr' id='par_1_96' title="bbox 875 1719 1662 1755">
     <span class='ocr_line' id='line_1_96' title="bbox 875 1719 1662 1755; baseline 0.001 -8"><span class='ocrx_word' id='word_1_730' title='bbox 875 1720 931 1747; x_wconf 87' lang='lat' dir='ltr'><strong>sive</strong></span> <span class='ocrx_word' id='word_1_731' title='bbox 952 1720 1050 1746; x_wconf 87' lang='lat' dir='ltr'><strong>malum</strong></span> <span class='ocrx_word' id='word_1_732' title='bbox 1063 1719 1074 1735; x_wconf 87' lang='grc'><strong><em>³</em></strong></span> <span class='ocrx_word' id='word_1_733' title='bbox 1089 1739 1096 1746; x_wconf 93' lang='grc'>.</span> <span class='ocrx_word' id='word_1_734' title='bbox 1117 1729 1127 1746; x_wconf 72' lang='grc' dir='ltr'><strong>ι</strong></span> <span class='ocrx_word' id='word_1_735' title='bbox 1148 1719 1176 1747; x_wconf 88' lang='lat' dir='ltr'><strong>Si</strong></span> <span class='ocrx_word' id='word_1_736' title='bbox 1193 1727 1258 1755; x_wconf 76' lang='lat' dir='ltr'><strong>ergo</strong></span> <span class='ocrx_word' id='word_1_737' title='bbox 1273 1727 1368 1748; x_wconf 90' lang='lat' dir='ltr'><strong>omnes</strong></span> <span class='ocrx_word' id='word_1_738' title='bbox 1385 1720 1514 1748; x_wconf 73' lang='lat' dir='ltr'><strong>sistentur</strong></span> <span class='ocrx_word' id='word_1_739' title='bbox 1529 1726 1592 1748; x_wconf 84' lang='lat' dir='ltr'><strong>ante</strong></span> <span class='ocrx_word' id='word_1_740' title='bbox 1613 1722 1662 1748; x_wconf 87' lang='lat' dir='ltr'><strong>tri-</strong></span> 
     </span>
    </p>
   </div>
   <div class='ocr_carea' id='block_1_97' title="bbox 875 1765 1662 1801">
    <p class='ocr_par' dir='ltr' id='par_1_97' title="bbox 875 1765 1662 1801">
     <span class='ocr_line' id='line_1_97' title="bbox 875 1765 1662 1801; baseline 0.003 -9"><span class='ocrx_word' id='word_1_741' title='bbox 875 1765 955 1793; x_wconf 84' lang='lat' dir='ltr'><strong>bunal</strong></span> <span class='ocrx_word' id='word_1_742' title='bbox 974 1765 1087 1797; x_wconf 86' lang='lat' dir='ltr'><strong>Christi,</strong></span> <span class='ocrx_word' id='word_1_743' title='bbox 1111 1775 1121 1792; x_wconf 81' lang='grc' dir='ltr'><strong>ι</strong></span> <span class='ocrx_word' id='word_1_744' title='bbox 1145 1765 1238 1800; x_wconf 85' lang='lat' dir='ltr'><strong>Neque</strong></span> <span class='ocrx_word' id='word_1_745' title='bbox 1256 1766 1327 1792; x_wconf 88' lang='lat' dir='ltr'><strong>enim</strong></span> <span class='ocrx_word' id='word_1_746' title='bbox 1349 1766 1428 1794; x_wconf 88' lang='lat' dir='ltr'><strong>Pater</strong></span> <span class='ocrx_word' id='word_1_747' title='bbox 1442 1766 1546 1801; x_wconf 86' lang='lat' dir='ltr'><strong>judicat</strong></span> <span class='ocrx_word' id='word_1_748' title='bbox 1566 1774 1662 1801; x_wconf 85' lang='lat' dir='ltr'><strong>quem-</strong></span> 
     </span>
    </p>
   </div>
   <div class='ocr_carea' id='block_1_98' title="bbox 875 1808 1664 1847">
    <p class='ocr_par' dir='ltr' id='par_1_98' title="bbox 875 1808 1664 1847">
     <span class='ocr_line' id='line_1_98' title="bbox 875 1808 1664 1847; baseline 0.001 -9"><span class='ocrx_word' id='word_1_749' title='bbox 875 1819 966 1846; x_wconf 81' lang='lat' dir='ltr'><strong>quam,</strong></span> <span class='ocrx_word' id='word_1_750' title='bbox 988 1811 1034 1839; x_wconf 78' lang='lat' dir='ltr'><strong>sed</strong></span> <span class='ocrx_word' id='word_1_751' title='bbox 1055 1819 1135 1838; x_wconf 91' lang='lat' dir='ltr'><strong>omne</strong></span> <span class='ocrx_word' id='word_1_752' title='bbox 1151 1808 1283 1847; x_wconf 73' lang='lat' dir='ltr'><strong>judicium</strong></span> <span class='ocrx_word' id='word_1_753' title='bbox 1303 1811 1377 1839; x_wconf 87' lang='lat' dir='ltr'><strong>dedit</strong></span> <span class='ocrx_word' id='word_1_754' title='bbox 1397 1811 1476 1843; x_wconf 82' lang='lat' dir='ltr'><strong>Filio.</strong></span> <span class='ocrx_word' id='word_1_755' title='bbox 1495 1817 1522 1839; x_wconf 87' lang='lat' dir='ltr'><strong>et</strong></span> <span class='ocrx_word' id='word_1_756' title='bbox 1545 1812 1602 1846; x_wconf 89' lang='lat' dir='ltr'><strong>ipse</strong></span> <span class='ocrx_word' id='word_1_757' title='bbox 1621 1820 1664 1840; x_wconf 80' lang='lat' dir='ltr'><strong>re-</strong></span> 
     </span>
    </p>
   </div>
   <div class='ocr_carea' id='block_1_99' title="bbox 876 1857 1662 1892">
    <p class='ocr_par' dir='ltr' id='par_1_99' title="bbox 876 1857 1662 1892">
     <span class='ocr_line' id='line_1_99' title="bbox 876 1857 1662 1892; baseline 0.001 -9"><span class='ocrx_word' id='word_1_758' title='bbox 876 1858 978 1884; x_wconf 78' lang='lat' dir='ltr'><strong>tribuet</strong></span> <span class='ocrx_word' id='word_1_759' title='bbox 1001 1857 1146 1892; x_wconf 87' lang='lat' dir='ltr'><strong>unicuique</strong></span> <span class='ocrx_word' id='word_1_760' title='bbox 1167 1857 1314 1884; x_wconf 86' lang='lat' dir='ltr'><strong>secundum</strong></span> <span class='ocrx_word' id='word_1_761' title='bbox 1339 1865 1419 1892; x_wconf 87' lang='lat' dir='ltr'><strong>opera</strong></span> <span class='ocrx_word' id='word_1_762' title='bbox 1446 1857 1566 1892; x_wconf 87' lang='lat' dir='ltr'><strong>ipsorum</strong></span> <span class='ocrx_word' id='word_1_763' title='bbox 1590 1857 1620 1891; x_wconf 67' lang='grc' dir='ltr'><strong>δς</strong></span> <span class='ocrx_word' id='word_1_764' title='bbox 1650 1866 1662 1884; x_wconf 74' lang='grc' dir='ltr'><strong>ι</strong></span> 
     </span>
    </p>
   </div>
   <div class='ocr_carea' id='block_1_100' title="bbox 876 1901 1665 1937">
    <p class='ocr_par' dir='ltr' id='par_1_100' title="bbox 876 1901 1665 1937">
     <span class='ocr_line' id='line_1_100' title="bbox 876 1901 1665 1937; baseline 0 -7"><span class='ocrx_word' id='word_1_765' title='bbox 876 1902 1011 1937; x_wconf 91' lang='lat' dir='ltr'><strong>quomodo</strong></span> <span class='ocrx_word' id='word_1_766' title='bbox 1036 1910 1088 1930; x_wconf 91' lang='lat' dir='ltr'><strong>non</strong></span> <span class='ocrx_word' id='word_1_767' title='bbox 1114 1903 1167 1930; x_wconf 87' lang='lat' dir='ltr'><strong>erit</strong></span> <span class='ocrx_word' id='word_1_768' title='bbox 1192 1903 1352 1930; x_wconf 85' lang='lat' dir='ltr'><strong>naturaliter</strong></span> <span class='ocrx_word' id='word_1_769' title='bbox 1373 1902 1454 1936; x_wconf 69' lang='lat' dir='ltr'><strong>licus,</strong></span> <span class='ocrx_word' id='word_1_770' title='bbox 1478 1910 1538 1930; x_wconf 89' lang='lat' dir='ltr'><strong>cum</strong></span> <span class='ocrx_word' id='word_1_771' title='bbox 1565 1901 1665 1930; x_wconf 84' lang='lat' dir='ltr'><strong>Paulus</strong></span> 
     </span>
    </p>
   </div>
   <div class='ocr_carea' id='block_1_101' title="bbox 875 1948 1666 1984">
    <p class='ocr_par' dir='ltr' id='par_1_101' title="bbox 875 1948 1666 1984">
     <span class='ocr_line' id='line_1_101' title="bbox 875 1948 1666 1984; baseline 0 -9"><span class='ocrx_word' id='word_1_772' title='bbox 875 1950 948 1976; x_wconf 83' lang='lat' dir='ltr'><strong>dicat</strong></span> <span class='ocrx_word' id='word_1_773' title='bbox 969 1949 1163 1976; x_wconf 83' lang='lat' dir='ltr'><strong>revelationem</strong></span> <span class='ocrx_word' id='word_1_774' title='bbox 1182 1948 1247 1982; x_wconf 88' lang='lat' dir='ltr'><strong>justi</strong></span> <span class='ocrx_word' id='word_1_775' title='bbox 1266 1949 1361 1984; x_wconf 89' lang='lat' dir='ltr'><strong>judicii</strong></span> <span class='ocrx_word' id='word_1_776' title='bbox 1384 1949 1431 1976; x_wconf 88' lang='lat' dir='ltr'><strong>Dei</strong></span> <span class='ocrx_word' id='word_1_777' title='bbox 1454 1949 1584 1981; x_wconf 78' lang='lat' dir='ltr'><strong>futuram,</strong></span> <span class='ocrx_word' id='word_1_778' title='bbox 1603 1956 1666 1976; x_wconf 85' lang='lat' dir='ltr'><strong>sen—</strong></span> 
     </span>
    </p>
   </div>
   <div class='ocr_carea' id='block_1_102' title="bbox 877 1994 1666 2030">
    <p class='ocr_par' dir='ltr' id='par_1_102' title="bbox 877 1994 1666 2030">
     <span class='ocr_line' id='line_1_102' title="bbox 877 1994 1666 2030; baseline -0.001 -9"><span class='ocrx_word' id='word_1_779' title='bbox 877 1995 988 2022; x_wconf 84' lang='lat' dir='ltr'><strong>tentiam</strong></span> <span class='ocrx_word' id='word_1_780' title='bbox 1012 1994 1140 2022; x_wconf 88' lang='lat' dir='ltr'><strong>nimirum</strong></span> <span class='ocrx_word' id='word_1_781' title='bbox 1163 2002 1244 2030; x_wconf 87' lang='lat' dir='ltr'><strong>quam</strong></span> <span class='ocrx_word' id='word_1_782' title='bbox 1266 1995 1322 2029; x_wconf 87' lang='lat' dir='ltr'><strong>ipse</strong></span> <span class='ocrx_word' id='word_1_783' title='bbox 1342 1995 1375 2022; x_wconf 86' lang='lat' dir='ltr'><strong>dc</strong></span> <span class='ocrx_word' id='word_1_784' title='bbox 1396 1994 1562 2028; x_wconf 76' lang='lat' dir='ltr'><strong>singulorum</strong></span> <span class='ocrx_word' id='word_1_785' title='bbox 1586 1994 1666 2021; x_wconf 74' lang='lat' dir='ltr'><strong>factis</strong></span> 
     </span>
    </p>
   </div>
   <div class='ocr_carea' id='block_1_103' title="bbox 876 2039 1664 2075">
    <p class='ocr_par' dir='ltr' id='par_1_103' title="bbox 876 2039 1664 2075">
     <span class='ocr_line' id='line_1_103' title="bbox 876 2039 1664 2075; baseline -0.001 -8"><span class='ocrx_word' id='word_1_786' title='bbox 876 2045 918 2068; x_wconf 72' lang='lat' dir='ltr'><strong>Esi.</strong></span> <span class='ocrx_word' id='word_1_787' title='bbox 930 2041 1048 2068; x_wconf 78' lang='lat' dir='ltr'><strong>laturus:</strong></span> <span class='ocrx_word' id='word_1_788' title='bbox 1065 2041 1100 2068; x_wconf 85' lang='lat' dir='ltr'><strong>ita</strong></span> <span class='ocrx_word' id='word_1_789' title='bbox 1113 2046 1142 2068; x_wconf 93' lang='lat' dir='ltr'><strong>ut</strong></span> <span class='ocrx_word' id='word_1_790' title='bbox 1157 2040 1235 2068; x_wconf 89' lang='lat' dir='ltr'><strong>malis</strong></span> <span class='ocrx_word' id='word_1_791' title='bbox 1248 2041 1355 2075; x_wconf 82' lang='lat' dir='ltr'><strong>quidem</strong></span> <span class='ocrx_word' id='word_1_792' title='bbox 1369 2040 1405 2068; x_wconf 89' lang='lat' dir='ltr'><strong>sit</strong></span> <span class='ocrx_word' id='word_1_793' title='bbox 1419 2041 1541 2068; x_wconf 87' lang='lat' dir='ltr'><strong>dicturus</strong></span> <span class='ocrx_word' id='word_1_794' title='bbox 1557 2048 1564 2067; x_wconf 90' lang='lat'><strong>:</strong></span> <span class='ocrx_word' id='word_1_795' title='bbox 1581 2049 1591 2065; x_wconf 83' lang='grc' dir='ltr'><strong>ι</strong></span> <span class='ocrx_word' id='word_1_796' title='bbox 1605 2039 1664 2066; x_wconf 79' lang='lat' dir='ltr'><strong>Dis-</strong></span> 
     </span>
    </p>
   </div>
   <div class='ocr_carea' id='block_1_104' title="bbox 876 2086 1666 2120">
    <p class='ocr_par' dir='ltr' id='par_1_104' title="bbox 876 2086 1666 2120">
     <span class='ocr_line' id='line_1_104' title="bbox 876 2086 1666 2120; baseline 0.001 -9"><span class='ocrx_word' id='word_1_797' title='bbox 876 2086 964 2112; x_wconf 81' lang='lat' dir='ltr'><strong>cedite</strong></span> <span class='ocrx_word' id='word_1_798' title='bbox 978 2094 991 2112; x_wconf 88' lang='lat' dir='ltr'><strong>a</strong></span> <span class='ocrx_word' id='word_1_799' title='bbox 1007 2093 1060 2118; x_wconf 87' lang='lat' dir='ltr'><strong>me,</strong></span> <span class='ocrx_word' id='word_1_800' title='bbox 1082 2086 1229 2118; x_wconf 85' lang='lat' dir='ltr'><strong>maledicti,</strong></span> <span class='ocrx_word' id='word_1_801' title='bbox 1248 2086 1274 2113; x_wconf 90' lang='lat' dir='ltr'><strong>in</strong></span> <span class='ocrx_word' id='word_1_802' title='bbox 1290 2086 1377 2120; x_wconf 76' lang='lat' dir='ltr'><strong>ignem</strong></span> <span class='ocrx_word' id='word_1_803' title='bbox 1393 2090 1523 2112; x_wconf 69' lang='lat' dir='ltr'><strong>aeternum</strong></span> <span class='ocrx_word' id='word_1_804' title='bbox 1542 2087 1571 2117; x_wconf 82' lang='lat'><strong>&#39;;</strong></span> <span class='ocrx_word' id='word_1_805' title='bbox 1587 2094 1596 2110; x_wconf 82' lang='grc' dir='ltr'><strong>ι</strong></span> <span class='ocrx_word' id='word_1_806' title='bbox 1610 2086 1666 2119; x_wconf 89' lang='lat' dir='ltr'><strong>pie-</strong></span> 
     </span>
    </p>
   </div>
   <div class='ocr_carea' id='block_1_105' title="bbox 1259 2130 1667 2164">
    <p class='ocr_par' dir='ltr' id='par_1_105' title="bbox 1259 2130 1667 2164">
     <span class='ocr_line' id='line_1_105' title="bbox 1259 2130 1667 2164; baseline -0.002 -7"><span class='ocrx_word' id='word_1_807' title='bbox 1259 2140 1269 2157; x_wconf 87' lang='grc'><em>‹</em></span> <span class='ocrx_word' id='word_1_808' title='bbox 1292 2131 1401 2164; x_wconf 77' lang='lat' dir='ltr'><strong>Venite,</strong></span> <span class='ocrx_word' id='word_1_809' title='bbox 1421 2130 1554 2158; x_wconf 83' lang='lat' dir='ltr'><strong>benedicti</strong></span> <span class='ocrx_word' id='word_1_810' title='bbox 1577 2130 1667 2157; x_wconf 81' lang='lat' dir='ltr'><strong>Patris</strong></span> 
     </span>
    </p>
   </div>
   <div class='ocr_carea' id='block_1_106' title="bbox 881 2178 1077 2210">
    <p class='ocr_par' dir='ltr' id='par_1_106' title="bbox 881 2178 1077 2210">
     <span class='ocr_line' id='line_1_106' title="bbox 881 2178 1077 2210; baseline 0 -6"><span class='ocrx_word' id='word_1_811' title='bbox 881 2178 930 2205; x_wconf 85' lang='lat' dir='ltr'><strong>mei</strong></span> <span class='ocrx_word' id='word_1_812' title='bbox 955 2181 981 2210; x_wconf 77' lang='grc'>⁸,</span> <span class='ocrx_word' id='word_1_813' title='bbox 998 2188 1008 2204; x_wconf 76' lang='grc' dir='ltr'><strong>ι</strong></span> <span class='ocrx_word' id='word_1_814' title='bbox 1025 2184 1077 2205; x_wconf 86' lang='lat' dir='ltr'><strong>etc.</strong></span> 
     </span>
    </p>
   </div>
   <div class='ocr_carea' id='block_1_107' title="bbox 913 2271 1668 2308">
    <p class='ocr_par' dir='ltr' id='par_1_107' title="bbox 913 2271 1668 2308">
     <span class='ocr_line' id='line_1_107' title="bbox 913 2271 1668 2308; baseline -0.004 -5"><span class='ocrx_word' id='word_1_815' title='bbox 913 2275 1046 2303; x_wconf 70' lang='lat' dir='ltr'><strong>Praeterea</strong></span> <span class='ocrx_word' id='word_1_816' title='bbox 1060 2273 1160 2302; x_wconf 83' lang='lat' dir='ltr'><strong>Paulus</strong></span> <span class='ocrx_word' id='word_1_817' title='bbox 1173 2273 1206 2301; x_wconf 89' lang='lat' dir='ltr'><strong>iis</strong></span> <span class='ocrx_word' id='word_1_818' title='bbox 1220 2273 1265 2308; x_wconf 90' lang='lat' dir='ltr'><strong>qui</strong></span> <span class='ocrx_word' id='word_1_819' title='bbox 1280 2280 1329 2308; x_wconf 83' lang='lat' dir='ltr'><strong>per</strong></span> <span class='ocrx_word' id='word_1_820' title='bbox 1341 2272 1420 2300; x_wconf 78' lang='lat' dir='ltr'><strong>ﬁdem</strong></span> <span class='ocrx_word' id='word_1_821' title='bbox 1435 2272 1461 2300; x_wconf 93' lang='lat' dir='ltr'><strong>in</strong></span> <span class='ocrx_word' id='word_1_822' title='bbox 1473 2272 1612 2300; x_wconf 78' lang='lat' dir='ltr'><strong>Christum</strong></span> <span class='ocrx_word' id='word_1_823' title='bbox 1622 2271 1668 2307; x_wconf 86' lang='lat' dir='ltr'><strong>ju-</strong></span> 
     </span>
    </p>
   </div>
   <div class='ocr_carea' id='block_1_108' title="bbox 878 2317 1669 2355">
    <p class='ocr_par' dir='ltr' id='par_1_108' title="bbox 878 2317 1669 2355">
     <span class='ocr_line' id='line_1_108' title="bbox 878 2317 1669 2355; baseline -0.004 -6"><span class='ocrx_word' id='word_1_824' title='bbox 878 2321 988 2349; x_wconf 85' lang='lat' dir='ltr'><strong>stilicati</strong></span> <span class='ocrx_word' id='word_1_825' title='bbox 1005 2325 1067 2348; x_wconf 85' lang='lat' dir='ltr'><strong>sunt</strong></span> <span class='ocrx_word' id='word_1_826' title='bbox 1085 2320 1284 2355; x_wconf 76' lang='lat' dir='ltr'><strong>patrocinans,:</strong></span> <span class='ocrx_word' id='word_1_827' title='bbox 1304 2328 1313 2344; x_wconf 85' lang='grc' dir='ltr'><strong>ι</strong></span> <span class='ocrx_word' id='word_1_828' title='bbox 1333 2318 1477 2351; x_wconf 83' lang='lat' dir='ltr'><strong>Pulamus,</strong></span> <span class='ocrx_word' id='word_1_829' title='bbox 1495 2318 1599 2352; x_wconf 87' lang='lat' dir='ltr'><strong>inquit,</strong></span> <span class='ocrx_word' id='word_1_830' title='bbox 1617 2317 1669 2346; x_wconf 82' lang='lat' dir='ltr'><strong>ﬁde</strong></span> 
     </span>
    </p>
   </div>
   <div class='ocr_carea' id='block_1_109' title="bbox 876 2363 1668 2402">
    <p class='ocr_par' dir='ltr' id='par_1_109' title="bbox 876 2363 1668 2402">
     <span class='ocr_line' id='line_1_109' title="bbox 876 2363 1668 2402; baseline -0.001 -11"><span class='ocrx_word' id='word_1_831' title='bbox 876 2366 1020 2402; x_wconf 82' lang='lat' dir='ltr'><strong>jnstilicari</strong></span> <span class='ocrx_word' id='word_1_832' title='bbox 1037 2365 1174 2393; x_wconf 84' lang='lat' dir='ltr'><strong>hominem</strong></span> <span class='ocrx_word' id='word_1_833' title='bbox 1189 2365 1248 2392; x_wconf 88' lang='lat' dir='ltr'><strong>sine</strong></span> <span class='ocrx_word' id='word_1_834' title='bbox 1263 2363 1391 2399; x_wconf 86' lang='lat' dir='ltr'><strong>operibus</strong></span> <span class='ocrx_word' id='word_1_835' title='bbox 1405 2363 1472 2399; x_wconf 77' lang='lat' dir='ltr'><strong>legis</strong></span> <span class='ocrx_word' id='word_1_836' title='bbox 1487 2372 1495 2391; x_wconf 87' lang='lat'><strong>:</strong></span> <span class='ocrx_word' id='word_1_837' title='bbox 1511 2371 1544 2391; x_wconf 84' lang='lat' dir='ltr'><strong>an</strong></span> <span class='ocrx_word' id='word_1_838' title='bbox 1559 2363 1668 2391; x_wconf 69' lang='lat' dir='ltr'><strong>Jndmo-</strong></span> 
     </span>
    </p>
   </div>
   <div class='ocr_carea' id='block_1_110' title="bbox 880 2408 1669 2444">
    <p class='ocr_par' dir='ltr' id='par_1_110' title="bbox 880 2408 1669 2444">
     <span class='ocr_line' id='line_1_110' title="bbox 880 2408 1669 2444; baseline -0.005 -5"><span class='ocrx_word' id='word_1_839' title='bbox 880 2420 939 2440; x_wconf 87' lang='lat' dir='ltr'><strong>rum</strong></span> <span class='ocrx_word' id='word_1_840' title='bbox 961 2411 1048 2439; x_wconf 90' lang='lat' dir='ltr'><strong>solum</strong></span> <span class='ocrx_word' id='word_1_841' title='bbox 1068 2416 1110 2438; x_wconf 84' lang='lat' dir='ltr'><strong>est</strong></span> <span class='ocrx_word' id='word_1_842' title='bbox 1133 2409 1215 2441; x_wconf 89' lang='lat' dir='ltr'><strong>Deus,</strong></span> <span class='ocrx_word' id='word_1_843' title='bbox 1236 2417 1290 2436; x_wconf 92' lang='lat' dir='ltr'><strong>non</strong></span> <span class='ocrx_word' id='word_1_844' title='bbox 1313 2413 1402 2436; x_wconf 87' lang='lat' dir='ltr'><strong>autem</strong></span> <span class='ocrx_word' id='word_1_845' title='bbox 1426 2408 1506 2436; x_wconf 80' lang='lat' dir='ltr'><strong>etiam</strong></span> <span class='ocrx_word' id='word_1_846' title='bbox 1530 2408 1669 2444; x_wconf 75' lang='lat' dir='ltr'><strong>gentium?</strong></span> 
     </span>
    </p>
   </div>
   <div class='ocr_carea' id='block_1_111' title="bbox 880 2453 1670 2493">
    <p class='ocr_par' dir='ltr' id='par_1_111' title="bbox 880 2453 1670 2493">
     <span class='ocr_line' id='line_1_111' title="bbox 880 2453 1670 2493; baseline -0.009 -7"><span class='ocrx_word' id='word_1_847' title='bbox 880 2463 954 2486; x_wconf 86' lang='lat' dir='ltr'><strong>certe</strong></span> <span class='ocrx_word' id='word_1_848' title='bbox 969 2461 996 2485; x_wconf 87' lang='lat' dir='ltr'><strong>et</strong></span> <span class='ocrx_word' id='word_1_849' title='bbox 1009 2457 1141 2493; x_wconf 77' lang='lat' dir='ltr'><strong>gentium.</strong></span> <span class='ocrx_word' id='word_1_850' title='bbox 1155 2454 1295 2489; x_wconf 87' lang='lat' dir='ltr'><strong>Siquidem</strong></span> <span class='ocrx_word' id='word_1_851' title='bbox 1309 2461 1379 2482; x_wconf 89' lang='lat' dir='ltr'><strong>unus</strong></span> <span class='ocrx_word' id='word_1_852' title='bbox 1392 2453 1463 2481; x_wconf 87' lang='lat' dir='ltr'><strong>Deus</strong></span> <span class='ocrx_word' id='word_1_853' title='bbox 1478 2454 1523 2489; x_wconf 89' lang='lat' dir='ltr'><strong>qui</strong></span> <span class='ocrx_word' id='word_1_854' title='bbox 1537 2454 1670 2487; x_wconf 42' lang='lat' dir='ltr'><strong>jnstilica‘</strong></span> 
     </span>
    </p>
   </div>
   <div class='ocr_carea' id='block_1_112' title="bbox 880 2500 1669 2535">
    <p class='ocr_par' dir='ltr' id='par_1_112' title="bbox 880 2500 1669 2535">
     <span class='ocr_line' id='line_1_112' title="bbox 880 2500 1669 2535; baseline -0.008 -4"><span class='ocrx_word' id='word_1_855' title='bbox 880 2504 920 2531; x_wconf 92' lang='lat' dir='ltr'><strong>hit</strong></span> <span class='ocrx_word' id='word_1_856' title='bbox 940 2502 1177 2531; x_wconf 90' lang='lat' dir='ltr'><strong>circumcisionem</strong></span> <span class='ocrx_word' id='word_1_857' title='bbox 1196 2507 1231 2529; x_wconf 78' lang='lat' dir='ltr'><strong>ex</strong></span> <span class='ocrx_word' id='word_1_858' title='bbox 1253 2500 1314 2532; x_wconf 80' lang='lat' dir='ltr'><strong>ﬁde,</strong></span> <span class='ocrx_word' id='word_1_859' title='bbox 1335 2503 1363 2527; x_wconf 84' lang='lat' dir='ltr'><strong>et</strong></span> <span class='ocrx_word' id='word_1_860' title='bbox 1384 2500 1544 2535; x_wconf 77' lang='lat' dir='ltr'><strong>praeputium</strong></span> <span class='ocrx_word' id='word_1_861' title='bbox 1568 2507 1616 2532; x_wconf 86' lang='lat' dir='ltr'><strong>per</strong></span> <span class='ocrx_word' id='word_1_862' title='bbox 1636 2501 1669 2526; x_wconf 80' lang='lat' dir='ltr'><strong>ti-</strong></span> 
     </span>
    </p>
   </div>
   <div class='ocr_carea' id='block_1_113' title="bbox 881 2545 1667 2582">
    <p class='ocr_par' dir='ltr' id='par_1_113' title="bbox 881 2545 1667 2582">
     <span class='ocr_line' id='line_1_113' title="bbox 881 2545 1667 2582; baseline -0.008 -4"><span class='ocrx_word' id='word_1_863' title='bbox 881 2551 940 2578; x_wconf 85' lang='lat' dir='ltr'><strong>dem</strong></span> <span class='ocrx_word' id='word_1_864' title='bbox 965 2551 987 2576; x_wconf 77' lang='lat'><strong>&#39;.</strong></span> <span class='ocrx_word' id='word_1_865' title='bbox 1007 2558 1016 2575; x_wconf 71' lang='grc' dir='ltr'><strong>ι</strong></span> <span class='ocrx_word' id='word_1_866' title='bbox 1037 2548 1093 2576; x_wconf 87' lang='lat' dir='ltr'><strong>Hoc</strong></span> <span class='ocrx_word' id='word_1_867' title='bbox 1111 2548 1248 2576; x_wconf 85' lang='lat' dir='ltr'><strong>Christum</strong></span> <span class='ocrx_word' id='word_1_868' title='bbox 1272 2552 1402 2582; x_wconf 65' lang='lat' dir='ltr'><strong>praestare</strong></span> <span class='ocrx_word' id='word_1_869' title='bbox 1422 2546 1582 2574; x_wconf 85' lang='lat' dir='ltr'><strong>invenimus.</strong></span> <span class='ocrx_word' id='word_1_870' title='bbox 1602 2545 1667 2572; x_wconf 87' lang='lat' dir='ltr'><strong>Pro-</strong></span> 
     </span>
    </p>
   </div>
   <div class='ocr_carea' id='block_1_114' title="bbox 882 2592 1669 2628">
    <p class='ocr_par' dir='ltr' id='par_1_114' title="bbox 882 2592 1669 2628">
     <span class='ocr_line' id='line_1_114' title="bbox 882 2592 1669 2628; baseline -0.008 -4"><span class='ocrx_word' id='word_1_871' title='bbox 882 2597 991 2624; x_wconf 86' lang='lat' dir='ltr'><strong>mittens</strong></span> <span class='ocrx_word' id='word_1_872' title='bbox 1016 2595 1088 2623; x_wconf 81' lang='lat' dir='ltr'><strong>enim</strong></span> <span class='ocrx_word' id='word_1_873' title='bbox 1115 2602 1145 2622; x_wconf 89' lang='lat' dir='ltr'><strong>se</strong></span> <span class='ocrx_word' id='word_1_874' title='bbox 1166 2593 1378 2628; x_wconf 78' lang='lat' dir='ltr'><strong>iustiﬁcaturum</strong></span> <span class='ocrx_word' id='word_1_875' title='bbox 1403 2592 1545 2620; x_wconf 78' lang='lat' dir='ltr'><strong>credentes</strong></span> <span class='ocrx_word' id='word_1_876' title='bbox 1570 2592 1596 2618; x_wconf 90' lang='lat' dir='ltr'><strong>in</strong></span> <span class='ocrx_word' id='word_1_877' title='bbox 1622 2599 1669 2622; x_wconf 83' lang='lat' dir='ltr'><strong>se,</strong></span> 
     </span>
    </p>
   </div>
   <div class='ocr_carea' id='block_1_115' title="bbox 883 2636 1670 2677">
    <p class='ocr_par' dir='ltr' id='par_1_115' title="bbox 883 2636 1670 2677">
     <span class='ocr_line' id='line_1_115' title="bbox 883 2636 1670 2677; baseline -0.01 -7"><span class='ocrx_word' id='word_1_878' title='bbox 883 2642 979 2677; x_wconf 86' lang='lat' dir='ltr'><strong>inquit.</strong></span> <span class='ocrx_word' id='word_1_879' title='bbox 997 2651 1006 2668; x_wconf 83' lang='grc' dir='ltr'><strong>ι</strong></span> <span class='ocrx_word' id='word_1_880' title='bbox 1025 2642 1110 2668; x_wconf 78' lang='lat' dir='ltr'><strong>Amen</strong></span> <span class='ocrx_word' id='word_1_881' title='bbox 1127 2641 1186 2667; x_wconf 92' lang='lat' dir='ltr'><strong>dico</strong></span> <span class='ocrx_word' id='word_1_882' title='bbox 1199 2639 1286 2672; x_wconf 81' lang='lat' dir='ltr'><strong>Vobis,</strong></span> <span class='ocrx_word' id='word_1_883' title='bbox 1300 2639 1344 2673; x_wconf 90' lang='lat' dir='ltr'><strong>qui</strong></span> <span class='ocrx_word' id='word_1_884' title='bbox 1361 2638 1448 2666; x_wconf 90' lang='lat' dir='ltr'><strong>credit</strong></span> <span class='ocrx_word' id='word_1_885' title='bbox 1463 2638 1489 2664; x_wconf 93' lang='lat' dir='ltr'><strong>in</strong></span> <span class='ocrx_word' id='word_1_886' title='bbox 1505 2645 1547 2664; x_wconf 86' lang='lat' dir='ltr'><strong>me</strong></span> <span class='ocrx_word' id='word_1_887' title='bbox 1562 2645 1613 2663; x_wconf 90' lang='lat' dir='ltr'><strong>non</strong></span> <span class='ocrx_word' id='word_1_888' title='bbox 1626 2636 1670 2670; x_wconf 85' lang='lat' dir='ltr'><strong>jn-</strong></span> 
     </span>
    </p>
   </div>
   <div class='ocr_carea' id='block_1_116' title="bbox 883 2682 1670 2721">
    <p class='ocr_par' dir='ltr' id='par_1_116' title="bbox 883 2682 1670 2721">
     <span class='ocr_line' id='line_1_116' title="bbox 883 2682 1670 2721; baseline -0.01 -6"><span class='ocrx_word' id='word_1_889' title='bbox 883 2689 1000 2721; x_wconf 86' lang='lat' dir='ltr'><strong>dicatur,</strong></span> <span class='ocrx_word' id='word_1_890' title='bbox 1012 2686 1058 2714; x_wconf 86' lang='lat' dir='ltr'><strong>sed</strong></span> <span class='ocrx_word' id='word_1_891' title='bbox 1071 2686 1152 2714; x_wconf 83' lang='lat' dir='ltr'><strong>habet</strong></span> <span class='ocrx_word' id='word_1_892' title='bbox 1164 2684 1246 2712; x_wconf 83' lang='lat' dir='ltr'><strong>vitam</strong></span> <span class='ocrx_word' id='word_1_893' title='bbox 1259 2688 1388 2712; x_wconf 82' lang='lat' dir='ltr'><strong>:eternam</strong></span> <span class='ocrx_word' id='word_1_894' title='bbox 1408 2682 1429 2710; x_wconf 87' lang='lat'><strong>&#39;.</strong></span> <span class='ocrx_word' id='word_1_895' title='bbox 1448 2691 1458 2709; x_wconf 73' lang='grc' dir='ltr'><strong>ι</strong></span> <span class='ocrx_word' id='word_1_896' title='bbox 1474 2683 1503 2710; x_wconf 89' lang='lat' dir='ltr'><strong>Si</strong></span> <span class='ocrx_word' id='word_1_897' title='bbox 1515 2682 1670 2716; x_wconf 69' lang='lat' dir='ltr'><strong>vernjusti&lt;</strong></span> 
     </span>
    </p>
   </div>
   <div class='ocr_carea' id='block_1_117' title="bbox 923 2793 1664 2826">
    <p class='ocr_par' dir='ltr' id='par_1_117' title="bbox 923 2793 1664 2826">
     <span class='ocr_line' id='line_1_117' title="bbox 923 2793 1664 2826; baseline 0.003 -6"><span class='ocrx_word' id='word_1_898' title='bbox 923 2798 1021 2821; x_wconf 67' lang='lat' dir='ltr'><strong>‘Joan.</strong></span> <span class='ocrx_word' id='word_1_899' title='bbox 1039 2802 1065 2826; x_wconf 83' lang='grc' dir='ltr'><strong>ν,</strong></span> <span class='ocrx_word' id='word_1_900' title='bbox 1092 2794 1140 2822; x_wconf 77' lang='grc'><strong>22.</strong></span> <span class='ocrx_word' id='word_1_901' title='bbox 1179 2793 1300 2821; x_wconf 81' lang='lat' dir='ltr'><strong>&#39;Matth.</strong></span> <span class='ocrx_word' id='word_1_902' title='bbox 1327 2801 1389 2826; x_wconf 77' lang='lat' dir='ltr'><strong>xxv,</strong></span> <span class='ocrx_word' id='word_1_903' title='bbox 1408 2793 1454 2822; x_wconf 69' lang='grc' dir='ltr'>ιι.</span> <span class='ocrx_word' id='word_1_904' title='bbox 1496 2794 1506 2810; x_wconf 89' lang='grc'><strong><em>⁸</em></strong></span> <span class='ocrx_word' id='word_1_905' title='bbox 1523 2794 1590 2822; x_wconf 85' lang='lat' dir='ltr'><strong>ibid.</strong></span> <span class='ocrx_word' id='word_1_906' title='bbox 1619 2797 1664 2824; x_wconf 74' lang='grc'><strong>54.</strong></span> 
     </span>
    </p>
   </div>
  </div>
