1891 3076
214 144 268 175 639

827 136 1019 168 EUTHYMH
1041 132 1226 166 ZIGABENI

1799 127 1849 158 NO

213 200 296 228 ﬁcare
309 197 359 226 soli
372 195 574 227 Deoconvcnit,
588 194 721 230 justiticat
748 198 838 220 autem
859 192 995 222 Christus.

1095 193 1124 217 καῖ
1139 191 1167 217 δὲ
1188 191 1259 224 Χρισ
1276 189 1316 220 ὸς,
1333 188 1390 220 πῶς
1407 188 1457 214 οὐκ
1475 186 1534 214 ἐστι
1562 185 1644 220 φύσει
1663 183 1756 217 Θεόςς
1773 184 1807 210 Εἰ
1823 184 1848 210 ἐξ

212 245 348 282 quomodo
366 251 418 271 non
433 243 485 270 erit
497 247 593 268 natura
603 240 693 268 Deus?
708 240 753 272 At,
770 240 792 267 si
806 240 857 266 hoc
869 243 922 269 est,
933 246 1000 272 quo-

214 291 295 319 modo
312 297 365 316 non
386 289 421 316 sit
435 292 559 315 creatura
573 287 583 313 ?

248 336 348 364 Paulus
360 334 463 361 alicubi
486 334 519 360 de
543 337 654 367 parente
680 336 774 359 nostro
797 330 935 358 Abraham
962 330 998 356 ita

214 383 299 410 dicit:
321 390 330 408 ι
346 382 397 413 Qui
413 383 455 408 est
475 384 550 414 paler
577 378 700 406 omnium
725 382 862 409 nostrum,
889 376 999 402 utscri-

215 429 288 456 hitur
303 427 310 442 ¹
327 435 334 454 :
352 426 415 461 quia
431 425 538 453 Patrem
557 425 702 451 multarum
719 423 839 458 gentium
865 421 944 457 posui
972 426 998 448 te

215 480 307 500 coram
329 472 383 498 Deo
403 472 450 505 qui
476 469 595 496 viviticat
613 474 736 496 mortuos
751 469 773 494 '.
792 477 802 493 ι
822 467 889 494 Cum
917 466 1000 501 igitur

216 518 287 545 Deus
302 517 408 544 dicatur
420 515 558 543 viviﬁcare
574 519 709 548 mortuos,
728 521 846 548 cumque
863 512 949 539 Filius
961 512 1001 539 di-

215 570 277 592 cat:
299 573 308 590 (
326 563 380 598 Ego
392 570 451 591 sum
464 562 519 589 vita
529 566 539 582 ³
555 571 565 588 ι
579 567 617 595 et,
632 572 640 587 ι
653 561 703 594 Qui
714 561 801 588 credit
813 562 839 587 in
853 568 904 592 me,
922 560 1001 586 habet

215 610 298 637 vitam
314 613 486 642 aeternam,et
498 615 547 643 ego
559 607 728 634 rcsuscitabo
739 614 801 633 cum
815 606 842 632 in
851 606 1002 632 novissimo

213 657 279 685 die“
301 666 309 690 ;
337 664 346 682 ι
373 661 401 682 et
426 661 533 682 rursum
556 660 564 678 :

213 705 268 732 vita
289 706 318 736 ⁵;
340 712 349 729 ι
369 702 430 736 quis
450 708 502 727 non
521 698 694 727 confiteatur.
712 695 792 723 modo
812 703 886 723 sana:
905 695 1005 722 mentis

215 751 265 784 sit,
280 750 367 784 ipsum
381 755 413 774 ex
428 746 545 774 essentia
563 744 652 771 Patris
667 750 743 775 esse,
759 741 898 777 proprium
914 748 945 767 ac
959 747 1005 768 ve-

215 804 275 823 rum
292 794 376 830 ipsius
391 792 505 826 Filium,
519 797 612 818 omnes
627 789 715 816 Patris
731 787 908 823 proprietates
923 791 1003 813 natu-

1050 238 1138 268 τοῦτο,
1155 237 1185 262 οὐ
1200 237 1302 269 ποήμα
1315 243 1323 268 ;

1083 327 1152 362 Φησί
1173 335 1224 352 που
1243 326 1324 352 πάλιν
1338 326 1352 351 6
1371 324 1475 355 Παῦλος
1507 323 1572 358 περὶ
1599 322 1647 350 τοῦ
1667 322 1849 357 προπάτορος

1048 374 1127 409 ἡμῶν
1141 373 1270 407 Ἀϐραάμ
1280 380 1287 386 ·
1302 381 1311 397 ι
1325 371 1374 402 '0;
1389 373 1447 397 ἐστι
1461 370 1553 404 πατὴρ
1566 369 1677 396 πάντων
1692 368 1793 403 ἡμῶν,
1807 376 1851 394 ιιι-

1048 419 1101 450 θὼς
1116 420 1291 452 γέγραπται,
1318 417 1360 443 ὃτι
1376 415 1486 449 Πατέρα
1500 414 1606 440 πολλῶν
1622 414 1712 440 ἐθνῶν
1731 413 1850 439 τέθεικά

1048 474 1077 491 σε
1093 465 1237 490 κατέναντι
1251 462 1319 489 Θεοῦ
1336 462 1384 488 τοῦ
1396 460 1591 492 ζωοποιοῦντος
1604 461 1669 491 τοὺς
1686 458 1823 492 νεκρούς.
1837 468 1845 484 ι

1048 509 1117 537 Θεοῦ
1130 508 1277 543 τοιγαροῦν
1296 507 1440 540 ζωνιγονείν
1463 505 1527 537 τοὺς
1551 505 1666 539 νεκροὺς
1683 504 1850 537 λεγομένου,

1050 555 1110 584 εἶτα
1123 555 1171 582 τοῦ
1187 554 1251 582 Υἱοῦ
1268 554 1419 588 φάσκοντος
1431 560 1439 568 ο
1455 561 1463 577 ι
1478 552 1549 585 Ἐγώ
1564 552 1622 586 ειμι
1635 551 1651 585 ἡ
1666 549 1728 584 ζωή
1744 558 1752 565 -
1771 558 1781 575 ι
1803 549 1852 575 πά·

1051 603 1104 635 λιν,
1119 611 1127 628 ι
1150 601 1179 627 Ὁ
1190 599 1327 627 πιστεύων
1339 599 1381 630 είς
1397 598 1457 632 ἐμὲ,
1470 597 1526 632 ἔχει
1543 596 1616 632 ζωὴν
1630 595 1762 627 αἰώνιον,
1774 594 1848 628 κάγὼ

591 660 600 677 ε
627 650 682 685 Ego
706 657 764 677 sum
793 649 956 676 resurrectio
979 653 1002 676 el

1095 650 1202 684 ιστήσω
1217 648 1299 675 αὑτὸν
1318 648 1346 673 ὲν
1361 648 1395 682 τῇ
1413 646 1515 681 ἐσχάτῃ
1531 646 1638 681 ἡμέρᾳ·
1661 655 1671 672 ι
1694 646 1747 672 καὶ
1764 646 1851 675 πάλιν.

1059 703 1068 720 ι
1093 695 1163 729 Ἐγώ
1183 695 1240 729 εἰμι
1255 695 1272 729 ὴ
1286 694 1434 724 ἀνάστασις
1452 692 1499 719 καὶ
1522 693 1539 727 ἡ
1567 691 1642 727 ζωή·
1663 702 1672 718 ι
1700 692 1745 723 τίς
1757 692 1810 718 οὐκ
1826 693 1852 717 ἂν

1057 739 1268 774 ὁμολογήσειεν,
1300 738 1327 765 εἴ
1343 747 1375 772 γε
1403 738 1465 764 νοῦν
1493 737 1566 772 ἔχοι,
1582 737 1632 772 τῆς
1659 737 1763 767 οὐσίας
1778 737 1853 763 tri-in

1058 785 1190 820 ὑπάρχειν
1204 785 1253 820 τῆς
1263 783 1310 810 τοῦ
1328 783 1433 817 Πατρὸς
1457 782 1567 817 γνήσιόν
1582 791 1612 808 τε
1639 782 1689 808 καὶ
1704 782 1855 816 ἀληθέστα-

217 826 310 869 raliter
329 841 355 867 in
378 847 407 867 se
427 837 595 874 gestantem?
617 836 693 870 Quod
713 835 735 863 si
757 842 848 862 verum
869 838 921 866 est,
942 840 1002 868 ergo

1095 840 1102 857 ι
1117 831 1249 866 γέννημα.
1266 830 1353 856 πάντα
1365 829 1447 864 φέρον
1458 829 1487 854 ὲν
1504 828 1592 863 ἑαυτῷ
1616 827 1745 862 φυσικῶς
1762 828 1799 852 τὰ
1814 826 1855 852 τοῦ

217 888 288 917 Deus
302 894 335 914 ex
351 886 406 913 Deo
420 890 476 918 est,
491 892 546 911 nott
559 891 624 911 vero
639 889 706 917 optts
721 881 761 908 vel
775 885 910 909 creatura.

253 973 353 1000 Paulus
363 972 513 999 divinorum
532 979 695 999 arcanorum
707 972 959 998 administratorem
974 977 1007 997 ac

217 1019 369 1048 ministrum
389 1018 507 1052 seipsum
525 1025 588 1044 esse
602 1017 742 1044 declarans
756 1025 764 1044 :
782 1026 790 1042 ι
805 1016 953 1047 Audacius,
966 1015 1008 1041 in-

217 1065 287 1100 quit,
300 1064 396 1098 scripsi
412 1063 488 1090 vobis
503 1071 536 1090 ex
549 1068 625 1098 parte
639 1063 665 1090 in
687 1063 845 1089 memoriam
866 1068 914 1088 vos
929 1060 1008 1088 redu-

218 1118 284 1137 cens
302 1117 349 1145 per
364 1109 480 1143 gratiam
497 1109 590 1135 datam
607 1109 671 1135 mihi
687 1115 701 1134 a
715 1108 780 1140 Deo,
795 1111 824 1134 ut
847 1114 935 1134 essem
955 1106 1007 1133 mi-

219 1157 304 1183 nister
318 1154 382 1182 Jesu
395 1154 496 1181 Christi
513 1154 546 1180 ad
560 1160 655 1188 gentes
665 1173 672 1185 ,
701 1154 858 1180 ministrans
885 1153 1007 1188 Evange-

218 1202 284 1229 lium
301 1201 358 1232 Dei,
379 1205 407 1227 ut
424 1201 471 1227 [iul
490 1200 592 1227 oblatio
602 1200 723 1235 gentium
742 1198 925 1234 acceptabilis,
944 1206 1007 1226 san-

219 1246 337 1273 ctiﬁcata
352 1245 378 1272 in
393 1244 495 1279 Spiritu
510 1249 607 1273 sancto
627 1241 648 1270 ⁸.
671 1253 680 1269 ι
700 1244 769 1271 Ecce
781 1244 862 1270 etiam
879 1244 923 1271 hic
947 1250 1006 1270 ma-

218 1291 318 1318 nifeste
331 1298 359 1317 se
374 1298 422 1324 per
448 1289 563 1325 gratiam
593 1289 710 1316 allirmat
742 1297 756 1315 a
787 1289 840 1316 Deo
869 1288 1008 1323 accepisse

219 1335 290 1370 quod
310 1335 346 1361 sit
361 1333 555 1361 ministerlcsu
569 1333 683 1362 Christi.
698 1333 799 1360 Deinde
813 1333 882 1360 sacri
899 1334 940 1360 sui
956 1334 1007 1360 mi-

219 1381 323 1408 nisterii
335 1381 467 1408 rationem
482 1380 636 1412 declarans,
650 1389 659 1405 ‹
678 1381 703 1407 in
714 1379 898 1414 Evattgelium,
909 1379 1006 1414 inquit,

219 1427 266 1455 Dci
293 1427 303 1443 '
319 1448 326 1454 .
345 1436 355 1452 ›
385 1427 465 1461 Atqui
480 1426 617 1453 Christum
637 1425 728 1453 Iesum
753 1425 904 1460 praedicans
926 1430 1007 1460 atque.

1057 877 1238 911 γεννήσαντος
1254 876 1322 908 [διας
1339 876 1370 901 Εἰ
1382 875 1410 901 δὲ
1426 875 1514 905 τοῦτο,
1528 873 1592 905 Θεὸς
1606 874 1660 908 ἄρα
1671 873 1705 899 τὸ
1722 874 1756 898 ἐκ
1769 871 1837 898 Θεοῦ
1849 893 1854 902 ,

1057 923 1104 949 καὶ
1117 923 1146 949 οι¹ι
1164 922 1266 955 κτίσμα
1281 922 1297 956 ἦ
1313 921 1427 956 ποίημα.
1736 953 1739 955 η

1094 972 1155 998 Τῶν
1183 971 1262 998 θείων
1283 972 1441 1007 μυστηρίων
1458 971 1598 1006 οἰκονόμον
1618 972 1665 998 καὶ
1696 971 1857 1007 λειτουργὸν

1058 1016 1154 1044 ἑαυτὸν
1167 1016 1348 1043 ἀναδεικνύων
1363 1017 1377 1041 6
1392 1016 1506 1048 Παῦλος,
1539 1026 1548 1041 ‹
1568 1016 1787 1052 Τολμηρότερον
1813 1018 1855 1050 δὲ,

1059 1063 1152 1099 φησὶν,
1164 1062 1271 1099 ἔγραψα
1286 1063 1349 1098 ὑμῖν
1360 1063 1413 1090 ἀπὸ
1427 1064 1537 1099 μέρους,
1548 1064 1585 1095 ὡς
1598 1065 1856 1100 ἐπαναμιμνήσκων

1060 1110 1132 1144 ὑμᾶς
1151 1109 1194 1136 διὰ
1211 1108 1260 1145 τὴν
1274 1109 1354 1144 χάριν
1366 1109 1415 1144 τὴν
1428 1109 1551 1136 δοθεῖσάν
1567 1119 1612 1144 μοι
1628 1110 1683 1136 ὑπὸ
1702 1110 1754 1137 τοῦ
1775 1111 1855 1141 Θεοῦ,

1057 1155 1097 1186 εἰς
1108 1155 1138 1180 τὸ
1147 1153 1217 1181 εἷναί
1234 1163 1267 1190 με
1283 1155 1438 1190 λειτουργὸν
1454 1155 1542 1190 Ἰησοῦ
1551 1156 1683 1191 Χριστοῦ,
1697 1157 1743 1188 εἰς
1752 1157 1787 1183 τὰ
1798 1157 1854 1191 ἔθνη

1060 1199 1250 1235 ἱερουργοῦντα
1264 1199 1295 1226 τὸ
1311 1200 1477 1234 Εὑαγγέλιον
1493 1200 1540 1227 τοῦ
1557 1200 1634 1233 Θεοῦ,
1651 1201 1697 1227 ἵνα
1716 1202 1829 1236 γένηται
1842 1203 1854 1235 ἡ

1058 1245 1201 1281 προσφορὰ
1227 1245 1281 1271 τῶν
1307 1245 1390 1272 ἐθνῶν
1413 1246 1612 1281 εὐπρόσδεκτος
1644 1247 1809 1282 ἡγιασμένη
1832 1249 1855 1272 ἐν

1057 1291 1197 1326 Πνεύματι
1210 1291 1288 1326 ἁγίῳ.
1303 1301 1312 1317 ι
1329 1292 1394 1318 Ἰδοὺ
1407 1292 1488 1318 πάλιν
1501 1292 1593 1319 ἐνθάδε
1607 1293 1706 1327 σαφῶς
1719 1294 1856 1329 εἰληφέναι

1059 1337 1108 1371 μὲν
1128 1337 1156 1362 ἐν
1169 1336 1279 1372 χάριτος
1302 1337 1379 1372 μέρει
1397 1337 1472 1373 παρὰ
1489 1338 1536 1364 τοῦ
1561 1338 1627 1365 Θεοῦ
1658 1338 1857 1375 διῖσχυρίζεται

1057 1382 1087 1407 τὸ
1102 1380 1171 1408 εἶναι
1190 1382 1346 1418 λειτουργὸς
1360 1383 1447 1418 Ἰησοῦ
1455 1383 1584 1418 Χριστοῦ.
1598 1382 1666 1411 Εῐτα
1680 1385 1735 1420 τῆς
1755 1386 1857 1420 ἱερουρ-

1057 1427 1118 1461 γίας
1135 1427 1180 1454 τὸν
1200 1428 1300 1463 τρόπον
1320 1428 1511 1464 ἐξηγούμενος,
1532 1439 1541 1454 ι
1562 1430 1601 1460 είς
1621 1430 1653 1456 τὸ
1667 1430 1856 1464 Εὑαγγέλιον,

218 1472 463 1507 evangelizans,ita
475 1471 550 1498 novit
559 1470 657 1498 Filium
670 1470 829 1497 naturaliter
842 1472 924 1497 Deum
936 1477 1002 1497 esse.

1098 1473 1136 1505 σὶ,
1149 1473 1196 1500 τοῦ
1214 1473 1293 1500 Θεοῦ.
1308 1483 1317 1500 t
1335 1473 1432 1500 Καίτοι
1445 1474 1562 1510 Χριστὸν
1588 1475 1695 1510 Ἰησοῦν
1711 1477 1855 1511 κηρύσσων

217 1516 311 1552 Neque
332 1517 404 1544 enim
435 1517 599 1543 nominasset
629 1515 724 1547 Deum,
745 1516 789 1550 qui
815 1515 840 1542 id
857 1523 889 1542 ex
912 1521 1006 1542 natura

219 1570 267 1590 sua
282 1570 334 1590 non
347 1567 435 1595 esset;
456 1569 542 1596 neqtte
558 1561 610 1588 hac
625 1561 658 1588 de
674 1569 703 1588 re
718 1566 858 1595 tantopere
877 1561 1007 1596 gloriare.

220 1613 264 1634 tur
301 1607 394 1634 dicens
418 1615 425 1634 :
449 1616 458 1632 ι
477 1606 677 1641 Beneplacitum
705 1607 757 1633 fuit
792 1607 847 1635 Deo
885 1607 1006 1635 revelare

220 1651 316 1682 Filium
333 1659 410 1678 suum
427 1658 475 1686 per
498 1658 540 1678 me
576 1655 605 1686 ι,
616 1659 626 1676 ι
643 1651 666 1678 si
681 1656 805 1679 creatura
819 1656 846 1679 et
858 1659 926 1686 opus
940 1651 1007 1680 fuis-

219 1703 272 1727 set.
988 1692 992 1696 ’

257 1746 287 1774 Si
295 1746 361 1774 cui?"
371 1746 944 1782 cognouissentjnquit,nunquamDominum
952 1746 1006 1782 gla-

220 1795 268 1822 riw
277 1793 467 1826 cruciﬁxissenl
475 1795 497 1825 ’;
508 1793 530 1819 si
540 1793 635 1831 gloriae
641 1793 772 1820 Dominus
782 1801 852 1825 esse,
866 1794 911 1828 qui
925 1794 1003 1820 cruci

220 1836 330 1864 sufﬁxus
350 1836 402 1864 fuit
425 1843 474 1871 pro
500 1836 590 1868 nobis,
614 1836 747 1871 quomodo
774 1844 825 1863 non
851 1843 878 1864 et
904 1841 1000 1864 natura

221 1884 290 1910 Deus
307 1882 367 1910 est?
379 1883 431 1909 Aut
445 1883 580 1917 quomodo
595 1887 713 1914 creatus,
727 1887 773 1909 aut
790 1882 877 1910 factus
889 1888 929 1910 est
944 1883 999 1913 ille.

220 1937 299 1962 quem
317 1929 459 1964 Seraphim
484 1929 641 1962 decantaut,
665 1934 691 1957 et
711 1930 861 1963 celebrant,
880 1930 1002 1957 dicentes

221 1974 329 2008 plenum
345 1981 405 2001 esse
418 1975 527 2007 malum,
540 1981 567 2002 et
586 1980 684 2002 terram
699 1976 785 2010 gloria
798 1975 869 2010 ejus,
887 1982 1002 2010 eumque

222 2020 363 2047 Dominum
385 2019 504 2048 Sabaoth
525 2021 690 2055 appellantes
707 2022 740 2048 ¹⁰.
766 2022 833 2048 Nam
849 2023 919 2058 quod
945 2023 1003 2049 haec

220 2066 253 2092 de
268 2066 325 2100 ipso
337 2066 438 2099 dicant,
451 2074 504 2094 non
514 2072 556 2094 est
568 2067 688 2100 dubium,
701 2067 842 2102 siquidem,
861 2071 890 2095 ut
903 2067 1002 2095 Paulus

221 2112 269 2144 ait,
286 2116 327 2138 est
341 2111 432 2145 gloriae
449 2112 588 2140 Dominus.
821 2144 826 2148 _

260 2168 270 2185 ‹
289 2158 450 2193 Ita.inquit,
467 2165 516 2186 nos
531 2157 668 2184 existimet
695 2156 778 2184 homo
811 2159 842 2182 ut
868 2154 1009 2182 ministros

222 2203 335 2236 Christi,
352 2208 379 2231 et
392 2204 594 2238 dispensatores
609 2201 800 2237 mysteriorum
828 2201 874 2228 Dei
901 2200 934 2228 “.
952 2210 963 2226 ν
979 2200 1008 2227 Si

222 2257 287 2284 ergo
304 2249 462 2284 mysterium
478 2247 548 2279 Filii,
567 2247 725 2282 mysterium
745 2245 791 2274 Dei
807 2245 906 2273 Paulus
918 2249 1007 2278 vocat,

223 2295 358 2329 quomodo
371 2301 423 2322 non
437 2293 489 2321 erit
506 2298 604 2320 natura
622 2292 704 2324 Deus,
718 2296 765 2319 aut
787 2290 924 2326 quomodo
932 2298 1008 2318 crea-

225 2341 292 2367 turis
320 2339 542 2367 annumerabitur
566 2338 589 2367 is
621 2339 664 2366 cui
695 2337 810 2372 apostoli
834 2336 1009 2364 ministrant?

208 2385 364 2423 _Quomodo
381 2389 470 2412 autem
487 2393 539 2412 non
559 2391 654 2412 verum
679 2384 760 2416 dicat,
777 2382 824 2410 Dei
850 2382 1009 2417 mysterium

224 2431 362 2466 appellans
376 2429 550 2466 Evangelium
573 2429 687 2461 Christi,
703 2429 803 2463 quique
815 2435 912 2462 magna
927 2426 1010 2454 animi

226 2477 322 2504 liducia
349 2477 436 2503 dixit:
454 2485 464 2502 ί
481 2475 535 2510 Ego
549 2475 621 2502 enim
648 2482 700 2502 non
726 2474 815 2508 accepi
844 2475 877 2500 ab
891 2473 1009 2505 homine,

226 2523 417 2557 nequedoctus
433 2522 557 2554 sum,sed
576 2529 590 2547 a
605 2521 658 2548 Deo
669 2518 711 2546 “7
725 2531 734 2546 ι
751 2522 816 2547 Cum
829 2520 910 2554 igitur
924 2527 938 2546 a
956 2519 1011 2546 Deo

226 2570 349 2601 ethK‘lllS,
363 2569 459 2596 Filium
474 2569 557 2595 Deum
572 2575 632 2594 esse
646 2570 785 2602 agnoscat,
797 2567 857 2600 quis
871 2566 1012 2593 haereticos

226 2615 336 2642 audiat?

264 2706 274 2722 1
293 2696 438 2729 Quocirca,
456 2695 556 2730 inquit.
577 2694 661 2722 nolite
678 2699 742 2723 ante
768 2699 876 2731 tempus
903 2696 1008 2731 aliquid

225 2746 362 2781 judicare,
377 2743 464 2770 donec
475 2741 579 2769 venerit
592 2741 731 2776 Dominus,
752 2743 798 2778 qui
812 2743 1011 2771 etilluminahit

1058 1519 1104 1544 καὶ
1115 1518 1365 1554 εὐαγγελιζόμενος,
1378 1519 1465 1550 οὕτως
1481 1518 1534 1546 οἶδε
1546 1520 1625 1555 φύσει
1641 1521 1712 1548 Θεὸν
1733 1523 1802 1548 ὅντα
1816 1523 1855 1548 τὸν

1057 1563 1131 1590 Υίόν.
1149 1565 1186 1589 Οὺ
1202 1563 1256 1599 γὰρ
1271 1564 1302 1591 ἂν
1320 1565 1446 1599 ὠνόμασε
1460 1565 1526 1591 Θεὸν
1541 1565 1578 1601 μὴ
1592 1565 1673 1592 τοῦτο
1688 1568 1767 1594 κατὰ
1781 1568 1854 1602 eum

1057 1607 1224 1642 ὑπάρχοντα·
1234 1608 1288 1633 οὐδ’
1299 1607 1332 1634 ἂν
1344 1608 1386 1643 ἐφ’
1401 1608 1491 1643 ἐαυτῷ
1511 1609 1578 1636 πολὺ
1595 1609 1656 1636 λίαν
1680 1611 1856 1648 ἐκαυχήσατο

1055 1652 1167 1687 λέγων,‹
1182 1653 1334 1688 Εὺδὸκησεν
1346 1655 1360 1680 6
1375 1653 1440 1686 Θεὸς
1449 1655 1623 1689 ἀποκαλύψαι
1637 1655 1686 1682 τὸν
1694 1657 1764 1684 Υἱὸν
1779 1659 1855 1685 αὐτοὶ

1056 1698 1187 1734 διἐμοῦ,
1207 1708 1215 1724 ι
1233 1698 1312 1734 εἴπερ
1335 1697 1368 1734 ἦν
1386 1699 1488 1735 κτίσμα
1507 1700 1553 1726 καὶ
1570 1700 1686 1736 ποίημα.

1102 1747 1133 1773 El
1142 1746 1195 1780 γὰρ
1204 1747 1351 1781 ἔγνωσαν.
1359 1747 1452 1781 φησὶν,
1461 1748 1516 1773 οὐκ
1527 1747 1740 1782 artos-Keipr
1748 1749 1806 1782 τῆς
1813 1749 1857 1775 δό-

1064 1791 1121 1825 ξης
1131 1792 1337 1826 ἐσταύρωσαν.
1349 1792 1454 1819 οὐκοῦν
1468 1793 1492 1819 εί
1507 1793 1556 1826 τῆς
1568 1793 1646 1828 δόξης
1660 1794 1772 1829 Κύριός
1787 1796 1858 1821 ἐστιν

1065 1838 1079 1863 6
1098 1837 1142 1864 τὸν
1159 1838 1276 1873 σταυρὸν
1292 1837 1442 1872 ὑπομείνας
1456 1839 1526 1874 ὑπὲρ
1540 1839 1619 1874 ἡμῶν
1635 1839 1710 1872 Υἱὸς,
1730 1841 1796 1872 πῶς
1812 1841 1858 1866 οὐκ

1066 1882 1123 1909 ἔστι
1146 1882 1225 1917 φύσει
1246 1882 1327 1915 Θεός,
1349 1883 1407 1914 πῶς
1426 1883 1455 1909 δὲ
1472 1883 1583 1918 κτίσμα,
1604 1884 1620 1919 ἢ
1643 1885 1757 1919 ποίημα
1781 1887 1797 1912 6
1816 1886 1858 1912 καὶ

1066 1928 1118 1954 ὑπὸ
1130 1928 1183 1953 τῶν
1196 1927 1321 1962 Σεραφὶμ
1332 1927 1516 1963 ὑμνούμενοςς
1531 1929 1622 1964 πλήρη
1636 1929 1690 1965 γὰρ
1704 1929 1784 1957 εἷναί
1794 1939 1858 1965 φασι

1066 1974 1111 2000 τόν
1126 1981 1156 1999 τε
1171 1972 1286 2008 οὐρανὸν
1296 1993 1303 2005 ,
1323 1974 1370 1999 καὶ
1388 1973 1437 2008 τὴν
1454 1976 1506 2010 γῆν
1526 1975 1575 2009 τῆς
1588 1975 1667 2010 δόξης
1682 1976 1774 2002 αὐτοῦ
1786 1997 1796 2008 ,
1816 1978 1858 2004 καὶ

1067 2017 1169 2054 Κύριον
1184 2017 1297 2044 neque
1309 2018 1483 2053 ὀνομάζουσι.
1498 2019 1582 2054 Δῆλον
1595 2020 1659 2054 γὰρ,
1673 2021 1714 2047 ὅτι
1727 2023 1800 2054 περὶ
1814 2023 1859 2049 αὺ-

1066 2064 1113 2091 τοῦ
1129 2064 1163 2092 τὰ
1177 2063 1291 2091 τοιαῦτά.
1304 2071 1403 2098 φασιν,
1419 2065 1500 2100 εὶπὲρ
1514 2067 1570 2092 ἐστι
1590 2067 1640 2101 τῆς
1656 2066 1740 2102 δόξης
1758 2068 1857 2103 Κύριος

1067 2111 1138 2138 κατὰ
1148 2110 1198 2144 τὴν
1212 2110 1260 2136 τοῦ
1274 2111 1381 2138 Παύλου
1395 2112 1499 2146 φωνήν.

1028 2161 1048 2189 ι)
1099 2161 1110 2178 ι
1135 2151 1229 2183 Οὕτω,
1257 2152 1350 2186 φησιν,
1375 2153 1449 2187 ἡμᾶς
1476 2153 1627 2188 λογιζέσθω
1655 2153 1807 2190 ἄνθρωπος
1824 2153 1856 2184 ὡς

1060 2196 1201 2232 ὑπηρέτας
1211 2196 1342 2232 Χριστοῦ,
1358 2197 1404 2224 καὶ
1416 2198 1574 2233 οἰκονόμους
1586 2198 1747 2233 μυστηρίων
1761 2199 1852 2226 Θεοῦ.)

1060 2243 1092 2270 El
1108 2244 1198 2270 τοίνυν
1216 2244 1246 2270 τὸ
1262 2244 1326 2279 περὶ
1349 2243 1397 2270 τοῦ
1409 2243 1475 2270 Υίοῦ
1494 2245 1652 2280 μυστήριον,
1664 2243 1736 2270 Θεοῦ
1753 2245 1855 2280 μυστή-

1062 2298 1118 2325 ριον
1131 2289 1145 2315 6
1159 2288 1265 2321 Παῦλος
1282 2289 1426 2322 ἀποκαλεῖ,
1443 2289 1502 2321 πῶς
1519 2290 1568 2316 οὐκ
1581 2289 1657 2316 ἔσται
1673 2289 1760 2324 φύσει
1773 2291 1838 2321 Θεὸς
1848 2311 1854 2321 ,

1060 2332 1078 2368 ἢ
1098 2333 1157 2365 πῶς
1176 2334 1205 2360 ἐν
1222 2333 1356 2369 ποιήμασι
1373 2333 1516 2366 τετάξεται
1529 2335 1544 2360 ὁ
1557 2334 1601 2361 διὰ
1620 2333 1675 2361 τῶν
1695 2334 1856 2362 ἀποστόλων

1060 2378 1297 2414 ὒτιηρετούμενος;
1314 2379 1377 2411 Πῶς
1403 2379 1433 2406 δὲ
1456 2379 1507 2406 οὐκ
1530 2379 1685 2415 ἀληθεύσει,
1706 2379 1781 2407 Θεοῦ
1811 2390 1857 2415 μυ-

1062 2424 1170 2458 στήριον
1183 2424 1324 2460 ὀνομάζων
1345 2425 1375 2452 τὸ
1402 2426 1568 2460 Εὐαγγέλιον
1594 2426 1734 2461 Χριστοῦ,
1752 2427 1769 2453 6
1792 2426 1856 2462 μετὰ

1061 2469 1161 2505 πολλῆς
1180 2471 1335 2507 παρρησίας
1349 2470 1444 2498 εἰπών⁸
1465 2481 1473 2498 ι
1486 2471 1553 2498 Οὐδὲ
1568 2471 1621 2507 γὰρ
1634 2471 1689 2505 ζεγὼ
1703 2473 1786 2507 παρὰ
1813 2473 1855 2499 ἁν-

1061 2515 1171 2550 θρώπου
1187 2515 1341 2551 παρέλαϐον
1362 2517 1438 2550 αὐτὸ,
1466 2517 1527 2543 οὐδὲ
1550 2517 1692 2552 ἐδιδάχθην
1705 2538 1712 2549 ,
1729 2519 1794 2544 ἀλλ’
1809 2518 1855 2545 ὑπὸ

1059 2559 1107 2586 τοῦ
1122 2560 1189 2587 Θεοῦ
1203 2561 1301 2596 δηλαδή
1312 2570 1318 2593 ;
1331 2571 1339 2586 ι
1358 2561 1423 2587 Ὅτε
1438 2562 1528 2588 τοίνυν
1542 2561 1712 2592 θεοδίδακτοί
1729 2561 1782 2593 ὢν,
1793 2563 1854 2589 Θεὸν

1059 2603 1124 2630 ὄντα
1142 2605 1187 2630 τὸν
1198 2604 1262 2630 Υἰὸν
1275 2605 1462 2639 ἐπιγινώσκει,
1480 2606 1522 2637 τίς
1539 2606 1594 2632 τῶν
1614 2606 1697 2642 ἕτερα
1711 2607 1853 2634 διδασκόν-

1060 2656 1113 2675 των
1128 2649 1252 2682 ἁνέξεται
1263 2659 1271 2683 ς

1102 2705 1111 2721 ι
1125 2695 1217 2727 "th-ra,
1235 2693 1312 2730 φησὶ,
1336 2693 1374 2729 μὴ
1395 2693 1448 2728 πρὸ
1465 2693 1562 2728 καιροῦ
1579 2701 1607 2719 τι
1621 2692 1741 2727 κρίνετε,
1757 2693 1813 2724 ἕως
1825 2696 1851 2718 ὼ

1065 2742 1128 2778 ε).οῃ
1144 2743 1157 2768 6
1173 2741 1286 2777 Κύριος,
1299 2740 1329 2773 6;
1343 2741 1390 2767 καὶ
1405 2740 1519 2775 φωτίσει
1544 2740 1578 2765 τὰ
1601 2739 1713 2775 κρυπτά
1727 2740 1778 2766 τοῦ
1798 2749 1827 2766 3x
1841 2753 1851 2758 -

265 2835 273 2850 ¹
290 2835 358 2863 Gen.
376 2843 442 2866 xvu.
454 2834 481 2860 4.
519 2835 529 2851 ¹
545 2833 623 2861 Rom.
639 2841 675 2864 tv,
687 2832 728 2860 16.
741 2832 784 2859 Π.
822 2833 831 2848 ³
844 2831 1038 2866 Jonn.x1v.76.
1066 2830 1077 2846 ⁵
1091 2830 1169 2857 Joan.
1193 2837 1229 2866 vt,
1249 2830 1292 2858 40.
1331 2830 1341 2846 ³
1358 2829 1437 2866 Joan.
1450 2838 1486 2860 vr,
1511 2828 1683 2866 ἳὸηηὶοιηἒ
1700 2828 1848 2866 xv,15.i§-

228 2871 240 2887 ⁷
257 2869 336 2900 Rom.
349 2879 366 2904 ι,
381 2870 406 2898 1.
431 2868 538 2897 'Galat.
555 2877 574 2902 ι,
593 2868 681 2895 I546.
719 2869 729 2884 ⁹
742 2867 750 2894 Ι
765 2867 827 2894 Cor.
845 2875 872 2900 u,
889 2866 914 2893 8.
954 2867 975 2882 '°
989 2866 1002 2892 l‘

1095 2866 1181 2896 11,2;

1221 2865 1272 2892 Isa.
1289 2874 1325 2898 \‘t,
1337 2866 1363 2892 5.
1384 2865 1401 2880 "
1417 2864 1425 2890 Ι
1443 2865 1545 2897 Cor.tv,
1563 2865 1587 2892 I.
1629 2865 1649 2880 "
1665 2863 1755 2891 Galat.
1774 2872 1794 2896 ι,
1808 2862 1847 2890 li.
