1891 3076
39 132 88 166 64i

518 132 707 163 PANOPLIA
728 133 959 164 DOGMATICA.
979 145 1012 150 ·-
1033 133 1108 164 ΤίΤ.
1129 133 1182 164 Xl-

1563 137 1565 139 ’
1611 132 1664 164 6ιὲ

39 207 107 230 τους,
122 197 171 224 καὶ
192 196 346 232 φανερώσει
371 194 420 226 τὰς
446 194 543 230 βουλὰς
566 194 620 221 τῶν
634 194 764 229 καρδιῶν,
781 194 829 221 καὶ

896 197 983 225 cculta
999 196 1182 227 tenebrarum,
1215 200 1241 222 et
1268 194 1451 224 manifestabit
1479 196 1591 224 consilia
1606 204 1668 224 cor-

39 244 97 270 τότε
113 245 127 270 ὁ
144 243 254 274 ἔπαινος
272 242 416 276 γενήσεται
445 240 553 275 ἑκάστῳ
568 240 622 266 ἀπὸ
642 239 689 266 τοῦ
716 239 795 267 Θεοῦ.
815 249 824 265 ι

43 289 86 315 Ἐν
100 288 130 315 δὲ
142 289 198 319 τοῖς
224 285 412 320 Εὑαγγελίοις,
432 285 541 319 στήσειν
558 285 608 320 μὲν
629 285 661 311 ὲκ
688 284 782 316 δεξιῶν
795 283 830 310 τὰ

37 333 172 369 πρόϐατα,
192 331 222 364 ὲξ
234 331 382 365 εὐωνύμων
396 330 424 356 δὲ
441 331 474 357 τὰ
494 330 587 365 ἐρίφια
609 330 726 365 Χριστὸς
742 331 829 364 ἐπαγ-

37 380 173 413 γέλλεται,
189 377 260 404 κατὰ
273 377 318 403 τὸν
326 377 420 411 καιρὸν
433 376 481 411 τῆς
495 376 624 411 δευτέρας
633 375 715 402 αὑτοῦ
729 384 830 410 παρου-

37 426 108 456 σίας·
128 425 175 450 καὶ
192 424 254 455 τοὺς
271 423 319 458 μὲν
336 422 385 457 τῆς
396 421 512 456 ἀνομίας
538 421 655 456 ἐργάτας
679 420 830 456 ἐκπέμψειν

36 471 74 501 είς
87 470 121 496 τὸ
134 469 191 505 πῦρ
205 468 235 495 τὸ
250 467 370 501 αἰώνιον,
387 468 444 498 τοῖς
457 466 485 492 δέ
500 475 531 500 γε
544 465 589 492 τὸν
603 465 688 498 δεξιὸν
704 466 831 500 ἐπέχουσι

36 513 119 542 τόπον
137 514 201 545 τοὺς
213 513 343 544 ἐπαίνους
369 511 437 547 ὁμοῦ
461 513 519 544 τοῖς
543 511 650 548 μισθοῖς
667 512 829 544 ἀποδώσειν,

36 561 123 595 λέγων
139 559 181 592 τὸ,
199 568 208 585 ‹
221 558 316 591 Δεῦτε,
331 559 354 585 oi
369 558 548 594 εὐλογημένοι
578 557 625 584 τοῦ
639 558 745 594 Πατρός
764 567 830 593 μου,

36 605 264 641 κληρονομήσατε
290 603 340 639 τὴν
369 603 574 639 ἡτοιμασμένην
600 603 664 638 ὑμῖν
694 603 832 639 βασιλείαν

35 651 89 678 ἀπὸ
107 650 266 685 καταδολῆς
281 650 396 685 κόσμου.
414 659 423 675 ι
447 649 551 676 Οὐκοῦν
566 650 590 676 εἰ
606 650 652 677 τδν
666 650 715 685 τῆς
731 651 832 686 ἀρετῆς

36 698 159 733 ἐργάτην
178 697 224 723 καὶ
249 697 420 731 ἐπιστήμονα
445 695 599 722 ἐπαινέσειν
628 696 770 732 μέλλοντος
786 697 833 724 τοῦ

35 743 115 774 Θεοῦ,
132 742 250 778 Χριστός
266 743 340 768 ἐστιν
357 742 371 767 ὸ
396 741 525 774 ἐπαινῶν,
540 741 599 773 πῶς
619 742 695 769 ἐσται
709 742 830 778 ποίημα,

36 788 82 814 καὶ
94 787 160 822 οὐχὶ
179 787 279 823 μᾶλλον
297 787 363 819 θεὸς
376 788 408 814 ὲκ
425 786 504 818 Θεοῦ,
524 786 574 822 τῆς
590 787 720 823 πατρῴας
739 788 832 820 οὐσίας

880 244 964 275 dium,
980 248 1006 269 et
1024 246 1088 269 tunc
1115 240 1259 275 unicuique
1286 241 1345 267 laus
1373 241 1418 268 ﬂet
1448 243 1481 269 ab
1502 249 1535 269 eo
1567 243 1610 269 ί.»
1638 241 1666 268 lu

880 288 1032 322 Evangeliis
1048 291 1136 314 autent
1150 286 1289 317 scribitur,
1305 286 1375 320 quod
1407 286 1433 313 in
1463 287 1609 315 novissimo
1624 288 1667 314 die

880 335 1004 362 Christus
1017 341 1081 361 oves
1095 333 1129 360 ab
1143 332 1226 360 haedis
1239 332 1386 366 separabit,
1408 338 1489 367 atque
1519 340 1583 360 oves
1608 334 1668 366 qni-

881 380 941 407 dem
958 387 973 406 a
995 379 1108 410 dextris,
1130 378 1220 405 haedos
1236 382 1326 404 autem
1343 385 1356 403 ιι
1371 377 1489 405 sinistris
1501 378 1642 405 collocabit
1658 387 1665 405 :

883 426 966 453 malos
997 425 1105 460 quidem
1136 425 1268 451 missurus
1298 424 1323 450 in
1359 423 1448 458 ignem
1478 429 1630 455 aeternum;
1653 432 1667 450 a

882 474 975 499 dextra
992 479 1055 498 vero
1072 469 1328 498 coustitutislaudes
1341 477 1392 495 una
1409 477 1470 495 cum
1485 469 1602 503 praemiis
1617 469 1670 495 lar.

882 517 999 552 giturus,
1016 516 1126 542 dicens:
1143 523 1152 540 ι
1173 515 1278 547 Venite,
1293 513 1429 541 benedicti
1445 513 1536 541 Patris
1561 514 1624 545 mei,
1640 518 1669 541 et

883 560 1016 594 possidete
1033 567 1143 594 regnum
1163 558 1233 593 quod
1246 563 1368 592 paratum
1385 563 1427 585 est
1452 559 1529 585 vobis
1557 566 1571 584 a
1599 566 1668 586 con-

883 606 1022 634 stitutione
1037 605 1129 631 mundi
1156 605 1177 630 '.
1198 614 1207 630 ι
1223 603 1251 631 Si
1267 612 1332 639 ergo
1346 611 1408 631 cum
1425 604 1534 631 virtutis
1548 604 1668 632 cultores

883 652 1007 679 laudibus
1022 650 1166 678 alie-cturus
1182 655 1223 678 est
1238 650 1320 682 Deus,
1334 650 1459 678 Christus
1473 654 1514 678 est
1536 651 1582 685 qui
1609 650 1669 677 lau-

883 699 941 731 dat,
956 698 1092 733 quomodo
1104 698 1140 725 sit
1155 702 1290 730 creatura,
1301 702 1328 726 et
1345 704 1397 724 non
1426 697 1516 732 potius
1544 696 1614 724 Deus
1634 705 1667 724 ex

884 745 950 777 Deo,
969 744 1122 771 universam
1132 747 1259 777 paternae,
1281 742 1406 769 essentiae
1430 742 1625 777 proprietatem
1641 743 1667 768 in

883 797 914 818 se
929 791 1030 818 habens
1040 794 1122 824 atque
1136 788 1237 816 idcirco
1253 789 1321 816 Deus
1336 788 1481 820 exsistens,
1503 788 1613 823 perinde
1630 791 1670 815 at.

35 833 180 868 δλονὲχων
204 833 235 859 τὸ
265 833 341 864 ἴδιον,
359 832 407 859 καὶ
429 831 466 858 ὣν
489 832 534 859 διὰ
560 833 639 859 τοῦτο
657 834 736 867 φύσει
753 833 830 868 Θεὸς,

895 844 936 872 [ue
955 836 1012 871 ipse
1019 835 1101 864 Pater
1109 836 1120 862 2

35 878 133 912 ὡσπερ
157 878 202 904 καὶ
216 879 229 904 ὁ
244 879 378 912 γεννήσας
401 877 498 908 αὑτόν;

75 937 84 952 ι
103 928 144 953 Ur)
159 927 212 961 γὰρ
229 926 342 960 θέλομεν
358 925 440 960 ὑμᾶς,
466 924 560 959 φησὶν,
578 923 695 957 ἀγνοεῖν,
711 923 830 958 ἀδελφοὶ,

36 975 105 1008 ὑπὲρ
122 973 173 1007 τῆς
189 972 303 1006 θλίψεως
328 971 406 1006 ἡμῶν
422 970 471 1005 τῆς
483 969 632 1005 γενομένης
653 969 682 995 ὲν
694 971 725 1005 τῇ
743 970 830 1006 ’Δσίᾳ,

34 1022 74 1047 ὅτι
88 1019 155 1046 καθ’
169 1017 320 1053 ὑπερϐολὴν
338 1017 408 1051 ὑπὲρ
427 1016 542 1050 δύναμιν
556 1015 742 1050 ἐϐαρήθημεν.
759 1015 830 1042 ὥστε

33 1063 243 1099 ἐξαπορηθῆναι
258 1063 331 1098 ἡμᾶς
343 1062 390 1088 καὶ¹
408 1060 455 1087 τοῦ
477 1061 537 1095 ζῇν·
564 1059 622 1086 ἀλλ’
638 1060 714 1086 αὐτοὶ
736 1060 764 1086 ὲν
779 1061 830 1087 αὑη

33 1112 90 1141 ταῖς
103 1110 137 1137 τὸ
153 1109 297 1144 ἀπόκριμα
320 1107 366 1134 τοῦ
392 1106 508 1132 θανάτου
526 1105 696 1140 ἐσχήκαμεν,
726 1105 770 1131 ἵνα
792 1104 831 1140 μὴ

35 1155 204 1186 πεποιθότες
228 1152 303 1189 ὦμεν
319 1152 362 1187 ἐφ’
375 1152 492 1183 ἑαυτοῖς,
519 1149 577 1177 ἀλλ’
598 1151 645 1177 ἐπὶ
668 1149 707 1185 τῷ
721 1149 781 1185 Θεῷ
793 1149 832 1185 τῷ

39 1195 182 1229 ἐγείροντι
198 1193 262 1224 τοὺς
279 1193 402 1228 νεκρούς.
418 1203 427 1219 ι
455 1193 519 1220 Ἰδοὺ
536 1194 618 1221 πάλιν
631 1194 723 1221 ὶνθάδε
738 1196 833 1230 σαφῶς

37 1241 112 1268 Θεὸν
127 1238 199 1266 εἶναι
215 1245 284 1274 φησι
298 1240 343 1265 τὸν
360 1240 500 1275 ὲγιίροντα
523 1241 585 1272 τοὺς
606 1242 730 1276 νεκρούς.
746 1240 833 1268 Τοῦτο

37 1285 68 1312 δὲ
97 1284 222 1318 Χριστὸς
246 1284 404 1319 ἐργάζεται,
433 1285 532 1319 λέγων,
552 1286 614 1312 κοτὲ
633 1287 700 1320 μέν·
731 1295 740 1312 t
762 1287 832 1320 Ἐγώ

38 1330 101 1363 ειμι
119 1330 137 1364 ὴ
153 1329 301 1359 ἀνάστασις
317 1329 391 1364 καὶὴ
413 1329 469 1365 ζωή
481 1339 488 1346 ·
509 1340 519 1357 ι
536 1331 601 1358 ποτὲ
617 1331 645 1358 δὲ
662 1332 759 1359 πάλιν·
775 1341 785 1358 ‹
804 1333 832 1359 Ὁ

38 1375 186 1403 πιστεύων
195 1375 235 1406 εἰς
249 1375 309 1410 ἐμὲ,
319 1376 375 1410 ἔχει
388 1375 459 1411 ζωὴν
474 1376 593 1410 αἰώνιον,
603 1378 679 1412 κάγὼ
687 1379 832 1414 ἀναστήσω

37 1423 130 1449 αὑτὸν
149 1423 179 1448 ἐν
197 1423 230 1456 τῇ
254 1422 357 1457 ἐσχάτῃ
378 1422 480 1457 ἡμέρᾳ.
497 1430 507 1447 ι
537 1423 605 1455 Θεὸς
631 1422 678 1451 οὗν
695 1424 748 1459 ἄρα
764 1425 835 1451 κατὰ

39 1469 132 1503 φύσιν
148 1468 164 1493 ὁ
182 1468 256 1499 Υἱὸς,
279 1468 402 1502 ἐνεργεῖν
418 1468 582 1502 δυνάμενος,
606 1468 625 1496 ἃ
641 1470 715 1505 μόνῳ
736 1470 835 1505 πρέπει

849 1506 869 1533 θ
888 1524 927 1547 ra,
946 1523 1033 1550 neque
1047 1523 1125 1550 opus.

37 1515 120 1548 Θεῷ.
139 1513 244 1540 Οὐκοῦν
259 1513 289 1539 οὐ
305 1513 491 1547 ποίημα,οὑδὲ
506 1513 619 1548 κτίσμα.

80 1557 128 1591 Τῷ
141 1558 178 1584 δὲ
190 1557 250 1589 Θεῷ
261 1557 346 1592 χάρις
357 1556 397 1590 τῷ
411 1557 540 1585 πάντοτε
548 1559 751 1593 θριαμϐεύοντι
760 1560 838 1594 ἡμᾶς

36 1606 76 1632 ὲν
93 1604 137 1636 τῷ
147 1602 274 1638 Χριστῷ,
286 1604 334 1630 καὶ
349 1603 406 1638 τὴν
415 1603 517 1638 ὀσμήν
527 1604 583 1638 τῆς
592 1605 730 1640 γνώσεως
744 1605 838 1633 αὑτοῦ

37 1650 229 1686 φανεροῦντι
241 1649 278 1676 δι’
292 1649 385 1683 ἡμῶν.
404 1650 433 1677 '0
450 1650 651 1685 φανερούμενος
670 1651 715 1678 διά
738 1660 767 1678 τι
786 1652 839 1678 τῶν

36 1696 238 1725 ἀποττολιχῶυ
251 1697 297 1723 καὶ
307 1696 493 1730 εὑαγγελικῶν
501 1697 687 1732 κηρυγμάτων
695 1697 736 1730 τίς
750 1698 783 1725 ἂν
796 1699 839 1733 εἴη

37 1743 144 1778 ἕτερος
159 1742 235 1777 παρά
249 1742 384 1776 Χριστόν;
398 1743 483 1774 Αὐτὸς
497 1743 642 1778 τοιγαροῦν
651 1744 725 1770 ἐστιν
738 1744 754 1778 ή
768 1744 840 1779 ὀσμὴ

37 1789 95 1822 τῆς
112 1787 244 1821 γνώσεως
261 1786 308 1812 τοῦ
328 1787 396 1813 Θεοῦ
411 1787 459 1814 καὶ
475 1788 580 1823 Πατρδς
598 1789 668 1816 κατὰ
682 1792 712 1815 το
728 1790 842 1825 είρημέ-

36 1843 89 1862 νον
106 1833 178 1869 παρ’
192 1833 273 1861 αὑτοῦ
289 1833 393 1866 οὐδεὶς
407 1833 526 1868 ἔρχεται
539 1833 613 1867 πρὸς
626 1834 679 1861 τὸν
693 1834 806 1868 Πατέρα
817 1836 843 1861 ει

32 1881 85 1916 μὴ
114 1880 155 1907 δι’
175 1880 258 1915 ἐμοῦ.
275 1880 330 1907 Καὶ
345 1880 437 1911 πάλιν,
460 1880 491 1906 ὐ
508 1879 644 1913 ἑωρακὼς
664 1879 717 1915 ἐμὲ
733 1880 843 1914 ἑώρακε

35 1927 102 1953 τὸν
115 1925 246 1959 Πατέρα.
270 1925 357 1960 Ὀσμὴ
374 1923 517 1960 τοιγαροῦν
532 1925 662 1960 ὑπάρχων
677 1925 724 1951 τοῦ
738 1925 843 1960 lla-.932;

35 1974 72 2000 οὐ
89 1972 149 1998 κᾶν
167 1971 211 2006 εἴη
225 1970 294 2006 πρὸς
308 1971 388 1998 αὺτδν
401 1971 579 2005 ἐτεροούσιος,
597 1971 654 1998 ἀλλ’
667 1971 761 2006 ὥσπερ
783 1973 798 2007 ἡ
813 1972 842 2005 ἐξ

35 2020 157 2048 ἀνθέων
178 2018 277 2044 εὐωδία
289 2017 421 2052 (φυσικῶς
437 2025 468 2044 τε
485 2017 532 2044 καὶ
546 2017 685 2048 οὺσιωδῶς
706 2018 843 2053 προεκκύ-

37 2072 160 2092 moueo.
183 2063 231 2089 τοῦ
248 2064 429 2096 γεννήσαντος
444 2062 530 2098 αὐτὴν
550 2062 635 2094 εἴδους
654 2063 728 2090 ἐστὶν
742 2064 845 2097 ἐκφαν-

34 2111 127 2144 τικὴ,
146 2110 217 2135 οὕτω
231 2110 278 2135 καὶ
293 2110 306 2134 ὁ
322 2108 384 2139 Υίδς
399 2108 472 2143 ὀσμή
487 2117 529 2139 τις
542 2108 637 2144 ὥσπερ
651 2109 699 2143 τῆς
715 2108 844 2144 πατρῴαις

918 930 929 948 ι
947 920 1088 955 Nolumus,
1099 921 1197 956 inquit,
1206 929 1254 949 vos
1268 922 1402 956 ignorare,
1415 923 1524 957 fratres,
1540 924 1572 952 de
1585 925 1672 953 tribu-

884 966 985 993 latione
998 971 1090 993 nostra
1102 965 1172 993 facta
1185 966 1210 993 in
1225 966 1299 998 Asia,
1316 967 1442 1000 quoniam
1458 975 1538 1002 supra
1563 969 1670 996 modum

883 1012 987 1047 gravati
1007 1019 1101 1039 smnus
1112 1020 1192 1047 supra
1210 1012 1349 1045 virtutem,
1365 1013 1401 1040 ita
1413 1018 1442 1040 ut
1459 1015 1568 1042 taederet
1589 1016 1671 1042 etiam

884 1065 932 1084 nos
947 1058 1056 1084 vivere:
1077 1058 1123 1084 sed
1149 1057 1199 1092 ipsi
1223 1058 1249 1084 in
1278 1058 1478 1094 nobismetipsis
1512 1067 1670 1095 responsum

884 1104 978 1130 mortis
993 1103 1184 1135 habuimus,ut
1200 1111 1252 1130 non
1268 1104 1473 1132 simuslidentes
1485 1104 1511 1132 in
1529 1105 1671 1136 nobis.setl

884 1148 910 1175 in
923 1147 978 1176 Deo
995 1149 1040 1182 qui
1057 1149 1170 1176 suscitat
1183 1154 1307 1177 mortuos
1328 1151 1350 1176 ³.
1367 1158 1376 1174 ι
1390 1150 1458 1177 Ecce
1487 1158 1582 1178 rursus
1626 1151 1671 1178 hic

883 1201 978 1231 aperte
995 1198 1034 1223 ait
1053 1196 1137 1223 Deum
1152 1204 1215 1224 esse
1230 1197 1275 1231 qui
1295 1197 1409 1225 suscitat
1426 1201 1557 1224 mortuos.
1574 1195 1601 1222 ld
1619 1202 1668 1221 au-

884 1247 937 1270 tem
953 1241 1080 1269 Christus
1096 1241 1171 1272 facit.
1188 1242 1287 1269 alicubi
1311 1242 1419 1276 quidem
1440 1241 1534 1268 dicens
1553 1249 1559 1268 :
1581 1249 1590 1265 ι
1611 1239 1667 1274 Ego

884 1295 942 1316 sum
968 1287 1133 1315 resurrectio
1158 1292 1184 1314 et
1208 1288 1263 1314 vita
1280 1286 1308 1319 δς
1328 1296 1337 1313 ι
1357 1287 1457 1314 alicubi
1482 1293 1568 1313 vero:
1586 1295 1594 1311 ι
1615 1285 1667 1318 Qui

884 1333 971 1361 credit
987 1333 1014 1359 in
1029 1339 1082 1365 me,
1104 1332 1186 1359 habet
1203 1333 1286 1359 vitam
1308 1338 1449 1364 teternam,
1469 1337 1495 1359 et
1511 1340 1560 1367 ego
1577 1332 1667 1358 susci-

886 1379 949 1406 tabo
968 1387 1029 1406 eum
1056 1378 1083 1405 in
1108 1378 1259 1405 novissimo
1281 1378 1324 1405 die
1339 1378 1360 1404 '.
1380 1387 1388 1403 I
1414 1377 1498 1404 Filius
1520 1377 1611 1410 itaque
1625 1379 1669 1403 est

886 1431 984 1452 natura
1012 1423 1092 1456 Deus,
1117 1424 1216 1458 quippe
1239 1424 1284 1458 qui
1306 1431 1337 1451 ea
1364 1423 1478 1450 faciendi
1506 1426 1668 1457 potestatem

887 1471 967 1498 habet
981 1477 1040 1503 quae
1057 1470 1108 1497 soli
1126 1471 1180 1497 Deo
1197 1470 1333 1496 convenit.
1350 1469 1406 1496 Non
1425 1474 1464 1496 est
1483 1477 1547 1504 ergo
1561 1475 1671 1498 creatu-

923 1562 986 1593 Deo.
1004 1562 1100 1596 inquit,
1117 1562 1218 1597 gratias
1239 1562 1283 1596 qui
1302 1569 1403 1596 semper
1427 1561 1568 1596 triumphat
1585 1570 1631 1589 nos
1643 1563 1671 1589 in

888 1608 994 1636 Christo
1005 1608 1078 1641 Jesu,
1102 1613 1126 1635 rt
1140 1608 1245 1635 odorem
1265 1608 1366 1635 nalitite
1381 1615 1437 1634 tute
1458 1608 1609 1642 manifestat
1625 1615 1672 1641 per

889 1663 936 1682 nos
955 1656 973 1681 '.
988 1654 1038 1688 Qui
1054 1654 1209 1690 apostolicis
1221 1658 1248 1682 et
1262 1653 1425 1689 evangelicis
1436 1654 1672 1688 praedicationibus

890 1701 1091 1732 manifestatur,
1108 1700 1153 1734 qui
1171 1700 1240 1726 alius
1259 1704 1310 1731 est,
1327 1700 1377 1727 nisi
1391 1699 1537 1727 Christus?
1554 1701 1610 1735 ipse
1629 1701 1672 1727 ni-

892 1747 988 1773 mirum
1004 1750 1046 1772 est
1059 1745 1126 1772 odor
1138 1745 1240 1772 notitiae
1255 1743 1312 1776 Dei,
1329 1750 1354 1771 et
1369 1743 1456 1772 Patris
1474 1753 1482 1772 :
1499 1743 1582 1771 Nemo
1592 1745 1671 1778 enim,

893 1791 991 1826 inquit,
1010 1791 1078 1818 venit
1100 1790 1134 1817 ad
1154 1790 1271 1822 Patrem,
1288 1790 1338 1816 nisi
1360 1797 1406 1824 per
1421 1797 1462 1817 me
1473 1791 1492 1816 ".
1509 1788 1542 1816 Et
1553 1797 1672 1816 rursum:

893 1837 945 1870 Qui
962 1837 1027 1864 vidit
1043 1844 1093 1868 me,
1110 1835 1208 1870 inquit,
1226 1835 1292 1863 vidit
1304 1835 1411 1862 Patrem
1430 1837 1449 1862 '.
1461 1835 1526 1862 Cum
1543 1835 1628 1870 igitur
1640 1835 1675 1861 sit

893 1884 959 1911 odor
976 1882 1075 1914 Patris,
1091 1889 1145 1910 nou
1161 1885 1203 1909 est
1221 1882 1339 1908 essentia
1362 1880 1486 1908 diversus
1503 1879 1537 1907 ab
1554 1887 1597 1911 eo,
1627 1879 1674 1906 sed

894 1929 1118 1964 quemadmodum
1144 1928 1229 1955 bonus
1249 1928 1316 1954 odor
1333 1926 1431 1955 ﬂorum
1459 1927 1619 1954 naturaliter
1642 1926 1676 1953 ab

896 1974 962 2010 ipsis
973 1974 1134 2010 proveniens
1147 1974 1250 2002 indicat
1271 1973 1346 2001 ﬂoris
1359 1980 1451 2008 genus,
1464 1973 1534 2000 unde
1548 1977 1675 2007 tanquam

894 2029 926 2049 ex
947 2026 1024 2056 patre
1039 2026 1121 2048 natus
1134 2025 1186 2053 est,
1203 2020 1242 2047 sic
1257 2025 1285 2047 et
1308 2018 1393 2047 Filius
1410 2020 1535 2047 essentia:
1557 2025 1677 2054 paterna:

893 2075 925 2095 ex
941 2075 994 2102 qua
1008 2067 1066 2101 ipse
1081 2067 1190 2101 quidam
1207 2066 1287 2093 veluti
1307 2066 1373 2093 odor
1387 2066 1536 2100 genitorem
1557 2065 1677 2093 declarat

893 2122 984 2142 suum.
998 2113 1056 2140 Non
1073 2113 1154 2148 igitur
1169 2112 1267 2146 factus,
1288 2119 1338 2140 nec
1355 2117 1462 2140 creatus
1477 2132 1485 2145 ,
1497 2113 1605 2147 quando
1626 2120 1676 2140 nec

36 2157 187 2191 ὑπάρχων
197 2155 302 2186 οὐσίας,
313 2155 359 2188 ἀφ’
378 2152 411 2190 ἧς
425 2155 510 2184 ἐστιν.
525 2153 605 2185 αὐτὸς
618 2153 662 2180 τὸν
678 2155 839 2190 γεννήσαντα

895 2159 1024 2193 ejusmodi
1043 2158 1123 2185 Pater
1135 2162 1187 2185 est.

34 2202 141 2236 δηλοῖ.
157 2201 260 2227 Οὐκοῦν
272 2200 302 2226 οὐ
314 2199 429 2234 ποίημα,
443 2199 503 2225 οὐδὲ
512 2199 625 2234 κτίσμα,
638 2201 698 2226 ἐπεὶ
714 2200 752 2235 μὴ
766 2200 844 2233 τοῦτο

37 2250 94 2274 ἐστ
102 2256 131 2273 ιν
148 2248 162 2272 ὁ
179 2247 283 2280 Πατήρ.

86 2307 97 2322 ι
128 2295 256 2330 Γνωρίζω
280 2294 309 2320 δὲ
338 2293 412 2328 ὑμῖν,
438 2291 559 2326 ἀδελφοὶ,
583 2290 614 2316 τὺ
638 2288 804 2324 Εὑαγγέλιον
819 2285 851 2314 τὸ

35 2341 251 2376 εὐαγγελισθὲν
276 2339 322 2366 ὑπ’
343 2338 421 2373 ἐμοῦ,
446 2338 487 2364 ὅτι
509 2336 560 2363 οὐκ
578 2335 636 2362 ἐστι
656 2336 725 2361 κατὰ
742 2334 849 2368 ἄνθρω-

37 2398 117 2416 πον.
133 2386 200 2413 Οὐδὲ
214 2385 268 2421 γὰρ
281 2383 337 2418 ἐγὼ
352 2383 427 2419 παρὰ
445 2381 588 2418 ἀνθρώπου
604 2379 758 2416 παρέλαϐον
773 2378 849 2410 αὐτὸ,

36 2435 116 2462 οὐδὲ
139 2430 290 2466 ἐδιδάχθην,
308 2429 376 2456 ἀλλὰ
400 2429 433 2455 δι’
455 2426 652 2461 ἀποκαλύψεως
679 2424 767 2460 Ἰησοῦ
782 2425 851 2460 Χρι-

36 2479 132 2509 στοῦ.
155 2488 163 2503 ι
184 2478 299 2512 Ἴδωμεν
315 2476 405 2502 τοίνυν
428 2475 455 2501 τί
481 2473 546 2509 περὶ
568 2472 615 2499 τοῦ
641 2472 705 2499 Υίοῡ
731 2479 813 2505 φησιν
837 2471 852 2497 ὁ

36 2526 122 2561 παρ’
142 2523 224 2551 αὐτοῦ
240 2524 271 2550 τὸ
295 2522 362 2558 περὶ
383 2520 466 2548 αὐτοῦ
485 2517 654 2556 μεμαθηκὼς
683 2518 851 2553 μυστήριον·

38 2583 50 2599 ε
86 2569 202 2605 Ἰησοῦς
214 2568 342 2604 Χριστὸς,
356 2567 436 2603 φησι,
448 2566 513 2602 χθὲς
530 2565 578 2591 καὶ
603 2565 722 2599 σήμερον
744 2564 758 2589 ὁ
773 2563 854 2595 αὐτὸς

35 2618 100 2646 καὶ
124 2615 164 2646 εἰς
188 2615 250 2645 τοὺς
269 2613 380 2644 αἰῶνας.
410 2621 419 2638 ι
442 2611 508 2638 Ἰδοὺ
526 2610 620 2645 σαφῶς
634 2610 665 2636 τὸ
684 2610 712 2635 ὲν
729 2608 856 2645 ἀτρέπτῳ

33 2664 101 2693 καὶ
124 2661 321 2696 ἀμεταποιήτῳ
338 2658 417 2693 φύσει
433 2657 540 2684 κεῖσθαι
558 2656 604 2683 τὸν
628 2655 693 2682 Υἱὸν
711 2654 854 2690 ὁμολογεῖ·

35 2712 130 2743 ὅπερ
148 2706 213 2733 ἴδιον
231 2706 311 2741 μόνου
326 2704 395 2731 Θεοῦ
418 2703 464 2730 καὶ
489 2701 605 2737 Πατρὸς,
619 2701 706 2736 ἑτέρῳ
724 2700 751 2726 δὲ
769 2699 856 2734 πρόσ-

929 2300 939 2318 ι
957 2289 1096 2326 Significo,
1112 2287 1211 2322 inquit,
1229 2285 1316 2318 vobis,
1332 2283 1430 2311 fratres
1442 2302 1450 2316 ,
1467 2282 1540 2317 quod
1553 2280 1678 2316 Evange-

893 2338 968 2371 lium,
986 2336 1058 2371 quod
1075 2343 1090 2362 ιι
1109 2341 1151 2361 me
1167 2332 1243 2360 vobis
1255 2330 1468 2366 evangelizatum
1486 2332 1549 2361 est,
1565 2334 1619 2355 non
1637 2331 1680 2355 est

894 2381 1042 2410 secundum
1057 2378 1205 2406 hominem.
1224 2376 1279 2411 Ego
1292 2375 1365 2402 enim
1380 2381 1434 2401 non
1451 2371 1544 2407 accepi
1565 2371 1629 2399 illud
1646 2371 1681 2398 ab

895 2427 1015 2458 homine,
1041 2425 1088 2452 sed
1108 2431 1156 2458 per
1182 2422 1373 2451 revelationem
1397 2418 1461 2448 Iesu
1483 2418 1584 2446 Christi
1628 2415 1650 2444 '.
1667 2425 1678 2443 ι

898 2472 1040 2501 Videamus
1056 2471 1147 2505 itaque
1164 2469 1227 2505 quid
1243 2468 1276 2495 de
1289 2466 1360 2494 Filio
1377 2465 1460 2499 dicat.
1483 2464 1529 2499 qui
1543 2471 1558 2490 a
1573 2462 1683 2490 Christo

897 2519 1054 2554 mysterium
1071 2515 1172 2544 Christi
1198 2513 1294 2542 didicit
1311 2521 1319 2540 :
1339 2522 1348 2539 ι
1359 2511 1449 2543 Jesus,
1469 2510 1567 2545 inquit,
1580 2508 1640 2536 heri
1656 2511 1684 2539 et

899 2563 990 2595 hodie,
1007 2562 1064 2597 ipse
1078 2559 1198 2588 etiamin
1212 2558 1310 2587 saecula
1330 2557 1361 2585 “.
1381 2567 1391 2584 ι
1409 2558 1480 2585 Ecce
1496 2563 1576 2591 quam
1592 2558 1684 2588 aperte

899 2610 1055 2645 proﬁtetur,
1069 2608 1207 2636 Christum
1221 2604 1397 2633 immutabilis
1408 2608 1511 2631 natura:
1526 2599 1684 2634 esse;quod

899 2656 1008 2691 quidem
1026 2654 1076 2682 soli
1091 2653 1146 2681 Deo
1155 2661 1188 2680 ac
1204 2652 1278 2680 Patri
1290 2650 1430 2687 proprium
1444 2652 1495 2682 estI
1520 2654 1607 2682 neque
1625 2646 1685 2672 cui-

901 2708 981 2735 quam
999 2703 1132 2727 crenturte
1147 2698 1282 2732 congruit.
1302 2695 1450 2730 Quocirca.
1476 2694 1498 2721 si
1523 2693 1596 2720 solus
1613 2691 1698 2717 Deus‘

33 2763 121 2785 εστι
148 2753 203 2779 τῶν
231 2751 352 2786 γενητῶν
371 2750 469 2777 οὐδενί.
495 2748 601 2775 Οὐκοῦν
625 2749 649 2775 εἰ
676 2747 754 2782 μόνος
775 2746 839 2781 ἇτρε

905 2755 936 2775 ac
973 2746 1054 2773 Pater
1080 2749 1122 2772 est
1151 2742 1350 2775 immutabilis,
1383 2741 1469 2770 Filius
1503 2743 1594 2766 autem
1619 2737 1684 2771 ejus-

89 2822 103 2838 ¹
129 2822 211 2850 lCor.
228 2830 265 2854 Iv,
279 2823 306 2849 5.
344 2823 355 2838 '
375 2821 470 2849 Matth.
488 2827 551 2852 xxvi,
569 2820 600 2847 51
622 2827 698 2856 seqq.

39 2870 83 2892 ιι,
104 2858 154 2890 IL,
175 2857 217 2885 l5.

737 2820 747 2837 ³
762 2820 770 2847 l
785 2819 883 2847 Thess.
901 2825 938 2849 Iv,
957 2816 1001 2844 i2.
1040 2815 1051 2832 ⁸
1068 2815 1145 2843 Joan.
1164 2823 1202 2845 xv.
1217 2815 1264 2842 25.
1301 2814 1401 2842 'Joan.
1417 2821 1455 2848 vr,
1477 2813 1523 2842 40.
1561 2812 1571 2829 '
1585 2812 1606 2840 ll
1624 2811 1686 2842 Cor.

254 2850 264 2873 ί
284 2857 363 2885 Joan.
386 2864 441 2889 xiv,
458 2857 484 2884 6.
523 2856 533 2872 ⁸
545 2850 615 2883 ibid.
633 2850 708 2882 9.”⁹
723 2855 811 2883 Galat.
832 2862 838 2880 ι

895 2855 913 2886 l,
930 2852 974 2879 12.
1017 2851 1037 2867 ‘°
1055 2851 1139 2878 llcbr.
1158 2858 1218 2884 xui,
1242 2850 1270 2878 8.
