1891 3076
40 156 102 188 645

512 160 696 191 ΡΑΝΟιῚλιΛ
718 160 945 192 DOGMA'l‘lCA.
969 174 1003 180 -—
1022 161 1094 193 ΤΙΤ.
1118 163 1172 192 XI.

1615 166 1629 194 (ἶ
1633 166 1646 195 4
1650 167 1666 195 li

32 219 110 246 Θεοῦ
128 219 174 247 καὶ
188 219 304 255 Πατρδς,
317 219 420 255 Κύριός
438 220 495 246 ἐστι
512 221 557 246 καὶ
573 221 586 247 6
602 220 673 252 Υἱὸς,
697 221 743 247 καὶ
759 223 772 248 6
787 230 831 248 πι-

913 222 1022 254 )nxinus,
1039 222 1124 250 Filius
1136 231 1243 259 quoque
1257 230 1298 252 est
1315 225 1453 258 Dutninns,
1472 233 1498 255 et
1511 229 1557 263 qui
1580 231 1668 258 credit

33 265 147 292 cnstin
160 266 200 297 εἰς
214 265 305 297 αὐτὸν,
318 266 357 297 εις
372 265 417 292 τὸν
430 266 538 302 Πατέρα
548 266 679 293 πιστεύει.
705 266 751 292 Ἐκ
773 267 830 293 Πα-

31 312 105 347 τρδς
121 312 176 348 γὰρ
190 312 311 348 δηλονότι
330 312 377 338 καὶ
391 313 420 339 ὲν
450 312 536 347 Πατρὶ
558 312 679 346 φυσικῶς
701 313 831 348 ὑπάρχων

32 358 116 390 Υἱὸς,
133 358 203 393 ἔχων
216 367 247 385 τε
265 356 299 385 αὖ
315 358 396 385 πάλιν
413 358 442 384 ἐν
456 357 546 392 ἐαυτῷ
563 358 608 384 τὸν
625 358 744 394 Πατέρα,
766 367 829 385 συν-

31 404 209 438 θεολογείται
235 403 282 430 καὶ
308 403 507 436 συνδοξάξεται.
530 404 584 430 Καὶ
604 404 689 434 οὕτως
706 405 745 435 εἰς
767 403 830 438 μίαν

30 449 184 476 ἀναὸσίνει
209 449 323 484 θεότητα.
346 449 402 476 τῶν
426 450 620 485 προσιόντωνή
649 449 749 481 πίστις.
766 449 829 481 Πῶς

31 492 90 522 οὖν
105 495 136 521 ὲν
157 495 317 530 ποιήμασιν,
330 495 344 521 6
358 495 449 522 πάντα
465 494 534 527 ἒχων
547 494 624 521 κοινὰ
639 494 705 529 πρὸς
719 493 765 520 τὸν
784 493 835 521 Πα-

31 541 121 575 τέρα,
134 540 172 572 ὠς
192 540 294 575 ἀληθὴς
312 539 394 566 αὑτοῦ
421 540 471 574 τῆς
489 540 584 571 οὐσίας
609 539 724 574 καρπὸς,
745 539 792 565 καὶ
805 538 835 565 οὗ

32 585 171 620 καθάπερ
188 586 269 620 ἡμεῖς
283 585 355 611 θετοὶ
375 584 442 620 πρὸς
463 585 575 620 υἱότητα
597 584 644 610 καὶ
660 584 834 620 ἐγκεκεντρι-

32 632 131 666 σμὲνα
147 630 323 666 βλαστήματα
334 638 342 663 ;

78 742 88 757 ι
107 732 219 758 Γίνεσθε
242 730 286 759 οὖν
304 731 422 767 μιμηταὶ
445 732 492 758 τοῦ
509 731 589 762 Θεοῦ,
606 732 643 763 ὡς
660 732 742 758 τέκνα
767 732 835 766 ἀγα-

32 777 128 811 πητὰ,
149 777 197 805 καὶ
211 779 386 812 περιπατεῖτε
398 779 427 803 ὲν
442 777 548 812 ἀγάπῃ,
564 776 655 808 καθὼς
675 776 722 804 καὶ
740 777 753 802 ὁ
767 777 834 812 Χρι-

34 823 105 854 στὸς
125 823 269 857 ἠγάπησεν
283 823 368 857 ἡμᾶς,
392 822 439 849 καὶ
463 821 620 856 παρέδωκεν
645 821 741 848 ἑαυτὸν
765 821 836 856 ὑπὲρ

35 869 131 904 ἡμῶν.
153 878 163 894 ι
180 869 251 904 Ὅρα
267 868 299 903 δὴ
311 868 395 895 πάλιν
405 868 479 899 ὅπως
504 867 570 894 Θεὸν
584 865 636 894 οἶδέ
661 876 690 894 τε
709 867 757 893 καὶ
776 868 834 893 ὀνο-
846 887 865 913 Β

34 915 125 950 μάζει
140 914 269 949 Χριστόν.
287 913 415 950 Εἱρηκὼς
431 913 485 949 γὰρ
504 913 558 940 δεῖν
572 914 645 949 ἡμᾶς
662 914 782 948 μιμητὰς
793 921 836 947 γε-

34 958 137 985 νέσθαι
169 957 247 990 Θεοῦ,
270 958 351 990 εὐθὺς
376 957 556 992 παρατίθησιν
582 957 674 989 αὑτὸν,
700 957 747 983 καὶ
763 957 835 990 ὅπως

881 268 907 294 in
925 267 1024 302 ipsum,
1041 269 1067 295 in
1084 268 1191 296 Patrem
1214 271 1310 298 credit.
1332 271 1369 298 Ex
1390 272 1470 300 Patre
1491 275 1562 301 enim
1581 277 1667 304 inani-

881 313 949 340 leste
969 319 995 341 et
1020 314 1046 341 in
1069 313 1150 342 Patre
1167 316 1327 342 naturaliter
1343 318 1478 345 exsisteus
1501 318 1596 351 Filius,
1623 323 1667 348 ha-

882 359 1002 392 bensque
1015 359 1133 387 vicissim
1149 360 1175 386 in
1196 367 1225 387 se
1240 360 1356 392 Patrem,
1376 362 1455 389 sitnul
1471 371 1531 390 rum
1549 373 1581 392 eo
1598 365 1667 394 Deus

882 403 990 436 dicitur.
1010 410 1037 431 et
1052 405 1131 433 simul
1147 406 1324 441 gloriﬁcatur.
1341 408 1429 443 Atque
1443 409 1479 437 ita
1497 411 1666 438 credentium

880 448 947 477 fides
961 449 989 477 in
1009 458 1088 478 unam
1105 452 1231 479 deitatem
1247 453 1343 479 tetulit.
1360 454 1500 486 Quomodo
1517 455 1599 489 igitur
1617 463 1667 483 an-

876 495 1066 523 numerabitur
1084 496 1219 523 creaturis
1236 496 1282 531 qui
1300 498 1392 524 omnia
1416 499 1496 526 habet
1512 501 1667 529 communia

876 550 938 570 cum
961 541 1053 575 Patre,
1072 547 1101 569 ut
1124 549 1205 570 verus
1225 545 1353 571 essentne
1372 545 1455 579 ipsius
1478 546 1592 579 fructus,
1612 557 1663 575 non

876 593 967 615 autent
995 588 1064 616 sicut
1093 595 1141 615 nos
1173 588 1294 622 atloptitii
1324 589 1369 616 lilii
1390 597 1469 624 atque
1489 593 1581 620 inserti
1605 601 1665 620 sur-

876 633 947 661 culi?

916 737 925 754 ί
944 727 1009 755 Sitis
1043 735 1119 762 ergo,
1140 728 1237 762 inquit,
1264 729 1415 757 imitatores
1438 731 1495 763 Dei,
1523 733 1592 758 sicut
1617 734 1664 759 {iit

878 773 979 805 dilecti,
993 779 1018 800 et
1036 773 1171 800 ambulate
1194 774 1221 801 in
1245 775 1390 808 cluat-italo,
1413 777 1483 803 sicut
1499 782 1525 803 et
1541 778 1665 806 Christus

876 818 971 845 dilexit
984 827 1043 850 nos,
1062 825 1088 845 et
1104 819 1214 845 tradidit
1229 819 1348 854 scipsum
1363 829 1411 854 pro
1429 822 1523 848 nobis'
1542 842 1548 848 .
1568 832 1577 849 ι
1599 823 1665 851 Vide

879 871 974 890 rursus
1000 864 1134 898 quomodo
1148 864 1284 891 Christum
1308 865 1390 892 Deum
1409 874 1439 892 ac
1455 866 1596 894 Domimnu
1621 878 1666 895 no-

878 910 973 937 minet.
989 910 1055 936 Cum
1070 910 1141 936 enim
1158 911 1270 938 dixisset
1284 911 1382 938 debere
1398 920 1447 939 nos
1468 912 1525 939 fieri
1542 913 1664 942 imitato-

877 964 921 983 res
945 956 1002 988 Dei,
1026 956 1131 989 statim,
1149 956 1287 991 Sripsllm,
1312 958 1444 992 adjungit,
1468 963 1494 985 et
1516 967 1569 993 quo
1586 967 1666 994 pacto

31 1003 188 1039 μιμεῖσθαι
213 1003 357 1038 προσήκει,
382 1002 500 1029 διδάσκει
522 1002 625 1036 λέγων’
642 1012 650 1028 ι
667 1003 766 1034 Καθὼς
788 1003 835 1030 καὶ

910 1002 1024 1029 ιίῑιιιιάιιε
1039 1003 1084 1034 sit,
1097 1002 1174 1029 docet
1189 1003 1283 1030 dicens
1298 1011 1304 1029 :
1323 1011 1333 1028 ι
1348 1003 1425 1030 Sicut
1441 1008 1467 1031 et
1484 1004 1610 1033 Christus
1625 1006 1666 1032 di-

29 1051 44 1076 6
65 1049 192 1084 Χριστὸς
209 1049 352 1085 ἠγάπησεν
373 1050 456 1084 ἡμᾶς,
474 1049 521 1075 καὶ
532 1048 626 1075 ἑαυτὸν
648 1049 748 1076 ἔδωκεν
766 1050 836 1085 ὑπὲρ

910 1048 943 1074 tit
959 1055 1018 1080 nos,
1037 1053 1063 1074 et
1080 1048 1190 1075 tradidit
1204 1048 1324 1082 Seipsum
1339 1055 1388 1082 pro
1402 1050 1516 1077 nohis'.»
1532 1049 1598 1076 Cum
1616 1051 1666 1077 ita-

29 1096 132 1130 ἡμῶν.
156 1105 166 1120 ι
182 1095 249 1122 Θεοῦ
264 1095 409 1131 τοιγαροῦν
421 1095 496 1127 ὖντος
511 1103 541 1121 τε
552 1095 632 1129 φύσει
648 1095 694 1122 χαὶ
707 1096 836 1130 ὀνομαζο-

910 1101 930 1119 Ie
946 1093 1070 1120 Christus
1092 1093 1125 1120 sit
1141 1101 1234 1120 revera
1250 1098 1277 1120 et
1292 1099 1403 1121 vocetur
1425 1094 1506 1127 Dens,
1531 1095 1564 1121 ab
1576 1103 1607 1122 eo
1622 1097 1664 1122 cui

32 1141 127 1175 μένου
149 1140 278 1176 Χριστοῦ,
293 1140 435 1167 καὶτοῦτο
456 1140 532 1175 παρὰ
552 1140 599 1166 τοῦ
619 1141 835 1176 πεπιστευμένου

910 1139 1010 1166 editum
1025 1143 1066 1166 est
1083 1139 1137 1166 Deo
1154 1147 1185 1166 ac
1202 1138 1283 1166 Patre
1302 1139 1487 1174 Evangelium,
1519 1141 1579 1175 quis
1597 1141 1667 1169 ferai.

30 1187 66 1213 τὸ
85 1186 260 1221 Εὐαγγέλιον
275 1186 349 1222 παρὰ
359 1185 427 1212 Θεοῦ
440 1186 486 1212 καὶ
503 1185 617 1220 Πατρὺς,
637 1186 678 1218 τίς
689 1186 743 1213 τῶν
756 1186 837 1221 ἕτερα

913 1191 925 1210 s
939 1184 983 1218 qui
999 1190 1093 1212 c0ntra
1115 1185 1254 1212 sentiunt?
1271 1185 1322 1219 Qui
1336 1193 1399 1212 vero
1413 1191 1454 1212 est
1470 1192 1567 1214 natura
1584 1188 1664 1223 Deus,

30 1232 182 1265 λεγόντων
205 1231 347 1265 ἀνέξεταις
367 1231 396 1258 ’0
417 1231 445 1258 δὲ
469 1230 549 1265 φύσει
571 1231 648 1264 Θεὸς,
667 1231 725 1263 πῶς
740 1231 773 1259 ἂν
794 1231 837 1268 εἴη

910 1231 1013 1257 Iomodo
1125 1230 1160 1257 sit
1175 1238 1242 1265 opus
1257 1231 1299 1258 vel
1313 1231 1459 1258 creatura?

30 1279 152 1312 κτίσμα
166 1277 182 1312 ἦ
198 1277 304 1312 ποίημα
317 1286 323 1310 ;

77 1397 91 1413 ι
116 1387 205 1414 Τοῦτο
217 1387 271 1422 γὰρ
296 1387 352 1415 ῐστε
373 1387 553 1422 γινώσκοντες
566 1389 606 1415 ὃτι
628 1389 682 1420 πᾶς
700 1389 837 1424 πόρνος,ἢ

917 1395 927 1412 ι
945 1386 1002 1414 Hoc
1024 1387 1108 1420 enim,
1131 1387 1228 1421 inquit,
1256 1387 1364 1418 scitote,
1382 1387 1452 1421 quod
1477 1389 1565 1414 omnis
1584 1387 1669 1415 forni-

30 1433 214 1468 ἀκάθαρτος,
227 1433 244 1469 ἢ
257 1433 430 1469 πλεονέκτης,
444 1434 472 1466 ὂς
484 1435 557 1460 ἐστιν
567 1434 773 1470 εἰδωλολάτρης,
789 1435 838 1461 οὐκ

910 1437 967 1464 [ιοΓ,
990 1438 1035 1460 aut
1049 1432 1216 1465 immundus,
1231 1438 1277 1459 aut
1290 1441 1397 1464 avarus,
1413 1434 1458 1467 qui
1475 1438 1517 1460 est
1536 1434 1667 1460 idolorum

31 1482 102 1514 ἔχει
127 1479 312 1515 κληρονομίαν
336 1480 366 1507 ὲν
381 1481 414 1515 τῇ
443 1480 567 1516 βασιλείᾳ
580 1480 626 1507 τοῦ
653 1480 771 1515 Χριστοῦ
791 1481 839 1507 καὶ

910 1478 977 1510 ιιιοτ,
994 1486 1047 1506 non
1067 1479 1148 1506 habet
1170 1479 1353 1506 htereditatem
1369 1479 1394 1504 in
1419 1487 1502 1512 regno
1518 1479 1618 1506 Christi
1637 1489 1668 1507 ac

30 1525 126 1553 Θεοῦ.
147 1535 157 1551 ι
181 1525 247 1552 Ἰδοὺ
265 1526 346 1553 πάλιν
361 1526 479 1562 Χριστὸν
498 1526 644 1561 ὀνομάσας,
661 1525 741 1557 εὐθὺς
757 1526 838 1553 αὑτὸν

910 1524 929 1551 :i
964 1523 983 1549 ³.
1007 1531 1016 1548 ι
1065 1523 1134 1552 Ecce
1163 1531 1258 1551 rursus
1274 1531 1334 1551 eum
1353 1524 1491 1551 Christum
1508 1526 1667 1557 nominavit,

29 1571 172 1606 εἰσφέρει
193 1571 240 1597 καὶ
269 1570 346 1604 Θεὸν,
371 1571 409 1603 ὡς
428 1571 475 1598 τοῦ
502 1571 570 1598 Θεοῦ
596 1572 644 1598 καὶ
674 1572 780 1607 Πατρδς
809 1572 838 1598 ἐν

910 1569 972 1597 atim
995 1570 1133 1604 subiungit
1155 1575 1181 1597 et
1201 1570 1293 1603 Deum,
1311 1574 1403 1604 utpote
1426 1571 1479 1598 Deo
1501 1577 1528 1599 et
1543 1571 1624 1599 Patre
1642 1573 1669 1599 in

29 1616 122 1650 αὐτῷ
149 1615 355 1651 βασιλεύοντος,
386 1616 468 1643 αὑτοῦ
497 1626 526 1644 τε
558 1614 592 1644 αὖ
626 1617 706 1647 πάλιν
743 1618 772 1644 ὲν
799 1617 838 1654 τῷ

910 1622 942 1642 so
961 1620 1102 1650 regnante,
1126 1616 1236 1650 ipseque
1255 1624 1362 1643 rursum
1384 1616 1410 1643 in
1433 1616 1523 1649 Patre,
1544 1618 1621 1652 juxta
1639 1619 1670 1644 il-

30 1663 149 1698 Ilztpi,
172 1662 239 1689 κατὰ
254 1662 284 1688 τὸ
301 1663 365 1697 παρ’
381 1662 462 1689 αὑτοῦ
484 1662 629 1698 λεγόμενον
651 1663 688 1694 ὡς
710 1663 778 1698 προς
793 1663 838 1690 τὸν

911 1660 927 1686 d
953 1668 967 1687 a
992 1668 1022 1688 se
1049 1661 1082 1688 ad
1108 1660 1215 1688 Patrem
1241 1662 1362 1688 dictum:
1384 1671 1394 1687 ι
1418 1662 1513 1689 Omnia
1542 1671 1600 1690 mea
1626 1669 1669 1690 tua

32 1708 173 1742 Πατέρα,
195 1708 235 1734 ὃτι
257 1717 266 1734 ‹
297 1708 390 1735 Πάντα
412 1708 448 1735 τὰ
470 1709 525 1743 ἐμὰ
549 1709 584 1735 σά
605 1710 673 1742 ὲστι,
689 1710 736 1735 καὶ
758 1709 792 1736 τὰ
806 1709 840 1735 σὰ

910 1711 954 1738 ιιιι,
976 1711 1002 1734 et
1026 1713 1069 1734 tua
1099 1715 1157 1734 mea
1185 1710 1203 1734 '.
1219 1717 1228 1734 ι
1248 1707 1335 1735 Unum
1364 1714 1455 1735 antem
1484 1710 1604 1736 omnium
1629 1716 1670 1736 est

30 1751 113 1787 ἐμά.
134 1760 144 1776 ι
167 1751 214 1778 Ἐν
227 1751 257 1777 δὲ
281 1752 336 1779 τῶν
357 1753 500 1788 πάντωνή
525 1752 658 1788 βασιλεία,
684 1753 761 1789 κοινὴ
790 1753 840 1788 μὲν

910 1759 994 1785 :gnum
1012 1760 1175 1779 :commuue
1192 1753 1299 1787 quidem
1325 1753 1397 1780 Patri
1417 1762 1478 1780 cum
1498 1755 1575 1785 Filio,
1598 1764 1673 1782 rom—

32 1796 105 1832 Υἱῷ
124 1795 194 1831 πρὸς
210 1797 328 1832 Πατέρα,
347 1797 422 1832 κοινὴ
442 1797 470 1824 δὲ
485 1798 571 1833 Πατρὶ
587 1799 655 1834 πρὸς
678 1799 752 1831 Υἱδν,
769 1807 838 1833 συμ-

914 1804 966 1823 une
985 1804 1049 1823 vero
1065 1796 1132 1823 Filio
1152 1805 1212 1824 cum
1232 1797 1321 1829 Patre,
1339 1804 1522 1832 conreguante
1542 1799 1670 1826 nimirum

31 1841 240 1873 ϐασιλεύοντος
249 1842 349 1878 δηλαδὴ
361 1843 408 1869 τοῦ
424 1843 501 1877 ἁγίου
514 1843 583 1870 Πνεύ
589 1852 671 1878 ματος
682 1853 688 1859 ·
706 1843 776 1870 οὕτω
785 1843 840 1878 γὰρ

910 1861 911 1866 η
934 1840 1036 1875 Spiritu
1063 1847 1181 1869 sancto:
1204 1842 1240 1868 ita
1267 1843 1339 1869 enim
1361 1848 1454 1870 sancta
1480 1848 1507 1869 et
1532 1845 1668 1870 ntltttanda

30 1890 50 1924 ὴ
67 1887 147 1921 ἁγία
165 1887 212 1914 καὶ
230 1888 455 1924 προσκυνουμένη
472 1888 567 1924 Τριὰς,
583 1889 622 1920 εἰς
643 1889 690 1924 τὴν
717 1889 780 1924 μίαν
791 1889 840 1924 τῆς

912 1888 1007 1914 rinitas
1030 1887 1055 1914 in
1074 1895 1154 1914 unam
1171 1888 1279 1914 deitatis
1298 1894 1420 1914 natm-am
1441 1889 1584 1922 colligitur.
1603 1889 1672 1922 ρ-ιυ-

30 1934 178 1968 θεότητος
192 1933 357 1969 ἀναφέρεται
376 1933 465 1969 φύσιν.
480 1934 541 1966 Πῶς
558 1932 603 1961 οὖν
617 1935 721 1970 ποίημα
737 1935 751 1960 ό
763 1934 840 1969 βασι-

910 1932 966 1960 ιοιίο
979 1933 1061 1966 igitur
1077 1933 1111 1960 sit
1130 1937 1253 1960 creatura
1275 1933 1345 1960 Deus
1361 1933 1449 1960 Verhu
1462 1944 1476 1960 ιι
1503 1935 1528 1960 in
1548 1934 1626 1961 l‘aue
1646 1940 1674 1962 ct

29 1979 136 2007 λεὺων
151 1979 183 2005 ἐν
196 1979 282 2015 [lupi
296 1979 343 2006 καὶ
357 1979 427 2015 μετὰ
443 1979 548 2015 Πατρὺς
560 1980 626 2012 Θεὸς
643 1981 743 2014 Λόγοςς

910 1986 946 2005 im
965 1977 1046 2006 Patre
1061 1978 1196 2013 regnans?

77 2101 91 2119 ί
112 2090 221 2127 Μηδεὶς
235 2091 307 2125 ὑμᾶς
319 2091 450 2118 ἀπατάτω
465 2092 552 2122 κενοῖς
567 2090 665 2126 λόγοις.
684 2092 733 2118 Διὰ
757 2091 840 2119 ταῦτα

923 2093 1055 2126 «Nullus,
1079 2094 1176 2128 inquit,
1211 2102 1258 2122 ros
1282 2095 1408 2121 inanibus
1433 2095 1550 2129 decipiat
1575 2095 1674 2123 verbis.

29 2140 98 2174 γὰρ
114 2137 226 2173 ἔρχεται
235 2137 252 2171 ἡ
266 2135 334 2171 ὀργὴ
346 2135 393 2163 τοῦ
405 2135 472 2163 Θεοῦ
485 2137 532 2162 ἐπὶ
543 2136 606 2168 τοὺς
618 2137 692 2168 υἱοὺς
705 2138 754 2172 τῆς
767 2138 840 2164 ἀπει-

912 2145 1004 2175 ropter
1018 2141 1074 2168 haec
1093 2141 1165 2168 enim
1179 2141 1253 2168 venit
1267 2142 1305 2168 ira
1325 2142 1370 2168 Dei
1392 2142 1417 2168 in
1434 2141 1503 2168 tilios
1519 2142 1677 2169 inobedien-

29 2185 137 2214 θείας.
161 2191 172 2207 ι
187 2182 242 2208 Καὶ
255 2181 327 2214 τινες
344 2181 378 2208 ἂν
395 2180 449 2208 εἷεν
465 2183 489 2208 οἱ
512 2183 560 2218 τῆς
579 2183 720 2214 ἀπειθείας
737 2184 799 2213 υἱοὶ,
818 2185 840 2210 εἰ

912 2195 934 2215 ω
959 2190 980 2214 ⁵.
995 2197 1004 2214 ι
1027 2187 1142 2220 Quinam
1161 2195 1226 2215 vero
1250 2187 1305 2214 sitit
1330 2187 1376 2215 lilii
1402 2187 1604 2218 ἰιιοιιειίίνηιίεο,
1626 2189 1676 2216 nisi

31 2232 78 2266 μὴ
96 2229 214 2258 πάντως
232 2228 257 2253 οἱ
270 2226 313 2253 διὰ
330 2226 376 2253 τοῦ
396 2227 569 2262 πλημμελεῖν
585 2227 640 2254 τῶν
652 2227 698 2254 τοῦ
717 2229 840 2264 Σωτῆρος

910 2235 934 2261 ui
950 2242 997 2269 per
1011 2239 1119 2268 peccata
1136 2242 1150 2260 a
1171 2233 1325 2261 Servatoris
1348 2233 1432 2261 nostri
1450 2234 1554 2268 legibus
1576 2235 1678 2263 resilie-

30 2273 307 2310 ἁποσκιρτήσαντες
326 2273 432 2307 νόμων;
450 2273 481 2299 ει
493 2273 522 2299 δὲ
542 2273 649 2305 τούτοις
668 2274 779 2308 ἐπάγων
794 2276 840 2310 τὴν

910 2280 972 2306 unt?
987 2280 1014 2306 Si
1030 2287 1094 2306 vero
1109 2279 1132 2307 is
1148 2279 1194 2314 qui
1214 2279 1282 2306 iram
1303 2280 1329 2306 in
1347 2279 1406 2306 illos
1427 2279 1549 2306 immittit
1563 2285 1604 2307 est
1621 2281 1678 2316 ipse

27 2321 146 2358 ἰργὴν,
168 2319 249 2350 αὑτός
262 2320 335 2346 ἔστιν
357 2319 372 2344 ὁ
397 2318 491 2354 Σωτὴρ
508 2318 552 2345 διὰ
574 2319 622 2345 τοῦ
639 2319 727 2354 λέγειν
739 2328 746 2335 '
765 2330 773 2346 ι
792 2320 842 2346 Πο-

30 2364 165 2400 ρεὺεσθε
195 2364 242 2390 ἀπ’
267 2363 381 2398 ὲμοῦ,οῑ
396 2364 593 2399 κατηραμένοι,
624 2366 663 2396 εἰς
686 2365 716 2392 τὸ
744 2365 799 2400 πῦρ
813 2365 844 2391 τὸ

28 2411 172 2438 αἰώνιον·
194 2418 203 2434 ι
216 2409 263 2436 καὶ
277 2408 343 2435 Θεὸν
358 2408 438 2434 αὐτὸν
453 2410 467 2435 6
483 2410 617 2445 μακάριος
630 2411 735 2442 Παῦλος
751 2409 803 2437 οἶδέ
814 2419 843 2437 τε

28 2458 124 2486 ὄντα,
139 2453 189 2481 καὶ
202 2454 321 2490 εἰσφέρει
333 2453 377 2481 διὰ
392 2454 504 2481 τούτων·
517 2455 558 2487 τίς
570 2455 622 2482 τῶν
637 2457 741 2490 ποίημα
751 2457 843 2489 λεγόν-

28 2509 100 2528 των
119 2499 246 2531 ἀνέξεται
255 2508 263 2530 ;

31 2549 104 2578 Τοῦ
133 2545 227 2574 αὐτοῦ
249 2546 284 2572 ἐκ
306 2544 367 2572 τῶν
387 2544 462 2571 κατὰ
490 2543 632 2575 Ἰωάννην
657 2540 840 2578 Euan-utor

74 2575 277 2617 ἔξητητικῷν
290 2580 367 2617 πρὸς
392 2578 725 2617 Ἀρειςνοὺςηλᾷγςσντας
738 2575 842 2617 ἕτερον

73 2609 166 2646 ὲίνὶἱι
178 2609 235 2643 ’τὸν
249 2609 488 2643 ἐσμ-διὶέθέτοίτοῦ
504 2609 578 2640 Θεοῦ
592 2609 701 2646 Adfor,
718 2612 766 2637 καὶ
781 2609 844 2637 ἓτε-

72 2661 145 2690 ρον
160 2651 213 2678 τὸν
227 2652 306 2678 Υιόν.

77 2709 221 2743 ’Ἓξ-τερον,
234 2708 327 2743 φασὶν,
336 2707 402 2734 ὄντα
414 2706 459 2733 τὸν
472 2705 536 2731 Υιδν
551 2704 625 2739 παρὰ
638 2703 681 2730 τὸν
692 2702 841 2729 ἐνδιάθετον

31 2761 136 2794 λόγον
157 2755 332 2790 εὑρίσκομεν,
346 2754 376 2781 οὗ
390 2755 449 2784 ταῖς
462 2751 563 2778 ἑαυτῶν
579 2751 694 2779 ἐννοίαις
710 2750 749 2780 είς
764 2748 842 2775 τοῦτο

30 2803 256 2841 προσέχοντες,
274 2801 340 2828 ἀλλὰ
358 2801 413 2831 τοῖς
429 2799 482 2825 ἀπὸ
495 2798 543 2832 τῆς
559 2797 633 2828 θείας
650 2797 758 2831 Γρτφῆς
776 2795 843 2821 θεω-

31 2856 190 2891 ρήμασιν.
217 2848 303 2875 Ὅταν
326 2848 379 2882 γὰρ
401 2844 561 2880 ἁκοὲσωμεν
584 2842 631 2870 τοῦ
661 2842 725 2869 Υῑοῦ
751 2841 846 2875 λέγον-

890 2328 1025 2360 Christus,
1050 2327 1144 2355 dicens
1161 2337 1167 2355 :
1186 2336 1195 2353 ι
1212 2327 1346 2354 Discedite
1367 2335 1380 2353 a
1396 2334 1449 2358 me,
1473 2327 1621 2360 maledicti,
1651 2328 1677 2355 in

891 2375 980 2408 ignem
993 2379 1123 2400 zelernum
1146 2376 1174 2406 ⁶;
1190 2382 1199 2398 ι
1219 2376 1246 2399 et
1267 2372 1362 2399 beatus
1378 2371 1475 2398 Paulus
1491 2372 1574 2399 Deum
1591 2373 1677 2407 ipsum

891 2427 951 2447 esse
977 2420 1060 2451 novit,
1082 2419 1218 2454 talemque
1247 2418 1361 2449 inducit,
1390 2417 1514 2452 quisnam
1538 2426 1585 2446 cos
1610 2419 1678 2446 {erat

891 2465 936 2499 qui
953 2465 1039 2498 ipsum
1051 2469 1203 2491 creaturam
1219 2471 1277 2491 esse
1294 2463 1405 2490 dicunt?

894 2538 1021 2578 Ejusdem
1036 2547 1068 2566 ea;
1082 2541 1276 2578 commentariis
1302 2541 1329 2567 in
1361 2542 1473 2569 Joannis
1504 2542 1677 2578 Evangelia»;

929 2576 1053 2601 adversus
1074 2574 1188 2602 Arianae
1207 2576 1320 2603 dicente:
1342 2577 1473 2605 diversum
1486 2574 1607 2605 inlimuiu
1630 2577 1678 2603 Dei

936 2608 1045 2636 Verbum
1059 2619 1075 2636 α
1090 2610 1174 2638 Filio.

934 2700 1035 2734 Alium,
1072 2701 1170 2736 inquit,
1206 2709 1266 2729 esse
1306 2700 1531 2736 deprehendimus
1570 2700 1677 2730 Filium,

898 2755 978 2782 quant
1007 2747 1043 2774 sit
1062 2747 1186 2774 intimum
1211 2747 1340 2775 Verbum.
1371 2745 1452 2779 quue
1480 2753 1533 2772 non
1562 2745 1678 2778 propriis

899 2793 976 2820 nobis
1000 2793 1183 2828 opinionibus,
1208 2793 1254 2820 setl
1280 2793 1426 2826 Scriptum
1453 2789 1613 2818 testimoniis
1628 2789 1679 2816 ad-

900 2840 973 2868 ducti
990 2839 1192 2876 persuademus.
1210 2838 1278 2865 Cum
1295 2838 1365 2864 eiiim
1387 2836 1484 2865 Filium
1499 2837 1625 2866 audimus
1643 2836 1681 2862 ita

88 2907 103 2925 ⁸
121 2903 227 2938 Ephes.
241 2910 267 2938 v,
290 2901 315 2935 1,
332 2901 360 2930 2.
399 2902 409 2918 ²
423 2901 492 2930 ibid.
531 2898 624 2929 'ibid.
634 2897 660 2925 5.
699 2897 708 2914 δ
728 2895 806 2926 Joan.
822 2907 838 2926 ι

910 2897 948 2924 10.
986 2895 997 2911 ⁸
1008 2894 1113 2926 Ephes.
1130 2902 1156 2924 ν.
1173 2892 1199 2920 6.
1239 2893 1248 2908 ⁸
1264 2891 1361 2920 Matth.
1377 2898 1440 2918 xxv.
1456 2887 1501 2915 41.
