1891 3076
65 115 115 146 M9

547 118 737 150 l’ANOPLiA
759 119 990 151 DOGMATICA.
1009 133 1043 139 -
1065 120 1140 152 TIT.
1162 121 1212 151 Χῐ.

1637 125 1689 157 650

64 176 94 202 ὲκ
112 174 189 207 Θεοῦ,
215 177 264 203 καὶ
281 177 309 202 ἓν
335 176 405 211 Θεῷ,
424 178 471 204 καὶ
494 179 559 213 πρὸς
578 178 644 205 Θεὸν
665 179 729 205 ὄντα
751 179 836 214 Λόγον

899 184 955 206 erat
973 179 1043 215 apud
1057 180 1149 213 Deum,
1173 185 1201 208 ιιι
1214 179 1297 207 Filius
1323 181 1446 208 nimirum
1475 183 1545 216 apud
1568 181 1686 214 Patrem.

62 221 183 255 ἐπιφέρει
196 223 314 256 γοργῶς,
327 221 420 256 Οὗτος
428 221 467 258 ἦν
477 223 512 250 ἐν
522 223 599 258 ἀρχῇ
610 225 686 258 πρὸς
696 224 750 252 τὸν
762 225 846 258 Θεὸν,

62 266 97 299 ὡς
117 267 181 299 Υἱὸς
196 268 298 304 δηλαδὴ
318 269 447 304 πρὲςοτδν
463 271 582 306 Πατέρα,
598 270 636 302 ὤς
655 271 789 306 ἔμφυτος,
810 272 849 304 ὡς

61 313 92 340 ἐκ
109 312 157 348 τῆς
176 313 273 346 οὐσίας
288 315 369 342 αὑτοῦ
385 316 399 342 ὁ
419 316 576 352 Μονογενὴς
592 314 689 350 οὗτος,
707 319 757 345 οὐκ
772 319 848 350 avre:

60 357 196 394 δευτέρου.

61 416 115 442 Τοῦ
130 417 225 454 ειύτοῦ
239 417 274 443 ἐκ
295 417 349 454 {of}
372 418 408 445 ιδ’
423 421 591 453 κεφαλαίου
606 421 660 448 τοῦ
684 421 710 448 α’
725 423 847 454 βιϐλίου

92 450 144 489 {of}
157 451 318 489 Θησαυρρῦ
334 454 377 489 εις
392 454 436 486 τὸ,
449 450 466 480 ι.
478 455 559 482 Οὕτω
566 456 613 482 καὶ
622 456 662 489 τῷ
674 450 733 489 Υἰῷ
736 457 848 484 δέδωκε

93 485 169 519 ζωὴν
180 485 269 521 ἔχει’ιῦ
280 488 315 514 ἐν
327 485 435 522 tam;
456 501 465 516 ι

97 541 175 569 Ἀλλὰ
195 544 257 576 πῶς
272 544 305 571 ἂν
321 545 432 572 δύναιτο
449 546 509 572 κατ’
524 547 620 574 οὐσίαν
639 548 731 582 ὅμοιος
747 546 817 575 εἶναι
833 549 847 575 ό

62 588 118 620 Υἱὸς
128 589 168 624 τῷ
187 591 296 626 "arpi;
324 592 340 626 ἢ
355 592 412 624 πῶς
425 593 474 619 οὐκ
487 594 564 620 ἔσται
586 595 646 628 μετ’
661 594 741 622 αὑτὸν
757 595 785 628 ἐξ
800 595 847 621 αὐ-

58 635 100 662 τοῦ
113 636 260 671 δεχόμενός
275 646 311 669 τι,
329 639 400 665 καθᾶ
415 648 497 674 φησιν
513 640 527 666 ὁ
538 641 618 672 αὑτός
629 649 636 656 ·
649 641 754 675 Ωσπερ
762 642 820 676 γὰρ
830 643 846 669 d

59 683 153 716 Πατὴρ
163 682 242 717 ζωὴν
249 683 353 717 ἐχειὲν
359 684 463 717 ἐαυτῷ,
473 686 549 712 οὕτω
555 686 603 713 καὶ
615 686 653 720 τῷ
666 686 721 720 Υιῷ
731 687 842 715 δέδωκε

58 728 129 762 ζωὴν
137 729 263 763 ἐχεινὲν
277 730 383 763 ἐαυτῷ.
401 730 495 764 Οὐδὲ-ι,
510 729 531 758 ὦ
542 732 683 766 βέλτιστοι,
693 734 741 760 τοῦ
757 734 844 768 Λόγου

57 776 103 810 τὴν
114 775 208 802 οὐσίαν
222 775 348 811 ἀδικήσει
359 777 389 803 τὸ
400 777 526 812 δέχεσθαί
539 787 564 804 τι
581 779 654 814 παρὰ
667 780 713 806 τοῦ
726 780 842 816 Πατρός.

58 822 91 848 Οὐ
107 821 161 857 γὰρ
185 823 215 848 ἐν
232 822 273 857 τῷ
296 822 422 857 δέχεσθαι
438 824 467 850 τὸ
489 822 557 851 εἶναι
570 824 638 859 ἔχει.
657 825 716 853 ἀλλ’
739 826 777 853 ὣν
797 828 843 854 καὶ

59 867 183 903 ὑπάρχων
199 869 349 903 πρότερον,
365 869 474 904 δέχεταί
489 879 526 903 τι,
545 871 611 898 καθὸ
627 871 658 898 ἐκ
673 873 780 908 nam;
793 882 842 908 φυ-

59 911 137 943 σικῶς
151 913 355 947 γεγεννημένος
369 914 502 947 ἐπάγεται
515 914 603 942 πάντα
616 915 650 942 τὰ
665 916 717 943 ῐδια
725 917 772 944 τοῦ
788 918 841 945 Πα-

57 956 125 991 τρδς,
141 956 236 992 ὥσπερ
253 958 288 984 ἂν
302 959 348 985 καὶ
363 959 393 985 τὸ
408 959 465 993 φῶς
477 960 506 993 ἐξ
521 960 597 995 ἡλίου
613 962 755 998 προελθὸν,
769 964 842 1000 δέχε-

59 1001 115 1028 σθαί
139 1011 166 1028 τι
187 1002 297 1036 λέγοιτο
318 1003 384 1038 παρ’
405 1004 500 1037 αὑτοῦ,
532 1005 681 1042 ἐπειδήπερ
704 1008 759 1034 πᾶν
772 1008 841 1043 ὅπερ

58 1047 124 1074 ἐστὶν
146 1048 175 1074 ὲν
192 1049 282 1084 αὐτῷ,
307 1050 386 1076 τοῦτο
409 1051 532 1085 φαίνεται
544 1050 591 1077 τοῦ
608 1053 733 1085 τεκόντος
753 1054 840 1090 ἡλίου,

58 1089 101 1121 καὶ
129 1095 205 1122 οὐδέν
227 1104 282 1122 που
306 1097 351 1123 τὸν
372 1097 447 1132 ἥλιον
471 1098 525 1133 πρὸ
549 1098 596 1125 τοῦ
622 1100 840 1136 ἀπαυγάσματος

58 1138 123 1167 εἶναι
145 1142 352 1176 καταναγκάσει
375 1143 406 1169 τὸ
427 1144 476 1178 τὴν
498 1145 527 1178 ἐξ
550 1145 633 1172 αὑτοῦ
658 1146 839 1181 προελθοῦσαν

57 1186 186 1223 ἔκλαμψιν
204 1189 374 1224 ἀμερίστως,
391 1189 485 1226 ὥσπερ
502 1191 568 1226 παρ’
583 1192 667 1220 αὐτοῦ
684 1193 840 1227 λαμϐάνου-

58 1242 103 1261 σαν
117 1236 208 1270 φορεῖν
220 1236 250 1261 τὸ
268 1236 332 1262 ἴδιον
342 1235 436 1268 αὐτοῦ,
449 1236 506 1263 ἀλλ’
520 1235 553 1273 ἦν
568 1237 612 1264 ἀεὶ
626 1239 674 1265 σὺν
687 1238 773 1274 αὐτῷ,
788 1239 839 1267 κᾶν

56 1280 90 1311 ὡς
107 1280 135 1313 ἑξ
157 1280 242 1307 αὐτοῦ
271 1281 442 1315 προελθοῦσα
462 1282 498 1309 τὰ
517 1283 591 1318 αὐτῷ
609 1284 745 1320 προσόντα
767 1287 837 1322 φορῇ

58 1326 182 1360 φυσικῶς.
202 1326 310 1354 Οὐκοῦν
325 1328 356 1354 οὺ
370 1328 401 1355 τὸ
419 1328 512 1355 λαϐεῖν
526 1337 552 1355 τι
574 1330 650 1364 παρὰ
664 1330 711 1357 τοῦ
732 1331 837 1367 Πατρὸς

57 1371 199 1405 ἀναγκάσει
211 1373 322 1405 πάντως
333 1373 460 1409 δεύτερον
475 1372 545 1402 εἶναι
558 1375 596 1411 τῷ
607 1376 695 1412 χρᾶνῳ
707 1377 752 1404 τὸν
762 1377 835 1406 Υἱόν.

58 1416 98 1451 Τῷ
109 1417 162 1453 γὰρ
175 1418 232 1445 ὄντι
245 1419 296 1446 καὶ
310 1419 444 1454 ὺφεστῶτι
456 1420 535 1448 δώσει
550 1430 602 1454 τις,
617 1422 647 1448 οὐ
665 1423 703 1457 τῷ
718 1423 755 1460 μὴ
767 1423 834 1458 ὄντι,

58 1464 99 1489 καὶ
112 1465 194 1500 μήπω
207 1466 359 1502 γενομένῳ.

345 1556 397 1589 Εἰς
413 1557 443 1584 τὸ
457 1558 543 1587 αὐτό.
849 1538 870 1567 c

90 1600 118 1648 iii
134 1610 169 1648 μη
184 1602 240 1638 ζωὴ
257 1603 327 1630 κατὰ
351 1604 432 1640 φύσιν
452 1606 525 1634 ἐστὶν
540 1608 554 1634 ὁ
566 1607 640 1642 Υἱὸς,
670 1610 728 1642 πῶς
739 1611 842 1648 ἐπαλη-

60 1644 140 1673 θεύσει
153 1647 251 1682 λέγων*
273 1659 283 1674 ι
301 1649 330 1676 '0
345 1651 481 1678 πιστεύων
499 1654 540 1685 εἰς
551 1654 611 1689 ἐμὲ,
622 1653 678 1690 ἔχει
690 1655 762 1692 ζωὴν
774 1644 840 1684 αἱῶ-

60 1699 125 1739 νιον)
137 1701 146 1717 ›
162 1693 321 1739 Καλγπάλιν·
339 1704 348 1721 ι
370 1696 411 1723 Τὰ
426 1697 550 1733 πρόϐατα
573 1700 608 1727 τὰ
630 1701 685 1736 ὲμὰ
708 1701 758 1736 τῆς
772 1703 840 1739 ἐμῆς

59 1733 250 1781 αχούειφωνῆς.
258 1747 319 1764 »-ι
325 1739 411 1774 Κάγὼ
418 1740 513 1777 διδωμι
522 1743 612 1776 αὐτοῖς
623 1733 694 1781 ζῷὴν
702 1733 837 1774 alt-limem:

60 1779 107 1829 iiut
120 1782 210 1810 πάλιν·
226 1794 236 1810 r
264 1784 293 1811 '0
307 1785 443 1813 πιστεύων
459 1788 499 1819 εἰς
515 1789 566 1824 ἐμὲ
600 1790 631 1816 οὐ
652 1779 689 1827 μὴ
709 1793 839 1829 γεύσηται

60 1824 165 1854 θανάτου
176 1830 214 1860 εἰς
230 1829 279 1856 τὸν
295 1830 391 1858 αὶῶνα.
410 1841 419 1857 ι
442 1833 514 1860 Ἔδει
543 1835 596 1871 γὰρ
620 1824 727 1871 λέῇνε-ινλ
749 1838 779 1865 '0
787 1824 836 1866 ’πι-

61 1871 152 1900 στεύων
166 1875 205 1906 εις
231 1875 283 1911 ἐμὲ
300 1876 414 1912 λήψεται
428 1880 493 1914 παρ’
513 1881 579 1916 ἐμοῦ
595 1881 677 1917 ζωὴν,
690 1883 723 1918 ἢν
738 1883 837 1911 δέδωκέ

62 1925 101 1950 μοι
116 1919 244 1957 ὁΠατήρ.
264 1922 317 1949 Καὶ
342 1924 433 1950 πάλιν·
465 1925 517 1953 Τὸν
547 1927 588 1959 εἰς
609 1928 659 1962 ἐμὲ
678 1929 838 1958 πιστεύοντα

59 1962 85 1987 οὐ
97 1966 267 2001 συγχωρήσει
281 1967 295 1993 ὁ
312 1967 406 2004 Πατὴρ
432 1969 581 2003 γεύσασθαι
608 1970 734 2000 θανάτου.
764 1974 794 1999 Ei
810 1974 837 2001 δὲ

59 2011 130 2038 τοῦτο
147 2013 195 2048 μὲν
209 2016 329 2051 εἰρηκὼς
340 2017 369 2043 οὐ
387 2018 520 2052 φαίνεται,
537 2020 575 2050 ὡς
591 2019 619 2046 δὲ
634 2020 713 2055 φύσει
724 2021 837 2056 προσοῦ-

61 2064 104 2103 σαν
114 2059 200 2096 ἐαυτῷ
220 2062 272 2097 τὴν
287 2062 370 2098 ζωὴν,
394 2064 440 2091 καὶ
457 2064 495 2097 ὡς
513 2065 649 2098 οὺσιωδῶς
661 2067 836 2103 ὑπάρχουσαν

61 2102 85 2128 ὲν
96 2103 188 2140 ἑαυτῷ,
204 2107 302 2133 δώσειν
326 2109 381 2140 τοῖς
405 2110 445 2141 εἰς
459 2109 541 2137 αὑτὸν
567 2111 739 2139 πιστεύουσιν
751 2114 835 2147 ἐπαγ-

61 2148 182 2183 γέλλεται,
198 2153 258 2184 πῶς
276 2153 411 2188 ἐνδέχεται
436 2157 506 2182 νοεῖν
530 2156 580 2183 οὐκ
603 2156 698 2192 ἔχοντα
710 2159 754 2185 τὸν
771 2159 835 2187 Υἱὺν

61 2196 189 2245 εἰληφέναι
202 2200 305 2235 ταύτην
313 2201 388 2236 παρὰ
400 2201 447 2228 τοῦ
462 2203 586 2245 Πατρός
603 2204 658 2230 Καὶ
677 2205 731 2241 γὰρ
748 2205 780 2232 ἂν
791 2207 834 2242 εἴη
847 2193 868 2219 D

61 2239 141 2277 πὰσής
154 2245 280 2272 ἐπέκεινα
296 2246 450 2282 δυσφημίας
474 2239 553 2275 τοῦτὸ
581 2258 623 2283 γε.
645 2239 726 2283 Ἀλλῆ
741 2239 834 2289 ὥσπερ

60 2287 103 2323 ἤδη
122 2292 288 2327 προείρηται,
301 2294 438 2328 προελθὼν
453 2295 484 2320 ἐκ
506 2297 621 2331 Πατρὸς,
639 2298 726 2324 πάντα
736 2298 769 2324 τὰ
783 2287 834 2326 αὐγ-

60 2333 100 2359 τοῦ
115 2337 273 2372 κατὰφύσιν
304 2340 445 2373 ἐπάγεται,
474 2341 521 2367 καὶ
545 2341 582 2373 ὠς
603 2342 731 2378 εἰληφὼς,
763 2345 834 2372 κατὰ

59 2379 129 2406 τοῦτο
144 2384 251 2415 νοεῖται,
277 2385 324 2410 καὶ
352 2385 520 2421 ἀπαύγασμα
538 2387 584 2413 καὶ
603 2388 685 2415 εἰκὼν
704 2390 833 2426 ὑπάρχων

60 2426 143 2454 αὑτοῦ.
174 2430 221 2456 Ἐν
247 2430 275 2457 δὲ
301 2431 355 2457 τῶν
382 2432 536 2466 προσόντων
563 2434 602 2460 τῶ
625 2435 711 2469 “arpi
743 2438 789 2464 καὶ
816 2439 832 2474 ἡ

58 2471 119 2508 ζωή.

343 2523 393 2556 Εἰς
408 2522 441 2548 τὸ
456 2522 539 2549 αὐτὸ.

89 2566 176 2600 Λέγων
200 2569 214 2595 ὁ
239 2568 302 2600 Υἱὸς
322 2569 364 2598 τὺ,
383 2578 393 2594 ι
413 2569 518 2602 Ὥσπερ
544 2568 598 2603 γὰρ
620 2569 634 2594 ὁ
660 2568 754 2603 Πατὴρ
770 2567 827 2603 ἔχει

60 2610 123 2647 ζωὴν
138 2614 164 2639 ἐν
176 2615 352 2650 ὲαυτῷ,οὖτω
362 2615 457 2648 καὶτῷ
468 2614 523 2649 Υῑῷ
536 2614 650 2641 δέδωκεν
665 2614 738 2649 ἔχειν
753 2614 827 2650 ζωὴν

61 2658 85 2683 ἔν
99 2658 190 2694 ἑαυτῷ,
209 2670 218 2686 ι
237 2662 287 2695 τὴν
309 2660 518 2695 ἀπαράλλακτον
535 2660 682 2695 ὁμοιότητα
709 2660 826 2687 δεικνύει

62 2704 154 2738 σαφῶς,
174 2706 206 2740 ἢν
233 2707 288 2742 ἔχει
314 2707 382 2741 πρὸς
412 2706 456 2732 τὸν
484 2707 660 2739 γεννήσαντα.
678 2706 754 2741 Ἐχει
773 2706 827 2740 γὰρ

62 2748 124 2776 οὕτω
136 2751 182 2786 τὴν
196 2753 277 2788 ζωὴν.
290 2753 383 2788 ὥσπερ
395 2754 441 2779 καὶ
454 2754 467 2779 ὁ
484 2753 589 2789 Πατὴρ,
601 2753 718 2788 φυσικὴν
734 2753 827 2790 δηλον-

901 230 930 252 ut
945 226 1065 258 intimus,
1092 230 1120 254 et
1143 233 1176 253 ex
1203 226 1287 261 ipsius
1303 228 1431 260 essentia,
1465 233 1493 255 ut
1520 227 1687 263 Unigenitus.

900 271 968 304 lloc,
984 272 1107 307 inquam,
1125 280 1186 300 cum
1217 272 1262 301 Dei
1292 272 1393 300 nullum
1406 273 1442 301 sit
1465 274 1540 302 aliud
1565 276 1686 303 verbum.

901 424 1026 457 Epistlem
1041 433 1073 451 ea;
1087 424 1213 452 Thesauri
1227 425 1293 452 libro
1304 426 1388 460 primo
1403 427 1429 454 in
1443 434 1475 454 ea
1490 431 1567 455 verba
1588 436 1598 456 :
1616 439 1625 456 ι
1642 429 1687 458 Sic

970 460 1040 487 dedi!
1058 465 1083 486 et
1097 460 1169 487 Filio
1184 461 1263 488 vitam
1277 460 1371 488 habere
1388 462 1416 488 in
1428 463 1577 498 semetipso.
1595 473 1603 490 I

934 548 988 576 Sed
1004 549 1139 583 quomodo
1159 553 1258 583 potest,
1273 550 1408 585 inquiunt,
1425 550 1509 579 Filius
1517 559 1578 580 esse
1588 553 1686 581 similis

898 596 981 628 [‘atri,
1000 600 1046 622 aut
1063 599 1123 630 post
1140 595 1226 630 ipsum
1242 603 1295 622 non
1310 604 1381 629 esse,
1405 604 1466 624 cum
1483 597 1517 625 ab
1536 605 1569 625 eo
1585 598 1686 634 aliquid

895 641 1036 676 accipiat?
1059 641 1099 668 sic
1118 641 1190 668 enim
1214 642 1327 676 ipsemet
1342 642 1483 678 loquitur:
1510 643 1686 676 Quemadmo-

895 687 957 714 dum
973 686 1053 714 Pater
1071 686 1152 713 vitam
1179 687 1255 714 habet
1283 688 1310 714 in
1332 689 1479 722 semetipso,
1497 690 1535 716 sic
1562 690 1632 717 dedit
1660 693 1684 717 et

896 731 969 760 Filio
988 732 1066 759 vitam
1090 732 1185 760 habere
1207 733 1234 759 in
1253 734 1388 768 sentelipso
1403 735 1422 761 '.
1449 734 1578 762 Essentite
1603 734 1684 763 Verbi

897 778 963 805 nihil
976 778 1072 812 oﬂicit,
1098 786 1115 807 o
1133 779 1182 806 viri
1207 779 1315 815 optimi,
1344 781 1414 815 quod
1434 776 1449 808 εἰ
1471 781 1552 809 Patre
1580 782 1682 817 aliquid

894 824 1021 859 accipiat.
1038 823 1130 859 Neque
1158 825 1230 853 enim
1248 825 1274 853 in
1297 832 1340 859 eo,
1368 825 1441 861 quod
1462 827 1572 861 accipit,
1601 827 1684 855 habet

894 875 924 897 ιιι
954 871 999 899 sit.
1021 870 1075 898 Sed
1094 878 1155 899 cum
1169 871 1245 906 prius
1270 872 1385 900 exsistat
1400 877 1427 900 et
1442 872 1487 904 sit,
1516 872 1625 908 accipit.
1643 874 1682 900 Ex

893 916 973 945 Patre
988 918 1059 945 enim
1075 918 1182 953 genitus
1196 918 1296 953 accipit
1311 918 1402 946 omnia
1428 926 1487 953 qua:
1513 918 1602 946 Patris
1618 924 1682 947 sunt

892 965 1012 999 propria.
1029 964 1065 992 Ut
1080 964 1103 993 si
1124 965 1171 992 lux
1190 972 1205 993 e
1223 966 1279 993 sole
1300 966 1464 1001 proveniens
1483 965 1582 1000 aliquid
1599 966 1633 994 ab
1648 974 1681 993 eo

891 1009 998 1037 dicatur
1011 1011 1144 1046 accipere,
1159 1011 1285 1046 quoniam
1301 1012 1431 1047 quidquid
1452 1013 1477 1039 in
1494 1012 1550 1047 ipsa
1576 1017 1629 1046 est,
1653 1012 1679 1038 id

890 1057 957 1084 solis
987 1065 1046 1085 eam
1078 1058 1210 1093 parientis
1240 1065 1303 1087 esse
1329 1064 1447 1087 constat.
1476 1059 1568 1095 Neque
1594 1059 1678 1087 solem

890 1108 953 1132 ante
968 1104 1138 1139 splendorem
1164 1112 1225 1133 esse
1240 1105 1402 1134 concludent
1424 1106 1590 1139 necessario.
1610 1114 1678 1142 quo-

891 1149 962 1176 niam
979 1150 1036 1184 ipse
1052 1151 1146 1178 abillo
1169 1151 1228 1179 sine
1259 1152 1312 1180 ulla
1341 1152 1476 1180 divisione
1501 1153 1677 1189 progrediens

889 1196 1086 1231 quodammodo
1120 1197 1228 1233 accipit,
1246 1203 1274 1226 ut
1303 1198 1386 1233 ipsius
1410 1199 1480 1227 ferat
1521 1200 1675 1234 proprieta-

888 1246 953 1270 tem.
971 1243 1084 1278 Semper
1097 1244 1169 1272 euim
1193 1251 1257 1272 cum
1281 1245 1340 1280 ipso
1354 1250 1413 1273 erat
1425 1246 1482 1278 lux,
1508 1251 1535 1273 et
1562 1253 1597 1274 ex
1615 1246 1676 1281 ipso

888 1286 1020 1323 manans,
1058 1298 1118 1325 quae
1158 1290 1196 1318 illi
1234 1291 1344 1325 adsunt.
1389 1291 1552 1320 naturaliter
1600 1293 1672 1320 tulit.

888 1335 946 1364 Non
961 1336 1043 1372 igitur
1056 1344 1090 1365 ex
1104 1344 1137 1365 eo
1151 1337 1223 1373 quod
1238 1338 1335 1374 accipit
1349 1338 1448 1374 aliquid
1478 1347 1493 1366 ιι
1520 1338 1601 1367 Patre
1624 1347 1674 1367 ue-

888 1382 1007 1411 cessario
1021 1383 1154 1418 sequitur,
1171 1383 1291 1413 utPatre
1304 1385 1341 1412 sit
1367 1385 1452 1414 Filius
1478 1390 1598 1421 tempore
1627 1393 1675 1422 po-

886 1429 994 1457 sterior.
1028 1428 1096 1456 Nam
1124 1429 1167 1463 ei,
1197 1431 1242 1465 qui
1273 1435 1315 1458 est
1346 1436 1429 1466 atque
1455 1433 1571 1465 exsistit,
1599 1432 1675 1461 dabit

886 1475 994 1511 aliquis,
1024 1483 1078 1504 non
1106 1476 1131 1504 ei
1159 1477 1205 1512 qui
1232 1479 1350 1505 nondum
1379 1479 1495 1511 exsistit.
1527 1487 1576 1508 nec
1593 1484 1673 1508 natus

887 1527 938 1549 est.

1160 1568 1173 1594 1
1178 1577 1193 1595 ιι
1212 1566 1303 1595 eadem
1319 1567 1406 1596 verba.

918 1613 947 1641 Si
964 1612 1050 1641 Filius
1075 1621 1130 1641 non
1155 1620 1196 1641 est
1221 1615 1275 1642 vita
1295 1614 1448 1642 secundum
1462 1618 1600 1649 naturam,
1615 1622 1669 1651 quo

883 1664 962 1693 pacto
987 1664 1049 1686 vere
1077 1659 1166 1686 dicit:
1189 1668 1197 1685 t
1217 1659 1268 1692 Qui
1285 1660 1372 1688 credit
1397 1661 1426 1688 in
1452 1668 1505 1695 me,
1533 1661 1615 1688 habet
1632 1662 1672 1688 vi-

887 1711 941 1734 tam
954 1710 1081 1733 :etemam
1100 1705 1137 1732 "2
1164 1714 1173 1730 ›
1204 1704 1237 1732 Et
1251 1712 1361 1732 rursus:
1387 1715 1395 1730 ι
1416 1704 1484 1732 Oves
1506 1713 1571 1732 meae
1580 1713 1672 1733 vocem

887 1759 975 1779 meam
993 1751 1104 1778 audiunt
1124 1754 1133 1770 ³
1148 1759 1156 1784 ;
1174 1760 1183 1776 ι
1202 1755 1229 1778 et
1246 1760 1252 1778 :
1273 1759 1282 1776 ι
1296 1750 1350 1786 Ego
1364 1751 1397 1779 do
1413 1750 1477 1785 ipsis
1500 1751 1580 1778 vitam
1595 1756 1673 1778 mter-

887 1803 965 1830 nam;
983 1804 992 1822 »
1009 1800 1036 1823 et
1052 1802 1146 1822 rursus
1169 1805 1175 1823 :
1196 1803 1205 1821 ι
1226 1795 1276 1829 Qui
1293 1795 1379 1822 credit
1396 1795 1422 1822 in
1438 1803 1491 1827 me,
1510 1803 1563 1822 non
1580 1800 1673 1830 gusta-

888 1843 928 1870 bit
942 1846 1057 1869 mortem
1074 1841 1099 1867 in
1115 1845 1246 1868 aeternum
1268 1842 1292 1867 ⁸.
1312 1849 1321 1866 ι
1336 1839 1484 1875 Oportebat
1502 1840 1573 1867 enim
1599 1842 1673 1868 dice-

887 1895 933 1915 re:
948 1886 998 1921 Qui
1017 1885 1101 1913 credit
1114 1885 1140 1913 in
1155 1892 1209 1918 me,
1226 1885 1342 1920 accipiet
1373 1886 1466 1919 vitam,
1491 1893 1572 1920 quam
1599 1886 1672 1913 dedit

887 1933 951 1960 mitti
969 1932 1057 1959 Pater.
1075 1931 1158 1958 Item:
1172 1931 1239 1958 Eum
1254 1932 1300 1966 qui
1323 1930 1470 1958 crediderit
1485 1931 1511 1957 in
1536 1938 1589 1963 me,
1616 1939 1669 1958 non

885 1978 957 2007 sinet
974 1978 1053 2005 Pater
1069 1981 1177 2012 gustare
1195 1982 1318 2004 mortem.
1336 1976 1364 2003 Si
1382 1984 1444 2004 vero
1460 1976 1486 2004 id
1503 1984 1556 2004 non
1571 1977 1671 2004 dixisse

884 2025 1016 2056 cernitur,
1033 2024 1080 2051 sed
1096 2023 1228 2058 promittit
1259 2030 1289 2050 se
1321 2022 1448 2050 daturum
1480 2022 1512 2050 iis
1535 2023 1580 2057 qui
1607 2031 1670 2050 cre-

884 2071 950 2098 dunt
964 2070 990 2096 itt
1000 2070 1086 2104 ipsum
1105 2069 1187 2095 vitam
1203 2076 1263 2102 quae
1279 2068 1438 2095 naturaliter
1451 2073 1478 2095 et
1487 2068 1671 2095 essentialitcr

885 2116 936 2144 sibi
958 2115 1008 2150 ipsi
1026 2115 1108 2147 inest,
1139 2114 1275 2149 quomodo
1290 2113 1402 2149 intelligi
1419 2118 1506 2148 potest
1520 2111 1616 2140 Filium
1632 2114 1670 2140 vi-

885 2167 938 2189 tam
966 2169 1018 2189 non
1048 2160 1191 2188 habentem
1218 2166 1277 2187 eam
1300 2167 1315 2186 a
1337 2159 1417 2187 Patre
1433 2159 1588 2194 accepisse?
1615 2158 1670 2188 Hoc

882 2208 954 2235 enim
975 2207 1070 2242 quavis
1081 2206 1245 2241 blasphemia
1259 2205 1368 2241 gravius
1385 2210 1436 2233 est.
1454 2205 1520 2238 Sed,
1544 2210 1573 2232 ut
1590 2206 1670 2232 modo

883 2254 982 2281 dictum
995 2253 1199 2288 est,procedens
1210 2259 1242 2279 ex
1254 2251 1345 2284 Patre,
1354 2252 1443 2279 omnia
1456 2258 1515 2286 qua:
1529 2251 1599 2278 illius
1608 2255 1670 2278 stmt

882 2300 961 2328 simul
972 2299 1118 2327 secundum
1133 2303 1257 2326 naturam
1269 2305 1360 2326 secum
1372 2297 1466 2330 affert,
1483 2301 1510 2325 ct
1519 2305 1550 2325 ea
1566 2298 1670 2325 ratione

883 2354 933 2381 qua
972 2344 1087 2380 accepit,
1117 2344 1217 2371 dicitur
1246 2343 1373 2378 splendor
1401 2348 1429 2370 et
1458 2343 1547 2378 imago
1573 2344 1667 2378 ipsius.

885 2390 971 2419 Unum
988 2394 1078 2417 autem
1109 2396 1201 2417 eorum
1227 2396 1288 2424 quae
1318 2387 1392 2416 Patri
1421 2389 1513 2416 insunt
1526 2389 1606 2416 etiam
1627 2394 1668 2417 est

882 2437 946 2464 vita.

1145 2524 1176 2552 In
1197 2525 1287 2552 eadem
1310 2528 1396 2554 verba.

918 2569 983 2598 Cum
1012 2569 1099 2599 Filius
1126 2571 1207 2608 dicit,
1236 2581 1246 2597 ι
1265 2571 1342 2600 Sicut
1371 2571 1442 2599 enim
1470 2570 1549 2600 Patn-r
1581 2568 1662 2597 habet

882 2617 964 2644 vitam
990 2617 1017 2645 in
1045 2618 1157 2653 seipso,
1191 2618 1226 2646 ita
1250 2619 1332 2646 etiam
1362 2617 1431 2646 Filio
1458 2618 1532 2645 dedit
1559 2617 1661 2645 habere

882 2662 965 2690 vitam
980 2664 1007 2690 in
1023 2664 1113 2699 seipso
1125 2665 1147 2697 ',
1165 2674 1173 2690 ι
1196 2669 1289 2698 aperte
1303 2665 1486 2692 omnimodam
1502 2662 1659 2691 similitudi-

881 2717 943 2738 nem
959 2711 1090 2744 ostendit,
1105 2719 1187 2743 quant
1204 2711 1285 2740 habet
1298 2719 1359 2740 cutn
1377 2711 1468 2739 Patre.
1485 2710 1572 2738 Habet
1586 2710 1659 2736 enim

881 2755 917 2783 ita
928 2756 1105 2789 vitam,sicut
1123 2760 1149 2782 et
1166 2755 1253 2792 Pater,
1273 2758 1422 2795 naturalem
1439 2756 1568 2783 nimirum
1581 2759 1607 2782 et
1616 2762 1660 2782 es-

96 2830 102 2844 '
118 2829 192 2859 loan.
223 2842 248 2866 ν,
272 2834 319 2862 26.
357 2834 367 2850 θ
381 2833 460 2861 Joan.
477 2840 515 2865 Vt.
532 2833 577 2860 ﬂ.
616 2833 627 2849 ⁸
642 2832 720 2860 Joan.
743 2841 771 2865 ι,
788 2834 834 2862 27.

896 2832 973 2861 Joan.
991 2841 1049 2866 vm,
1064 2833 1108 2862 52.
1148 2835 1158 2852 ⁸
1174 2832 1252 2863 Joau.
1270 2842 1297 2866 ν,
1314 2833 1359 2862 20.

194 2881 328 2912 ΡΑτιιοι..
350 2882 410 2912 GR.
431 2881 482 2911 CX
490 2881 565 2911 XX.

1436 2881 1476 2911 21
