  <div class='ocr_page' id='page_1' title='image "/cluster/home/n/w/nwhite01/storage/ocr_20150623/130/njp.32101010942777/357.png"; bbox 0 0 1891 3076; ppageno 0'>
   <div class='ocr_carea' id='block_1_1' title="bbox 188 160 240 194">
    <p class='ocr_par' dir='ltr' id='par_1_1' title="bbox 188 160 240 194">
     <span class='ocr_line' id='line_1_1' title="bbox 188 160 240 194; baseline 0.038 -2"><span class='ocrx_word' id='word_1_1' title='bbox 188 160 240 194; x_wconf 75' lang='grc'><strong>651</strong></span> 
     </span>
    </p>
   </div>
   <div class='ocr_carea' id='block_1_2' title="bbox 822 157 1217 188">
    <p class='ocr_par' dir='ltr' id='par_1_2' title="bbox 822 157 1217 188">
     <span class='ocr_line' id='line_1_2' title="bbox 822 157 1217 188; baseline 0.003 -1"><span class='ocrx_word' id='word_1_2' title='bbox 822 157 1010 188; x_wconf 77' lang='lat' dir='ltr'><strong>EUTHYMII</strong></span> <span class='ocrx_word' id='word_1_3' title='bbox 1035 158 1217 188; x_wconf 72' lang='lat' dir='ltr'><strong>ZIGABENI</strong></span> 
     </span>
    </p>
   </div>
   <div class='ocr_carea' id='block_1_3' title="bbox 1787 145 1872 196">
    <p class='ocr_par' dir='ltr' id='par_1_3' title="bbox 1787 145 1872 196">
     <span class='ocr_line' id='line_1_3' title="bbox 1787 145 1872 196; baseline 0 0"><span class='ocrx_word' id='word_1_4' title='bbox 1787 145 1872 196; x_wconf 62' lang='grc' dir='ltr'>εδει</span> 
     </span>
    </p>
   </div>
   <div class='ocr_carea' id='block_1_4' title="bbox 194 216 988 267">
    <p class='ocr_par' dir='ltr' id='par_1_4' title="bbox 194 216 980 259">
     <span class='ocr_line' id='line_1_4' title="bbox 194 216 980 259; baseline 0 -4"><span class='ocrx_word' id='word_1_5' title='bbox 194 227 346 255; x_wconf 71' lang='lat' dir='ltr'><strong>sentialem.</strong></span> <span class='ocrx_word' id='word_1_6' title='bbox 358 227 424 253; x_wconf 85' lang='lat' dir='ltr'><strong>Cum</strong></span> <span class='ocrx_word' id='word_1_7' title='bbox 441 231 531 253; x_wconf 81' lang='lat' dir='ltr'><strong>autem</strong></span> <span class='ocrx_word' id='word_1_8' title='bbox 546 226 702 259; x_wconf 85' lang='lat' dir='ltr'><strong>additillud,</strong></span> <span class='ocrx_word' id='word_1_9' title='bbox 733 216 815 258; x_wconf 78' lang='lat' dir='ltr'><strong>dedit,</strong></span> <span class='ocrx_word' id='word_1_10' title='bbox 833 228 980 255; x_wconf 78' lang='lat' dir='ltr'><strong>naturalem</strong></span> 
     </span>
    </p>
   </div>
   <div class='ocr_carea' id='block_1_5' title="bbox 1059 216 1837 267">
    <p class='ocr_par' dir='ltr' id='par_1_5' title="bbox 1059 226 1837 267">
     <span class='ocr_line' id='line_1_5' title="bbox 1059 226 1837 267; baseline 0.009 -15"><span class='ocrx_word' id='word_1_11' title='bbox 1059 235 1078 253; x_wconf 80' lang='grc' dir='ltr'><strong>τι</strong></span> <span class='ocrx_word' id='word_1_12' title='bbox 1095 226 1142 253; x_wconf 79' lang='grc' dir='ltr'><strong>καὶ</strong></span> <span class='ocrx_word' id='word_1_13' title='bbox 1166 226 1295 262; x_wconf 71' lang='grc' dir='ltr'>οὐσιώδη.</span> <span class='ocrx_word' id='word_1_14' title='bbox 1313 227 1349 253; x_wconf 76' lang='lat' dir='ltr'><strong>T6</strong></span> <span class='ocrx_word' id='word_1_15' title='bbox 1365 227 1403 259; x_wconf 73' lang='grc' dir='ltr'><strong>δὲ.</strong></span> <span class='ocrx_word' id='word_1_16' title='bbox 1422 228 1543 260; x_wconf 77' lang='grc' dir='ltr'><strong>δέδωκε,</strong></span> <span class='ocrx_word' id='word_1_17' title='bbox 1576 230 1722 265; x_wconf 81' lang='grc' dir='ltr'>προσθεὶς,</span> <span class='ocrx_word' id='word_1_18' title='bbox 1740 231 1790 267; x_wconf 78' lang='grc' dir='ltr'>τὴν</span> <span class='ocrx_word' id='word_1_19' title='bbox 1810 234 1837 265; x_wconf 73' lang='grc' dir='ltr'><strong>ἐξ</strong></span> 
     </span>
    </p>
   </div>
   <div class='ocr_carea' id='block_1_6' title="bbox 195 272 980 309">
    <p class='ocr_par' dir='ltr' id='par_1_6' title="bbox 195 272 980 309">
     <span class='ocr_line' id='line_1_6' title="bbox 195 272 980 309; baseline 0 -8"><span class='ocrx_word' id='word_1_20' title='bbox 195 280 277 309; x_wconf 82' lang='lat' dir='ltr'><strong>atque</strong></span> <span class='ocrx_word' id='word_1_21' title='bbox 290 273 462 300; x_wconf 84' lang='lat' dir='ltr'><strong>essentialem</strong></span> <span class='ocrx_word' id='word_1_22' title='bbox 479 279 653 306; x_wconf 77' lang='lat' dir='ltr'><strong>progressum</strong></span> <span class='ocrx_word' id='word_1_23' title='bbox 671 272 817 306; x_wconf 82' lang='lat' dir='ltr'><strong>signiﬁcat.</strong></span> <span class='ocrx_word' id='word_1_24' title='bbox 834 272 893 301; x_wconf 86' lang='lat' dir='ltr'><strong>Non</strong></span> <span class='ocrx_word' id='word_1_25' title='bbox 907 274 980 301; x_wconf 91' lang='lat' dir='ltr'><strong>enim</strong></span> 
     </span>
    </p>
   </div>
   <div class='ocr_carea' id='block_1_7' title="bbox 195 317 981 353">
    <p class='ocr_par' dir='ltr' id='par_1_7' title="bbox 195 317 981 353">
     <span class='ocr_line' id='line_1_7' title="bbox 195 317 981 353; baseline 0 -7"><span class='ocrx_word' id='word_1_26' title='bbox 195 320 267 347; x_wconf 72' lang='lat' dir='ltr'><strong>tlt&#39;dll</strong></span> <span class='ocrx_word' id='word_1_27' title='bbox 280 319 369 352; x_wconf 79' lang='lat' dir='ltr'><strong>Pater,</strong></span> <span class='ocrx_word' id='word_1_28' title='bbox 386 324 513 353; x_wconf 84' lang='lat' dir='ltr'><strong>tanquam</strong></span> <span class='ocrx_word' id='word_1_29' title='bbox 531 317 632 352; x_wconf 78' lang='lat' dir='ltr'><strong>aliquid</strong></span> <span class='ocrx_word' id='word_1_30' title='bbox 646 325 680 346; x_wconf 78' lang='lat' dir='ltr'><strong>ex</strong></span> <span class='ocrx_word' id='word_1_31' title='bbox 696 319 728 346; x_wconf 90' lang='lat' dir='ltr'><strong>iis</strong></span> <span class='ocrx_word' id='word_1_32' title='bbox 740 326 800 352; x_wconf 75' lang='lat' dir='ltr'><strong>quae</strong></span> <span class='ocrx_word' id='word_1_33' title='bbox 813 319 864 347; x_wconf 84' lang='lat' dir='ltr'><strong>sibi</strong></span> <span class='ocrx_word' id='word_1_34' title='bbox 878 320 981 353; x_wconf 89' lang='lat' dir='ltr'><strong>insunt,</strong></span> 
     </span>
    </p>
   </div>
   <div class='ocr_carea' id='block_1_8' title="bbox 195 363 981 400">
    <p class='ocr_par' dir='ltr' id='par_1_8' title="bbox 195 363 981 400">
     <span class='ocr_line' id='line_1_8' title="bbox 195 363 981 400; baseline 0 -8"><span class='ocrx_word' id='word_1_35' title='bbox 195 365 328 396; x_wconf 82' lang='lat' dir='ltr'><strong>:idimens,</strong></span> <span class='ocrx_word' id='word_1_36' title='bbox 342 370 369 392; x_wconf 92' lang='lat' dir='ltr'><strong>et</strong></span> <span class='ocrx_word' id='word_1_37' title='bbox 384 372 437 391; x_wconf 90' lang='lat' dir='ltr'><strong>non</strong></span> <span class='ocrx_word' id='word_1_38' title='bbox 455 364 563 391; x_wconf 83' lang='lat' dir='ltr'><strong>babenti</strong></span> <span class='ocrx_word' id='word_1_39' title='bbox 594 363 662 390; x_wconf 85' lang='lat' dir='ltr'><strong>Filio</strong></span> <span class='ocrx_word' id='word_1_40' title='bbox 690 364 832 398; x_wconf 71' lang='lat' dir='ltr'><strong>atljii-iens.</strong></span> <span class='ocrx_word' id='word_1_41' title='bbox 850 366 981 400; x_wconf 85' lang='lat' dir='ltr'><strong>quemad-</strong></span> 
     </span>
    </p>
   </div>
   <div class='ocr_carea' id='block_1_9' title="bbox 195 408 984 444">
    <p class='ocr_par' dir='ltr' id='par_1_9' title="bbox 195 408 984 444">
     <span class='ocr_line' id='line_1_9' title="bbox 195 408 984 444; baseline 0 -6"><span class='ocrx_word' id='word_1_42' title='bbox 195 409 304 438; x_wconf 80' lang='lat' dir='ltr'><strong>modum</strong></span> <span class='ocrx_word' id='word_1_43' title='bbox 326 411 351 436; x_wconf 93' lang='lat' dir='ltr'><strong>in</strong></span> <span class='ocrx_word' id='word_1_44' title='bbox 365 409 529 438; x_wconf 87' lang='lat' dir='ltr'><strong>sectionibus</strong></span> <span class='ocrx_word' id='word_1_45' title='bbox 545 416 577 436; x_wconf 80' lang='lat' dir='ltr'><strong>ac</strong></span> <span class='ocrx_word' id='word_1_46' title='bbox 585 408 719 436; x_wconf 73' lang='lat' dir='ltr'><strong>distantiis</strong></span> <span class='ocrx_word' id='word_1_47' title='bbox 729 411 865 444; x_wconf 77' lang='lat' dir='ltr'><strong>corporeis</strong></span> <span class='ocrx_word' id='word_1_48' title='bbox 893 410 940 443; x_wconf 84' lang='lat' dir='ltr'><strong>ﬁt,</strong></span> <span class='ocrx_word' id='word_1_49' title='bbox 956 416 984 438; x_wconf 80' lang='lat' dir='ltr'><strong>et</strong></span> 
     </span>
    </p>
   </div>
   <div class='ocr_carea' id='block_1_10' title="bbox 195 454 981 489">
    <p class='ocr_par' dir='ltr' id='par_1_10' title="bbox 195 454 981 489">
     <span class='ocr_line' id='line_1_10' title="bbox 195 454 981 489; baseline 0 -6"><span class='ocrx_word' id='word_1_50' title='bbox 195 457 318 483; x_wconf 75' lang='lat' dir='ltr'><strong>localiter</strong></span> <span class='ocrx_word' id='word_1_51' title='bbox 331 455 446 482; x_wconf 80' lang='lat' dir='ltr'><strong>divisum</strong></span> <span class='ocrx_word' id='word_1_52' title='bbox 459 454 560 489; x_wconf 79' lang='lat' dir='ltr'><strong>aliquid</strong></span> <span class='ocrx_word' id='word_1_53' title='bbox 573 454 607 482; x_wconf 87' lang='lat' dir='ltr'><strong>ab</strong></span> <span class='ocrx_word' id='word_1_54' title='bbox 615 454 669 481; x_wconf 84' lang='lat' dir='ltr'><strong>alio</strong></span> <span class='ocrx_word' id='word_1_55' title='bbox 679 455 705 482; x_wconf 90' lang='lat' dir='ltr'><strong>in</strong></span> <span class='ocrx_word' id='word_1_56' title='bbox 717 454 788 482; x_wconf 83' lang='lat' dir='ltr'><strong>aliud</strong></span> <span class='ocrx_word' id='word_1_57' title='bbox 802 455 981 484; x_wconf 76' lang='lat' dir='ltr'><strong>transfertur:</strong></span> 
     </span>
    </p>
   </div>
   <div class='ocr_carea' id='block_1_11' title="bbox 197 499 983 535">
    <p class='ocr_par' dir='ltr' id='par_1_11' title="bbox 197 499 983 535">
     <span class='ocr_line' id='line_1_11' title="bbox 197 499 983 535; baseline 0 -7"><span class='ocrx_word' id='word_1_58' title='bbox 197 501 243 528; x_wconf 70' lang='lat' dir='ltr'><strong>Sid</strong></span> <span class='ocrx_word' id='word_1_59' title='bbox 255 502 324 527; x_wconf 77' lang='lat' dir='ltr'><strong>sicut</strong></span> <span class='ocrx_word' id='word_1_60' title='bbox 337 500 428 535; x_wconf 81' lang='lat' dir='ltr'><strong>planta</strong></span> <span class='ocrx_word' id='word_1_61' title='bbox 448 500 474 526; x_wconf 88' lang='lat' dir='ltr'><strong>in</strong></span> <span class='ocrx_word' id='word_1_62' title='bbox 492 499 622 531; x_wconf 83' lang='lat' dir='ltr'><strong>fructum,</strong></span> <span class='ocrx_word' id='word_1_63' title='bbox 638 499 683 534; x_wconf 75' lang='lat' dir='ltr'><strong>Qui</strong></span> <span class='ocrx_word' id='word_1_64' title='bbox 699 506 770 527; x_wconf 79' lang='lat' dir='ltr'><strong>exse</strong></span> <span class='ocrx_word' id='word_1_65' title='bbox 786 500 919 534; x_wconf 79' lang='lat' dir='ltr'><strong>procedit,</strong></span> <span class='ocrx_word' id='word_1_66' title='bbox 936 509 983 528; x_wconf 84' lang='lat' dir='ltr'><strong>na-</strong></span> 
     </span>
    </p>
   </div>
   <div class='ocr_carea' id='block_1_12' title="bbox 198 545 984 581">
    <p class='ocr_par' dir='ltr' id='par_1_12' title="bbox 198 545 984 581">
     <span class='ocr_line' id='line_1_12' title="bbox 198 545 984 581; baseline 0 -7"><span class='ocrx_word' id='word_1_67' title='bbox 198 547 312 574; x_wconf 86' lang='lat' dir='ltr'><strong>turalem</strong></span> <span class='ocrx_word' id='word_1_68' title='bbox 332 554 408 573; x_wconf 81' lang='lat' dir='ltr'><strong>suam</strong></span> <span class='ocrx_word' id='word_1_69' title='bbox 431 545 587 581; x_wconf 81' lang='lat' dir='ltr'><strong>qualitatem</strong></span> <span class='ocrx_word' id='word_1_70' title='bbox 605 550 744 580; x_wconf 72' lang='lat' dir='ltr'><strong>propagat,</strong></span> <span class='ocrx_word' id='word_1_71' title='bbox 761 546 798 572; x_wconf 87' lang='lat' dir='ltr'><strong>ita</strong></span> <span class='ocrx_word' id='word_1_72' title='bbox 811 552 838 574; x_wconf 89' lang='lat' dir='ltr'><strong>et</strong></span> <span class='ocrx_word' id='word_1_73' title='bbox 855 546 946 574; x_wconf 72' lang='lat' dir='ltr'><strong>Filius</strong></span> <span class='ocrx_word' id='word_1_74' title='bbox 969 555 984 574; x_wconf 83' lang='lat' dir='ltr'><strong>a</strong></span> 
     </span>
    </p>
   </div>
   <div class='ocr_carea' id='block_1_13' title="bbox 200 592 983 627">
    <p class='ocr_par' dir='ltr' id='par_1_13' title="bbox 200 592 983 627">
     <span class='ocr_line' id='line_1_13' title="bbox 200 592 983 627; baseline 0.001 -8"><span class='ocrx_word' id='word_1_75' title='bbox 200 593 281 620; x_wconf 84' lang='lat' dir='ltr'><strong>Putre</strong></span> <span class='ocrx_word' id='word_1_76' title='bbox 298 593 437 627; x_wconf 80' lang='lat' dir='ltr'><strong>accepisse</strong></span> <span class='ocrx_word' id='word_1_77' title='bbox 451 599 511 627; x_wconf 66' lang='lat' dir='ltr'><strong>quae</strong></span> <span class='ocrx_word' id='word_1_78' title='bbox 523 592 573 626; x_wconf 87' lang='lat' dir='ltr'><strong>ipsi</strong></span> <span class='ocrx_word' id='word_1_79' title='bbox 590 592 682 618; x_wconf 86' lang='lat' dir='ltr'><strong>insunt</strong></span> <span class='ocrx_word' id='word_1_80' title='bbox 710 592 877 627; x_wconf 73' lang='lat' dir='ltr'><strong>intelligitur.</strong></span> <span class='ocrx_word' id='word_1_81' title='bbox 892 593 983 620; x_wconf 80' lang='lat' dir='ltr'><strong>omnia</strong></span> 
     </span>
    </p>
   </div>
   <div class='ocr_carea' id='block_1_14' title="bbox 195 638 985 674">
    <p class='ocr_par' dir='ltr' id='par_1_14' title="bbox 195 638 985 674">
     <span class='ocr_line' id='line_1_14' title="bbox 195 638 985 674; baseline 0 -8"><span class='ocrx_word' id='word_1_82' title='bbox 195 639 330 667; x_wconf 79' lang='lat' dir='ltr'><strong>exsistens</strong></span> <span class='ocrx_word' id='word_1_83' title='bbox 347 647 407 674; x_wconf 68' lang='lat' dir='ltr'><strong>quae</strong></span> <span class='ocrx_word' id='word_1_84' title='bbox 424 643 451 666; x_wconf 91' lang='lat' dir='ltr'><strong>et</strong></span> <span class='ocrx_word' id='word_1_85' title='bbox 466 638 557 671; x_wconf 85' lang='lat' dir='ltr'><strong>Pater,</strong></span> <span class='ocrx_word' id='word_1_86' title='bbox 583 643 681 672; x_wconf 76' lang='lat' dir='ltr'><strong>praeter</strong></span> <span class='ocrx_word' id='word_1_87' title='bbox 696 638 721 665; x_wconf 88' lang='lat' dir='ltr'><strong>id</strong></span> <span class='ocrx_word' id='word_1_88' title='bbox 743 638 830 666; x_wconf 85' lang='lat' dir='ltr'><strong>solum</strong></span> <span class='ocrx_word' id='word_1_89' title='bbox 847 639 916 674; x_wconf 89' lang='lat' dir='ltr'><strong>quod</strong></span> <span class='ocrx_word' id='word_1_90' title='bbox 947 639 985 667; x_wconf 88' lang='lat' dir='ltr'><strong>sit</strong></span> 
     </span>
    </p>
   </div>
   <div class='ocr_carea' id='block_1_15' title="bbox 195 683 284 710">
    <p class='ocr_par' dir='ltr' id='par_1_15' title="bbox 195 683 284 710">
     <span class='ocr_line' id='line_1_15' title="bbox 195 683 284 710; baseline -0.011 0"><span class='ocrx_word' id='word_1_91' title='bbox 195 683 284 710; x_wconf 82' lang='lat' dir='ltr'><strong>Pater.</strong></span> 
     </span>
    </p>
   </div>
   <div class='ocr_carea' id='block_1_16' title="bbox 474 785 717 816">
    <p class='ocr_par' dir='ltr' id='par_1_16' title="bbox 474 785 717 816">
     <span class='ocr_line' id='line_1_16' title="bbox 474 785 717 816; baseline 0.008 -2"><span class='ocrx_word' id='word_1_92' title='bbox 474 785 506 815; x_wconf 89' lang='lat' dir='ltr'><strong>In</strong></span> <span class='ocrx_word' id='word_1_93' title='bbox 525 787 617 816; x_wconf 78' lang='lat' dir='ltr'><strong>eadem</strong></span> <span class='ocrx_word' id='word_1_94' title='bbox 630 790 717 816; x_wconf 78' lang='lat' dir='ltr'><strong>verba.</strong></span> 
     </span>
    </p>
   </div>
   <div class='ocr_carea' id='block_1_17' title="bbox 233 835 986 869">
    <p class='ocr_par' dir='ltr' id='par_1_17' title="bbox 233 835 986 869">
     <span class='ocr_line' id='line_1_17' title="bbox 233 835 986 869; baseline -0.001 -6"><span class='ocrx_word' id='word_1_95' title='bbox 233 836 284 869; x_wconf 81' lang='lat' dir='ltr'><strong>Qui</strong></span> <span class='ocrx_word' id='word_1_96' title='bbox 303 836 366 863; x_wconf 78' lang='lat' dir='ltr'><strong>t-t&#39;dit</strong></span> <span class='ocrx_word' id='word_1_97' title='bbox 392 843 442 868; x_wconf 76' lang='lat' dir='ltr'><strong>me,</strong></span> <span class='ocrx_word' id='word_1_98' title='bbox 468 835 555 869; x_wconf 87' lang='lat' dir='ltr'><strong>inquit</strong></span> <span class='ocrx_word' id='word_1_99' title='bbox 590 835 726 867; x_wconf 91' lang='lat' dir='ltr'><strong>Christus,</strong></span> <span class='ocrx_word' id='word_1_100' title='bbox 755 836 820 862; x_wconf 69' lang='lat' dir='ltr'><strong>vidit</strong></span> <span class='ocrx_word' id='word_1_101' title='bbox 846 836 951 863; x_wconf 85' lang='lat' dir='ltr'><strong>Patrem</strong></span> <span class='ocrx_word' id='word_1_102' title='bbox 966 836 986 863; x_wconf 90' lang='lat'><strong>&#39;.</strong></span> 
     </span>
    </p>
   </div>
   <div class='ocr_carea' id='block_1_18' title="bbox 197 881 986 916">
    <p class='ocr_par' dir='ltr' id='par_1_18' title="bbox 197 881 986 916">
     <span class='ocr_line' id='line_1_18' title="bbox 197 881 986 916; baseline -0.003 -7"><span class='ocrx_word' id='word_1_103' title='bbox 197 881 379 916; x_wconf 73' lang='lat' dir='ltr'><strong>Quamobrem</strong></span> <span class='ocrx_word' id='word_1_104' title='bbox 393 881 428 914; x_wconf 87' lang='lat' dir='ltr'><strong>si,</strong></span> <span class='ocrx_word' id='word_1_105' title='bbox 444 881 674 916; x_wconf 81' lang='lat' dir='ltr'><strong>quemadmodum</strong></span> <span class='ocrx_word' id='word_1_106' title='bbox 702 881 818 916; x_wconf 75' lang='lat' dir='ltr'><strong>colligis,</strong></span> <span class='ocrx_word' id='word_1_107' title='bbox 844 888 892 916; x_wconf 90' lang='lat' dir='ltr'><strong>per</strong></span> <span class='ocrx_word' id='word_1_108' title='bbox 923 888 986 916; x_wconf 77' lang='lat' dir='ltr'><strong>gra-</strong></span> 
     </span>
    </p>
   </div>
   <div class='ocr_carea' id='block_1_19' title="bbox 1039 273 1835 312">
    <p class='ocr_par' dir='ltr' id='par_1_19' title="bbox 1039 273 1835 312">
     <span class='ocr_line' id='line_1_19' title="bbox 1039 273 1835 312; baseline 0.009 -13"><span class='ocrx_word' id='word_1_109' title='bbox 1039 273 1121 300; x_wconf 70' lang='grc' dir='ltr'>αὺτοῦ</span> <span class='ocrx_word' id='word_1_110' title='bbox 1142 274 1258 308; x_wconf 75' lang='grc' dir='ltr'>φυσικήν</span> <span class='ocrx_word' id='word_1_111' title='bbox 1268 282 1297 300; x_wconf 82' lang='grc' dir='ltr'><strong>τε</strong></span> <span class='ocrx_word' id='word_1_112' title='bbox 1314 274 1361 300; x_wconf 71' lang='grc' dir='ltr'><strong>καὶ</strong></span> <span class='ocrx_word' id='word_1_113' title='bbox 1377 274 1493 309; x_wconf 63' lang='lat' dir='ltr'><strong>cuman</strong></span> <span class='ocrx_word' id='word_1_114' title='bbox 1508 276 1636 310; x_wconf 73' lang='grc' dir='ltr'><strong>σημαίνει</strong></span> <span class='ocrx_word' id='word_1_115' title='bbox 1655 278 1788 312; x_wconf 76' lang='grc' dir='ltr'>πρόοδον.</span> <span class='ocrx_word' id='word_1_116' title='bbox 1801 280 1835 306; x_wconf 69' lang='grc' dir='ltr'><strong>Οὐ</strong></span> 
     </span>
    </p>
   </div>
   <div class='ocr_carea' id='block_1_20' title="bbox 1039 319 1837 360">
    <p class='ocr_par' dir='ltr' id='par_1_20' title="bbox 1039 319 1837 360">
     <span class='ocr_line' id='line_1_20' title="bbox 1039 319 1837 360; baseline 0.008 -15"><span class='ocrx_word' id='word_1_117' title='bbox 1039 320 1094 355; x_wconf 82' lang='grc' dir='ltr'><strong>γὰρ</strong></span> <span class='ocrx_word' id='word_1_118' title='bbox 1107 319 1138 355; x_wconf 88' lang='grc' dir='ltr'><strong>δή</strong></span> <span class='ocrx_word' id='word_1_119' title='bbox 1155 328 1206 346; x_wconf 92' lang='grc' dir='ltr'><strong>που</strong></span> <span class='ocrx_word' id='word_1_120' title='bbox 1221 319 1337 347; x_wconf 78' lang='grc' dir='ltr'>δέδωκεν</span> <span class='ocrx_word' id='word_1_121' title='bbox 1353 321 1368 347; x_wconf 89' lang='lat'><strong>6</strong></span> <span class='ocrx_word' id='word_1_122' title='bbox 1393 321 1497 357; x_wconf 80' lang='grc' dir='ltr'>Πατὴρ,</span> <span class='ocrx_word' id='word_1_123' title='bbox 1518 321 1613 358; x_wconf 79' lang='grc' dir='ltr'>ὥσπερ</span> <span class='ocrx_word' id='word_1_124' title='bbox 1637 331 1665 350; x_wconf 82' lang='grc' dir='ltr'><strong>τι</strong></span> <span class='ocrx_word' id='word_1_125' title='bbox 1681 323 1742 350; x_wconf 81' lang='grc' dir='ltr'><strong>τῶν</strong></span> <span class='ocrx_word' id='word_1_126' title='bbox 1766 325 1837 360; x_wconf 67' lang='grc' dir='ltr'>αὐτῷ</span> 
     </span>
    </p>
   </div>
   <div class='ocr_carea' id='block_1_21' title="bbox 1042 366 1837 406">
    <p class='ocr_par' dir='ltr' id='par_1_21' title="bbox 1042 366 1837 406">
     <span class='ocr_line' id='line_1_21' title="bbox 1042 366 1837 406; baseline 0.008 -14"><span class='ocrx_word' id='word_1_127' title='bbox 1042 367 1195 402; x_wconf 78' lang='grc' dir='ltr'><strong>προσόντων</strong></span> <span class='ocrx_word' id='word_1_128' title='bbox 1211 366 1386 402; x_wconf 80' lang='grc' dir='ltr'>ἀφελόμενος,</span> <span class='ocrx_word' id='word_1_129' title='bbox 1414 368 1462 395; x_wconf 74' lang='grc' dir='ltr'><strong>καὶ</strong></span> <span class='ocrx_word' id='word_1_130' title='bbox 1486 369 1536 395; x_wconf 80' lang='grc' dir='ltr'><strong>οὐκ</strong></span> <span class='ocrx_word' id='word_1_131' title='bbox 1558 369 1646 404; x_wconf 80' lang='grc' dir='ltr'>ἔχοντι</span> <span class='ocrx_word' id='word_1_132' title='bbox 1673 372 1837 406; x_wconf 72' lang='grc' dir='ltr'>προστεθειι</span> 
     </span>
    </p>
   </div>
   <div class='ocr_carea' id='block_1_22' title="bbox 1041 412 1838 452">
    <p class='ocr_par' dir='ltr' id='par_1_22' title="bbox 1041 412 1838 452">
     <span class='ocr_line' id='line_1_22' title="bbox 1041 412 1838 452; baseline 0.006 -13"><span class='ocrx_word' id='word_1_133' title='bbox 1041 412 1095 445; x_wconf 80' lang='grc' dir='ltr'><strong>κὼς</strong></span> <span class='ocrx_word' id='word_1_134' title='bbox 1116 412 1155 449; x_wconf 84' lang='grc' dir='ltr'><strong>τῷ</strong></span> <span class='ocrx_word' id='word_1_135' title='bbox 1169 413 1245 449; x_wconf 80' lang='grc' dir='ltr'><strong>Υίῷ,</strong></span> <span class='ocrx_word' id='word_1_136' title='bbox 1272 413 1343 440; x_wconf 76' lang='grc' dir='ltr'>κατὰ</span> <span class='ocrx_word' id='word_1_137' title='bbox 1373 414 1532 450; x_wconf 82' lang='grc' dir='ltr'>σωματικὴν</span> <span class='ocrx_word' id='word_1_138' title='bbox 1562 415 1705 452; x_wconf 80' lang='grc' dir='ltr'>ἀποτομὴν</span> <span class='ocrx_word' id='word_1_139' title='bbox 1737 417 1757 452; x_wconf 80' lang='grc' dir='ltr'>ἦ</span> <span class='ocrx_word' id='word_1_140' title='bbox 1785 417 1838 445; x_wconf 75' lang='grc' dir='ltr'><strong>διά-</strong></span> 
     </span>
    </p>
   </div>
   <div class='ocr_carea' id='block_1_23' title="bbox 1041 460 1838 499">
    <p class='ocr_par' dir='ltr' id='par_1_23' title="bbox 1041 460 1838 499">
     <span class='ocr_line' id='line_1_23' title="bbox 1041 460 1838 499; baseline 0.005 -12"><span class='ocrx_word' id='word_1_141' title='bbox 1041 469 1135 487; x_wconf 83' lang='grc' dir='ltr'>στασιν</span> <span class='ocrx_word' id='word_1_142' title='bbox 1157 460 1206 496; x_wconf 77' lang='grc' dir='ltr'>τὴν</span> <span class='ocrx_word' id='word_1_143' title='bbox 1223 460 1254 487; x_wconf 77' lang='grc' dir='ltr'><strong>ἐκ</strong></span> <span class='ocrx_word' id='word_1_144' title='bbox 1278 469 1349 493; x_wconf 81' lang='grc' dir='ltr'>τινος</span> <span class='ocrx_word' id='word_1_145' title='bbox 1373 461 1466 497; x_wconf 79' lang='grc' dir='ltr'>ἐτέρου</span> <span class='ocrx_word' id='word_1_146' title='bbox 1490 461 1558 497; x_wconf 83' lang='grc' dir='ltr'>πρὸς</span> <span class='ocrx_word' id='word_1_147' title='bbox 1572 463 1838 499; x_wconf 76' lang='grc' dir='ltr'>ἓτερον,ῆτοπαῶς</span> 
     </span>
    </p>
   </div>
   <div class='ocr_carea' id='block_1_24' title="bbox 1039 506 1838 544">
    <p class='ocr_par' dir='ltr' id='par_1_24' title="bbox 1039 506 1838 544">
     <span class='ocr_line' id='line_1_24' title="bbox 1039 506 1838 544; baseline 0.006 -12"><span class='ocrx_word' id='word_1_148' title='bbox 1039 506 1056 541; x_wconf 81' lang='grc' dir='ltr'>ἢ</span> <span class='ocrx_word' id='word_1_149' title='bbox 1076 506 1247 542; x_wconf 72' lang='grc' dir='ltr'>διαιρετικῶς</span> <span class='ocrx_word' id='word_1_150' title='bbox 1273 507 1431 542; x_wconf 80' lang='grc' dir='ltr'><strong>νοουμένην.</strong></span> <span class='ocrx_word' id='word_1_151' title='bbox 1466 507 1535 534; x_wconf 77' lang='grc' dir='ltr'>Ἀλλ’</span> <span class='ocrx_word' id='word_1_152' title='bbox 1563 507 1657 544; x_wconf 73' lang='grc' dir='ltr'>ὥσπερ</span> <span class='ocrx_word' id='word_1_153' title='bbox 1689 509 1788 536; x_wconf 76' lang='grc' dir='ltr'>δίδωσι</span> <span class='ocrx_word' id='word_1_154' title='bbox 1811 511 1838 537; x_wconf 65' lang='grc' dir='ltr'>τὸ</span> 
     </span>
    </p>
   </div>
   <div class='ocr_carea' id='block_1_25' title="bbox 1040 551 1837 591">
    <p class='ocr_par' dir='ltr' id='par_1_25' title="bbox 1040 551 1837 591">
     <span class='ocr_line' id='line_1_25' title="bbox 1040 551 1837 591; baseline 0.006 -13"><span class='ocrx_word' id='word_1_155' title='bbox 1040 551 1123 586; x_wconf 77' lang='grc' dir='ltr'>φυτὸν</span> <span class='ocrx_word' id='word_1_156' title='bbox 1134 551 1172 587; x_wconf 87' lang='grc' dir='ltr'>τῷ</span> <span class='ocrx_word' id='word_1_157' title='bbox 1189 551 1219 584; x_wconf 74' lang='grc' dir='ltr'><strong>ἐξ</strong></span> <span class='ocrx_word' id='word_1_158' title='bbox 1231 552 1313 579; x_wconf 81' lang='grc' dir='ltr'>αὑτοῦ</span> <span class='ocrx_word' id='word_1_159' title='bbox 1330 551 1486 588; x_wconf 81' lang='grc' dir='ltr'><strong>προελθόντι</strong></span> <span class='ocrx_word' id='word_1_160' title='bbox 1496 553 1594 589; x_wconf 85' lang='grc' dir='ltr'>καρπῷ</span> <span class='ocrx_word' id='word_1_161' title='bbox 1608 553 1658 589; x_wconf 79' lang='grc' dir='ltr'>τὴν</span> <span class='ocrx_word' id='word_1_162' title='bbox 1671 554 1752 591; x_wconf 81' lang='grc' dir='ltr'>αὐτῷ</span> <span class='ocrx_word' id='word_1_163' title='bbox 1767 556 1837 582; x_wconf 70' lang='grc' dir='ltr'>κατὰ</span> 
     </span>
    </p>
   </div>
   <div class='ocr_carea' id='block_1_26' title="bbox 1040 598 1837 634">
    <p class='ocr_par' dir='ltr' id='par_1_26' title="bbox 1040 598 1837 634">
     <span class='ocr_line' id='line_1_26' title="bbox 1040 598 1837 634; baseline 0.005 -10"><span class='ocrx_word' id='word_1_164' title='bbox 1040 598 1120 632; x_wconf 81' lang='grc' dir='ltr'>φύσιν</span> <span class='ocrx_word' id='word_1_165' title='bbox 1146 599 1301 634; x_wconf 80' lang='grc' dir='ltr'>προσοῦσαν</span> <span class='ocrx_word' id='word_1_166' title='bbox 1325 598 1456 634; x_wconf 83' lang='grc' dir='ltr'>ποιότητα</span> <span class='ocrx_word' id='word_1_167' title='bbox 1483 600 1588 634; x_wconf 84' lang='grc' dir='ltr'><strong>φορεῖν,</strong></span> <span class='ocrx_word' id='word_1_168' title='bbox 1615 600 1706 632; x_wconf 81' lang='grc' dir='ltr'>οὕτως</span> <span class='ocrx_word' id='word_1_169' title='bbox 1735 601 1751 628; x_wconf 87' lang='lat'><strong>6</strong></span> <span class='ocrx_word' id='word_1_170' title='bbox 1776 601 1837 632; x_wconf 77' lang='grc' dir='ltr'><strong>Υἱὸς</strong></span> 
     </span>
    </p>
   </div>
   <div class='ocr_carea' id='block_1_27' title="bbox 1040 643 1835 680">
    <p class='ocr_par' dir='ltr' id='par_1_27' title="bbox 1040 643 1835 680">
     <span class='ocr_line' id='line_1_27' title="bbox 1040 643 1835 680; baseline 0.003 -9"><span class='ocrx_word' id='word_1_171' title='bbox 1040 645 1182 679; x_wconf 73' lang='grc' dir='ltr'><strong>εἰληφέναι</strong></span> <span class='ocrx_word' id='word_1_172' title='bbox 1195 644 1270 680; x_wconf 74' lang='grc' dir='ltr'>παρὰ</span> <span class='ocrx_word' id='word_1_173' title='bbox 1282 644 1389 680; x_wconf 78' lang='grc' dir='ltr'>Πατρὺς</span> <span class='ocrx_word' id='word_1_174' title='bbox 1410 643 1446 671; x_wconf 81' lang='grc' dir='ltr'>τὰ</span> <span class='ocrx_word' id='word_1_175' title='bbox 1470 645 1544 680; x_wconf 80' lang='grc' dir='ltr'>αὐτῷ</span> <span class='ocrx_word' id='word_1_176' title='bbox 1562 646 1698 680; x_wconf 77' lang='grc' dir='ltr'><strong>προσόντα</strong></span> <span class='ocrx_word' id='word_1_177' title='bbox 1715 648 1835 678; x_wconf 81' lang='grc' dir='ltr'>νοεῖται,</span> 
     </span>
    </p>
   </div>
   <div class='ocr_carea' id='block_1_28' title="bbox 1041 689 1836 726">
    <p class='ocr_par' dir='ltr' id='par_1_28' title="bbox 1041 689 1836 726">
     <span class='ocr_line' id='line_1_28' title="bbox 1041 689 1836 726; baseline 0.004 -10"><span class='ocrx_word' id='word_1_178' title='bbox 1041 691 1129 717; x_wconf 74' lang='grc' dir='ltr'>πάντα</span> <span class='ocrx_word' id='word_1_179' title='bbox 1147 690 1184 716; x_wconf 86' lang='grc' dir='ltr'>ὢν</span> <span class='ocrx_word' id='word_1_180' title='bbox 1205 691 1255 716; x_wconf 83' lang='grc' dir='ltr'>ὅσα</span> <span class='ocrx_word' id='word_1_181' title='bbox 1276 691 1323 717; x_wconf 70' lang='grc' dir='ltr'><strong>καὶ</strong></span> <span class='ocrx_word' id='word_1_182' title='bbox 1345 690 1360 717; x_wconf 91' lang='lat'><strong>6</strong></span> <span class='ocrx_word' id='word_1_183' title='bbox 1383 689 1478 726; x_wconf 86' lang='grc' dir='ltr'>Πατὴρ</span> <span class='ocrx_word' id='word_1_184' title='bbox 1491 709 1498 722; x_wconf 93' lang='grc'>,</span> <span class='ocrx_word' id='word_1_185' title='bbox 1527 690 1586 726; x_wconf 79' lang='grc' dir='ltr'>δίχα</span> <span class='ocrx_word' id='word_1_186' title='bbox 1604 691 1688 726; x_wconf 75' lang='grc' dir='ltr'>μόνω</span> <span class='ocrx_word' id='word_1_187' title='bbox 1702 692 1754 718; x_wconf 74' lang='grc' dir='ltr'>τοῦ</span> <span class='ocrx_word' id='word_1_188' title='bbox 1772 690 1836 719; x_wconf 67' lang='grc' dir='ltr'>εἶναι</span> 
     </span>
    </p>
   </div>
   <div class='ocr_carea' id='block_1_29' title="bbox 1042 737 1145 773">
    <p class='ocr_par' dir='ltr' id='par_1_29' title="bbox 1042 737 1145 773">
     <span class='ocr_line' id='line_1_29' title="bbox 1042 737 1145 773; baseline -0.01 -8"><span class='ocrx_word' id='word_1_189' title='bbox 1042 737 1145 773; x_wconf 82' lang='grc' dir='ltr'>Πατήρ.</span> 
     </span>
    </p>
   </div>
   <div class='ocr_carea' id='block_1_30' title="bbox 1348 789 1530 818">
    <p class='ocr_par' dir='ltr' id='par_1_30' title="bbox 1348 789 1530 818">
     <span class='ocr_line' id='line_1_30' title="bbox 1348 789 1530 818; baseline -0.005 0"><span class='ocrx_word' id='word_1_190' title='bbox 1348 789 1402 818; x_wconf 81' lang='lat' dir='ltr'><strong>Kal</strong></span> <span class='ocrx_word' id='word_1_191' title='bbox 1431 790 1530 817; x_wconf 77' lang='grc' dir='ltr'>τοῦτο.</span> 
     </span>
    </p>
   </div>
   <div class='ocr_carea' id='block_1_31' title="bbox 1075 835 1838 872">
    <p class='ocr_par' dir='ltr' id='par_1_31' title="bbox 1075 835 1838 872">
     <span class='ocr_line' id='line_1_31' title="bbox 1075 835 1838 872; baseline 0.003 -10"><span class='ocrx_word' id='word_1_192' title='bbox 1075 835 1145 870; x_wconf 78' lang='grc' dir='ltr'><strong>Φησὶ</strong></span> <span class='ocrx_word' id='word_1_193' title='bbox 1164 844 1216 862; x_wconf 86' lang='grc' dir='ltr'><strong>που</strong></span> <span class='ocrx_word' id='word_1_194' title='bbox 1234 835 1367 870; x_wconf 74' lang='grc' dir='ltr'>Χριστὸς,</span> <span class='ocrx_word' id='word_1_195' title='bbox 1387 836 1420 864; x_wconf 88' lang='lat'><strong>&#39;0</strong></span> <span class='ocrx_word' id='word_1_196' title='bbox 1433 837 1572 870; x_wconf 68' lang='grc' dir='ltr'>ἑωρακὼς</span> <span class='ocrx_word' id='word_1_197' title='bbox 1584 837 1637 871; x_wconf 75' lang='grc' dir='ltr'><strong>ἐμὲ</strong></span> <span class='ocrx_word' id='word_1_198' title='bbox 1652 837 1771 872; x_wconf 76' lang='grc' dir='ltr'>ἑώρακε</span> <span class='ocrx_word' id='word_1_199' title='bbox 1786 838 1838 865; x_wconf 73' lang='grc' dir='ltr'>τὸν</span> 
     </span>
    </p>
   </div>
   <div class='ocr_carea' id='block_1_32' title="bbox 1043 882 1838 920">
    <p class='ocr_par' dir='ltr' id='par_1_32' title="bbox 1043 882 1838 920">
     <span class='ocr_line' id='line_1_32' title="bbox 1043 882 1838 920; baseline 0.001 -10"><span class='ocrx_word' id='word_1_200' title='bbox 1043 883 1167 917; x_wconf 74' lang='grc' dir='ltr'>Πατέρα.</span> <span class='ocrx_word' id='word_1_201' title='bbox 1182 882 1214 909; x_wconf 84' lang='grc' dir='ltr'><strong>Εἰ</strong></span> <span class='ocrx_word' id='word_1_202' title='bbox 1229 882 1320 909; x_wconf 78' lang='grc' dir='ltr'>τοίνυν</span> <span class='ocrx_word' id='word_1_203' title='bbox 1339 882 1520 915; x_wconf 71' lang='grc' dir='ltr'>ἐπείσακτον,</span> <span class='ocrx_word' id='word_1_204' title='bbox 1538 883 1597 919; x_wconf 76' lang='grc' dir='ltr'>ἦτοι</span> <span class='ocrx_word' id='word_1_205' title='bbox 1612 883 1683 910; x_wconf 79' lang='grc' dir='ltr'>κατὰ</span> <span class='ocrx_word' id='word_1_206' title='bbox 1697 885 1821 920; x_wconf 75' lang='grc' dir='ltr'><strong>μετοχὴν</strong></span> <span class='ocrx_word' id='word_1_207' title='bbox 1831 905 1838 916; x_wconf 93' lang='lat'><strong>,</strong></span> 
     </span>
    </p>
   </div>
   <div class='ocr_carea' id='block_1_33' title="bbox 197 927 988 972">
    <p class='ocr_par' dir='ltr' id='par_1_33' title="bbox 197 927 987 962">
     <span class='ocr_line' id='line_1_33' title="bbox 197 927 987 962; baseline -0.003 -6"><span class='ocrx_word' id='word_1_208' title='bbox 197 930 274 962; x_wconf 78' lang='lat' dir='ltr'><strong>tiam,</strong></span> <span class='ocrx_word' id='word_1_209' title='bbox 295 935 347 955; x_wconf 90' lang='lat' dir='ltr'><strong>non</strong></span> <span class='ocrx_word' id='word_1_210' title='bbox 364 932 454 954; x_wconf 86' lang='lat' dir='ltr'><strong>autem</strong></span> <span class='ocrx_word' id='word_1_211' title='bbox 470 934 518 962; x_wconf 90' lang='lat' dir='ltr'><strong>per</strong></span> <span class='ocrx_word' id='word_1_212' title='bbox 542 927 687 954; x_wconf 83' lang='lat' dir='ltr'><strong>essentiam</strong></span> <span class='ocrx_word' id='word_1_213' title='bbox 703 927 794 959; x_wconf 83' lang='lat' dir='ltr'><strong>habet,</strong></span> <span class='ocrx_word' id='word_1_214' title='bbox 813 932 842 955; x_wconf 92' lang='lat' dir='ltr'><strong>nt</strong></span> <span class='ocrx_word' id='word_1_215' title='bbox 863 927 915 954; x_wconf 67' lang='lat' dir='ltr'><strong>vita</strong></span> <span class='ocrx_word' id='word_1_216' title='bbox 941 928 987 960; x_wconf 88' lang='lat' dir='ltr'><strong>sit,</strong></span> 
     </span>
    </p>
   </div>
   <div class='ocr_carea' id='block_1_34' title="bbox 1059 927 1838 972">
    <p class='ocr_par' dir='ltr' id='par_1_34' title="bbox 1059 928 1838 966">
     <span class='ocr_line' id='line_1_34' title="bbox 1059 928 1838 966; baseline 0.003 -10"><span class='ocrx_word' id='word_1_217' title='bbox 1059 930 1088 956; x_wconf 81' lang='grc' dir='ltr'>αὶ</span> <span class='ocrx_word' id='word_1_218' title='bbox 1103 929 1165 964; x_wconf 73' lang='grc' dir='ltr'><strong>οὐχὶ</strong></span> <span class='ocrx_word' id='word_1_219' title='bbox 1180 929 1318 961; x_wconf 83' lang='grc' dir='ltr'>οὐσιωδῶς</span> <span class='ocrx_word' id='word_1_220' title='bbox 1338 929 1393 963; x_wconf 68' lang='grc' dir='ltr'>ἔχει</span> <span class='ocrx_word' id='word_1_221' title='bbox 1410 929 1440 956; x_wconf 82' lang='grc' dir='ltr'>τὸ</span> <span class='ocrx_word' id='word_1_222' title='bbox 1455 928 1524 956; x_wconf 80' lang='grc' dir='ltr'>εἶναι</span> <span class='ocrx_word' id='word_1_223' title='bbox 1542 931 1558 965; x_wconf 85' lang='grc' dir='ltr'>ἡ</span> <span class='ocrx_word' id='word_1_224' title='bbox 1576 930 1645 966; x_wconf 76' lang='grc' dir='ltr'><strong>ζωὴ,</strong></span> <span class='ocrx_word' id='word_1_225' title='bbox 1661 931 1744 958; x_wconf 75' lang='grc' dir='ltr'>ἔσται</span> <span class='ocrx_word' id='word_1_226' title='bbox 1758 932 1808 958; x_wconf 75' lang='grc' dir='ltr'><strong>τοῦ</strong></span> <span class='ocrx_word' id='word_1_227' title='bbox 1825 941 1838 958; x_wconf 91' lang='grc' dir='ltr'><strong>ο</strong></span> 
     </span>
    </p>
   </div>
   <div class='ocr_carea' id='block_1_35' title="bbox 197 968 989 1009">
    <p class='ocr_par' dir='ltr' id='par_1_35' title="bbox 197 968 989 1009">
     <span class='ocr_line' id='line_1_35' title="bbox 197 968 989 1009; baseline 0.001 -7"><span class='ocrx_word' id='word_1_228' title='bbox 197 975 268 1002; x_wconf 87' lang='lat' dir='ltr'><strong>idem</strong></span> <span class='ocrx_word' id='word_1_229' title='bbox 283 975 388 1002; x_wconf 83' lang='lat' dir='ltr'><strong>dicetur</strong></span> <span class='ocrx_word' id='word_1_230' title='bbox 401 973 483 1000; x_wconf 85' lang='lat' dir='ltr'><strong>etiam</strong></span> <span class='ocrx_word' id='word_1_231' title='bbox 504 974 538 1002; x_wconf 91' lang='lat' dir='ltr'><strong>de</strong></span> <span class='ocrx_word' id='word_1_232' title='bbox 552 972 642 1001; x_wconf 80' lang='lat' dir='ltr'><strong>Patre.</strong></span> <span class='ocrx_word' id='word_1_233' title='bbox 660 975 746 1007; x_wconf 85' lang='lat' dir='ltr'><strong>Quam</strong></span> <span class='ocrx_word' id='word_1_234' title='bbox 769 968 878 1009; x_wconf 84' lang='lat' dir='ltr'><strong>quidem</strong></span> <span class='ocrx_word' id='word_1_235' title='bbox 906 975 989 1003; x_wconf 84' lang='lat' dir='ltr'><strong>ratio-</strong></span> 
     </span>
    </p>
   </div>
   <div class='ocr_carea' id='block_1_36' title="bbox 197 1019 990 1051">
    <p class='ocr_par' dir='ltr' id='par_1_36' title="bbox 197 1019 990 1051">
     <span class='ocr_line' id='line_1_36' title="bbox 197 1019 990 1051; baseline -0.004 -3"><span class='ocrx_word' id='word_1_236' title='bbox 197 1028 259 1048; x_wconf 90' lang='lat' dir='ltr'><strong>nem</strong></span> <span class='ocrx_word' id='word_1_237' title='bbox 288 1020 310 1047; x_wconf 90' lang='lat' dir='ltr'><strong>si</strong></span> <span class='ocrx_word' id='word_1_238' title='bbox 342 1024 371 1046; x_wconf 95' lang='lat' dir='ltr'><strong>ut</strong></span> <span class='ocrx_word' id='word_1_239' title='bbox 386 1019 531 1046; x_wconf 85' lang='lat' dir='ltr'><strong>absurdum</strong></span> <span class='ocrx_word' id='word_1_240' title='bbox 547 1019 588 1047; x_wconf 84' lang='lat' dir='ltr'><strong>vis</strong></span> <span class='ocrx_word' id='word_1_241' title='bbox 618 1020 732 1051; x_wconf 79' lang='lat' dir='ltr'><strong>evitare,</strong></span> <span class='ocrx_word' id='word_1_242' title='bbox 766 1019 933 1046; x_wconf 84' lang='lat' dir='ltr'><strong>contrarium</strong></span> <span class='ocrx_word' id='word_1_243' title='bbox 950 1020 990 1045; x_wconf 79' lang='lat' dir='ltr'><strong>fa-</strong></span> 
     </span>
    </p>
   </div>
   <div class='ocr_carea' id='block_1_37' title="bbox 198 1066 990 1102">
    <p class='ocr_par' dir='ltr' id='par_1_37' title="bbox 198 1066 990 1102">
     <span class='ocr_line' id='line_1_37' title="bbox 198 1066 990 1102; baseline -0.001 -8"><span class='ocrx_word' id='word_1_244' title='bbox 198 1069 279 1096; x_wconf 83' lang='lat' dir='ltr'><strong>tearis</strong></span> <span class='ocrx_word' id='word_1_245' title='bbox 303 1073 414 1095; x_wconf 83' lang='lat' dir='ltr'><strong>necesse</strong></span> <span class='ocrx_word' id='word_1_246' title='bbox 443 1071 496 1100; x_wconf 85' lang='lat' dir='ltr'><strong>est,</strong></span> <span class='ocrx_word' id='word_1_247' title='bbox 525 1074 622 1102; x_wconf 83' lang='lat' dir='ltr'><strong>nempe</strong></span> <span class='ocrx_word' id='word_1_248' title='bbox 643 1066 738 1094; x_wconf 86' lang='lat' dir='ltr'><strong>Filium</strong></span> <span class='ocrx_word' id='word_1_249' title='bbox 755 1067 837 1094; x_wconf 81' lang='lat' dir='ltr'><strong>vitam</strong></span> <span class='ocrx_word' id='word_1_250' title='bbox 851 1073 911 1094; x_wconf 86' lang='lat' dir='ltr'><strong>esse</strong></span> <span class='ocrx_word' id='word_1_251' title='bbox 941 1074 990 1100; x_wconf 48' lang='lat' dir='ltr'><strong>per</strong></span> 
     </span>
    </p>
   </div>
   <div class='ocr_carea' id='block_1_38' title="bbox 202 1120 337 1142">
    <p class='ocr_par' dir='ltr' id='par_1_38' title="bbox 202 1120 337 1142">
     <span class='ocr_line' id='line_1_38' title="bbox 202 1120 337 1142; baseline 0 -1"><span class='ocrx_word' id='word_1_252' title='bbox 202 1120 262 1142; x_wconf 82' lang='lat' dir='ltr'><strong>natu</strong></span> <span class='ocrx_word' id='word_1_253' title='bbox 269 1121 337 1141; x_wconf 87' lang='lat' dir='ltr'><strong>ram.</strong></span> 
     </span>
    </p>
   </div>
   <div class='ocr_carea' id='block_1_39' title="bbox 487 1159 734 1186">
    <p class='ocr_par' dir='ltr' id='par_1_39' title="bbox 487 1159 734 1186">
     <span class='ocr_line' id='line_1_39' title="bbox 487 1159 734 1186; baseline -0.008 0"><span class='ocrx_word' id='word_1_254' title='bbox 487 1159 520 1186; x_wconf 74' lang='lat' dir='ltr'><strong>In</strong></span> <span class='ocrx_word' id='word_1_255' title='bbox 544 1161 633 1186; x_wconf 80' lang='lat' dir='ltr'><strong>eadem</strong></span> <span class='ocrx_word' id='word_1_256' title='bbox 647 1160 734 1186; x_wconf 69' lang='lat' dir='ltr'><strong>verba.</strong></span> 
     </span>
    </p>
   </div>
   <div class='ocr_carea' id='block_1_40' title="bbox 235 1203 989 1238">
    <p class='ocr_par' dir='ltr' id='par_1_40' title="bbox 235 1203 989 1238">
     <span class='ocr_line' id='line_1_40' title="bbox 235 1203 989 1238; baseline -0.003 -7"><span class='ocrx_word' id='word_1_257' title='bbox 235 1204 262 1231; x_wconf 87' lang='lat' dir='ltr'><strong>Si</strong></span> <span class='ocrx_word' id='word_1_258' title='bbox 287 1203 371 1232; x_wconf 74' lang='lat' dir='ltr'><strong>Filius</strong></span> <span class='ocrx_word' id='word_1_259' title='bbox 388 1211 453 1235; x_wconf 88' lang='lat' dir='ltr'><strong>non,</strong></span> <span class='ocrx_word' id='word_1_260' title='bbox 470 1208 499 1230; x_wconf 90' lang='lat' dir='ltr'><strong>ut</strong></span> <span class='ocrx_word' id='word_1_261' title='bbox 521 1203 612 1236; x_wconf 84' lang='lat' dir='ltr'><strong>Pater,</strong></span> <span class='ocrx_word' id='word_1_262' title='bbox 644 1212 691 1238; x_wconf 58' lang='lat' dir='ltr'><strong>per</strong></span> <span class='ocrx_word' id='word_1_263' title='bbox 707 1209 830 1231; x_wconf 69' lang='lat' dir='ltr'><strong>naturam</strong></span> <span class='ocrx_word' id='word_1_264' title='bbox 852 1208 893 1230; x_wconf 68' lang='lat' dir='ltr'><strong>est</strong></span> <span class='ocrx_word' id='word_1_265' title='bbox 923 1203 989 1235; x_wconf 79' lang='lat' dir='ltr'><strong>vita,</strong></span> 
     </span>
    </p>
   </div>
   <div class='ocr_carea' id='block_1_41' title="bbox 197 1249 989 1286">
    <p class='ocr_par' dir='ltr' id='par_1_41' title="bbox 197 1249 989 1286">
     <span class='ocr_line' id='line_1_41' title="bbox 197 1249 989 1286; baseline 0 -9"><span class='ocrx_word' id='word_1_266' title='bbox 197 1250 334 1286; x_wconf 71' lang='lat' dir='ltr'><strong>quomodo</strong></span> <span class='ocrx_word' id='word_1_267' title='bbox 356 1250 491 1282; x_wconf 83' lang='lat' dir='ltr'><strong>eamdem,</strong></span> <span class='ocrx_word' id='word_1_268' title='bbox 521 1257 601 1284; x_wconf 87' lang='lat' dir='ltr'><strong>quam</strong></span> <span class='ocrx_word' id='word_1_269' title='bbox 634 1250 690 1283; x_wconf 88' lang='lat' dir='ltr'><strong>ipse</strong></span> <span class='ocrx_word' id='word_1_270' title='bbox 733 1249 822 1281; x_wconf 84' lang='lat' dir='ltr'><strong>Pater,</strong></span> <span class='ocrx_word' id='word_1_271' title='bbox 855 1250 989 1277; x_wconf 81' lang='lat' dir='ltr'><strong>actionem</strong></span> 
     </span>
    </p>
   </div>
   <div class='ocr_carea' id='block_1_42' title="bbox 200 1295 991 1330">
    <p class='ocr_par' dir='ltr' id='par_1_42' title="bbox 200 1295 991 1330">
     <span class='ocr_line' id='line_1_42' title="bbox 200 1295 991 1330; baseline -0.003 -6"><span class='ocrx_word' id='word_1_272' title='bbox 200 1297 302 1325; x_wconf 68' lang='lat' dir='ltr'><strong>habet?</strong></span> <span class='ocrx_word' id='word_1_273' title='bbox 321 1296 444 1330; x_wconf 83' lang='lat' dir='ltr'><strong>Quodam</strong></span> <span class='ocrx_word' id='word_1_274' title='bbox 467 1297 540 1324; x_wconf 87' lang='lat' dir='ltr'><strong>enim</strong></span> <span class='ocrx_word' id='word_1_275' title='bbox 577 1296 635 1323; x_wconf 80' lang='lat' dir='ltr'><strong>luco</strong></span> <span class='ocrx_word' id='word_1_276' title='bbox 662 1296 785 1323; x_wconf 76' lang='lat' dir='ltr'><strong>Christus</strong></span> <span class='ocrx_word' id='word_1_277' title='bbox 810 1297 849 1323; x_wconf 81' lang='lat' dir='ltr'><strong>ait</strong></span> <span class='ocrx_word' id='word_1_278' title='bbox 871 1304 877 1321; x_wconf 94' lang='lat'>:</span> <span class='ocrx_word' id='word_1_279' title='bbox 918 1295 991 1323; x_wconf 80' lang='lat' dir='ltr'><strong>Sicut</strong></span> 
     </span>
    </p>
   </div>
   <div class='ocr_carea' id='block_1_43' title="bbox 198 1342 990 1378">
    <p class='ocr_par' dir='ltr' id='par_1_43' title="bbox 198 1342 990 1378">
     <span class='ocr_line' id='line_1_43' title="bbox 198 1342 990 1378; baseline -0.001 -8"><span class='ocrx_word' id='word_1_280' title='bbox 198 1345 291 1374; x_wconf 82' lang='lat' dir='ltr'><strong>Pater,</strong></span> <span class='ocrx_word' id='word_1_281' title='bbox 311 1351 376 1377; x_wconf 79' lang='lat' dir='ltr'><strong>quor</strong></span> <span class='ocrx_word' id='word_1_282' title='bbox 395 1343 460 1375; x_wconf 82' lang='lat' dir='ltr'><strong>vult,</strong></span> <span class='ocrx_word' id='word_1_283' title='bbox 475 1342 600 1376; x_wconf 69' lang='lat' dir='ltr'><strong>vivi/icui,</strong></span> <span class='ocrx_word' id='word_1_284' title='bbox 620 1343 658 1369; x_wconf 80' lang='lat' dir='ltr'><strong>sic</strong></span> <span class='ocrx_word' id='word_1_285' title='bbox 685 1347 708 1370; x_wconf 74' lang='lat' dir='ltr'><strong>et</strong></span> <span class='ocrx_word' id='word_1_286' title='bbox 729 1342 825 1374; x_wconf 73' lang='lat' dir='ltr'><strong>Filius,</strong></span> <span class='ocrx_word' id='word_1_287' title='bbox 839 1351 904 1378; x_wconf 70' lang='lat' dir='ltr'><strong>quos</strong></span> <span class='ocrx_word' id='word_1_288' title='bbox 924 1343 990 1375; x_wconf 79' lang='lat' dir='ltr'><strong>vult,</strong></span> 
     </span>
    </p>
   </div>
   <div class='ocr_carea' id='block_1_44' title="bbox 198 1388 991 1423">
    <p class='ocr_par' dir='ltr' id='par_1_44' title="bbox 198 1388 991 1423">
     <span class='ocr_line' id='line_1_44' title="bbox 198 1388 991 1423; baseline 0.001 -7"><span class='ocrx_word' id='word_1_289' title='bbox 198 1389 312 1423; x_wconf 71' lang='lat' dir='ltr'><strong>vivi/Scal</strong></span> <span class='ocrx_word' id='word_1_290' title='bbox 325 1390 346 1416; x_wconf 84' lang='lat'><strong>&#39;.</strong></span> <span class='ocrx_word' id='word_1_291' title='bbox 361 1388 453 1422; x_wconf 83' lang='lat' dir='ltr'><strong>Neque</strong></span> <span class='ocrx_word' id='word_1_292' title='bbox 468 1389 540 1416; x_wconf 91' lang='lat' dir='ltr'><strong>enitn</strong></span> <span class='ocrx_word' id='word_1_293' title='bbox 556 1389 645 1416; x_wconf 90' lang='lat' dir='ltr'><strong>dicent</strong></span> <span class='ocrx_word' id='word_1_294' title='bbox 667 1388 746 1416; x_wconf 87' lang='lat' dir='ltr'><strong>aliter</strong></span> <span class='ocrx_word' id='word_1_295' title='bbox 760 1389 820 1416; x_wconf 87' lang='lat' dir='ltr'><strong>illos</strong></span> <span class='ocrx_word' id='word_1_296' title='bbox 848 1389 991 1422; x_wconf 78' lang='lat' dir='ltr'><strong>viviﬁcari,</strong></span> 
     </span>
    </p>
   </div>
   <div class='ocr_carea' id='block_1_45' title="bbox 197 1435 991 1470">
    <p class='ocr_par' dir='ltr' id='par_1_45' title="bbox 197 1435 991 1470">
     <span class='ocr_line' id='line_1_45' title="bbox 197 1435 991 1470; baseline 0.001 -8"><span class='ocrx_word' id='word_1_297' title='bbox 197 1435 243 1470; x_wconf 75' lang='lat' dir='ltr'><strong>qui</strong></span> <span class='ocrx_word' id='word_1_298' title='bbox 256 1443 271 1462; x_wconf 68' lang='grc' dir='ltr'><strong>ι</strong></span> <span class='ocrx_word' id='word_1_299' title='bbox 289 1435 369 1463; x_wconf 86' lang='lat' dir='ltr'><strong>Patre</strong></span> <span class='ocrx_word' id='word_1_300' title='bbox 385 1435 568 1466; x_wconf 79' lang='lat' dir='ltr'><strong>viviﬁcantur,</strong></span> <span class='ocrx_word' id='word_1_301' title='bbox 585 1443 666 1469; x_wconf 87' lang='lat' dir='ltr'><strong>quam</strong></span> <span class='ocrx_word' id='word_1_302' title='bbox 695 1442 742 1462; x_wconf 85' lang='lat' dir='ltr'><strong>eos</strong></span> <span class='ocrx_word' id='word_1_303' title='bbox 755 1435 802 1470; x_wconf 88' lang='lat' dir='ltr'><strong>qui</strong></span> <span class='ocrx_word' id='word_1_304' title='bbox 819 1435 890 1463; x_wconf 89' lang='lat' dir='ltr'><strong>idem</strong></span> <span class='ocrx_word' id='word_1_305' title='bbox 916 1436 991 1464; x_wconf 81' lang='lat' dir='ltr'><strong>acci-</strong></span> 
     </span>
    </p>
   </div>
   <div class='ocr_carea' id='block_1_46' title="bbox 199 1481 990 1516">
    <p class='ocr_par' dir='ltr' id='par_1_46' title="bbox 199 1481 990 1516">
     <span class='ocr_line' id='line_1_46' title="bbox 199 1481 990 1516; baseline 0 -7"><span class='ocrx_word' id='word_1_306' title='bbox 199 1483 275 1516; x_wconf 87' lang='lat' dir='ltr'><strong>piunt</strong></span> <span class='ocrx_word' id='word_1_307' title='bbox 297 1490 310 1508; x_wconf 78' lang='lat' dir='ltr'><strong>a</strong></span> <span class='ocrx_word' id='word_1_308' title='bbox 328 1481 407 1510; x_wconf 83' lang='lat' dir='ltr'><strong>Filio.</strong></span> <span class='ocrx_word' id='word_1_309' title='bbox 425 1481 470 1509; x_wconf 90' lang='lat' dir='ltr'><strong>Sic</strong></span> <span class='ocrx_word' id='word_1_310' title='bbox 495 1482 567 1508; x_wconf 88' lang='lat' dir='ltr'><strong>ettitn</strong></span> <span class='ocrx_word' id='word_1_311' title='bbox 587 1481 678 1516; x_wconf 90' lang='lat' dir='ltr'><strong>inquit</strong></span> <span class='ocrx_word' id='word_1_312' title='bbox 701 1481 809 1509; x_wconf 83' lang='lat' dir='ltr'><strong>Patrem</strong></span> <span class='ocrx_word' id='word_1_313' title='bbox 841 1482 990 1515; x_wconf 75' lang='lat' dir='ltr'><strong>vivilicare,</strong></span> 
     </span>
    </p>
   </div>
   <div class='ocr_carea' id='block_1_47' title="bbox 198 1526 990 1562">
    <p class='ocr_par' dir='ltr' id='par_1_47' title="bbox 198 1526 990 1562">
     <span class='ocr_line' id='line_1_47' title="bbox 198 1526 990 1562; baseline 0 -7"><span class='ocrx_word' id='word_1_314' title='bbox 198 1529 268 1556; x_wconf 84' lang='lat' dir='ltr'><strong>sicut</strong></span> <span class='ocrx_word' id='word_1_315' title='bbox 285 1527 369 1555; x_wconf 80' lang='lat' dir='ltr'><strong>Filius</strong></span> <span class='ocrx_word' id='word_1_316' title='bbox 391 1527 517 1558; x_wconf 82' lang='lat' dir='ltr'><strong>viviticat.</strong></span> <span class='ocrx_word' id='word_1_317' title='bbox 534 1535 616 1562; x_wconf 82' lang='lat' dir='ltr'><strong>quam</strong></span> <span class='ocrx_word' id='word_1_318' title='bbox 642 1526 724 1554; x_wconf 85' lang='lat' dir='ltr'><strong>Pater</strong></span> <span class='ocrx_word' id='word_1_319' title='bbox 747 1527 837 1560; x_wconf 87' lang='lat' dir='ltr'><strong>habet,</strong></span> <span class='ocrx_word' id='word_1_320' title='bbox 867 1529 990 1555; x_wconf 83' lang='lat' dir='ltr'><strong>eamdem</strong></span> 
     </span>
    </p>
   </div>
   <div class='ocr_carea' id='block_1_48' title="bbox 199 1574 990 1610">
    <p class='ocr_par' dir='ltr' id='par_1_48' title="bbox 199 1574 990 1610">
     <span class='ocr_line' id='line_1_48' title="bbox 199 1574 990 1610; baseline -0.001 -8"><span class='ocrx_word' id='word_1_321' title='bbox 199 1575 299 1602; x_wconf 85' lang='lat' dir='ltr'><strong>habere</strong></span> <span class='ocrx_word' id='word_1_322' title='bbox 313 1582 342 1602; x_wconf 85' lang='lat' dir='ltr'><strong>se</strong></span> <span class='ocrx_word' id='word_1_323' title='bbox 355 1575 490 1602; x_wconf 87' lang='lat' dir='ltr'><strong>actionem</strong></span> <span class='ocrx_word' id='word_1_324' title='bbox 517 1574 687 1608; x_wconf 69' lang='lat' dir='ltr'><strong>significans.</strong></span> <span class='ocrx_word' id='word_1_325' title='bbox 715 1575 773 1603; x_wconf 86' lang='lat' dir='ltr'><strong>Non</strong></span> <span class='ocrx_word' id='word_1_326' title='bbox 789 1575 872 1610; x_wconf 87' lang='lat' dir='ltr'><strong>igitur</strong></span> <span class='ocrx_word' id='word_1_327' title='bbox 892 1575 917 1602; x_wconf 90' lang='lat' dir='ltr'><strong>ei</strong></span> <span class='ocrx_word' id='word_1_328' title='bbox 944 1574 990 1609; x_wconf 89' lang='lat' dir='ltr'><strong>qui</strong></span> 
     </span>
    </p>
   </div>
   <div class='ocr_carea' id='block_1_49' title="bbox 1042 974 1838 1011">
    <p class='ocr_par' dir='ltr' id='par_1_49' title="bbox 1042 974 1838 1011">
     <span class='ocr_line' id='line_1_49' title="bbox 1042 974 1838 1011; baseline -0.001 -9"><span class='ocrx_word' id='word_1_329' title='bbox 1042 975 1090 1003; x_wconf 74' lang='grc' dir='ltr'><strong>καὶ</strong></span> <span class='ocrx_word' id='word_1_330' title='bbox 1116 975 1130 1002; x_wconf 88' lang='lat'><strong>6</strong></span> <span class='ocrx_word' id='word_1_331' title='bbox 1151 975 1258 1010; x_wconf 79' lang='grc' dir='ltr'>Πατήρ.</span> <span class='ocrx_word' id='word_1_332' title='bbox 1281 974 1378 1008; x_wconf 77' lang='grc' dir='ltr'>Φυγὼν</span> <span class='ocrx_word' id='word_1_333' title='bbox 1404 974 1432 1001; x_wconf 78' lang='grc' dir='ltr'><strong>δὲ</strong></span> <span class='ocrx_word' id='word_1_334' title='bbox 1459 974 1508 1001; x_wconf 78' lang='grc' dir='ltr'>τοῦ</span> <span class='ocrx_word' id='word_1_335' title='bbox 1534 974 1614 1009; x_wconf 83' lang='grc' dir='ltr'>λόγου</span> <span class='ocrx_word' id='word_1_336' title='bbox 1639 975 1690 1011; x_wconf 79' lang='grc' dir='ltr'>τὴν</span> <span class='ocrx_word' id='word_1_337' title='bbox 1718 976 1838 1003; x_wconf 73' lang='grc' dir='ltr'>ἀτοπίαν</span> 
     </span>
    </p>
   </div>
   <div class='ocr_carea' id='block_1_50' title="bbox 1041 1021 1838 1058">
    <p class='ocr_par' dir='ltr' id='par_1_50' title="bbox 1041 1021 1838 1058">
     <span class='ocr_line' id='line_1_50' title="bbox 1041 1021 1838 1058; baseline 0.003 -11"><span class='ocrx_word' id='word_1_338' title='bbox 1041 1022 1070 1054; x_wconf 72' lang='grc' dir='ltr'><strong>ἐξ</strong></span> <span class='ocrx_word' id='word_1_339' title='bbox 1096 1021 1220 1056; x_wconf 77' lang='grc' dir='ltr'><strong>ἀνάγκης</strong></span> <span class='ocrx_word' id='word_1_340' title='bbox 1237 1021 1416 1057; x_wconf 77' lang='grc' dir='ltr'><strong>ὁμολογήσεις</strong></span> <span class='ocrx_word' id='word_1_341' title='bbox 1436 1021 1466 1048; x_wconf 76' lang='grc' dir='ltr'>τδ</span> <span class='ocrx_word' id='word_1_342' title='bbox 1481 1021 1586 1058; x_wconf 76' lang='grc' dir='ltr'>ἕτερον.</span> <span class='ocrx_word' id='word_1_343' title='bbox 1608 1022 1670 1058; x_wconf 85' lang='grc' dir='ltr'><strong>Ζωὴ</strong></span> <span class='ocrx_word' id='word_1_344' title='bbox 1689 1022 1748 1058; x_wconf 80' lang='grc' dir='ltr'><strong>γὰρ</strong></span> <span class='ocrx_word' id='word_1_345' title='bbox 1768 1024 1838 1051; x_wconf 65' lang='grc' dir='ltr'>κατὰ</span> 
     </span>
    </p>
   </div>
   <div class='ocr_carea' id='block_1_51' title="bbox 1043 1067 1250 1102">
    <p class='ocr_par' dir='ltr' id='par_1_51' title="bbox 1043 1067 1250 1102">
     <span class='ocr_line' id='line_1_51' title="bbox 1043 1067 1250 1102; baseline 0 -8"><span class='ocrx_word' id='word_1_346' title='bbox 1043 1068 1124 1102; x_wconf 70' lang='grc' dir='ltr'>φύσιν</span> <span class='ocrx_word' id='word_1_347' title='bbox 1136 1068 1150 1094; x_wconf 86' lang='lat'><strong>6</strong></span> <span class='ocrx_word' id='word_1_348' title='bbox 1172 1067 1250 1100; x_wconf 73' lang='grc' dir='ltr'>Υἱός.</span> 
     </span>
    </p>
   </div>
   <div class='ocr_carea' id='block_1_52' title="bbox 1354 1157 1521 1185">
    <p class='ocr_par' dir='ltr' id='par_1_52' title="bbox 1354 1157 1521 1185">
     <span class='ocr_line' id='line_1_52' title="bbox 1354 1157 1521 1185; baseline 0.006 -1"><span class='ocrx_word' id='word_1_349' title='bbox 1354 1157 1406 1184; x_wconf 76' lang='grc' dir='ltr'><strong>Καὶ</strong></span> <span class='ocrx_word' id='word_1_350' title='bbox 1428 1157 1521 1185; x_wconf 72' lang='grc' dir='ltr'>τοῦτο.</span> 
     </span>
    </p>
   </div>
   <div class='ocr_carea' id='block_1_53' title="bbox 1080 1203 1838 1239">
    <p class='ocr_par' dir='ltr' id='par_1_53' title="bbox 1080 1203 1838 1239">
     <span class='ocr_line' id='line_1_53' title="bbox 1080 1203 1838 1239; baseline 0.003 -10"><span class='ocrx_word' id='word_1_351' title='bbox 1080 1204 1110 1230; x_wconf 79' lang='lat' dir='ltr'><strong>Et</strong></span> <span class='ocrx_word' id='word_1_352' title='bbox 1130 1203 1203 1237; x_wconf 76' lang='grc' dir='ltr'>ζωῆς</span> <span class='ocrx_word' id='word_1_353' title='bbox 1219 1204 1295 1235; x_wconf 74' lang='grc' dir='ltr'>ὂντος</span> <span class='ocrx_word' id='word_1_354' title='bbox 1312 1204 1382 1230; x_wconf 75' lang='grc' dir='ltr'>κατὰ</span> <span class='ocrx_word' id='word_1_355' title='bbox 1403 1204 1485 1238; x_wconf 77' lang='grc' dir='ltr'>φύσιν</span> <span class='ocrx_word' id='word_1_356' title='bbox 1500 1203 1546 1230; x_wconf 80' lang='grc' dir='ltr'>τοῦ</span> <span class='ocrx_word' id='word_1_357' title='bbox 1566 1204 1694 1239; x_wconf 73' lang='grc' dir='ltr'>Πατρδς,</span> <span class='ocrx_word' id='word_1_358' title='bbox 1714 1205 1767 1231; x_wconf 73' lang='grc' dir='ltr'><strong>οὐκ</strong></span> <span class='ocrx_word' id='word_1_359' title='bbox 1782 1205 1838 1232; x_wconf 73' lang='grc' dir='ltr'>ἐστι</span> 
     </span>
    </p>
   </div>
   <div class='ocr_carea' id='block_1_54' title="bbox 1042 1249 1838 1286">
    <p class='ocr_par' dir='ltr' id='par_1_54' title="bbox 1042 1249 1838 1286">
     <span class='ocr_line' id='line_1_54' title="bbox 1042 1249 1838 1286; baseline 0 -9"><span class='ocrx_word' id='word_1_360' title='bbox 1042 1250 1122 1278; x_wconf 80' lang='grc' dir='ltr'>τοῦτο</span> <span class='ocrx_word' id='word_1_361' title='bbox 1140 1251 1200 1277; x_wconf 78' lang='grc' dir='ltr'>κατ’</span> <span class='ocrx_word' id='word_1_362' title='bbox 1214 1250 1309 1277; x_wconf 80' lang='grc' dir='ltr'>οὐσίαν</span> <span class='ocrx_word' id='word_1_363' title='bbox 1326 1251 1339 1277; x_wconf 97' lang='lat'><strong>6</strong></span> <span class='ocrx_word' id='word_1_364' title='bbox 1354 1250 1434 1283; x_wconf 76' lang='grc' dir='ltr'><strong>Υἱὸς,</strong></span> <span class='ocrx_word' id='word_1_365' title='bbox 1453 1250 1547 1285; x_wconf 81' lang='grc' dir='ltr'>ὥσπερ</span> <span class='ocrx_word' id='word_1_366' title='bbox 1563 1249 1618 1282; x_wconf 82' lang='grc' dir='ltr'>τοῖς</span> <span class='ocrx_word' id='word_1_367' title='bbox 1638 1251 1838 1286; x_wconf 72' lang='grc' dir='ltr'>χριστομάχοις</span> 
     </span>
    </p>
   </div>
   <div class='ocr_carea' id='block_1_55' title="bbox 1043 1296 1836 1332">
    <p class='ocr_par' dir='ltr' id='par_1_55' title="bbox 1043 1296 1836 1332">
     <span class='ocr_line' id='line_1_55' title="bbox 1043 1296 1836 1332; baseline 0.001 -9"><span class='ocrx_word' id='word_1_368' title='bbox 1043 1297 1125 1330; x_wconf 77' lang='grc' dir='ltr'>δοκεῖ,</span> <span class='ocrx_word' id='word_1_369' title='bbox 1154 1296 1212 1329; x_wconf 86' lang='grc' dir='ltr'>πῶς</span> <span class='ocrx_word' id='word_1_370' title='bbox 1235 1296 1283 1325; x_wconf 83' lang='grc' dir='ltr'>τὴν</span> <span class='ocrx_word' id='word_1_371' title='bbox 1305 1297 1391 1332; x_wconf 78' lang='grc' dir='ltr'>αὐτὴν</span> <span class='ocrx_word' id='word_1_372' title='bbox 1415 1297 1557 1331; x_wconf 70' lang='grc' dir='ltr'>ἐνέργειαν</span> <span class='ocrx_word' id='word_1_373' title='bbox 1582 1297 1637 1332; x_wconf 73' lang='grc' dir='ltr'>ἔχει</span> <span class='ocrx_word' id='word_1_374' title='bbox 1660 1297 1702 1331; x_wconf 83' lang='grc' dir='ltr'>τῷ</span> <span class='ocrx_word' id='word_1_375' title='bbox 1730 1297 1836 1331; x_wconf 72' lang='grc' dir='ltr'>Πατρί;</span> 
     </span>
    </p>
   </div>
   <div class='ocr_carea' id='block_1_56' title="bbox 1043 1342 1837 1379">
    <p class='ocr_par' dir='ltr' id='par_1_56' title="bbox 1043 1342 1837 1379">
     <span class='ocr_line' id='line_1_56' title="bbox 1043 1342 1837 1379; baseline 0.001 -10"><span class='ocrx_word' id='word_1_376' title='bbox 1043 1344 1111 1378; x_wconf 79' lang='grc' dir='ltr'>Φησὶ</span> <span class='ocrx_word' id='word_1_377' title='bbox 1125 1343 1179 1379; x_wconf 87' lang='grc' dir='ltr'>γάρ</span> <span class='ocrx_word' id='word_1_378' title='bbox 1195 1352 1247 1370; x_wconf 84' lang='grc' dir='ltr'><strong>που</strong></span> <span class='ocrx_word' id='word_1_379' title='bbox 1261 1344 1275 1370; x_wconf 83' lang='lat'><strong>6</strong></span> <span class='ocrx_word' id='word_1_380' title='bbox 1295 1342 1423 1378; x_wconf 75' lang='grc' dir='ltr'>Χριστὸς,</span> <span class='ocrx_word' id='word_1_381' title='bbox 1437 1343 1479 1369; x_wconf 73' lang='grc' dir='ltr'>ὄτι.</span> <span class='ocrx_word' id='word_1_382' title='bbox 1497 1344 1608 1377; x_wconf 83' lang='grc' dir='ltr'>Ὠσπερ</span> <span class='ocrx_word' id='word_1_383' title='bbox 1626 1345 1643 1370; x_wconf 85' lang='grc' dir='ltr'><strong>ό</strong></span> <span class='ocrx_word' id='word_1_384' title='bbox 1661 1345 1771 1377; x_wconf 79' lang='grc' dir='ltr'>Πατὴρ</span> <span class='ocrx_word' id='word_1_385' title='bbox 1786 1344 1837 1376; x_wconf 71' lang='grc' dir='ltr'>οὓς</span> 
     </span>
    </p>
   </div>
   <div class='ocr_carea' id='block_1_57' title="bbox 1043 1388 1837 1423">
    <p class='ocr_par' dir='ltr' id='par_1_57' title="bbox 1043 1388 1837 1423">
     <span class='ocr_line' id='line_1_57' title="bbox 1043 1388 1837 1423; baseline 0 -6"><span class='ocrx_word' id='word_1_386' title='bbox 1043 1390 1125 1417; x_wconf 79' lang='grc' dir='ltr'>θέλει</span> <span class='ocrx_word' id='word_1_387' title='bbox 1135 1388 1277 1421; x_wconf 77' lang='grc' dir='ltr'>ζωοποιεῖ,</span> <span class='ocrx_word' id='word_1_388' title='bbox 1288 1389 1366 1415; x_wconf 78' lang='grc' dir='ltr'>οὕτω</span> <span class='ocrx_word' id='word_1_389' title='bbox 1375 1389 1424 1416; x_wconf 79' lang='grc' dir='ltr'><strong>καὶ</strong></span> <span class='ocrx_word' id='word_1_390' title='bbox 1433 1391 1449 1416; x_wconf 83' lang='grc' dir='ltr'><em>ὀ</em></span> <span class='ocrx_word' id='word_1_391' title='bbox 1460 1389 1527 1423; x_wconf 77' lang='grc' dir='ltr'><strong><em>Υἱὸς</em></strong></span> <span class='ocrx_word' id='word_1_392' title='bbox 1534 1389 1588 1422; x_wconf 83' lang='grc' dir='ltr'>οὓς</span> <span class='ocrx_word' id='word_1_393' title='bbox 1596 1391 1677 1417; x_wconf 79' lang='grc' dir='ltr'>θέλει</span> <span class='ocrx_word' id='word_1_394' title='bbox 1691 1390 1837 1420; x_wconf 74' lang='grc' dir='ltr'>ζωοποιεῖ.</span> 
     </span>
    </p>
   </div>
   <div class='ocr_carea' id='block_1_58' title="bbox 1043 1435 1839 1472">
    <p class='ocr_par' dir='ltr' id='par_1_58' title="bbox 1043 1435 1839 1472">
     <span class='ocr_line' id='line_1_58' title="bbox 1043 1435 1839 1472; baseline 0 -9"><span class='ocrx_word' id='word_1_395' title='bbox 1043 1436 1080 1463; x_wconf 85' lang='grc' dir='ltr'><strong>Οὐ</strong></span> <span class='ocrx_word' id='word_1_396' title='bbox 1100 1435 1154 1470; x_wconf 81' lang='grc' dir='ltr'>γὰρ</span> <span class='ocrx_word' id='word_1_397' title='bbox 1172 1435 1203 1470; x_wconf 85' lang='grc' dir='ltr'><strong>δὴ</strong></span> <span class='ocrx_word' id='word_1_398' title='bbox 1218 1435 1408 1467; x_wconf 80' lang='grc' dir='ltr'>ζωοποιεῖσθαι</span> <span class='ocrx_word' id='word_1_399' title='bbox 1421 1436 1470 1470; x_wconf 87' lang='grc' dir='ltr'>μὲν</span> <span class='ocrx_word' id='word_1_400' title='bbox 1488 1436 1589 1472; x_wconf 81' lang='grc' dir='ltr'><strong>ἑτέρως</strong></span> <span class='ocrx_word' id='word_1_401' title='bbox 1601 1435 1694 1471; x_wconf 76' lang='grc' dir='ltr'>ἐροῦσι</span> <span class='ocrx_word' id='word_1_402' title='bbox 1709 1437 1774 1468; x_wconf 82' lang='grc' dir='ltr'>τοὺς</span> <span class='ocrx_word' id='word_1_403' title='bbox 1783 1438 1839 1464; x_wconf 71' lang='grc' dir='ltr'>ὅσοι</span> 
     </span>
    </p>
   </div>
   <div class='ocr_carea' id='block_1_59' title="bbox 1043 1481 1840 1516">
    <p class='ocr_par' dir='ltr' id='par_1_59' title="bbox 1043 1481 1840 1516">
     <span class='ocr_line' id='line_1_59' title="bbox 1043 1481 1840 1516; baseline 0.001 -8"><span class='ocrx_word' id='word_1_404' title='bbox 1043 1481 1120 1516; x_wconf 78' lang='grc' dir='ltr'>παρὰ</span> <span class='ocrx_word' id='word_1_405' title='bbox 1135 1481 1183 1508; x_wconf 84' lang='grc' dir='ltr'>τοῦ</span> <span class='ocrx_word' id='word_1_406' title='bbox 1196 1481 1300 1516; x_wconf 80' lang='grc' dir='ltr'>Πατρὺς</span> <span class='ocrx_word' id='word_1_407' title='bbox 1314 1481 1394 1507; x_wconf 83' lang='grc' dir='ltr'>τοῦτο</span> <span class='ocrx_word' id='word_1_408' title='bbox 1406 1481 1585 1516; x_wconf 79' lang='grc' dir='ltr'>λαμὸἀνουσι,</span> <span class='ocrx_word' id='word_1_409' title='bbox 1599 1482 1800 1514; x_wconf 74' lang='grc' dir='ltr'>ζωοποιεῖσθαι</span> <span class='ocrx_word' id='word_1_410' title='bbox 1812 1483 1840 1509; x_wconf 75' lang='grc' dir='ltr'>εἰ</span> 
     </span>
    </p>
   </div>
   <div class='ocr_carea' id='block_1_60' title="bbox 1043 1528 1839 1565">
    <p class='ocr_par' dir='ltr' id='par_1_60' title="bbox 1043 1528 1839 1565">
     <span class='ocr_line' id='line_1_60' title="bbox 1043 1528 1839 1565; baseline 0.001 -10"><span class='ocrx_word' id='word_1_411' title='bbox 1043 1529 1126 1556; x_wconf 73' lang='grc' dir='ltr'>πάλιν</span> <span class='ocrx_word' id='word_1_412' title='bbox 1142 1528 1204 1556; x_wconf 81' lang='grc' dir='ltr'><strong>καθ’</strong></span> <span class='ocrx_word' id='word_1_413' title='bbox 1218 1528 1313 1563; x_wconf 76' lang='grc' dir='ltr'>ἓτερον</span> <span class='ocrx_word' id='word_1_414' title='bbox 1328 1528 1429 1563; x_wconf 83' lang='grc' dir='ltr'>τρόπον</span> <span class='ocrx_word' id='word_1_415' title='bbox 1443 1529 1507 1561; x_wconf 84' lang='grc' dir='ltr'>τοὺς</span> <span class='ocrx_word' id='word_1_416' title='bbox 1522 1529 1597 1565; x_wconf 72' lang='grc' dir='ltr'>παρὰ</span> <span class='ocrx_word' id='word_1_417' title='bbox 1609 1529 1658 1556; x_wconf 81' lang='grc' dir='ltr'>τοῦ</span> <span class='ocrx_word' id='word_1_418' title='bbox 1674 1529 1746 1556; x_wconf 76' lang='grc' dir='ltr'>Υίοῦ</span> <span class='ocrx_word' id='word_1_419' title='bbox 1762 1531 1839 1557; x_wconf 73' lang='grc' dir='ltr'>τοῦτο</span> 
     </span>
    </p>
   </div>
   <div class='ocr_carea' id='block_1_61' title="bbox 1042 1574 1838 1611">
    <p class='ocr_par' dir='ltr' id='par_1_61' title="bbox 1042 1574 1838 1611">
     <span class='ocr_line' id='line_1_61' title="bbox 1042 1574 1838 1611; baseline 0.001 -9"><span class='ocrx_word' id='word_1_420' title='bbox 1042 1575 1216 1610; x_wconf 67' lang='grc' dir='ltr'>δεχομένους.</span> <span class='ocrx_word' id='word_1_421' title='bbox 1229 1574 1308 1601; x_wconf 81' lang='grc' dir='ltr'>Οὕτω</span> <span class='ocrx_word' id='word_1_422' title='bbox 1324 1574 1378 1610; x_wconf 81' lang='grc' dir='ltr'><strong>γὰρ</strong></span> <span class='ocrx_word' id='word_1_423' title='bbox 1394 1574 1481 1610; x_wconf 76' lang='grc' dir='ltr'>ἔφησε</span> <span class='ocrx_word' id='word_1_424' title='bbox 1495 1575 1636 1607; x_wconf 60' lang='grc' dir='ltr'>ζωοποιεῖν</span> <span class='ocrx_word' id='word_1_425' title='bbox 1650 1576 1698 1602; x_wconf 72' lang='grc' dir='ltr'><strong>τὸν</strong></span> <span class='ocrx_word' id='word_1_426' title='bbox 1718 1576 1838 1611; x_wconf 66' lang='grc' dir='ltr'>Πειτέρπ,</span> 
     </span>
    </p>
   </div>
   <div class='ocr_carea' id='block_1_62' title="bbox 198 1619 988 1656">
    <p class='ocr_par' dir='ltr' id='par_1_62' title="bbox 198 1619 988 1654">
     <span class='ocr_line' id='line_1_62' title="bbox 198 1619 988 1654; baseline 0.004 -8"><span class='ocrx_word' id='word_1_427' title='bbox 198 1627 229 1646; x_wconf 76' lang='lat' dir='ltr'><strong>se</strong></span> <span class='ocrx_word' id='word_1_428' title='bbox 243 1620 348 1654; x_wconf 86' lang='lat' dir='ltr'><strong>genuit,</strong></span> <span class='ocrx_word' id='word_1_429' title='bbox 361 1619 500 1648; x_wconf 87' lang='lat' dir='ltr'><strong>dissimilis</strong></span> <span class='ocrx_word' id='word_1_430' title='bbox 520 1625 572 1651; x_wconf 87' lang='lat' dir='ltr'><strong>est.</strong></span> <span class='ocrx_word' id='word_1_431' title='bbox 595 1621 640 1648; x_wconf 87' lang='lat' dir='ltr'><strong>sed</strong></span> <span class='ocrx_word' id='word_1_432' title='bbox 658 1627 689 1648; x_wconf 93' lang='lat' dir='ltr'><strong>ut</strong></span> <span class='ocrx_word' id='word_1_433' title='bbox 705 1620 796 1653; x_wconf 84' lang='lat' dir='ltr'><strong>Pater,</strong></span> <span class='ocrx_word' id='word_1_434' title='bbox 809 1621 848 1648; x_wconf 87' lang='lat' dir='ltr'><strong>sic</strong></span> <span class='ocrx_word' id='word_1_435' title='bbox 863 1625 889 1648; x_wconf 85' lang='lat' dir='ltr'><strong>et</strong></span> <span class='ocrx_word' id='word_1_436' title='bbox 906 1620 988 1649; x_wconf 81' lang='lat' dir='ltr'><strong>Filius</strong></span> 
     </span>
    </p>
   </div>
   <div class='ocr_carea' id='block_1_63' title="bbox 1059 1619 1840 1656">
    <p class='ocr_par' dir='ltr' id='par_1_63' title="bbox 1059 1619 1840 1655">
     <span class='ocr_line' id='line_1_63' title="bbox 1059 1619 1840 1655; baseline -0.001 -8"><span class='ocrx_word' id='word_1_437' title='bbox 1059 1629 1080 1652; x_wconf 71' lang='grc' dir='ltr'><strong>ις</strong></span> <span class='ocrx_word' id='word_1_438' title='bbox 1093 1621 1126 1647; x_wconf 84' lang='grc' dir='ltr'>ἂν</span> <span class='ocrx_word' id='word_1_439' title='bbox 1137 1621 1333 1654; x_wconf 75' lang='grc' dir='ltr'>ζωοποιήσειεν</span> <span class='ocrx_word' id='word_1_440' title='bbox 1342 1619 1355 1645; x_wconf 86' lang='grc' dir='ltr'><em>ὸ</em></span> <span class='ocrx_word' id='word_1_441' title='bbox 1372 1619 1445 1650; x_wconf 80' lang='grc' dir='ltr'>Υίδς,</span> <span class='ocrx_word' id='word_1_442' title='bbox 1457 1619 1594 1655; x_wconf 67' lang='grc' dir='ltr'>πανταχοῦ</span> <span class='ocrx_word' id='word_1_443' title='bbox 1607 1619 1655 1655; x_wconf 78' lang='grc' dir='ltr'>τὴν</span> <span class='ocrx_word' id='word_1_444' title='bbox 1667 1620 1759 1655; x_wconf 82' lang='grc' dir='ltr'>αὐτὴν</span> <span class='ocrx_word' id='word_1_445' title='bbox 1769 1621 1840 1653; x_wconf 77' lang='grc' dir='ltr'><strong>ἐνέρ-</strong></span> 
     </span>
    </p>
   </div>
   <div class='ocr_carea' id='block_1_64' title="bbox 201 1666 588 1699">
    <p class='ocr_par' dir='ltr' id='par_1_64' title="bbox 201 1666 588 1699">
     <span class='ocr_line' id='line_1_64' title="bbox 201 1666 588 1699; baseline 0.013 -10"><span class='ocrx_word' id='word_1_446' title='bbox 201 1666 253 1692; x_wconf 84' lang='lat' dir='ltr'><strong>vita</strong></span> <span class='ocrx_word' id='word_1_447' title='bbox 272 1674 319 1699; x_wconf 89' lang='lat' dir='ltr'><strong>per</strong></span> <span class='ocrx_word' id='word_1_448' title='bbox 335 1673 459 1694; x_wconf 82' lang='lat' dir='ltr'><strong>naturam</strong></span> <span class='ocrx_word' id='word_1_449' title='bbox 477 1667 588 1694; x_wconf 89' lang='lat' dir='ltr'><strong>dicitur.</strong></span> 
     </span>
    </p>
   </div>
   <div class='ocr_carea' id='block_1_65' title="bbox 1047 1665 1840 1702">
    <p class='ocr_par' dir='ltr' id='par_1_65' title="bbox 1047 1665 1840 1702">
     <span class='ocr_line' id='line_1_65' title="bbox 1047 1665 1840 1702; baseline 0 -10"><span class='ocrx_word' id='word_1_450' title='bbox 1047 1675 1124 1701; x_wconf 76' lang='grc' dir='ltr'>γειαν</span> <span class='ocrx_word' id='word_1_451' title='bbox 1145 1666 1184 1700; x_wconf 80' lang='grc' dir='ltr'><strong>τῷ</strong></span> <span class='ocrx_word' id='word_1_452' title='bbox 1199 1665 1283 1700; x_wconf 81' lang='grc' dir='ltr'>Πατρὶ</span> <span class='ocrx_word' id='word_1_453' title='bbox 1306 1665 1402 1700; x_wconf 71' lang='grc' dir='ltr'>ἔχοντα</span> <span class='ocrx_word' id='word_1_454' title='bbox 1421 1665 1519 1693; x_wconf 78' lang='grc' dir='ltr'>ἑαυτὸν</span> <span class='ocrx_word' id='word_1_455' title='bbox 1537 1666 1708 1702; x_wconf 72' lang='grc' dir='ltr'>ὁριζόμενος.</span> <span class='ocrx_word' id='word_1_456' title='bbox 1735 1665 1840 1693; x_wconf 67' lang='grc' dir='ltr'>οὐκοῦν</span> 
     </span>
    </p>
   </div>
   <div class='ocr_carea' id='block_1_66' title="bbox 198 1712 1840 1749">
    <p class='ocr_par' dir='ltr' id='par_1_66' title="bbox 198 1712 1840 1749">
     <span class='ocr_line' id='line_1_66' title="bbox 198 1712 1840 1749; baseline 0.001 -12"><span class='ocrx_word' id='word_1_457' title='bbox 198 1712 248 1738; x_wconf 78' lang='grc' dir='ltr'><strong>οὐκ</strong></span> <span class='ocrx_word' id='word_1_458' title='bbox 261 1713 384 1746; x_wconf 69' lang='grc' dir='ltr'>ἀνόμοιος</span> <span class='ocrx_word' id='word_1_459' title='bbox 395 1713 471 1740; x_wconf 69' lang='grc' dir='ltr'>ἔσται</span> <span class='ocrx_word' id='word_1_460' title='bbox 487 1712 554 1749; x_wconf 72' lang='grc' dir='ltr'>πρὸς</span> <span class='ocrx_word' id='word_1_461' title='bbox 563 1715 609 1740; x_wconf 80' lang='grc' dir='ltr'>τὸν</span> <span class='ocrx_word' id='word_1_462' title='bbox 622 1713 817 1749; x_wconf 78' lang='grc' dir='ltr'><strong>γεγεννηκότα,</strong></span> <span class='ocrx_word' id='word_1_463' title='bbox 839 1712 897 1739; x_wconf 82' lang='grc' dir='ltr'>ἀλλ’</span> <span class='ocrx_word' id='word_1_464' title='bbox 922 1713 1018 1739; x_wconf 80' lang='grc' dir='ltr'>ὦσπεο</span> <span class='ocrx_word' id='word_1_465' title='bbox 1041 1715 1143 1745; x_wconf 71' lang='grc' dir='ltr'>ἐκεῖνος</span> <span class='ocrx_word' id='word_1_466' title='bbox 1171 1713 1252 1748; x_wconf 79' lang='grc' dir='ltr'>φύσει</span> <span class='ocrx_word' id='word_1_467' title='bbox 1274 1713 1331 1747; x_wconf 73' lang='grc' dir='ltr'><strong>ζωὴ</strong></span> <span class='ocrx_word' id='word_1_468' title='bbox 1356 1713 1469 1746; x_wconf 80' lang='grc' dir='ltr'>λέγεται</span> <span class='ocrx_word' id='word_1_469' title='bbox 1493 1714 1542 1741; x_wconf 77' lang='grc' dir='ltr'><strong>καὶ</strong></span> <span class='ocrx_word' id='word_1_470' title='bbox 1565 1713 1648 1746; x_wconf 77' lang='grc' dir='ltr'>ἐστιν,</span> <span class='ocrx_word' id='word_1_471' title='bbox 1691 1713 1770 1741; x_wconf 81' lang='grc' dir='ltr'>οὕτω</span> <span class='ocrx_word' id='word_1_472' title='bbox 1795 1714 1840 1742; x_wconf 77' lang='grc' dir='ltr'><strong>καὶ</strong></span> 
     </span>
    </p>
   </div>
   <div class='ocr_carea' id='block_1_67' title="bbox 198 1759 300 1791">
    <p class='ocr_par' dir='ltr' id='par_1_67' title="bbox 198 1759 300 1791">
     <span class='ocr_line' id='line_1_67' title="bbox 198 1759 300 1791; baseline -0.01 -4"><span class='ocrx_word' id='word_1_473' title='bbox 198 1761 212 1787; x_wconf 85' lang='grc' dir='ltr'><strong><em>ὁ</em></strong></span> <span class='ocrx_word' id='word_1_474' title='bbox 226 1759 300 1791; x_wconf 81' lang='grc' dir='ltr'><strong>Υίὸς.</strong></span> 
     </span>
    </p>
   </div>
   <div class='ocr_carea' id='block_1_68' title="bbox 473 1807 713 1836">
    <p class='ocr_par' dir='ltr' id='par_1_68' title="bbox 473 1807 713 1836">
     <span class='ocr_line' id='line_1_68' title="bbox 473 1807 713 1836; baseline 0 -2"><span class='ocrx_word' id='word_1_475' title='bbox 473 1808 504 1835; x_wconf 82' lang='lat' dir='ltr'><strong>In</strong></span> <span class='ocrx_word' id='word_1_476' title='bbox 518 1809 610 1835; x_wconf 79' lang='lat' dir='ltr'><strong>eadem</strong></span> <span class='ocrx_word' id='word_1_477' title='bbox 626 1807 713 1836; x_wconf 76' lang='lat' dir='ltr'><strong>verba.</strong></span> 
     </span>
    </p>
   </div>
   <div class='ocr_carea' id='block_1_69' title="bbox 239 1856 990 1890">
    <p class='ocr_par' dir='ltr' id='par_1_69' title="bbox 239 1856 990 1890">
     <span class='ocr_line' id='line_1_69' title="bbox 239 1856 990 1890; baseline 0.004 -7"><span class='ocrx_word' id='word_1_478' title='bbox 239 1856 304 1890; x_wconf 62' lang='lat' dir='ltr'><strong>Quae</strong></span> <span class='ocrx_word' id='word_1_479' title='bbox 318 1857 371 1885; x_wconf 85' lang='lat' dir='ltr'><strong>Deo</strong></span> <span class='ocrx_word' id='word_1_480' title='bbox 386 1864 417 1885; x_wconf 89' lang='lat' dir='ltr'><strong>ac</strong></span> <span class='ocrx_word' id='word_1_481' title='bbox 429 1856 616 1890; x_wconf 84' lang='lat' dir='ltr'><strong>Patriinsunt,</strong></span> <span class='ocrx_word' id='word_1_482' title='bbox 627 1857 766 1885; x_wconf 88' lang='lat' dir='ltr'><strong>naturales</strong></span> <span class='ocrx_word' id='word_1_483' title='bbox 788 1861 816 1885; x_wconf 89' lang='lat' dir='ltr'><strong>et</strong></span> <span class='ocrx_word' id='word_1_484' title='bbox 831 1859 990 1886; x_wconf 82' lang='lat' dir='ltr'><strong>essentiales</strong></span> 
     </span>
    </p>
   </div>
   <div class='ocr_carea' id='block_1_70' title="bbox 204 1902 989 1938">
    <p class='ocr_par' dir='ltr' id='par_1_70' title="bbox 204 1902 989 1938">
     <span class='ocr_line' id='line_1_70' title="bbox 204 1902 989 1938; baseline 0.001 -9"><span class='ocrx_word' id='word_1_485' title='bbox 204 1903 382 1938; x_wconf 88' lang='lat' dir='ltr'><strong>proprietates</strong></span> <span class='ocrx_word' id='word_1_486' title='bbox 400 1909 501 1931; x_wconf 82' lang='lat' dir='ltr'><strong>vocans</strong></span> <span class='ocrx_word' id='word_1_487' title='bbox 518 1902 627 1935; x_wconf 82' lang='lat' dir='ltr'><strong>Paulus,</strong></span> <span class='ocrx_word' id='word_1_488' title='bbox 645 1902 744 1930; x_wconf 87' lang='lat' dir='ltr'><strong>alicubi</strong></span> <span class='ocrx_word' id='word_1_489' title='bbox 768 1903 804 1931; x_wconf 91' lang='lat' dir='ltr'><strong>ita</strong></span> <span class='ocrx_word' id='word_1_490' title='bbox 821 1903 859 1930; x_wconf 88' lang='lat' dir='ltr'><strong>ait</strong></span> <span class='ocrx_word' id='word_1_491' title='bbox 875 1912 882 1930; x_wconf 93' lang='lat'><strong>:</strong></span> <span class='ocrx_word' id='word_1_492' title='bbox 901 1912 911 1929; x_wconf 78' lang='grc' dir='ltr'><strong>ι</strong></span> <span class='ocrx_word' id='word_1_493' title='bbox 939 1904 989 1936; x_wconf 80' lang='lat' dir='ltr'><strong>Qui</strong></span> 
     </span>
    </p>
   </div>
   <div class='ocr_carea' id='block_1_71' title="bbox 204 1946 989 1985">
    <p class='ocr_par' dir='ltr' id='par_1_71' title="bbox 204 1946 989 1985">
     <span class='ocr_line' id='line_1_71' title="bbox 204 1946 989 1985; baseline 0 -9"><span class='ocrx_word' id='word_1_494' title='bbox 204 1949 277 1977; x_wconf 84' lang='lat' dir='ltr'><strong>solus</strong></span> <span class='ocrx_word' id='word_1_495' title='bbox 297 1948 377 1977; x_wconf 84' lang='lat' dir='ltr'><strong>liabet</strong></span> <span class='ocrx_word' id='word_1_496' title='bbox 394 1949 624 1976; x_wconf 85' lang='lat' dir='ltr'><strong>immortalitatem</strong></span> <span class='ocrx_word' id='word_1_497' title='bbox 657 1950 676 1977; x_wconf 91' lang='grc'><strong>³.</strong></span> <span class='ocrx_word' id='word_1_498' title='bbox 690 1959 700 1976; x_wconf 72' lang='grc' dir='ltr'><strong>ι</strong></span> <span class='ocrx_word' id='word_1_499' title='bbox 714 1948 741 1977; x_wconf 90' lang='lat' dir='ltr'><strong>Si</strong></span> <span class='ocrx_word' id='word_1_500' title='bbox 758 1946 836 1978; x_wconf 78' lang='grc' dir='ltr'>’νει-ο</span> <span class='ocrx_word' id='word_1_501' title='bbox 852 1950 989 1985; x_wconf 86' lang='lat' dir='ltr'><strong>quispiam</strong></span> 
     </span>
    </p>
   </div>
   <div class='ocr_carea' id='block_1_72' title="bbox 204 1995 991 2032">
    <p class='ocr_par' dir='ltr' id='par_1_72' title="bbox 204 1995 991 2032">
     <span class='ocr_line' id='line_1_72' title="bbox 204 1995 991 2032; baseline 0.001 -10"><span class='ocrx_word' id='word_1_502' title='bbox 204 1996 296 2023; x_wconf 88' lang='lat' dir='ltr'><strong>dicens</strong></span> <span class='ocrx_word' id='word_1_503' title='bbox 310 1995 552 2028; x_wconf 82' lang='lat' dir='ltr'><strong>immortalitatem,</strong></span> <span class='ocrx_word' id='word_1_504' title='bbox 566 1995 631 2022; x_wconf 86' lang='lat' dir='ltr'><strong>nihil</strong></span> <span class='ocrx_word' id='word_1_505' title='bbox 651 1995 721 2022; x_wconf 84' lang='lat' dir='ltr'><strong>aliud</strong></span> <span class='ocrx_word' id='word_1_506' title='bbox 732 2003 780 2031; x_wconf 86' lang='lat' dir='ltr'><strong>per</strong></span> <span class='ocrx_word' id='word_1_507' title='bbox 803 1996 829 2023; x_wconf 89' lang='lat' dir='ltr'><strong>id</strong></span> <span class='ocrx_word' id='word_1_508' title='bbox 858 1996 991 2032; x_wconf 82' lang='lat' dir='ltr'><strong>intelligat</strong></span> 
     </span>
    </p>
   </div>
   <div class='ocr_carea' id='block_1_73' title="bbox 203 2040 989 2077">
    <p class='ocr_par' dir='ltr' id='par_1_73' title="bbox 203 2040 989 2077">
     <span class='ocr_line' id='line_1_73' title="bbox 203 2040 989 2077; baseline 0.001 -10"><span class='ocrx_word' id='word_1_509' title='bbox 203 2049 282 2075; x_wconf 82' lang='lat' dir='ltr'><strong>quam</strong></span> <span class='ocrx_word' id='word_1_510' title='bbox 303 2042 396 2072; x_wconf 81' lang='lat' dir='ltr'><strong>vitam,</strong></span> <span class='ocrx_word' id='word_1_511' title='bbox 407 2041 459 2068; x_wconf 86' lang='lat' dir='ltr'><strong>vita</strong></span> <span class='ocrx_word' id='word_1_512' title='bbox 475 2045 617 2068; x_wconf 81' lang='lat' dir='ltr'><strong>autemest</strong></span> <span class='ocrx_word' id='word_1_513' title='bbox 630 2040 715 2068; x_wconf 86' lang='lat' dir='ltr'><strong>Filius</strong></span> <span class='ocrx_word' id='word_1_514' title='bbox 730 2042 823 2069; x_wconf 87' lang='lat' dir='ltr'><strong>dicens</strong></span> <span class='ocrx_word' id='word_1_515' title='bbox 839 2049 846 2068; x_wconf 88' lang='lat'><strong>:</strong></span> <span class='ocrx_word' id='word_1_516' title='bbox 862 2042 917 2077; x_wconf 80' lang='lat' dir='ltr'><strong>Ego</strong></span> <span class='ocrx_word' id='word_1_517' title='bbox 930 2050 989 2068; x_wconf 78' lang='lat' dir='ltr'><strong>sum</strong></span> 
     </span>
    </p>
   </div>
   <div class='ocr_carea' id='block_1_74' title="bbox 204 2086 989 2122">
    <p class='ocr_par' dir='ltr' id='par_1_74' title="bbox 204 2086 989 2122">
     <span class='ocr_line' id='line_1_74' title="bbox 204 2086 989 2122; baseline 0.003 -9"><span class='ocrx_word' id='word_1_518' title='bbox 204 2088 257 2114; x_wconf 85' lang='lat' dir='ltr'><strong>vita</strong></span> <span class='ocrx_word' id='word_1_519' title='bbox 277 2088 309 2121; x_wconf 78' lang='grc'><strong>⁸;</strong></span> <span class='ocrx_word' id='word_1_520' title='bbox 324 2086 567 2122; x_wconf 80' lang='lat' dir='ltr'><strong>ergoPaterbabet</strong></span> <span class='ocrx_word' id='word_1_521' title='bbox 583 2087 609 2114; x_wconf 93' lang='lat' dir='ltr'><strong>in</strong></span> <span class='ocrx_word' id='word_1_522' title='bbox 624 2087 712 2121; x_wconf 80' lang='lat' dir='ltr'><strong>seipso</strong></span> <span class='ocrx_word' id='word_1_523' title='bbox 738 2087 832 2119; x_wconf 83' lang='lat' dir='ltr'><strong>vitam,</strong></span> <span class='ocrx_word' id='word_1_524' title='bbox 861 2088 989 2115; x_wconf 91' lang='lat' dir='ltr'><strong>nimirum</strong></span> 
     </span>
    </p>
   </div>
   <div class='ocr_carea' id='block_1_75' title="bbox 204 2132 991 2168">
    <p class='ocr_par' dir='ltr' id='par_1_75' title="bbox 204 2132 991 2168">
     <span class='ocr_line' id='line_1_75' title="bbox 204 2132 991 2168; baseline 0 -8"><span class='ocrx_word' id='word_1_525' title='bbox 204 2132 301 2160; x_wconf 77' lang='lat' dir='ltr'><strong>Filium</strong></span> <span class='ocrx_word' id='word_1_526' title='bbox 315 2142 323 2160; x_wconf 75' lang='grc' dir='ltr'><strong>ε</strong></span> <span class='ocrx_word' id='word_1_527' title='bbox 340 2139 427 2167; x_wconf 83' lang='lat' dir='ltr'><strong>neque</strong></span> <span class='ocrx_word' id='word_1_528' title='bbox 445 2133 579 2160; x_wconf 84' lang='lat' dir='ltr'><strong>diversum</strong></span> <span class='ocrx_word' id='word_1_529' title='bbox 595 2133 658 2168; x_wconf 86' lang='lat' dir='ltr'><strong>quid</strong></span> <span class='ocrx_word' id='word_1_530' title='bbox 675 2141 688 2159; x_wconf 89' lang='lat' dir='ltr'><strong>a</strong></span> <span class='ocrx_word' id='word_1_531' title='bbox 709 2141 748 2161; x_wconf 85' lang='lat' dir='ltr'><strong>se.</strong></span> <span class='ocrx_word' id='word_1_532' title='bbox 765 2132 825 2168; x_wconf 84' lang='lat' dir='ltr'><strong>Ipse</strong></span> <span class='ocrx_word' id='word_1_533' title='bbox 850 2134 930 2161; x_wconf 81' lang='lat' dir='ltr'><strong>etiam</strong></span> <span class='ocrx_word' id='word_1_534' title='bbox 954 2134 991 2161; x_wconf 89' lang='lat' dir='ltr'><strong>si-</strong></span> 
     </span>
    </p>
   </div>
   <div class='ocr_carea' id='block_1_76' title="bbox 204 2178 988 2213">
    <p class='ocr_par' dir='ltr' id='par_1_76' title="bbox 204 2178 988 2213">
     <span class='ocr_line' id='line_1_76' title="bbox 204 2178 988 2213; baseline 0 -7"><span class='ocrx_word' id='word_1_535' title='bbox 204 2178 301 2206; x_wconf 85' lang='lat' dir='ltr'><strong>militer</strong></span> <span class='ocrx_word' id='word_1_536' title='bbox 317 2178 451 2206; x_wconf 85' lang='lat' dir='ltr'><strong>exsistens</strong></span> <span class='ocrx_word' id='word_1_537' title='bbox 463 2178 528 2212; x_wconf 86' lang='lat' dir='ltr'><strong>vita,</strong></span> <span class='ocrx_word' id='word_1_538' title='bbox 542 2178 615 2206; x_wconf 90' lang='lat' dir='ltr'><strong>dedit</strong></span> <span class='ocrx_word' id='word_1_539' title='bbox 630 2179 748 2213; x_wconf 87' lang='lat' dir='ltr'><strong>seipsum</strong></span> <span class='ocrx_word' id='word_1_540' title='bbox 763 2178 846 2210; x_wconf 84' lang='lat' dir='ltr'><strong>Filio:</strong></span> <span class='ocrx_word' id='word_1_541' title='bbox 863 2187 916 2206; x_wconf 91' lang='lat' dir='ltr'><strong>non</strong></span> <span class='ocrx_word' id='word_1_542' title='bbox 926 2184 988 2206; x_wconf 86' lang='lat' dir='ltr'><strong>tan-</strong></span> 
     </span>
    </p>
   </div>
   <div class='ocr_carea' id='block_1_77' title="bbox 204 2225 990 2260">
    <p class='ocr_par' dir='ltr' id='par_1_77' title="bbox 204 2225 990 2260">
     <span class='ocr_line' id='line_1_77' title="bbox 204 2225 990 2260; baseline 0.004 -10"><span class='ocrx_word' id='word_1_543' title='bbox 204 2232 285 2258; x_wconf 80' lang='lat' dir='ltr'><strong>quam</strong></span> <span class='ocrx_word' id='word_1_544' title='bbox 306 2231 406 2258; x_wconf 85' lang='lat' dir='ltr'><strong>corpus</strong></span> <span class='ocrx_word' id='word_1_545' title='bbox 422 2225 528 2259; x_wconf 86' lang='lat' dir='ltr'><strong>corpori</strong></span> <span class='ocrx_word' id='word_1_546' title='bbox 543 2226 726 2258; x_wconf 87' lang='lat' dir='ltr'><strong>committens,</strong></span> <span class='ocrx_word' id='word_1_547' title='bbox 746 2233 835 2260; x_wconf 91' lang='lat' dir='ltr'><strong>neque</strong></span> <span class='ocrx_word' id='word_1_548' title='bbox 861 2231 990 2260; x_wconf 87' lang='lat' dir='ltr'><strong>tanquant</strong></span> 
     </span>
    </p>
   </div>
   <div class='ocr_carea' id='block_1_78' title="bbox 203 2268 989 2307">
    <p class='ocr_par' dir='ltr' id='par_1_78' title="bbox 203 2268 989 2307">
     <span class='ocr_line' id='line_1_78' title="bbox 203 2268 989 2307; baseline 0.003 -11"><span class='ocrx_word' id='word_1_549' title='bbox 203 2270 302 2296; x_wconf 85' lang='lat' dir='ltr'><strong>cedens</strong></span> <span class='ocrx_word' id='word_1_550' title='bbox 317 2268 385 2297; x_wconf 84' lang='lat' dir='ltr'><strong>Filio</strong></span> <span class='ocrx_word' id='word_1_551' title='bbox 395 2277 470 2297; x_wconf 90' lang='lat' dir='ltr'><strong>suam</strong></span> <span class='ocrx_word' id='word_1_552' title='bbox 484 2271 689 2306; x_wconf 81' lang='lat' dir='ltr'><strong>liypostasim,et</strong></span> <span class='ocrx_word' id='word_1_553' title='bbox 701 2272 830 2307; x_wconf 89' lang='lat' dir='ltr'><strong>deinceps</strong></span> <span class='ocrx_word' id='word_1_554' title='bbox 838 2279 898 2300; x_wconf 84' lang='lat' dir='ltr'><strong>esse</strong></span> <span class='ocrx_word' id='word_1_555' title='bbox 910 2280 989 2300; x_wconf 91' lang='lat' dir='ltr'><strong>suum</strong></span> 
     </span>
    </p>
   </div>
   <div class='ocr_carea' id='block_1_79' title="bbox 204 2315 990 2352">
    <p class='ocr_par' dir='ltr' id='par_1_79' title="bbox 204 2315 990 2352">
     <span class='ocr_line' id='line_1_79' title="bbox 204 2315 990 2352; baseline 0.005 -11"><span class='ocrx_word' id='word_1_556' title='bbox 204 2316 230 2342; x_wconf 87' lang='lat' dir='ltr'><strong>in</strong></span> <span class='ocrx_word' id='word_1_557' title='bbox 243 2315 310 2343; x_wconf 81' lang='lat' dir='ltr'><strong>Filio</strong></span> <span class='ocrx_word' id='word_1_558' title='bbox 326 2316 446 2349; x_wconf 74' lang='lat' dir='ltr'><strong>habens;</strong></span> <span class='ocrx_word' id='word_1_559' title='bbox 467 2318 513 2344; x_wconf 79' lang='lat' dir='ltr'><strong>sed</strong></span> <span class='ocrx_word' id='word_1_560' title='bbox 533 2317 669 2345; x_wconf 85' lang='lat' dir='ltr'><strong>exsistens</strong></span> <span class='ocrx_word' id='word_1_561' title='bbox 691 2317 716 2344; x_wconf 92' lang='lat' dir='ltr'><strong>id</strong></span> <span class='ocrx_word' id='word_1_562' title='bbox 731 2317 802 2352; x_wconf 88' lang='lat' dir='ltr'><strong>quod</strong></span> <span class='ocrx_word' id='word_1_563' title='bbox 815 2325 924 2352; x_wconf 84' lang='lat' dir='ltr'><strong>semper</strong></span> <span class='ocrx_word' id='word_1_564' title='bbox 949 2323 990 2345; x_wconf 78' lang='lat' dir='ltr'><strong>est</strong></span> 
     </span>
    </p>
   </div>
   <div class='ocr_carea' id='block_1_80' title="bbox 1354 1806 1523 1833">
    <p class='ocr_par' dir='ltr' id='par_1_80' title="bbox 1354 1806 1523 1833">
     <span class='ocr_line' id='line_1_80' title="bbox 1354 1806 1523 1833; baseline 0 0"><span class='ocrx_word' id='word_1_565' title='bbox 1354 1806 1407 1833; x_wconf 79' lang='grc' dir='ltr'><strong>Καὶ</strong></span> <span class='ocrx_word' id='word_1_566' title='bbox 1426 1806 1523 1833; x_wconf 76' lang='grc' dir='ltr'>τοῦτο.</span> 
     </span>
    </p>
   </div>
   <div class='ocr_carea' id='block_1_81' title="bbox 1074 1853 1835 1892">
    <p class='ocr_par' dir='ltr' id='par_1_81' title="bbox 1074 1853 1835 1892">
     <span class='ocr_line' id='line_1_81' title="bbox 1074 1853 1835 1892; baseline -0.003 -9"><span class='ocrx_word' id='word_1_567' title='bbox 1074 1856 1116 1883; x_wconf 80' lang='grc' dir='ltr'>Τὰ</span> <span class='ocrx_word' id='word_1_568' title='bbox 1132 1855 1268 1892; x_wconf 83' lang='grc' dir='ltr'>προσόντα</span> <span class='ocrx_word' id='word_1_569' title='bbox 1279 1854 1317 1890; x_wconf 83' lang='grc' dir='ltr'>τῷ</span> <span class='ocrx_word' id='word_1_570' title='bbox 1331 1854 1389 1890; x_wconf 86' lang='grc' dir='ltr'><strong>Θεῷ</strong></span> <span class='ocrx_word' id='word_1_571' title='bbox 1403 1853 1449 1880; x_wconf 72' lang='grc' dir='ltr'><strong>καὶ</strong></span> <span class='ocrx_word' id='word_1_572' title='bbox 1461 1854 1548 1889; x_wconf 76' lang='grc' dir='ltr'>Πατρὶ</span> <span class='ocrx_word' id='word_1_573' title='bbox 1558 1853 1661 1888; x_wconf 78' lang='grc' dir='ltr'>φυσικά</span> <span class='ocrx_word' id='word_1_574' title='bbox 1678 1861 1708 1880; x_wconf 78' lang='grc' dir='ltr'><strong>τε</strong></span> <span class='ocrx_word' id='word_1_575' title='bbox 1728 1855 1779 1881; x_wconf 73' lang='grc' dir='ltr'><strong>καὶ</strong></span> <span class='ocrx_word' id='word_1_576' title='bbox 1792 1855 1835 1881; x_wconf 77' lang='grc' dir='ltr'><strong>οὖ-</strong></span> 
     </span>
    </p>
   </div>
   <div class='ocr_carea' id='block_1_82' title="bbox 1041 1899 1836 1938">
    <p class='ocr_par' dir='ltr' id='par_1_82' title="bbox 1041 1899 1836 1938">
     <span class='ocr_line' id='line_1_82' title="bbox 1041 1899 1836 1938; baseline -0.004 -8"><span class='ocrx_word' id='word_1_577' title='bbox 1041 1903 1121 1938; x_wconf 84' lang='grc' dir='ltr'>σιὼδη</span> <span class='ocrx_word' id='word_1_578' title='bbox 1135 1902 1221 1937; x_wconf 87' lang='grc' dir='ltr'>λέγων</span> <span class='ocrx_word' id='word_1_579' title='bbox 1247 1900 1390 1936; x_wconf 77' lang='grc' dir='ltr'>ἰδιώματα,</span> <span class='ocrx_word' id='word_1_580' title='bbox 1411 1900 1478 1935; x_wconf 82' lang='grc' dir='ltr'>φησί</span> <span class='ocrx_word' id='word_1_581' title='bbox 1495 1907 1547 1926; x_wconf 80' lang='grc' dir='ltr'><strong>που</strong></span> <span class='ocrx_word' id='word_1_582' title='bbox 1564 1899 1685 1931; x_wconf 73' lang='grc' dir='ltr'>Παῦλοςο</span> <span class='ocrx_word' id='word_1_583' title='bbox 1702 1909 1713 1926; x_wconf 74' lang='grc' dir='ltr'><strong>ι</strong></span> <span class='ocrx_word' id='word_1_584' title='bbox 1741 1900 1773 1927; x_wconf 87' lang='lat'><strong>&#39;0</strong></span> <span class='ocrx_word' id='word_1_585' title='bbox 1789 1900 1836 1935; x_wconf 74' lang='grc' dir='ltr'>μό-</span> 
     </span>
    </p>
   </div>
   <div class='ocr_carea' id='block_1_83' title="bbox 1040 1945 1836 1984">
    <p class='ocr_par' dir='ltr' id='par_1_83' title="bbox 1040 1945 1836 1984">
     <span class='ocr_line' id='line_1_83' title="bbox 1040 1945 1836 1984; baseline -0.006 -8"><span class='ocrx_word' id='word_1_586' title='bbox 1040 1958 1084 1981; x_wconf 89' lang='grc' dir='ltr'><strong>νος</strong></span> <span class='ocrx_word' id='word_1_587' title='bbox 1099 1948 1168 1984; x_wconf 75' lang='grc' dir='ltr'>ἔχων</span> <span class='ocrx_word' id='word_1_588' title='bbox 1197 1947 1355 1975; x_wconf 82' lang='grc' dir='ltr'>ἀθανασίαν.</span> <span class='ocrx_word' id='word_1_589' title='bbox 1380 1956 1389 1972; x_wconf 69' lang='grc' dir='ltr'><strong>ι</strong></span> <span class='ocrx_word' id='word_1_590' title='bbox 1412 1945 1444 1972; x_wconf 81' lang='grc' dir='ltr'><strong>Εἰ</strong></span> <span class='ocrx_word' id='word_1_591' title='bbox 1467 1945 1557 1972; x_wconf 84' lang='grc' dir='ltr'>τοίνυν</span> <span class='ocrx_word' id='word_1_592' title='bbox 1572 1945 1648 1972; x_wconf 78' lang='grc' dir='ltr'>οὐδὲν</span> <span class='ocrx_word' id='word_1_593' title='bbox 1674 1945 1776 1981; x_wconf 73' lang='grc' dir='ltr'>ἕτερόν</span> <span class='ocrx_word' id='word_1_594' title='bbox 1795 1954 1836 1977; x_wconf 81' lang='grc' dir='ltr'><strong>τις</strong></span> 
     </span>
    </p>
   </div>
   <div class='ocr_carea' id='block_1_84' title="bbox 1040 1989 1836 2030">
    <p class='ocr_par' dir='ltr' id='par_1_84' title="bbox 1040 1989 1836 2030">
     <span class='ocr_line' id='line_1_84' title="bbox 1040 1989 1836 2030; baseline -0.005 -9"><span class='ocrx_word' id='word_1_595' title='bbox 1040 1995 1152 2030; x_wconf 84' lang='grc' dir='ltr'>ὁριεῖται</span> <span class='ocrx_word' id='word_1_596' title='bbox 1168 1993 1255 2028; x_wconf 79' lang='grc' dir='ltr'>λέγων</span> <span class='ocrx_word' id='word_1_597' title='bbox 1271 1991 1321 2026; x_wconf 82' lang='grc' dir='ltr'>τὴν</span> <span class='ocrx_word' id='word_1_598' title='bbox 1334 1991 1484 2018; x_wconf 78' lang='grc' dir='ltr'>ἀθανασίαν</span> <span class='ocrx_word' id='word_1_599' title='bbox 1501 1990 1577 2026; x_wconf 78' lang='grc' dir='ltr'>παρὰ</span> <span class='ocrx_word' id='word_1_600' title='bbox 1591 1989 1640 2026; x_wconf 77' lang='grc' dir='ltr'>τὴν</span> <span class='ocrx_word' id='word_1_601' title='bbox 1660 1990 1747 2026; x_wconf 83' lang='grc' dir='ltr'>ζωὴν,</span> <span class='ocrx_word' id='word_1_602' title='bbox 1766 1991 1836 2026; x_wconf 73' lang='grc' dir='ltr'>αὕτη</span> 
     </span>
    </p>
   </div>
   <div class='ocr_carea' id='block_1_85' title="bbox 1040 2036 1834 2072">
    <p class='ocr_par' dir='ltr' id='par_1_85' title="bbox 1040 2036 1834 2072">
     <span class='ocr_line' id='line_1_85' title="bbox 1040 2036 1834 2072; baseline -0.004 -6"><span class='ocrx_word' id='word_1_603' title='bbox 1040 2040 1068 2066; x_wconf 80' lang='grc' dir='ltr'><strong>δέ</strong></span> <span class='ocrx_word' id='word_1_604' title='bbox 1084 2041 1158 2067; x_wconf 78' lang='grc' dir='ltr'>ἐστιν</span> <span class='ocrx_word' id='word_1_605' title='bbox 1179 2040 1193 2066; x_wconf 87' lang='lat'><strong>6</strong></span> <span class='ocrx_word' id='word_1_606' title='bbox 1212 2039 1276 2070; x_wconf 75' lang='grc' dir='ltr'>Υἱὸς</span> <span class='ocrx_word' id='word_1_607' title='bbox 1294 2039 1308 2065; x_wconf 88' lang='lat'><strong>6</strong></span> <span class='ocrx_word' id='word_1_608' title='bbox 1324 2037 1428 2071; x_wconf 79' lang='grc' dir='ltr'>λέγων·</span> <span class='ocrx_word' id='word_1_609' title='bbox 1461 2037 1532 2071; x_wconf 83' lang='grc' dir='ltr'>Ἐγὼ</span> <span class='ocrx_word' id='word_1_610' title='bbox 1543 2038 1599 2072; x_wconf 80' lang='grc' dir='ltr'>εἰμι</span> <span class='ocrx_word' id='word_1_611' title='bbox 1617 2038 1633 2071; x_wconf 83' lang='grc' dir='ltr'>ἡ</span> <span class='ocrx_word' id='word_1_612' title='bbox 1648 2036 1717 2072; x_wconf 82' lang='grc' dir='ltr'><strong>ζωή,</strong></span> <span class='ocrx_word' id='word_1_613' title='bbox 1747 2036 1764 2061; x_wconf 79' lang='lat'><strong>6</strong></span> <span class='ocrx_word' id='word_1_614' title='bbox 1781 2037 1834 2063; x_wconf 78' lang='lat' dir='ltr'><strong>lla.-</strong></span> 
     </span>
    </p>
   </div>
   <div class='ocr_carea' id='block_1_86' title="bbox 1040 2082 1834 2122">
    <p class='ocr_par' dir='ltr' id='par_1_86' title="bbox 1040 2082 1834 2122">
     <span class='ocr_line' id='line_1_86' title="bbox 1040 2082 1834 2122; baseline -0.005 -10"><span class='ocrx_word' id='word_1_615' title='bbox 1040 2086 1091 2122; x_wconf 81' lang='grc' dir='ltr'>τὴρ</span> <span class='ocrx_word' id='word_1_616' title='bbox 1107 2085 1163 2121; x_wconf 70' lang='grc' dir='ltr'>ἔχει</span> <span class='ocrx_word' id='word_1_617' title='bbox 1181 2084 1252 2120; x_wconf 79' lang='grc' dir='ltr'>ζωὴν</span> <span class='ocrx_word' id='word_1_618' title='bbox 1265 2085 1293 2111; x_wconf 83' lang='grc' dir='ltr'>ὲν</span> <span class='ocrx_word' id='word_1_619' title='bbox 1314 2083 1412 2118; x_wconf 80' lang='grc' dir='ltr'>ἐαυτῷ,</span> <span class='ocrx_word' id='word_1_620' title='bbox 1426 2083 1472 2110; x_wconf 80' lang='grc' dir='ltr'>τὸν</span> <span class='ocrx_word' id='word_1_621' title='bbox 1490 2083 1553 2110; x_wconf 81' lang='grc' dir='ltr'>Υἱὺν</span> <span class='ocrx_word' id='word_1_622' title='bbox 1569 2082 1703 2118; x_wconf 78' lang='grc' dir='ltr'>δηλονότι,</span> <span class='ocrx_word' id='word_1_623' title='bbox 1720 2083 1774 2109; x_wconf 76' lang='grc' dir='ltr'><strong>καὶ</strong></span> <span class='ocrx_word' id='word_1_624' title='bbox 1788 2083 1834 2117; x_wconf 67' lang='grc' dir='ltr'><strong>οὐ]</strong></span> 
     </span>
    </p>
   </div>
   <div class='ocr_carea' id='block_1_87' title="bbox 1041 2128 1834 2167">
    <p class='ocr_par' dir='ltr' id='par_1_87' title="bbox 1041 2128 1834 2167">
     <span class='ocr_line' id='line_1_87' title="bbox 1041 2128 1834 2167; baseline -0.004 -8"><span class='ocrx_word' id='word_1_625' title='bbox 1041 2131 1133 2167; x_wconf 73' lang='grc' dir='ltr'>ἔτερόν</span> <span class='ocrx_word' id='word_1_626' title='bbox 1145 2140 1171 2158; x_wconf 88' lang='grc' dir='ltr'><strong>τι</strong></span> <span class='ocrx_word' id='word_1_627' title='bbox 1183 2130 1247 2166; x_wconf 83' lang='grc' dir='ltr'>παρ’</span> <span class='ocrx_word' id='word_1_628' title='bbox 1261 2129 1353 2157; x_wconf 84' lang='grc' dir='ltr'>αὐτόν.</span> <span class='ocrx_word' id='word_1_629' title='bbox 1369 2128 1454 2160; x_wconf 74' lang='grc' dir='ltr'>Αὐτός</span> <span class='ocrx_word' id='word_1_630' title='bbox 1466 2137 1495 2155; x_wconf 83' lang='grc' dir='ltr'><strong>τε</strong></span> <span class='ocrx_word' id='word_1_631' title='bbox 1506 2129 1606 2164; x_wconf 79' lang='grc' dir='ltr'>ὁμοίως</span> <span class='ocrx_word' id='word_1_632' title='bbox 1616 2129 1751 2164; x_wconf 77' lang='grc' dir='ltr'><strong>ὑπάρχων</strong></span> <span class='ocrx_word' id='word_1_633' title='bbox 1768 2129 1834 2164; x_wconf 77' lang='grc' dir='ltr'>ζωὴ,</span> 
     </span>
    </p>
   </div>
   <div class='ocr_carea' id='block_1_88' title="bbox 1041 2173 1833 2209">
    <p class='ocr_par' dir='ltr' id='par_1_88' title="bbox 1041 2173 1833 2209">
     <span class='ocr_line' id='line_1_88' title="bbox 1041 2173 1833 2209; baseline -0.005 -6"><span class='ocrx_word' id='word_1_634' title='bbox 1041 2176 1155 2203; x_wconf 85' lang='grc' dir='ltr'>δέδωκεν</span> <span class='ocrx_word' id='word_1_635' title='bbox 1171 2174 1266 2202; x_wconf 75' lang='grc' dir='ltr'>ἑαυτὸν</span> <span class='ocrx_word' id='word_1_636' title='bbox 1281 2174 1321 2209; x_wconf 81' lang='grc' dir='ltr'>τῷ</span> <span class='ocrx_word' id='word_1_637' title='bbox 1336 2173 1394 2208; x_wconf 80' lang='grc' dir='ltr'>Υἱῷ</span> <span class='ocrx_word' id='word_1_638' title='bbox 1405 2181 1412 2188; x_wconf 87' lang='grc'><strong>·</strong></span> <span class='ocrx_word' id='word_1_639' title='bbox 1434 2174 1484 2208; x_wconf 83' lang='grc' dir='ltr'><strong>οὐχ</strong></span> <span class='ocrx_word' id='word_1_640' title='bbox 1498 2173 1535 2205; x_wconf 82' lang='grc' dir='ltr'><strong>ὡς</strong></span> <span class='ocrx_word' id='word_1_641' title='bbox 1552 2173 1630 2208; x_wconf 75' lang='grc' dir='ltr'>σῶμα</span> <span class='ocrx_word' id='word_1_642' title='bbox 1652 2174 1789 2209; x_wconf 77' lang='grc' dir='ltr'><strong>χωρήσας</strong></span> <span class='ocrx_word' id='word_1_643' title='bbox 1809 2174 1833 2199; x_wconf 69' lang='grc' dir='ltr'>ὲν</span> 
     </span>
    </p>
   </div>
   <div class='ocr_carea' id='block_1_89' title="bbox 1043 2219 1833 2257">
    <p class='ocr_par' dir='ltr' id='par_1_89' title="bbox 1043 2219 1833 2257">
     <span class='ocr_line' id='line_1_89' title="bbox 1043 2219 1833 2257; baseline -0.001 -9"><span class='ocrx_word' id='word_1_644' title='bbox 1043 2221 1159 2257; x_wconf 82' lang='grc' dir='ltr'>σώματι,</span> <span class='ocrx_word' id='word_1_645' title='bbox 1170 2221 1223 2247; x_wconf 79' lang='grc' dir='ltr'>οὐδ’</span> <span class='ocrx_word' id='word_1_646' title='bbox 1234 2220 1272 2252; x_wconf 85' lang='grc' dir='ltr'><strong>ὡς</strong></span> <span class='ocrx_word' id='word_1_647' title='bbox 1284 2220 1325 2256; x_wconf 84' lang='grc' dir='ltr'>τῷ</span> <span class='ocrx_word' id='word_1_648' title='bbox 1336 2220 1393 2255; x_wconf 74' lang='grc' dir='ltr'><strong>Υίῳ</strong></span> <span class='ocrx_word' id='word_1_649' title='bbox 1405 2220 1612 2255; x_wconf 77' lang='grc' dir='ltr'>παραχωρήσας</span> <span class='ocrx_word' id='word_1_650' title='bbox 1622 2219 1671 2255; x_wconf 79' lang='grc' dir='ltr'>τὴν</span> <span class='ocrx_word' id='word_1_651' title='bbox 1686 2219 1760 2246; x_wconf 84' lang='grc' dir='ltr'>ἰδίαν</span> <span class='ocrx_word' id='word_1_652' title='bbox 1775 2221 1833 2247; x_wconf 69' lang='grc' dir='ltr'><strong>ὑπὸ</strong></span> 
     </span>
    </p>
   </div>
   <div class='ocr_carea' id='block_1_90' title="bbox 1043 2264 1833 2302">
    <p class='ocr_par' dir='ltr' id='par_1_90' title="bbox 1043 2264 1833 2302">
     <span class='ocr_line' id='line_1_90' title="bbox 1043 2264 1833 2302; baseline -0.001 -7"><span class='ocrx_word' id='word_1_653' title='bbox 1043 2276 1147 2300; x_wconf 63' lang='lat' dir='ltr'><strong>ﬂuctv,</strong></span> <span class='ocrx_word' id='word_1_654' title='bbox 1162 2267 1209 2294; x_wconf 78' lang='grc' dir='ltr'>καὶ</span> <span class='ocrx_word' id='word_1_655' title='bbox 1221 2268 1250 2293; x_wconf 82' lang='grc' dir='ltr'>ἐν</span> <span class='ocrx_word' id='word_1_656' title='bbox 1262 2265 1337 2301; x_wconf 83' lang='grc' dir='ltr'><strong>αὑτῷ</strong></span> <span class='ocrx_word' id='word_1_657' title='bbox 1346 2266 1437 2293; x_wconf 76' lang='grc' dir='ltr'>λοιπὸν</span> <span class='ocrx_word' id='word_1_658' title='bbox 1445 2265 1476 2292; x_wconf 80' lang='grc' dir='ltr'><strong>τὸ</strong></span> <span class='ocrx_word' id='word_1_659' title='bbox 1487 2264 1557 2292; x_wconf 67' lang='grc' dir='ltr'>εἶναι</span> <span class='ocrx_word' id='word_1_660' title='bbox 1568 2265 1638 2301; x_wconf 77' lang='grc' dir='ltr'>ἔχων</span> <span class='ocrx_word' id='word_1_661' title='bbox 1650 2274 1656 2280; x_wconf 89' lang='grc'><strong>·</strong></span> <span class='ocrx_word' id='word_1_662' title='bbox 1672 2266 1732 2293; x_wconf 71' lang='grc' dir='ltr'>ἀλλ’</span> <span class='ocrx_word' id='word_1_663' title='bbox 1746 2267 1833 2302; x_wconf 58' lang='lat' dir='ltr'><strong>ﬁat-dp-</strong></span> 
     </span>
    </p>
   </div>
   <div class='ocr_carea' id='block_1_91' title="bbox 1041 2312 1834 2350">
    <p class='ocr_par' dir='ltr' id='par_1_91' title="bbox 1041 2312 1834 2350">
     <span class='ocr_line' id='line_1_91' title="bbox 1041 2312 1834 2350; baseline 0.001 -10"><span class='ocrx_word' id='word_1_664' title='bbox 1041 2323 1096 2350; x_wconf 88' lang='grc' dir='ltr'>χων</span> <span class='ocrx_word' id='word_1_665' title='bbox 1112 2313 1161 2349; x_wconf 75' lang='grc' dir='ltr'>μὲν</span> <span class='ocrx_word' id='word_1_666' title='bbox 1179 2313 1252 2340; x_wconf 81' lang='grc' dir='ltr'>τοῦθ’</span> <span class='ocrx_word' id='word_1_667' title='bbox 1268 2313 1336 2349; x_wconf 78' lang='grc' dir='ltr'>ὅπερ</span> <span class='ocrx_word' id='word_1_668' title='bbox 1353 2313 1427 2340; x_wconf 74' lang='grc' dir='ltr'>ἐστὶν</span> <span class='ocrx_word' id='word_1_669' title='bbox 1449 2314 1494 2339; x_wconf 80' lang='grc' dir='ltr'><strong>ἀεὶ</strong></span> <span class='ocrx_word' id='word_1_670' title='bbox 1516 2313 1610 2349; x_wconf 84' lang='grc' dir='ltr'>Πατὴρ</span> <span class='ocrx_word' id='word_1_671' title='bbox 1634 2313 1680 2340; x_wconf 78' lang='grc' dir='ltr'>καὶ</span> <span class='ocrx_word' id='word_1_672' title='bbox 1696 2312 1778 2346; x_wconf 79' lang='grc' dir='ltr'><strong>Θεὸς.</strong></span> <span class='ocrx_word' id='word_1_673' title='bbox 1797 2314 1834 2350; x_wconf 67' lang='grc' dir='ltr'>Τῇ</span> 
     </span>
    </p>
   </div>
   <div class='ocr_carea' id='block_1_92' title="bbox 203 2358 988 2400">
    <p class='ocr_par' dir='ltr' id='par_1_92' title="bbox 203 2358 988 2398">
     <span class='ocr_line' id='line_1_92' title="bbox 203 2358 988 2398; baseline 0.005 -10"><span class='ocrx_word' id='word_1_674' title='bbox 203 2361 284 2389; x_wconf 84' lang='lat' dir='ltr'><strong>Pater</strong></span> <span class='ocrx_word' id='word_1_675' title='bbox 300 2370 332 2390; x_wconf 90' lang='lat' dir='ltr'><strong>ac</strong></span> <span class='ocrx_word' id='word_1_676' title='bbox 353 2362 432 2390; x_wconf 86' lang='lat' dir='ltr'><strong>Deus.</strong></span> <span class='ocrx_word' id='word_1_677' title='bbox 446 2358 575 2390; x_wconf 69' lang='lat' dir='ltr'><strong>Essentiaa</strong></span> <span class='ocrx_word' id='word_1_678' title='bbox 589 2371 653 2391; x_wconf 86' lang='lat' dir='ltr'><strong>vero</strong></span> <span class='ocrx_word' id='word_1_679' title='bbox 671 2364 824 2398; x_wconf 80' lang='lat' dir='ltr'><strong>identitnte,</strong></span> <span class='ocrx_word' id='word_1_680' title='bbox 846 2369 873 2392; x_wconf 92' lang='lat' dir='ltr'><strong>et</strong></span> <span class='ocrx_word' id='word_1_681' title='bbox 886 2370 988 2392; x_wconf 67' lang='lat' dir='ltr'><strong>natura:</strong></span> 
     </span>
    </p>
   </div>
   <div class='ocr_carea' id='block_1_93' title="bbox 1059 2358 1833 2400">
    <p class='ocr_par' dir='ltr' id='par_1_93' title="bbox 1059 2359 1833 2396">
     <span class='ocr_line' id='line_1_93' title="bbox 1059 2359 1833 2396; baseline -0.001 -10"><span class='ocrx_word' id='word_1_682' title='bbox 1059 2361 1069 2386; x_wconf 76' lang='grc' dir='ltr'><strong>ε</strong></span> <span class='ocrx_word' id='word_1_683' title='bbox 1083 2360 1133 2395; x_wconf 80' lang='grc' dir='ltr'>τῆς</span> <span class='ocrx_word' id='word_1_684' title='bbox 1149 2359 1243 2392; x_wconf 77' lang='grc' dir='ltr'>οὐσίας</span> <span class='ocrx_word' id='word_1_685' title='bbox 1257 2360 1402 2395; x_wconf 82' lang='grc' dir='ltr'>ταυτότητι</span> <span class='ocrx_word' id='word_1_686' title='bbox 1418 2359 1464 2386; x_wconf 74' lang='grc' dir='ltr'><strong>καὶ</strong></span> <span class='ocrx_word' id='word_1_687' title='bbox 1487 2360 1519 2394; x_wconf 81' lang='grc' dir='ltr'>τῇ</span> <span class='ocrx_word' id='word_1_688' title='bbox 1538 2359 1586 2394; x_wconf 84' lang='grc' dir='ltr'><strong>τῆς</strong></span> <span class='ocrx_word' id='word_1_689' title='bbox 1601 2359 1710 2393; x_wconf 73' lang='grc' dir='ltr'>φύσεως</span> <span class='ocrx_word' id='word_1_690' title='bbox 1724 2360 1833 2396; x_wconf 73' lang='grc' dir='ltr'>ἑνότητι</span> 
     </span>
    </p>
   </div>
   <div class='ocr_carea' id='block_1_94' title="bbox 204 2407 990 2444">
    <p class='ocr_par' dir='ltr' id='par_1_94' title="bbox 204 2407 990 2444">
     <span class='ocr_line' id='line_1_94' title="bbox 204 2407 990 2444; baseline 0.004 -9"><span class='ocrx_word' id='word_1_691' title='bbox 204 2409 307 2436; x_wconf 88' lang='lat' dir='ltr'><strong>unitate</strong></span> <span class='ocrx_word' id='word_1_692' title='bbox 318 2407 490 2437; x_wconf 79' lang='lat' dir='ltr'><strong>ineﬁahiliter</strong></span> <span class='ocrx_word' id='word_1_693' title='bbox 504 2418 566 2438; x_wconf 88' lang='lat' dir='ltr'><strong>cttm</strong></span> <span class='ocrx_word' id='word_1_694' title='bbox 581 2410 668 2438; x_wconf 82' lang='lat' dir='ltr'><strong>Verbo</strong></span> <span class='ocrx_word' id='word_1_695' title='bbox 680 2412 752 2444; x_wconf 83' lang='lat' dir='ltr'><strong>quod</strong></span> <span class='ocrx_word' id='word_1_696' title='bbox 765 2419 796 2438; x_wconf 81' lang='lat' dir='ltr'><strong>ex</strong></span> <span class='ocrx_word' id='word_1_697' title='bbox 813 2418 841 2437; x_wconf 77' lang='lat' dir='ltr'><strong>se</strong></span> <span class='ocrx_word' id='word_1_698' title='bbox 857 2411 990 2444; x_wconf 65' lang='lat' dir='ltr'><strong>procossit</strong></span> 
     </span>
    </p>
   </div>
   <div class='ocr_carea' id='block_1_95' title="bbox 203 2454 738 2489">
    <p class='ocr_par' dir='ltr' id='par_1_95' title="bbox 203 2454 738 2489">
     <span class='ocr_line' id='line_1_95' title="bbox 203 2454 738 2489; baseline 0.002 -8"><span class='ocrx_word' id='word_1_699' title='bbox 203 2454 354 2489; x_wconf 82' lang='lat' dir='ltr'><strong>copulatus.</strong></span> <span class='ocrx_word' id='word_1_700' title='bbox 735 2475 738 2477; x_wconf 89' lang='grc'><strong>-</strong></span> 
     </span>
    </p>
   </div>
   <div class='ocr_carea' id='block_1_96' title="bbox 425 2491 777 2519">
    <p class='ocr_par' dir='ltr' id='par_1_96' title="bbox 425 2491 777 2519">
     <span class='ocr_line' id='line_1_96' title="bbox 425 2491 777 2519; baseline -0.011 0"><span class='ocrx_word' id='word_1_701' title='bbox 425 2491 458 2519; x_wconf 80' lang='grc' dir='ltr'>ιιι</span> <span class='ocrx_word' id='word_1_702' title='bbox 470 2491 588 2519; x_wconf 76' lang='lat' dir='ltr'><strong>eamdem</strong></span> <span class='ocrx_word' id='word_1_703' title='bbox 609 2491 777 2518; x_wconf 74' lang='lat' dir='ltr'><strong>sententiam.</strong></span> 
     </span>
    </p>
   </div>
   <div class='ocr_carea' id='block_1_97' title="bbox 246 2534 988 2573">
    <p class='ocr_par' dir='ltr' id='par_1_97' title="bbox 246 2534 988 2573">
     <span class='ocr_line' id='line_1_97' title="bbox 246 2534 988 2573; baseline -0.004 -8"><span class='ocrx_word' id='word_1_704' title='bbox 246 2539 420 2573; x_wconf 68' lang='lat' dir='ltr'><strong>Quaecunque</strong></span> <span class='ocrx_word' id='word_1_705' title='bbox 435 2537 596 2565; x_wconf 84' lang='lat' dir='ltr'><strong>naturaliter</strong></span> <span class='ocrx_word' id='word_1_706' title='bbox 609 2543 642 2563; x_wconf 91' lang='lat' dir='ltr'><strong>ac</strong></span> <span class='ocrx_word' id='word_1_707' title='bbox 658 2535 841 2563; x_wconf 85' lang='lat' dir='ltr'><strong>essentialiter</strong></span> <span class='ocrx_word' id='word_1_708' title='bbox 862 2534 934 2562; x_wconf 84' lang='lat' dir='ltr'><strong>Patri</strong></span> <span class='ocrx_word' id='word_1_709' title='bbox 948 2535 988 2562; x_wconf 94' lang='lat' dir='ltr'><strong>in-</strong></span> 
     </span>
    </p>
   </div>
   <div class='ocr_carea' id='block_1_98' title="bbox 209 2581 991 2619">
    <p class='ocr_par' dir='ltr' id='par_1_98' title="bbox 209 2581 991 2619">
     <span class='ocr_line' id='line_1_98' title="bbox 209 2581 991 2619; baseline -0.004 -6"><span class='ocrx_word' id='word_1_710' title='bbox 209 2594 268 2613; x_wconf 88' lang='lat' dir='ltr'><strong>esse</strong></span> <span class='ocrx_word' id='word_1_711' title='bbox 281 2587 419 2619; x_wconf 81' lang='lat' dir='ltr'><strong>dicuntur,</strong></span> <span class='ocrx_word' id='word_1_712' title='bbox 433 2585 478 2612; x_wconf 85' lang='lat' dir='ltr'><strong>illa</strong></span> <span class='ocrx_word' id='word_1_713' title='bbox 489 2584 580 2612; x_wconf 91' lang='lat' dir='ltr'><strong>omnia</strong></span> <span class='ocrx_word' id='word_1_714' title='bbox 591 2588 633 2611; x_wconf 79' lang='lat' dir='ltr'><strong>est</strong></span> <span class='ocrx_word' id='word_1_715' title='bbox 645 2582 743 2610; x_wconf 84' lang='lat' dir='ltr'><strong>Filius.</strong></span> <span class='ocrx_word' id='word_1_716' title='bbox 757 2581 839 2609; x_wconf 86' lang='lat' dir='ltr'><strong>Solus</strong></span> <span class='ocrx_word' id='word_1_717' title='bbox 853 2581 933 2609; x_wconf 82' lang='lat' dir='ltr'><strong>Pater</strong></span> <span class='ocrx_word' id='word_1_718' title='bbox 942 2589 991 2610; x_wconf 83' lang='lat' dir='ltr'><strong>ve-</strong></span> 
     </span>
    </p>
   </div>
   <div class='ocr_carea' id='block_1_99' title="bbox 211 2628 989 2666">
    <p class='ocr_par' dir='ltr' id='par_1_99' title="bbox 211 2628 989 2666">
     <span class='ocr_line' id='line_1_99' title="bbox 211 2628 989 2666; baseline -0.006 -6"><span class='ocrx_word' id='word_1_719' title='bbox 211 2640 256 2660; x_wconf 86' lang='lat' dir='ltr'><strong>rus</strong></span> <span class='ocrx_word' id='word_1_720' title='bbox 275 2631 346 2659; x_wconf 79' lang='lat' dir='ltr'><strong>Deus</strong></span> <span class='ocrx_word' id='word_1_721' title='bbox 360 2637 413 2664; x_wconf 85' lang='lat' dir='ltr'><strong>est,</strong></span> <span class='ocrx_word' id='word_1_722' title='bbox 438 2631 502 2666; x_wconf 79' lang='lat' dir='ltr'><strong>quia</strong></span> <span class='ocrx_word' id='word_1_723' title='bbox 518 2630 595 2657; x_wconf 88' lang='lat' dir='ltr'><strong>solus</strong></span> <span class='ocrx_word' id='word_1_724' title='bbox 613 2629 693 2656; x_wconf 84' lang='lat' dir='ltr'><strong>habet</strong></span> <span class='ocrx_word' id='word_1_725' title='bbox 708 2628 806 2656; x_wconf 81' lang='lat' dir='ltr'><strong>Filium</strong></span> <span class='ocrx_word' id='word_1_726' title='bbox 825 2628 960 2656; x_wconf 85' lang='lat' dir='ltr'><strong>dicentem</strong></span> <span class='ocrx_word' id='word_1_727' title='bbox 981 2635 989 2655; x_wconf 87' lang='lat'><strong>:</strong></span> 
     </span>
    </p>
   </div>
   <div class='ocr_carea' id='block_1_100' title="bbox 208 2674 989 2712">
    <p class='ocr_par' dir='ltr' id='par_1_100' title="bbox 208 2674 989 2712">
     <span class='ocr_line' id='line_1_100' title="bbox 208 2674 989 2712; baseline -0.008 -6"><span class='ocrx_word' id='word_1_728' title='bbox 208 2678 265 2712; x_wconf 73' lang='lat' dir='ltr'><strong>Ego</strong></span> <span class='ocrx_word' id='word_1_729' title='bbox 291 2686 351 2705; x_wconf 89' lang='lat' dir='ltr'><strong>sum</strong></span> <span class='ocrx_word' id='word_1_730' title='bbox 371 2676 512 2706; x_wconf 28' lang='lat' dir='ltr'><strong>veritasi&#39;.</strong></span> <span class='ocrx_word' id='word_1_731' title='bbox 535 2675 649 2709; x_wconf 81' lang='lat' dir='ltr'><strong>Sapiens</strong></span> <span class='ocrx_word' id='word_1_732' title='bbox 672 2682 705 2702; x_wconf 83' lang='lat' dir='ltr'><strong>ac</strong></span> <span class='ocrx_word' id='word_1_733' title='bbox 727 2679 823 2708; x_wconf 82' lang='lat' dir='ltr'><strong>potens</strong></span> <span class='ocrx_word' id='word_1_734' title='bbox 851 2674 989 2705; x_wconf 87' lang='lat' dir='ltr'><strong>similiter.</strong></span> 
     </span>
    </p>
   </div>
   <div class='ocr_carea' id='block_1_101' title="bbox 209 2720 990 2760">
    <p class='ocr_par' dir='ltr' id='par_1_101' title="bbox 209 2720 990 2760">
     <span class='ocr_line' id='line_1_101' title="bbox 209 2720 990 2760; baseline -0.004 -10"><span class='ocrx_word' id='word_1_735' title='bbox 209 2726 272 2760; x_wconf 87' lang='lat' dir='ltr'><strong>quia</strong></span> <span class='ocrx_word' id='word_1_736' title='bbox 287 2725 413 2752; x_wconf 83' lang='lat' dir='ltr'><strong>Christus</strong></span> <span class='ocrx_word' id='word_1_737' title='bbox 429 2723 475 2749; x_wconf 88' lang='lat' dir='ltr'><strong>Dei</strong></span> <span class='ocrx_word' id='word_1_738' title='bbox 491 2722 623 2757; x_wconf 86' lang='lat' dir='ltr'><strong>potentia,</strong></span> <span class='ocrx_word' id='word_1_739' title='bbox 640 2727 667 2748; x_wconf 94' lang='lat' dir='ltr'><strong>et</strong></span> <span class='ocrx_word' id='word_1_740' title='bbox 684 2720 731 2748; x_wconf 90' lang='lat' dir='ltr'><strong>Dei</strong></span> <span class='ocrx_word' id='word_1_741' title='bbox 747 2720 892 2756; x_wconf 79' lang='lat' dir='ltr'><strong>sapientia.</strong></span> <span class='ocrx_word' id='word_1_742' title='bbox 908 2721 990 2748; x_wconf 87' lang='lat' dir='ltr'><strong>Solus</strong></span> 
     </span>
    </p>
   </div>
   <div class='ocr_carea' id='block_1_102' title="bbox 211 2767 992 2798">
    <p class='ocr_par' dir='ltr' id='par_1_102' title="bbox 211 2767 992 2798">
     <span class='ocr_line' id='line_1_102' title="bbox 211 2767 992 2798; baseline -0.005 0"><span class='ocrx_word' id='word_1_743' title='bbox 211 2771 311 2798; x_wconf 80' lang='lat' dir='ltr'><strong>dii-itur</strong></span> <span class='ocrx_word' id='word_1_744' title='bbox 334 2770 487 2796; x_wconf 84' lang='lat' dir='ltr'><strong>inhabitare</strong></span> <span class='ocrx_word' id='word_1_745' title='bbox 509 2768 598 2795; x_wconf 91' lang='lat' dir='ltr'><strong>lucem</strong></span> <span class='ocrx_word' id='word_1_746' title='bbox 616 2767 833 2795; x_wconf 86' lang='lat' dir='ltr'><strong>inaccessibilem</strong></span> <span class='ocrx_word' id='word_1_747' title='bbox 850 2768 860 2784; x_wconf 84' lang='lat'><strong>&#39;</strong></span> <span class='ocrx_word' id='word_1_748' title='bbox 876 2777 883 2795; x_wconf 89' lang='lat'><strong>:</strong></span> <span class='ocrx_word' id='word_1_749' title='bbox 911 2768 992 2794; x_wconf 89' lang='lat' dir='ltr'><strong>habet</strong></span> 
     </span>
    </p>
   </div>
   <div class='ocr_carea' id='block_1_103' title="bbox 208 2813 989 2850">
    <p class='ocr_par' dir='ltr' id='par_1_103' title="bbox 208 2813 989 2850">
     <span class='ocr_line' id='line_1_103' title="bbox 208 2813 989 2850; baseline -0.005 -6"><span class='ocrx_word' id='word_1_750' title='bbox 208 2817 281 2845; x_wconf 89' lang='lat' dir='ltr'><strong>enim</strong></span> <span class='ocrx_word' id='word_1_751' title='bbox 299 2816 326 2844; x_wconf 86' lang='lat' dir='ltr'><strong>iit</strong></span> <span class='ocrx_word' id='word_1_752' title='bbox 341 2817 431 2850; x_wconf 78' lang='lat' dir='ltr'><strong>seipso</strong></span> <span class='ocrx_word' id='word_1_753' title='bbox 443 2815 578 2843; x_wconf 77' lang='lat' dir='ltr'><strong>dicentem</strong></span> <span class='ocrx_word' id='word_1_754' title='bbox 593 2822 600 2841; x_wconf 84' lang='lat'><strong>:</strong></span> <span class='ocrx_word' id='word_1_755' title='bbox 618 2813 673 2849; x_wconf 79' lang='lat' dir='ltr'><strong>Ego</strong></span> <span class='ocrx_word' id='word_1_756' title='bbox 687 2822 747 2842; x_wconf 84' lang='lat' dir='ltr'><strong>sum</strong></span> <span class='ocrx_word' id='word_1_757' title='bbox 762 2814 819 2841; x_wconf 79' lang='lat' dir='ltr'><strong>lux.</strong></span> <span class='ocrx_word' id='word_1_758' title='bbox 839 2814 920 2842; x_wconf 81' lang='lat' dir='ltr'><strong>Solus</strong></span> <span class='ocrx_word' id='word_1_759' title='bbox 939 2815 989 2841; x_wconf 89' lang='lat' dir='ltr'><strong>im-</strong></span> 
     </span>
    </p>
   </div>
   <div class='ocr_carea' id='block_1_104' title="bbox 1042 2405 1832 2442">
    <p class='ocr_par' dir='ltr' id='par_1_104' title="bbox 1042 2405 1832 2442">
     <span class='ocr_line' id='line_1_104' title="bbox 1042 2405 1832 2442; baseline 0 -9"><span class='ocrx_word' id='word_1_760' title='bbox 1042 2407 1109 2442; x_wconf 82' lang='grc' dir='ltr'>πρὸς</span> <span class='ocrx_word' id='word_1_761' title='bbox 1127 2406 1171 2433; x_wconf 78' lang='grc' dir='ltr'><strong>τὸν</strong></span> <span class='ocrx_word' id='word_1_762' title='bbox 1182 2406 1210 2439; x_wconf 77' lang='grc' dir='ltr'><strong>ἐξ</strong></span> <span class='ocrx_word' id='word_1_763' title='bbox 1223 2405 1304 2432; x_wconf 80' lang='grc' dir='ltr'>αὐτοῦ</span> <span class='ocrx_word' id='word_1_764' title='bbox 1317 2405 1482 2442; x_wconf 70' lang='grc' dir='ltr'>προελθόντα</span> <span class='ocrx_word' id='word_1_765' title='bbox 1490 2406 1576 2439; x_wconf 83' lang='grc' dir='ltr'>Λόγον</span> <span class='ocrx_word' id='word_1_766' title='bbox 1590 2406 1758 2440; x_wconf 77' lang='grc' dir='ltr'>ἁποῤῥήτως</span> <span class='ocrx_word' id='word_1_767' title='bbox 1773 2415 1832 2433; x_wconf 86' lang='grc' dir='ltr'>συν·</span> 
     </span>
    </p>
   </div>
   <div class='ocr_carea' id='block_1_105' title="bbox 1041 2453 1178 2489">
    <p class='ocr_par' dir='ltr' id='par_1_105' title="bbox 1041 2453 1178 2489">
     <span class='ocr_line' id='line_1_105' title="bbox 1041 2453 1178 2489; baseline 0 -10"><span class='ocrx_word' id='word_1_768' title='bbox 1041 2453 1084 2479; x_wconf 65' lang='lat' dir='ltr'><strong>Emi</strong></span> <span class='ocrx_word' id='word_1_769' title='bbox 1090 2462 1178 2489; x_wconf 77' lang='grc' dir='ltr'>μενος.</span> 
     </span>
    </p>
   </div>
   <div class='ocr_carea' id='block_1_106' title="bbox 1347 2489 1511 2518">
    <p class='ocr_par' dir='ltr' id='par_1_106' title="bbox 1347 2489 1511 2518">
     <span class='ocr_line' id='line_1_106' title="bbox 1347 2489 1511 2518; baseline -0.006 0"><span class='ocrx_word' id='word_1_770' title='bbox 1347 2489 1399 2518; x_wconf 78' lang='lat' dir='ltr'><strong>Kal</strong></span> <span class='ocrx_word' id='word_1_771' title='bbox 1414 2489 1511 2518; x_wconf 78' lang='grc' dir='ltr'>τοῦτο.</span> 
     </span>
    </p>
   </div>
   <div class='ocr_carea' id='block_1_107' title="bbox 1052 2535 1828 2574">
    <p class='ocr_par' dir='ltr' id='par_1_107' title="bbox 1052 2535 1828 2574">
     <span class='ocr_line' id='line_1_107' title="bbox 1052 2535 1828 2574; baseline -0.001 -10"><span class='ocrx_word' id='word_1_772' title='bbox 1052 2570 1056 2574; x_wconf 37' lang='grc'><em>,</em></span> <span class='ocrx_word' id='word_1_773' title='bbox 1076 2536 1147 2565; x_wconf 84' lang='grc' dir='ltr'>ὀσα</span> <span class='ocrx_word' id='word_1_774' title='bbox 1161 2536 1304 2572; x_wconf 73' lang='grc' dir='ltr'>προσεῖναι</span> <span class='ocrx_word' id='word_1_775' title='bbox 1318 2535 1428 2570; x_wconf 78' lang='grc' dir='ltr'>λέγεται</span> <span class='ocrx_word' id='word_1_776' title='bbox 1441 2535 1480 2570; x_wconf 75' lang='grc' dir='ltr'>τῷ</span> <span class='ocrx_word' id='word_1_777' title='bbox 1497 2535 1584 2571; x_wconf 68' lang='lat' dir='ltr'><strong>[hth</strong></span> <span class='ocrx_word' id='word_1_778' title='bbox 1597 2536 1721 2570; x_wconf 79' lang='grc' dir='ltr'>φυσικῶς</span> <span class='ocrx_word' id='word_1_779' title='bbox 1733 2544 1766 2563; x_wconf 76' lang='grc' dir='ltr'><strong>τε</strong></span> <span class='ocrx_word' id='word_1_780' title='bbox 1780 2537 1828 2564; x_wconf 74' lang='grc' dir='ltr'><strong>καὶ</strong></span> 
     </span>
    </p>
   </div>
   <div class='ocr_carea' id='block_1_108' title="bbox 1039 2580 1829 2617">
    <p class='ocr_par' dir='ltr' id='par_1_108' title="bbox 1039 2580 1829 2617">
     <span class='ocr_line' id='line_1_108' title="bbox 1039 2580 1829 2617; baseline 0 -9"><span class='ocrx_word' id='word_1_781' title='bbox 1039 2581 1184 2613; x_wconf 72' lang='grc' dir='ltr'>οὐσιωδῶς.</span> <span class='ocrx_word' id='word_1_782' title='bbox 1194 2581 1280 2609; x_wconf 82' lang='grc' dir='ltr'>ταῦτα</span> <span class='ocrx_word' id='word_1_783' title='bbox 1292 2581 1381 2609; x_wconf 74' lang='grc' dir='ltr'>πάντα</span> <span class='ocrx_word' id='word_1_784' title='bbox 1393 2580 1468 2608; x_wconf 68' lang='grc' dir='ltr'>ἐστὶν</span> <span class='ocrx_word' id='word_1_785' title='bbox 1481 2581 1496 2608; x_wconf 86' lang='lat'><strong>6</strong></span> <span class='ocrx_word' id='word_1_786' title='bbox 1507 2581 1582 2613; x_wconf 75' lang='grc' dir='ltr'>Υἱός.</span> <span class='ocrx_word' id='word_1_787' title='bbox 1594 2582 1682 2614; x_wconf 70' lang='grc' dir='ltr'>Μόνος</span> <span class='ocrx_word' id='word_1_788' title='bbox 1697 2582 1829 2617; x_wconf 73' lang='grc' dir='ltr'>ἀληθινὸς</span> 
     </span>
    </p>
   </div>
   <div class='ocr_carea' id='block_1_109' title="bbox 1039 2628 1829 2664">
    <p class='ocr_par' dir='ltr' id='par_1_109' title="bbox 1039 2628 1829 2664">
     <span class='ocr_line' id='line_1_109' title="bbox 1039 2628 1829 2664; baseline 0.003 -10"><span class='ocrx_word' id='word_1_789' title='bbox 1039 2628 1147 2662; x_wconf 77' lang='grc' dir='ltr'>λέγεται</span> <span class='ocrx_word' id='word_1_790' title='bbox 1169 2628 1234 2660; x_wconf 83' lang='grc' dir='ltr'>Θεδς</span> <span class='ocrx_word' id='word_1_791' title='bbox 1246 2629 1260 2655; x_wconf 85' lang='grc' dir='ltr'><strong>ὁ</strong></span> <span class='ocrx_word' id='word_1_792' title='bbox 1273 2628 1376 2664; x_wconf 76' lang='grc' dir='ltr'>Πατὴρ,</span> <span class='ocrx_word' id='word_1_793' title='bbox 1391 2629 1484 2663; x_wconf 71' lang='grc' dir='ltr'>ἐπειδὴ</span> <span class='ocrx_word' id='word_1_794' title='bbox 1501 2628 1582 2663; x_wconf 77' lang='grc' dir='ltr'>μόνος</span> <span class='ocrx_word' id='word_1_795' title='bbox 1605 2628 1663 2664; x_wconf 74' lang='grc' dir='ltr'>ἔχει</span> <span class='ocrx_word' id='word_1_796' title='bbox 1689 2629 1736 2656; x_wconf 68' lang='grc' dir='ltr'>τὶν</span> <span class='ocrx_word' id='word_1_797' title='bbox 1765 2629 1829 2656; x_wconf 55' lang='lat' dir='ltr'><strong>Titi</strong></span> 
     </span>
    </p>
   </div>
   <div class='ocr_carea' id='block_1_110' title="bbox 1043 2675 1827 2711">
    <p class='ocr_par' dir='ltr' id='par_1_110' title="bbox 1043 2675 1827 2711">
     <span class='ocr_line' id='line_1_110' title="bbox 1043 2675 1827 2711; baseline -0.001 -9"><span class='ocrx_word' id='word_1_798' title='bbox 1043 2676 1088 2702; x_wconf 74' lang='grc' dir='ltr'><strong>τὸν</strong></span> <span class='ocrx_word' id='word_1_799' title='bbox 1114 2675 1244 2711; x_wconf 80' lang='grc' dir='ltr'>λέγοντα·</span> <span class='ocrx_word' id='word_1_800' title='bbox 1267 2675 1337 2709; x_wconf 82' lang='grc' dir='ltr'><strong>Ἐγώ</strong></span> <span class='ocrx_word' id='word_1_801' title='bbox 1362 2677 1421 2710; x_wconf 77' lang='grc' dir='ltr'>εἰμι</span> <span class='ocrx_word' id='word_1_802' title='bbox 1437 2677 1453 2711; x_wconf 83' lang='grc' dir='ltr'><strong>ἡ</strong></span> <span class='ocrx_word' id='word_1_803' title='bbox 1470 2675 1594 2710; x_wconf 78' lang='grc' dir='ltr'>ἀλήθεια.</span> <span class='ocrx_word' id='word_1_804' title='bbox 1611 2675 1697 2710; x_wconf 77' lang='grc' dir='ltr'>Σοφὸς</span> <span class='ocrx_word' id='word_1_805' title='bbox 1716 2675 1764 2701; x_wconf 77' lang='grc' dir='ltr'>καὶ</span> <span class='ocrx_word' id='word_1_806' title='bbox 1783 2675 1827 2701; x_wconf 80' lang='grc' dir='ltr'><strong>δυ-</strong></span> 
     </span>
    </p>
   </div>
   <div class='ocr_carea' id='block_1_111' title="bbox 1044 2721 1826 2757">
    <p class='ocr_par' dir='ltr' id='par_1_111' title="bbox 1044 2721 1826 2757">
     <span class='ocr_line' id='line_1_111' title="bbox 1044 2721 1826 2757; baseline 0.001 -10"><span class='ocrx_word' id='word_1_807' title='bbox 1044 2723 1122 2753; x_wconf 77' lang='grc' dir='ltr'>νατδς</span> <span class='ocrx_word' id='word_1_808' title='bbox 1136 2722 1245 2756; x_wconf 83' lang='grc' dir='ltr'>ὁμοίως,</span> <span class='ocrx_word' id='word_1_809' title='bbox 1263 2722 1325 2748; x_wconf 75' lang='grc' dir='ltr'><strong>ἐπεὶ</strong></span> <span class='ocrx_word' id='word_1_810' title='bbox 1339 2722 1456 2757; x_wconf 75' lang='grc' dir='ltr'>Χριστὸς</span> <span class='ocrx_word' id='word_1_811' title='bbox 1469 2722 1537 2748; x_wconf 79' lang='grc' dir='ltr'>Θεοῦ</span> <span class='ocrx_word' id='word_1_812' title='bbox 1551 2722 1677 2756; x_wconf 68' lang='grc' dir='ltr'>δύναμις,</span> <span class='ocrx_word' id='word_1_813' title='bbox 1694 2722 1741 2749; x_wconf 71' lang='lat' dir='ltr'><strong>xxi</strong></span> <span class='ocrx_word' id='word_1_814' title='bbox 1758 2721 1826 2749; x_wconf 72' lang='grc' dir='ltr'>Θεοῦ</span> 
     </span>
    </p>
   </div>
   <div class='ocr_carea' id='block_1_112' title="bbox 1046 2768 1826 2804">
    <p class='ocr_par' dir='ltr' id='par_1_112' title="bbox 1046 2768 1826 2804">
     <span class='ocr_line' id='line_1_112' title="bbox 1046 2768 1826 2804; baseline 0.001 -10"><span class='ocrx_word' id='word_1_815' title='bbox 1046 2769 1135 2803; x_wconf 77' lang='grc' dir='ltr'>σοφία.</span> <span class='ocrx_word' id='word_1_816' title='bbox 1156 2768 1244 2800; x_wconf 84' lang='grc' dir='ltr'>Μόνος</span> <span class='ocrx_word' id='word_1_817' title='bbox 1267 2768 1378 2803; x_wconf 80' lang='grc' dir='ltr'>λέγεται</span> <span class='ocrx_word' id='word_1_818' title='bbox 1401 2769 1461 2804; x_wconf 83' lang='grc' dir='ltr'>φῶς</span> <span class='ocrx_word' id='word_1_819' title='bbox 1481 2769 1565 2795; x_wconf 77' lang='grc' dir='ltr'>οἰκεῖν</span> <span class='ocrx_word' id='word_1_820' title='bbox 1582 2769 1731 2804; x_wconf 71' lang='grc' dir='ltr'>ἀπρόσιτον</span> <span class='ocrx_word' id='word_1_821' title='bbox 1744 2777 1751 2785; x_wconf 95' lang='grc'><strong>·</strong></span> <span class='ocrx_word' id='word_1_822' title='bbox 1771 2770 1826 2804; x_wconf 74' lang='grc' dir='ltr'>ἔχει</span> 
     </span>
    </p>
   </div>
   <div class='ocr_carea' id='block_1_113' title="bbox 1046 2813 1827 2850">
    <p class='ocr_par' dir='ltr' id='par_1_113' title="bbox 1046 2813 1827 2850">
     <span class='ocr_line' id='line_1_113' title="bbox 1046 2813 1827 2850; baseline 0 -9"><span class='ocrx_word' id='word_1_823' title='bbox 1046 2814 1099 2850; x_wconf 85' lang='grc' dir='ltr'>γὰρ</span> <span class='ocrx_word' id='word_1_824' title='bbox 1113 2815 1141 2841; x_wconf 79' lang='grc' dir='ltr'>ὲν</span> <span class='ocrx_word' id='word_1_825' title='bbox 1153 2814 1242 2850; x_wconf 81' lang='grc' dir='ltr'>ἐαυτῷ</span> <span class='ocrx_word' id='word_1_826' title='bbox 1253 2813 1298 2842; x_wconf 79' lang='grc' dir='ltr'><strong>τδν</strong></span> <span class='ocrx_word' id='word_1_827' title='bbox 1314 2813 1427 2848; x_wconf 71' lang='grc' dir='ltr'>λέγοντα</span> <span class='ocrx_word' id='word_1_828' title='bbox 1435 2823 1443 2831; x_wconf 88' lang='grc'><strong>·</strong></span> <span class='ocrx_word' id='word_1_829' title='bbox 1462 2814 1533 2850; x_wconf 80' lang='grc' dir='ltr'><strong>Ἐγώ</strong></span> <span class='ocrx_word' id='word_1_830' title='bbox 1545 2816 1603 2850; x_wconf 75' lang='grc' dir='ltr'>ειμι</span> <span class='ocrx_word' id='word_1_831' title='bbox 1615 2815 1646 2842; x_wconf 83' lang='grc' dir='ltr'>τὸ</span> <span class='ocrx_word' id='word_1_832' title='bbox 1659 2815 1729 2850; x_wconf 78' lang='grc' dir='ltr'>φῶς.</span> <span class='ocrx_word' id='word_1_833' title='bbox 1739 2816 1827 2847; x_wconf 69' lang='grc' dir='ltr'>Μόνος</span> 
     </span>
    </p>
   </div>
   <div class='ocr_carea' id='block_1_114' title="bbox 246 2881 988 2928">
    <p class='ocr_par' dir='ltr' id='par_1_114' title="bbox 246 2893 963 2927">
     <span class='ocr_line' id='line_1_114' title="bbox 246 2893 963 2927; baseline -0.006 -4"><span class='ocrx_word' id='word_1_834' title='bbox 246 2895 255 2912; x_wconf 77' lang='grc'>⁸</span> <span class='ocrx_word' id='word_1_835' title='bbox 271 2895 350 2923; x_wconf 81' lang='lat' dir='ltr'><strong>Joau.</strong></span> <span class='ocrx_word' id='word_1_836' title='bbox 373 2903 426 2926; x_wconf 65' lang='lat' dir='ltr'><strong>xtt&#39;,</strong></span> <span class='ocrx_word' id='word_1_837' title='bbox 442 2894 467 2921; x_wconf 88' lang='lat'><strong>9.</strong></span> <span class='ocrx_word' id='word_1_838' title='bbox 506 2894 516 2908; x_wconf 87' lang='lat'><strong><em>‘</em></strong></span> <span class='ocrx_word' id='word_1_839' title='bbox 530 2896 607 2922; x_wconf 79' lang='lat' dir='ltr'><strong>Joatt.</strong></span> <span class='ocrx_word' id='word_1_840' title='bbox 627 2904 652 2927; x_wconf 88' lang='lat' dir='ltr'><strong>v,</strong></span> <span class='ocrx_word' id='word_1_841' title='bbox 669 2895 712 2922; x_wconf 75' lang='lat' dir='ltr'><strong>2i.</strong></span> <span class='ocrx_word' id='word_1_842' title='bbox 752 2896 762 2912; x_wconf 87' lang='grc'><strong><em>⁸</em></strong></span> <span class='ocrx_word' id='word_1_843' title='bbox 778 2895 785 2921; x_wconf 96' lang='lat' dir='ltr'><strong>l</strong></span> <span class='ocrx_word' id='word_1_844' title='bbox 803 2893 911 2921; x_wconf 85' lang='lat' dir='ltr'><strong>Tutioth</strong></span> <span class='ocrx_word' id='word_1_845' title='bbox 939 2902 963 2920; x_wconf 68' lang='grc' dir='ltr'>γι</span> 
     </span>
    </p>
   </div>
   <div class='ocr_carea' id='block_1_115' title="bbox 1059 2881 1769 2928">
    <p class='ocr_par' dir='ltr' id='par_1_115' title="bbox 1077 2893 1769 2928">
     <span class='ocr_line' id='line_1_115' title="bbox 1077 2893 1769 2928; baseline -0.001 -7"><span class='ocrx_word' id='word_1_846' title='bbox 1077 2893 1177 2922; x_wconf 68' lang='lat' dir='ltr'><strong>‘Juun.</strong></span> <span class='ocrx_word' id='word_1_847' title='bbox 1202 2902 1256 2928; x_wconf 70' lang='lat' dir='ltr'><strong>xiv,</strong></span> <span class='ocrx_word' id='word_1_848' title='bbox 1279 2895 1305 2922; x_wconf 90' lang='lat'><strong>6.</strong></span> <span class='ocrx_word' id='word_1_849' title='bbox 1344 2894 1355 2910; x_wconf 85' lang='grc'><strong>⁸</strong></span> <span class='ocrx_word' id='word_1_850' title='bbox 1377 2895 1443 2922; x_wconf 85' lang='lat' dir='ltr'><strong>ibid.</strong></span> <span class='ocrx_word' id='word_1_851' title='bbox 1482 2893 1516 2922; x_wconf 79' lang='grc' dir='ltr'><strong>σι</strong></span> <span class='ocrx_word' id='word_1_852' title='bbox 1533 2893 1652 2922; x_wconf 85' lang='lat' dir='ltr'><strong>Titnoth.</strong></span> <span class='ocrx_word' id='word_1_853' title='bbox 1674 2902 1710 2927; x_wconf 68' lang='lat' dir='ltr'><strong>rt,</strong></span> <span class='ocrx_word' id='word_1_854' title='bbox 1728 2894 1769 2921; x_wconf 86' lang='lat' dir='ltr'><strong>l6.</strong></span> 
     </span>
    </p>
   </div>
  </div>
