1891 3076
195 152 248 184 655

460 212 587 248 Ejusdem
603 218 628 241 et
650 214 716 241 haec.

233 269 338 302 Quanto
360 269 482 298 laborant
496 271 607 299 insaniat
622 272 716 299 morbo
727 292 734 305 ,
747 272 793 306 qui
818 273 984 300 detestandae

197 314 255 342 Arii
278 320 306 342 et
327 316 452 343 Eunomii
477 316 605 344 doctrinae
633 322 698 345 sunt
723 317 861 345 hzuredes?
889 318 984 354 Magna

195 365 328 396 praeterea
347 362 375 388 in
393 369 486 389 eorum
504 367 614 396 stupore
629 368 710 398 atque
719 363 828 390 insania
845 364 916 397 viget
932 365 984 391 im-

198 406 337 439 pudentia.
351 406 503 435 Missionem
519 409 603 441 enim,
615 416 662 436 seu
676 409 838 442 legationem
865 410 983 437 divinam

198 452 402 489 humanamque
416 459 640 489 commemorant,
651 461 677 483 et
691 463 751 483 eutn
767 455 812 490 qui
829 456 912 487 misit,
926 456 983 489 illo,

198 499 244 532 qui
272 499 370 526 missus
399 504 457 530 est.
485 500 689 528 honoratiorem
715 492 776 529 esse
804 501 984 528 contendunt.

199 544 286 572 Tanta
315 550 357 573 est
382 545 502 580 ipsorum
527 547 554 574 in
583 546 730 582 Scripturis
755 548 905 583 imperitia!
930 549 985 576 Nec

202 591 421 619 animadvertunt
444 592 528 620 Iacob
554 593 581 620 in
607 593 827 628 Mesopotamiam
851 595 886 621 ah
911 595 986 622 Isaae

199 637 307 670 quidem
323 638 436 665 tnissum
452 646 523 670 esse,
539 645 589 665 nec
607 643 695 666 tamen
709 639 743 666 ob
756 638 936 673 itl,'quantum
953 641 986 667 atl

200 687 324 710 naturam
338 683 467 717 pertinet,
480 684 611 711 minorem
625 691 668 716 eo,
681 691 695 710 a
709 692 762 719 qtto
775 685 873 712 missus
887 685 986 719 fuerat,

200 727 348 756 exstitisse.
358 727 459 764 Josepb
474 737 582 756 rursum
593 736 608 756 ι
620 729 703 757 Iacob
716 729 759 757 ille
771 731 877 765 quidem
892 732 989 760 missus

201 779 240 801 cst
251 794 258 806 ,
272 778 300 800 ut
316 773 414 801 fratres
434 774 579 807 inviseret,
596 783 646 803 nec
662 780 802 811 propterea
822 780 910 804 tamen
926 785 988 805 eum

204 820 348 854 quisquam
363 824 460 848 natura
472 825 550 855 patre
563 821 718 850 inferiorem
732 823 810 854 dicet.
823 825 891 857 quod
907 825 990 858 patris

814 157 1006 187 EUTIIYMH
1030 155 1205 187 ZiiidliENl
1247 186 1253 189 .

1000 219 1021 245 Δ
1340 217 1391 243 Kal
1418 216 1514 242 τοῦτο.

1772 157 1826 187 ὓῖιϐ

1072 271 1156 297 Βαϐαὶ
1181 273 1250 305 πόσιΙ
1274 272 1325 296 uin
1350 272 1496 306 αἱρετικῶν
1517 273 1532 305 ἡ
1566 271 1762 306 παραπληξία.
1780 273 1826 298 τττὶ-

1036 325 1086 351 σην
1108 316 1232 343 νοσοῦσιν
1247 317 1446 352 ἐμϐροντησίαν
1456 317 1481 343 οἱ
1495 316 1544 351 τῆς
1556 316 1663 351 Ἀρειον
1679 317 1729 344 καὶ
1743 317 1825 344 Εὐνο-

1036 362 1099 397 μίου
1109 362 1282 398 βλασφημίας
1292 362 1465 397 κληρονόμοι.
1479 362 1549 397 Πρὸς
1559 362 1588 389 δὲ
1600 364 1632 398 τῇ
1646 363 1827 398 παραπληξίᾳ

1036 408 1137 444 πολλὴν
1155 407 1231 435 ἐστιν
1255 409 1319 435 ἰδεῖν
1333 408 1363 435 ἐν
1379 409 1472 439 αὐτοῖς
1489 409 1660 436 ἐπανθοῦσαν
1681 410 1827 444 ἀναισχυν-

1035 453 1107 481 τίαν.
1135 454 1192 489 Τῆς
1215 455 1269 489 γὰρ
1292 455 1446 490 ἀποστολῆς
1473 455 1530 482 ἀνω
1551 456 1599 482 καὶ
1616 456 1694 482 κάτω
1721 465 1827 490 μνημο-

1037 499 1157 531 νεύουσι,
1174 500 1221 527 καὶ
1233 501 1277 527 τὸν
1291 501 1492 528 ἀποστείλαντα
1502 502 1548 527 τοῦ
1561 501 1763 533 ἀποσταλέντος
1779 510 1828 535 φα-

1038 545 1080 571 σὶν
1094 543 1164 572 εἶναι
1180 546 1352 582 τιμιὼτερον.
1371 546 1512 581 Τοσαύτην
1531 546 1624 581 ἔχουσι
1638 547 1694 572 τῶν
1710 547 1827 580 Γραφιῖω

1038 591 1174 626 ἀμαθίανῐ
1191 593 1245 619 Καὶ
1268 593 1298 619 οὺ
1323 592 1486 627 λογίζονται.
1508 593 1546 625 ὡς
1569 593 1621 619 ὑπὸ
1650 592 1700 619 τοῦ
1736 593 1825 618 Ἰσαὰκ

1039 638 1053 663 6
1075 637 1173 663 Ἰακὼϐ
1188 635 1222 672 ἦν
1242 639 1449 672 ἀπεσταλμένος
1465 639 1505 670 εἰς
1521 639 1570 673 τὴν
1589 639 1808 672 Μεσοποταμίαν
1819 658 1826 665 .

1039 683 1070 710 οὑ
1089 683 1142 718 μὴν
1166 683 1210 710 διὰ
1227 684 1306 710 τοῦτο
1331 684 1448 711 ἐλάττων
1467 685 1525 710 ἐστὶ
1551 684 1597 710 τοῦ
1616 684 1827 711 ἀποστείλαντος

1039 729 1110 756 κατὰ
1121 729 1167 757 τὸν
1178 730 1228 764 τῆς
1244 729 1350 764 φύσεως
1364 730 1452 764 λόγον.
1469 730 1606 762 Ὠσαντως
1617 730 1645 756 δὲ
1660 730 1708 756 καὶ
1728 730 1827 762 Ίωσὴξ

1039 775 1181 812 ἀπεστάλη
1208 776 1256 811 μὲν
1272 776 1324 803 ὑπὸ
1345 776 1393 803 τοῦ
1418 776 1515 804 Ἰακὼϐ
1538 776 1741 811 ἐπισκέψασθαι
1767 777 1829 805 τοὺς

1041 821 1172 856 ἀδελφοὺς
1192 821 1286 855 αὑτοῦ,
1303 822 1349 849 καὶ
1360 821 1447 854 οὐδεὶς
1460 822 1492 849 ἂν
1507 823 1575 857 φαίη
1590 821 1640 856 τῆς
1659 821 1706 848 τοῦ
1721 821 1828 855 πατρὸς

203 866 330 893 mandato
343 867 482 900 obediens,
499 874 552 903 quo
566 868 666 896 missus
677 869 775 901 fuerat,
785 869 922 904 profectus
937 877 989 898 est.

1064 867 1150 899 ύσεως
1169 867 1251 894 αὑτὸν
1266 867 1303 903 μὴ
1319 868 1456 903 μετέχειν,
1471 868 1566 902 ἐπειδὴ
1584 867 1622 902 τῷ
1637 869 1721 903 πατρὶ
1737 868 1831 893 πειθό-

241 957 274 983 At
289 956 350 984 licet
380 961 482 984 naturae
511 958 616 985 ratione
642 959 811 987 mittentibus
833 959 990 991 inferiores,

208 1001 344 1036 inquient,
364 1010 418 1030 non
440 1003 494 1031 sint
516 1004 571 1036 illi,
589 1012 658 1038 quos
679 1004 763 1032 fuisse
787 1006 883 1034 missos
907 1007 990 1039 dicis,

210 1054 330 1082 paterme
348 1054 436 1077 tamen
454 1051 553 1078 cedunt
569 1051 703 1086 dignitati.
720 1052 775 1079 imo
795 1053 959 1086 reperimus,
976 1062 992 1080 ο

206 1095 298 1127 stttltl,
320 1100 349 1123 et
369 1095 498 1131 dignitate
525 1097 730 1130 prmstantiores
758 1097 792 1124 ab
819 1097 992 1126 inferioribus

207 1139 294 1173 mitti;
311 1148 399 1175 neque
415 1146 504 1168 tamen
523 1141 623 1168 ideirco
639 1149 714 1168 suam
732 1143 860 1168 amittunt
874 1142 993 1177 dignita-

208 1191 272 1213 tem.
283 1185 413 1214 Jouathas
427 1189 497 1214 enim
512 1187 582 1222 regis
595 1187 664 1215 illius
680 1195 695 1215 a
709 1187 808 1215 Daride
823 1189 924 1216 missus
939 1194 993 1222 est,

208 1231 232 1259 is
251 1232 296 1266 qtti
317 1239 377 1259 cum
401 1237 480 1266 patrc‘
498 1233 638 1267 regnabat,
656 1233 691 1260 ab
710 1241 742 1260 eo
763 1234 807 1268 qui
829 1237 992 1262 ne'servum

211 1277 322 1310 quidem
343 1277 398 1310 jam
422 1277 538 1305 audebat
559 1285 589 1305 se
609 1278 740 1313 proﬁteri.
759 1278 890 1312 Quoniam
913 1280 995 1315 igitur

211 1322 255 1350 hic
275 1322 384 1357 quidem
407 1324 495 1356 misit,
511 1324 555 1352 ille
575 1329 666 1352 autem
689 1325 786 1353 missus
807 1329 863 1357 est,
878 1334 928 1354 nec
949 1327 994 1361 qui

211 1368 311 1396 missus
329 1373 387 1401 est.
401 1369 488 1397 adhuc
507 1376 567 1400 erat
587 1377 650 1403 rex,
665 1375 694 1397 ut
715 1379 761 1397 vos
796 1371 929 1404 deﬁnitis,
946 1380 996 1400 nec

211 1414 257 1447 qui
281 1415 371 1447 misit,
386 1414 472 1441 adhuc
490 1419 548 1442 erat
565 1415 657 1448 exsul,
671 1417 718 1442 sed
735 1416 809 1443 missi
828 1417 943 1450 dignitas
962 1418 994 1444 ad

215 1459 364 1487 mittentem
381 1467 411 1487 se
429 1461 554 1487 liavitlem
571 1461 721 1491 descendit,
733 1465 759 1488 ct
775 1461 906 1489 mittentis
921 1462 996 1489 cala-

218 1505 297 1532 mitas
321 1505 462 1533 descendit
486 1506 519 1533 ad
542 1506 655 1534 missum
677 1505 831 1534 Jouatham.
855 1507 907 1535 Sed
933 1508 996 1542 quid

1043 922 1124 949 μενος
1137 913 1300 946 κατεδέξατο
1314 913 1363 950 τὴν
1378 914 1540 949 ἀποστολήν.

1080 959 1156 986 ’Δλλ⁹
1169 960 1234 992 ἴσως
1246 960 1340 994 φασὶν,
1358 961 1381 987 el
1395 960 1443 987 καὶ
1459 961 1497 996 μὴ
1512 959 1583 986 κατά
1597 960 1643 986 τὸν
1655 960 1704 994 τῆς
1720 960 1832 994 φύσεως

1042 1005 1121 1039 λόγον
1134 1005 1244 1040 μείζους
1254 1005 1372 1033 ἐνταῦθα
1384 1005 1437 1033 τῶν
1447 1005 1666 1033 ἀποστελλόντων
1676 1006 1700 1032 οἱ
1709 1006 1833 1032 ἀποπα-

1042 1051 1146 1085 λέντες,
1169 1051 1240 1078 κατά
1263 1052 1328 1085 γοῦν
1343 1051 1374 1078 τὺ
1389 1051 1522 1086 πατρικὸν
1538 1051 1647 1086 ἀξίωμα
1664 1051 1755 1086 ἔχουσι
1781 1051 1833 1085 τῆς

1042 1098 1126 1133 τιμῆς
1149 1097 1183 1124 τὰ
1208 1097 1353 1133 πρεσϐεῖα.
1382 1097 1453 1124 Ἀλλ’
1476 1094 1682 1132 εὑρίσκομεν,ὧ
1706 1097 1830 1131 ἀνόητοι,

1043 1143 1128 1178 φαίην
1148 1143 1181 1170 ἂν
1201 1144 1269 1178 πρὸς
1289 1144 1398 1176 αὐτοὺς,
1418 1144 1464 1169 καὶ
1485 1144 1547 1174 τοὺς
1570 1143 1680 1177 μείζους
1706 1143 1761 1169 ὑπὸ
1776 1143 1831 1169 τῶν

1043 1189 1195 1216 ἐλαττόνων
1217 1189 1433 1221 ἀποσταλέντας,
1461 1189 1506 1215 καὶ
1532 1189 1592 1223 οὖχὶ
1612 1189 1656 1215 διὰ
1678 1188 1758 1215 τοῦτο
1782 1189 1831 1222 τῆς

1044 1231 1147 1262 οἰκείας
1161 1240 1185 1258 τι
1190 1232 1243 1266 μῆς
1255 1232 1318 1262 τοὺς
1329 1231 1531 1263 ἀποσταλέντας
1541 1230 1728 1265 γυμνώσομεν.
1744 1230 1778 1256 ’Δ
1784 1240 1831 1256 πε-

1045 1277 1130 1311 στά).η
1145 1277 1200 1312 γὰρ
1215 1277 1267 1303 ὑπὸ
1282 1277 1328 1304 τοῦ
1353 1277 1436 1303 Δαϐὶδ
1457 1277 1594 1309 Ἰωνάθιιν,
1607 1278 1620 1304 6
1637 1277 1681 1303 τοῦ
1696 1277 1832 1312 βασιλέως

1045 1323 1102 1353 υτὺς
1125 1323 1178 1349 ὐπδ
1197 1323 1326 1357 φυγάδος.
1350 1324 1364 1350 6
1377 1323 1416 1358 τῷ
1437 1323 1522 1359 πατρὶ
1542 1323 1749 1358 συμϐασιλεύων
1780 1323 1832 1349 ὕπο

1045 1369 1091 1395 τοῦ
1123 1369 1189 1404 μηδὲ
1221 1371 1250 1395 ὲν
1281 1370 1387 1396 οἰκέτου
1419 1370 1493 1402 τάξει
1525 1371 1640 1405 φανῆναι
1665 1369 1830 1404 τολμῶντος.

1046 1415 1155 1449 Ἐπειδὴ
1170 1415 1260 1442 τοίνυν
1272 1416 1286 1442 6
1301 1416 1350 1451 μὲν
1363 1417 1514 1451 ἀπεστάλη,
1526 1416 1576 1442 οὐκ
1591 1415 1630 1442 ἔτι
1643 1417 1690 1450 μὲν
1701 1415 1833 1449 βασιλεὺς

1045 1463 1059 1487 6
1075 1461 1211 1495 πεμφθεὶς
1229 1462 1299 1489 κατὰ
1315 1462 1359 1489 τὸν
1373 1462 1503 1497 ὑμέτερον
1520 1462 1582 1497 ὅρον
1594 1470 1602 1478 ·
1617 1462 1666 1488 οὒκ
1679 1461 1717 1487 ἔτι
1733 1460 1763 1487 δὲ
1780 1470 1834 1495 φυ-

1047 1506 1097 1540 γὰς
1108 1507 1121 1533 6
1132 1507 1304 1539 ἀποστείλας,
1316 1507 1383 1533 ἀλλᾶ
1395 1506 1581 1540 μεταϐέϐηκεν
1593 1507 1638 1533 ἐπὶ
1648 1506 1693 1532 τὴν
1704 1506 1835 1532 ἀποστει-

214 1556 319 1585 oportet
335 1552 450 1579 hutnana
468 1559 627 1589 recensere,
642 1560 703 1580 cum
727 1553 896 1580 inveniamus
915 1554 995 1581 Deum

1060 1562 1130 1580 ,αντα
1143 1553 1225 1580 Δαϐὶδ
1238 1553 1268 1580 τὸ
1278 1552 1325 1579 τοῦ
1336 1553 1508 1587 πεμφθέντος
1520 1553 1637 1587 ἀξίωμα.
1653 1552 1832 1587 Μεταϐἑϐηκε

213 1598 247 1623 ab
262 1597 370 1624 homine
386 1597 472 1624 mitti?
487 1597 537 1631 Qui
553 1598 624 1625 enim
651 1606 712 1625 cum
728 1597 811 1626 Jacob
833 1600 996 1632 luctabatur,

216 1642 323 1669 Dimitte
334 1650 385 1674 me,
398 1643 493 1678 inquit,
505 1644 567 1678 quia
582 1643 763 1679 crepusculum
775 1646 900 1672 ascendit.
913 1645 996 1674 Jacob

214 1694 304 1715 autem
325 1689 359 1715 ad
379 1696 460 1722 eum,
480 1688 541 1716 Non
561 1688 694 1717 dimittam
716 1695 756 1722 te,
776 1692 928 1725 respondit.
946 1693 996 1719 nisi

215 1735 376 1763 benedixeria
393 1735 485 1762 mihi'.
515 1736 582 1769 Quid
599 1737 631 1763 ad
651 1736 707 1763 haec
721 1737 856 1771 sapientes
874 1738 916 1764 isti
935 1738 995 1765 ﬁdei

218 1781 337 1810 artillces
348 1781 563 1816 respondebunt?
574 1782 732 1816 Quanquam
746 1789 776 1809 ex
789 1781 893 1809 Domini
907 1783 996 1811 verbis

217 1828 468 1860 animadvertimus,
477 1833 501 1855 et
514 1827 620 1855 Patrem
633 1827 719 1858 ipsum
731 1827 775 1862 qui
790 1829 907 1861 miserat,
918 1829 996 1856 simul

216 1883 276 1904 esse
291 1883 351 1903 cum
369 1873 438 1902 Filio
454 1873 497 1908 qui
518 1873 616 1901 missus
645 1872 743 1901 fuerat.
763 1873 839 1901 Solus
857 1874 941 1907 enim,
958 1875 999 1902 iu-

216 1922 284 1957 quit,
299 1930 350 1949 non
365 1929 433 1955 eum,
448 1922 493 1948 aed
506 1929 566 1955 ego,
580 1925 605 1946 et
619 1921 663 1955 qui
677 1920 746 1947 misit
763 1927 803 1947 me
823 1920 933 1948 Pater'.
949 1923 998 1950 Et:

220 1967 281 1996 Non
299 1968 398 1995 dimisit
414 1975 454 1995 me
465 1966 550 1994 solum
568 1965 648 1993 Pater
660 1966 762 1994 meua'.
778 1966 809 1993 Et
835 1967 889 1994 alio
914 1967 973 1996 loco
987 1979 993 1995 :

222 2015 302 2042 Pater
317 2016 343 2042 in
360 2021 400 2041 me
416 2021 523 2040 manens
541 2013 597 2048 ipse
612 2012 675 2046 facit
702 2021 781 2047 opera
792 2013 813 2039 ⁸.
830 2009 858 2040 Si
877 2014 957 2049 igitur
973 2015 998 2040 iu

219 2061 293 2095 ipso,
307 2066 334 2088 et
351 2067 412 2088 cum
430 2059 489 2094 ipso
506 2063 581 2091 erat,
596 2059 641 2093 qui
660 2059 734 2086 illum
752 2059 878 2091 miserat,
894 2060 937 2087 tibi
959 2065 1001 2087 est

220 2104 350 2138 abjectior
360 2104 427 2138 ejus,
437 2104 482 2138 qui
494 2104 594 2131 missus
605 2108 656 2136 est,
665 2103 798 2131 conditio?
811 2103 886 2131 Unde
897 2108 999 2137 autem,

220 2156 268 2179 aut
282 2158 336 2186 quo
353 2151 477 2178 mittatur
494 2151 516 2178 is
534 2150 580 2185 qui
599 2150 692 2185 implet
708 2151 816 2178 omnia?
828 2150 906 2184 _Mitti
929 2151 1001 2178 enim

221 2198 358 2233 signillcat
375 2197 425 2224 loci
443 2197 630 2225 mutationem.
645 2197 722 2230 Quod
739 2196 762 2225 si
779 2195 860 2224 Pater
875 2202 902 2224 et
917 2196 1002 2224 Filius

222 2244 314 2271 omnia
330 2243 479 2275 continent,
491 2250 541 2269 nec
554 2242 633 2270 Pater
646 2242 738 2277 procul
753 2242 829 2270 abest
845 2242 877 2269 ab
893 2242 954 2274 illis,
968 2243 1002 2268 ad

222 2297 291 2324 quos
307 2289 406 2316 missus
421 2293 464 2316 est
479 2288 572 2321 Filius,
586 2295 635 2316 nec
649 2287 732 2316 Filius
757 2296 789 2315 ex
806 2296 860 2316 uno
877 2288 903 2315 in
918 2288 1000 2314 alium

224 2335 312 2361 locum
328 2334 502 2362 transcendit.
517 2334 658 2369 Reliquum
675 2335 755 2369 igitur
766 2338 818 2366 est,
832 2338 859 2360 ut
873 2341 920 2368 per
932 2334 1003 2360 hanc

223 2380 400 2416 legationem,
417 2387 464 2408 seu
485 2380 642 2408 missionem
663 2379 731 2407 nihil
748 2379 819 2407 aliud
835 2379 1001 2414 cogitemus,

223 2427 277 2454 nisi
294 2426 486 2455 humanitatem
502 2430 667 2461 assumptam
681 2425 805 2453 indicari.

1047 1599 1076 1626 δὲ
1099 1599 1145 1626 ἐπὶ
1159 1599 1204 1626 τὸν
1223 1599 1408 1626 ἀποσταλέντα
1430 1599 1557 1626 Ίωνάθαν
1573 1599 1589 1634 ἡ
1604 1599 1651 1625 τοῦ
1673 1598 1834 1633 πέμψαντος

1047 1643 1205 1678 δυσκληρία.
1227 1643 1297 1670 Ἀλλ’
1314 1644 1362 1679 οὐχ
1377 1643 1447 1670 οὕτω
1461 1643 1538 1670 ταῦτ’
1555 1643 1622 1679 ἔχει.
1640 1644 1693 1670 Καὶ
1704 1643 1730 1669 τε
1743 1644 1788 1670 δξῖ
1802 1643 1835 1670 τὰ

1048 1689 1207 1724 ἀνθρώπινα
1233 1690 1341 1724 λέγεινς
1360 1691 1530 1726 Εὑρίσκομεν
1552 1691 1606 1725 γὰρ
1628 1690 1692 1716 Θεὸν
1712 1690 1834 1716 ἀποστα-

1047 1736 1138 1768 λέντα,
1166 1736 1213 1762 καὶ
1239 1737 1382 1771 ἄνθρωπον
1407 1737 1616 1764 ἀποστείλαντα.
1650 1736 1678 1762 '0
1711 1735 1767 1770 γὰρ
1797 1737 1834 1770 τῷ

1053 1779 1148 1806 Ἰακὼϐ
1161 1780 1352 1814 συμπαλαίσας
1363 1781 1457 1815 φησιν,
1473 1780 1668 1808 Ἀπόστειλόν
1674 1787 1712 1814 με
1721 1785 1728 1792 ·
1740 1779 1834 1812 ἀνέϐη

1048 1826 1103 1860 γὰρ
1117 1826 1132 1851 ὁ
1150 1824 1263 1859 ὄρθρος.
1286 1825 1356 1860 Πρὸς
1375 1825 1405 1852 ὃν
1423 1825 1473 1860 ἔφη
1497 1826 1511 1852 6
1539 1825 1644 1857 Ἰακὼϐ,
1667 1826 1708 1853 Οὐ
1727 1825 1772 1860 μή
1800 1833 1836 1852 σε

1049 1872 1229 1904 ἀποστείλω,
1245 1872 1298 1899 ἐὰν
1311 1871 1404 1906 μή”με
1417 1870 1599 1906 εὐλογήσῃς.
1617 1870 1651 1897 Τί
1665 1871 1733 1906 πρδς
1748 1872 1836 1898 ταῦτα

1049 1919 1140 1953 λέγειν
1165 1919 1273 1953 ἔχουσιν
1299 1919 1323 1945 oi
1347 1919 1424 1953 σοφοὶ
1446 1918 1494 1953 τῆς
1520 1918 1638 1950 πίστεως
1661 1917 1833 1953 τεχνολόγοι;

1052 1966 1157 1998 Ἀλλως
1174 1965 1381 2000 δὲιεὺρισκομεν
1396 1965 1427 1991 ὲκ
1448 1963 1502 1990 τῶν
1517 1964 1684 1991 δεσποτικῶν
1703 1964 1836 2000 ῥημάτων

1051 2011 1099 2038 καὶ
1115 2010 1196 2037 αὐτὸν
1209 2010 1255 2037 τὸν
1272 2009 1418 2044 πέμψαντα
1433 2009 1542 2044 Πατέρα
1555 2009 1594 2044 τῷ
1609 2009 1762 2044 πεμφθέντι
1779 2008 1835 2042 Tit?»

1053 2056 1175 2083 συνόντα.
1199 2050 1298 2088 Μόνος
1308 2055 1372 2090 γὰρ,
1390 2055 1482 2090 φησὶν,
1506 2055 1562 2082 οὐκ
1585 2055 1654 2089 ειμι,
1674 2055 1745 2081 ἀλλ’
1768 2054 1834 2088 ἐγὼ.

1054 2103 1102 2130 καὶ
1119 2104 1134 2130 ό
1149 2102 1271 2137 πέμψας
1282 2110 1321 2136 με
1335 2101 1447 2136 Πατήρ.
1460 2101 1514 2128 Καὶ
1528 2100 1655 2136 ἀλλαχοῦ,
1665 2101 1727 2127 Οὐκ
1738 2101 1836 2134 ἀφῆκέ

1053 2156 1089 2182 με
1103 2147 1199 2182 μόνον
1210 2149 1227 2174 ὁ
1241 2146 1341 2181 Πατήρ
1355 2155 1424 2181 μου.
1442 2145 1496 2172 Καὶ
1521 2145 1662 2181 ἑτέρωθεν,
1687 2144 1716 2171 '0
1735 2146 1834 2178 Πατήρ

1054 2201 1112 2226 μου
1132 2193 1148 2219 ό
1165 2192 1200 2218 ἐν
1217 2191 1280 2226 ἐμοὶ
1299 2191 1409 2226 μένων,
1431 2190 1523 2223 αὐτὸς
1540 2189 1620 2218 ποιεῖ
1639 2189 1674 2216 τὰ
1697 2190 1783 2224 ἔργα.
1811 2190 1837 2216 Εἰ

1054 2240 1143 2266 τοίνυν
1156 2240 1184 2265 ὲν
1207 2238 1281 2273 αὐτῷ
1300 2238 1347 2265 καὶ
1361 2239 1409 2265 σὺν
1424 2236 1498 2272 αὐτῷ
1513 2234 1546 2272 ἦν
1562 2235 1576 2262 6
1590 2235 1713 2271 πέμψας,
1729 2236 1782 2262 ποῦ
1793 2236 1837 2262 τοῦ

1055 2285 1226 2321 πεμφθέντος
1238 2286 1255 2320 ἡ
1268 2284 1405 2317 εὑτέλεια;
1421 2283 1451 2310 '0
1464 2283 1492 2310 δὲ
1512 2283 1546 2310 τά
1557 2281 1645 2310 πάντα
1654 2283 1770 2317 πληρῶν
1790 2281 1838 2308 ποῦ

1057 2331 1104 2358 καὶ
1112 2330 1193 2357 πόθεν
1202 2330 1342 2364 ἀπεστάλη
1350 2337 1358 2362 ;
1370 2328 1404 2355 'Il
1412 2329 1466 2364 γὰρ
1479 2327 1614 2363 ἀποστολὴ
1621 2328 1712 2354 τόπων
1720 2327 1840 2362 ἀλλαγὴν

1057 2377 1216 2404 αἰνίττεται.
1228 2377 1259 2402 Ei
1271 2376 1298 2402 δὲ
1311 2377 1345 2403 τὰ
1359 2375 1447 2402 πάντα
1457 2375 1551 2411 Πατὴρ
1572 2375 1618 2402 καὶ
1629 2375 1692 2406 Υίὸς
1708 2375 1838 2410 περιέχει,

1056 2423 1118 2450 οὔτε
1134 2424 1148 2450 6
1165 2421 1260 2457 Πατὴρ
1269 2422 1306 2454 ὡς
1317 2421 1411 2457 πόῤῥω
1423 2421 1565 2456 τυγχάνων
1575 2420 1697 2451 ἐκείνων,
1710 2420 1781 2456 πρὸς
1798 2419 1839 2450 οὓς

223 2472 391 2506 ἀπέστειλεν,
407 2471 512 2507 ἔπεμψε
526 2472 572 2499 τὸν
587 2472 664 2505 Υίδν,
680 2471 742 2498 οὕτε
756 2472 770 2498 6
787 2471 849 2503 Υἱὸς
862 2472 891 2506 ἐξ
905 2472 1000 2508 ἑτέρου
1024 2471 1064 2503 τίς
1090 2470 1183 2506 ἕτερον
1207 2468 1375 2505 μεταϐέϐηκε
1404 2469 1494 2495 τόπον.
1512 2468 1617 2496 Οὐκοῦν
1631 2467 1757 2495 λείπεται
1773 2467 1839 2494 νοεῖν

223 2522 272 2556 τῆς
287 2519 485 2555 ἀναληφθείσης
496 2519 705 2556 ἀνθρωπότητος
723 2520 773 2555 τὴν
791 2520 942 2556 ἀποστολὴν
956 2517 1038 2548 εἶναι.

487 2578 614 2614 Ejusdem
628 2583 652 2606 et
664 2579 718 2606 Ita'c

264 2625 352 2658 Pater,
378 2625 447 2652 venit
470 2625 545 2656 hora,
562 2624 677 2658 clari/ica
700 2624 800 2652 Filium
829 2630 913 2660 tuum,
943 2631 1008 2654 utet

228 2671 314 2698 Filius
340 2675 400 2698 tutu
430 2669 557 2704 clariﬁcet
586 2670 646 2697 ιε’.
675 2670 697 2698 Ο
727 2671 890 2707 singularem
929 2676 1009 2707 atque

228 2717 410 2745 incredibilem
441 2717 628 2744 haereticorum
645 2716 817 2744 stoliditatem
833 2718 840 2744 !
858 2717 951 2752 Major,
970 2720 1009 2745 in-

227 2764 333 2800 quiunt,
349 2767 391 2791 cst
404 2763 450 2798 qui
466 2762 551 2798 gloria
566 2761 655 2795 adicit,
671 2770 751 2796 quam
767 2762 810 2791 ille
837 2764 882 2798 qui
897 2763 1010 2791 afﬁcitur

230 2812 324 2847 gloria.
339 2811 419 2839 Pater
434 2812 525 2837 autem
542 2808 634 2842 allicit,
665 2808 750 2837 Filius
768 2809 891 2842 adicitur,
926 2811 1011 2845 major

266 2878 275 2893 ¹
285 2878 352 2906 Gen.
365 2886 448 2912 xxxii,
461 2878 504 2912 26,
516 2878 561 2906 27.
599 2877 694 2906 'Joan.
705 2884 762 2911 vtu,
777 2878 818 2906 l6.
858 2879 867 2894 ³
878 2878 941 2906 ibid.
955 2879 998 2906 29.

1362 2579 1414 2606 Καὶ
1443 2578 1541 2604 τοῦτο.

1092 2626 1198 2660 Πάτερ,
1206 2623 1463 2660 ὲλήλυθενὴὥρα,
1472 2623 1607 2655 δόξασόν
1620 2629 1679 2650 σου
1694 2623 1750 2649 τὸν
1765 2622 1838 2653 Υιὸν,

1057 2673 1108 2700 ἵνα
1118 2673 1166 2700 καὶ
1176 2673 1192 2699 ό
1202 2672 1266 2705 Υἱός
1276 2679 1335 2698 σου
1342 2668 1508 2703 ϐοξάσῃσε.
1523 2669 1555 2695 Ὢ
1565 2668 1613 2703 τῆς
1623 2667 1839 2703 ὑπερϐαλλούσης

1058 2718 1112 2745 τῶν
1121 2716 1268 2752 αῐρετικῶν
1276 2715 1437 2751 ἀϐελτηρίας
1447 2716 1453 2742 !
1465 2714 1582 2747 Μείζων,
1596 2714 1688 2749 φησὶν,
1697 2714 1712 2740 6
1725 2713 1839 2747 δοξάζων

1059 2763 1106 2790 τοῦ
1114 2762 1305 2797 δοξαζομένου,
1320 2762 1367 2788 καὶ
1377 2761 1483 2794 δοξάζει
1498 2760 1548 2794 μὲν
1557 2761 1571 2786 6
1580 2759 1684 2795 Πατὴρ,
1702 2759 1837 2793 δοξάζεται

1059 2810 1087 2837 δὲ
1099 2810 1114 2835 6
1128 2809 1203 2839 Υἱός.
1212 2808 1321 2840 Μειξων
1329 2807 1375 2834 οὖν
1384 2808 1436 2843 ἄρα
1454 2806 1500 2833 τοῦ
1517 2807 1582 2834 Υῑοῦ
1595 2807 1610 2834 6
1624 2807 1732 2842 Πατήρ.
1744 2807 1776 2833 Ei
1792 2804 1838 2831 τοί-

1038 2877 1131 2906 ‘Joan.
1146 2885 1200 2910 xlv,
1214 2877 1254 2904 to.
1293 2877 1303 2892 ⁵
1319 2876 1466 2904 Joau.xvn.
1488 2876 1510 2903 l.
