1891 3076
63 138 122 169 657

552 140 738 170 PANOPLIA
763 143 987 174 DUbMA'J'ICA.
1010 157 1041 162 —
1060 145 1136 176 Tl'l‘.
1156 146 1210 176 Χῐ.

1641 148 1700 176 ίῖῗιῗῒ

63 204 118 222 νυν
133 197 148 222 ὁ
163 195 228 226 Υἱὸς
241 194 290 221 οὐκ
308 195 437 231 ἐδοξάσθη
451 195 541 230 μόνον,
555 196 623 222 ἀλλὰ
636 196 683 223 καὶ
691 196 800 230 ὲδόξασε
814 197 850 224 eo

923 200 991 233 gitur
1010 201 1076 229 Filio
1090 201 1178 230 Pater.
1194 202 1222 230 Si
1236 203 1319 230 Filius
1349 212 1400 230 nou
1417 203 1501 230 solum
1515 203 1629 230 nﬂ'cttus
1654 211 1694 230 t‘sl

63 242 236 274 δοξὰσιντα,
253 242 344 273 έποῐαν
370 242 448 276 σχοίη
473 241 564 277 χώραν
578 242 607 268 τὺ
624 241 727 276 μεῖζον,
757 243 804 268 καὶ
827 242 858 268 τὸ

65 289 78 313 ἕ
89 296 199 320 ἰττονς
214 287 245 314 Εἰ
261 287 288 314 δὲ
300 288 354 323 ἄρα
368 289 439 315 κατὰ
451 288 499 323 τὴν
513 289 566 314 τῶν
581 287 733 324 είρημένων
748 287 858 314 ἀκολου-

67 336 132 361 θία-ι
152 335 221 369 πρὸς
237 334 287 361 τὸν
299 335 451 367 δοξάσαντα
467 334 625 367 μεταϐαίνει
638 335 667 360 τὸ
683 333 775 369 μεῖζον
786 355 794 367 ,
813 334 857 360 εὖ·

67 381 219 415 ρεθήσεται
233 380 351 407 ἐλάττων
368 380 417 416 μὲν
434 381 448 406 ὁ
465 380 540 411 Υἱὸς,
554 380 635 414 ἡνίκα
654 380 686 406 ἃν
701 379 856 415 δοξάζηται,

68 427 176 461 μείζων
195 426 235 458 δὲ,
263 426 343 462 ἡνίκα
359 426 391 453 ἂν
405 426 515 462 δοξάζῃ.
535 426 613 452 Ἀλλὰ
626 426 656 452 τδ
668 426 753 453 ταῦτα
766 425 856 460 λέγειν

68 464 268 508 πτραπληξίας
291 473 338 500 καὶ
358 472 457 506 μανίας
485 471 611 506 ἐσχάτης.
628 471 665 498 Οὐ
679 472 734 505 γὰρ
748 471 778 497 τὸ
795 471 856 505 μεῖ-

67 518 116 548 ζον
133 519 180 545 καὶ
195 519 224 545 τὸ
239 518 350 544 ἔλαττον
364 517 500 549 ἐντεῦθεν,
512 517 542 543 τὸ
563 517 591 543 δὲ
609 517 664 543 [σον
681 516 785 551 Πατρδς
810 515 856 542 καὶ

68 564 136 590 Υῖοῦ
161 564 352 599 διδασκόμεθα.
378 564 526 598 Ἀκούομεν
541 565 597 599 γὰρ
612 564 648 594 ὡς
666 563 713 590 καὶ
732 564 746 589 ὁ
762 563 855 597 Πατὴρ

65 611 174 643 ίοξάζει
189 611 234 637 τὸν
250 611 322 643 Υίὺν,
335 610 382 637 καὶ
399 610 537 643 δοξάζεται
549 609 600 636 ὑπὸ
614 608 662 635 τοῦ
674 608 740 634 Υἱοῦ
753 617 760 624 ί
780 607 828 635 καὶ
842 608 856 634 ὁ

67 657 132 686 TLL;
144 657 287 688 δοξάζεται
302 656 354 682 ὑπὸ
370 657 416 682 τοῦ
433 655 548 690 Πατρὺς,
562 655 609 681 καὶ
623 653 730 687 δοξάζει
741 654 785 680 τὸν
800 654 856 680 Πα-

66 704 146 736 τέρα.
168 703 230 730 Ὀτι
252 703 279 729 δὲ
295 702 470 736 δοξαζόμενος
485 701 534 736 οὐχ
555 700 569 727 ὁ
596 702 633 736 μὴ
650 699 724 735 εἶχεν
749 699 854 731 ἐλαϐεν,

66 748 125 774 ἀλλ’
150 748 165 774 ὃ
189 746 272 784 εἶχεν,
288 749 316 774 ὲν
341 748 414 783 αὑτῷ
440 748 479 782 τῷ
503 748 594 783 χωρίῳ
613 746 693 774 τοῦτο
720 746 853 772 διδάσκει.

67 795 208 826 Δύξασόν
225 803 264 829 με
278 794 342 830 γὰρ,
359 795 433 828 φησι.
451 793 556 828 Πάτερ,
579 793 658 828 παρὰ
679 791 798 824 σεαυτῷ
817 791 855 825 τῇ

66 841 156 874 (δόξῃ,
170 839 189 876 ᾗ
208 839 302 875 εἶχον,
324 840 381 874 πρὸ
396 840 449 867 τοῦ
462 841 516 866 τὸν
536 841 653 874 κόσμον
665 837 754 870 εἶναι,
772 839 853 871 παρὰ

911 246 1007 279 gloria,
1036 247 1083 274 sed
1111 248 1169 282 ipse
1187 249 1305 276 vicissim
1337 249 1422 284 gloria
1454 249 1562 276 Patrem
1593 248 1693 279 aﬂ‘ccil,

911 292 1046 325 quomodo
1060 301 1129 322 unus
1142 295 1226 322 altero
1238 295 1323 330 major
1352 295 1405 322 dici
1425 293 1609 329 potest?Nam
1624 295 1646 322 si
1662 302 1693 321 ετ

909 336 1020 365 istorum
1053 340 1187 367 sententia
1210 342 1343 375 sequitur,
1371 340 1462 375 utqui
1491 340 1574 375 gloria
1602 340 1693 371 allicit,

909 382 994 415 maior
1005 383 1051 416 sit,
1066 385 1154 413 minor
1167 386 1275 421 quidem
1304 391 1346 414 est
1375 386 1470 419 Filius,
1494 386 1557 413 dum
1580 385 1694 413 al'licitur

907 427 1002 461 gloria,
1016 429 1102 464 major
1115 432 1282 464 autemglum
1295 431 1403 459 Patrem
1419 431 1510 460 allicit.
1527 431 1624 466 Verum
1637 431 1695 458 hzec

908 473 997 501 dicere
1016 475 1113 502 summi
1132 476 1250 509 stuporis
1275 482 1355 512 atque
1378 477 1519 505 dementia:
1531 481 1583 504 est.
1600 475 1638 503 Ex
1652 475 1694 503 his

907 517 977 544 enim
997 520 1085 546 verbis
1101 528 1151 547 nou
1171 521 1276 549 Patrem
1298 521 1367 550 Filio
1380 522 1508 556 majorem
1521 530 1582 550 esse
1611 523 1694 551 disci—

907 569 977 595 mus,
994 567 1039 589 aut
1054 568 1158 598 contra,
1178 566 1224 593 sed
1240 566 1326 594 Patris
1340 571 1367 594 et
1380 567 1440 594 Filii
1454 567 1635 602 aequalitatem
1653 568 1694 596 in-

907 607 1059 642 telligimus.
1079 609 1143 636 Nam
1159 615 1188 638 ut
1202 611 1279 639 Pater
1305 612 1389 647 gloria
1405 618 1432 640 et
1445 612 1524 640 allicit
1541 613 1649 645 Filium.
1666 618 1694 642 ct

906 652 1021 680 allicitur
1040 662 1053 680 ιι
1075 654 1153 688 Filio,
1184 656 1225 684 sic
1241 656 1325 684 Filius
1349 657 1433 693 gloria
1461 663 1518 685 tum
1547 657 1691 685 :tllicitura

906 697 995 732 Patre,
1007 703 1062 726 tum
1077 700 1184 729 Patrem
1201 702 1292 730 allicit.
1307 702 1383 736 Quod
1398 709 1486 731 autem
1499 703 1561 735 dum
1577 704 1692 731 allicitur

905 743 1000 778 gloria,
1017 745 1083 772 nihil
1099 746 1222 781 accipiat.
1236 749 1306 782 quod
1322 753 1400 776 antea
1415 756 1468 776 non
1477 749 1692 780 haberet.docet

907 789 958 816 hoc
975 789 1032 818 loco
1046 798 1052 817 :
1068 791 1193 823 Clariﬁca
1211 801 1261 825 me,
1278 793 1414 828 inquiens,
1433 795 1524 827 Pater,
1550 803 1581 822 ea
1596 795 1691 830 gloria.

905 843 984 869 quam
994 835 1085 869 habui,
1102 842 1238 873 antequam
1255 841 1367 867 mundus
1385 841 1468 874 ﬁeret,
1497 841 1567 875 apud
1582 847 1605 868 te
1616 842 1636 868 ¹.
1663 840 1692 868 Si

66 887 128 913 σοι.
147 888 178 913 El
195 887 222 913 δὲ
240 888 290 921 πρὸ
302 885 349 912 τοῦ
368 886 413 912 τὸν
426 887 529 920 κόσμον
542 886 668 919 γενέσθαι
682 885 784 920 ταύτην
797 883 850 920 εἶχε

924 885 994 909 ulem
1004 887 1148 918 antequam
1159 885 1274 913 mundus
1290 886 1376 920 lierct,
1386 887 1455 914 hanc
1466 886 1578 922 gloriam
1586 887 1691 920 habuit,

67 935 117 966 τὴν
126 932 218 964 δὸξαν,
229 932 287 963 πῶς
303 932 373 966 αἰτεῖ
388 931 481 970 λαϐεῖν
497 931 510 957 ὃ
526 930 581 965 ἔχει
597 930 660 963 ἄεις

379 976 432 1003 Καί
448 976 546 1003 τοῦτο.

105 1022 172 1049 Εἶτα
187 1022 303 1055 δεικνὺς,
317 1022 354 1054 ὡς
368 1023 397 1049 οὐ
412 1022 553 1054 δοξάζεται
572 1022 661 1055 μόνον,
678 1019 745 1046 ἀλλὰ
756 1019 804 1046 καὶ
814 1019 854 1045 δο-

69 1069 147 1100 Ξάζει
159 1088 167 1100 ,
182 1070 324 1105 ἐπήγαγεν
335 1089 342 1102 ,
363 1067 557 1103 Ἐφανέρωσά
569 1074 627 1093 σου
639 1066 671 1092 τὸ
685 1066 778 1100 ὄνομα
793 1065 853 1097 τοῖς

66 1116 247 1150 ἀνθρώποις.
262 1116 313 1142 Καὶ
329 1115 388 1149 μετ’
402 1115 493 1148 ὀλίγον
509 1115 562 1140 τῶν
573 1113 719 1148 αἱρετικῶν
733 1111 855 1147 ἐμφράτ-

67 1171 122 1187 των
135 1162 170 1188 τὰ
187 1162 319 1197 στόματα.
338 1163 376 1188 Τὰ
389 1160 444 1195 ἐμὰ
456 1160 563 1191 πάντα,
575 1159 651 1193 φησὶ,
663 1158 705 1186 σά
716 1158 791 1189 ἐστι,
805 1156 853 1183 καὶ

67 1209 103 1233 τὰ
117 1207 159 1233 σὰ
173 1207 238 1241 ἐμὰ.
255 1208 285 1233 οὑ
300 1206 413 1241 διαιρῶν
425 1205 474 1241 τὴν
496 1205 589 1240 κοινὴν
608 1202 779 1237 δεσποτείαν,
793 1201 853 1229 οὐδὲ

66 1253 151 1288 ἕτερα
167 1252 217 1286 μὲν
232 1253 266 1279 τὰ
281 1252 355 1287 αὐτῷ
367 1252 550 1287 προσήκοντα,
567 1251 647 1287 ἕτερα
661 1250 690 1276 δὲ
704 1250 739 1276 τὰ
750 1250 787 1284 τῷ
799 1249 854 1275 Πα-

65 1300 110 1334 τρὶ
126 1299 288 1334 διαφέροντα
303 1299 386 1333 ὓεῖξαι
400 1299 570 1333 βουλόμενος,
587 1297 644 1325 ἀλλ’
656 1296 749 1331 ἐπειδὴ
763 1296 788 1322 οι
802 1295 854 1322 πᾶ-

67 1354 118 1371 σαν
134 1345 292 1380 βλάσφημον
312 1344 381 1371 κατὰ
398 1343 445 1371 τοῦ
459 1343 629 1378 Μονογενοῦς
648 1342 774 1377 ἀφιέντες
789 1350 853 1376 φω-

65 1392 115 1426 ιὴν
137 1391 218 1419 αὑτὸν
239 1391 288 1426 μὲν
313 1391 462 1424 λαμϐάνειν
480 1411 485 1422 ,
506 1390 552 1418 τὸν
571 1390 600 1415 δὲ
623 1389 732 1423 Πατέρα
754 1387 852 1414 διδόναι

68 1439 147 1474 φασὶ,
166 1438 313 1470 δείκνυσιν,
331 1439 371 1465 ὅτι
387 1438 437 1472 τὴν
456 1436 540 1471 αὐτὴν
564 1436 621 1470 ἔχει
638 1435 676 1470 τῷ
694 1435 782 1470 Πατρὶ
798 1433 852 1460 τῶν

67 1486 197 1513 ἁπάντων
211 1485 384 1512 δεσποτείαν.
403 1483 440 1510 Τὰ
454 1483 509 1518 τὰρ
522 1482 579 1517 ἐμὰ
593 1481 701 1512 πάντα,
717 1480 794 1515 φησὶ,
810 1479 852 1506 σά

65 1532 144 1563 ἐστι,
156 1529 205 1557 καί
216 1529 251 1558 τὰ
259 1529 299 1557 σὰ
307 1530 373 1564 ἐμὰ,
382 1529 414 1556 οὐ
421 1529 612 1564 τὴνδιαίρεσιν
624 1525 849 1562 τῆςδεσποτείας,

66 1577 135 1604 ἀλλὰ
153 1577 183 1604 τὺ
202 1576 289 1603 κοινὸν
304 1577 353 1612 τῆς
368 1575 492 1609 ἐξουσίας
509 1574 655 1602 παιδεύων.

68 1635 125 1661 Τοῦ
133 1634 227 1662 αὐτοῦ
239 1634 273 1660 ἐκ
282 1634 335 1661 τοῦ
345 1637 367 1660 ε’
378 1633 543 1668 κεφαλαίου
558 1632 612 1660 τοῦ
623 1631 648 1659 α’
662 1631 785 1663 ,βιϐλίου
798 1630 851 1658 τοῦ

377 1669 549 1703 Θησαυροῦ.

104 1715 142 1743 Οὒ
165 1716 272 1746 πάντως
286 1715 316 1742 τδ
334 1715 438 1742 τίκτειν
458 1715 581 1750 πεφυκὸς
595 1715 626 1742 ἑκ
639 1714 685 1742 τοῦ
701 1714 739 1750 μὴ
748 1714 851 1742 τίκτειν

66 1763 107 1793 εἰς
127 1761 206 1788 τοῦτο
224 1761 348 1796 πρόεισιν
361 1768 369 1776 ·
399 1761 460 1788 οὐδὲ
477 1760 572 1796 ἐπειδὴ
598 1761 701 1787 τίκτειν
717 1758 784 1792 οἵδε,
803 1759 851 1786 καὶ

67 1807 247 1834 καταπαύειν.
266 1807 322 1834 Καὶ
340 1806 405 1840 γοῦν
417 1807 498 1842 γεννᾷ
513 1806 562 1842 μὲν
580 1806 610 1839 ἐξ
635 1805 734 1833 ἑαυτοῦ
749 1805 779 1832 τὸ
794 1805 850 1840 πῦρ

67 1855 116 1887 τήν
137 1862 167 1880 τε
187 1853 259 1880 κατὰ
272 1852 353 1887 φύσιν
364 1852 518 1888 προσοῦσαν
536 1852 612 1888 αὐτῷ
624 1852 790 1887 Θερμότητα,
801 1851 849 1877 καὶ

68 1901 114 1926 τὸν
134 1901 284 1934 φωτισμδν,
301 1899 361 1926 οὔτε
386 1900 414 1926 δὲ
430 1901 462 1926 ὲκ
477 1899 523 1927 τοῦ
541 1901 578 1935 μὴ
599 1897 668 1926 εἶναι
694 1898 795 1934 θερμὸν
809 1898 851 1929 είς

66 1946 147 1972 vita
178 1945 325 1980 προῆλθεν,
351 1945 413 1972 οὕτε
432 1945 569 1972 παύσεται
592 1945 690 1979 γεννᾷν
720 1943 751 1970 τὸ
777 1943 850 1970 κατά

65 1991 147 2025 φύσιν
162 1991 237 2026 αὐτῷ
254 1991 363 2026 προσὸν,
378 1991 437 2017 ἀλλ’
456 1992 515 2026 ἅμα
525 1991 619 2025 γέγονε
636 1991 702 2026 πῦρ,
714 1991 760 2017 καὶ
773 1988 807 2025 ἦν
822 1991 851 2016 ὲν

63 2037 140 2072 αὑτῷ
153 2038 187 2064 τὰ
198 2038 292 2065 αὐτοῦ.
310 2038 341 2065 Εί
355 2038 445 2065 τοίνυν
465 2038 511 2065 καὶ
524 2038 569 2064 ἐπὶ
582 2037 636 2064 τῶν
657 2036 850 2071 πεποιημένων

64 2083 143 2118 παρὰ
172 2083 239 2110 Θεοῦ
264 2083 386 2115 τοιοῦτος
415 2083 540 2118 φαίνεται
565 2083 722 2118 γεννήσεως
737 2082 848 2117 τρόπος,

65 2129 126 2161 πῶς
146 2129 196 2156 οὐκ
212 2130 309 2162 ἀσεϐὲς
339 2129 377 2165 μὴ
390 2130 424 2157 τὰ
444 2129 530 2165 μείζω
556 2129 733 2164 παραχωρεῖν
763 2126 849 2162 αὐτῷ,

63 2178 118 2204 κᾶν
133 2176 171 2211 μὴ
186 2176 274 2212 φθάνῃ
289 2176 357 2211 πρὸς
368 2176 519 2211 κατάληψιν
551 2176 600 2209 τῆς
616 2174 737 2210 μεγάλης
763 2173 849 2201 αὐτοῦ

63 2220 175 2257 (ﬁdum;
188 2221 202 2247 ὀ
217 2221 386 2256 ἀνθρώπινος
403 2221 486 2253 νοῦς;

369 2267 423 2293 Καὶ
438 2266 537 2294 τοῦτο.

101 2313 135 2341 Εἰ
150 2314 189 2349 μὴ
206 2314 289 2348 συνῆν
314 2314 328 2340 ό
353 2313 416 2345 Υἱὸς
429 2313 469 2348 τῷ
488 2313 576 2349 ΠαιιτρῖΙ
601 2314 632 2347 ἐξ
660 2313 743 2340 αὐτοῦ
759 2322 788 2340 τε
811 2312 851 2339 ὢν

61 2361 136 2388 κατὰ
155 2362 244 2396 φύσιν,
265 2361 311 2387 καὶ
327 2361 462 2392 συναῖδιος
474 2360 523 2394 ὣν,
541 2360 699 2396 συμϐέϐηκε
729 2359 758 2387 δὲ
775 2359 851 2395 αὐτῷ

60 2408 95 2434 τὺ
108 2404 190 2438 εἶναι,
199 2407 297 2442 συνέϐη
313 2406 434 2442 δηλονότι
449 2407 496 2433 καὶ
510 2406 549 2441 τῷ
561 2406 667 2433 τεκόντι
678 2406 708 2433 τὸ
720 2405 850 2441 γενέσθαι

62 2454 186 2488 Πατέρα,
198 2453 246 2479 καὶ
258 2452 393 2487 μεταϐολή
410 2461 452 2483 τις
463 2452 526 2487 περὶ
543 2451 625 2479 αὐτὸν
641 2452 688 2479 καὶ
709 2451 851 2484 ἀλλοίωσις

61 2500 192 2534 φαίνεται
206 2499 363 2533 γενόμενος.
375 2499 406 2525 El
415 2498 468 2533 γὰρ
483 2498 532 2525 οὒκ
545 2495 591 2534 ἦν,
603 2497 666 2525 καθ’
678 2498 761 2532 ὑμᾶς,
771 2497 850 2524 τοῦτο

61 2547 176 2580 γέγονεν
188 2544 310 2580 ὕστερον.
328 2545 439 2580 Τροπῆς
454 2543 482 2571 δὲ
505 2544 596 2578 πάσης
611 2543 659 2570 καὶ
680 2543 849 2575 ἀλλοιώσεως

61 2591 238 2623 ἁνεπίδεκτος
250 2592 267 2626 ἠ
284 2591 342 2617 θεία
358 2590 448 2625 φύσις.
463 2590 520 2617 Οὐκ
536 2590 591 2625 ἄρα
607 2590 705 2624 συνέϐη
731 2590 770 2625 τῷ
790 2589 849 2624 Θεῷ

59 2639 93 2665 τὸ
106 2637 236 2672 γενέσθαι
252 2637 374 2672 Πατέρα,
392 2636 451 2664 ἀλλ’
465 2633 500 2671 ἦν
524 2635 599 2671 αὒτῷ
627 2635 767 2667 συναϊδιος
787 2636 801 2662 ὁ
818 2635 849 2668 ἐξ

59 2683 147 2710 αὐτοῦ
165 2683 304 2718 προελθὼν
316 2683 413 2717 Λόγος,
426 2683 551 2718 καθάπερ
563 2683 579 2717 ὴ
589 2682 724 2718 θερμότης
742 2682 771 2708 ὲν
780 2682 850 2717 πυρὶ

59 2729 230 2764 γεννητικῶς
238 2729 268 2762 ἐξ
276 2729 358 2756 αὑτοῦ
368 2728 501 2764 προϊοῦσα
509 2729 557 2755 καὶ
565 2729 608 2756 ἀεὶ
619 2728 847 2764 συνυπάρχουσιν.

370 2776 424 2803 Καὶ
439 2775 539 2803 τοῦτο.

95 2822 129 2848 Et
143 2821 255 2856 τέλειος,
267 2821 360 2858 φησὶν,
375 2822 451 2848 ἐστὶν
466 2823 479 2848 ὸ
491 2821 584 2858 Πατὴρ
601 2822 630 2849 ἐν
648 2822 682 2858 τῇ
699 2821 751 2857 ίδίᾳ
767 2830 850 2858 μεγαι

95 2878 103 2894 ¹
123 2877 202 2906 Joan.
215 2886 282 2913 xvu,
296 2879 323 2906 5.
360 2878 370 2894 ¹
389 2877 457 2906 Ibid.
473 2878 499 2906 6.

907 929 1042 962 quomodo
1060 931 1127 965 petit
1141 935 1170 958 ut
1185 931 1300 966 accipiat
1317 933 1386 967 quod
1402 939 1509 968 scmper
1526 932 1644 960 habuit?-

1171 975 1296 1010 Ejusdem
1310 982 1334 1003 et
1354 978 1419 1004 luet.

942 1020 1041 1048 Deinde
1060 1030 1089 1049 se
1104 1030 1156 1050 non
1173 1023 1259 1050 solum
1275 1024 1358 1058 gloria
1375 1024 1443 1051 allici
1470 1024 1621 1056 declarans,
1643 1026 1696 1051 scd-

905 1064 986 1091 etiam
1005 1066 1111 1094 Patrem
1138 1067 1255 1100 allicere,
1280 1068 1474 1102 Manisfeuavi,
1490 1069 1587 1104 inquit,
1598 1077 1694 1096 nomen

905 1117 978 1138 (imm
1011 1113 1188 1140 Itominibus‘.
1222 1114 1254 1141 Et
1281 1114 1360 1148 paulo
1387 1119 1447 1148 post
1477 1123 1524 1142 ora
1549 1116 1693 1144 obstruens

906 1158 1104 1192 ltmreticorum,
1123 1159 1218 1187 Omnia
1234 1169 1299 1193 mea,
1319 1161 1416 1195 inquit,
1444 1166 1490 1188 tua
1519 1167 1590 1195 sunt.
1605 1168 1631 1190 et
1647 1169 1693 1191 tua

905 1211 971 1231 mea.
991 1203 1169 1233 Communem
1183 1213 1235 1234 non
1253 1205 1347 1234 dividit
1358 1207 1547 1243 principatum,
1575 1215 1626 1236 nec
1639 1208 1691 1236 alia

905 1250 975 1277 Patri
988 1251 1052 1278 dicit
1067 1253 1220 1280 convenire.
1239 1253 1291 1281 Sed
1309 1254 1435 1288 quoniam
1456 1254 1499 1281 isti
1515 1254 1691 1284 contumeliis

904 1297 1077 1324 exsecraudis
1108 1297 1281 1332 Unigenitum
1309 1298 1456 1326 allicientes
1480 1299 1574 1326 dicunt
1600 1300 1694 1334 ipsum

904 1341 1011 1376 quidem
1025 1343 1159 1376 accipere,
1179 1342 1285 1370 Patrem
1306 1348 1394 1371 autem
1421 1344 1496 1374 dare.
1523 1345 1693 1372 demonstrat

904 1395 933 1415 se
944 1397 994 1415 una
1006 1396 1065 1416 cum
1078 1388 1156 1417 Patre
1166 1397 1253 1416 rerum
1267 1389 1385 1416 omnium
1398 1389 1538 1424 itnperium
1552 1391 1685 1417 oblinere:

904 1433 993 1461 Omnia
1010 1443 1076 1467 mea,
1099 1436 1234 1470 inquiens,
1246 1439 1293 1462 tua
1309 1439 1379 1466 sunt,
1394 1439 1419 1462 et
1434 1439 1481 1461 tua
1509 1442 1575 1461 nica.
1588 1434 1691 1467 Quibus

903 1481 992 1508 verbis
1007 1489 1058 1508 non
1074 1489 1186 1516 regnum
1201 1482 1326 1515 divisum,
1341 1481 1387 1509 sed
1408 1488 1577 1508 communem
1607 1480 1690 1516 signi-

904 1528 965 1555 licat
979 1532 1149 1562 potestatem.

1007 1628 1171 1662 Ejusdemex
1187 1628 1315 1656 Thesauri
1325 1638 1382 1664 cap.
1392 1629 1409 1657 6
1423 1630 1482 1657 libri
1495 1631 1581 1665 primi.

936 1707 1012 1741 Quod
1024 1710 1143 1744 pariendi
1160 1715 1283 1738 naturam
1299 1711 1390 1743 habet,
1405 1718 1458 1738 non
1487 1715 1626 1739 assecutus
1636 1716 1689 1744 est,

902 1761 964 1781 cum
980 1755 1125 1790 aliquando
1141 1765 1193 1784 non
1208 1758 1330 1791 haberet,
1353 1766 1404 1786 nec
1430 1757 1502 1785 illam
1533 1759 1648 1792 amittet,
1663 1763 1690 1786 et

903 1801 1007 1829 desinet
1021 1809 1127 1837 parere.
1142 1803 1213 1838 lguis
1240 1805 1349 1839 quidem
1380 1811 1477 1833 natura
1501 1806 1553 1835 sibi
1581 1805 1689 1832 insitam

902 1847 986 1883 gignit
1000 1848 1165 1877 calidilatem
1191 1855 1271 1885 atque
1287 1851 1468 1886 splendorem,
1489 1859 1577 1887 neque
1589 1858 1620 1878 ex
1636 1859 1689 1879 non

902 1895 989 1923 calido
1004 1896 1110 1924 calidus
1122 1896 1248 1929 ellicitur,
1265 1904 1351 1932 neque
1372 1902 1462 1926 cessat
1482 1898 1602 1932 gignere,
1629 1905 1690 1932 qua:

902 1941 1065 1969 naturaliter
1089 1942 1173 1977 ipsius
1188 1947 1251 1970 sunt
1280 1943 1396 1978 propria.
1426 1944 1478 1971 Sed
1503 1942 1583 1973 simul
1609 1947 1690 1979 atque

901 1987 973 2022 ignis
989 1991 1041 2020 est,
1055 1992 1082 2015 et
1103 1995 1135 2015 ea
1150 1995 1211 2015 cum
1243 1989 1302 2023 ipso
1324 1993 1398 2016 sunt.
1424 1989 1500 2023 Quod
1515 1991 1538 2017 si
1558 1991 1584 2017 in
1610 1990 1690 2017 rebus

902 2035 1051 2070 procreatis
1072 2042 1087 2062 a
1101 2034 1155 2063 Deo
1181 2035 1241 2063 talis
1269 2036 1430 2071 perspicitur
1458 2037 1591 2072 gignendi
1608 2037 1688 2068 ratio,

903 2087 992 2108 nonne
1018 2080 1130 2115 impium
1150 2085 1193 2107 est
1225 2088 1277 2107 non
1305 2081 1353 2116 ipsi
1378 2081 1433 2108 Deo
1453 2082 1578 2109 omnibus
1609 2081 1691 2116 parti-

902 2126 954 2154 bus
969 2126 1072 2161 majora
1093 2125 1232 2154 tribuere?

1164 2268 1290 2302 Ejusdem
1304 2272 1328 2295 et
1342 2268 1406 2295 luta.

937 2314 964 2342 Si
979 2314 1063 2342 Filius
1077 2322 1110 2342 ex
1126 2314 1205 2342 Patre
1218 2321 1334 2342 nascens
1351 2321 1412 2341 eum
1428 2313 1488 2349 ipso
1505 2321 1551 2349 per
1566 2319 1689 2342 naturam

900 2366 1019 2392 aeternus
1034 2367 1088 2388 non
1103 2364 1172 2393 erat,
1197 2361 1244 2388 sed
1261 2360 1285 2387 ei
1309 2359 1432 2394 contigit,
1459 2365 1488 2387 ut
1511 2365 1592 2392 esset,
1607 2365 1634 2388 et
1649 2361 1690 2397 gi-

900 2406 992 2442 gnenti
1020 2406 1148 2434 nimirum
1179 2406 1303 2442 conligit,
1328 2409 1359 2434 ut
1385 2406 1469 2434 lieret-
1491 2406 1581 2440 Pater,
1610 2411 1691 2442 atque

901 2452 938 2480 ita
961 2453 988 2480 in
1008 2452 1055 2480 illo
1083 2452 1198 2480 mutatio
1214 2453 1337 2487 quaedam
1364 2457 1486 2488 apparet.
1502 2453 1578 2487 Quod
1606 2454 1690 2488 enim,

899 2498 1046 2526 secundum
1063 2505 1122 2531 vos,
1138 2504 1190 2525 non
1201 2501 1271 2531 erat,
1288 2497 1314 2525 id
1326 2502 1421 2532 postea
1432 2498 1520 2526 lactus
1528 2503 1579 2526 est.
1592 2499 1628 2525 At
1641 2506 1691 2525 na-

899 2548 959 2570 tura
984 2543 1075 2571 divina
1100 2544 1202 2572 nullam
1235 2544 1450 2572 immutationem
1476 2545 1604 2572 admittit.
1630 2543 1689 2572 Non

899 2589 981 2624 igitur
994 2589 1048 2616 Deo
1063 2590 1187 2625 contigit,
1201 2595 1230 2617 ut
1246 2589 1323 2618 ﬁeret
1337 2589 1426 2621 Pater.
1452 2591 1500 2618 sed
1525 2590 1640 2618 Verbum
1656 2598 1689 2618 ex

900 2635 958 2670 ipso
978 2636 1154 2672 progrediens
1174 2643 1282 2670 semper
1301 2644 1362 2664 cum
1392 2636 1438 2663 illo
1449 2635 1510 2667 l'uit,
1534 2636 1602 2663 utin
1627 2636 1690 2671 igne

901 2681 1037 2715 caliditas,
1057 2689 1119 2716 quae
1146 2688 1179 2709 ex
1203 2682 1265 2716 igne
1285 2681 1445 2716 proveniens
1463 2688 1524 2708 cum
1551 2681 1596 2709 illo
1617 2688 1690 2709 sem-

901 2735 949 2763 per
967 2727 1088 2756 exsistit.

1173 2774 1299 2810 Ejusdem
1316 2779 1340 2801 et
1355 2774 1418 2801 hac.

937 2821 964 2850 Si
979 2821 1062 2856 Deus,
1086 2821 1222 2862 inquiunt,
1243 2822 1269 2849 in
1281 2828 1329 2848 sua
1354 2819 1528 2855 amplitudine
1556 2820 1688 2856 perfectus
