1891 3076
186 122 239 156 659

810 123 968 154 EUTHYM
977 123 1005 152 lI
1028 123 1210 155 ZlGABENI

1775 124 1827 142 FF,"

187 187 239 213 cst,
261 183 287 206 ct
312 178 378 206 nihil
407 179 483 206 deest
514 179 728 214 naturtcipsius,
753 186 980 215 supervacaneum

1072 180 1168 216 ιότητι,
1180 181 1227 208 καὶ
1259 180 1336 207 οὐδὲν
1355 180 1474 207 ἐλλείπει
1495 180 1564 217 πρὶς
1582 180 1661 208 τοῦτο
1678 180 1710 207 τὸ
1733 181 1828 215 φύσει.

186 232 238 259 est,
267 225 363 254 Filium
378 230 505 261 tanquam
531 226 679 255 divinitatis
705 227 762 262 ejus
791 227 980 261 plenitudinem

1074 227 1172 262 ριττῶς
1186 227 1224 258 ὡς
1241 226 1379 262 πλήρωμα
1402 226 1449 262 τῆς
1467 226 1596 259 θεότητος
1616 226 1702 254 αὑτοῦ
1725 227 1738 253 ὁ
1760 227 1826 257 Υἱὸς

186 273 343 310 adiungere.

207 344 209 347 .
465 317 596 353 Ejusdem
609 323 634 345 et
646 318 712 345 Ita'c.
827 354 833 358 .

221 363 359 392 Perfectus
391 364 499 399 quidem
531 369 574 392 est
616 365 697 392 Pater
734 365 761 392 in
805 363 984 400 amplitudine

188 410 304 445 propria,
340 417 389 437 nec
420 411 499 442 ullus,
534 411 578 446 qui
611 411 712 445 sapiat,
769 412 819 438 hoc
863 411 982 445 negabit,

189 457 236 483 sed
256 456 392 491 perfectus
414 462 465 490 est,
485 466 537 484 non
568 458 630 492 quia
670 458 740 485 Deus
755 459 841 486 solum
870 464 920 491 est,
936 459 983 487 scil

189 503 271 529 v-iam
288 502 378 530 Pater.
407 503 484 536 Quod
510 503 532 530 si
552 504 589 530 illi
617 505 752 532 ademeris
797 509 826 532 ut
847 505 926 532 Pater
937 506 983 538 sit,

190 548 288 576 divinae
315 554 416 576 natura:
442 550 518 578 tolles
547 549 754 582 fecunditatem,
785 559 833 579 nec
870 551 984 587 amplius

190 593 384 627 perfectionem
410 595 528 628 habebit.
564 595 586 623 si
619 595 689 624 desit
704 596 741 623 illi
773 597 899 631 gignendi
922 597 982 629 vis;

191 641 341 670 fecunditas
360 648 425 675 ergo
457 641 632 676 perfectionis
660 643 787 670 indicium
814 647 865 675 est,
896 648 923 671 et
941 643 985 670 Fi-

191 690 242 716 lius
260 688 369 716 aPatro
400 689 459 716 sine
477 694 596 724 tempore
620 690 727 724 genitus
749 690 868 718 declarat
897 691 983 726 ipsum

190 742 250 762 csse
265 734 426 770 perfectum.

470 781 599 816 Ejusdem
614 786 639 808 et
655 782 720 809 ltazc.

226 827 254 855 Si
273 827 360 856 Patris
378 828 501 855 essentia:
530 833 623 855 natura
652 836 704 855 non
721 828 808 859 adest,
841 833 870 854 ut
885 827 983 856 Filium

192 879 320 908 tanquam
336 873 452 901 fructum
477 874 560 901 arb0r
585 873 697 901 fecunda
726 874 828 909 gignat,
859 879 942 910 atque
957 878 986 901 ut

190 926 250 947 eum
265 926 318 946 non
338 919 440 954 gignat,
453 918 571 953 perfecta
588 923 676 946 tamen
690 924 741 951 est,
758 927 986 954 supervacaneum

191 965 242 992 Mt
269 964 320 992 hoc
335 964 373 990 illi
403 964 514 991 addere.
544 963 601 991 lmo
625 972 689 992 vero
718 965 770 992 hoc
789 965 834 992 illa
860 965 985 1000 indiguit.

190 1009 332 1044 Quomodo
348 1014 438 1037 autem
452 1009 589 1045 perfectus
613 1010 660 1043 sit,
677 1010 721 1044 qui
737 1011 826 1044 aliqua
853 1016 916 1045 eget
933 1018 960 1038 re
975 1010 986 1037 ?

189 1058 243 1088 Ant
257 1056 393 1091 quomodo
406 1056 554 1083 absurdum
586 1063 641 1084 non
665 1061 717 1088 est,
750 1062 853 1084 naturte
874 1057 984 1089 divinae.

191 1102 268 1138 quasi
282 1107 378 1129 natura
405 1102 597 1137 perfectionem
619 1110 672 1131 non
704 1103 813 1137 habeat,
837 1104 985 1140 quidquam

191 1149 357 1185 adjuugere!

371 1195 414 1223 Es:
427 1196 513 1230 capite
523 1201 595 1224 sexto
607 1197 725 1231 ejusdem
737 1197 806 1225 libri.

226 1244 427 1280 Cogitationem
440 1247 526 1275 tuam,
543 1243 584 1270 vir
597 1243 710 1278 optime,
726 1251 873 1280 parumper
896 1252 911 1272 a
923 1252 984 1272 cor-

191 1290 303 1327 poribus
317 1293 346 1316 et
370 1295 513 1323 corporum
542 1288 730 1316 affectionibus
750 1298 858 1319 revoca.
883 1291 985 1318 Debeo

191 1337 263 1364 enim
277 1335 356 1363 nobis
370 1338 412 1362 est
423 1340 522 1361 sermo.
538 1333 577 1361 Ne
595 1334 715 1369 opineris
734 1335 831 1362 Deum!
845 1335 984 1363 hominum

193 1389 267 1410 more
290 1381 441 1415 parientem
465 1379 538 1407 ﬂuxu
563 1380 692 1414 diminui,
710 1388 761 1408 nec
790 1388 870 1416 posse
888 1389 985 1415 parere

193 1429 252 1456 sine
263 1426 440 1460 detrimento,
457 1432 504 1453 aut
518 1427 544 1453 in
568 1425 687 1454 Verbum
703 1434 736 1454 ex
763 1435 792 1454 sc
823 1428 985 1462 proveniens

193 1472 392 1509 quodammodo
421 1471 516 1499 dividi.
545 1471 613 1505 Quid
632 1473 704 1499 enim
738 1473 788 1500 hac
813 1475 984 1502 exsecranda

1002 853 1023 881 Β

1036 273 1149 307 ἑπεισφέ
1153 281 1241 308 ρεται.

1343 321 1397 348 Kal
1414 320 1511 348 τοῦτο.

1073 366 1183 398 Τέλειος
1200 366 1252 402 μὲν
1266 367 1280 393 ὁ
1295 367 1389 402 Πατὴρ
1408 368 1437 393 ὲν
1460 369 1492 402 τῇ
1511 366 1593 394 αὐτοῦ
1618 368 1827 403 μεγαλειότητι,

1039 413 1086 440 καὶ
1100 413 1151 440 οὐκ
1166 413 1200 441 ἄν
1219 422 1261 446 τις
1273 413 1351 440 τοῦτο
1365 413 1419 447 τῶν
1437 411 1466 440 εὖ
1480 414 1654 449 φρονούντων
1670 414 1829 449 ὲξαρνήση-

1035 469 1080 487 ται
1091 469 1098 476 ·
1113 460 1217 492 τέλειος
1225 461 1263 495 δὲ,
1276 462 1326 496 οὐχ
1338 461 1378 487 ὅτι
1394 461 1474 496 μόνον
1491 460 1549 487 ἐστὶ
1560 460 1637 492 Θεὸς,
1652 461 1715 487 ἀλλ’
1726 462 1770 487 ὅτι
1780 462 1829 487 καὶ

1036 507 1139 541 Πατήρ.
1154 507 1185 533 El
1203 506 1255 542 γὰρ
1283 506 1387 542 ἀφέλῃς
1409 506 1457 533 τοῦ
1477 506 1545 533 Θεοῦ
1567 507 1597 533 τὺ
1613 505 1685 534 εἶναι
1704 507 1829 541 Πατέρα,

1036 552 1196 587 ἀναιρήσεις
1223 553 1273 588 τῆς
1292 553 1357 588 μιᾶς
1379 553 1487 587 φύσεως
1511 552 1542 579 ab
1572 553 1766 588 καρπογόνον,
1785 554 1829 579 iu

1038 598 1137 633 μηκέτι
1149 598 1180 624 τὸ
1189 598 1291 625 τέλειον
1305 598 1365 634 ἔχῃ,
1385 598 1526 630 λείποντος
1557 599 1631 634 αὒτῷ
1649 599 1699 625 τοῦ
1717 601 1827 635 γεννᾷν.

1037 644 1185 680 Γνώριτμα
1198 645 1288 671 τοίνυν
1303 645 1353 678 τῆς
1367 644 1536 680 τελειότητος
1553 646 1569 680 ἡ
1587 646 1828 680 καρπογονίσ,κ;ιὶ

1038 690 1155 725 σφριγὶς
1168 689 1206 725 τῷ
1229 691 1317 725 “arpi.
1343 690 1390 716 τοῦ
1418 688 1489 716 εῖναι
1520 690 1622 718 τέλειον
1646 693 1660 718 ὁ
1691 692 1722 723 ἐξ
1744 691 1828 718 αὑτοῦ

1037 736 1139 772 προῖὼν
1153 737 1273 771 ἀκρόνως
1290 736 1363 768 Υἱός.

1345 783 1400 811 Kal
1415 784 1515 822 τοῦτο.

1076 828 1107 855 Ei.
1128 827 1165 863 μὴ
1181 827 1252 854 κατὰ
1270 827 1350 861 φύσιν
1363 830 1495 863 πρόσεστι
1513 831 1545 865 τῇ
1560 829 1607 856 τοῦ
1625 829 1736 864 Πατρδς
1749 829 1830 864 οὐσίᾳ

1038 873 1067 900 τὸ
1085 873 1375 908 καρπογόνον,τέλειος
1382 874 1410 900 δέ
1420 875 1477 900 ἐστι
1491 875 1538 901 καὶ
1552 874 1614 909 δίχα
1625 874 1675 900 τοῦ
1691 874 1825 901 δύνασθαι

1040 919 1146 954 γεννᾷν,
1165 919 1293 954 περιττὸν
1314 920 1368 954 ἄρα
1397 920 1443 947 καὶ
1459 919 1624 947 ἐπείσακτον
1640 921 1718 952 αὐτῷ
1731 920 1829 954 γέγονε

1037 966 1127 997 τοῦτο,
1149 965 1250 1000 μᾶλλον
1263 965 1290 992 δὲ
1308 965 1407 1000 ἐδεήθη
1429 966 1537 994 τούτου.
1555 967 1610 994 Καὶ
1627 967 1686 998 πῶς
1700 968 1760 993 ἐστι
1782 968 1828 993 τέ-

1037 1011 1107 1042 λειος
1117 1011 1247 1046 όδεηθείς
1261 1019 1351 1044 τινος;
1366 1011 1428 1043 Πῶς
1443 1012 1471 1038 δὲ
1480 1012 1530 1039 οὐκ
1546 1012 1648 1040 ἄτοπον
1663 1013 1696 1039 τὸ
1711 1013 1828 1040 ἐπεισά-

1038 1057 1136 1091 γεσθαί
1149 1065 1175 1084 τι
1187 1058 1219 1093 τῇ
1238 1057 1298 1092 θείᾳ
1318 1057 1412 1092 φύσει,
1434 1057 1472 1089 ὥς
1484 1058 1536 1085 οὐκ
1558 1058 1659 1094 ἐχούσῃ
1675 1059 1708 1085 τὸ
1723 1059 1828 1085 τέλειον

1037 1103 1066 1135 ἐξ
1081 1103 1181 1138 ἑαυτῆς
1197 1103 1320 1138 φυσικῶς
1331 1111 1338 1136 ;

1095 1192 1161 1219 Ἀπὸ
1176 1192 1228 1219 τοῦ
1242 1195 1268 1224 ς’
1283 1193 1450 1227 κεφαλαίου
1467 1191 1518 1219 τοῦ
1530 1192 1623 1220 αὐτοῦ
1633 1193 1772 1225 βιϐλίου.

1070 1239 1187 1274 Μικρὸν,
1209 1236 1232 1266 ὧ
1249 1238 1385 1273 βέλτιστε,
1411 1239 1509 1266 σαυτὸν
1531 1239 1587 1266 ἄνω
1605 1240 1744 1272 σωμάτων
1769 1239 1826 1274 ἔχε,

1035 1286 1082 1313 καὶ
1099 1284 1155 1311 τῶν
1169 1285 1234 1320 περὶ
1246 1285 1280 1311 τὰ
1301 1284 1416 1319 σώματα
1437 1285 1543 1312 παθῶν.
1571 1284 1640 1320 Περὶ
1657 1284 1728 1310 Θεοῦ
1745 1285 1800 1319 γὰρ
1814 1285 1827 1310 ὁ

1035 1332 1124 1366 λόγος.
1143 1331 1173 1358 El
1189 1329 1302 1365 γὰροῐει
1317 1330 1445 1364 καθάπερ
1459 1330 1604 1366 ἄνθρωπον
1619 1330 1748 1357 τίκτοντα
1760 1330 1827 1356 Θεὸν

1034 1377 1215 1406 ἐλαττοῦσθαί
1231 1386 1290 1409 πως
1307 1377 1367 1408 ταῖς
1393 1376 1564 1412 ἀπορῤοίαις,
1594 1375 1641 1402 καὶ
1659 1375 1724 1410 δίχα
1752 1376 1827 1407 τινος

1035 1424 1138 1459 ζημίας
1156 1424 1193 1459 μὴ
1207 1423 1339 1451 δύνασθαι
1354 1422 1433 1450 τοῦτο
1453 1423 1550 1454 ποιεῖν,
1574 1422 1756 1457 μεριζόμενον
1772 1421 1825 1447 ὧσ-

1035 1479 1089 1506 περ
1104 1470 1151 1496 τὸν
1163 1470 1192 1503 ἐξ
1205 1470 1288 1498 αὑτοῦ
1303 1470 1470 1505 προελθόντα
1491 1469 1588 1503 Λόγον,
1604 1468 1629 1495 τί
1644 1467 1766 1494 κωλύσει
1778 1468 1829 1502 τὴν

196 1520 301 1548 ratione
312 1519 466 1553 prohibebit
476 1518 502 1545 in
517 1518 629 1554 reliquis
642 1519 735 1551 etiam,
750 1526 809 1554 qua:
827 1520 874 1548 ille
889 1521 980 1554 habet,

1073 1517 1123 1552 τὴν
1135 1517 1288 1551 ἐπαγαγεῖν
1302 1515 1478 1551 βλασφημίαν
1492 1516 1538 1542 καὶ
1557 1515 1611 1545 τοῖς
1625 1513 1714 1545 ἄλλοις
1739 1513 1829 1540 ἅπασι

195 1566 253 1594 uti?
264 1565 291 1593 Si
304 1565 375 1593 enim
400 1569 428 1592 ut
441 1565 521 1592 homo
535 1572 594 1591 cum
608 1566 678 1592 llum
691 1566 771 1600 parit,
784 1566 886 1594 creabit
900 1567 980 1594 etiam

194 1617 224 1638 ut
235 1611 316 1642 homo
325 1618 386 1638 cum
402 1610 504 1638 labore.
524 1609 601 1643 Quod
617 1610 640 1637 si
656 1611 802 1639 absurdum
821 1617 877 1640 est:
893 1620 982 1649 neque
999 1635 1003 1638 .

188 1660 266 1687 enim
282 1663 311 1686 ut
329 1659 409 1687 homo
422 1664 513 1686 creat:
534 1666 583 1686 nec
596 1659 717 1694 profecto
733 1660 818 1695 gignit
840 1665 869 1689 ut
889 1662 981 1697 homo,

195 1706 241 1735 sed
258 1705 284 1733 in
314 1705 364 1732 hoc
390 1705 472 1732 etiam
495 1709 619 1732 naturam
639 1705 757 1733 hominis
784 1713 902 1743 superat,
925 1709 983 1737 sine

195 1752 325 1780 divisione
341 1751 454 1787 gignens
465 1756 491 1779 ut
505 1751 585 1778 Deus.

462 1839 587 1872 Ejusdem
602 1845 625 1866 et
641 1839 705 1866 Ιιαισ.

234 1887 314 1916 Pater
329 1886 426 1914 Filium
441 1893 472 1914 ex
488 1887 578 1922 scipso
590 1887 692 1921 absque
709 1887 843 1915 divisione
867 1893 914 1915 aut
937 1888 978 1915 in-

197 1931 309 1963 tervallo
328 1932 463 1967 produxit,
484 1925 713 1966 quemadmodum
737 1937 764 1959 et
790 1932 831 1959 sol
855 1933 980 1967 splendo-

197 1987 255 2008 retn
268 1985 300 2006 ex
324 1985 354 2006 se
377 1978 518 2005 sinissum.
540 1978 670 2010 Quamvis
692 1977 818 2012 splendor
836 1979 902 2006 solis
925 1986 979 2006 non

198 2025 297 2059 habent
321 2023 458 2059 propriam
481 2023 659 2058 hypostasim,
678 2030 766 2057 neque
785 2023 904 2058 perfecte
923 2023 981 2059 ipse

197 2071 225 2098 iu
246 2070 337 2105 seipso
354 2070 471 2097 essentia
496 2069 532 2096 sit
549 2078 556 2096 :
583 2069 663 2097 habet
680 2069 753 2096 enim
775 2077 855 2097 suum
870 2077 930 2097 esse
953 2070 979 2097 in

197 2116 269 2149 sole;
293 2115 414 2143 divinum
437 2122 502 2142 vero
525 2115 648 2149 genimen
673 2115 723 2142 hoc
749 2119 853 2143 tantum
875 2123 907 2143 ex
930 2115 980 2143 hoc

1035 1564 1094 1595 τοῖς
1110 1562 1258 1598 προσοῦσιν
1280 1562 1373 1597 αὐτῷ;
1397 1563 1427 1588 Εἰ
1439 1561 1493 1598 γὰρ
1513 1562 1550 1590 ὡς
1574 1561 1716 1597 ἄνθρωπος
1737 1562 1829 1588 τίκτει

1036 1609 1165 1644 ῥευστῶς,
1198 1609 1395 1644 δημιουργήσει
1423 1609 1470 1635 καὶ
1506 1606 1544 1640 ὡς
1576 1609 1718 1641 ἄνθρωπος
1756 1608 1829 1641 μετὰ

1037 1656 1128 1682 πόνου.
1146 1655 1176 1681 Εἰ
1189 1655 1216 1681 δὲ
1230 1654 1308 1681 τοῦτο
1322 1656 1422 1682 ἄτοπον
1434 1663 1441 1670 ·
1458 1655 1489 1681 ού
1507 1655 1561 1689 γὰρ
1572 1653 1609 1684 ὡς
1623 1652 1769 1688 ἄνθρωπος
1779 1653 1830 1685 ῥη-

1038 1702 1164 1736 μιουργεῖ
1173 1709 1179 1715 ·
1195 1701 1255 1726 οὐδὲ
1268 1700 1306 1733 ὡς
1321 1701 1369 1728 dvo
1376 1709 1466 1737 ρωπος
1478 1701 1532 1735 ἄρα
1545 1701 1679 1734 γεννήσει,
1692 1699 1768 1724 ἀλλὰ
1779 1699 1830 1732 τὴν

1036 1748 1181 1784 ἀνθρώπου
1198 1749 1278 1782 φύσιν
1292 1748 1342 1775 κάν
1362 1748 1450 1783 τούτῳ
1470 1748 1551 1774 πάλιν
1573 1745 1826 1780 ὑπεραναεήσεται

1036 1803 1140 1828 γεννων
1154 1793 1311 1829 ἀμερίστως
1327 1795 1364 1825 ὡς
1379 1795 1456 1825 Θεός.

1340 1844 1394 1870 Καὶ
1411 1843 1510 1870 τοῦτο.

1072 1892 1101 1918 Ὀ
1117 1891 1210 1927 Πατὴρ
1227 1891 1376 1926 ἐξέλαμψεν
1399 1891 1430 1924 ἐξ
1449 1891 1547 1918 ἑαυτοῦ
1563 1891 1609 1919 τὸν
1633 1891 1697 1918 Υῐὺν
1721 1891 1821 1927 ἀμερι-

1032 1945 1102 1968 στως
1122 1945 1151 1963 τε
1171 1937 1218 1963 καὶ
1232 1936 1409 1968 ὰδιαστάτως,
1431 1936 1525 1972 ὥσπερ
1545 1934 1591 1963 οὖν
1606 1936 1650 1963 καὶ
1667 1937 1682 1962 ὁ
1695 1936 1775 1971 ἥλιος
1797 1936 1824 1962 τὲ

1032 1981 1061 2014 ἐξ
1080 1980 1163 2008 αὐτοῦ
1185 1981 1360 2016 πεμπόμενον
1381 1981 1563 2016 ἀπαύγασμα.
1583 1981 1651 2007 Ἀλλ’
1667 1981 1758 2007 ἐκεῖνο
1776 1982 1826 2016 μὲν

1030 2027 1081 2052 οὐκ
1104 2026 1286 2053 ἰδιοσύστατον
1307 2025 1367 2053 οὐδὲ
1381 2026 1430 2061 τὴν
1446 2026 1539 2053 οὐσίαν
1554 2026 1659 2057 ἐντελὲς
1675 2025 1742 2051 αὐτὸ
1761 2026 1825 2052 καθ’

1032 2072 1114 2099 αὐτὼ
1131 2072 1187 2108 ἔχει
1214 2072 1268 2108 γὰρ
1292 2073 1320 2099 ὲν
1341 2071 1379 2107 τῷ
1397 2071 1466 2106 ἡλίῳ
1485 2072 1515 2098 τὸ
1539 2069 1625 2098 εῐναι·
1644 2071 1674 2097 τὺ
1696 2070 1725 2098 δὲ
1752 2071 1826 2098 Θείον

1031 2118 1154 2153 γέννημα
1179 2118 1259 2153 μόνον
1284 2117 1346 2153 ἔχον
1369 2117 1402 2144 ὲκ
1423 2117 1470 2144 τοῦ
1495 2117 1717 2152 παραδείγματος
1735 2117 1769 2142 τὸ
1795 2118 1826 2142 ὲκ

197 2162 319 2197 cxemplo
333 2161 413 2189 habet
435 2160 505 2195 quod
527 2167 561 2188 ex
581 2160 662 2187 Patre
682 2161 810 2195 procedat
831 2161 899 2188 citra
914 2161 980 2188 divi-

1072 2162 1136 2198 rcpb;
1153 2162 1292 2198 προελθεῖν
1313 2162 1470 2198 ὰμερίστως
1487 2161 1534 2188 καὶ
1556 2161 1734 2191 ἁδιαστάτως.
1757 2161 1826 2187 ἰδίαν

197 2209 301 2237 sionem
317 2207 397 2235 ullam
418 2211 445 2235 et
458 2206 561 2241 absque
580 2207 679 2241 spatio,
693 2207 885 2241 propriamque
900 2207 980 2235 habet

197 2252 365 2290 hypostasim
380 2259 433 2279 non
447 2256 600 2287 separatam
620 2258 635 2278 a
648 2251 737 2284 Patre,
754 2252 801 2280 sed
817 2252 844 2280 in
856 2252 937 2280 Patre
954 2257 982 2280 et

197 2306 258 2327 cum
284 2297 366 2326 Patre
384 2297 548 2325 intellectam
570 2301 652 2332 atque
678 2297 865 2326 exsistentem.
887 2297 981 2325 Dicere

197 2348 288 2372 autem
308 2343 454 2372 sectionem
482 2347 509 2371 et
530 2343 693 2371 decisionem
716 2343 743 2371 in
757 2343 847 2371 divina
873 2350 982 2378 genera-

198 2390 272 2417 tione
284 2388 382 2416 factam
396 2388 489 2420 fuisse,
506 2388 633 2415 immanis
649 2388 761 2415 insaniae
778 2393 820 2416 est
835 2389 982 2416 documen-

198 2439 265 2462 tum.
281 2433 346 2461 Cutn
361 2433 433 2462 enim
445 2433 571 2461 divinitas
588 2433 646 2461 loco
662 2441 714 2461 non
727 2433 978 2466 circumscribatur,

197 2487 233 2509 ne
247 2480 273 2508 id
284 2479 392 2515 quidem
408 2479 479 2514 quod
490 2487 523 2507 ex
537 2487 570 2507 eo
579 2480 701 2514 procedit
713 2480 738 2506 in
755 2479 814 2507 loco
832 2479 893 2507 erit.
904 2479 979 2512 Quod

197 2533 263 2554 vero
273 2533 360 2561 neque
373 2526 399 2553 in
417 2526 475 2553 loco
489 2530 541 2559 est,
555 2533 644 2560 neque
660 2533 720 2553 esse
734 2529 833 2560 potest,
848 2524 982 2559 quomodo

197 2573 317 2608 separari
328 2572 434 2607 potest?
443 2572 566 2606 Quonam
579 2573 651 2599 enim
664 2571 714 2599 ibit
724 2571 796 2606 quod
808 2574 911 2599 sectum
922 2570 982 2597 est?

196 2622 244 2647 aut
256 2626 272 2646 θ
289 2625 343 2653 quo
356 2618 382 2645 in
394 2625 475 2653 quem
491 2616 690 2645 transferetur?
704 2617 762 2644 haec
775 2615 909 2651 siquidem
922 2622 982 2642 cor-

198 2671 293 2700 porum
318 2667 381 2691 sunt
404 2663 534 2699 propria,
558 2663 592 2690 ab
619 2662 778 2696 incorporea
804 2668 869 2688 vero
887 2665 981 2688 natura

197 2716 310 2748 prorsus
332 2709 431 2737 aliena.
453 2708 492 2737 Ne
515 2709 599 2744 igitur
616 2708 698 2743 impie
713 2708 739 2735 in
763 2708 853 2736 divina
868 2715 984 2744 genera-

198 2755 272 2784 tione
297 2753 440 2787 deﬂuxus,
469 2753 666 2788 separationes,
700 2758 782 2788 atque
810 2753 853 2781 his
885 2753 984 2781 similia

196 2800 453 2830 comminiscuntur.
473 2798 605 2834 Suprema
632 2798 702 2826 enim
726 2798 770 2826 illa
791 2798 911 2826 omnium
934 2806 984 2826 na-

198 2851 260 2876 tura
271 2845 338 2875 nulli
352 2844 481 2882 pastioni,
499 2844 661 2881 separatioui
680 2850 725 2872 aut
740 2845 853 2874 sectioni
880 2849 920 2874 est
934 2845 983 2873 ob-

1032 2208 1087 2243 ἐχει
1105 2209 1154 2243 τὴν
1171 2207 1287 2244 ὓπαρξιν
1302 2207 1332 2234 οὐ
1349 2207 1557 2243 κεχωρισμένην
1570 2207 1616 2233 τοῦ
1632 2207 1749 2241 Πατρός,
1767 2206 1826 2233 ἀλλ’

1032 2255 1061 2280 ὲν
1078 2254 1165 2288 Harp!
1180 2254 1226 2280 καὶ
1244 2252 1311 2288 μετὰ
1326 2253 1430 2288 Πατρός
1452 2252 1601 2288 νοουμένην
1618 2252 1666 2278 καὶ
1685 2252 1827 2287 ὑπάρχου-

1033 2307 1093 2327 σαν.
1107 2299 1143 2325 Τὺ
1157 2299 1186 2326 δὲ
1204 2299 1292 2332 λέγειν
1314 2299 1356 2326 ὅτι
1372 2298 1442 2334 τομὴ
1469 2299 1516 2325 καὶ
1540 2298 1666 2334 ἀποκοπὴ
1690 2299 1755 2333 περὶ
1779 2299 1827 2333 τὴν

1031 2346 1158 2382 γέννησιν
1182 2346 1264 2372 αὑτοῦ
1294 2346 1407 2380 γέγονε,
1436 2346 1534 2381 μανίας
1562 2346 1681 2381 ἀμέτρου
1711 2347 1828 2381 σημεῖόν

1032 2392 1115 2420 ἐστιν.
1137 2390 1245 2426 Ἐπειδὴ
1271 2392 1326 2427 γὰρ
1351 2392 1401 2419 οὐκ
1417 2393 1445 2419 ὲν
1469 2391 1544 2427 τόπῳ
1574 2392 1771 2427 περιείληπται
1799 2392 1828 2418 τὸ

1033 2437 1115 2469 θεῖον,
1135 2437 1194 2464 οὐδὲ
1209 2438 1237 2464 ἐν
1252 2439 1327 2473 τόπῳ
1342 2438 1455 2474 τοιούτῳ
1469 2438 1499 2465 τὸ
1517 2437 1547 2470 ἐξ
1562 2438 1654 2465 αὑτοῦ.
1679 2438 1716 2464 Τὸ
1739 2437 1770 2464 δὲ
1789 2438 1827 2473 μὴ

1032 2481 1062 2509 ὃν
1077 2483 1106 2509 ὲν
1120 2483 1204 2518 τόπῳ,
1225 2483 1242 2518 ἢ
1259 2484 1305 2510 καὶ
1323 2483 1361 2520 μὴ
1383 2481 1452 2510 εἶναι
1474 2483 1633 2518 δυνάμενον,
1652 2483 1711 2515 πῶς
1734 2483 1826 2510 ὲπιᾶέ-

1033 2536 1109 2564 χεται
1131 2528 1279 2564 μερισμόν;
1302 2529 1352 2556 Ποῖ
1381 2529 1436 2565 γὰρ
1455 2530 1576 2565 χωρήσει
1590 2529 1620 2556 τὸ
1636 2529 1825 2565 τεμνόμενον;

1033 2575 1049 2610 ἢ
1064 2576 1096 2602 ὲκ
1109 2574 1180 2607 τίνος
1193 2575 1232 2607 εις
1246 2576 1272 2602 τί
1289 2576 1479 2611 μετοιχήσεται
1493 2585 1501 2609 ς
1515 2575 1602 2603 ταῦτα
1617 2575 1672 2611 γὰρ
1690 2576 1826 2611 σωμάτων

1035 2620 1085 2656 μὲν
1101 2620 1170 2654 ἴδια,
1187 2620 1236 2655 τῆς
1257 2621 1285 2648 δὲ
1300 2621 1446 2657 ἀσωμάτου
1465 2621 1572 2656 φύσεως
1594 2620 1735 2653 παντελῶς
1748 2621 1826 2648 ἀλλό-

1033 2674 1106 2702 τρια.
1124 2666 1170 2702 Μὴ
1185 2666 1274 2694 τοίνυν
1286 2666 1425 2699 δυσσεὸὦς
1440 2666 1655 2694 ἅναπλάττωσὰν
1671 2675 1745 2698 τινες
1762 2666 1825 2700 περὶ

1033 2712 1084 2748 τὴν
1106 2712 1181 2740 Θείαν
1204 2712 1329 2748 γέννησιν
1349 2713 1399 2744 τάς
1412 2722 1443 2740 τε
1469 2713 1640 2748 καλουμένας
1655 2712 1823 2749 ἀπορροίας,

1035 2757 1083 2785 καὶ
1100 2761 1262 2793 μερισμοὶις,
1284 2759 1332 2785 καὶ
1346 2759 1396 2786 ὃσα
1414 2759 1482 2795 πρὸς
1502 2759 1589 2786 ταῦτα
1601 2759 1650 2794 τὴν
1665 2759 1824 2793 συγγένειαν

1035 2801 1102 2838 ἔχει.
1118 2803 1192 2830 ’Δνω
1215 2804 1271 2839 γὰρ
1288 2803 1391 2836 πάθους
1407 2804 1456 2831 καὶ
1472 2804 1609 2840 μερισμοῦ
1625 2804 1673 2832 καὶ
1688 2804 1788 2840 τομῆς,
1807 2803 1823 2838 ἠ

1035 2847 1088 2875 τῶν
1105 2848 1212 2876 πάντων
1232 2849 1416 2885 ὑπερκειμένη
1432 2849 1523 2885 φύσις,
1537 2850 1584 2877 καὶ
1602 2850 1653 2877 οὐκ
1671 2849 1821 2882 ἐπιδέξεται
