1891 3076
68 140 116 174 6'51

548 141 735 171 PANOPLIA
757 140 987 171 DOGMATICA.
1007 153 1040 158 -
1061 141 1134 172 ΤΙΤ.
1155 139 1208 170 XI.

1633 142 1689 174 662

67 201 99 226 τὶ
121 199 253 233 σωμάτων
269 198 332 225 tam.
354 197 425 223 Ἀλλ’
445 196 539 232 ὥσπερ
553 198 716 232 δημιουργεῖ
729 197 848 232 παραδό-

930 199 993 229 vxia,
1025 205 1112 232 neque
1139 205 1283 231 corporum
1307 197 1486 230 proprietates
1508 198 1615 233 recipit.
1635 199 1687 227 Sed

66 245 123 277 ξως,
133 244 164 270 οὑ
177 244 247 270 κατὰ
260 243 304 269 τὸν
316 243 364 277 τῆς
377 241 533 277 κρατούσης
549 242 614 277 παρ’
627 243 693 277 ἡμῖν
706 251 746 269 συ*
756 242 849 277 ηοείας

65 293 156 326 νόμον,
173 290 245 318 οὕτω
264 291 310 316 καὶ
325 290 451 325 γεννήσει
469 289 500 316 τὸ
515 289 545 323 ἐξ
557 290 641 325 αὐτῆς
657 289 738 322 eam;
755 290 770 325 ἢ
787 289 848 316 καθ’

64 339 79 374 ὴ
83 338 148 374 μῶν.

364 385 420 412 Καὶ
442 384 540 412 τοῦτο.

101 431 130 458 Ὀ
145 431 224 465 λόγος
245 430 324 462 οὗτος
344 431 358 457 ὁ
384 431 552 466 προφορικὸς
574 427 596 464 ᾦ
620 430 790 466 κεχρήμεθα,
808 431 848 462 είς

62 478 121 506 νοῦν
134 478 182 505 καὶ
199 479 233 506 ἐκ
245 477 292 505 νοῦ
317 478 457 512 γεννᾶται,
473 479 520 504 καὶ
539 477 613 505 δοκεῖ
631 478 681 513 μὲν
698 478 792 513 ἕτερος
808 475 848 505 εῐ-

62 535 104 554 ναι
118 526 195 562 παρὰ
208 525 253 553 τὸν
269 526 299 553 ὲν
312 525 411 562 καρδίᾳ
424 526 620 560 στρεφόμενον,
632 525 700 553 καθὸ
713 526 767 558 ἔξω
784 526 846 553 στό-

64 581 145 608 ματος
171 571 297 606 γίγνεται
323 571 501 606 πεμπόμενος
526 570 621 606 ὥσπερ
637 571 668 597 ὲκ
691 571 792 606 βάθους
806 572 846 603 et;

63 619 128 653 φῶς.
145 618 224 645 Ἐστι
236 618 265 645 δὲ
278 617 360 645 πάλιν
373 617 402 644 ἐν
417 617 501 654 αὐτῷ,
517 618 567 645 καὶ
580 617 673 652 ὅμοιος
687 618 762 654 αὐτῷ
779 619 848 646 κατὰ

64 664 157 691 πάντα.
179 664 259 690 Ἐστι
277 664 330 699 γὰρ
345 653 451 690 ίδεῖνέν
467 663 540 699 αὑτῷ
554 663 626 699 λόγῳ
640 663 685 690 τὸν
706 665 734 690 ὲν
749 664 849 700 καρδίᾳ

64 710 193 745 κληθέντα
205 710 348 746 λογισμὸν,
362 710 411 738 καὶ
420 710 502 737 πάλιν
514 711 544 737 ὲν
555 709 594 745 τῷ
607 710 645 746 νῷ
658 709 703 737 τὸν
715 710 794 744 λόγον
807 710 849 737 ἔτι

65 756 251 792 σιωπώμενον.
266 756 344 785 Οὕτω
363 756 410 783 καὶ
423 757 437 784 ό
455 755 517 788 Υίδς
529 757 577 784 τοῦ
591 756 671 789 Θεοῦ,
688 756 847 792 ἀμερίστως

65 804 95 830 ὲκ
116 803 222 839 Πατρὺς
248 803 398 838 προελθὼν,
420 802 565 839 χαρακτήρ
581 804 640 830 ἐστι
663 803 710 830 καὶ
724 803 850 838 ὁμοίωμα

64 849 254 885 τής,ίδιότητο;
271 848 366 883 αὑτοῦ,
377 849 463 883 Λόγος
479 849 518 876 ὢν
533 849 715 882 ὲνυπόστατος
731 851 778 876 καὶ
793 849 849 881 ζῶν

66 895 94 921 ὲκ
108 893 209 926 ζῶντος
230 895 347 930 Πατρός.

371 940 426 967 Kal
442 940 537 967 τοῦτο.

97 988 188 1020 Οὕτως
220 987 365 1023 ἐγέννησεν
390 986 421 1019 ἐξ
447 985 544 1013 ἑαυτοῦ
570 985 615 1011 τὸν
640 986 702 1011 Υἱὺν
726 986 740 1011 ὁ
758 985 852 1022 Πατὴρ

67 1033 216 1069 ἁμερίστως
227 1053 234 1066 ,
252 1032 290 1064 ὡς
307 1032 340 1058 ἂν
356 1032 381 1058 εἰ
402 1031 484 1066 σοφὸς
500 1029 630 1057 ἁποτέκοι
653 1030 741 1065 νόημα
759 1030 850 1065 σοφὸν,

68 1076 216 1112 μηχανικὴν
240 1076 332 1111 τυχὸν,
356 1075 571 1111 ἢγεωμετρίαν,
595 1074 611 1110 ἢ
635 1074 727 1110 ἕτερόν
747 1083 773 1102 τι
798 1075 852 1102 τῶν

67 1122 198 1149 τοιούτων.
216 1123 294 1150 Δοκεῖ
313 1122 361 1158 μὲν
378 1122 433 1158 γάρ
452 1130 511 1153 πως
535 1121 630 1156 σοφίας
657 1119 725 1148 εἶναι
749 1122 853 1158 καρπὸς

67 1168 98 1195 τὰ
119 1168 244 1200 τοιαῦτα,
261 1169 308 1194 καὶ
330 1167 417 1199 οὕτως
432 1167 488 1203 ἔχει
503 1167 552 1203 τὴν
570 1167 665 1203 φύσιν·
683 1167 739 1194 ἀλλ’
755 1167 786 1194 οὐ
803 1176 852 1203 με·

69 1214 188 1250 μέρισται
202 1215 254 1249 τῆς
271 1214 365 1248 σοφίας
386 1215 402 1249 ἡ
420 1213 448 1246 ἐξ
463 1213 548 1249 αὐτῆς
571 1213 744 1248 ὲπινοηϐεἴσα
757 1213 851 1248 τέχνη·

68 1259 120 1286 ἀλλ’
131 1259 203 1286 ἐστιν
221 1259 251 1292 ἐξ
269 1259 354 1294 αὐτῆς
374 1259 422 1285 καὶ
441 1258 469 1286 ἐν
486 1258 554 1294 αὑτῇ
570 1258 619 1294 τὴν
639 1258 771 1285 τεκοῦσαν
785 1258 853 1291 ὲξει-

69 1305 216 1338 κονίζουσσ,
239 1305 286 1332 καὶ
305 1305 461 1341 ἁμερίστως
475 1305 568 1341 ἕτερόν
584 1313 609 1331 τι
629 1305 694 1341 παρ’
712 1305 796 1340 αὐτὴν
813 1302 853 1331 εῐ-

69 1359 108 1377 ναι
120 1350 246 1378 δοκοῦσα.
260 1350 351 1383 Οὕτως
363 1352 379 1385 ἡ
392 1350 456 1377 Υἱοῦ
470 1351 606 1385 γέννησις,
621 1351 776 1386 ἀμερίστως
788 1348 855 1377 οὖσα

70 1395 99 1421 ὲκ
118 1395 235 1431 Πατρδς,
249 1397 278 1422 ὲν
296 1396 346 1432 ἰδίᾳ
362 1396 510 1422 ὑποστάσει
533 1396 659 1428 σώζεται,
674 1397 724 1431 τὴν
740 1396 786 1423 τοῦ
803 1405 856 1423 πα-

72 1441 245 1477 ραδείγματος
259 1442 444 1477 ὑπεραίρουσα
459 1442 582 1477 δύναμιν.

129 1529 199 1557 ’Λπὸ
214 1529 269 1556 τοῦ
284 1528 306 1559 ζ’
321 1530 486 1564 κεφαλαίου
501 1529 554 1557 τοῦ
565 1530 659 1558 αὐτοῦ
671 1530 800 1562 βιϐλίου.
815 1522 817 1524 ’
844 1530 848 1536 ’

902 245 1133 280 quemadmodum
1168 250 1243 271 creat
1267 244 1443 278 mirabiliter,
1471 244 1605 279 longeque
1635 246 1688 273 alio

901 298 983 326 quam
1003 295 1095 318 nostra
1112 290 1282 318 consuetudo
1302 290 1353 317 [οι-ι
1368 289 1460 320 modo.
1479 291 1517 318 ita
1537 291 1619 318 etiam
1642 299 1688 326 ge-

902 338 978 362 nerat
990 343 1023 362 ex
1040 343 1069 363 se
1085 335 1137 362 alia
1155 334 1260 362 ratione
1274 342 1358 370 quam
1374 342 1436 362 nos.

1166 381 1293 417 Ejusdem
1314 388 1338 410 et
1355 383 1420 410 hac.

939 428 1036 455 Scrnto
1050 429 1247 462 enuntiativus,
1267 437 1322 465 quo
1337 430 1452 462 utimur,
1470 431 1497 458 in
1513 434 1602 458 mentr-
1617 436 1644 458 et
1655 439 1688 459 ex

902 481 992 503 tuente
1006 475 1139 510 gignitur,
1157 481 1238 510 atque
1252 476 1323 503 alius
1342 476 1451 511 quidem
1466 476 1571 504 videtur
1583 485 1644 504 esse
1655 477 1689 504 ab

900 530 934 549 eo
953 522 998 556 qui
1018 521 1046 550 in
1064 522 1147 550 corde
1162 523 1293 557 agitatur,
1315 527 1452 557 quatenus
1463 530 1541 551 extra
1559 531 1590 551 os
1605 523 1689 551 νυιυιί

900 578 915 596 e
932 568 1052 597 tenebris
1066 568 1092 596 in
1112 569 1201 597 lucem
1217 569 1351 598 emittitur
1366 578 1374 604 ;
1393 574 1436 598 est
1448 575 1536 598 autent
1552 578 1649 599 rursus
1662 572 1687 598 in

901 623 944 649 eo.
958 615 1110 651 similisque
1133 615 1158 643 ei
1178 620 1219 643 est
1236 622 1284 651 per
1298 616 1401 646 omnia.
1424 616 1453 644 in
1471 624 1599 644 sermone
1614 617 1688 644 enim

901 662 1008 689 videtur
1024 662 1155 698 cogitatio
1171 662 1277 697 cordis,
1296 667 1323 690 et
1338 669 1435 690 rursus
1451 662 1478 690 itt
1495 668 1585 690 tuente
1598 670 1687 690 sermo

902 709 1023 736 nondum
1040 709 1176 744 loquendo
1191 716 1350 753 expressus.
1369 709 1407 736 ita
1427 709 1509 736 etiam
1526 708 1613 736 Fdius
1628 709 1687 742 Dei,

901 756 1004 790 alisque
1040 755 1216 790 separatione
1244 763 1259 783 e
1290 756 1372 782 Patre
1408 756 1574 790 procedens,
1621 756 1688 782 cita-

902 806 991 830 raeter
1005 806 1047 830 est
1058 808 1085 829 et
1098 807 1226 837 expressa
1244 802 1327 834 ﬁgura
1347 801 1523 836 proprietatis
1535 808 1592 829 suae
1603 809 1611 829 :
1622 801 1690 829 Ver-

902 849 964 876 bum
982 849 1056 876 enim
1081 854 1123 877 est
1147 849 1316 884 hypustatice
1345 849 1482 876 exsisteus
1496 853 1523 875 et
1540 849 1634 876 vivens
1655 857 1686 876 ex

904 897 963 923 vivo
978 895 1068 923 Patre.

1171 940 1293 975 Ejusdem
1315 947 1338 967 et
1359 943 1423 967 Im'r.

941 988 978 1016 Ita
994 987 1087 1022 genuit
1098 994 1130 1014 ex
1145 993 1174 1013 se
1190 985 1270 1013 Pater
1281 985 1378 1013 Filium
1395 988 1497 1021 absque
1510 987 1691 1021 St‘paruliOnt',

905 1042 937 1062 ac
953 1034 975 1062 si
991 1033 1099 1067 sapiens
1112 1032 1211 1066 aliquis
1232 1032 1324 1066 gignat
1341 1031 1449 1067 aliquod
1469 1033 1619 1066 inventum,
1633 1034 1692 1061 sive

907 1077 1106 1109 utecltauicnm,
1124 1077 1180 1104 sive
1194 1077 1400 1112 geometricum,
1419 1078 1475 1106 sive
1493 1078 1625 1112 ejusmodi
1640 1079 1689 1106 ali-

906 1124 979 1159 quid.
992 1122 1124 1150 Videntur
1138 1122 1210 1148 eniut
1226 1122 1427 1157 quodammodo
1439 1124 1578 1158 sapientia:
1587 1124 1691 1152 fructus

905 1177 976 1200 esse,
990 1172 1070 1203 atque
1085 1167 1121 1194 ita
1138 1170 1235 1194 natura
1251 1175 1281 1194 se
1302 1168 1420 1201 habent;
1435 1169 1510 1203 atqui
1528 1177 1579 1196 non
1594 1174 1634 1196 est
1649 1176 1692 1196 sc-

906 1219 998 1249 parata
1015 1221 1030 1240 a
1053 1212 1186 1247 sapientia
1208 1219 1252 1239 ars
1268 1220 1327 1246 qua:
1350 1220 1382 1240 ex
1407 1220 1438 1240 ea
1455 1218 1497 1240 est
1516 1214 1689 1248 excogitata:

906 1259 954 1287 scd
969 1263 1009 1287 est
1029 1266 1062 1286 ex
1087 1258 1143 1292 ipsa
1161 1263 1188 1284 et
1203 1258 1229 1284 in
1254 1258 1310 1292 ipsa
1324 1258 1463 1293 genitricis
1480 1266 1535 1286 sua:
1548 1260 1690 1294 imaginem

906 1305 1079 1340 exprimens,
1105 1308 1133 1331 et
1150 1303 1218 1330 citra
1238 1305 1438 1338 separationem
1458 1305 1531 1332 aliud
1552 1307 1690 1341 quidpiam

908 1358 969 1379 esse
981 1350 1098 1377 videtur.
1111 1349 1151 1377 ita
1173 1353 1200 1376 et
1217 1350 1355 1385 generatio
1369 1349 1441 1384 Filii,
1456 1359 1517 1378 cum
1533 1352 1569 1378 sit
1587 1353 1691 1387 absque

906 1397 1076 1432 separatione
1100 1404 1132 1423 ex
1154 1395 1243 1429 Patre,
1268 1397 1294 1423 in
1319 1404 1367 1425 sua
1390 1398 1527 1433 hypostasi
1546 1402 1691 1427 servatur.

905 1445 985 1480 longe
1000 1449 1088 1470 tamen
1110 1442 1189 1475 hujus
1205 1443 1319 1478 exempli
1348 1444 1405 1470 sive
1422 1444 1606 1470 simililmliuis
1637 1444 1689 1469 vim

904 1490 1046 1517 excedens.
1060 1514 1071 1520 ν
1376 1510 1379 1513 .

1045 1530 1088 1557 Ea:
1102 1531 1188 1564 capite
1215 1533 1325 1565 septimo
1348 1530 1548 1564 ejusdem'librt.

108 1574 138 1602 Ei
149 1575 274 1612 βουλήσει
296 1576 478 1611 γεγεννῆσθαί
498 1585 565 1611 φατε
584 1577 630 1603 τὸν
644 1577 717 1610 Tibi],
732 1578 780 1604 καὶ
792 1576 851 1612 βιά-

940 1574 969 1603 Si
990 1575 1105 1603 consilio
1119 1575 1208 1603 dicitis
1224 1575 1319 1603 Filium
1337 1577 1468 1610 genitum,
1484 1582 1510 1605 et
1527 1578 1689 1606 voluntatem

77 1619 148 1651 ζεσθε
171 1620 221 1656 τὴν
249 1621 312 1656 περὶ
340 1620 422 1647 αὑτοῦ
455 1621 566 1656 Θέλησιν
592 1623 782 1658 προϋπάρχειν
801 1624 850 1659 τῆς

77 1667 222 1701 γεννήσεως
240 1666 334 1700 αὑτοῦ,
361 1668 387 1694 τί
401 1667 438 1703 μὴ
452 1668 539 1695 ταῦτα
554 1678 637 1704 φησιν
649 1671 664 1706 ἡ
676 1670 771 1706 Γραφὴ
787 1671 852 1707 περὶ

77 1712 165 1745 αὑτοῦ,
177 1713 195 1740 ἃ
210 1713 243 1746 δὴ
255 1713 300 1740 καὶ
312 1713 375 1749 περὶ
387 1714 442 1741 τῶν
454 1714 542 1742 ἄλλων
558 1717 720 1750 ποιημάτων
736 1717 852 1752 λέγουσα

77 1757 211 1792 φαίνεταις
236 1759 297 1786 Ἐπὶ
318 1760 366 1794 μὲν
385 1761 439 1796 γὰρ
458 1761 513 1787 τῶν
530 1762 682 1795 γεγονότων
695 1763 770 1798 παρὰ
782 1763 850 1791 Θεοῦ

79 1807 232 1838 προηγεῖται
248 1805 366 1841 eam“.
381 1806 418 1838 ὼς
430 1807 459 1833 ὲν
473 1806 520 1842 τῷ,
540 1817 549 1833 ι
569 1809 729 1843 Ποιήσωμεν
747 1809 851 1845 ἄνθρω-

79 1857 133 1882 πον,
146 1859 154 1875 ι
165 1852 211 1877 καὶ
219 1852 248 1877 ὲν
257 1851 305 1887 τῷ,
312 1862 320 1877 ι
333 1853 422 1879 Πάντα
429 1853 478 1880 ὃσα
487 1854 619 1889 ἠθέλησεν
628 1855 763 1890 εποίησεν.
770 1866 779 1883 ι
790 1856 852 1884 Ἐπὶ

78 1894 102 1920 δὲ
121 1895 165 1922 τοῦ
184 1897 253 1924 Θεοῦ
273 1898 360 1929 Λόγου
374 1898 492 1934 οὐδαμοῦ
518 1899 626 1936 θέλησις
649 1901 706 1937 ἤτοι
726 1902 852 1939 βούλησις

79 1944 266 1980 προηγουμένη
283 1944 418 1979 φαίνεται,
432 1945 490 1972 ἀλλ’
512 1946 553 1974 ὅτι
565 1947 644 1982 μόνον
658 1946 693 1984 ἦν
717 1950 764 1976 καὶ
779 1950 852 1977 ἔστιν

78 1985 217 2023 ἀκούομεν.

368 2035 425 2063 Kal
440 2037 539 2065 τοῦτο.

109 2079 186 2114 Λέγει
201 2082 335 2115 όῐιαῦλος
361 2085 424 2119 περὶ
450 2084 498 2111 τοῦ
517 2084 643 2121 Σωτῆρος
667 2086 748 2122 ἡμῶν
763 2087 852 2122 Ἰησοῦ

77 2124 199 2161 Χριστοῦ,
210 2128 253 2155 ὅτι
267 2129 372 2156 τεθεοῦ
391 2130 506 2166 δύναμις
529 2132 584 2167 εἴη,
598 2133 646 2159 καὶ
672 2133 740 2161 Θεοῦ
758 2135 851 2169 σοφία.

79 2170 106 2198 Εἰ
120 2173 208 2201 τοίνυν
223 2176 306 2209 σοφία
331 2176 378 2203 καὶ
392 2177 508 2213 δύναμίς
521 2179 581 2205 ἐστι
594 2178 642 2205 τοῦ
671 2180 780 2214 Πατρὺς
794 2183 808 2208 ό
822 2182 852 2215 ἐξ

77 2219 153 2246 αὐτοῦ
173 2222 222 2249 καὶ
238 2222 268 2249 ὲν
275 2223 351 2258 αὐτῷ
363 2223 495 2259 ὑπάρχων
507 2225 603 2259 Λόγος,
613 2225 694 2256 αὐτὸς
708 2227 782 2254 ἐστιν
791 2227 820 2254 ἑν
830 2225 852 2262 ᾦ

79 2264 206 2300 βούλεται,
223 2269 271 2295 καὶ
283 2268 318 2295 δι’
333 2265 363 2296 οὗ
378 2270 468 2297 πάντα
482 2270 641 2306 ἐργάζεται.
669 2272 731 2303 Πῶς
754 2272 800 2300 οὖν
823 2275 852 2301 ὲν

79 2309 197 2346 βουλήσει
228 2313 350 2347 γέγονεν,
369 2315 397 2342 ἐν
410 2311 486 2351 ᾧπερ
517 2316 534 2352 ἡ
570 2315 699 2352 βούλησίς
718 2317 776 2345 ἐστι
805 2319 853 2346 τοῦ

79 2355 195 2392 11ατρός;
230 2359 247 2395 ἢ
273 2359 328 2395 γὰρ
343 2360 439 2396 ἑτέραν
457 2361 531 2396 ἡμᾶς
559 2361 656 2396 σοφίαν
668 2363 854 2391 ἀναπλάττειν

77 2401 222 2450 ανάγκηρν
259 2404 474 2441 βουλευσάμενος
481 2407 618 2444 πεποίηκε
626 2408 672 2436 τδν
682 2409 854 2450 Υίδν,καθὼς

79 2447 152 2482 ὕμεϊς
165 2459 245 2485 φατε,
276 2452 294 2488 ἢ
312 2453 336 2480 εἰ
351 2453 432 2489 ἑτέρα
453 2454 503 2482 οὐκ
517 2454 601 2488 ἔστιν,
623 2455 681 2482 ἀλλ’
700 2456 758 2483 ἔστι
775 2447 855 2491 ᾐόνος

79 2495 155 2529 αὐτὸς
169 2498 278 2533 ήσοφία
299 2500 348 2525 τοῦ
376 2499 493 2535 Πατρδς,
514 2501 595 2533 αὐτός
607 2502 682 2529 ἐστιν
700 2502 753 2537 ἄρα
770 2503 818 2530 καὶ
837 2504 855 2538 ὴ

81 2539 213 2578 βούλησις.
236 2544 283 2570 Ἐν
297 2543 353 2580 γὰρ
363 2545 446 2581 σοφίᾳ
459 2546 568 2579 πάντως
596 2547 627 2574 τὸ
642 2547 788 2583 βούλεσθαι
807 2549 855 2576 τοῦ

81 2586 156 2621 Θεοῦ,
171 2589 218 2617 καὶ
238 2589 356 2625 μάταιος
381 2591 445 2627 ὑμῖν
464 2592 478 2619 ὀ
494 2593 582 2627 λόγος,
600 2595 647 2622 καὶ
661 2595 737 2622 κενὸν
748 2595 855 2631 ἐδείχθη

81 2633 109 2660 τὸ
121 2633 296 2672 ἐπιχείρημα.

385 2729 438 2757 Kai
454 2729 553 2758 τοῦτο.

117 2771 149 2799 IS!
163 2773 216 2801 τῶν
227 2775 257 2801 ὲν
271 2775 397 2811 βουλήσει
406 2776 559 2812 γενομένων
575 2777 736 2812 προηγεῖται
747 2778 859 2814 χρόνος,

902 1624 990 1648 ortum
1006 1620 1065 1655 ejus
1080 1620 1260 1648 antecessisse
1286 1620 1463 1652 contenditis,
1495 1629 1544 1647 cur
1563 1629 1615 1648 non
1633 1622 1689 1650 hanc

902 1665 1069 1701 aScriptura
1086 1666 1140 1694 dici
1150 1666 1309 1698 declaratis,
1324 1673 1383 1701 quae
1396 1667 1428 1694 de
1445 1666 1506 1694 aliis
1522 1659 1603 1695 rebus
1629 1675 1690 1695 om-

903 1713 981 1740 nibus
995 1713 1148 1747 procreatis
1162 1713 1287 1740 dicuntur
1306 1711 1318 1738 Ἰ
1347 1711 1374 1739 In
1387 1712 1429 1739 bis
1462 1712 1534 1739 enim
1567 1712 1692 1740 voluntas

902 1759 1039 1792 praecedit,
1051 1762 1081 1785 ut
1096 1766 1128 1785 ex
1144 1757 1198 1785 illis
1224 1757 1374 1793 Scriptum
1408 1757 1499 1785 verbis
1525 1757 1614 1792 colligi
1644 1765 1693 1792 po-

904 1809 973 1831 test:
987 1803 1131 1831 Faciamus
1141 1804 1270 1831 hominem
1298 1810 1308 1829 .'
1327 1807 1372 1831 et:
1399 1802 1517 1837 Onmia,’
1534 1811 1692 1838 quotcunque

902 1848 984 1876 voluit
995 1848 1065 1883 fecit.
1084 1849 1114 1875 In
1125 1848 1173 1875 Dei
1196 1852 1284 1875 autem
1303 1846 1393 1876 Verbo
1419 1855 1467 1875 nec
1482 1848 1617 1881 voluntas,
1642 1857 1691 1876 nec

903 1893 1044 1922 consilium
1059 1893 1207 1928 praecessit.
1223 1894 1318 1929 itaque
1335 1894 1369 1922 de
1406 1893 1452 1921 illo
1488 1901 1542 1922 non
1567 1895 1692 1922 dicuntur

908 1946 950 1972 ea,
965 1939 1013 1967 sed
1029 1939 1087 1967 hate
1105 1939 1197 1975 potius
1217 1948 1225 1966 :
1247 1939 1326 1973 Erat,
1351 1943 1379 1968 et
1394 1944 1444 1967 est.

1149 2039 1274 2074 Ejusdem
1299 2043 1323 2067 et
1340 2039 1407 2067 hinc.

938 2085 1039 2114 Paulus
1051 2085 1225 2114 Servatorent
1241 2090 1364 2114 nostrum
1381 2085 1474 2113 Jesutn
1493 2085 1632 2114 Christum
1644 2086 1692 2114 Dci

903 2132 1031 2160 virtutem
1045 2132 1240 2166 etsapientiam
1259 2132 1405 2167 appellat'.
1421 2132 1449 2160 Si
1462 2133 1544 2168 igitur
1560 2133 1695 2168 sapientia

903 2185 931 2207 et
942 2180 1027 2207 virtus
1036 2183 1078 2207 est
1088 2177 1177 2206 Patris
1194 2177 1307 2205 Verbtttn
1320 2186 1351 2206 ex
1378 2178 1437 2213 ipso
1450 2185 1476 2206 et
1492 2179 1519 2206 in
1541 2179 1600 2213 ipso
1623 2178 1695 2206 exsi-

904 2224 1029 2256 stens,in
1043 2231 1077 2251 eo
1101 2223 1227 2250 nimirunt
1245 2228 1272 2250 et
1285 2223 1409 2259 perillud
1431 2224 1487 2259 ipse
1501 2223 1558 2251 vult
1578 2228 1605 2251 et
1629 2223 1691 2251 facit

904 2272 1005 2299 omnia.
1016 2271 1156 2305 Quomodo
1168 2271 1252 2306 igitur
1263 2270 1377 2298 consilio
1389 2275 1416 2298 et
1429 2271 1568 2298 voluntate
1588 2270 1691 2298 factum

904 2321 945 2344 est
959 2317 998 2350 id,
1009 2317 1036 2345 in
1051 2324 1105 2352 quo
1118 2316 1205 2344 Patris
1215 2316 1357 2344 consilium
1370 2316 1550 2351 voluntasque
1558 2317 1694 2344 consistit.

903 2364 958 2392 Aut
986 2364 1059 2392 enim
1070 2363 1149 2391 aliant
1167 2363 1258 2390 verbis
1281 2363 1444 2397 sapientiam
1470 2363 1624 2398 contingere
1648 2370 1696 2390 ne-

904 2415 1041 2444 cesseest.
1060 2418 1113 2445 qua
1127 2409 1208 2437 Pater
1238 2409 1383 2438 consulens
1414 2414 1441 2437 et
1469 2409 1564 2437 volens
1587 2409 1695 2441 Filium

905 2455 1093 2491 feceritmuod
1119 2461 1210 2484 tamen
1225 2463 1273 2483 vos
1290 2462 1342 2483 non
1374 2455 1457 2490 pudet
1495 2455 1692 2489 comminisci):

908 2506 955 2529 aut
975 2503 996 2529 si
1013 2502 1066 2530 alia
1079 2502 1210 2537 sapientia
1227 2509 1280 2528 non
1302 2506 1354 2533 est,
1378 2501 1427 2529 sed
1456 2501 1513 2536 ipse
1546 2501 1624 2529 solus
1655 2506 1698 2528 est

909 2547 996 2575 Patris
1021 2547 1165 2582 sapientia,
1192 2547 1249 2582 ipse
1276 2547 1402 2574 nimirum
1436 2551 1477 2574 est
1500 2547 1581 2574 etiam
1609 2545 1698 2573 Patris

909 2595 1035 2622 voluntas
1051 2598 1134 2629 atque
1144 2593 1299 2626 consilium,
1311 2593 1339 2621 in
1352 2593 1482 2628 sapientia
1499 2593 1571 2620 enim
1587 2593 1638 2620 sita
1658 2598 1700 2619 est

913 2639 1038 2667 voluntas
1052 2639 1111 2669 Dei.
1127 2639 1308 2672 Quamobrem
1336 2639 1456 2666 rationes
1475 2643 1574 2666 vestrae
1607 2638 1699 2665 futiles

909 2690 981 2719 sunt,
999 2691 1025 2714 et
1035 2690 1193 2721 argumenta
1208 2689 1298 2713 vestra
1329 2685 1420 2712 mania
1451 2685 1585 2719 stultaque
1608 2689 1698 2711 ruunt.

1203 2731 1326 2767 Ejusdem
1341 2735 1365 2758 et
1387 2732 1451 2758 Iure.

949 2779 976 2807 Si
992 2786 1034 2813 ea,
1051 2786 1112 2814 quae
1133 2778 1270 2806 voluntate
1289 2778 1368 2807 ﬁunt.
1388 2781 1469 2812 egent
1495 2781 1626 2810 tempore,
1647 2784 1700 2810 quo

86 2817 144 2844 καθ’
160 2818 190 2847 ὃν
201 2821 218 2856 ἡ
231 2822 296 2857 περὶ
315 2821 398 2850 αὑτὸν
414 2822 512 2857 σκέψις
523 2822 642 2858 ιγένετο,
658 2824 706 2850 καὶ
720 2824 744 2851 si
761 2825 851 2862 μικρόι

926 2825 1015 2855 leillis
1028 2825 1170 2854 consilium
1189 2825 1324 2861 capiatur,
1338 2823 1403 2851 licet
1430 2822 1546 2858 spatium
1572 2821 1639 2850 illud
1665 2823 1702 2851 sit

123 2875 132 2892 ⁸
146 2877 207 2906 Cor.
224 2883 244 2912 i.
259 2881 305 2910 24.
