1891 3076
192 151 249 185 6’33

814 151 1008 182 EUTHYMH
1031 152 1214 184 ZIGABENI

1784 151 1835 182 664

193 217 323 247 perquam
351 210 494 245 exiguum,
536 210 674 245 quomodo
703 214 855 246 temporum
875 209 986 237 etlcctor

1071 220 1098 238 ut
1128 221 1174 240 και
1191 213 1336 249 ἁκαριαῖνιν
1350 213 1462 248 δοίημεν
1476 211 1568 245 αὑτὸν,
1598 212 1656 243 πῶς
1673 210 1753 237 ἔσται
1771 211 1832 245 χρόα

193 256 278 286 Filius
288 257 352 289 erit,
369 256 448 293 cujus
465 261 555 284 ortutn
579 257 706 286 voluntas
730 262 758 285 et
775 257 918 285 consilium
943 264 991 284 an-

192 303 320 331 tecedit?
349 302 402 330 Sed
427 306 581 338 temporum
602 307 697 331 auctor
723 307 777 331 est.
802 302 867 329 Erat
896 301 990 336 igitur.

191 354 219 377 et
233 355 296 377 ante
318 354 410 377 Ortum
426 349 501 377 illius
510 353 552 377 est
573 349 651 376 nihil.

401 424 403 427 τ
458 394 589 427 Eiusdem
603 400 629 422 et
645 395 712 423 Itazc.

229 443 258 472 Si
275 442 408 478 sapientia
423 442 514 470 Patris
534 447 578 470 est
591 441 688 472 Filius.
706 447 737 470 ut
762 448 825 470 vere
843 447 896 475 est,
925 448 992 476 quoe

192 487 273 514 modo
296 491 404 522 tempus
421 493 482 514 esse
505 486 678 521 potuit,cum
694 487 721 514 in
749 486 808 521 ipso
833 493 888 513 non
917 489 991 514 esset

191 533 323 568 sapientia
335 533 347 559 ?
357 533 434 567 Quod
446 534 468 561 si
486 533 521 560 ab
531 533 605 561 omni
621 534 774 562 :eternitate
788 533 816 561 in
837 532 919 561 Patre
936 537 988 566 est,

192 587 300 615 semper
315 579 387 607 enim
413 579 522 616 sapiens
552 584 594 608 est
610 579 703 614 Pater,
725 581 864 615 quomodo
875 579 989 615 cogitari

191 631 280 660 potest
303 626 452 662 quidquam
473 626 611 662 antiquius
641 633 684 660 eo,
715 627 788 662 quod
819 631 988 662 semperest,

191 677 240 700 aut
251 673 386 708 quomodo
402 673 528 702 voluntas
547 673 728 707 intercedere,
752 682 813 710 quas
829 673 925 701 Filium
937 673 988 700 ali-

191 718 299 752 quando
316 726 368 746 non
396 719 573 746 exsistentem
597 718 725 751 adducat,
759 719 805 754 qui
824 719 903 747 simul
925 725 987 746 cum

191 762 318 790 Genitore
337 762 424 797 ipsius
446 769 475 791 ut
490 763 548 798 ejus
562 763 693 798 sapientia
722 768 839 792 aeternus
850 763 914 791 est?
929 763 987 791 Non

193 809 329 836 voluntate
341 809 434 844 igitur,
447 811 494 838 sed
507 815 603 838 natura
619 809 715 838 Filium
739 810 832 845 gignit.
844 809 899 838 Hoc
914 810 987 838 enim

191 855 230 883 illi
255 855 342 891 magis
362 856 495 891 congruit.

459 901 583 937 Ejusdem
595 907 618 930 et
638 903 704 930 hac.

228 949 256 978 Si
283 950 355 978 nulla
391 949 516 978 voluntas
533 949 558 977 in
572 949 626 977 ullo
636 956 676 977 est
692 950 752 978 sine
763 950 859 982 verbo,
873 949 923 976 hoc
934 953 985 980 est,

191 996 249 1022 sine
265 995 369 1023 ratione
404 994 461 1029 illa,
486 1003 546 1030 quae
578 995 658 1022 tacite
687 996 712 1022 in
742 994 833 1023 animo
852 998 987 1027 versatur,

191 1041 276 1069 Filius
291 1046 382 1069 autem
397 1047 440 1069 est
459 1041 576 1070 Verbum
598 1039 699 1074 Patris,
719 1041 792 1070 Illius
805 1047 871 1075 ergo
889 1040 986 1068 volun—

195 1093 236 1115 Ius
249 1092 303 1116 est.
323 1087 465 1122 Quomodo
479 1087 563 1124 igitur
577 1087 704 1116 voluntas
720 1088 746 1115 in
766 1089 905 1115 voluntate
920 1087 984 1119 erit,

190 1139 238 1162 aut
252 1133 370 1163 Verbum
387 1135 413 1162 in
425 1134 641 1163 Verboi0mnia
659 1142 725 1170 ergo
739 1139 781 1163 est
795 1133 881 1163 Filius
896 1135 984 1167 Patri,

190 1186 217 1207 et
245 1180 362 1209 Verbum
378 1201 386 1214 ,
417 1185 445 1210 et
469 1181 618 1215 voluntas,
642 1187 670 1210 et
700 1182 852 1217 sapientia,
868 1187 895 1211 et
919 1181 986 1210 nihil

190 1231 254 1254 ante
272 1227 360 1267 ipsum
376 1228 404 1255 in
419 1227 512 1256 Patre.

192 1308 195 1309 ν
458 1274 584 1310 Ejusdem
600 1281 623 1303 et
641 1277 706 1304 haec.

227 1319 460 1354 Quemadmodum
478 1328 530 1350 non
549 1329 582 1349 ex
611 1322 752 1350 voluntate
781 1323 912 1351 habemus
936 1330 987 1351 nos

190 1374 219 1394 ut
236 1372 328 1402 patres
351 1366 436 1395 simus
452 1374 545 1394 eorum
564 1367 610 1403 qui
625 1374 658 1396 ex
685 1368 764 1397 nobis
776 1373 851 1402 sunt,
876 1369 925 1397 sed
953 1376 986 1396 ex

191 1413 353 1446 λειω-τηθὶς
377 1413 458 1441 etiam
477 1412 549 1441 Deus
572 1421 625 1442 non
647 1413 797 1446 voluntate.
817 1415 865 1442 sed
891 1420 986 1443 natura

192 1460 272 1487 Pater
283 1464 335 1487 est.
352 1457 385 1486 Et
395 1459 622 1494 quemadmodum
650 1459 699 1488 ﬁlii
713 1467 747 1488 ex
759 1460 837 1489 nobis
852 1462 987 1496 procreati

193 1505 272 1534 nobis
290 1510 390 1533 natura
412 1504 516 1534 similes
530 1505 640 1534 omnino
659 1510 733 1541 sunt,
754 1506 793 1535 slc
808 1507 889 1535 etiam
904 1507 988 1536 Filius

1043 267 1096 286 νων
1114 259 1228 296 ποιητὴς
1257 262 1271 286 ὀ
1299 260 1373 292 Υἱὸς,
1398 261 1423 287 et
1443 259 1571 295 βούλησις
1599 259 1755 294 προηγεῖτα
1787 257 1835 291 τῆς

1043 305 1197 340 γεννήσεως
1204 305 1286 332 αὑτοῦ
1297 313 1305 339 ;
1318 306 1389 333 Ἀλλ’
1399 306 1456 332 ἐστι
1465 305 1568 341 χρόνων
1579 304 1697 340 ποιητής
1704 312 1712 320 ·
1723 300 1762 339 ἦν
1771 304 1835 338 ἄρα,

1043 351 1091 378 καὶ
1103 351 1182 379 οὐδέν
1197 352 1257 379 ἐστι
1271 351 1324 388 πρὸ
1336 352 1385 388 τῆς
1397 352 1550 387 γεννήσεως
1563 351 1647 379 αὐτοῦ

1348 400 1402 428 Kal
1419 399 1521 427 τοῦτο.

1078 447 1108 473 Εἰ
1123 447 1203 482 σοφία
1217 446 1265 474 τοῦ
1280 446 1388 481 Πατρός
1402 446 1478 472 ἐστιν
1496 446 1510 471 6
1524 445 1598 478 Υἱὸς,
1613 445 1710 480 ὥσπερ
1724 444 1775 472 οὖν
1789 445 1836 471 xa‘.

1041 493 1111 527 ἔστι,
1124 494 1181 526 πῶς
1196 495 1256 521 ἐστι
1271 494 1377 530 χρόνος,
1396 493 1441 520 ὅτε
1461 493 1511 519 οὐκ
1532 490 1567 527 ἦν
1589 492 1619 518 ἐν
1640 491 1718 527 αὐτῷ
1735 492 1834 526 cog—.55:

1042 540 1074 568 Ei
1088 540 1116 567 δέ
1134 541 1209 567 ἐστιν
1235 540 1330 572 ἀῖδίως
1348 541 1378 568 ἑν
1398 539 1437 575 τῷ
1454 539 1551 575 Πατρὶ,
1577 539 1621 566 ἀεὶ
1638 538 1695 573 γὰρ
1717 538 1804 572 σοφὸς
1821 539 1835 565 ὁ

1042 587 1155 623 Πατήρσ
1171 587 1230 618 πῶς
1252 587 1387 623 ἡγήσεται
1408 596 1434 613 τι
1448 585 1496 613 τοῦ
1512 585 1558 613 ἀεὶ
1576 585 1673 619 όντοςς
1690 585 1755 616 Πῶς
1771 585 1800 611 δὲ
1817 586 1833 619 ἠ

1042 633 1171 670 βούλησις
1186 634 1307 669 χωρήσει
1323 633 1426 668 μεταξῦ
1455 633 1494 668 μὴ
1520 631 1586 659 ὅντα
1602 633 1668 658 ποτὲ
1695 632 1741 658 τὸν
1770 632 1834 658 Ti)»;

1041 680 1219 715 εἰσφέρουσα,
1229 680 1274 706 τὸν
1289 679 1328 715 τῷ
1342 680 1504 714 γεννήσαντι
1521 679 1671 711 συναῖδιον,
1686 678 1726 710 ὠς
1738 679 1834 712 σοφίαν

1040 725 1142 760 αὐτοῦς
1157 725 1196 754 Οὐ
1210 726 1337 762 βουλήσει
1349 726 1404 762 ἄρα
1415 726 1499 761 γεννᾷ
1515 725 1560 752 τὸν
1572 726 1648 758 Υἱδν,
1659 726 1730 752 ἀλλὰ
1741 725 1832 760 φύσει.

1040 773 1147 809 Πρέπει
1163 773 1219 810 γὰρ
1234 773 1314 800 τοῦτο
1331 772 1433 808 μᾶλλον
1451 772 1535 808 αὐτῷ.

1354 901 1409 930 Καὶ
1429 901 1529 929 τοῦτο.

1078 951 1109 978 Ei
1125 951 1200 977 πᾶσα
1214 949 1368 985 βούλησιςή
1382 949 1411 975 ἐν
1421 956 1477 974 τισι
1487 947 1619 983 γινομένη
1635 948 1666 974 οὐ
1681 948 1744 983 δίχα
1754 948 1834 983 λόγου

1041 998 1163 1032 γίνεται,
1180 996 1260 1031 λόγος
1276 995 1332 1030 γάρ
1347 996 1422 1022 ἐστιν
1438 994 1550 1029 ἀφανῶς
1581 995 1610 1021 ὲν
1629 995 1734 1031 καρδίᾳ
1753 1004 1834 1031 στρε-

1041 1042 1336 1079 φόμενοςήβοῦλησις,
1354 1041 1412 1068 ἔστι
1430 1041 1459 1068 δὲ
1482 1041 1496 1067 6
1516 1041 1580 1072 Tib;
1599 1041 1689 1076 Λόγος
1703 1042 1755 1068 τοῦ
1778 1043 1834 1069 Πα-

1039 1090 1103 1126 τρός
1113 1098 1121 1107 ·
1137 1089 1219 1122 αὐτὸς
1235 1089 1290 1125 ἄρα
1305 1088 1380 1115 ἐστὶν
1395 1089 1413 1124 ή
1426 1088 1564 1123 βούλησις.
1581 1087 1647 1115 Εἶτα
1666 1089 1729 1121 πῶς
1744 1090 1760 1124 ή
1776 1089 1832 1124 βού-

1039 1138 1118 1173 λησις
1128 1137 1157 1164 ἐν
1169 1137 1296 1172 βουλήσει
1310 1135 1434 1170 γίνεται;
1449 1136 1466 1172 ἢ
1485 1135 1546 1166 πῶς
1563 1135 1578 1162 6
1589 1135 1677 1169 Λόγος
1694 1136 1725 1162 ἐν
1744 1136 1831 1170 Λὸγιτ;

1041 1184 1136 1211 Πάντα
1152 1183 1244 1211 τοίνυν
1256 1183 1329 1209 ἐστὶν
1340 1183 1354 1208 6
1366 1182 1430 1213 Υἱὸς
1444 1180 1484 1216 τῷ
1499 1181 1600 1216 Πατρὶ,
1609 1183 1657 1208 καὶ
1670 1182 1770 1215 Λόγος,
1788 1183 1834 1209 καὶ

1041 1230 1136 1265 βουλὴ,
1149 1229 1197 1257 καὶ
1207 1229 1299 1264 σοφία,
1311 1229 1360 1255 καὶ
1368 1228 1445 1255 οὐδέν
1456 1228 1532 1254 ἐστιν
1540 1228 1569 1254 ὲν
1578 1228 1664 1262 Πατρὶ
1675 1229 1731 1264 πρὸ
1739 1228 1832 1255 αὑτοῦ.

1341 1275 1395 1303 Καὶ
1411 1276 1511 1303 τοῦτο.

1077 1324 1186 1358 Ὠσπερ
1202 1322 1253 1348 οὐκ
1275 1322 1307 1348 ἐκ
1323 1321 1479 1356 βουλήσεως
1500 1322 1581 1357 ἡμεῖς
1595 1321 1696 1356 ἔχομεν
1713 1321 1745 1347 τὸ
1761 1318 1831 1347 εἶναι

1041 1370 1161 1406 πατέρες
1183 1369 1237 1395 τῶν
1251 1368 1281 1400 ἐξ
1298 1367 1390 1403 ἡμῶν,
1406 1367 1474 1394 ἀλλὰ
1491 1367 1624 1401 φυσικῶς,
1655 1367 1734 1393 οὓτω
1756 1367 1803 1393 καὶ
1820 1367 1834 1392 6

1040 1416 1108 1449 θεὸς
1131 1416 1180 1443 καὶ
1193 1413 1287 1450 Πατὴρ
1302 1413 1354 1440 οὐκ
1382 1415 1414 1440 ἐκ
1434 1413 1590 1448 βούλησεως
1612 1413 1711 1448 Πατήρ
1743 1414 1831 1444 ἐστιν,

1041 1463 1110 1492 ἁλλὰ
1132 1461 1268 1498 φυσικῶς.
1290 1461 1345 1488 Καὶ
1369 1461 1465 1497 ὥσπερ
1485 1462 1510 1487 οἱ
1525 1461 1555 1494 ἐξ
1581 1461 1659 1496 ήμῶν
1677 1461 1834 1496 τικτόμενοι

1041 1512 1130 1546 ὅμοιοι
1156 1508 1266 1540 πάντως
1286 1508 1352 1543 ἡμῖν
1365 1507 1427 1534 κατ’
1441 1507 1539 1534 οὐσίαν
1561 1507 1641 1539 εἰσὶν,
1661 1506 1738 1534 οὕτω
1755 1507 1802 1533 καὶ
1820 1507 1834 1532 ό

193 1559 245 1580 non
253 1552 436 1584 extrinsecus,
448 1551 495 1580 sed
513 1559 546 1580 ex
562 1552 681 1581 essentia
695 1552 784 1581 Patris
813 1554 931 1589 genitus,
949 1554 986 1582 si-

1071 1559 1105 1590 ἱὺς
1132 1557 1183 1585 οὐκ
1201 1532 1313 1588 ﬁndit:
1325 1554 1364 1590 τῷ
1390 1555 1478 1590 Πιτρὶ
1505 1532 1740 1590 προσγενόμενος,
1771 1552 1834 1581 ἀλλ’

192 1599 266 1626 milis
287 1602 329 1626 est
354 1598 380 1626 in
401 1598 528 1627 omnibus
557 1597 689 1627 Genitori.
707 1598 986 1634 Etﬁquemadmodsu

192 1645 273 1675 Pater
298 1652 351 1673 non
377 1654 410 1674 ex
431 1645 572 1674 voluntate
600 1645 743 1680 Paterjest,
767 1646 803 1674 ita
824 1653 875 1674 nec
901 1646 988 1675 Filius

192 1695 279 1718 estex
298 1690 445 1724 voluntate,
470 1692 517 1719 sed
537 1698 584 1726 per
605 1696 742 1725 naturam,
764 1699 826 1720 cum
843 1692 879 1721 sit
897 1693 987 1728 splen-

193 1737 243 1767 dor
266 1742 291 1765 et
310 1738 396 1773 tignra
413 1738 485 1767 illius
501 1739 522 1772 ',
539 1738 584 1774 qui
602 1745 630 1767 se
648 1738 751 1774 genuit.

461 1847 589 1882 Ejusdem
602 1854 626 1875 et
644 1851 709 1876 hac.

232 1893 411 1922 Vehementer
425 1893 574 1921 absurdum
601 1898 630 1921 et
643 1893 827 1929 periculosum
846 1898 890 1922 est
910 1894 986 1922 dice-

194 1949 224 1970 re
239 1938 335 1968 Filium
350 1941 488 1968 voluntate
512 1939 633 1974 genitum
660 1946 734 1968 esse.
766 1939 817 1974 Qui
833 1940 904 1967 enim
931 1947 985 1967 non

194 1986 331 2013 voluntate
347 1985 428 2013 Pater
446 1989 475 2013 et
498 1984 569 2013 Deus
579 1988 630 2019 est,
647 1985 670 2013 is
686 1991 737 2013 nec
750 1985 890 2012 voluntate
905 1985 985 2012 habet

194 2037 227 2057 ex
243 2030 359 2058 essentia
373 2037 420 2058 sua
445 2031 608 2066 proveniens
630 2030 760 2063 Verbum,
778 2030 825 2058 sed
853 2030 987 2058 naturali-

195 2080 246 2106 ter.
262 2074 309 2105 Sie
318 2075 391 2105 enim
405 2080 447 2103 est
459 2075 543 2112 tlgura
561 2075 654 2111 ipsius,
673 2080 701 2103 et
720 2076 810 2111 imago
829 2082 882 2104 non
907 2074 985 2103 falsa.

404 2165 442 2193 Ετ
455 2166 545 2194 eodem
561 2166 638 2196 libro.
657 2174 716 2199 cap.
736 2165 779 2193 90.

1042 1607 1130 1638 ὅντως
1145 1605 1180 1632 ἐκ
1198 1604 1248 1638 τῆς
1262 1602 1357 1634 οὐσίας
1383 1602 1467 1628 αὑτοῦ
1492 1600 1643 1637 προελθὼν,
1658 1601 1755 1635 ὅμοιός
1777 1602 1835 1627 ἐστι

1042 1653 1116 1680 κατὰ
1126 1651 1218 1678 πάντα
1227 1650 1266 1686 τῷ
1273 1649 1462 1684 γεγεννηκότι.
1474 1649 1529 1675 Καὶ
1543 1648 1638 1683 ὥσπερ
1649 1648 1662 1674 6
1674 1647 1774 1682 Πατὴρ
1787 1646 1836 1674 οὐκ

1042 1700 1077 1726 ἐκ
1090 1698 1246 1734 βουλήσεως
1255 1697 1314 1723 ὲστι
1332 1695 1438 1731 Πατὴρ,
1458 1695 1532 1721 οὕτω
1547 1695 1594 1721 καὶ
1619 1695 1634 1721 6
1650 1694 1713 1725 Υἱὸς
1725 1695 1781 1720 οὐκ
1799 1695 1831 1720 ἐκ

1044 1743 1199 1780 βουλήσεώς
1213 1744 1289 1770 ἐστιν
1307 1742 1382 1775 Υἰδς,
1391 1741 1461 1769 ἀλλὰ
1475 1741 1547 1768 κατὰ
1565 1740 1647 1774 φύσιν
1658 1740 1836 1775 ἀπαύγασμα

1044 1793 1091 1818 καὶ
1102 1790 1249 1826 χαρακτὴρ
1267 1789 1400 1824 ὑπάρχων
1417 1787 1466 1815 τοῦ
1477 1788 1660 1822 γεννήσαντος
1676 1787 1773 1813 αὐτόν.

1345 1835 1400 1863 Καὶ
1418 1835 1518 1863 τοῦτο.

1079 1884 1198 1912 ’Δτοπον
1217 1882 1321 1919 σφόδρα
1332 1902 1340 1914 ,
1352 1883 1400 1909 καὶ
1410 1881 1586 1909 ἐπικίνδυνον
1599 1880 1643 1916 ἐφ’
1658 1880 1725 1907 Υἱοῦ
1739 1880 1836 1915 λέγειν

1041 1932 1080 1965 τὸ,
1092 1931 1225 1966 Βουλήσει
1240 1929 1331 1966 ἄρα,ή
1345 1930 1419 1966 παρᾶ
1432 1929 1562 1965 βούλησιν
1574 1928 1716 1963 ἐγεννήθη.
1734 1928 1768 1954 ὐ
1781 1930 1835 1963 γὰρ

1040 1979 1091 2004 οὐχ
1103 1979 1138 2005 ὲκ
1155 1976 1310 2013 βουλήσεως
1322 1975 1454 2011 ὑπάρχων
1471 1976 1566 2010 Πατὴρ
1577 1975 1625 2001 καὶ
1638 1973 1704 2005 Θεὸς
1719 1972 1787 1999 οὐδὲ
1802 1974 1834 1998 ἐκ

1041 2024 1197 2060 βουλήσεως
1213 2023 1269 2059 ἔχει
1280 2022 1327 2050 τὸν
1339 2023 1372 2049 ὲκ
1387 2023 1437 2057 τῆς
1453 2021 1550 2053 οὐσίας
1562 2021 1646 2047 αὑτοῦ
1660 2019 1833 2055 προελθόντα

1039 2072 1137 2106 Λόγον,
1156 2071 1225 2099 ἀλλὰ
1237 2069 1372 2105 φυσικῶς.
1395 2068 1444 2103 Eii)
1456 2068 1512 2104 γὰρ
1525 2067 1558 2094 ἂν
1573 2067 1622 2094 καὶ
1632 2066 1717 2098 οὕτως
1747 2066 1832 2094 εἰκὼν

1041 2119 1135 2153 αὐτοῦ,
1151 2119 1199 2146 καὶ
1212 2117 1357 2154 χαρακτὴρ
1367 2117 1398 2144 οὐ
1411 2115 1622 2151 διεψευσμένος.

1131 2165 1204 2193 Ἀπὸ
1216 2164 1385 2200 κεφαλαίου
1399 2162 1423 2190 κ’
1437 2163 1491 2191 τοῦ
1502 2162 1597 2190 αὑτοῦ
1608 2161 1747 2194 βιϐλίου.

237 2219 321 2247 David
342 2216 442 2245 alicubi
469 2217 506 2244 ita
533 2216 607 2243 canit
631 2225 637 2242 :
664 2224 673 2241 ι
687 2215 771 2243 Sedes
791 2220 848 2247 tua,
869 2215 950 2248 Deus,
967 2215 987 2243 ir

1074 2218 1177 2246 Ψάλλει
1194 2227 1246 2246 που
1258 2218 1349 2245 Δαὸίδ·
1361 2227 1370 2244 t
1382 2219 1410 2245 '0
1425 2217 1520 2254 θρόνος
1534 2225 1592 2249 σου,
1608 2217 1623 2244 6
1637 2216 1714 2247 Θεδς.
1729 2216 1775 2247 εἰς
1789 2215 1833 2242 τὸν

202 2265 330 2294 saxulum
354 2262 454 2291 szeculi.
471 2271 481 2288 ι
495 2261 598 2290 Deinde
613 2262 650 2289 ait
664 2271 671 2289 :
688 2271 698 2287 ι
713 2261 859 2296 Propterea
875 2262 951 2289 unxit
966 2266 994 2289 te

201 2311 284 2339 Deus.
298 2308 369 2337 Deus
384 2313 456 2340 tuus,
469 2307 529 2335 oleo
541 2306 733 2334 exsultationis
745 2313 800 2341 pra:
814 2306 994 2341 participibus

202 2357 256 2384 tuis
279 2357 301 2384 ³.
318 2365 328 2382 ι
342 2354 425 2389 Atqui
445 2359 506 2381 erat
523 2353 641 2381 Verbum
655 2353 738 2381 etiam
754 2357 817 2380 ante
837 2353 992 2381 unctionem

200 2409 319 2438 regnans
332 2409 394 2429 cum
409 2400 499 2428 Patre.
513 2399 653 2433 Quomodo
668 2399 752 2434 igitur
765 2399 792 2427 in
804 2406 897 2435 regem
916 2399 994 2434 ungi-

200 2454 245 2476 tur
262 2452 290 2476 et
302 2446 499 2478 sanctificatur,
523 2445 569 2481 qui
591 2452 698 2480 semper
717 2449 814 2480 regnat
828 2449 994 2480 sanctusque

200 2493 331 2522 exsistit?
345 2492 578 2527 Quemadmodum
595 2491 676 2527 igitur
694 2498 756 2519 curn
777 2497 884 2525 semper
903 2490 928 2518 id
947 2491 993 2525 sit,

200 2539 304 2566 ultimis
331 2543 419 2565 tamen
443 2536 611 2572 temporibus
638 2543 767 2572 regnasse
793 2536 893 2564 dicitur
919 2545 926 2563 :
954 2535 990 2564 ita

200 2592 262 2612 cum
281 2584 317 2612 sit
333 2582 491 2615 altissimus,
507 2582 643 2610 exaltatus
663 2589 725 2610 esse
745 2575 855 2613 dicitur.
881 2586 990 2617 propter

200 2630 427 2659 incarnationem.
442 2629 584 2659 Exaltatur
593 2634 696 2661 autem,
707 2632 735 2655 et
748 2622 869 2662 u'ngitur,
885 2633 913 2654 et
925 2635 990 2654 san-

200 2677 336 2705 c'titicatur
349 2680 461 2712 propter
475 2683 537 2708 nos,
549 2679 578 2703 ut
593 2682 642 2709 per
655 2675 742 2709 ipsum
754 2674 840 2709 gratia
857 2674 882 2701 in
899 2681 994 2701 omnes

199 2724 352 2754 derivetur,
383 2727 412 2750 ut
435 2723 491 2758 jam
520 2725 622 2749 natura:
650 2720 748 2748 collata
776 2720 878 2754 totique
900 2720 992 2754 generi

199 2769 305 2804 largita.
321 2769 368 2796 Sic
384 2769 455 2796 enim
466 2767 594 2795 Servator
604 2766 662 2802 ipse
679 2766 706 2793 iu
722 2765 867 2802 Evangelia
880 2765 994 2793 Joannis

200 2815 239 2845 ait
254 2823 261 2844 ι
280 2824 288 2840 ι
306 2814 359 2841 Pro
373 2814 439 2849 ipsis
461 2814 510 2848 ego
527 2812 671 2841 sanctiﬁco
685 2812 830 2848 mcipsum,
845 2816 874 2840 ιιι
891 2812 947 2840 sint
967 2816 993 2840 et

250 2890 257 2908 ’
271 2890 376 2924 ilebm,
391 2891 417 2918 5.
455 2892 464 2907 ²
477 2889 550 2919 Psal.
566 2897 639 2920 χιιι.
657 2888 685 2922 7,
702 2887 730 2918 8.

1040 2267 1126 2294 αἰῶνα
1137 2265 1184 2293 τοῦ
1204 2264 1310 2296 αἰῶνος.
1326 2274 1336 2291 ι
1354 2262 1423 2291 Εἶτά
1445 2272 1512 2299 φησι
1527 2272 1535 2280 ·
1552 2272 1563 2290 ‹
1577 2263 1627 2290 Διὰ
1641 2261 1720 2290 τοῦτο
1736 2262 1832 2298 ἔχρισε

1038 2321 1070 2340 σε
1085 2313 1100 2339 6
1113 2312 1188 2343 Θεὸς,
1202 2313 1216 2338 ό
1233 2311 1301 2343 Θεός
1329 2319 1386 2343 σου,
1408 2309 1499 2337 Ελαιον
1523 2309 1718 2344 ἀγαλλιάσεως.
1740 2317 1750 2333 ι
1780 2309 1833 2334 Καὶ

1039 2356 1073 2393 ἦν
1085 2358 1100 2384 6
1117 2357 1203 2391 Λόγος
1224 2356 1273 2384 καὶ
1295 2356 1349 2392 πρὸ
1379 2356 1429 2391 τῆς
1457 2354 1576 2390 χρίσεως
1595 2353 1748 2389 βασιλεύων
1765 2354 1833 2388 μετὰ

1040 2403 1156 2438 αατρός.
1170 2402 1232 2434 Πῶς
1250 2399 1296 2429 οὖν
1308 2402 1348 2433 εἰς
1361 2400 1473 2436 βασιλέα
1485 2400 1590 2436 χρίεται
1605 2399 1652 2426 καὶ
1662 2398 1810 2432 ἁγιάζεται
1820 2399 1833 2423 6

1041 2449 1085 2476 ἀεὶ
1118 2447 1266 2484 βασιλεύων
1291 2447 1338 2474 καὶ
1363 2447 1441 2481 ἅγιος
1457 2445 1512 2479 div;
1541 2445 1647 2480 ’Ὠσπερ
1674 2445 1770 2471 τοίνυν
1792 2444 1834 2471 ἀεὶ

1040 2494 1119 2522 τοῦτο
1129 2493 1177 2526 ὣν,
1189 2495 1217 2520 ὲν
1229 2493 1353 2529 ἐσχάτοις
1365 2492 1469 2528 καιροῖς
1480 2491 1701 2527 βεϐασιλευκέναι
1711 2490 1832 2524 λέγεται·

1040 2538 1112 2566 οὕτω
1142 2539 1189 2565 καὶ
1203 2538 1316 2573 ὕψιστος
1346 2537 1395 2568 ὢν,
1424 2535 1559 2571 ὑψοῦσθαι
1586 2535 1695 2570 λέγεται
1718 2535 1767 2562 διὰ
1785 2535 1834 2569 τὴν

1041 2586 1173 2621 ἕνσαρκον
1193 2584 1359 2619 οἰκονομίαν.
1392 2582 1522 2618 ’Υψοῦται
1543 2582 1573 2610 δὲ
1593 2582 1640 2609 καὶ
1665 2581 1775 2617 χρίεται
1787 2581 1833 2608 καὶ

1043 2631 1184 2666 ἁγιάζεται
1209 2631 1244 2658 δι’
1255 2631 1342 2666 ἡμᾶς,
1363 2630 1406 2657 ἵνα
1431 2630 1464 2656 δι’
1481 2628 1566 2657 αὑτοῦ
1583 2629 1667 2664 τρέχῃ
1686 2628 1782 2654 λοιπὸν
1795 2629 1832 2659 εἰς

1043 2677 1146 2708 πάντας
1155 2677 1172 2711 ή
1186 2676 1276 2711 χάρις,
1288 2676 1325 2707 ὡς
1335 2675 1386 2710 ήδη
1400 2674 1507 2702 δοθεῖσα
1524 2675 1558 2709 τῇ
1573 2674 1664 2708 φύσει,
1677 2673 1725 2700 καὶ
1739 2673 1832 2699 λοιπὸν

1042 2723 1095 2757 ὅλῳ
1109 2722 1251 2756 σωζομένη
1269 2720 1308 2756 τῷ
1324 2720 1408 2755 γένει.
1427 2719 1504 2747 Οὕτω
1517 2720 1564 2746 καὶ
1582 2719 1597 2744 ὁ
1624 2719 1721 2754 Σωτὴρ
1739 2717 1831 2751 ἔλεγεν

1042 2768 1071 2795 ἑν
1087 2767 1126 2802 τῷ
1138 2768 1208 2794 κατὰ
1229 2767 1355 2802 Ἰωάννην
1368 2765 1537 2801 Εὑαγγελὶῳ·
1556 2774 1564 2790 ι
1575 2765 1663 2799 ’Υπὲρ
1676 2763 1768 2792 αὐτῶν
1778 2762 1830 2797 ἐγὼ

1043 2814 1149 2848 ἁγιάζω
1166 2813 1292 2848 ἐμαυτὸν,
1314 2813 1357 2839 ἴνα
1376 2809 1427 2840 ὦσι
1451 2811 1497 2838 καὶ
1523 2811 1598 2838 αὐτοὶ
1628 2809 1801 2846 ἡγιασμένοι.
1819 2817 1827 2833 ι
