1891 3076
604 47 619 60 ἦ

66 153 113 186 665

536 156 722 187 PANUt‘LtA
746 159 973 190 DDGMA'I‘iCA.
992 173 1029 198 -ν
1045 161 1118 192 ΤιΤ.
1140 163 1192 192 Χι-

1629 168 1682 200 666

65 211 129 238 Ὅσα
151 210 203 246 γὰρ
220 210 250 238 ιν
274 209 398 248 Χριστῷ,
422 213 508 241 ταῦτα
537 215 585 241 καὶ
608 216 648 247 si;
675 217 759 250 ἡμᾶς.
781 215 839 252 Οὐχ

914 219 941 246 usi
957 220 1119 248 sanctiticati
1132 223 1168 248 ’.ι
1184 221 1359 257 Quaecunque
1371 224 1444 251 enim
1454 224 1563 252 Christo
1575 226 1679 260 insunt,

66 256 145 291 ἑαυτῷ
169 257 315 292 δεχομένου
342 259 387 285 τὸν
413 259 549 295 ἀγιασμὸν
573 261 665 296 (αὐτὸς
692 263 747 297 γὰρ
769 260 803 298 ἦν
826 263 841 290 6

65 303 198 338 ἁγιάζων),
213 304 271 330 ἀλλ’
289 304 331 331 ἵνα
354 305 448 333 τοῦτον
462 308 495 342 τῇ
513 307 594 341 φύσει
607 307 642 334 δι’
657 308 754 335 ἑαυτοῦ
770 318 839 344 προ-

65 349 157 386 ξενίσῃ.
171 350 227 381 ἁδὺς
239 351 334 386 ὥσπερ
352 352 399 378 καὶ
413 352 485 388 ἀρχὴ
501 353 556 379 τῶν
572 355 612 385 εις
632 355 707 390 ἡμᾶς
729 355 841 390 ἀγαθῶν

64 395 205 431 γινόμενος.
218 397 264 423 Διὸ
280 397 312 433 δὴ
327 397 374 424 και
389 407 471 433 φησιν
482 406 490 414 ⁸
508 408 519 426 ‹
533 400 605 434 Ἐγώ
627 401 686 436 ειμι
702 403 718 438 ἡ
732 402 807 433 ὁδόςσ
828 410 838 428 ι

64 441 94 469 6.‘
106 440 137 478 ἧς
153 442 247 478 ὥσπερ
266 443 335 478 πρὸς
352 444 425 479 ἡμᾶς
440 445 456 479 ἡ
475 444 534 471 θεία
552 446 728 482 καταδέσηκε
747 447 837 482 χάρις,

65 489 161 524 ὕψοῦσα
172 489 217 515 καὶ
231 489 382 523 ἀγιάζουσα
393 491 438 516 καὶ
449 490 607 526 δοξάζουσι,
618 493 665 520 καὶ
679 493 841 521 θεοποιοῦσα

65 537 109 570 τὴν
124 535 204 570 φύσιν
219 536 248 562 ὲν
264 535 366 572 πρώτῳ
382 536 504 572 Χριστῷ.

86 637 132 663 Ἐκ
158 635 212 662 τοῦ
237 635 268 667 ,ϐ’
298 634 424 667 ,βιϐλίον
455 634 507 660 τοῦ
532 633 706 669 Θησαυροῦ,
733 634 824 668 κεφά-

366 672 454 696 λαιον
470 669 522 697 κίῖ.

96 717 267 751 Πανταχόθεν
285 715 527 750 ἀναισχυντοῦντες
543 716 568 742 oi
587 716 766 750 χριπομάχτιι
793 724 843 749 φα-

64 763 176 794 νοῦνται,
189 763 235 789 καὶ
248 763 349 789 σκοπὸν
360 763 469 798 ἔχοντες
483 763 532 788 ἕνα
550 763 580 789 τὸ
610 762 700 796 μάτην
713 762 843 789 διαλοιδο-

65 809 162 841 ρεῖσῦαι
178 808 217 843 τῷ
234 808 291 843 Υἱῷ
304 808 351 835 τοῦ
366 808 445 835 Θεοῦ.
472 808 633 840 Ἀκούοντες
663 809 713 842 μὲν
728 809 783 843 γὰρ
799 809 841 835 λέ-

63 861 148 886 foveo;
163 854 258 886 αὐτοῦ,
282 854 356 889 Ἐγὼ
372 854 424 881 καὶ
444 855 461 881 ὀ
474 854 576 888 Πατὴρ
589 854 624 881 ἐν
639 854 744 888 ἐσμεν,
760 855 841 881 ἀπεμ
860 874 869 901 ι

63 899 142 930 θιιῦσι,
161 900 211 926 καὶ
222 900 372 934 πειρῶνται
388 900 418 926 τὸ
441 901 587 936 εἰρημένον
608 901 648 932 εις
660 901 756 934 ἐτέρας
772 909 842 936 παρ-

62 946 142 972 έλκειν
159 945 277 976 ἐννοίας,
287 946 337 972 οὐκ
354 946 524 978 ἀποδιδόντες
539 946 569 973 τὸ
580 946 609 973 ἒν
625 945 695 974 εἶναι
709 947 778 980 πρὸς
793 947 840 974 τὸν

65 992 179 1026 Πατέρα,
205 991 272 1018 ἀλλὰ
288 992 319 1018 τδ
346 991 438 1022 καλῶς
452 998 482 1018 τε
510 992 558 1017 καὶ
589 991 676 1026 ὀρθῶς
694 992 839 1027 εἰρημένον

61 1037 259 1072 ἐπιχειροῦντες
274 1037 438 1071 παραλύειν.
459 1037 641 1072 Εὐρίσκοντες
663 1037 693 1064 δὲ
711 1037 793 1065 πάλιν
813 1038 841 1065 ἐν

60 1084 109 1114 τοῖς
124 1083 299 1117 Εὐιγγελίοις
312 1084 362 1110 ὅσα
373 1091 426 1117 περ
438 1083 471 1109 ἂν
494 1083 532 1114 ὡς
549 1083 689 1119 ἄνθρωπος
705 1084 722 1119 ἢ
738 1084 841 1111 πέπον-

61 1127 111 1161 θεν,
129 1128 278 1164 ἢείρηκὼς
294 1129 432 1163 φαίνεται,
453 1128 577 1164 ἢποιῶν,
602 1129 633 1155 τὸ
648 1129 776 1162 ἓκλαυσε,
794 1130 842 1157 καὶ

60 1175 192 1210 ἐλυπήθη.
211 1175 308 1202 καὶτὰ
332 1175 437 1207 τούτοις
460 1175 552 1208 ὅμοια,
580 1176 628 1201 καὶ
653 1176 702 1202 ὅσα
721 1184 775 1210 περ
792 1176 840 1202 ὰν-

60 1221 257 1255 θρωποπρεπῆ,
286 1221 316 1247 οὐ
346 1220 476 1254 φέρουσιν
492 1219 539 1246 ἐπὶ
564 1220 614 1253 τὴν
632 1219 839 1254 ἀνθρωπότητα,
859 1238 862 1241 -

55 1264 113 1292 ”ἁ).ι.¹
126 1267 207 1298 εὐθὺς
219 1266 257 1302 τῷ
270 1267 348 1301 Λόγῳ
369 1266 456 1293 ταῦτα
479 1267 684 1301 προσάπτοντες
703 1266 839 1299 ἀπόδειξιν

61 1312 199 1338 retain-cat
214 1312 264 1338 τοῦ
281 1313 318 1346 μὴ
335 1310 405 1338 εἶναι
417 1311 483 1337 Θεὸν
510 1312 556 1338 τὸν
574 1311 658 1338 ταῦτα
675 1312 840 1343 πεπονθότα,

58 1357 124 1382 ὥστε
139 1357 189 1383 καὶ
203 1357 285 1383 αὐτὸν
299 1357 527 1392 συναριθμεῖσθαι
552 1358 585 1392 τῇ
610 1357 699 1383 κτίσει
712 1356 757 1382 τὸν
771 1357 837 1382 ταύ-

58 1411 104 1437 της
123 1402 191 1429 ὂντα
205 1403 331 1438 ποιητήν.
353 1403 390 1429 “Η
412 1403 503 1430 τοίνυν
529 1403 627 1434 ἀπόδος
637 1403 676 1437 τῷ
690 1403 747 1437 Υἱῷ
763 1404 793 1430 τὸ
812 1403 840 1430 ἓν

59 1447 126 1476 εἶναι
150 1449 222 1484 πρὸς
237 1449 283 1476 τὸν
305 1450 425 1484 Πατέρα,
445 1450 493 1477 καὶ
527 1451 576 1485 οὐχ
606 1450 735 1485 εὑρήσεις
749 1450 795 1476 τξν
813 1451 841 1476 ἑν

60 1495 158 1530 ieémn
175 1496 223 1523 τοῦ
240 1497 348 1532 Πατρδς
362 1496 426 1523 ὄντα
441 1497 528 1530 Λόγον
557 1496 619 1523 καθ’
630 1497 738 1528 ἑαυτὸν,
791 1496 842 1523 Λό-

58 1549 101 1574 γος
115 1542 200 1574 ἐστὶν,
220 1541 359 1574 κλαίοντα,
376 1543 392 1578 ἧ
411 1542 592 1577 λυπούμενον,
619 1542 635 1577 ἢ
654 1542 729 1577 φόϐῳ
744 1542 840 1576 βαλλό-

60 1595 144 1621 μενον,
163 1587 181 1623 ἢ
199 1589 223 1615 εἰ
241 1588 279 1623 μὴ
293 1588 432 1620 πιστεύεις
443 1609 449 1621 ,
467 1590 515 1615 καὶ
532 1587 619 1619 οὕτως
640 1587 689 1623 ἔσῃ
704 1588 775 1623 μετὰ
786 1589 841 1615 τῶν

58 1634 179 1660 ἀπίστων
198 1633 345 1662 Ἰουδαίων.
366 1634 396 1660 El.
410 1634 516 1668 λέγοντι
543 1634 597 1669 γὰρ
612 1634 698 1669 αὐτῷ,
722 1634 763 1661 ὅτι
788 1642 842 1670 περ

58 1678 85 1704 Iv
113 1680 171 1706 ἔστι
202 1680 271 1714 πρὸς
305 1680 350 1707 τὸν
361 1680 458 1707 ἑαυτοῦ
483 1681 603 1716 Πατέρα,
635 1680 673 1716 μὴ
690 1679 841 1714 πιστεύεις,

59 1723 123 1758 μηδὲ
142 1725 186 1751 ὅτι
211 1724 361 1759 λελύπηται
383 1725 489 1760 λέγοντι
508 1725 668 1762 πιστεύσῃς.
685 1725 779 1758 Οὕτως
795 1724 842 1753 οῦν

58 1770 177 1805 φανήσῃ.
193 1770 230 1801 ὡς
249 1771 369 1806 εἴρηται,
387 1772 446 1807 μετ’
462 1772 587 1805 ἐκείνων,
610 1772 686 1799 οὐδὲν
696 1772 766 1804 ὅλως
782 1773 838 1800 τῶν

58 1816 128 1850 παρὰ
141 1816 190 1842 τοῦ
206 1817 331 1852 Σωτῆρος
346 1818 500 1853 εἰρημένων
513 1818 669 1853 δεχόμενος.

59 1873 111 1900 Τοῦ
126 1873 205 1900 κατὰ
226 1873 367 1908 Ἰωάννην
389 1875 588 1910 Εὑαγγελιου,
609 1876 654 1902 ὅτι
674 1876 730 1903 οὐκ
756 1877 843 1904 ἐστιν

216 1910 232 1936 ό
254 1909 320 1943 Υιὸς
339 1910 473 1937 ἐλάττων
485 1910 539 1937 τοῦ
554 1912 679 1945 Πατρός.

92 1955 122 1981 Et
134 1955 255 1982 ἐλάττων
269 1956 343 1984 ἐστὶν
354 1957 368 1983 ὁ
381 1957 456 1988 Υἱὸς,
473 1957 575 1992 μείζων
592 1956 619 1983 δὲ
634 1958 648 1983 ὸ
665 1956 771 1992 Πατὴρ,
783 1957 842 1984 δια-

57 2000 145 2035 φόρως
170 2001 295 2036 δηλονότι
327 2002 375 2028 καὶ
401 2002 614 2036 ἀναλογοῦντως,
640 2001 680 2035 οἷς
712 2003 842 2038 ἑκάτερος

57 2046 110 2081 Εμι
129 2047 242 2083 μέτροις
273 2048 451 2083 ὲνεργήσουσι
462 2049 526 2084 περὶ
546 2049 591 2075 τὸν
613 2049 653 2081 εἰς
667 2050 742 2085 ἡμᾶς
759 2050 843 2084 ἁγια-

57 2092 135 2126 σμόν.
154 2094 210 2119 Καὶ
222 2093 330 2127 ἁγιάσει
348 2094 398 2129 μὲν
413 2095 544 2130 μειζόνως
564 2095 578 2121 6
592 2095 697 2130 Πατὴρ,
727 2096 839 2124 ἔλαττον

54 2137 81 2163 δὲ
98 2139 145 2165 καὶ
160 2139 223 2165 καθ’
242 2139 339 2167 ἑαυτὸν
356 2140 371 2167 ὸ
386 2140 461 2172 Υιός.
479 2141 578 2168 Ἔσται
593 2142 740 2177 τοιγαροῦν
752 2142 840 2169 καὶτὸ

55 2183 167 2218 Πνεῦμα
183 2184 304 2218 διπλοῦν,
321 2185 368 2212 καὶ
384 2186 460 2220 μεῖον
490 2186 540 2221 μὲν
553 2187 582 2214 ὲν
598 2185 665 2222 Υἱῴ,
688 2187 784 2222 μεῖζον
810 2187 839 2215 δὲ
859 2207 878 2234 D

55 2230 82 2255 ὲν
95 2229 197 2265 Πατρί.
212 2230 269 2257 Καὶ
286 2231 398 2263 τελείως
414 2232 463 2266 μὲν
479 2232 505 2258 οἱ
526 2233 602 2268 παρὰ
628 2233 732 2268 Πατρὺς
761 2234 842 2268 ἁγια-

55 2275 212 2311 σϐήσονται,
242 2277 271 2303 οὺ
287 2277 397 2309 τελείως
413 2278 441 2304 δὲ
456 2277 538 2304 πάλιν
564 2278 589 2304 οἱ
615 2278 649 2304 δι’
664 2278 742 2306 Υιοῦ.
760 2278 841 2305 Ἀλλὰ

55 2321 140 2356 πολλή
156 2322 197 2352 τις
213 2321 287 2348 ἐστιν
308 2322 337 2348 ὲν
352 2322 458 2354 τούτοις
472 2323 488 2357 ἡ
501 2323 557 2349 τῶν
571 2322 712 2358 λογισμῶν
729 2323 840 2350 ἀτοπία.

57 2367 104 2393 Ἐν
117 2368 173 2402 γὰρ
192 2367 222 2393 τὺ
237 2367 348 2401 Πνεῦμα
365 2368 395 2394 τὸ
411 2368 489 2402 ἆγιόν
500 2369 585 2401 ἐστιν,
602 2366 642 2400 εἷς
656 2370 704 2396 καὶ
715 2369 818 2401 τέλειος
828 2370 843 2396 6

55 2416 193 2450 ἁγιασμὸς
207 2417 283 2450 παρὰ
301 2416 420 2453 Πατρὸς,
443 2417 478 2443 δι’
489 2413 519 2444 οὗ
532 2418 654 2451 φυσικῶς
668 2417 844 2452 χορηγούμεο

55 2471 111 2493 νος.
125 2462 186 2488 Οὐκ
198 2462 252 2497 ἄρα
269 2463 388 2490 ἐλάττων
405 2464 481 2491 ἐστὶν
504 2465 518 2491 6
540 2464 590 2498 τὴν
603 2464 688 2498 αὐτὴν
701 2464 842 2499 ἐνέργειαν

55 2507 125 2542 ἔχων
146 2507 187 2543 τῷ
212 2508 309 2542 τελείῳ
334 2510 433 2544 Πατρὶ,
459 2510 508 2537 καὶ
539 2510 568 2536 τὺ
583 2510 631 2536 τοῦ
654 2510 838 2545 γεννήσαντος

54 2553 171 2588 Πνεῦμα
185 2555 213 2581 ἐν
226 2554 315 2590 ἑαυτῷ
330 2554 410 2590 ἔχων,
425 2556 539 2590 ἀγαθὸν,
557 2556 621 2590 ζῶν,
633 2557 682 2583 καὶ
692 2555 844 2583 ἑνυπόστα-

53 2608 111 2634 τον,
121 2600 220 2637 ὥσπερ
235 2601 282 2629 οὖν
293 2603 391 2639 ἀμέλει
412 2603 459 2630 καὶ
475 2604 490 2630 6
503 2603 613 2639 Πατήρ.

358 2649 413 2676 Καὶ
433 2649 533 2676 τοῦτο.

90 2693 122 2719 El.
153 2693 183 2719 ἐν
203 2696 293 2730 μορφῇ
311 2695 359 2722 καὶ
376 2696 479 2730 ισότητι
499 2695 546 2721 τοῦ
564 2695 670 2730 Πατρδς
691 2695 814 2729 ὑπῆρχεν
828 2695 842 2721 6

53 2737 134 2772 Υἱὸς,
152 2739 224 2766 κατὰ
256 2740 305 2775 τὴν
320 2740 368 2766 τοῦ
398 2740 506 2767 Παύλου
526 2739 628 2774 φωνὴν,
645 2739 702 2770 πῶς
722 2739 842 2765 ἐλάττων

50 2785 135 2812 αὐτοῦ
148 2785 240 2820 ὲστινς
254 2786 291 2813 Οὐ
305 2787 360 2822 γὰρ
376 2787 462 2822 δήπου
475 2787 523 2822 τῆς
537 2786 606 2820 μετὰ
618 2786 720 2821 σαρκὸς
732 2786 839 2812 οἰκονο-

89 2878 96 2894 ¹
112 2878 213 2906 Juanu.
233 2887 299 2911 xvu,
316 2880 358 2908 l9.
397 2881 407 2896 ³
420 2879 499 2908 Jonn.
514 2888 568 2913 xxv,
585 2879 612 2907 6.
652 2880 662 2896 ³
674 2879 753 2908 Joan.
771 2888 797 2913 x,
819 2879 864 2907 30.

870 876 878 900 ι

893 265 987 293 eadem
997 266 1023 293 in
1034 267 1257 296 nosderivantur.
1266 269 1373 304 Quippe
1380 270 1426 304 qui
1436 271 1679 299 sanctiﬁcationein

895 318 947 337 nun
969 311 1072 347 sibiipsi
1096 313 1201 347 accepit
1218 313 1287 348 (ipse
1310 314 1381 340 enim
1403 319 1462 342 erat
1483 316 1679 349 sanctiﬁcans),

894 358 941 383 sed
958 361 988 383 ut
1005 365 1053 392 per
1066 365 1095 385 se
1111 365 1169 385 eam
1186 359 1309 387 humanae
1324 365 1428 388 natura:
1442 361 1600 388 conciliaret
1617 370 1623 388 :
1638 363 1680 390 via

895 403 1096 436 quodammodo
1120 409 1147 432 et
1170 405 1333 440 principium
1354 406 1486 434 bonormn
1506 415 1565 442 quae
1583 409 1609 435 in
1634 417 1682 435 nos

895 446 1035 475 ﬂuxerunt
1045 449 1153 477 eﬂctus.
1165 449 1268 478 idcirco
1275 449 1356 478 etiam
1364 451 1403 478 ait
1414 460 1422 479 :
1433 461 1442 477 ‹
1453 451 1508 486 Ego
1516 460 1574 479 sum
1585 452 1626 479 Vin
1634 468 1658 482 ..
1670 462 1679 478 ι

897 500 944 528 per
958 501 1040 529 quam
1054 495 1144 522 divina
1158 495 1244 531 gratia
1255 497 1455 530 quodammodo
1470 498 1496 525 in
1509 505 1559 525 nos
1571 499 1684 526 descen-

896 540 947 572 dit,
968 540 1090 568 exaltans
1116 546 1142 568 et
1167 542 1342 570 sanctiﬁcans
1359 548 1387 570 et
1411 543 1578 578 gloriﬁcans,
1603 549 1685 579 atque

895 585 964 614 adeo
977 586 1110 614 editicans
1125 591 1250 615 naturam
1267 587 1413 616 humanam
1427 589 1455 616 in
1467 590 1554 623 primo
1564 589 1683 617 Christo.

1016 633 1058 661 Em
1069 635 1182 662 secundo
1198 635 1325 663 Thesauri
1341 637 1419 670 libro,
1436 645 1495 672 cap.
1512 638 1557 666 29.

931 712 1054 748 Undique
1073 713 1219 748 impietatis
1239 716 1408 743 occasionem
1435 716 1678 751 urripiuntChrisli

894 758 1053 792 adversarii,
1072 765 1100 787 et
1113 768 1195 787 unum
1213 760 1278 787 illud
1293 761 1345 788 sibi
1362 765 1489 795 tauquam
1501 762 1605 796 signum
1619 770 1681 795 pro—
1712 786 1715 788 .

895 811 1007 841 ponunt.
1024 811 1053 834 ut
1071 812 1171 835 temere
1190 808 1311 835 convicia
1329 808 1431 843 jacteut
1448 808 1474 835 in
1504 808 1600 835 Filium
1622 809 1680 837 Dei.

895 853 1039 880 Audientes
1050 853 1122 880 enim
1135 853 1222 888 ipsum
1235 855 1367 882 dicentem
1384 864 1390 882 :
1402 853 1459 889 Ego
1469 860 1492 882 ει
1509 854 1590 881 Pater
1599 863 1682 882 unum

893 907 983 925 summ
993 898 1014 932 ³,
1032 907 1083 926 non
1098 901 1256 931 credunt,et
1271 905 1406 927 conantur
1418 909 1448 927 ea
1463 901 1542 927 verba
1554 900 1580 927 in
1600 901 1682 928 alium

892 951 1000 971 sensum
1031 949 1165 980 torquere,
1194 953 1244 972 non
1267 947 1456 979 concedentes,
1470 952 1498 973 ut
1518 954 1601 974 unum
1621 950 1682 974 cuin

893 990 970 1017 Putre
982 991 1028 1023 sit,
1043 995 1124 1026 atque
1136 991 1172 1018 ita
1189 992 1259 1026 quod
1277 993 1407 1027 pnecinre
1439 998 1565 1026 recteque
1580 993 1683 1020 dictum

893 1041 944 1068 est,
966 1037 1089 1064 demoliri
1119 1038 1227 1064 student
1247 1044 1327 1073 atque
1347 1045 1510 1072 pervertere.
1531 1039 1595 1071 Quae
1620 1046 1685 1066 vero

893 1081 919 1108 in
935 1082 1085 1117 Evangeliis
1093 1082 1128 1110 ab
1139 1088 1306 1118 eolanquam
1318 1084 1427 1111 homine
1445 1083 1486 1111 vel
1500 1084 1623 1114 toleratu.
1642 1082 1684 1109 vel

891 1127 972 1159 dicta,
989 1128 1032 1155 vel
1048 1128 1118 1155 facta
1135 1129 1295 1163 repereriut.
1321 1135 1349 1156 ut
1371 1131 1447 1162 ﬂere,
1475 1138 1592 1158 mmrore
1611 1129 1681 1156 uilici

891 1179 917 1200 et
938 1174 1042 1208 reliqua
1053 1175 1174 1209 ejusdem
1190 1177 1298 1209 generis
1312 1176 1437 1203 humana:
1457 1181 1560 1202 natoue
1579 1182 1680 1202 conve-

892 1220 1002 1253 nientis,
1036 1228 1067 1248 ea
1097 1228 1152 1247 non
1199 1221 1321 1248 referunt
1342 1222 1376 1248 ad
1398 1221 1605 1253 humanitatem,
1635 1221 1682 1248 sed

892 1265 980 1293 Verbo
998 1266 1089 1294 statim
1111 1266 1273 1298 tribuentes,
1295 1274 1327 1293 ex
1343 1267 1384 1294 IilS
1398 1267 1538 1301 colligunt,
1553 1274 1613 1294 eum
1629 1275 1681 1293 non

890 1320 952 1339 esse
970 1313 1066 1344 Deum,
1091 1313 1136 1347 qui
1163 1313 1225 1339 talia
1255 1320 1402 1347 perpessus
1431 1313 1478 1345 sit,
1497 1318 1578 1346 atque
1605 1313 1639 1339 il:t
1655 1313 1680 1338 in

892 1367 980 1385 rerum
1004 1367 1064 1393 quae
1096 1364 1194 1386 creatae
1226 1364 1299 1391 stlnl,
1336 1367 1449 1386 numero
1473 1359 1561 1385 locant
1588 1367 1680 1386 eurum

891 1404 1056 1431 ciiectorein.
1077 1403 1132 1431 Ant
1157 1404 1236 1437 igitur
1257 1404 1324 1431 Filio
1349 1404 1477 1436 concede,
1501 1410 1529 1429 ut
1546 1405 1580 1430 sit
1599 1411 1679 1430 unum

891 1457 951 1476 cum
965 1449 1055 1481 Patre,
1071 1456 1120 1477 nec
1145 1449 1274 1481 Verbum,
1297 1453 1429 1481 quatenus
1450 1456 1497 1482 per
1515 1456 1544 1475 se
1564 1448 1680 1476 Veibum

892 1499 942 1526 est,
959 1501 992 1521 ex
1012 1495 1193 1529 inaequalitate
1217 1501 1279 1520 cum
1304 1494 1386 1521 Putre
1401 1493 1493 1527 lugere
1520 1498 1565 1520 aut
1583 1501 1681 1527 patiere

854 1548 877 1578 α
895 1541 1089 1574 deprehendes,
1107 1546 1152 1567 aut
1169 1541 1191 1568 si
1216 1548 1270 1568 non
1295 1540 1394 1571 credis,
1417 1544 1441 1566 te
1474 1540 1506 1566 ad
1527 1540 1681 1567 Judtcorum

894 1595 1034 1614 numerum
1045 1587 1162 1615 ascribe.
1179 1587 1206 1614 Si
1227 1587 1300 1615 enim
1331 1595 1382 1615 non
1413 1588 1502 1615 credis
1530 1587 1679 1619 eidicenti,

893 1640 923 1660 se
934 1639 995 1660 esse
1007 1640 1089 1659 nuntii
1107 1640 1168 1660 cum
1189 1633 1281 1664 Patre,
1296 1639 1345 1659 nec
1358 1632 1379 1659 si
1403 1640 1518 1660 interere
1536 1639 1565 1659 se
1581 1631 1681 1658 dixcrit

892 1679 997 1706 credes.
1012 1678 1057 1706 Sic
1067 1678 1159 1714 igitur,
1171 1683 1200 1705 ut
1215 1678 1317 1705 dictum
1345 1682 1395 1710 est.
1412 1678 1437 1704 in
1447 1678 1599 1706 Judzrorum
1627 1685 1663 1704 nu
1676 1691 1680 1695 -

893 1732 970 1752 mero
995 1724 1216 1760 deprehenderis,
1240 1724 1306 1751 nihil
1329 1731 1422 1751 eorum
1454 1724 1574 1756 Omnino,
1594 1731 1678 1758 qnzea

895 1769 1039 1797 Servatore
1059 1770 1128 1797 dicta
1144 1773 1216 1803 sunt,
1234 1770 1394 1804 suscipiens.

896 1881 1021 1917 Ejusdem
1044 1888 1076 1917 ex
1097 1881 1300 1917 Commentariis
1324 1881 1350 1908 in
1371 1879 1541 1917 Euangelium
1557 1879 1682 1913 Joannis,

1047 1916 1146 1943 Filium
1159 1916 1239 1943 Putre
1256 1924 1308 1943 non
1323 1924 1378 1943 esse
1395 1916 1531 1943 minorem.

931 1962 959 1989 Si
979 1962 1067 1990 minor
1078 1967 1118 1989 est
1134 1961 1229 1994 Filius,
1248 1962 1335 1996 major
1353 1967 1441 1989 autem
1464 1962 1554 1991 Pater.
1574 1961 1679 1988 dhersa

897 2010 1000 2035 ratione
1022 2013 1050 2035 et
1065 2015 1114 2042 pro
1131 2015 1179 2035 sua
1196 2013 1308 2043 uterque
1321 2016 1448 2036 mensura
1469 2008 1638 2035 szlltttltulcm
1654 2007 1681 2034 in

895 2055 972 2082 nubis
987 2054 1093 2082 eiﬁciet.
1109 2054 1142 2081 Et
1160 2055 1239 2082 Pater
1250 2056 1358 2089 quidem
1379 2055 1474 2090 magis,
1489 2055 1574 2082 FlllllS
1591 2058 1680 2081 aute-

895 2101 993 2133 minus,
1007 2105 1035 2127 et
1049 2107 1099 2135 pro
1113 2101 1220 2128 viribus
1230 2101 1288 2128 suis
1304 2108 1352 2128 nos
1368 2106 1480 2128 sanctos
1506 2101 1608 2127 reddet.
1624 2099 1682 2126 Erit

895 2147 978 2181 igitur
988 2151 1016 2174 et
1036 2146 1154 2180 Spiritus
1173 2148 1282 2182 duplex,
1303 2147 1392 2175 minor
1407 2148 1434 2174 in
1453 2146 1534 2179 Filio,
1549 2146 1574 2173 in
1601 2146 1681 2173 Putre

895 2193 990 2226 major.
1003 2193 1037 2221 Et
1049 2193 1093 2220 alii
1108 2193 1225 2228 perfecte
1239 2194 1325 2221 sancti
1341 2194 1485 2221 reddentur
1499 2201 1514 2220 a
1531 2193 1622 2225 Patre,
1634 2192 1681 2219 alii

895 2245 910 2265 a
930 2239 998 2266 Filio
1013 2239 1103 2266 minus
1118 2238 1249 2274 perfecte.
1275 2239 1338 2266 Hrec
1349 2244 1376 2266 et
1396 2239 1446 2265 alia
1469 2238 1550 2266 inulta
1578 2240 1682 2266 incom-

895 2285 972 2310 moda
990 2289 1200 2319 consequentur.
1220 2283 1293 2312 Unus
1312 2284 1385 2312 enim
1402 2289 1444 2312 est
1461 2283 1579 2319 Spiritus
1613 2294 1680 2314 san-

894 2335 967 2362 ctus;
979 2337 1031 2356 una
1044 2331 1163 2365 perfecta
1177 2330 1321 2363 sanctitas;
1333 2337 1394 2365 qute
1406 2338 1419 2357 ιι
1435 2330 1515 2358 Patre
1525 2338 1574 2366 per
1584 2331 1680 2360 Filium

895 2376 1055 2403 naturaliter
1086 2377 1240 2404 exhibetur.
1260 2377 1317 2403 Non
1337 2384 1403 2411 ergo
1419 2377 1517 2409 minor.
1533 2379 1577 2412 qni
1607 2385 1682 2405 eam-

893 2423 953 2449 dem
972 2422 1118 2457 pert'ectam
1139 2431 1201 2450 cum
1217 2423 1296 2450 Patre
1309 2425 1427 2458 perfecto
1438 2425 1570 2452 actionem
1587 2426 1679 2458 habet,

895 2468 1073 2503 eumdemque
1100 2468 1126 2495 in
1147 2469 1236 2504 seipse
1258 2470 1392 2505 gignentis
1420 2471 1541 2505 spiritum
1567 2472 1679 2503 bonum,

897 2515 998 2548 rivum,
1016 2515 1042 2542 in
1063 2522 1113 2543 sua
1140 2516 1332 2544 subsistentem
1352 2524 1465 2551 persona
1488 2525 1568 2552 quem
1591 2518 1674 2545 habet

896 2559 986 2588 Pater.

1158 2648 1283 2682 Ejusdem
1298 2654 1321 2676 et
1337 2650 1402 2676 Ita'c.

933 2694 962 2721 Si
980 2693 1005 2721 in
1022 2694 1107 2721 ferina
1125 2699 1152 2721 et
1172 2695 1328 2730 a-qnalitnte
1353 2695 1441 2722 Patris
1459 2701 1516 2722 erat
1543 2696 1637 2729 Filius,
1650 2703 1679 2724 nt

896 2740 994 2767 Raulns
1017 2741 1084 2773 ait‘,
1113 2741 1249 2774 quomodo
1276 2741 1365 2767 minor
1400 2741 1459 2767 est?
1484 2739 1575 2774 Neque
1606 2743 1677 2768 enim

897 2787 1021 2814 humanae
1052 2788 1143 2815 carnis
1169 2788 1317 2822 assumptio
1346 2792 1372 2814 et
1403 2786 1550 2814 cxiuamtio
1583 2787 1680 2823 spoliat

905 2879 914 2896 ⁸
928 2878 1025 2914 Philip.
1043 2886 1073 2913 tt,
1090 2879 1116 2905 6.
