1891 3076
192 154 244 187 667
809 149 997 182 ΕΠΤῙΙΥΜΙῙ
1019 154 1201 183 ΖΙΟΛΒΕΝΙ
1765 153 1818 186 668

193 213 307 242 naturali
327 213 423 241 Filium
439 211 580 245 dignitate,
592 218 653 236 cum
668 210 738 237 illam
764 210 883 237 secundo
903 215 952 235 suo
966 215 977 235 ε

1050 209 1100 241 ,ίας
1129 211 1142 236 6
1168 209 1264 243 λόγος,
1286 209 1333 236 καὶ
1348 209 1364 244 ἡ
1380 208 1425 235 διὰ
1445 207 1524 234 τοῦτο
1551 208 1665 240 κένωσις
1680 209 1729 236 τοῦ
1745 211 1818 237 κατὰ

192 260 268 288 οωιὶε
287 259 401 287 adventu
420 257 458 285 sit
479 257 631 284 habiturus.
650 256 744 283 Veniet
765 255 850 288 enim,
867 259 896 282 ut
911 255 977 288 ipse-

1053 254 1113 282 ὑσιν
1127 254 1275 290 προσόντος
1287 252 1443 288 ἀξιώματος
1463 252 1658 287 ἀπογυμνώσει
1671 253 1718 279 τὸν
1736 253 1817 287 Υἱξιν,

193 311 248 333 met
262 306 342 337 dixit,
357 305 383 331 in
411 304 494 339 gloria
522 303 608 330 Patris
626 303 666 330 sui
683 303 703 329 ¹.
729 302 870 335 Quomodo
899 301 977 336 igitur

1050 301 1109 328 ύσιν
1124 300 1224 335 ἔχουσα
1247 301 1298 335 τὴν
1322 299 1453 335 δευτέραν
1467 300 1496 333 ἐξ
1516 300 1630 335 οὐρανοῦ
1650 300 1817 335 παρουσίαν.

193 351 274 380 Patre
287 352 388 384 minor,
409 351 453 385 qui
467 350 492 377 in
511 349 595 385 gloria
607 355 650 377 est
664 348 777 385 perfecti
803 347 911 376 Patris?

1050 346 1112 378 Ηξει
1127 345 1180 380 γὰρ
1198 345 1317 376 πάντως,
1345 345 1384 377 ὡς
1408 345 1567 380 ἠκούσαμεν
1590 345 1728 378 λέγοντος,
1741 347 1773 372 ἑν
1787 347 1819 380 τῇ

1033 392 1095 426 δόξῃ
1110 390 1157 417 τοῦ
1172 390 1277 426 Πατρὸῖ
1291 391 1384 418 αὑτοῦ.
1401 391 1461 422 Πῶς
1473 388 1519 418 οὖν
1533 390 1602 422 ὅλως
1612 391 1641 416 ὲν
1653 392 1686 426 τῇ
1699 391 1765 426 δόξῃ
1773 391 1820 418 τοῦ

1034 437 1134 465 τελείου
1152 436 1258 473 Πατρὸς
1271 438 1286 464 6
1299 436 1418 464 ἐλάττων
1430 437 1522 470 αὐτοῦς

471 481 597 516 Ejusdem
614 486 637 508 el
653 481 718 508 lure.

1338 482 1392 510 Kal
1408 482 1509 511 τοῦτο.

229 528 257 556 Si
279 529 407 555 Dominus
436 533 477 555 est
500 527 592 559 Pater,
618 532 645 554 et
672 526 755 554 Filius
781 531 824 553 est
845 525 982 558 Dominus,

195 575 330 610 quomodo
343 573 422 600 Patre
434 573 518 600 Filius
530 573 616 600 minor
625 572 636 598 ?
645 571 702 599 Non
714 573 766 599 erit
777 570 895 606 perfecte
905 571 982 605 liber,

194 621 217 648 si
233 620 321 648 minor
338 623 378 647 est
391 618 512 653 imperio,
530 625 579 645 nec
594 617 699 651 plenam
714 618 739 644 in
756 624 786 644 se
818 617 922 644 obtinet
941 617 984 643 di-

196 667 336 702 gnitatem.
353 665 484 692 Praeterea
497 656 521 692 si
538 665 582 691 lux
597 669 640 692 est
660 663 847 693 l’uter.etlttx
861 663 986 690 simililer

201 718 243 740 est
258 712 352 742 Filius.
365 711 500 746 quomodo
518 710 605 737 minor
618 714 660 737 est
676 709 772 737 Patre?
790 709 846 736 Lux
862 709 932 735 enim
950 709 983 743 (si

199 759 288 786 minor
310 758 362 791 est)
380 757 432 784 erit
455 756 623 791 imperfecta.
643 760 669 783 et
685 762 761 791 parre
776 756 863 789 aliqua
878 764 891 782 a
909 762 986 782 tene-

1068 529 1100 557 Εί
1120 530 1224 566 Κύριός
1238 530 1313 557 ἐστιν
1327 529 1341 555 6
1357 529 1464 564 Πατὴρ,
1479 529 1584 564 Κύριος
1599 530 1627 557 δὲ
1652 531 1758 566 ὁμοίως
1775 532 1822 558 καὶ

1033 577 1048 604 6
1064 577 1138 609 Υίὺς,
1162 576 1222 609 πῶς
1237 576 1359 604 ἐλάττων
1381 575 1466 603 αὑτοῦ
1492 577 1585 608 tam;
1603 577 1702 603 Ἔσται
1715 578 1772 612 γὰρ
1791 578 1820 603 οὐ

1034 623 1148 655 τελείως
1161 622 1315 656 ἐλεύθερος,
1344 622 1424 657 είπερ
1448 621 1522 648 ἐστὶν
1545 622 1666 650 ἐλάττων
1679 623 1709 649 ὲν
1729 623 1820 658 κυριό-

1035 679 1107 706 τητι,
1121 670 1168 697 καὶ
1181 670 1212 697 οὗ
1229 669 1333 705 πλῆρες
1353 669 1423 705 ἔχων
1441 670 1469 696 ὲν
1480 669 1570 705 ἑαυτῷ
1585 670 1614 697 τδ
1629 668 1751 704 ἀξίωμα.
1768 669 1822 696 Καὶ

1038 718 1062 743 εί
1076 717 1134 751 φῶς
1147 717 1222 743 ἐστιν
1237 716 1252 743 6
1272 716 1379 752 Πατὴρ,
1395 716 1454 750 φῶς
1480 715 1508 742 δὲ
1533 715 1634 751 ὁμοίως
1647 715 1696 742 καὶ
1719 717 1735 742 6
1746 714 1820 747 Υίδς,

1037 762 1098 795 πῶς
1108 763 1228 790 ἐλάττων
1247 762 1332 790 αὑτοῦ
1356 763 1450 796 ἐστινς
1467 762 1566 789 Ἔσται
1586 762 1642 797 γὰρ
1662 761 1693 788 οὒ
1710 761 1822 792 τελείως

199 803 256 830 bris
275 801 460 836 ocrupaliitur.
479 801 511 827 Et
533 801 647 828 mendax
676 800 728 826 erit
747 799 923 834 evangelista,
950 799 974 826 Ε

1050 809 1106 841 ιῶς,
1127 807 1368 843 καταληφθήσεται
1394 807 1423 834 δὲ
1437 808 1492 835 ἀπδ
1509 807 1614 843 μέρους
1626 807 1678 835 ὑπὸ
1691 807 1746 842 τῆς
1761 816 1822 834 σκο-

199 849 320 877 ιεπιὺγω.
340 847 475 879 inquiens,
499 854 558 873 eam
573 854 624 873 non
634 845 883 879 comma/tendenti“
901 847 922 873 '.
945 846 977 873 Δ(

1050 855 1108 888 δίας,
1125 854 1173 882 καὶ
1187 854 1319 890 ψεύσεται
1335 853 1422 889 λέγων
1435 855 1450 881 6
1466 853 1685 889 Εὐαγγελιστὴς,
1700 854 1738 881 Ἠ
1751 862 1823 881 σκο-

185 895 255 921 'luec
277 894 299 919 si
321 892 400 920 Pater
418 897 460 919 est
472 892 538 924 vita,
552 897 580 918 et
594 891 676 919 Filius
693 891 756 918 item
776 897 818 919 est
835 894 899 923 vita,
914 900 977 926 quo.

1050 903 1086 929 Ἰα
1102 887 1176 928 αὐτὸ
1186 887 1222 928 οὐ
1237 887 1394 928 κατέλαϐε.
1415 900 1471 927 Καὶ
1486 901 1511 926 ει
1526 900 1583 932 ζωή
1599 887 1698 927 ἐστινό
1717 900 1823 934 Πατὴρ,

202 940 282 967 modo
299 938 379 966 Patre
405 937 495 965 minor
503 943 545 965 est
560 937 668 965 Filius?
683 937 732 964 Sin
747 937 904 972 imperfecte
920 938 973 964 vita

1050 948 1095 983 ζωὴ
1104 947 1132 974 δὲ
1144 947 1244 982 ὁμοίως
1257 947 1325 974 καὶὸ
1339 947 1412 979 Υίδς,
1428 946 1488 978 πῶς
1500 947 1623 974 ἐλάττων
1638 946 1724 973 αὐτοῦ
1737 947 1822 979 intra;

201 985 302 1013 etideo
322 984 422 1016 minor,
438 983 556 1019 perlecta
573 983 598 1010 in
618 983 694 1010 nobis
706 983 760 1009 vita
776 990 828 1009 non
846 983 908 1014 erit,
926 984 976 1010 Iiee

1050 995 1078 1021 )6
1094 994 1150 1028 γὰρ
1167 994 1244 1020 ἔσται
1264 993 1374 1025 τελείως
1401 993 1430 1020 ὲν
1453 993 1548 1028 ήμῖνή
1566 993 1632 1027 ζωὴ,
1655 993 1709 1020 κᾶν
1725 994 1766 1025 είς
1778 993 1824 1018 τὶν

201 1028 227 1057 in
247 1029 368 1057 interiori
378 1027 764 1056 homineChristusinhabitel.
782 1027 909 1062 Etaliqna
925 1035 988 1062 par-

200 1081 227 1103 te
243 1075 444 1111 quodammodo
458 1078 536 1102 erunt
546 1074 655 1106 mortui,
670 1073 716 1108 qui
730 1073 754 1099 in
767 1073 854 1108 ipsum
870 1073 992 1101 credide-

201 1127 274 1149 runt.
286 1121 351 1154 Qua:
366 1121 473 1155 quidem
490 1119 616 1155 quoniam
629 1127 643 1146 a
655 1119 743 1152 nobis,
751 1124 780 1147 ut
792 1119 918 1152 absurda,
928 1123 991 1146 sunt

199 1168 294 1205 procul
316 1168 471 1203 rejicienda,
487 1167 638 1203 perfectura
661 1174 722 1194 esse
747 1167 862 1195 dicimus
881 1167 988 1198 Filium,

199 1220 227 1243 et
240 1215 313 1242 Patri
331 1214 452 1250 perfecto
476 1213 607 1248 aequalem
641 1219 752 1248 propter
777 1212 902 1240 essentia
919 1212 989 1239 nulla

199 1261 227 1288 in
244 1265 322 1296 parte
347 1260 482 1287 diversam
494 1259 709 1287 similitudinem.

463 1316 590 1350 Eiusdem
612 1321 636 1343 et
659 1316 726 1343 Ιιαισ.

235 1363 378 1398 Εψιαιεω
387 1370 418 1390 se
434 1362 488 1389 Deo
506 1367 532 1389 et
543 1361 616 1389 Patri
628 1363 769 1390 declarans
779 1362 905 1390 Chrisms
919 1369 989 1397 qno«

202 1409 264 1437 dam
284 1411 343 1437 loco
357 1409 504 1442 discipulos
528 1416 592 1436 suos
615 1408 656 1436 sic
681 1409 825 1443 alloquitur
840 1418 848 1440 ς
863 1409 914 1442 Qui
927 1409 989 1436 vidit

200 1455 312 1484 moidit
321 1454 426 1482 Patrem
436 1455 457 1481 ³.
467 1455 606 1488 Quomodo
615 1454 660 1488 qui
672 1459 767 1481 natura
777 1455 837 1482 talis
845 1459 886 1482 est
897 1460 925 1482 ut
935 1455 992 1489 ipse

204 1508 267 1529 vera
288 1500 381 1528 dicens
398 1499 525 1531 allirmat,
557 1499 636 1526 Patre
658 1498 745 1526 minor
761 1499 823 1532 erit,
839 1503 867 1526 ut
883 1500 989 1534 quidam

204 1551 306 1575 temere
330 1546 493 1581 opinantur?
506 1545 534 1572 Si
551 1545 622 1573 enim
650 1546 741 1573 minor
762 1545 896 1573 exsistens
909 1545 934 1572 in
946 1552 990 1572 se-

202 1593 261 1628 lpso
278 1592 384 1620 Patrem
398 1591 534 1626 exprimit,
544 1598 604 1618 cum
619 1590 692 1618 nulla
707 1591 854 1618 intercedat
865 1591 990 1618 immuta-

202 1639 251 1673 tio,
275 1638 339 1666 illud
361 1638 447 1672 ipsum
463 1637 488 1664 in
503 1636 610 1666 Patrem
629 1637 741 1669 recidet,
764 1637 862 1671 quippe
888 1637 933 1671 qui
961 1637 987 1664 in

202 1685 329 1720 imagine,
346 1691 442 1718 nempe
456 1683 482 1711 in
495 1682 563 1710 Filio
572 1688 699 1710 cernatur
709 1689 862 1717 expressus.
874 1682 925 1709 Sed
939 1682 989 1710 hoc

202 1731 349 1758 absurdum
361 1734 412 1757 est.
424 1729 482 1757 Non
500 1729 582 1763 igitur
593 1727 679 1756 Filius
691 1729 788 1762 minor,
803 1729 828 1756 in
843 1736 897 1763 quo
909 1728 989 1755 Pater

202 1776 340 1812 perlectus
352 1776 523 1811 exprimitur.

468 1873 595 1909 Ejusdem
615 1879 639 1901 et
655 1874 721 1902 lure.

237 1921 378 1955 Quomodo
392 1921 478 1948 Filius
494 1921 592 1952 minor,
607 1927 685 1956 quem
699 1927 730 1948 ea
749 1928 808 1956 quae
819 1920 905 1948 Patris
916 1925 988 1953 sunt.

204 1968 303 1996 habere
318 1967 446 1995 constat?
461 1967 530 1994 Vere
543 1968 614 1994 enim
627 1967 711 1995 dicit:
732 1967 825 1995 Omnia
837 1975 894 2002 quae
911 1967 990 1994 Pater

206 2014 293 2047 habet,
307 2022 364 2041 mea
375 2017 447 2040 sunt.
463 2012 495 2039 Et
511 2021 616 2040 rursum
642 2012 736 2045 Deum,
764 2018 790 2040 et
809 2013 914 2039 Patrem
926 2013 991 2039 allo~

202 2067 298 2096 quens,
311 2060 418 2093 Omnia,
431 2060 528 2094 inquit,
544 2067 599 2086 mea
613 2062 657 2085 tua
670 2065 741 2092 sunt,
764 2064 786 2086 :t
800 2063 844 2085 tua
855 2067 911 2085 mea
922 2058 943 2085 ⁸.
962 2058 990 2085 Si

202 2108 286 2140 enim,
305 2111 335 2134 ut
346 2112 447 2135 temere
462 2105 572 2141 quidam
590 2106 721 2138 sentiunt,
738 2105 825 2132 minor
839 2109 880 2132 est
895 2103 988 2138 Filius,

202 2160 264 2180 cum
278 2159 341 2180 vere
369 2151 524 2186 pronuntiet
536 2151 581 2178 hic
596 2150 702 2178 Patrem
715 2150 855 2184 alloquens
870 2157 878 2177 :
896 2149 991 2177 Omnia

204 2207 261 2226 lua
276 2204 321 2226 tua
333 2203 403 2230 sunt,
414 2202 438 2224 et
454 2201 500 2224 tua
512 2205 578 2230 mea,
588 2196 666 2224 cadet
677 2200 705 2224 et
720 2197 745 2224 in
762 2196 884 2228 Patrem,
898 2200 926 2223 ut
938 2197 990 2223 mi-

1040 1041 1093 1067 εσω
1106 1040 1251 1076 ἄνθρωπον
1262 1041 1416 1076 κατοικῆσῃ
1432 1041 1446 1066 6
1459 1040 1586 1074 Χριστός.
1602 1039 1706 1073 Νεκροὶ
1719 1039 1749 1065 δέ
1766 1047 1824 1070 πως

1039 1088 1110 1115 κατὰ
1128 1096 1154 1114 τι
1170 1087 1252 1122 μέρος
1269 1087 1294 1113 ol
1306 1086 1511 1118 πιστεύσαντες,
1537 1086 1617 1121 εἴπερ
1630 1085 1707 1112 ἐστὶν
1731 1085 1762 1111 οὗ
1782 1079 1824 1110 τέ-

1040 1135 1120 1166 λείως
1131 1133 1189 1169 ζωὴ
1203 1134 1233 1160 τδ
1258 1134 1369 1161 ἔλαττον
1383 1133 1453 1168 ἔχων
1472 1133 1487 1159 6
1506 1133 1579 1164 Υἱός.
1601 1132 1712 1167 Ἐπειδὴ
1730 1132 1759 1158 δὲ
1773 1131 1824 1166 χρὴ

1039 1181 1088 1216 τὴν
1105 1181 1135 1207 ὲν
1149 1180 1257 1212 τούτοις
1272 1179 1389 1206 ἀτοπίαν
1411 1179 1450 1210 ὡς
1477 1178 1647 1214 πορρωτάτω
1673 1178 1822 1207 ποιεῖσθαι,

1039 1226 1141 1252 τέλειον
1154 1223 1226 1251 εἷναί
1241 1233 1330 1258 φαμεν
1345 1224 1391 1250 τὸν
1412 1223 1476 1250 Υίὸν
1502 1223 1547 1250 τὸν
1562 1223 1601 1258 τῷ
1622 1223 1720 1258 τελείῳ
1738 1223 1824 1258 Πατρὶ

1040 1270 1242 1306 παρισούμενον
1257 1269 1302 1297 διὰ
1317 1270 1348 1296 τδ
1365 1270 1415 1304 τῆς
1430 1268 1525 1300 οὐσίας
1543 1267 1770 1304 ἀπαράλλακτον.

1345 1316 1399 1342 Καὶ
1417 1314 1515 1342 τοῦτο.

1077 1365 1151 1391 Ἴσον
1181 1362 1277 1390 ἑαυτὸν
1292 1361 1473 1390 δπιδεικνύων
1487 1361 1528 1396 τῷ
1542 1359 1602 1395 Θεῷ
1634 1361 1683 1387 καὶ
1723 1360 1822 1395 "arpi,

1041 1410 1109 1446 φησι
1128 1418 1179 1436 που
1193 1408 1312 1443 Χριστὸς
1336 1407 1403 1441 πρὸς
1416 1408 1479 1439 τοὺς
1494 1407 1612 1439 οἰκείους
1629 1407 1769 1442 μαθητὰς,
1793 1407 1824 1432 '0

1039 1457 1175 1492 ἑωρακὼς
1191 1456 1243 1490 ἐμὲ
1257 1455 1367 1490 ἑώρακε
1381 1455 1435 1482 τὸν
1448 1452 1648 1489 Πατέρα.Εῐτα
1662 1455 1723 1485 πῶς
1732 1454 1826 1481 ὁκατά

1041 1504 1122 1538 φύσιν
1133 1502 1264 1534 τοιοῦτος,
1284 1502 1356 1528 οὕτω
1374 1510 1404 1528 τε
1425 1501 1568 1537 ὑπάρχων,
1598 1501 1637 1532 ὡς
1651 1500 1738 1532 αὐτὸς
1755 1500 1823 1535 ἀλη-

1042 1549 1130 1577 θεύων
1154 1547 1365 1584 διισχυρίζεται,
1383 1547 1414 1574 τὸ
1429 1546 1541 1573 ἔλαττον
1557 1546 1612 1579 ἔξει
1635 1546 1707 1573 κατὰ
1723 1547 1776 1581 τήν
1790 1554 1826 1572 rt-

1040 1604 1094 1623 νων
1117 1595 1262 1627 ἀδουλίαν;
1290 1594 1320 1620 Et
1336 1593 1390 1629 γὰρ
1409 1593 1541 1628 ὑπάρχων
1559 1593 1678 1620 ἐλάττων
1695 1594 1726 1619 ὲν
1738 1593 1827 1628 ἑαυτῷ

1039 1641 1158 1669 δεικνύει
1172 1640 1217 1667 τὸν
1230 1640 1338 1674 Πατέρα
1349 1660 1357 1672 ,
1379 1638 1516 1674 μηδεμιᾶς
1533 1638 1741 1674 μεσολασούσης
1755 1647 1827 1673 παρ-

1040 1687 1171 1722 αλλαγῆς,
1184 1686 1231 1712 ἐπὶ
1247 1685 1292 1712 τὸν
1307 1685 1417 1720 Πατέρα
1428 1685 1459 1710 τὺ
1471 1683 1583 1710 ἔλαττον
1598 1683 1780 1720 ἀναϐήσεται,
1790 1683 1825 1715 ὡς

1041 1735 1070 1760 ὲν
1081 1733 1278 1767 ἀμεταποιήτῳ
1296 1732 1458 1766 φαινόμενον
1482 1731 1567 1757 εικόνι
1590 1730 1630 1766 τῷ
1654 1731 1724 1765 Υἱῷ.
1745 1731 1826 1758 Ἀλλά

1039 1779 1120 1806 τοῦτο
1133 1779 1244 1806 ἄτοπον.
1259 1777 1365 1805 Οὐκοῦν
1377 1778 1428 1804 οὐκ
1441 1777 1560 1804 ὲλάττων
1575 1779 1589 1805 6
1604 1777 1667 1809 Υιὺς
1678 1797 1684 1809 ,
1701 1778 1734 1804 ἐν
1747 1775 1825 1812 ᾧπερ

1040 1825 1235 1858 ὲξεικονίζεται
1246 1824 1350 1856 τέλειος
1366 1825 1380 1851 6
1394 1823 1488 1860 Πατὴρ
1502 1823 1550 1851 ὥν.

1346 1870 1402 1897 Καὶ
1415 1870 1515 1898 τοῦτο.

1075 1919 1129 1946 Καὶ
1144 1919 1201 1951 πῶς
1217 1917 1251 1945 ἂν
1265 1917 1296 1944 τὸ
1311 1917 1433 1950 ἔλαττον,
1448 1917 1477 1944 ιν
1498 1914 1599 1952 οἴσπέρ
1618 1917 1692 1943 ἐστιν
1702 1917 1716 1942 6
1729 1917 1828 1952 Πατὴρ

1041 1965 1078 1992 ὣν
1098 1966 1112 1992 6
1131 1964 1194 1996 Υιὸς
1210 1963 1367 1998 ἔπιδέξηται
1378 1982 1388 1997 ,
1412 1962 1499 1997 λέγων
1516 1962 1703 1997 ἀνεγκλήτως,
1719 1963 1828 1990 Πάντα

1041 2011 1100 2038 ὅσα
1114 2011 1178 2046 ἔχει
1195 2011 1212 2038 ὁ
1229 2009 1331 2044 Πατήρ
1349 2008 1406 2044 ἐμά
1421 2009 1506 2042 seu;
1531 2009 1578 2036 καὶ
1607 2008 1688 2036 πάλιν
1702 2009 1744 2040 ὡς
1758 2010 1828 2045 πρὸς

1040 2058 1085 2084 τὸν
1096 2057 1163 2085 Θεὸν
1176 2057 1224 2083 καὶ
1240 2056 1363 2091 Πατέρα,
1381 2055 1422 2082 ὅτι
1438 2056 1541 2083 Πάντα
1556 2054 1593 2083 τὰ
1613 2054 1669 2090 ἐμὰ
1683 2055 1725 2082 σά
1748 2055 1826 2088 ἐστι,

1041 2103 1090 2131 καὶ
1106 2103 1142 2130 τὰ
1154 2103 1194 2130 σὰ
1204 2102 1272 2137 ἐμά.
1289 2103 1320 2130 El
1331 2103 1386 2138 γὰρ
1398 2102 1484 2134 ὅντως
1497 2102 1557 2129 ἐστὶ
1572 2102 1644 2129 κατά
1668 2102 1718 2137 τήν
1743 2110 1826 2128 τινων

1041 2149 1169 2178 ἀϐουλίαν
1183 2149 1302 2176 ἐλάττων
1316 2149 1331 2175 6
1347 2148 1422 2182 Υίὸς,
1445 2148 1596 2184 ἐπειδήπερ
1628 2147 1760 2183 ἀληθεύει
1780 2149 1823 2176 λέ-

1040 2204 1098 2230 γων
1115 2195 1184 2232 πρὸς
1195 2195 1240 2222 τὸν
1259 2190 1379 2229 Πατέρα,
1397 2194 1436 2222 Τὰ
1445 2193 1502 2229 ἐμὰ
1519 2195 1560 2221 σά
1574 2194 1651 2227 ἐστι,
1665 2194 1716 2221 καὶ
1734 2198 1775 2222 τὰ
1787 2195 1828 2222 σὰ

204 2252 255 2272 nor
269 2244 315 2276 sit,
341 2248 368 2271 et
387 2244 412 2270 in
439 2242 548 2276 Filium,
577 2247 608 2271 ut
626 2242 723 2277 major,
741 2250 801 2270 cum
820 2250 909 2270 rerum
925 2243 977 2270 οτώ

1050 2242 1111 2275 ζῖμὰ,
1130 2242 1252 2278 χωρήσει
1268 2242 1315 2268 καὶ
1327 2241 1374 2268 ἐπὶ
1389 2241 1435 2268 τὸν
1458 2241 1569 2277 Πατέρα
1586 2241 1616 2268 τὸ
1631 2241 1754 2273 ἔλαττον,
1780 2243 1826 2269 καὶ

204 2291 327 2318 diversus
343 2297 396 2317 non
410 2289 455 2322 sit,
474 2295 502 2316 et
518 2290 544 2316 in
559 2293 675 2323 utroque
691 2295 722 2315 ea
746 2293 904 2321 cernantur,
931 2296 992 2324 qua:

204 2335 316 2362 alterius
335 2337 409 2365 sunt,
427 2338 454 2361 et
476 2334 546 2368 quod
564 2333 651 2361 Patris
666 2337 718 2366 est,
735 2333 761 2360 id
773 2333 855 2360 etiam
869 2333 930 2360 Filii
946 2333 992 2365 sit,

204 2385 231 2406 et
244 2384 350 2406 contra.
374 2378 446 2406 Nihil
473 2379 554 2413 igitur
581 2377 733 2412 prohibebit
750 2383 775 2405 et
793 2377 898 2404 Patrem
925 2377 993 2405 Filio

204 2424 336 2451 minorem
352 2424 451 2456 dicere,
477 2428 504 2450 et
531 2422 611 2450 Patre
631 2423 760 2457 majorem
791 2422 900 2450 Filium.
928 2423 993 2456 Qute

203 2471 311 2504 quidem
324 2477 384 2497 cum
400 2470 441 2497 vel
456 2469 575 2504 cogitare
591 2469 627 2495 sit
645 2468 883 2502 absurdissimum,
901 2469 994 2504 sequi-

204 2521 248 2543 tur
260 2519 289 2544 ut
301 2515 414 2551 aequalis
428 2514 503 2542 Patri
519 2515 554 2541 sit
571 2513 665 2546 Filius,
683 2514 729 2548 qui
750 2521 844 2542 omnes
861 2523 922 2542 cum
935 2515 989 2543 Pa-

205 2567 246 2590 tre
258 2569 417 2590 communes
434 2561 516 2588 habet
526 2560 649 2587 essemite
659 2560 815 2594 dignitates.

1044 2288 1074 2314 τὸ
1088 2288 1181 2323 μεῖζον
1203 2288 1303 2322 ὁμοίως
1327 2287 1373 2313 ἐπὶ
1398 2286 1445 2313 τὸν
1463 2286 1538 2319 Υίδν,
1555 2286 1761 2322 ἀδιαφορούσης
1780 2289 1828 2322 τῆς

1042 2332 1096 2358 τῶν
1111 2332 1282 2367 πραγμάτων
1298 2330 1411 2365 τάξεως,
1429 2331 1510 2367 εἴπερ
1524 2331 1553 2357 ὲν
1576 2331 1701 2367 ἑκατέρῳ
1711 2332 1748 2358 τὰ
1762 2333 1829 2359 ἑκα-

1043 2379 1115 2413 τέρῳ
1131 2378 1268 2413 προσόντα
1285 2376 1422 2411 φαίνεται,
1448 2378 1495 2404 καὶ
1507 2377 1576 2412 ὅπερ
1595 2377 1627 2404 ἂν
1642 2378 1686 2410 εἴη
1703 2376 1754 2403 τοῦ
1770 2378 1827 2404 Πει-

1042 2424 1117 2460 τρδς,
1135 2423 1215 2450 τοῦτό
1233 2423 1291 2449 ἐστι
1318 2422 1366 2449 καὶ
1394 2422 1440 2449 τοῦ
1459 2421 1532 2455 Υῐοῦε
1547 2422 1593 2449 καὶ
1608 2422 1688 2449 πάλιν
1705 2422 1779 2456 ὅπερ
1795 2422 1827 2449 ἂν

1043 2470 1168 2505 ὑπάρχον
1184 2468 1232 2496 τοῦ
1259 2468 1325 2496 Υίοῢ
1343 2469 1409 2496 ῐδιον
1437 2469 1579 2504 φαίνηται,
1604 2468 1681 2495 τοῦτό
1701 2470 1761 2494 ἐστι
1779 2468 1826 2494 καὶ

1042 2516 1091 2543 τοῦ
1108 2515 1317 2550 Πατρός.οὺδὲν
1328 2515 1375 2542 οὖν
1389 2514 1507 2542 κωλύσει
1527 2515 1617 2550 λέγειν
1629 2515 1764 2542 ἐλάττονα
1779 2515 1825 2541 τοῦ

1044 2559 1111 2587 Υίοῦ
1128 2559 1174 2586 τὸν
1183 2559 1304 2593 Πατέρα,
1319 2559 1367 2586 καὶ
1383 2559 1494 2594 μείζονα
1507 2559 1554 2586 τοῦ
1573 2559 1679 2595 Πατρὺς
1690 2560 1736 2586 τὸν
1748 2559 1825 2586 Υίόν.

210 2609 281 2637 Ἀλλ’
294 2609 352 2636 ἐστι
368 2607 424 2634 τῶν
458 2606 642 2634 ἀτοπωτάτων
668 2607 716 2633 καὶ
744 2607 823 2642 μόνον
841 2608 943 2635 ἐννοεῖν
962 2616 989 2636 τι
1017 2607 1148 2635 τοιοῦτον.
1167 2606 1239 2638 Ἰσος
1263 2606 1329 2641 ἄρα,
1345 2606 1393 2633 καὶ
1418 2605 1470 2633 οὐκ
1491 2606 1611 2634 ἐλάττων
1625 2608 1639 2634 6
1658 2610 1734 2635 κοινὰ
1758 2607 1825 2644 πρὸς

203 2656 249 2684 τὸν
263 2655 375 2691 Πατέρα
389 2655 423 2682 τὰ
436 2654 486 2688 τῆς
503 2653 595 2684 οὐσίας
611 2652 681 2687 ἔχων
693 2653 931 2690 πλεονεκτήματα.

480 2698 605 2733 Ejusdem
618 2704 642 2726 et
653 2699 722 2727 Iuec.

238 2749 360 2784 Quodam
371 2750 430 2776 loco
442 2747 580 2780 Servator,
593 2747 663 2774 sicut
679 2747 738 2782 ipse
751 2747 776 2774 in
791 2747 870 2775 Patre
884 2752 938 2782 est,
950 2747 991 2776 sic

203 2795 311 2825 Patrem
333 2794 362 2822 in
378 2801 408 2821 se
422 2799 484 2820 esse
501 2791 576 2819 dicit.
595 2791 672 2819 Nullo
702 2796 792 2819 autem
822 2798 901 2827 pacto
916 2793 989 2828 cogi-

1350 2698 1407 2726 Καὶ
1425 2698 1525 2727 τοῦτο.

1079 2745 1157 2772 Οὕτω
1171 2746 1222 2773 πού
1255 2754 1336 2780 φησιν
1353 2746 1367 2772 6
1378 2745 1493 2781 Σωτὴρ,
1513 2745 1551 2778 ὡς
1570 2745 1613 2782 εἴη
1627 2746 1678 2782 μὲν
1695 2747 1780 2780 αὐτος
1796 2749 1825 2775 ὲν

1043 2792 1144 2827 Πατρὶ,
1159 2792 1206 2818 καὶ
1219 2793 1233 2819 6
1245 2792 1342 2828 Πατὴρ
1355 2791 1384 2820 δὲ
1400 2792 1503 2828 ὁμοίως
1518 2793 1547 2821 ὲν
1558 2793 1644 2829 αὐτῷ.
1667 2794 1737 2820 Ἀλλ’
1767 2795 1825 2822 εστι

242 2864 250 2880 ³
267 2863 362 2891 Matth.
381 2870 436 2896 xw,
453 2860 499 2890 27.
537 2861 547 2876 ’
560 2859 638 2888 Joan.
652 2868 673 2890 I.
689 2861 716 2887 5.
751 2860 848 2890 'Joan.
862 2862 954 2896 xw,9.

1050 2869 1084 2889 in.
1098 2868 1165 2894 xvu,
1176 2859 1217 2889 l0.
