1891 3076
68 118 116 150 66)

546 115 739 146 PANOPLIA
758 115 990 145 DOGMATlCA.
1008 127 1042 133 -
1062 116 1139 147 TlT.
1154 116 1208 148 XI.

1641 115 1695 145 670

67 174 144 202 παντί
166 183 219 202 που
231 174 322 210 δῆλον,
344 173 382 206 ὡς
395 173 426 200 οὐ
444 174 584 210 προσῆκει
608 174 680 199 νοεῖν
715 173 846 209 καθάπερ

924 173 1012 200 ιηιιιιιιι
1030 179 1081 206 est,
1101 178 1130 201 ιιι
1143 182 1242 209 corpus
1258 174 1284 201 in
1300 181 1427 209 corpore,
1457 177 1504 200 aut
1517 181 1563 202 vas
1578 174 1605 201 in
1619 182 1693 207 vase.

67 221 142 256 σῶμα
156 221 186 249 ὲν
204 220 323 255 σώματι,
336 220 353 254 ἦ
367 220 463 251 σκεῦος
475 221 504 246 ἐν
520 218 625 252 σκεύει,
638 219 710 246 οὕτω
720 220 845 254 χωρητὺν

66 269 92 295 ὲν
106 267 163 303 Υίῷ
186 267 232 295 τὸν
243 267 366 302 Πατέρα,
380 267 396 302 ἢ
413 266 447 293 αὖ
461 266 541 293 πάλιν
561 267 606 292 τὴν
629 265 693 292 Υἱὸν
716 266 847 300 ἀντεμϐι-

67 314 193 346 ϐάζεσθαι
225 314 327 349 τρόπον
341 314 402 340 τινὰ
435 313 474 348 τῷ
492 313 588 347 Πατρὶ,
607 313 655 339 καὶ
684 309 760 344 οὗτος
780 312 807 338 δὲ
820 313 848 339 ἐν

66 359 168 395 ἐκείνῳ,
179 360 304 390 κάκεῖνος
317 360 346 385 ὲν
361 359 448 394 τούτῳ
463 359 600 395 φαίνεται,
609 359 646 389 ὼς
658 360 686 385 ὲν
699 359 845 392 ταυτότητι

66 406 112 441 τῆς
125 406 219 437 οὐσίας
241 405 459 440 ἀπαραλλάκτῳ,
478 406 525 431 καὶ
540 407 572 440 τῇ
589 405 660 431 κατὰ
679 405 762 438 φύσιν
788 405 848 431 ἑνό-

69 452 131 486 τητί
146 461 175 479 τε
190 452 239 479 καὶ
254 452 397 486 ὁμοιότητι
408 459 415 466 ·
430 451 524 486 ὥσπερ
538 451 571 478 ἂν
585 451 612 477 εί
627 460 667 482 τις
686 453 733 476 καὶ
759 451 789 477 ὲν
814 450 851 476 εἰ-

66 498 121 523 κίνι
137 497 186 532 τὴν
204 497 309 523 οἰκείαν
320 496 531 531 καταθεώμενος
547 496 669 531 μορφὴλ,
683 496 760 530 λέγοι
778 496 849 530 πρός

66 550 142 573 τινας
157 542 310 577 ἀληθεύων,
328 543 377 569 καὶ
395 543 445 578 τὴν
478 543 520 574 εἰς
549 542 636 577 ἄκρον
652 543 849 577 ἐξησκημένην

66 589 215 624 ἐμφέρειαν
254 588 302 615 τοῦ
336 589 436 615 οἰκείου
475 589 617 624 σχήματος
651 588 849 622 ἁποθαυμάζοι

67 632 144 668 βοῶν,
168 633 238 668 Ἐγὼ
252 634 281 660 ἐν
298 634 361 669 τῇδε
382 636 414 670 τῇ
435 637 544 670 γραφῇ,
570 635 646 670 καὶὴ
666 635 759 670 γραφὴ
773 635 801 661 δὲ
821 635 851 661 ὲν

66 680 124 714 ἐμοί
137 687 144 694 ·
157 679 340 716 ῆκαὶῶσπερ
356 681 449 711 πάλιν,
472 682 496 708 εί
521 682 537 716 ἠ
553 682 585 708 ὲκ
612 681 699 715 πυρὸς
722 680 851 714 φυσικῶς

67 725 180 753 ποιοῦσα
197 727 334 762 θερμότης
351 727 443 761 φωνὴν
458 728 573 762 ἀφιεῖσα
590 727 677 761 λέγοι.
687 727 758 761 Ἐγὼ
767 729 797 753 ὲν
811 727 850 763 τῷ

66 773 142 807 πυρὶ,
157 773 206 800 καὶ
230 773 261 800 τὸ
279 774 335 809 πῦρ
351 774 380 800 δὲ
396 775 425 800 ὲν
441 775 514 809 ἐμοί.
530 774 608 801 Ἐστι
637 775 688 808 μὲν
715 775 769 809 γάρ
791 782 851 806 πως

68 819 118 845 τῶν
131 820 289 855 εἰρημένων
305 820 422 847 ἕκαστον
438 821 547 857 ἐπινοίᾳ
565 821 708 856 μεριστὸν,
731 820 760 847 ἒν
776 821 804 847 δὲ
816 822 850 856 τῇ

899 220 939 246 sic
953 219 1051 246 Filium
1084 221 1110 247 in
1123 221 1204 248 Patre
1220 224 1266 248 aut
1291 220 1399 248 Patrem
1423 219 1449 246 in
1465 219 1534 247 Filio
1548 226 1619 247 esse.
1649 219 1695 247 Sic

899 265 982 299 igitur
991 264 1072 292 Pater
1087 266 1113 292 ιιι
1130 265 1208 298 Frlio,
1240 270 1268 293 ct
1285 265 1372 292 Filius
1398 264 1425 291 iu
1445 264 1524 291 Patre
1543 269 1595 297 est,
1613 269 1643 291 ut
1665 265 1690 292 in

898 309 1018 343 eiusdem
1043 311 1166 337 θεςιξυιίω
1193 311 1368 345 ejusdemque
1393 315 1499 336 naturae
1540 308 1693 336 certissima

901 355 1090 383 similitudine.
1110 356 1144 384 Ut
1164 357 1186 383 si
1200 344 1260 391 quis
1277 356 1416 391 propriam
1445 356 1471 382 in
1485 344 1603 390 imagine
1618 355 1696 382 sinti-

900 401 1041 429 litudinem
1067 410 1130 430 vere
1150 409 1178 430 et
1203 396 1379 438 singulariter
1404 409 1563 437 expressam
1588 402 1696 428 intuens

901 447 1135 484 admirationeque
1161 450 1257 485 plenus
1272 450 1377 484 aliquos
1401 449 1603 484 alloqnereutr:
1619 447 1694 480 Haec,

902 495 1036 529 inquiens,
1065 495 1166 530 eﬂigies
1183 496 1208 523 in
1228 503 1271 523 tne
1284 501 1337 528 est.
1355 500 1382 523 et
1404 503 1454 530 ego
1469 496 1495 522 in
1523 495 1577 522 illa.
1605 495 1659 522 Aut
1673 495 1695 522 si

902 541 1026 570 caliditas
1040 549 1074 569 ex
1087 542 1148 577 igne
1174 543 1334 570 natttraliter
1355 543 1516 577 proveniens
1543 550 1635 569 vocent
1662 542 1695 568 ad

904 588 975 614 hunc
991 589 1098 614 modum
1112 588 1248 616 emitteret
1263 598 1269 616 :
1287 589 1339 623 Ego
1351 589 1377 615 itt
1394 590 1466 622 igne,
1484 593 1511 616 et
1525 588 1593 623 ignis
1612 589 1636 615 in
1653 596 1695 614 tne

903 638 955 660 εει.
989 633 1139 670 Utrumque
1157 635 1230 662 enim
1247 642 1341 662 eorum
1355 643 1416 670 quae
1432 635 1504 661 dicta
1528 640 1602 667 sunt,
1622 635 1698 669 cogi-

906 680 1008 709 latione
1022 680 1131 715 quidem
1151 681 1236 708 dividi
1254 686 1354 716 potest.
1379 687 1475 709 natura
1508 687 1599 709 tamen
1614 689 1696 708 unum

903 731 957 757 est,
974 731 1001 753 et
1020 733 1102 753 unum
1120 733 1151 753 ex
1163 727 1250 754 altero
1263 728 1322 754 sine
1346 727 1400 755 ulla
1414 728 1535 755 sectione
1549 727 1698 761 proliciscl
1722 758 1729 768 ε

905 773 1099 806 tur.Quatnvis
1121 775 1193 801 enim
1209 775 1315 802 animus
1331 783 1362 802 ea
1392 775 1512 802 vicissim
1536 775 1695 808 distinguat,

906 828 989 848 unum
1002 825 1091 848 tamen
1105 826 1186 856 atque
1203 822 1272 849 idem
1288 828 1401 857 utraque
1412 829 1473 849 esse
1486 822 1696 856 perspiciuntur,

67 866 157 898 φύσει,
177 866 223 892 καὶ
240 867 269 892 ἒν
287 867 316 899 ἐξ
334 867 394 898 ἑνὸς
412 867 555 902 ἀμερίστῳ
571 866 628 893 τινὶ
657 866 766 901 προόδῳ
780 874 849 901 προ-

925 872 1035 893 ιηιιιιιιιι
1060 867 1093 893 ad
1120 868 1267 894 essentiam
1294 869 1419 902 pertinet.
1438 868 1466 895 Si
1489 867 1571 901 igitur
1589 871 1697 901 propter

67 910 181 944 κύπτον,
198 912 292 948 ὥσπερ
304 913 352 939 καὶ
367 912 531 948 χωρίζεσθαι
553 913 648 939 δοκοῦν
673 912 719 939 τοῦ
733 914 762 938 ὲν
774 910 851 948 ᾧπέρ

66 958 151 983 ἐστιν’
164 958 238 991 ὅμως
253 958 276 984 δ’
290 957 348 987 οὖν,
364 959 388 984 εἰ
409 959 455 984 καὶ
468 958 563 984 τοῦτον
579 957 692 992 ἔχειτὸν
705 957 790 987 τύπον
799 957 854 984 τῶν

67 1003 107 1029 ἐπ’
126 1003 221 1036 αὐτοῖς
237 1006 381 1039 νοημάτων
403 1005 420 1039 ἡ
445 1004 572 1039 δύναμις,
589 1003 649 1030 ἀλλ’
671 1004 700 1030 ἓν
721 1005 750 1029 ἂν
767 1004 854 1039 ἑτέρῳ

67 1050 205 1084 φαίνεται,
233 1052 281 1077 καὶ
304 1051 406 1077 ταυτὸν
427 1052 496 1078 εἰσιν
511 1052 573 1078 ὅσον
588 1052 628 1082 εἰς
653 1051 747 1078 οὐσίαν
763 1052 854 1086 ἀμφό-

65 1102 141 1131 τερα.
155 1097 241 1131 Εἴπερ
256 1095 302 1123 οὖν
313 1097 357 1123 διὰ
372 1097 403 1123 τὸ
414 1097 462 1130 τῆς
473 1096 566 1128 οὐσίας
582 1097 795 1131 ἀπαράλλακτον
806 1097 854 1123 καὶ

65 1141 94 1167 τὸ
103 1144 133 1168 εν
149 1142 186 1176 τῷ
198 1142 352 1178 χαρακτῆρι
371 1142 512 1174 παντελῶς
528 1141 736 1177 ὰπαραποίητον
756 1143 770 1168 6
795 1142 851 1169 Πα-

66 1191 116 1225 τὴρ
129 1191 162 1215 ἐν
178 1190 233 1225 Υίῷ
261 1191 329 1222 ἐστι,
347 1191 409 1221 πῶς
439 1191 453 1216 6
489 1190 591 1225 μείζων
619 1192 649 1216 ὲν
683 1190 806 1217 ἐλάττονι
827 1191 890 1217 κατ’

902 912 1021 946 ejusdem
1031 914 1157 940 essentiae
1171 913 1396 947 perfectissimam
1410 919 1491 949 atque
1503 913 1696 940 immutabilem

905 960 930 986 ιιι
949 959 1067 995 imagine
1094 960 1299 987 similitudinem
1328 959 1409 987 Pater
1426 961 1451 987 in
1470 959 1539 987 Filio
1552 966 1603 992 est,
1631 967 1696 993 quo~

904 1006 985 1032 modo
1003 1007 1088 1041 major
1105 1007 1199 1039 Pater,
1231 1011 1259 1033 ut
1273 1007 1317 1034 isti
1335 1011 1442 1040 putant,
1463 1007 1488 1033 itt
1509 1007 1614 1033 minore
1628 1005 1698 1032 Filio

905 1059 966 1078 esse
978 1056 1006 1079 et
1025 1053 1142 1087 perspici
1170 1052 1278 1086 potest?
1298 1053 1365 1079 Cum
1385 1060 1449 1087 ergo
1479 1052 1558 1079 Pater
1588 1053 1699 1079 omnino

903 1098 939 1124 sit
957 1098 982 1124 in
1000 1097 1080 1131 Filio,
1095 1098 1181 1125 Filius
1205 1099 1285 1133 plane
1312 1099 1448 1134 perfectus
1464 1104 1517 1130 est,
1534 1099 1578 1132 qui
1609 1099 1700 1133 peri-‘-

905 1150 978 1171 clllm
994 1145 1115 1179 capiens,
1134 1144 1217 1178 ﬁgura
1233 1150 1259 1172 ct
1274 1147 1363 1180 imago
1379 1151 1421 1173 est
1441 1147 1530 1180 magni
1547 1145 1645 1174 Patris.

908 1192 1031 1224 ἐκείνους
1058 1193 1116 1219 ὄντι
1145 1194 1184 1228 τῷ
1209 1194 1264 1228 Υίῷ
1291 1194 1431 1229 χωρήσει,
1458 1195 1505 1220 καὶ
1532 1194 1698 1230 ὀφθήσεταις

72 1237 186 1272 Ἐπειδὴ
204 1237 232 1263 δὲ
249 1237 317 1267 ὅλως
332 1237 407 1263 ἐστὶν
425 1237 454 1262 ὲν
468 1236 543 1271 αὐτῷ
572 1235 750 1272 τέλειο;,ἇρα
765 1237 874 1269 πάντως
894 1238 970 1266 ἐστὶν
986 1240 1000 1265 ὸ
1033 1239 1097 1271 Υίὺς
1110 1241 1124 1267 6
1138 1240 1185 1267 τοῦ
1200 1240 1302 1266 τελείου
1319 1239 1540 1276 χωρητικὸ;,καὶ
1554 1240 1700 1276 χαρακτὴρ

65 1284 111 1312 τοῦ
136 1284 259 1318 μεγάλου
274 1284 391 1319 Πατρός.

66 1332 124 1360 Τοῦ
135 1331 232 1359 αὐτοῦ
244 1332 278 1358 ἐκ
293 1331 347 1359 τοῦ
364 1332 431 1366 περὶ
445 1331 498 1367 τῆς
514 1332 599 1367 ἁγίας
616 1333 737 1367 Τριάὂος
750 1333 856 1368 λόγου.

105 1379 168 1406 Ἵνα
183 1378 212 1404 δὲ
226 1377 331 1414 Πατρὸς
358 1380 404 1405 καὶ
421 1378 487 1404 Υίοῦ
503 1379 553 1413 τὴν
571 1379 684 1414 ἰσότητα
710 1379 855 1414 δείξωμεν,

66 1426 108 1452 ἐπ’
125 1425 214 1461 αὐτὴν
236 1424 360 1460 ἔλθωμεν
377 1425 427 1460 τὴν
451 1424 500 1451 τοῦ
530 1426 635 1460 Κυρίου
661 1425 856 1454 διδασκαλίαν.

63 1472 182 1506 οὐδεὶς,
199 1472 291 1507 φησιν,
302 1470 365 1499 οἶδε
381 1472 435 1498 τὸν
449 1472 517 1498 flor
534 1473 557 1498 si
569 1471 612 1506 μὴ
625 1474 641 1499 d
655 1473 770 1507 Πατὴρ,
784 1471 857 1499 οὐδὲ

65 1521 119 1548 τὸν
130 1520 249 1555 Πατέρα
262 1529 307 1553 τις
318 1519 507 1554 ἐπιγινώσκει
525 1521 549 1546 εί
567 1520 609 1554 μὴ
624 1522 639 1547 ὁ
657 1522 735 1554 Υἱὸς,
757 1520 808 1548 καὶ
829 1516 854 1554 ᾦ

1015 1335 1143 1370 Ejusdem
1158 1345 1189 1363 ex
1208 1336 1276 1364 libro
1292 1338 1324 1364 dc
1334 1343 1427 1364 sancta
1455 1337 1592 1364 Triuilale.

945 1380 1044 1409 Verum
1068 1387 1097 1409 ut
1114 1382 1201 1409 Patris
1212 1387 1238 1410 et
1253 1382 1312 1410 Filii
1324 1385 1539 1411 demonstremus
1560 1384 1700 1418 atqttalita-

908 1432 973 1458 lem.
995 1429 1028 1455 ad
1059 1428 1164 1456 Domini
1176 1429 1327 1456 doctrinam
1349 1431 1510 1456 accedamus
1525 1439 1531 1457 :
1546 1429 1639 1463 Nemo,
1655 1430 1697 1457 itt-

908 1475 975 1509 quil,
993 1476 1063 1502 not-it
1087 1474 1187 1502 Filium
1212 1476 1264 1503 nisi
1280 1475 1373 1509 Pater,
1399 1485 1479 1511 neque
1497 1476 1603 1504 Putrem
1629 1477 1699 1504 novit

907 1523 1047 1558 quisquam
1062 1522 1113 1549 nisi
1127 1521 1222 1555 Filius,
1235 1528 1257 1549 et
1274 1523 1317 1549 cui
1328 1523 1438 1549 valuerit
1459 1522 1546 1549 Filius
1556 1523 1698 1550 revelare'.

67 1568 105 1595 ἂν
120 1568 276 1601 ,βούληται
292 1568 308 1593 ό
329 1567 395 1599 Υἱὸς
409 1567 607 1601 ἀποκαλύψαι
640 1568 661 1593 Τ
665 1567 672 1593 ί
684 1567 786 1594 τούτων
807 1576 852 1595 σας

924 1568 975 1603 !uid
988 1568 1061 1596 hisce
1075 1568 1164 1596 verbis
1172 1568 1290 1595 clarius?
1302 1567 1364 1602 Par,
1376 1569 1474 1603 inquit,
1489 1569 1566 1596 nobis
1578 1568 1698 1601 cognitio

66 1616 204 1649 φέστερον
228 1614 282 1639 τῶν
301 1613 450 1648 ῥημάτων;
470 1614 540 1649 Ἴση,
565 1615 658 1649 φησὶν,
688 1615 756 1650 ἡμῖν
784 1615 858 1642 ἐστιν

65 1661 212 1697 ήγνῶσις.
242 1661 372 1688 Γινώσκω
399 1662 454 1697 γὰρ
485 1661 531 1687 τὸν
562 1660 672 1697 Πατέρα
686 1662 858 1697 γινωσκόμε-

65 1716 109 1739 νος
128 1708 177 1734 ὑπ’
206 1707 299 1740 αὑτοῦ,
330 1709 376 1734 καὶ
403 1708 533 1742 γινώσκει
565 1716 599 1743 με
616 1708 630 1734 6
658 1708 753 1743 Πατὴρ
773 1717 858 1742 γινω-

68 1755 204 1790 σκόμενος
228 1754 274 1780 ὑπ’
304 1754 382 1790 ἐμοῦ.
402 1755 481 1782 Πᾶσα
496 1755 523 1781 δὲ
548 1755 565 1790 ἡ
588 1754 676 1785 κτίσις
692 1755 740 1789 τῆς
757 1755 859 1790 ἡμετέ-

67 1808 117 1834 ρας
147 1799 313 1832 ὲκὸέῦληται
333 1799 477 1833 γνώσεως·
506 1800 565 1832 πῶς
582 1800 636 1835 γὰρ
663 1798 720 1827 οἷόν
747 1810 776 1827 τε
808 1801 858 1835 τῆς

67 1845 180 1878 φύσεως
195 1844 278 1879 ἡμῶν
290 1845 320 1871 οὐ
338 1845 520 1871 κοινωνοῦσαν
545 1846 707 1884 κοινωνῆεαι
723 1848 772 1880 τῆς
789 1845 858 1880 γνώ-

67 1898 139 1922 σεως
151 1899 160 1923 ;
175 1886 421 1926 Μεταλαγχάνουσι
434 1891 456 1917 δ’
469 1891 544 1925 ὅμως
557 1891 629 1922 τινὲς
643 1891 772 1926 βραχείας
788 1891 860 1923 τινὸς

66 1936 201 1972 θεωρίας.
223 1936 420 1963 ’Δποκαλύπτω
431 1938 485 1972 γὰρ
500 1937 537 1968 ὡς
555 1935 611 1963 οἷον
623 1945 652 1963 τε
671 1935 712 1968 οἷς
726 1937 760 1963 ἂν
774 1937 859 1964 ἐθέλω

64 1982 117 2017 τὴν
135 1984 204 2017 περὶ
221 1982 269 2010 τοῦ
296 1983 400 2019 Πατρὸς
417 1983 521 2017 γνῶσιν
536 1983 574 2015 ὼς
601 1983 630 2009 ὲν
657 1983 783 2018 ἐσόπτρῳ
814 1983 859 2009 καὶ

66 2030 226 2065 αἰνίγματι.
260 2029 354 2055 Ταῦτα
383 2031 415 2056 ὲκ
440 2030 493 2055 τῶν
523 2029 696 2055 Δεσποτικῶν
721 2029 859 2064 ἐμάθομεν

65 2076 258 2110 διδαγμάτων.
279 2077 361 2102 Ποίαν
379 2076 496 2103 ἐνταῦθα
516 2076 611 2112 χώραν
633 2076 690 2112 ἔχει
708 2077 738 2103 τὸ
765 2077 859 2111 μεῖζον

67 2124 118 2150 καὶ
133 2123 168 2149 τὸ
184 2122 294 2149 ἔλαττον
303 2131 311 2156 ;

68 2183 128 2214 Τοῦ
140 2182 238 2210 αὑτοῦ
251 2183 285 2210 ἐκ
295 2181 556 2246 τοῡγίέιεραλίιίιίυ
568 2182 622 2210 τοῦ
634 2181 660 2212 α’
671 2183 796 2215 βιϐλίου
806 2183 860 2211 τοῦ

407 2226 554 2246 ησαυοου.

407 2226 554 2252 ησαυρου.

908 1619 964 1644 est.
980 1615 1122 1651 Cognoseo
1147 1615 1254 1643 Patrem
1270 1622 1284 1641 ο
1300 1615 1381 1642 Patre
1396 1615 1537 1650 cognitus;
1553 1616 1698 1649 cognoscit

908 1670 953 1692 me
965 1662 1044 1690 Pater
1053 1670 1067 1689 a
1081 1669 1124 1689 me
1138 1661 1271 1695 cognitus.
1282 1659 1384 1688 Omnes
1392 1665 1480 1687 atttetn
1494 1668 1537 1687 res
1545 1666 1695 1695 procreatae

908 1710 942 1735 ab
959 1709 1010 1735 hac
1029 1713 1157 1735 arcentur
1173 1707 1336 1742 cognitione.
1367 1707 1506 1739 Quomodo
1536 1707 1608 1733 enim
1635 1715 1696 1743 qtae

910 1759 1013 1782 natura:
1043 1760 1143 1781 nostrae
1171 1761 1224 1780 non
1265 1758 1330 1781 sunt
1361 1754 1518 1788 participes,
1537 1754 1699 1788 cognitionis

909 1800 1057 1834 participes
1085 1799 1158 1826 sint?
1172 1797 1284 1826 Parvam
1321 1802 1411 1826 tamen
1442 1799 1551 1834 quidam
1574 1799 1697 1826 notitiam

909 1852 1104 1882 assequuntur.
1121 1846 1177 1882 Ego
1189 1846 1263 1873 enim
1281 1845 1345 1878 illis,
1364 1846 1452 1881 quoad
1477 1853 1572 1874 eorum
1603 1850 1700 1872 natura

910 1894 990 1928 capit,
1008 1898 1134 1928 tauquam
1159 1893 1186 1920 itt
1202 1892 1313 1927 speculo
1342 1897 1425 1927 atque
1449 1892 1593 1926 aenigmate
1609 1893 1698 1920 Patris

910 1941 1033 1968 notitiam
1051 1939 1191 1975 impertio.
1216 1939 1277 1966 llam
1291 1946 1323 1966 ex
1346 1938 1453 1965 Domini
1465 1939 1588 1965 doctrina
1603 1939 1700 1965 didici-

912 1996 981 2016 mus.
996 1987 1083 2021 Quem
1099 1986 1182 2022 igitur
1203 1986 1247 2013 hic
1269 1985 1356 2020 majus
1380 1990 1407 2012 et
1421 1985 1511 2013 minus
1537 1984 1627 2012 locutn
1653 1985 1701 2011 ha-

911 2035 975 2062 bel?

982 2184 1107 2218 Ejusdem
1123 2192 1155 2211 ea;
1170 2183 1297 2211 Thesauri
1312 2191 1370 2217 cap.
1391 2182 1422 2210 ιι)
1453 2183 1532 2216 primi
1544 2183 1615 2209 libri.

105 2274 194 2308 Λέγει
208 2281 260 2300 που
273 2271 399 2308 Χριστός·
414 2280 425 2297 ι
440 2271 470 2297 '0
482 2269 576 2306 Πατὴρ
591 2270 605 2296 6
621 2269 732 2305 πέμψας
745 2278 789 2305 με,
804 2269 852 2304 μεί-

946 2267 1070 2296 Christus
1086 2265 1183 2292 alicubi
1207 2264 1263 2291 ait:
1286 2272 1295 2289 ι
1310 2262 1389 2290 Pater
1404 2262 1448 2297 qtti
1463 2262 1535 2289 tnisit
1548 2270 1600 2295 me,
1612 2262 1698 2297 major

67 2322 127 2354 ζων
153 2319 206 2356 μού
228 2319 296 2345 ἐστι.
314 2327 323 2344 ι
354 2318 497 2353 Μαρτυρεῖ
510 2316 538 2343 δὲ
554 2315 667 2351 πάλιννή
685 2315 745 2342 θεία
768 2314 863 2350 Γραφὴ

68 2367 139 2404 περὶ
152 2365 238 2393 αὑτοῦ
252 2365 292 2392 ὅτι
303 2374 312 2390 ι
323 2364 378 2405 ρὺχ
393 2363 537 2400 ἁρπαγμὸν
548 2362 672 2398 ἡγήσατο
685 2361 715 2388 τὸ
733 2359 803 2388 εἶναι
818 2361 864 2387 ῐσα

68 2413 145 2449 Θεῷ,
167 2421 177 2438 ι
193 2411 256 2443 Πῶς
271 2408 317 2437 οὗν
333 2410 410 2436 ἔσται
427 2410 474 2435 καὶ
487 2409 554 2440 ίσος,
568 2408 613 2434 καὶ
629 2406 738 2443 μείζονα
752 2407 807 2439 ἕξει
819 2405 867 2445 τὸν

69 2460 200 2495 Πατέρα,
227 2456 358 2493 ζητητέον
375 2455 514 2491 ἀκριϐῶς·
531 2453 641 2481 ἐναντία
662 2453 716 2488 γὰρ
741 2451 866 2487 ἀλλήλοις

69 2506 107 2533 τὰ
135 2504 255 2533 τοιαῦτα
277 2505 362 2530 ἔστιν.
381 2502 490 2537 Ἐπειδὴ
517 2501 545 2528 δὲ
568 2499 725 2536 δοκιμάζειν
747 2499 866 2530 εὐσεϐῶς

71 2552 228 2588 πρόκειται
244 2549 279 2576 τὰ
297 2548 377 2585 ῥητὰ,
392 2547 455 2575 οὔτε
471 2547 501 2574 τὸ
520 2546 577 2573 ἴσον
592 2545 761 2580 ὲκὸαλοῦμεν
777 2544 821 2571 διὰ
837 2545 868 2571 τὺ

72 2599 185 2634 μεῖζον,
202 2596 266 2623 οὔτε
284 2596 337 2632 μὴν
349 2595 380 2622 τδ
392 2595 483 2631 μεῖζον
498 2594 542 2621 διὰ
557 2593 588 2620 τὸ
603 2592 659 2619 ἴσον
673 2592 866 2627 ἀναιρήσομεν·

72 2645 216 2682 κρατήσει
233 2643 256 2670 δ’
278 2642 422 2679 ἀμφότερα
446 2641 562 2676 θεωρίας
577 2639 696 2670 εὐσεϐῶς
712 2637 868 2673 εἰσφερομέ-

73 2701 125 2727 mg
142 2691 189 2717 ἐπ’
206 2690 307 2721 αὐτοῖς.
320 2688 423 2715 Οὐκοῦν
439 2687 512 2722 ἁπλῆ
527 2695 568 2718 τις
579 2683 646 2712 οὖσα
661 2685 709 2712 καὶ
722 2683 869 2714 ἀσύνθετος

72 2739 90 2773 ἡ
110 2736 171 2771 τῆς
193 2735 321 2770 θεότητος
344 2733 442 2769 φύσις,
467 2732 518 2759 οὐκ
535 2731 567 2759 ἂν
592 2730 696 2766 ἐτμήθη
722 2730 786 2756 ποτὲ
811 2728 870 2760 ταῖς

73 2781 220 2812 ἐπινοίαις
236 2780 276 2812 είς
294 2779 378 2807 δυάδα
394 2777 500 2812 Πατρδς
522 2777 569 2804 καὶ
582 2776 657 2807 Υίοῦ,
673 2776 698 2802 εἰ
717 2776 753 2810 μή
769 2783 809 2806 τις
826 2774 868 2799 εὖ.

114 2854 122 2869 ³
136 2847 338 2882 Matth.Xt,27.
376 2847 387 2863 ¹
403 2846 480 2875 Joan.
500 2851 553 2877 xiv,
569 2843 616 2872 28.
655 2844 666 2860 ⁸
683 2843 800 2878 Philipp.
817 2849 847 2876 tt,
862 2841 890 2870 θ.

913 2320 955 2340 me
971 2316 1013 2339 est
1038 2314 1061 2339 '.
1083 2321 1092 2338 ι
1107 2310 1202 2338 Divina
1215 2309 1295 2337 etiam
1315 2309 1455 2342 Scriptura
1474 2308 1525 2336 hoc
1553 2308 1586 2335 de
1610 2316 1643 2336 eo
1656 2313 1697 2335 te-

915 2364 1012 2391 statur,
1031 2357 1099 2392 quod
1118 2365 1127 2382 ι
1146 2355 1205 2383 Non
1228 2355 1349 2390 rapinam
1361 2353 1519 2386 ,arbitratus
1537 2358 1578 2381 est
1597 2361 1626 2381 se
1639 2361 1700 2382 esse

915 2403 1045 2438 aequalem
1063 2402 1118 2429 Deo
1144 2399 1164 2426 ³.
1184 2410 1193 2427 ›
1208 2400 1330 2434 Quonam
1348 2400 1430 2433 igitur
1443 2403 1519 2433 pacto
1539 2398 1642 2426 l'ulnrtts
1666 2400 1702 2427 sit

917 2449 1037 2484 aequalis,
1058 2452 1085 2476 et
1096 2448 1225 2482 tnajorem
1241 2453 1271 2474 se
1287 2446 1429 2473 habiturus
1441 2445 1560 2478 Patrem,
1576 2451 1702 2473 accurate

919 2495 997 2522 nobis
1012 2494 1200 2530 inquirendum
1213 2496 1254 2520 est
1273 2501 1280 2519 :
1305 2499 1424 2527 pugnare
1447 2492 1520 2519 enim
1548 2492 1604 2518 lnee
1632 2492 1703 2519 inter

920 2549 949 2569 se
967 2541 1101 2568 videntur.
1112 2540 1177 2567 Cum
1196 2545 1284 2566 autem
1300 2538 1376 2566 nobis
1402 2538 1568 2573 propositum
1601 2538 1636 2565 sit
1661 2537 1703 2571 pie

922 2589 978 2615 hate
989 2587 1058 2614 dicta
1075 2585 1242 2618 examinare,
1256 2592 1343 2619 neque
1355 2584 1508 2618 aequalitate
1525 2591 1586 2610 cum
1612 2583 1704 2617 priva-

922 2634 1022 2665 bimus,
1036 2639 1068 2659 eo
1083 2631 1154 2666 quod
1179 2630 1267 2665 major
1283 2630 1318 2657 sit
1329 2629 1425 2662 Pater;
1444 2636 1529 2663 neque
1547 2635 1639 2656 rursus
1652 2636 1706 2655 ma-

921 2679 1005 2713 jorem
1023 2685 1082 2705 esse
1094 2677 1200 2704 Patrem
1223 2676 1379 2710 negabimus
1390 2675 1424 2702 ob
1438 2674 1616 2708 aequalitatem
1634 2673 1705 2701 Filii.

928 2726 1075 2758 Utrumque
1087 2724 1157 2751 enim
1175 2723 1261 2749 locum
1277 2720 1425 2753 liabebit,si
1435 2727 1464 2746 ca
1478 2721 1519 2754 pie
1534 2720 1706 2747 considerare

928 2772 1130 2807 intelligcrcque
1157 2768 1278 2796 velimus.
1296 2768 1414 2803 Simplex
1429 2767 1518 2801 itaquc
1528 2771 1616 2794 etnon
1635 2773 1703 2794 com-
