1891 3076
54 128 108 160 ῦῖ3

553 135 740 166 PANOPLIA
762 136 988 170 DOGMATICA.
1010 149 1044 156 -
1060 139 1134 171 ΤΙΤ.
1150 141 1200 173 XI.

1628 151 1681 182 6.74

52 196 202 232 τέμνεσθαι
217 197 264 223 καὶ
273 197 411 225 διάστασίν
423 208 483 226 τινα
495 201 594 235 μεταξὺ
604 201 652 236 τὴν
666 202 733 237 πρὸς
744 202 819 238 ἄλλη)

920 233 922 238 .
945 212 1103 241 divisionem
1130 213 1247 248 aliquam
1274 214 1394 249 recipere
1425 223 1517 250 posse,
1540 223 1686 250 corporum

51 243 185 270 δύνασθαι
207 243 308 278 λαϐεῖν¹
336 245 470 280 σωμάτων
495 246 570 274 ἴδιον.
603 248 634 274 Ἦ
660 248 688 275 δὲ
714 248 774 276 Oeta.
795 250 842 276 τοῦ

53 289 160 325 Πατρὸς
176 290 263 323 οὐσία,
279 290 425 326 ἀσώματος
439 289 516 326 οὖσα,
534 294 620 329 τομῆς
632 302 662 320 τε
677 295 724 321 καὶ
739 295 843 331 διαιρέ-

52 343 122 367 σεως
145 336 319 369 ὰνεπίδεκτός
335 338 424 364 ἐστιν·
439 337 501 365 οὔτε
526 338 554 365 δὲ
572 340 601 366 ὲν
616 339 691 376 τόπῳ
713 341 843 376 μένουσα,

51 380 112 408 οὔτε
129 382 182 408 ὑπό
204 391 275 414 τινος
297 381 364 410 οὖσα
386 384 508 420 χωρητὴ,
529 385 587 412 ἀλλ’
610 386 640 413 ὲν
657 387 769 423 ἀρρήτῳ
790 388 844 414 τινὶ

51 428 98 454 καὶ
114 428 247 464 ἀφράστῳ
257 430 423 457 καταστάσει
435 431 561 467 κειμένη,
571 431 617 458 τὸν
628 431 693 459 Υίὸν
703 433 732 466 ἐξ
744 433 844 468 ἑαυτῆς

52 473 224 506 ἀδιαστάτως
238 474 389 510 ἐξέλαμψεν
399 484 406 490 ·
422 476 472 503 οὐκ
486 476 519 503 ἂν
536 477 636 513 ἑτέρως
647 477 719 513 ἔχειν
733 477 764 505 τὸ
775 477 844 506 εἶναι

51 518 142 546 τελεία
157 519 304 556 δυναμένη,
322 521 346 547 εἰ
364 521 401 557 μὴ
417 522 547 557 ἐγέννησε
571 523 615 550 τὸν
633 523 707 556 Υίὸν,
724 524 772 552 καὶ
795 526 844 552 ἁν-

52 562 158 598 εδείχθη
173 565 340 599 καρπογόνος
348 575 354 581 ·
368 567 415 593 καὶ
423 567 503 594 πάλιν
514 568 563 594 οὐκ
572 569 604 595 ἂν
616 569 716 604 ἑτέρως
726 570 842 606 ἐσομένη

51 608 227 645 δημιουργὸς,
249 612 273 637 εί
288 611 325 648 μὴ
339 612 449 640 τέτοκεν
463 613 493 646 ἐξ
509 615 609 650 ἑαυτῆς
628 615 783 651 ἀμερίστως
798 617 844 643 τὸν

54 655 125 687 Υἱὺν,
143 655 178 681 δι’
194 653 224 683 οὗ
238 657 273 684 τὰ
287 657 377 685 πάντα
401 659 557 694 ἐργάζεται.
576 661 669 688 Ἔστιν
684 660 730 689 οὖν
745 663 759 689 ὁ
781 663 843 694 Υἱὸς

52 700 192 736 γεννηθεὶς
206 702 238 728 ἐκ
260 702 376 738 Πατρὸς,
392 704 422 730 οὐ
443 705 515 732 κατά
529 715 589 733 τινα
609 708 705 743 τομὴν,
723 708 739 743 ἢ
758 708 844 744 ἀπόρ-

54 747 137 781 ροιαν,
163 747 288 783 καθάπερ
313 748 392 784 ὑμεῖς
415 750 600 784 φαντάζεσοε·
625 752 683 779 ἀλλ’
700 752 794 789 ὥσπερ
812 754 843 781 ὲκ

53 792 136 827 πυρὸς
159 792 307 828 θερμότης,
335 795 491 831 ἀμερίστως
517 797 548 824 ἐκ
573 797 622 832 τῆς
644 798 690 825 τοῦ
716 799 842 831 τεκόντος

54 837 192 873 προελθὼν
209 839 314 872 οὐσίας.

361 881 416 910 Καὶ
431 881 529 909 τοῦτο.

87 929 117 957 Et
131 927 277 964 όμοούσιός
293 928 362 960 ἔστι,
378 928 471 962 φησὶν,
487 927 501 953 ὁ
519 926 582 958 Υἱὸς
597 925 635 961 τῷ
652 926 748 960 Ιιατρὶ.
759 926 784 952 τί
801 926 839 961 μὴ

55 977 98 1003 καὶ
112 975 197 1006 αὑτός
214 975 288 1001 ἐστιν
312 974 413 1008 ἀγαθὸς
427 974 512 1004 οὕτως
528 972 566 1004 ὡς
589 972 603 998 ὸ
626 973 740 1008 Πατήρ;
757 973 840 1007 Λέγει

54 1023 104 1058 γάρ
121 1031 176 1048 που
191 1021 259 1057 πρός
271 1030 331 1047 τινα
346 1022 360 1047 ὁ
374 1020 492 1055 Χριστός
508 1026 514 1033 ·
536 1027 545 1044 ι
565 1018 598 1045 Τί
615 1027 648 1054 με
670 1018 759 1052 λέγεις
777 1019 844 1051 ἀγα-

55 1070 114 1101 06v;
134 1068 229 1099 Οὐδεὶς
245 1067 345 1101 ἀγαθὸς
361 1059 385 1093 ει
402 1066 439 1102 μὴ
457 1064 495 1097 εἷς
513 1067 527 1092 ὁ
543 1065 619 1096 Θεός.
641 1074 650 1091 ι
673 1065 740 1091 Ἕνα
753 1065 781 1091 δὲ
805 1065 844 1090 ει-

57 1115 124 1147 πὼν,
142 1114 242 1142 ἑαυτὸν
262 1114 314 1146 ἔξω
329 1112 464 1145 τέθεικεν,
481 1112 518 1144 ὼς
532 1112 634 1146 ἀγαθὸν
650 1111 699 1146 μὲν
712 1112 778 1138 ὅντα
796 1112 844 1138 καὶ

56 1161 144 1194 αὑτὸν,
163 1161 214 1196 οὐχ
229 1159 300 1187 οὕτω
317 1160 344 1185 δὲ
359 1159 454 1194 ὥσπερ
472 1159 505 1185 ἂν
524 1159 568 1194 εῐη
584 1158 630 1185 καὶ
645 1159 660 1184 ὁ
675 1159 780 1193 Πατήρ.

90 1207 195 1242 Κύριον
207 1206 398 1241 ἀποκαλούσης
414 1207 459 1233 τὸν
474 1205 540 1232 Υὶὸν
555 1207 605 1241 τῆς
620 1205 695 1236 οείας
720 1206 839 1242 Γραφῆς,

56 1254 149 1284 δώσεις
167 1252 223 1288 ἄρα
239 1252 285 1279 καὶ
299 1252 381 1278 αὑτὸν
394 1248 463 1278 εἶναι
489 1250 601 1286 Κύριον,
614 1251 662 1278 καὶ
674 1250 721 1277 τοῦ
728 1259 753 1276 :o
773 1253 844 1278 κατὰ

57 1300 197 1335 ἀλήθειαν,
207 1299 224 1334 ἢ
241 1299 307 1334 πρὸς
319 1299 374 1330 τοῖς
386 1298 475 1329 ἄλλοις
492 1297 599 1333 ἀρνήσῃ
614 1298 661 1324 καὶ
672 1297 742 1324 τόδε.
752 1298 782 1324 Ei.
795 1297 845 1332 μὲν

57 1347 109 1381 γὰρ
120 1347 170 1374 οὐκ
192 1344 262 1371 εἶναι
286 1345 387 1379 Κύριον
411 1345 495 1379 ἐρεῖς,
506 1344 641 1371 ’τάναντία
659 1345 767 1379 φρονεῖς
787 1345 846 1374 ταῖς

59 1391 139 1423 θείαις
165 1392 286 1426 Γραφαῖς
303 1390 399 1423 καὶτῷ
418 1390 504 1416 ταῦτα
524 1390 673 1425 λαλήσαντι
690 1389 843 1422 Πνεύματι.

61 1433 271 1468 Συντεθειμένος
288 1433 317 1460 δὲ
335 1434 381 1460 καὶ
407 1433 520 1468 φάσκων
548 1434 629 1460 αὐτὸν
649 1432 718 1460 εἶναι
738 1434 849 1468 Κύριον,

61 1479 165 1511 ἀσεϐῶς
180 1479 333 1515 ἐλεγχθήσῃ
343 1479 390 1505 καὶ
402 1478 504 1514 Κύριον
519 1479 607 1513 λέγων
627 1479 674 1505 καὶ
691 1477 851 1513 προσκυνῶν

896 259 1034 294 proprium
1049 265 1100 287 est.
1115 260 1209 287 Divina
1224 265 1314 288 autem
1333 261 1420 288 Patris
1435 264 1564 294 essentia,
1577 270 1637 289 cum
1652 263 1688 290 sit

895 305 1070 339 incorporea,
1084 306 1215 334 sectionis
1234 311 1280 334 aut
1297 307 1438 335 divisionis
1458 315 1542 342 capax
1561 317 1612 335 nou
1630 314 1686 342 est;

895 359 982 386 neque
1002 352 1028 379 in
1050 352 1108 380 loco
1128 353 1249 386 exsistit,
1265 361 1351 388 neque
1372 361 1387 381 a
1408 362 1543 389 quoquam
1563 355 1687 381 contine-

896 401 954 430 tur;
971 399 1017 425 sed
1034 398 1059 425 in
1077 407 1178 427 arcano
1193 404 1273 433 atque
1289 400 1415 427 ineil'abili
1434 406 1506 428 statu
1523 401 1685 432 consistens,

895 442 994 470 Filium
1010 451 1044 470 er.
1058 451 1088 471 se
1103 444 1257 472 immediate
1270 445 1397 478 protulit;
1415 453 1502 480 neque
1515 446 1566 472 alia
1582 445 1687 471 ratione

896 489 1013 522 perfecta
1026 496 1086 516 esse
1101 495 1200 523 potest,
1211 490 1261 517 nisi
1276 490 1372 517 Filium
1389 491 1521 524 genuerit,
1533 495 1559 517 et
1574 491 1686 517 fecunda

895 538 1005 561 ostensa
1019 534 1052 560 sil
1063 554 1070 565 ,
1086 541 1172 568 neque
1188 542 1294 561 rursum
1310 535 1428 562 creatrix
1443 542 1504 562 esse
1521 540 1620 569 potest,
1636 535 1686 562 uisi

895 579 1017 614 genuerit
1039 587 1070 605 ex
1093 587 1122 606 se
1144 580 1276 607 indivulsc
1297 580 1410 614 Filium,
1431 588 1479 614 per
1497 589 1576 615 quem
1596 582 1688 609 omnia

894 628 1029 659 operatur.
1111 624 1158 651 Est
1173 625 1253 659 igitur
1266 626 1372 660 genitus
1388 633 1422 652 ex
1435 625 1514 652 Patre
1527 626 1619 659 Filius,
1634 634 1686 653 non

895 670 1014 697 sectione
1031 676 1076 696 aut
1095 670 1201 697 deﬂuxu
1219 672 1322 705 aliquo,
1336 672 1406 698 sicut
1423 680 1470 699 vos
1487 673 1683 707 imaginamiui;

894 714 940 741 sed
958 714 1185 749 qumnadmoduni
1205 716 1328 743 calidilas
1350 724 1381 743 et
1404 716 1481 751 igne,
1498 717 1630 743 indivnlse
1651 724 1684 744 ex

895 761 1010 787 essentia
1028 761 1164 796 gignenti:
1179 762 1308 796 prmedtt.

1159 879 1283 914 Ejusdem
1303 887 1326 908 ci
1350 882 1413 909 Iure.

931 926 971 959 Si,
992 926 1089 960 inquit,
1109 925 1193 953 Filius
1208 932 1249 954 cst
1264 928 1506 958 eiuiauhstantiaiis
1524 929 1607 960 Patri,
1630 937 1679 956 cur

894 973 1041 999 nonetiam
1057 973 1111 1006 ipse
1122 979 1160 1000 est
1176 973 1264 1001 bonus
1277 975 1311 999 itu
1326 979 1351 1000 ut
1366 974 1461 1001 Pater?
1473 975 1598 1002 Christus
1606 976 1679 1002 enim
1715 974 1722 985 '

896 1018 997 1045 alicubi
1023 1018 1056 1044 ad
1079 1019 1222 1052 qucnulam
1248 1020 1283 1045 ita
1300 1020 1338 1045 ait
1354 1028 1360 1046 ι
1378 1029 1386 1044 ι
1411 1020 1466 1046 Cur
1482 1029 1524 1047 mc
1543 1022 1612 1048 dicis
1634 1023 1683 1048 bo-

897 1065 983 1092 num?
1002 1064 1087 1091 Nemo
1109 1066 1197 1092 bonus
1215 1066 1266 1092 nisi
1285 1074 1355 1093 unus
1378 1067 1459 1094 Deus.
1481 1076 1490 1092 ι
1512 1067 1599 1094 Unum
1619 1075 1682 1094 vero

898 1119 960 1138 cum
976 1111 1055 1142 dixit,
1068 1111 1187 1146 scipsum
1202 1113 1322 1147 excepit,
1333 1113 1433 1148 quippe
1443 1114 1487 1148 qui
1501 1114 1588 1141 bonus
1600 1115 1682 1140 etiarn

898 1157 956 1193 ipse
969 1157 1014 1190 sit,
1035 1165 1087 1185 non
1108 1163 1196 1185 tamen
1216 1160 1250 1185 ita
1267 1160 1352 1185 bonus
1368 1165 1396 1186 ut
1414 1159 1504 1186 Pater.

933 1203 1000 1231 Cum
1019 1212 1095 1231 saera
1113 1205 1253 1239 Scriptura
1269 1205 1366 1232 Filiunt
1384 1206 1526 1232 Dominum
1541 1210 1626 1239 vocet,
1644 1206 1684 1233 fa-

901 1251 1001 1276 teberis
1031 1251 1152 1285 profecto
1179 1251 1261 1278 etiam
1287 1252 1376 1285 ipsum
1395 1252 1538 1278 Dominum
1568 1261 1640 1285 esse,
1656 1258 1684 1279 ct

900 1297 1008 1331 quidem
1022 1304 1097 1329 vere,
1112 1302 1160 1323 aut
1175 1305 1228 1323 una
1242 1304 1303 1324 cum
1321 1297 1381 1324 aliis
1393 1298 1475 1324 etiam
1491 1298 1541 1324 hoc
1558 1299 1680 1332 negabis.

901 1343 936 1370 At
960 1343 982 1370 si
1003 1343 1113 1377 negabis
1139 1343 1282 1370 Domiunut
1315 1351 1385 1376 esse,
1415 1344 1581 1370 contr-animt:
1609 1346 1686 1378 plane

900 1390 987 1417 sontis
1011 1397 1026 1416 a
1053 1389 1202 1422 Scripturis
1218 1394 1243 1416 ct
1268 1397 1282 1416 ιι
1306 1390 1409 1422 Spiritu
1427 1390 1477 1416 hoc
1498 1390 1639 1424 loquente.
1654 1389 1684 1418 Si

894 1431 1062 1457 concesseris
1079 1431 1234 1465 diser-isque
1257 1432 1397 1459 [)muiuum
1417 1441 1486 1466 esse,
1503 1434 1583 1468 impie
1604 1443 1685 1469 agere

894 1476 1116 1510 deprehenderis,
1129 1478 1226 1511 quippe
1241 1479 1286 1512 qui
1301 1478 1441 1505 Dominum
1454 1487 1533 1506 voces
1547 1485 1573 1507 et
1586 1482 1683 1508 adores

60 1525 87 1551 ὃν
99 1525 127 1551 οὐ
153 1525 209 1560 φὴς
232 1525 375 1560 ὁμοούσιον
391 1522 460 1551 εἶναι
483 1525 522 1559 τῷ
541 1525 600 1560 Θεῷ
624 1525 670 1552 καὶ
688 1524 786 1561 Πατρὶ,
804 1533 819 1550 κ

920 1530 955 1549 Im
972 1530 1051 1557 quem
1067 1523 1326 1551 consubstantialem
1345 1532 1404 1552 esse
1422 1525 1475 1552 Deo
1491 1534 1521 1553 ac
1541 1526 1613 1553 Patri
1636 1535 1683 1553 tte-

61 1571 190 1606 κτίσματι
210 1571 310 1606 μᾶλλον
333 1571 350 1606 ἢ
376 1570 436 1606 Θεῷ
452 1570 524 1598 κατὰ
544 1571 627 1606 φύσιν
646 1570 798 1605 λατρεύεις.
814 1569 850 1596 Τὸ

61 1617 110 1652 γὰρ
121 1617 221 1652 ἑτέρας
234 1617 358 1653 ὑπάρχον
370 1617 463 1649 οὐσίας
483 1617 560 1653 παρὰ
572 1617 618 1644 τὸν
634 1617 698 1643 ὄντα
711 1617 788 1648 Θεὸν,
800 1616 850 1643 οὐκ

60 1662 90 1688 ἂν
101 1663 142 1698 εἴη
153 1663 234 1697 φύσει
249 1663 325 1694 Θεός.
338 1664 392 1690 Καὶ
406 1663 501 1690 τούτου
514 1663 619 1699 μάρτυς
631 1664 647 1698 ὴ
661 1663 720 1689 θεία
732 1663 850 1697 λέγουσα

60 1707 168 1744 Γραφή·
193 1717 202 1733 ι
221 1708 323 1743 Κύριος
342 1709 356 1735 ὁ
370 1708 435 1740 Θεὸς
459 1708 548 1744 ἡμῶν,
574 1707 676 1744 Κύριος
689 1706 729 1739 εἷς
744 1708 817 1734 ἐστι·
835 1716 846 1733 ι

61 1754 106 1788 μία
120 1754 177 1789 γὰρ
203 1753 329 1788 θεότητος
355 1754 447 1788 φύσις.
476 1755 531 1781 Καὶ
546 1755 586 1781 ὃτι
608 1753 693 1789 ταύτῃ
716 1755 783 1789 μόνῃ
808 1753 850 1779 δεῖ

60 1801 230 1834 προσκυνεῖν,
255 1799 360 1836 ἀκούσῃ
376 1800 473 1827 πάλιν·
505 1809 513 1825 ι
532 1800 635 1835 Κύριον
654 1799 698 1827 τὸν
723 1799 789 1826 Θεόν
803 1807 848 1826 σου

60 1847 267 1881 προσκυνήσεις,
288 1846 335 1872 καὶ
351 1846 426 1882 αὐτῷ
447 1847 521 1881 μόνῳ
534 1845 705 1881 λατρεύσεις.
719 1855 727 1871 ι
745 1846 776 1872 El
792 1845 848 1871 τοί-

59 1899 103 1918 νυν
113 1891 156 1918 διὰ
169 1891 200 1917 τὸ
218 1892 296 1926 μόνον
310 1891 412 1926 ἀγαθὸν
428 1891 555 1922 λέγεσθαι
567 1891 611 1918 τὸν
624 1891 690 1917 Θεὸν
701 1891 748 1917 καὶ
763 1890 847 1916 um.

60 1947 101 1973 ρα,
116 1939 275 1966 ἐκπεσεῖται
295 1939 342 1965 τοῦ
359 1937 430 1966 εἶναι
447 1939 550 1974 ἀγαθὸς
563 1941 576 1966 ὁ
598 1939 662 1971 Υἱὸς
680 1939 767 1972 οὕτως
781 1939 818 1970 ὡς
834 1940 848 1965 ὸ

60 1985 160 2020 Πατὴρ,
178 1985 224 2011 καὶ
245 1984 288 2011 διὰ
309 1986 339 2011 τὸ
356 1985 404 2012 ἕνα
426 1985 555 2019 λέγεσθαι
586 1985 688 2021 Κύριον
708 1985 756 2012 καὶ
781 1984 846 2012 Θεὸν

59 2028 100 2054 τὸν
111 2029 236 2064 Πατέρα,
257 2030 410 2056 ἐκπεσεῖται
428 2029 474 2055 τοῦ
495 2027 565 2056 εἶναι
579 2029 679 2064 Κύριος
707 2029 753 2055 καὶ
781 2029 848 2060 Θεὸς

60 2073 73 2099 ὁ
91 2074 163 2106 Υἱὸς,
192 2075 263 2101 κατὰ
287 2075 338 2110 τὴν
362 2074 409 2101 τοῦ
432 2075 566 2109 νοήματος
596 2074 773 2101 ἀκολουθίαν·
789 2075 847 2106 πῶς

57 2117 100 2146 οὖν
114 2122 276 2155 προσκυνεῖς
290 2120 329 2156 τῷ
345 2121 413 2156 μήτε
425 2121 521 2155 Κυρίῳ
534 2120 603 2155 μήτε
613 2119 692 2155 Θεῷ;
707 2120 739 2147 El
751 2120 780 2147 at
790 2121 843 2149 Ku-

59 2166 114 2202 ρίου
130 2168 180 2194 καὶ
196 2166 264 2193 Θεοῦ
284 2166 331 2193 τοῦ
346 2166 462 2201 ξΠατρὸς
479 2167 555 2197 ὄντος
565 2186 572 2198 ,
599 2165 781 2200 συνεπάγεται
797 2167 846 2194 καὶ

894 1576 952 1604 gas,
968 1573 995 1596 et
1017 1575 1172 1597 creaturam
1189 1571 1278 1605 potius
1295 1579 1375 1605 quant
1393 1579 1486 1598 verum
1503 1573 1584 1599 Deum
1603 1573 1681 1600 culis.

895 1614 972 1647 Quod
995 1616 1067 1642 enim
1085 1614 1196 1642 alterius
1218 1620 1323 1642 natura:
1338 1621 1380 1643 est
1395 1616 1429 1642 ab
1447 1624 1480 1643 eo
1500 1615 1544 1650 qui
1561 1623 1624 1642 vrre
1642 1621 1685 1644 est

894 1659 977 1693 Deus,
999 1661 1025 1688 id
1043 1665 1139 1687 natura
1155 1661 1226 1689 Deus
1241 1669 1301 1688 esse
1319 1669 1372 1688 non
1396 1666 1493 1696 potest.
1509 1662 1585 1695 Quod
1601 1663 1682 1689 etiam

895 1705 953 1741 ipsa
976 1713 1053 1733 sacra
1081 1704 1219 1741 Scriptura
1243 1711 1369 1738 testatur,
1395 1707 1512 1734 dicens:
1530 1715 1539 1732 ι
1556 1706 1684 1734 Dominus

895 1751 966 1779 Deus
983 1757 1088 1784 noster,
1107 1752 1235 1779 Dominus
1252 1761 1320 1779 unus
1337 1758 1377 1779 est
1397 1755 1404 1770 ι
1425 1762 1432 1780 :
1453 1763 1461 1779 ι
1482 1761 1533 1780 una
1548 1753 1620 1780 enim
1642 1758 1684 1781 est

896 1799 1006 1826 deitatis
1033 1804 1140 1825 natura.
1170 1799 1246 1831 Quod
1276 1807 1339 1826 vero
1363 1799 1433 1826 hanc
1462 1799 1546 1826 solani
1569 1801 1684 1826 adorare

892 1849 1029 1880 ‘oportcat,
1053 1846 1146 1872 audies
1162 1853 1267 1872 rursum
1285 1855 1292 1872 :
1312 1855 1321 1871 ι
1340 1846 1482 1873 Dominnnt
1507 1846 1589 1872 Deum
1607 1851 1683 1872 tuum

895 1891 1035 1924 adorabis,
1051 1896 1077 1917 et
1091 1891 1115 1918 ei
1133 1891 1181 1918 soli
1198 1892 1301 1919 servies
1324 1889 1345 1918 ².
1362 1901 1370 1916 ι
1392 1891 1419 1918 Si
1439 1892 1519 1924 igitur
1537 1892 1598 1926 quia
1614 1891 1684 1918 Dcus

897 1944 930 1964 ac
942 1936 1022 1963 Pater
1040 1936 1113 1964 solus
1127 1937 1226 1964 dicitur
1240 1938 1334 1968 bonus.
1354 1937 1437 1963 Filius
1450 1937 1537 1963 bonus
1553 1945 1613 1963 esse
1631 1944 1682 1964 non

897 1988 985 2018 potest
1000 1983 1070 2010 sicut
1085 1982 1175 2015 Pater,
1191 1983 1338 2017 eademque
1353 1983 1455 2009 ratione
1472 1991 1532 2009 cum
1549 1991 1617 2009 llltlls
1633 1983 1684 2009 Pa-

898 2035 940 2058 ter
953 2031 1053 2058 dicitur
1067 2031 1193 2058 Dominus
1209 2034 1236 2056 et
1253 2031 1332 2060 Deus.
1352 2030 1473 2064 sequitur
1486 2031 1566 2056 etiam
1592 2037 1685 2056 neces-

899 2077 972 2104 sario
986 2085 1018 2104 ex
1040 2076 1133 2103 eodem
1152 2081 1310 2112 argumento
1324 2076 1420 2103 Filium
1440 2084 1527 2110 neque
1543 2075 1684 2102 Dominntn

900 2130 987 2157 neque
1001 2123 1084 2150 Deum
1099 2130 1158 2150 esse
1172 2132 1178 2150 :
1194 2130 1247 2157 quo
1262 2127 1340 2157 pacto
1356 2123 1438 2158 igitur
1454 2123 1551 2149 adoras
1566 2130 1626 2148 cttttt
1639 2120 1686 2156 qui

898 2177 948 2196 ttcc
962 2169 1102 2203 Dominus,
1119 2177 1168 2197 nec
1188 2169 1259 2197 Deus
1272 2170 1329 2197 est?
1345 2169 1372 2196 Si
1391 2177 1465 2202 vero,
1481 2176 1541 2196 cum
1557 2168 1637 2195 Pater
1651 2168 1687 2195 sit

57 2213 70 2237 ὁ
84 2212 146 2243 Υίὸς
161 2212 211 2247 τὴν
225 2212 330 2239 ἐκεῖθεν
352 2212 472 2247 ἰδιότητα
497 2212 565 2247 ἔχων
577 2211 615 2243 ὡς
628 2211 658 2244 ἐξ
675 2211 757 2239 αὑτοῦ
774 2220 819 2238 καιι

922 2216 1029 2243 ominus
1053 2221 1080 2243 et
1110 2215 1191 2247 Deus,
1218 2215 1297 2243 simul
1323 2216 1404 2242 etiam
1427 2215 1566 2242 inducitur
1590 2214 1685 2246 Filius,

57 2257 134 2290 φύσιν
148 2258 278 2293 ὑπάρχων
292 2277 300 2290 ,
317 2259 364 2285 καὶ
379 2257 437 2284 ἐστι
460 2257 529 2292 μετὰ
551 2257 658 2293 Πατρδς
682 2257 784 2293 Κύριος
798 2257 846 2284 καὶ

57 2302 128 2335 Θεὸς,
146 2304 202 2336 ἕξει
223 2304 332 2336 πάντως
352 2304 399 2330 καὶ
412 2303 443 2330 τὸ
458 2301 529 2330 εἶναι
543 2304 644 2338 ἀγαθὸς
662 2303 700 2336 ὡς
710 2304 724 2330 ὁ
739 2304 845 2338 Πατὴρ,

56 2349 103 2383 τῆς
118 2350 252 2385 πατρικῆς
265 2350 395 2384 ἰδιότητος
408 2350 459 2376 κάν
474 2349 562 2386 τούτῳ
577 2350 659 2377 πάλιν
669 2349 846 2386 ὑπαρχούσης

47 2394 83 2420 ηὲν
98 2395 182 2430 αὐτῷ,
199 2395 325 2430 καθάπερ
340 2396 388 2423 καὶ
401 2397 429 2422 ὲν
444 2395 553 2431 ἐκεινῳ.

364 2488 419 2516 Καὶ
435 2488 535 2516 τοῦτο.

94 2534 180 2561 Πολλὰ
194 2534 258 2570 περί
271 2545 301 2562 τε
311 2535 357 2562 τοῦ
370 2535 474 2571 [ἰατρὸς
489 2536 536 2562 καὶ
548 2534 593 2561 τοῦ
604 2534 670 2561 Υίοῦ
682 2534 809 2569 λέγουσιν
819 2535 846 2563 αι
879 2568 887 2576 .

63 2579 132 2607 Θεῖαι
144 2581 264 2617 Γραφαὶ,
275 2582 322 2608 καὶ
338 2582 368 2608 οὐ
383 2582 414 2608 τὸ
429 2581 482 2608 τῶν
492 2581 633 2615 ὀνομάτων
647 2581 777 2617 διάφορον
791 2581 849 2608 δια-

63 2627 163 2654 στέλλει
182 2628 290 2659 πάντως
305 2628 396 2660 αὐτοῖς
411 2628 458 2654 καὶ
473 2628 522 2662 τῆς
536 2627 631 2659 οὐσίας
647 2627 694 2654 τὸν
708 2627 799 2659 λόγον,
810 2627 848 2659 ὼς

62 2672 238 2708 ἀνομοιότητά
253 2682 314 2701 τινα
325 2674 369 2701 διὰ
384 2672 486 2700 τούτων
501 2673 626 2709 χωρῆσαι
641 2673 756 2708 μεταξύ.
769 2673 848 2700 Ἔςτι

62 2719 114 2753 γὰρ
132 2720 179 2754 μία
196 2720 291 2756 θεότης
307 2720 412 2755 [ἰατρὸς
432 2720 480 2747 καὶ
501 2720 577 2752 Υἰοῦ,
593 2720 644 2747 κᾶν
666 2721 801 2755 ἑκάτερος
817 2722 849 2756 τῇ

63 2763 112 2790 τῶν
126 2765 265 2801 ὀνομάτων
278 2766 400 2802 ποικιλίᾳ
411 2767 547 2802 διαφόρως
561 2767 741 2802 σημαίνητιι,
750 2767 798 2802 οὐχ
811 2768 849 2798 ὡς

64 2809 126 2838 ἴδιον
140 2811 209 2846 ἔχων
222 2821 249 2838 τι
264 2813 311 2839 καὶ
329 2813 389 2840 καθ’
402 2812 508 2844 ἑαυτὸν,
524 2812 538 2838 ὃ
555 2813 592 2847 μὴ
608 2813 647 2848 τῷ
660 2813 747 2849 ἑτέρῳ
763 2814 849 2848 πρότο

64 2865 144 2888 εστιν,
158 2859 215 2886 ἀλλ’
229 2859 266 2891 ὠς
281 2859 323 2886 ἐπ’
338 2861 440 2896 ἀμφοῖν
458 2861 556 2894 χωρεῖν
569 2860 722 2895 δυναμένου
748 2861 848 2892 παντὸς

102 2903 109 2919 ²
127 2904 203 2933 Deut.
221 2913 260 2938 vr,
273 2906 300 2933 4.
339 2907 349 2922 ’
369 2905 446 2933 Deut.
465 2913 492 2940 κ,
509 2905 559 2939 ‘10;
581 2905 676 2934 Matth.
697 2914 734 2938 tv,
753 2907 793 2934 i0.

899 2263 1022 2290 eamdem
1039 2263 1140 2290 habens
1159 2263 1363 2297 proprietatem,
1382 2267 1473 2296 utpote
1483 2270 1516 2288 ex
1532 2262 1589 2295 ipso
1606 2265 1687 2288 natu-

900 2307 994 2335 raliter
1014 2309 1172 2342 procedens,
1200 2313 1227 2334 et
1255 2312 1297 2335 est
1314 2316 1375 2335 cum
1402 2307 1481 2334 Patre
1503 2307 1632 2334 Dominus
1655 2313 1688 2333 ac

902 2353 983 2386 Deus,
1005 2355 1160 2382 necessario
1178 2355 1260 2382 etiam
1277 2353 1365 2381 bonus
1385 2355 1447 2387 erit,
1464 2359 1492 2380 ut
1516 2353 1608 2385 Pater,
1627 2359 1688 2379 cum

900 2406 1011 2435 paterna
1026 2400 1176 2435 proprietas
1191 2401 1270 2426 etiam
1290 2400 1340 2427 hac
1356 2400 1382 2426 in
1395 2406 1472 2434 parte
1495 2399 1522 2426 in
1540 2399 1598 2433 ipso
1616 2398 1689 2426 exsi—

900 2450 967 2478 stat,
985 2446 1096 2479 perinde
1114 2451 1195 2478 atque
1212 2445 1238 2472 in
1257 2445 1311 2472 illo.

1166 2486 1291 2521 Ejusdem
1310 2491 1333 2513 et
1351 2487 1417 2514 lucc.

937 2534 1020 2561 Multa
1040 2534 1074 2561 de
1095 2533 1175 2560 Patre
1198 2537 1224 2560 cl
1240 2532 1309 2560 Filio
1325 2541 1402 2560 sacra
1427 2533 1568 2568 Scriptura
1587 2531 1687 2567 praadi—

901 2585 955 2614 cat,
978 2588 1069 2615 neque
1091 2586 1182 2607 tamen
1211 2579 1365 2606 dilIerentia
1393 2579 1535 2617 nominum
1564 2578 1690 2606 essentia:

903 2627 1037 2655 rationem
1054 2628 1081 2655 in
1098 2628 1257 2654 universum
1271 2627 1424 2661 distinguit,
1451 2627 1487 2653 ita
1508 2630 1537 2652 ut
1554 2626 1617 2652 inde
1632 2625 1691 2651 dis-

903 2674 1057 2701 similitudo
1066 2675 1189 2709 qnzedam
1203 2681 1250 2701 eos
1260 2677 1379 2708 separet.
1392 2673 1452 2701 Una
1466 2673 1538 2700 enim
1551 2671 1692 2698 estdeile

900 2720 991 2748 Patris
1007 2727 1034 2747 et
1047 2719 1119 2754 Filii,
1138 2720 1248 2748 etiamsi
1272 2724 1387 2755 uterque
1412 2727 1459 2754 per
1482 2718 1558 2744 varia
1577 2717 1690 2744 nomina

903 2766 1062 2793 dilIerenter
1085 2766 1255 2800 signiﬁcetur
1278 2774 1285 2792 :
1312 2773 1366 2792 non
1387 2764 1458 2799 quod
1481 2764 1612 2790 alteruter
1630 2769 1692 2796 pro-

903 2813 992 2846 prium
1029 2811 1132 2846 aliquid
1160 2811 1188 2839 in
1218 2819 1248 2839 se
1284 2811 1391 2844 habeat,
1421 2810 1494 2844 quod
1533 2808 1609 2835 alteri
1636 2814 1691 2834 non

904 2861 980 2893 insit,
997 2860 1043 2888 sed
1061 2859 1134 2895 quod
1152 2859 1186 2887 de
1201 2865 1316 2895 utroque
1328 2858 1381 2886 dici
1399 2858 1486 2893 possit
1501 2854 1635 2892 quidquid
1651 2854 1690 2882 de
