1891 3076
186 141 238 173 675

783 137 978 169 ΕΠΤΠΥΜΙΙ
1000 138 1180 169 ZlGABENl

1759 138 1815 170 676

180 215 235 235 uno
248 207 358 239 dicitur,
377 211 488 240 excepta
510 204 679 233 solummodo
695 204 783 232 Patris
800 209 827 232 et
841 204 901 233 Filii
920 212 959 240 ap-

1045 216 1088 243 τερ
1104 207 1137 234 ἃν
1153 207 1196 242 ἐφ’
1212 206 1270 237 ea;
1277 206 1394 241 λέγοιτο,
1407 205 1469 242 δίχα
1484 206 1568 242 μόνης
1582 205 1630 242 τῆς
1642 206 1690 233 τοῦ
1707 207 1819 243 Πατρὸς

180 253 324 289 pellatione
347 260 379 279 ac
393 260 433 279 re.
452 251 519 279 Nam
543 252 624 279 Pater
642 259 750 287 semper
765 257 807 279 est
820 251 910 285 Pater,
922 259 970 279 ne-

180 308 234 334 que
259 306 378 333 unquam
405 299 486 326 fuerit
506 297 611 333 Filius;
635 297 720 325 Filius
744 303 839 325 contra
862 305 970 332 semper

181 353 222 374 est
245 347 340 379 Filius,
372 353 461 380 neque
485 353 603 380 unquam
627 344 710 372 fuerit
732 344 824 372 Pater.
852 345 881 372 Si
908 344 970 379 quis

181 402 245 421 Vero
264 393 378 420 voluerit
405 393 496 420 dicere
517 400 569 419 non
590 399 669 426 posse
691 391 803 426 utrique
824 390 970 418 convenire

181 438 390 473 appellationem
412 445 472 472 quze
489 437 535 464 uni
553 437 698 469 tribuatur,
713 436 740 464 in
754 436 900 463 maximum
915 443 970 463 ma-

182 485 236 511 lum
270 484 379 511 incidet.
404 483 472 517 Quid
500 483 571 510 enim
598 482 699 515 faciat,
726 483 834 510 dicente
857 481 938 509 Paulo
961 492 968 510 ι

185 539 194 555 ι
210 528 285 556 Unus
296 528 366 556 Deus
381 527 463 555 Pater
475 535 507 555 cx
525 535 577 562 quo
592 527 693 560 omnia,
707 532 735 555 et
750 536 820 556 unus
836 527 969 556 Dominus

181 575 259 603 Jesus
280 575 403 602 Christus
429 582 476 608 per
502 580 581 608 quem
607 574 697 600 omnia
720 573 753 600 ‘7
772 583 781 599 ι
801 573 871 601 Ecce
890 581 970 608 quam

185 625 279 654 aperte
294 619 365 646 Patri
384 619 486 646 tribuat
503 617 586 644 Deuut
602 625 661 645 esse
676 623 703 645 et
719 626 802 645 unum
817 626 889 651 esse,
902 619 971 646 Filio

183 669 271 691 autem
289 663 430 691 Dominunt
446 671 505 690 esse
526 669 552 690 et
571 672 664 690 unum.
682 663 750 690 Num
768 664 850 700 igitur
869 665 971 692 idcirco

183 711 267 738 Filius
293 718 344 737 non
370 710 421 738 erit
441 710 522 743 Deus,
539 711 602 745 quia
619 709 701 737 Pater
723 715 835 737 vocatur
851 711 921 738 Deus
943 715 971 738 et

183 758 272 784 unus?
296 763 341 784 aut
364 757 444 784 Pater
475 765 526 784 non
556 758 609 784 erit
634 757 772 789 Dominus,
797 757 860 792 quia
885 756 971 784 Filius

183 803 333 838 appellatus
347 808 390 830 est
404 803 533 829 Dominus
547 809 575 830 et
589 803 680 830 unus?
705 802 815 834 Minime
831 810 904 835 vero,
921 802 969 830 ab—

1019 253 1066 279 καὶ
1079 252 1125 279 τοῦ
1141 251 1207 278 Υίοῦ
1227 251 1415 287 προσηγορίας
1436 260 1466 278 τε
1480 251 1528 278 καὶ
1546 252 1720 287 πράγματος.
1736 253 1819 279 Ἔστι

1020 299 1074 334 γὰρ
1090 299 1104 325 6
1118 297 1213 333 Πατὴρ
1236 297 1279 324 ἀεὶ
1307 297 1414 333 Πατὴρ,
1439 297 1486 324 καὶ
1508 297 1572 329 Υἱὸς
1596 298 1646 324 οὐκ
1660 297 1694 325 ἂν
1709 298 1819 332 γένοιτὸ

1020 352 1087 371 ποτε
1099 351 1106 359 ·
1124 343 1171 370 καὶ
1183 343 1281 369 ἐστινό
1298 343 1361 375 Υἱὸς
1383 343 1427 370 ἀεὶ
1442 343 1516 376 Υίὸς,
1538 343 1586 370 καὶ
1604 343 1698 380 Πατὴρ
1716 345 1770 371 οὐκ
1786 345 1819 372 ἂν

1021 390 1062 426 εἴη
1084 389 1160 416 ποτέ.
1174 389 1206 416 ΕΙ
1222 389 1250 415 δέ
1272 398 1314 421 τις
1339 389 1461 424 βούλοιτο
1487 390 1603 424 φάσκειν
1630 390 1819 426 μὴδύνασθαι

1021 436 1121 470 χωρεῖν
1138 435 1181 461 ἐπ’
1196 435 1297 470 ἀμφοῖν
1310 435 1379 471 ὅπερ
1393 435 1427 463 ἂν
1443 436 1485 470 ἐφ’
1501 437 1560 468 ἑνὸς
1574 436 1682 472 φέροιτο
1694 438 1819 474 πρόσρη-

1024 490 1071 516 μα,
1089 481 1199 517 μεγάλῳ
1214 482 1405 516 περιπεσεῖται
1425 481 1514 517 κακῷ.
1530 482 1563 508 Τί
1575 482 1629 517 γὰρ
1643 483 1676 510 ἂν
1693 484 1818 518 ποιήσοι,

1022 527 1146 561 λέγοντος
1160 526 1207 554 τοῦ
1220 527 1326 554 Παύλου
1337 535 1344 542 ·
1359 537 1368 552 ι
1386 524 1434 559 Εἷς
1445 528 1459 554 6
1471 527 1537 559 Θεὸς
1552 527 1566 553 6
1581 528 1675 563 Πατὴρ
1693 528 1724 560 ἐξ
1737 525 1770 555 οὗ
1784 529 1818 555 τὰ

1021 575 1125 602 πάντα·
1149 575 1195 601 καὶ
1217 571 1258 607 εἷς
1281 574 1383 610 Κύριος
1416 574 1521 609 Ἰησοῦς
1546 575 1664 610 Χριστὸς
1685 575 1719 601 δι’
1734 572 1767 602 οὗ
1785 576 1819 601 τὰ

1022 621 1122 647 πάντα.
1147 630 1155 646 ι
1181 621 1245 648 Ἰδοὺ
1266 621 1320 656 γὰρ
1332 620 1370 656 τῷ
1384 620 1473 654 Harp!
1488 620 1519 646 τδ
1530 618 1601 647 εἶναι
1621 620 1687 647 Θεὸν
1705 621 1752 647 καὶ
1770 621 1819 648 ἕνα

1022 667 1139 693 δέδωκε·
1155 666 1194 701 τῷ
1215 666 1243 692 δὲ
1261 666 1318 701 Υἱῷ
1342 666 1372 692 τὸ
1392 664 1462 692 εἶναι
1484 665 1586 701 Κύριον
1608 666 1656 692 καὶ
1673 666 1733 693 ἕνα.
1752 665 1817 702 ⁷Δρ”

1023 711 1068 740 οὖν
1082 713 1126 740 διὰ
1138 713 1218 740 τοῦτο
1228 713 1294 744 Θεὸς
1304 713 1353 748 μὲν
1368 713 1418 739 οὐκ
1433 712 1508 739 ἔσται
1524 713 1538 738 ὁ
1553 713 1626 746 Υἱδς,
1643 713 1736 748 ἐπειδὴ
1751 713 1818 746 Θεὸς

1024 761 1071 786 καὶ
1086 758 1125 791 εἷς
1138 760 1151 785 6
1163 760 1258 794 Πατὴρ
1275 753 1503 794 κατωνόμασταις
1517 758 1618 794 Κύριος
1630 759 1658 785 δὲ
1675 759 1726 786 οὐκ
1738 760 1818 786 ἔσται

1025 806 1039 832 6
1057 805 1164 840 Πατὴρ,
1179 805 1272 840 ἐπειδὴ
1290 804 1391 840 Κύριος
1403 804 1449 831 καὶ
1461 801 1500 836 εἷς
1510 804 1524 830 6
1535 805 1597 837 Υἱὸς
1611 805 1714 840 ἐκλήθη
1726 814 1733 837 ;
1745 806 1818 832 Ἀλλ’

183 851 239 878 sit!
265 850 331 877 Cum
356 850 428 876 enim
452 848 533 876 Pater
549 849 583 876 sit
603 849 684 881 Deus,
710 848 796 876 Filius
821 849 904 875 etiam
930 856 958 876 es

1045 851 1075 877 3x
1083 849 1241 882 ἕστιτοῧτο,
1264 850 1300 885 μὴ
1314 850 1428 884 γένοιτο.
1445 849 1513 877 Θεοῦ
1530 850 1582 886 γὰρ
1600 851 1674 881 δντος
1690 850 1738 876 τοῦ
1760 852 1816 877 Πα-

185 897 256 924 i)eus
272 905 280 924 :
297 901 322 923 et
339 903 446 928 rursus,
472 903 533 922 cum
555 896 686 923 Dominus
710 895 746 922 sit
760 894 856 926 Filius.
881 895 972 922 Domi-

185 951 235 969 nus
250 947 331 970 estet
346 942 436 969 Pater.
452 941 534 976 Atqui
556 941 578 968 si
595 949 654 976 qua:
670 944 741 968 esset
754 941 879 968 essentia:
893 940 970 968 diiie-

185 988 270 1014 rentia
297 995 356 1022 qua:
377 986 436 1015 illos
456 987 481 1014 in
503 987 556 1014 duo
579 987 722 1016 divideret.
745 994 832 1020 neque
854 985 970 1012 naturali

184 1032 325 1060 idt-ntilate
345 1033 492 1060 convenire
516 1032 694 1066 permitteret,
722 1032 802 1059 ttnius
827 1031 972 1066 appellatio

185 1078 262 1105 alteri
279 1079 386 1113 proprie
401 1078 479 1105 tribui
498 1087 549 1104 non
570 1083 671 1113 posset.
686 1077 820 1111 Quocirca
838 1086 898 1105 cum
914 1085 973 1104 οιιι-

185 1124 298 1159 niaqn‘a:
312 1124 400 1151 Patris
412 1129 474 1150 sunt
488 1123 556 1151 Filio
572 1124 667 1156 liislnl,
679 1129 705 1151 et
721 1129 826 1158 contra,
839 1132 899 1160 qua:
909 1124 973 1151 Filii

186 1175 258 1201 sunt,
285 1170 367 1196 insint
393 1169 476 1200 Patri,
496 1169 532 1196 ita
561 1175 588 1196 nt
619 1169 690 1196 nulla
717 1170 786 1197 ratio
804 1170 972 1197 identitatem

188 1215 315 1250 impedire
332 1215 425 1249 possit,
442 1215 495 1241 erit
510 1215 590 1241 etiam
609 1215 667 1249 ipse
686 1214 782 1247 bonus,
800 1215 972 1249 quemadmo-

185 1261 248 1288 dum
267 1261 356 1294 Pater,
376 1266 456 1295 atque
474 1260 534 1288 ideo
549 1260 630 1287 etiam
649 1260 901 1289 consubstantialis.

520 1313 551 1340 Ει
570 1314 635 1340 Ιιωε.

217 1363 245 1390 Si
260 1362 407 1390 discrimen
423 1361 532 1396 aliquod
548 1360 674 1388 naturale
689 1360 786 1388 Filium
802 1365 887 1395 arcet,
898 1368 975 1388 euut-

181 1417 235 1444 que
260 1417 275 1436 a
303 1409 383 1436 Patre
400 1409 518 1436 essentia
541 1408 660 1435 alienum
685 1414 746 1435 esse
762 1407 891 1442 declarat,
909 1415 975 1443 quo-

181 1456 263 1484 modo
287 1456 330 1484 vel
354 1463 387 1483 ea
417 1456 475 1491 ipse
499 1463 560 1490 qua.-
587 1454 675 1482 Patris
702 1455 811 1489 propria
831 1459 908 1487 sunt,
931 1454 974 1482 vel

1024 896 1097 931 τρὸς,
1115 895 1180 927 Θεός
1197 896 1315 922 ἐστικαὶ
1330 896 1344 922 6
1361 895 1441 927 Υἱός·
1459 896 1505 922 καὶ
1521 896 1624 931 Κυρίου
1642 896 1725 922 πάλιν
1741 896 1819 929 ὄντος

1024 941 1071 968 τοῦ
1088 941 1164 974 Υίοῦ,
1182 940 1284 977 Κύριός
1300 942 1374 968 ἐστιν
1389 942 1403 968 6
1416 942 1521 976 Πατήρ.
1540 941 1609 968 Ἀλλ’
1634 942 1714 978 εἴπερ
1727 940 1762 978 ἦν
1778 951 1818 974 τις

1024 988 1118 1019 οὐσίας
1132 988 1246 1024 διαφορὰ
1271 988 1319 1024 τὴν
1344 988 1429 1014 δυάδα
1448 988 1647 1024 διατειχίζουσα
1660 1009 1668 1022 ,
1699 990 1748 1017 καὶ
1769 990 1818 1016 οὐκ

1027 1033 1099 1060 ἐῶσα
1112 1033 1260 1068 μίσγεσθαι
1283 1034 1404 1068 φυσικῶς
1419 1035 1459 1066 εἰς
1470 1035 1637 1070 ταυτότητα,
1653 1036 1705 1062 οὐκ
1721 1035 1765 1067 ἂν.
1780 1033 1817 1062 οἷ-

1026 1086 1084 1113 μαι,
1098 1079 1201 1114 κυρίως
1212 1079 1241 1104 τὸ
1251 1078 1297 1105 τοῦ
1309 1079 1404 1114 ἐτέρου
1418 1079 1567 1115 πρόσρημα
1581 1079 1620 1114 τῷ
1634 1080 1722 1115 ἑτέρῳ
1734 1088 1819 1115 προα-

1024 1124 1067 1159 ἧν.
1081 1124 1191 1160 Ἐπειδὴ
1214 1124 1242 1151 δὲ
1260 1125 1348 1152 πάντα
1366 1125 1400 1151 τὰ
1410 1124 1457 1152 τοῦ
1483 1125 1587 1160 [ἰατρὸς
1601 1125 1630 1151 ἑν
1648 1125 1706 1160 Υίῷ
1722 1126 1818 1159 φαίνε-

1024 1178 1079 1201 ται,
1096 1169 1186 1196 καὶτὰ
1199 1169 1246 1196 τοῦ
1267 1170 1331 1197 Υἱοῦ
1347 1170 1427 1197 πάλιν
1441 1171 1470 1196 ἐν
1488 1170 1586 1206 Πατρὶ,
1601 1171 1638 1202 ὡς
1655 1171 1763 1202 οὐδενὸδ
1778 1171 1820 1197 ἑτι

1024 1215 1070 1241 τὸν
1083 1216 1133 1250 τῆς
1148 1216 1311 1251 ταυτότητος
1328 1215 1493 1250 διείργοντος
1511 1216 1600 1250 λόγον,
1613 1216 1690 1242 ἔσται
1707 1217 1755 1243 xui.
1773 1216 1820 1242 αύ-

1025 1261 1071 1293 τὺς
1084 1262 1197 1295 ἀγαθὸς,
1213 1261 1250 1292 ὡς
1262 1262 1275 1288 6
1292 1262 1396 1296 Πατὴρ,
1412 1262 1459 1287 καὶ
1474 1261 1518 1287 διὰ
1536 1261 1612 1288 τοῦτο
1627 1263 1784 1296 ὁμοούσιος.

1330 1315 1384 1343 Καὶ
1411 1315 1508 1343 τοῦτο.

1057 1363 1087 1388 El
1099 1361 1198 1398 φυσική
1215 1370 1256 1394 τις
1268 1362 1408 1393 διάστασις
1423 1362 1511 1397 εἴργει
1525 1363 1572 1389 τὸν
1587 1362 1661 1395 Υίδν,
1675 1365 1727 1389 καὶ
1742 1363 1822 1392 ἀλλό-

1024 1417 1098 1443 τριον
1121 1408 1170 1443 τῆς
1197 1408 1244 1435 τοῦ
1271 1408 1376 1443 Πατρδς
1404 1408 1495 1439 οὐσίας
1519 1408 1583 1435 ὄντα
1606 1409 1737 1440 δεικνύει,
1759 1411 1822 1442 πῗς

1026 1455 1059 1481 τὰ
1074 1455 1120 1481 τοῦ
1142 1455 1246 1490 Πατρὸς
1263 1454 1315 1481 ἴδια
1333 1454 1458 1481 παίνεται
1485 1455 1593 1490 φορῶν;
1612 1455 1672 1486 Πῶς
1688 1456 1718 1482 δὲ
1733 1457 1747 1482 6
1764 1457 1823 1483 Πα-

182 1501 263 1529 Patcr
273 1510 334 1537 qua:
349 1501 408 1529 Filii
424 1505 498 1533 sunt,
512 1500 621 1536 propria
634 1500 723 1535 gerit?
738 1499 809 1528 Vera
824 1501 895 1527 enim
908 1500 959 1528 dici

1045 1501 1089 1536 ὴρ,
1106 1500 1186 1534 εῐπερ
1201 1500 1341 1536 ἀλλότριος
1354 1501 1424 1528 κατὰ
1441 1500 1522 1535 φύσιν
1537 1501 1584 1528 τοῦ
1598 1501 1674 1534 Υίοῦ,
1684 1502 1720 1528 τὰ
1735 1502 1821 1529 αὑτοῦ

182 1548 267 1576 Filius
291 1548 398 1575 Patrem
413 1548 557 1582 alloquens
574 1547 607 1574 ad
625 1547 697 1575 hunc
716 1547 827 1574 modum
847 1556 854 1575 :
878 1546 975 1575 Omnia

184 1599 230 1621 tua
246 1602 302 1622 mea
318 1599 379 1622 sunt
399 1599 424 1622 et
441 1603 499 1622 mea
518 1593 667 1627 tua'.Quod
684 1593 707 1621 si
727 1594 830 1626 omnia,
848 1599 874 1622 et
889 1602 974 1622 unum

182 1640 305 1668 omnium
330 1645 372 1668 est
395 1640 433 1673 id,
458 1639 530 1675 quod
557 1643 599 1667 est
625 1646 732 1666 suntme
755 1638 869 1670 bonum.
891 1639 975 1667 Filius

184 1687 296 1715 habebit
310 1687 392 1715 etiam
410 1688 471 1720 hoc,
487 1687 562 1722 quod
578 1691 684 1714 natura:
700 1691 821 1721 paterna:
834 1686 973 1721 proprium

183 1738 237 1764 est,
263 1738 293 1760 ut
309 1734 356 1769 qui
381 1741 414 1761 ex
438 1734 496 1768 ipso
519 1733 599 1761 Patre
618 1732 729 1760 exsistit.
746 1733 796 1766 Qui
821 1738 912 1761 autem
931 1742 975 1767 ea,

183 1787 244 1813 quae
263 1781 391 1807 essentia:
407 1785 526 1814 paterna
540 1779 650 1814 propria
669 1783 744 1812 sunt,
757 1779 848 1818 habet,
863 1781 885 1808 is
901 1781 976 1816 ejus-

183 1826 243 1853 dem
263 1831 306 1854 est
321 1834 436 1861 prorsus
451 1827 587 1854 essentne.

521 1872 553 1899 Et
569 1873 634 1899 Ita'c.

221 1937 248 1964 Si
275 1938 376 1965 idcirco
400 1937 483 1965 Filius
509 1946 561 1966 non
587 1944 628 1966 est
655 1941 804 1968 secundum
824 1943 968 1969 essentiam

185 1982 282 2009 similis
366 1982 438 2010 Patri
451 1991 539 2018 neque
552 1984 799 2019 consubstantialis,
814 1987 876 2021 quia
893 1987 970 2015 Pater

185 2033 218 2052 ex
240 2026 311 2053 nulla
336 2035 417 2055 causa
435 2028 492 2054 sive
515 2029 648 2063 principio
669 2035 720 2062 est,
737 2030 821 2057 Filius
834 2039 896 2059 vero
918 2032 969 2059 Pa-

186 2073 254 2098 trem
278 2072 438 2107 principinm
465 2073 557 2106 habet,
575 2075 638 2109 quid
670 2076 804 2104 obstiterit
828 2078 970 2112 quominus

185 2115 307 2144 dicamus
319 2117 384 2145 Cain
402 2119 483 2145 etiam
497 2121 565 2154 patri
581 2127 630 2148 suo
644 2122 901 2151 consubstantialem
917 2132 969 2151 tton

1026 1547 1080 1574 ίδια
1103 1549 1197 1583 φορεῖς
1219 1546 1362 1582 Ἀληθεύει
1377 1548 1432 1582 γὰρ
1454 1547 1542 1581 λέγων
1559 1549 1573 1574 6
1593 1548 1690 1583 Σωτὴρ
1706 1549 1745 1579 ὡς
1765 1550 1822 1584 πρὸ

1025 1593 1070 1620 τὸν
1084 1592 1183 1620 ἑαυτοῦ
1198 1593 1305 1628 Πατέρα.
1326 1593 1368 1620 ὅτι
1383 1592 1486 1620 Πάντα
1498 1593 1535 1620 τὰ
1547 1593 1588 1620 σὰ
1604 1593 1662 1628 ἐμά
1673 1594 1753 1625 ἐστι,
1768 1595 1820 1622 καὶ

1025 1641 1061 1668 τὰ
1078 1639 1133 1675 ἐμὰ
1148 1639 1200 1668 σά.
1225 1639 1321 1666 Τνοίνυν
1347 1641 1447 1674 πάντα,
1459 1639 1488 1666 ἓν
1510 1640 1538 1666 δὲ
1554 1639 1609 1666 τῶν
1631 1640 1745 1667 πάντων
1760 1641 1822 1668 ἐστὶ

1027 1687 1072 1713 καὶ
1093 1686 1123 1712 τὸ
1136 1686 1227 1721 ἄκρως
1243 1686 1355 1720 ἀγαθὸν,
1371 1686 1425 1718 {Est
1440 1686 1517 1712 τοῦτο
1534 1686 1582 1713 καὶ
1595 1688 1609 1713 6
1626 1686 1702 1718 Υἱὸς,
1717 1687 1821 1722 ilium:

1026 1736 1133 1767 φύσεως
1149 1733 1280 1768 ὑπάρχων
1295 1733 1431 1767 πατρικῆς
1446 1734 1459 1759 6
1472 1733 1500 1766 ἐξ
1513 1733 1597 1759 αὑτοῦ
1612 1733 1768 1768 προελθών.
1791 1733 1822 1761 '0

1026 1781 1053 1807 δὲ
1071 1781 1119 1814 τῆς
1139 1781 1269 1815 πατρῴας
1281 1779 1375 1811 οὐσίας
1393 1779 1462 1814 ἔχων
1476 1780 1508 1806 τὰ
1529 1780 1582 1806 ἰδιι
1600 1780 1644 1814 εἴη
1659 1780 1773 1811 πάντως
1786 1781 1821 1806 ἂν

1027 1827 1074 1853 καὶ
1092 1827 1248 1861 ὁμοούσιος.

1334 1874 1386 1900 It'al
1405 1874 1504 1901 τοῦτο.

1055 1939 1087 1966 Et
1103 1938 1147 1965 διὰ
1163 1939 1240 1965 τοῦτο
1252 1938 1314 1964 κατ’
1329 1936 1422 1963 οὐσίαν
1434 1936 1448 1962 6
1460 1935 1524 1966 Υίδς
1539 1934 1589 1961 οὐκ
1602 1933 1680 1960 ἔσται
1696 1932 1738 1968 τῷ
1757 1933 1817 1959 Πα-

1020 1983 1065 2019 τρὶ
1081 1982 1248 2018 προσεοικὼς
1258 1981 1319 2008 οὐδὲ
1333 1981 1485 2016 ὁμοούσιος,
1500 1978 1649 2014 ἐπειδήπερ
1659 1978 1675 2003 6
1692 1977 1742 2012 μὲν
1755 1977 1815 2003 Πα-

1020 2030 1072 2064 τὴρ
1090 2029 1140 2055 οὐκ
1156 2028 1184 2061 ἐξ
1199 2028 1286 2054 αἰτίου
1302 2027 1375 2058 τινός
1385 2027 1468 2057 ἐστιν,
1483 2026 1497 2052 6
1509 2024 1540 2051 δὲ
1553 2024 1616 2055 Υἱὸς
1626 2022 1713 2050 αἴτιον
1730 2022 1816 2048 αὐτὸν

1021 2073 1087 2109 ἔχει,
1100 2074 1126 2100 τί
1140 2073 1256 2100 κωλύσει
1269 2073 1357 2107 λέγειν
1372 2073 1413 2098 ὅτι
1429 2071 1475 2098 καὶ
1486 2070 1500 2096 6
1516 2070 1585 2096 Κάῖν
1596 2069 1647 2094 οὐκ
1666 2068 1699 2095 ἂν
1715 2067 1762 2103 εἴη
1775 2067 1816 2102 τῷ

1022 2118 1106 2154 πατρὶ
1124 2118 1280 2153 ὁμοούσιος;
1308 2117 1473 2152 Ἐπειδήπερ
1494 2116 1508 2142 6
1524 2115 1574 2150 μὲν
1592 2113 1678 2148 Ἀδὰμ
1693 2113 1742 2138 ὑπ’
1767 2113 1815 2139 ού-

186 2161 287 2188 fuisse?
303 2161 331 2188 Si
349 2162 458 2197 quidem
477 2164 562 2191 Adam
580 2173 594 2192 a
615 2167 723 2195 nemine
738 2174 883 2203 generatus
898 2169 949 2197 fuit

1045 2164 1094 2196 :vbg
1106 2163 1248 2199 emt/qen-
1262 2164 1370 2200 πρῶτος
1381 2162 1435 2197 γὰρ
1447 2159 1481 2197 ἦν
1490 2160 1642 2196 ἄνθρωπος.
1660 2158 1727 2185 Ὀδὲ
1738 2158 1813 2185 Κάῑν

186 2206 290 2240 primus
304 2206 376 2234 enim
403 2209 541 2236 hominum
558 2209 618 2237 fuit.
638 2211 702 2239 Cain
727 2220 790 2241 vero
807 2214 893 2249 ipsum
917 2223 968 2242 auc

185 2255 287 2278 ctorem
304 2256 332 2279 et
349 2252 510 2288 principium
533 2254 636 2288 habuit,
659 2265 719 2284 natu
735 2266 767 2286 ex
793 2260 851 2294 ipso
864 2263 970 2294 genitus

185 2301 236 2323 eet.
255 2295 334 2331 Atqui
355 2298 376 2324 si
395 2298 445 2326 hoc
460 2299 555 2327 falsum
577 2307 617 2328 est
634 2302 883 2336 (consubstantialis
899 2307 970 2333 enim

185 2341 289 2369 Adamo
302 2347 343 2370 est
360 2343 448 2379 Cain),
467 2346 516 2372 erit
531 2346 653 2379 profectu
671 2349 908 2378 consubstantialis
922 2351 972 2378 Pa-

185 2386 218 2412 tri
239 2386 332 2420 Filius,
349 2389 455 2415 tametsi
474 2389 547 2417 lllltlll
567 2399 676 2419 causam
698 2395 845 2422 exsistendi
862 2397 970 2428 haheat.

189 2434 338 2467 procedens
354 2441 387 2460 ex
411 2434 468 2468 ipso
492 2437 594 2471 absque
610 2443 741 2473 tempore,
770 2445 796 2466 ct
816 2441 849 2467 ab
871 2445 971 2469 :tterno

184 2484 244 2504 cuin
261 2479 318 2512 ipso
332 2479 475 2507 exsistens.

523 2527 556 2554 Et
573 2529 637 2555 Ιιαις.

223 2582 313 2609 Ardua
332 2583 438 2610 scilicet
455 2583 575 2610 hostium
597 2583 698 2611 Christi
717 2578 834 2615 obiectio
850 2593 902 2612 non
918 2585 973 2613 elli-

188 2629 242 2661 cict
260 2635 289 2657 ιιι
305 2630 389 2657 Filius
407 2638 461 2658 nott
490 2632 526 2658 sit
548 2631 790 2658 consubstantialis
805 2631 889 2665 Patri,
914 2633 975 2659 ideo

190 2676 253 2711 quia
281 2676 361 2704 Pater
386 2676 526 2711 ingenitus
543 2679 596 2708 cst,
614 2675 700 2703 Filius
718 2684 785 2704 vero
802 2679 920 2712 genitus.
946 2679 974 2706 Si

188 2723 261 2749 enim
279 2722 389 2750 diti'erre
405 2722 431 2748 in
448 2722 541 2756 aliquo
555 2722 619 2748 facit
635 2726 663 2748 ut
679 2722 784 2749 diversa
804 2723 839 2749 sit
852 2723 877 2749 in
893 2724 973 2751 rebus

189 2775 298 2802 natura,
315 2773 340 2796 et
350 2775 448 2803 genera
461 2774 477 2795 a
493 2771 588 2794 mutua
601 2766 671 2794 inter
684 2775 713 2795 se
726 2768 913 2796 convenientia
923 2776 974 2796 na-

225 2862 235 2878 ι
254 2862 410 2893 lCor.vnt,
426 2860 455 2890 6.
493 2863 504 2880 ³
524 2862 603 2892 Joan.
622 2869 688 2896 χιιι,
707 2862 749 2892 to.

1021 2210 1107 2237 αἴτιον
1121 2210 1201 2245 ἔσχεν
1215 2210 1306 2236 αὐτόν·
1320 2208 1350 2241 ἐξ
1363 2208 1445 2234 αὐτοῦ
1459 2207 1513 2242 γὰρ
1523 2206 1645 2240 γέγονεν.
1657 2205 1690 2232 Et
1706 2204 1738 2231 δὲ
1747 2204 1817 2239 ψεύ-

1022 2264 1097 2284 σεται
1113 2256 1222 2288 πάντως
1235 2257 1249 2282 6
1259 2255 1337 2281 τοῦτο
1348 2254 1434 2288 λέγων
1445 2252 1599 2288 (ὁμοούσιος
1611 2250 1665 2286 γὰρ
1676 2250 1816 2285 τῷἊδὰμ

1021 2304 1035 2328 ὁ
1048 2302 1139 2336 Κάῖν),
1153 2301 1229 2327 ἔσται
1250 2300 1288 2336 τῷ
1309 2299 1396 2335 Πατρὶ
1422 2299 1530 2330 πάντως
1547 2297 1688 2332 ὀμοούσιος
1706 2295 1721 2321 6
1738 2295 1814 2327 Υἱὸς.

1022 2348 1074 2374 κᾶν
1087 2348 1172 2374 αἴτιον
1187 2346 1268 2372 αὐτὸν
1280 2346 1328 2380 ἔχῃ
1347 2344 1394 2371 τοῦ
1418 2342 1498 2375 εἶναι,
1517 2343 1547 2375 ἐξ
1569 2341 1652 2369 αὐτοῦ
1668 2341 1816 2376 προελθὼν

1022 2394 1155 2429 ἀχρόνως,
1171 2393 1219 2419 καὶ
1231 2391 1322 2422 ἁῖδίως
1332 2391 1369 2417 ὢν
1386 2390 1435 2416 σὺν
1452 2389 1535 2424 αὐτῷ.

1331 2531 1355 2556 1(
1355 2530 1382 2556 (ι)
1405 2529 1503 2558 τοῦτο.

1062 2584 1118 2611 Οὐκ
1132 2584 1276 2619 ἀνατρέψει
1287 2585 1317 2611 τὸ
1331 2585 1411 2620 σοφὸν
1423 2585 1477 2611 τῶν
1488 2585 1680 2620 χριστομάχων
1692 2584 1814 2618 cipimu-

1029 2639 1066 2665 μα
1082 2632 1111 2656 τὸ
1127 2629 1196 2658 εἶναι
1214 2632 1260 2657 τδιν
1269 2631 1333 2658 Υίδν
1348 2631 1489 2664 ὁμοούσιον
1500 2631 1539 2666 τῷ
1550 2631 1646 2665 “arpi,
1658 2630 1812 2664 ἐπειδήπερ

1028 2678 1041 2703 6
1055 2677 1104 2711 μὲν
1129 2678 1223 2712 Πατὴρ
1238 2677 1383 2711 ἀγέννητὼς
1399 2677 1484 2709 ἑστιν,
1502 2676 1565 2707 Tib;
1578 2676 1606 2702 δὲ
1620 2676 1763 2710 γεννητός.
1783 2676 1813 2701 Et

1027 2723 1081 2757 γὰρ
1098 2723 1128 2749 τὸ
1143 2723 1213 2750 κατά
1230 2732 1255 2749 τι
1275 2723 1424 2758 διαφέρειν,
1441 2723 1548 2757 πάντως
1574 2722 1622 2749 καὶ
1638 2722 1768 2756 διάφορον
1783 2721 1814 2748 ἐν

1027 2771 1083 2802 τοῖς
1093 2767 1151 2805 οξσι
1161 2770 1209 2806 τὴν
1220 2770 1299 2805 φύσιν
1306 2770 1502 2806 ἀπεργάζεται,
1512 2770 1619 2805 καὶτῆς
1629 2769 1696 2805 προς
1706 2768 1814 2804 ἄλληλα
