1891 3076
58 105 106 137 6⁵17

548 109 736 142 PANOPLIA
759 110 990 141 DOGMATICA.
1005 123 1039 128 -
1051 111 1124 142 TIT.
1146 111 1200 144 Χῐ.

1574 113 1674 145 -678

59 170 196 202 κοινωνίας
206 178 236 197 τε
260 168 307 197 καὶ
326 168 442 204 φυσικῆς
467 167 627 203 ὁμοιότητος
642 168 844 204 ἀποτέμνει-τὰ

906 169 1021 205 iraltque
1045 169 1222 199 similitudine
1248 177 1372 207 separat,
1395 173 1563 210 distinguant
1588 176 1671 204 etiam

57 218 129 252 γένη·
140 216 344 253 διοριξέτωσαν,
360 216 427 250 φέρε
439 215 536 246 εἰπεῖν,
550 214 598 241 καὶ
610 214 655 241 τὸν
670 214 776 242 Παῦλον
789 213 844 241 ἀπὸ

56 263 99 290 τοῦ
108 262 209 298 Πέτρου
219 261 291 288 κατὰ
304 261 350 288 τὸν
357 261 407 295 τῆς
419 260 511 292 οὐσίας
523 260 612 294 λόγον.
623 260 770 296 ἐπειδήπερ
784 260 844 287 τινὰ

58 307 170 344 μερικὴν
176 307 267 343 ἔχουσι
275 307 369 339 καὶ-ὡς
377 307 406 333 ὲν
416 306 510 342 ἀτόμῳ
518 305 585 342 πρὸς
594 306 724 342 ἀλλήλους
737 306 843 342 τὴνδια-

56 353 149 389 φορὰν,
165 353 226 380 καθ’
238 354 271 388 ἢν
283 353 297 378 ὁ
311 353 359 388 μὲν
372 352 430 379 ἐστι
445 352 558 388 Πέτρος,
567 353 582 378 ὸ
591 352 619 379 δὲ
636 351 750 384 Παῦλος.
763 352 843 388 ’0ρῶ-

59 408 104 426 ιιεν
114 399 144 425 δὲ
162 399 203 425 ὅτι
217 398 347 430 πολλάκις
358 398 406 424 καὶ
421 397 455 424 τὰ
476 397 537 424 καθ’
561 397 654 433 ἔτερόν
667 406 728 425 τινα
744 398 844 434 τρόπον

55 445 101 479 τῆς
121 443 245 479 ἀλλήλων
268 442 427 478 ὁμοιότητος
447 442 513 469 πολὺ
526 441 704 477 διεστηκότα,
721 443 844 478 κοινωνεῖ

57 490 125 517 κατὰ
140 489 184 516 τὸν
199 489 248 524 τῆς
258 485 358 520 οὐσίας’
366 488 456 523 λόγον.
477 488 506 514 Ὁ
520 488 570 524 μὲν
583 488 637 524 γὰρ
647 488 729 524 μέλας
742 488 843 524 ἄνθρω-

56 543 102 566 πος
118 533 200 569 τυχὸν
218 534 255 566 ὼς
275 533 342 569 πρὸς
362 533 407 560 τὸν
419 533 516 561 λευκὸν
531 533 631 569 πολλὴν
647 533 702 569 ἔχει
721 535 770 570 τὴν
786 534 843 562 δια-

56 579 152 615 φορὰν,
167 579 226 606 ἀλλ’
240 579 271 605 οὐ
283 578 426 615 τοῦτο’τὴν
440 579 534 607 οὐσίαν
549 580 640 611 αὐτοῖς
650 579 798 615 διατέμνει.
810 580 842 607 Εἰ

55 626 143 652 τοίνυν
151 625 198 652 καὶ
213 625 254 659 ἐφ’
265 626 281 660 ή
286 625 345 660 μῶν
356 625 445 652 αὐτῶν
457 626 473 662 ἡ
485 625 555 653 κατά
564 635 590 653 τι
603 626 718 662 διαφορὰ
730 627 760 653 τὺ
773 624 842 654 εἶναι

53 671 98 707 τῆς
114 671 202 705 αὐτῆς
213 671 306 702 οὐσίας
317 671 367 697 οὐκ
384 671 542 707 ἀνατρέπει,
556 669 590 708 ἧς
601 671 634 699 ἂν
650 670 705 698 εἶεν
721 673 841 700 κάκεῖνοι

54 717 119 752 πρὸς
136 716 182 748 οὓς
194 716 226 742 ἂν
241 716 459 751 διακρινοίμεθα·
484 717 510 743 τί
534 717 634 744 κωλύει
656 718 704 744 καὶ
719 718 765 744 τὸν
777 718 841 745 Υἱδν

52 761 194 797 ὀμοούσιον
211 759 282 788 εἶναι
307 761 346 796 τῷ
366 762 463 798 Πατρὶ,
481 763 552 789 κατὰ
573 763 653 790 τοῦτο
679 763 841 800 διαφέροντα

53 808 110 834 καθ’
128 808 144 834 ὃ
161 807 210 842 μὲν
225 807 321 842 Πατὴρ
333 808 482 843 ἀγέννητὸς
496 808 581 842 ἐστιν,
598 810 612 836 ὁ
627 809 656 836 δὲ
668 809 732 841 Υἱὸς
744 818 841 845 γεννη-

51 853 110 885 τός;
127 852 187 880 Μία
199 852 253 888 γὰρ
270 852 299 879 έν
317 852 410 883 αὐτοῖς
428 853 445 888 ἡ
457 853 562 888 θεότης,
582 853 614 880 ὲκ
633 854 740 890 Πατρὸς
759 855 841 889 ἀγεν-

52 899 132 934 νήτου
147 897 282 934 τρέχουσα
296 895 420 933 φυσικῶς
430 897 476 924 ἐπὶ
487 897 518 924 τὺ
530 897 663 935 γέννημα.

364 945 417 971 Kal
435 945 534 972 τοῦτο.

88 990 118 1016 Εἰ
138 989 240 1025 ἤρξατο
259 990 305 1018 τοῦ
319 992 417 1027 γεννᾷν
432 992 477 1019 τὸν
492 991 555 1019 Υὶδν
567 992 581 1019 ὁ
598 992 691 1027 Πατὴρ
710 991 757 1020 καὶ
773 1000 841 1019 κατ-

55 1035 169 1068 έπαυσε,
183 1038 252 1064 κατὰ
266 1038 315 1073 τὴν
327 1038 382 1065 τῶν
394 1039 588 1075 χριστομάχων
605 1039 715 1075 μανίαν,
727 1039 840 1066 ἀλλοίω-

56 1080 95 1113 oi;
108 1090 153 1114 τις
166 1083 212 1109 καὶ
227 1083 360 1118 μεταϐολὴ
374 1084 439 1119 περὶ
453 1084 535 1111 αὑτὸν
547 1085 669 1119 γέγονεν.
681 1086 713 1112 ‘0
726 1085 779 1119 γὰρ
792 1085 841 1112 οὐκ

53 1126 86 1164 ἧν
99 1129 166 1164 πρὶν
180 1129 309 1165 γεννήσῃ,
320 1130 415 1164 γέγονε
430 1131 498 1165 μετὰ
507 1130 537 1157 τὸ
552 1131 692 1166 γεννῆσαι.
703 1131 734 1158 Et
745 1131 773 1158 δὲ
787 1130 841 1158 τῶν

54 1175 185 1203 τοιούτων
203 1176 332 1211 ἀνωτέρω
340 1170 374 1203 ’τὸ
394 1176 466 1204 θεῖόν
485 1177 545 1204 ἐστι
564 1178 668 1213 τροπῆς
687 1186 716 1204 τε
730 1178 777 1204 καὶ
792 1177 840 1204 ἀλ-

54 1222 194 1254 λοιώσεως
207 1223 392 1257 ἀνεπίδεκτον,
404 1225 454 1251 οὐκ
469 1224 572 1261 ἤρξατο
589 1225 636 1251 τοῦ
654 1226 763 1260 γεννᾷν,
779 1225 840 1253 οὐδὲ

54 1269 225 1302 κιτέπαυσε,
241 1269 366 1306 καθάπερ
381 1269 453 1299 οὗτοι
474 1280 574 1306 φασιν·
592 1271 651 1299 ἀλλ’
666 1270 702 1308 ἦν
720 1273 841 1308 ἁχρόνως

53 1315 82 1342 ὲν
105 1315 196 1349 Πατρὶ
212 1317 226 1343 ὁ
239 1316 293 1343 τῶν
317 1317 422 1344 αἰώνων
447 1318 495 1344 καὶ
512 1317 616 1353 χρόνων
637 1318 753 1354 ποιητὴς
767 1319 840 1352 Υῑός.

60 1361 172 1398 Ἐπειδὴ
184 1362 213 1389 δὲ
226 1364 369 1397 συναῖδιος,
386 1364 430 1391 διὰ
445 1365 523 1392 τοῦτο
537 1366 583 1392 καὶ
597 1364 752 1402 όμοούσιος.

367 1458 418 1485 Κηὶ
439 1458 537 1486 τοῦτο.

91 1503 122 1529 Et
142 1503 245 1537 ἤρξατο
258 1505 304 1530 τοῦ
323 1506 421 1539 γεννᾷν
435 1505 448 1530 ὁ
465 1505 560 1540 Πατὴρ
571 1505 616 1532 τὸν
635 1506 711 1537 Υίὸν,
725 1506 844 1540 προσγέ-

54 1556 132 1581 γονεν
145 1550 199 1585 ἄρα
214 1551 245 1584 τῇ
262 1550 339 1587 οὗσίᾳ
356 1551 438 1578 αὐτοῦ
456 1552 547 1585 τοῦτο,
559 1553 606 1580 καὶ
625 1553 693 1587 ὅπερ
709 1554 760 1580 οὐκ
771 1551 844 1588 εἶχεν

886 214 997 242 Paulum
1013 222 1028 242 a
1044 214 1124 244 Petro
1139 216 1243 245 ratione
1265 218 1402 251 essentia,
1432 219 1565 254 siquidem
1586 222 1672 255 parti-

887 259 1005 288 cularem
1029 261 1174 296 quamdam
1201 262 1301 290 habent
1320 270 1352 291 ac
1377 264 1458 292 veluti
1481 264 1507 292 in
1533 266 1673 296 individuo

886 305 956 333 inter
980 312 1011 333 se
1034 305 1313 343 diﬂ'erentiam,]uxla
1335 316 1416 344 quam
1440 310 1486 339 hic
1500 311 1607 346 quidem
1631 317 1676 341 est

885 349 991 382 Petrus,
1007 350 1052 378 hic
1075 358 1140 379 vero
1153 351 1263 380 Paulus.
1289 352 1416 381 Videmus
1438 360 1527 383 autem
1551 363 1673 390 saepenu-

886 402 961 423 mero
980 396 1064 424 etiam
1085 404 1117 425 ea
1137 404 1197 433 quae
1220 398 1276 426 alio
1301 399 1381 427 modo
1394 407 1408 426 a
1436 405 1528 427 mutua
1549 401 1620 429 inter
1643 409 1673 430 se

885 441 1063 470 similitudine
1090 443 1206 471 multum
1233 444 1384 477 dissident,
1410 446 1537 474 essentia
1566 447 1673 474 ratione

885 488 1040 516 convenire.
1053 487 1120 516 Nam
1133 489 1214 531 homo
1231 490 1306 524 niger
1320 491 1432 519 multum
1447 491 1537 520 diﬁcrt
1550 493 1584 520 ab
1599 492 1671 526 albo,

886 534 932 561 sed
952 534 1010 561 haec
1027 533 1178 562 differentia
1206 542 1299 563 eorum
1323 537 1502 564 substantiam
1528 545 1580 564 non
1608 537 1674 565 facit

886 579 1031 607 diversam.
1048 579 1077 607 Si
1101 587 1166 615 ergo
1189 580 1270 608 etiam
1293 581 1319 608 in
1342 582 1419 609 nobis
1441 582 1507 616 ipsis
1522 582 1672 610 diil'erentia

886 625 1032 652 secundum
1058 625 1159 660 aliquid
1187 634 1239 654 non
1267 626 1391 654 immutat
1414 634 1474 655 esse
1498 628 1584 663 ipsum
1609 629 1674 656 sub-

887 671 1002 702 stantiae.
1019 678 1051 698 ex
1066 679 1120 705 qua
1141 675 1267 698 constant
1289 671 1324 698 illi
1341 672 1386 706 qui
1411 680 1425 699 a
1444 673 1521 700 nobis
1533 673 1672 708 diii'erunt,

886 717 951 751 quid
963 717 1053 744 obstat
1067 716 1212 752 quominus
1237 717 1319 744 etiam
1338 717 1424 745 Filius
1440 718 1476 745 sit
1490 719 1671 747 consubstan-

888 761 960 789 tialis
980 761 1064 795 Patri,
1088 762 1194 789 etiamsi
1212 762 1238 789 in
1260 769 1292 790 eo
1315 762 1386 790 inter
1409 770 1439 791 se
1459 763 1585 791 dill'erant
1602 764 1674 799 quod

888 806 969 834 Pater
983 807 1018 834 sit
1033 807 1176 842 ingenitus,
1188 807 1273 835 Filius
1283 814 1372 836 autem
1387 810 1514 844 genitus?
1531 810 1591 838 Una
1601 811 1673 838 enim

888 853 914 879 in
935 853 1001 888 ipsis
1019 859 1060 881 est
1073 854 1168 887 deitas,
1183 861 1215 881 ex
1231 853 1312 883 Patre
1328 854 1450 890 ingenito
1471 855 1632 885 naturaliter
1646 855 1674 884 in

853 893 873 920 Β
889 897 986 926 Filium
1002 899 1157 933 procedens.

1228 945 1262 974 Et
1274 947 1339 976 Ιιιτσ.

928 990 957 1019 Si
974 991 1058 1026 coepit
1074 999 1206 1026 generare
1223 991 1322 1020 Filium
1345 991 1427 1020 Pater
1441 996 1468 1021 et
1481 993 1571 1026 desiit,
1597 993 1674 1028 juxta

892 1037 1016 1065 insanam
1032 1037 1133 1065 Christi
1146 1037 1265 1065 hostium
1278 1038 1447 1073 opinionem,
1464 1038 1589 1066 alleratio
1602 1046 1677 1073 quaa-

891 1085 953 1113 dam
966 1089 993 1112 et
1009 1084 1124 1112 mutatio
1137 1084 1161 1112 ei
1173 1085 1284 1113 accidit.
1306 1084 1373 1112 Nam
1394 1085 1467 1120 quod
1484 1092 1538 1112 non
1556 1088 1615 1112 erat
1629 1091 1679 1111 an-

893 1136 1002 1166 tequam
1020 1137 1173 1167 generaret,
1192 1132 1280 1159 factus
1297 1136 1337 1159 est
1359 1135 1504 1167 postquam
1524 1131 1675 1166 generavit.

893 1177 975 1212 Atqui
993 1177 1014 1204 si
1026 1177 1155 1205 divinitas
1173 1177 1240 1204 nulli
1267 1177 1422 1204 alteratioui
1438 1177 1617 1205 mutationive
1627 1176 1677 1204 ob-

892 1224 975 1251 noxia
994 1227 1047 1256 est,
1064 1230 1117 1251 non
1140 1231 1206 1256 ergo
1220 1223 1303 1257 erepit
1322 1230 1463 1257 generare,
1485 1230 1573 1257 neque
1594 1223 1676 1249 etiam

893 1269 984 1303 desiit,
1023 1269 1253 1305 quemadmodum
1291 1269 1335 1296 isti
1365 1269 1522 1303 opinantur,
1548 1268 1595 1296 sed
1617 1271 1679 1296 erat

895 1316 1000 1351 absque
1014 1321 1136 1351 tempore
1152 1315 1179 1342 in
1192 1315 1286 1348 Patre,
1305 1314 1466 1342 saaculorum
1483 1319 1510 1342 et
1523 1318 1677 1348 temporum

894 1363 1017 1390 omnium
1035 1361 1161 1389 conditor
1181 1360 1277 1388 Filius.
1297 1360 1364 1389 Cum
1382 1368 1446 1388 vero
1461 1365 1615 1388 coaeternus
1631 1360 1678 1393 sit,

895 1410 1049 1438 necessario
1061 1410 1143 1438 etiam
1155 1409 1411 1439 consubstantialis.

1248 1454 1282 1483 Et
1296 1455 1361 1482 hac.

931 1504 958 1531 Si
975 1503 1055 1531 Pater
1071 1502 1156 1538 cmpit
1169 1509 1299 1537 generare
1310 1499 1422 1534 Filium,
1440 1501 1555 1529 accessit
1567 1500 1678 1542 omnino

896 1551 948 1578 hoc
962 1550 994 1577 ad
1008 1551 1156 1578 essentiam
1182 1549 1278 1582 ipsius,
1297 1552 1324 1576 et
1338 1548 1410 1584 quod
1431 1549 1507 1575 initio
1526 1555 1578 1574 non
1594 1547 1676 1574 habe.-

54 1596 83 1622 ἐν
100 1596 186 1631 ἀρχῇ,
199 1596 366 1632 προσέλαϐεν
380 1597 502 1633 ὕστερον.
515 1599 551 1626 Τὸ
564 1599 592 1626 δὲ
609 1599 770 1635 προσθήκην
782 1601 842 1626 ἔπι-

906 1602 951 1630 )οι,
968 1602 1062 1632 postea
1079 1597 1195 1632 accepit.
1210 1596 1288 1630 Quod
1302 1603 1367 1623 vero
1384 1594 1546 1623 incrementi
1563 1593 1679 1627 alicujus

55 1640 203 1677 δειόμενόν
222 1651 295 1677 τινα,
307 1643 400 1676 ἀτελὲς
415 1645 448 1672 ἂν
461 1645 514 1680 εἴη,
528 1646 577 1673 καὶ
591 1646 622 1673 οὗ
635 1645 748 1673 τέλειον.
760 1645 845 1673 Ἀλλὰ

55 1689 136 1716 τοῦτο
155 1689 255 1717 ἄτοπον
268 1698 276 1707 ·
290 1690 382 1717 τελεία
398 1691 451 1726 γὰρ
462 1692 478 1726 ἡ
489 1692 536 1719 τοῦ
555 1692 660 1727 [ἰατρὸς
678 1691 767 1719 οὐσία.
785 1693 842 1719 Οὐκ

55 1737 111 1772 ἄρα
132 1737 320 1773 προσγέγονεν
341 1738 409 1774 αὐτῇ
432 1738 462 1766 τὸ
480 1739 589 1774 γεννᾷν,
604 1739 662 1766 ἀλλ’
677 1737 711 1776 ἦν
726 1740 755 1766 ἐν
776 1739 844 1774 αὐτῇ

55 1785 138 1811 τοῦτο
156 1785 205 1810 οὐκ
219 1784 382 1820 ἀρξάμενον.
397 1785 429 1812 Et
442 1785 470 1812 δὲ
483 1786 533 1812 οὐκ
547 1785 649 1821 ἧρξατο
660 1786 767 1821 γεννᾷν,
780 1794 844 1822 συν-

55 1833 143 1864 αἲὸιος
157 1832 213 1868 ἄρα
229 1834 287 1860 ἐστὶ
298 1833 337 1868 τῷ
351 1833 438 1868 Πατρὶ
451 1834 465 1860 ό
482 1833 512 1866 ὲξ
523 1834 606 1861 αὑτοῦ
617 1834 759 1868 γεννηθεὶς
771 1834 845 1866 Υἱός.

56 1880 112 1907 Καὶ
125 1880 224 1915 ὥσπερ
235 1880 260 1907 εἰ
272 1879 358 1916 ἀρχὴν
372 1880 433 1916 ἔσχε
447 1880 495 1907 τοῦ
508 1877 587 1912 εἶναι,
597 1881 648 1908 οὐκ
661 1881 694 1908 ἂν
707 1878 741 1917 ἦν
749 1882 846 1917 ὁμοού-

56 1937 125 1959 σιος,
145 1926 234 1959 οὕτως
263 1927 324 1954 ἐπεὶ
348 1927 386 1963 μὴ
406 1927 486 1963 ἔσχεν
512 1927 600 1964 ἀρχὴν
620 1927 669 1964 τὴν
694 1928 721 1954 ἐν
747 1929 845 1964 χρόνῳ,

55 1975 135 2002 ἔσται
156 1974 264 2006 πάντως
281 1974 434 2008 ὀμοούσιος.

369 2109 421 2137 Kal
441 2108 538 2136 τοῦτο.

94 2170 206 2203 Ὠσπερ
221 2168 245 2193 οἱ
258 2167 290 2202 τῇ
305 2165 419 2201 ἀληθείᾳ
435 2165 595 2200 μαχόμενοι.
607 2161 693 2197 ἀρχὴν
709 2163 756 2189 καὶ
769 2162 847 2194 ’τέῖος

895 1649 938 1672 est
954 1643 1257 1678 capaxyimperi'ectum
1279 1641 1384 1669 censeri
1400 1641 1491 1672 debet,
1513 1648 1566 1667 non
1588 1643 1677 1666 autem

896 1690 1059 1725 perfectum.
1092 1689 1144 1717 Sed
1182 1689 1232 1716 hoc
1265 1688 1413 1716 absurdum
1450 1692 1494 1715 est
1521 1696 1527 1713 :
1559 1685 1680 1725 perfecta

896 1723 969 1763 enim
983 1741 1024 1762 est
1038 1735 1128 1762 Putris
1142 1735 1271 1762 essentia.
1296 1733 1435 1760 Generare
1449 1732 1534 1767 igitur
1550 1723 1603 1758 non
1627 1730 1680 1758 fuit

897 1782 974 1809 ineo
1000 1780 1193 1813 accessorium.
1222 1781 1268 1808 sed
1298 1779 1380 1807 infuit
1403 1780 1456 1807 hoc
1472 1779 1496 1806 ei
1517 1779 1550 1806 ab
1565 1782 1678 1809 aeterno,

899 1834 986 1862 neque
1000 1834 1121 1861 unquam
1139 1834 1198 1854 esse
1212 1827 1304 1862 capit.
1323 1825 1352 1853 Si
1368 1830 1458 1854 autem
1471 1833 1526 1852 non
1542 1824 1622 1858 coepit
1635 1831 1680 1859 ge-

897 1881 1005 1906 nerare.
1020 1878 1173 1901 coaeternus
1187 1881 1252 1908 ergo
1268 1877 1309 1900 est
1322 1873 1396 1901 Patri
1409 1872 1496 1900 Filius
1514 1880 1545 1898 ex
1564 1872 1621 1904 ipso
1631 1878 1680 1905 ge-

899 1919 981 1948 nitus.
997 1919 1034 1947 Et
1048 1919 1288 1954 quemadmodum,
1302 1918 1325 1946 si
1340 1918 1447 1945 initium
1467 1917 1615 1944 exsistendi
1631 1917 1680 1943 lia-

898 1967 1011 1998 lmisset,
1024 1973 1077 1993 non
1097 1969 1169 1992 esset
1191 1963 1433 1992 consubstantialis
1446 1962 1516 1989 Patri
1532 1972 1538 1989 :
1554 1963 1600 1994 ita.
1616 1962 1680 1996 quia

899 2021 951 2040 non
973 2013 1068 2040 habuit
1095 2013 1202 2040 initium
1228 2013 1253 2038 in
1281 2016 1415 2046 tempore,
1440 2009 1681 2038 consubstantialis

899 2059 1010 2086 omnino
1026 2058 1089 2086 erit.

1235 2101 1268 2129 Et
1283 2103 1347 2130 lia'c.

936 2162 1172 2197 Quemadmodum
1187 2161 1226 2189 illi
1242 2162 1287 2196 qui
1309 2161 1416 2188 veritati
1429 2167 1590 2196 repugnant,
1608 2161 1684 2195 prin-

53 2218 88 2250 τῇ
101 2215 155 2242 τοῦ
164 2213 229 2240 Υἱοῖ
240 2213 364 2246 γεννήσει
375 2211 570 2246 περιτιθέντες,
580 2209 756 2236 ἐκϐάλλουσιν
766 2208 846 2234 αὐτὸν

906 2212 1000 2246 cipiunt
1014 2215 1041 2237 et
1052 2209 1130 2236 linem
1144 2208 1313 2243 generationi
1328 2207 1386 2235 Filii
1401 2207 1582 2238 ascribentes,
1594 2208 1682 2241 ipsum

55 2265 107 2298 τῆς
119 2262 284 2298 ὁμοιότητος
295 2260 345 2295 τῆς
355 2259 423 2295 προς
440 2259 486 2285 τὴν
500 2257 703 2292 Γεγεννηκότα·
720 2255 791 2282 οὕτω
804 2255 851 2282 καὶ

56 2312 142 2346 ἡμεῖς
163 2307 225 2334 οὗτε
241 2306 408 2342 dim-humore
422 2305 496 2336 τέλος
510 2306 574 2338 περὶ
586 2303 636 2338 τὴν
650 2301 698 2329 τοῦ
717 2301 779 2328 Υἰοῦ
790 2301 851 2335 γέν-

55 2367 88 2393 νη
95 2365 139 2382 τιν
156 2354 383 2389 παραδεχόμενοι,
394 2353 559 2387 εἰσφέρομεν
575 2349 657 2377 αὺτδν
674 2349 714 2380 εἰς
728 2347 853 2382 ἀπαράλ-

54 2405 164 2430 λακτον
177 2401 324 2436 ὁμοιότητι
336 2400 383 2435 τὴν
398 2399 465 2434 προς
477 2400 523 2426 τδν
535 2396 652 2430 Πατέρα.
663 2394 699 2422 Τὸ
714 2394 742 2422 δὲ
757 2394 852 2429 ὅμοιον

42 2439 132 2478 [gat-ﬁ
151 2447 252 2479 πάντα,
269 2448 316 2474 καὶ
328 2445 481 2480 ὸμοοὺσιον.

375 2503 427 2530 Kal
445 2502 541 2530 τοῦτο.

94 2566 156 2592 Κιὶ
176 2563 233 2594 πῶς
259 2562 292 2589 ἂν
312 2561 429 2594 δύναιτο,
447 2560 525 2595 φησὶ,
541 2558 674 2593 ταυτότης
692 2556 786 2588 οὐσίας
808 2556 852 2583 Eat

57 2623 87 2641 τε
107 2611 220 2646 [12195,-
237 2610 284 2637 καὶ
305 2608 368 2635 Υἱοῦ
387 2606 532 2640 σώζεσθαι,
550 2605 576 2632 ετ
590 2613 622 2638 γε
646 2605 660 2631 ὁ
688 2604 737 2639 μὲν
760 2602 854 2638 Πατὴρ

58 2657 216 2694 ἀγέννη-ός
235 2658 305 2688 ἐστι,
323 2655 451 2690 γεννητδς
470 2653 498 2680 δὲ
519 2655 532 2679 ό
558 2652 638 2684 Υξό;;
661 2651 781 2685 Ἀνάγκη
800 2649 854 2684 γὰρ

58 2708 142 2734 πᾶσι
166 2705 256 2738 λέγειν
277 2703 307 2729 ἐν
324 2702 383 2728 οὐδε
399 2701 411 2727 ὶ
430 2700 630 2734 παραλλάττειν
656 2698 686 2724 τὺ
707 2697 855 2731 ἀγέννητον

57 2753 132 2787 πρὸς
151 2748 182 2776 τὸ
196 2747 334 2783 γεννητόν.
345 2747 374 2772 Εἰ
386 2746 413 2773 δὲ
426 2746 513 2777 τοῦτο,
523 2744 599 2771 οὐδὲν
615 2743 731 2770 κωλύσει
747 2741 794 2768 καὶ
807 2740 853 2766 τὸν

57 2797 182 2831 Πατέρα.
198 2794 326 2829 γ·ννητὶν
346 2790 416 2819 εἶναι
432 2791 523 2825 λέγειν
538 2792 585 2818 καὶ
598 2791 642 2817 τον
658 2789 722 2815 Υίὺν
739 2787 854 2821 ἀγέννη-

56 2852 120 2876 τον,
138 2841 191 2868 καὶ
206 2839 372 2874 συγκέχυται
388 2837 416 2865 to
437 2838 491 2863 πᾶν

902 2259 936 2286 ab
965 2255 1143 2285 similitudine
1164 2263 1225 2282 cum
1259 2254 1338 2281 Patre
1358 2254 1528 2281 excludunt:
1556 2254 1593 2281 ila
1623 2262 1684 2286 nos.

903 2312 990 2340 neque
1014 2302 1177 2338 principium
1203 2308 1291 2336 neque
1319 2301 1398 2327 linem
1426 2300 1609 2334 generationis
1624 2298 1684 2326 Filii

904 2353 1096 2383 agnoscentes,
1128 2346 1312 2374 omnimodam
1334 2346 1358 2372 ei
1384 2345 1593 2372 similitudinem
1622 2353 1682 2372 cum

902 2395 983 2423 Patre
1003 2394 1160 2422 tribuimus.
1179 2391 1258 2426 Quod
1274 2399 1337 2418 vero
1354 2398 1400 2426 per
1415 2389 1508 2417 omnia
1524 2390 1614 2417 simile
1629 2396 1682 2423 est,

905 2439 1142 2469 cansubstantiale
1157 2438 1238 2466 etiam
1253 2441 1305 2464 est.

1236 2493 1270 2520 Et
1287 2493 1352 2521 hac.

939 2555 997 2586 Quo
1011 2557 1090 2587 pacto
1106 2554 1192 2586 possit
1205 2551 1320 2581 servari,
1336 2549 1434 2584 inquit.
1451 2548 1580 2576 identitas
1592 2555 1687 2574 essen-

907 2599 949 2625 tia:
974 2598 1000 2624 in
1022 2597 1101 2624 Putre
1120 2601 1147 2623 et
1172 2596 1250 2626 Filio.
1277 2595 1298 2621 si
1318 2596 1399 2621 Pater
1414 2593 1523 2629 quidem
1552 2593 1688 2626 ingenitus

905 2649 956 2678 est,
972 2643 1059 2671 Filius
1081 2647 1172 2670 autem
1198 2641 1326 2677 genitus?
1348 2640 1538 2667 Necessarium
1556 2639 1628 2665 enim
1649 2643 1690 2663 est

906 2691 985 2725 plane
1004 2689 1083 2716 fateri
1103 2689 1175 2715 nulla
1197 2695 1229 2714 ex
1249 2692 1325 2722 parte
1343 2687 1443 2714 similia
1460 2693 1521 2712 esse
1539 2684 1688 2718 ingenitum

906 2742 931 2763 ct
945 2735 1077 2769 genitum.
1092 2733 1127 2761 At
1140 2735 1162 2760 si
1179 2732 1277 2760 similia
1292 2736 1364 2765 sunt,
1383 2731 1451 2758 nihil
1469 2730 1604 2757 obstiterit
1620 2736 1688 2762 quo-

907 2782 997 2809 minus
1022 2785 1049 2808 et
1077 2780 1184 2807 Patrum
1208 2779 1340 2814 genitum,
1367 2782 1394 2804 et
1421 2776 1519 2804 Filium
1537 2776 1688 2810 ingenitum

909 2827 1074 2863 appellemus
1090 2827 1236 2861 omniaque
1252 2823 1459 2853 confundamus.
