1891 3076
199 118 252 148 679

534 173 569 200 Et
585 173 650 201 hac.

232 225 282 258 Qui
309 225 365 252 haec
390 223 425 250 ita
453 223 579 258 imperite
600 222 705 256 objicit,
729 221 847 249 vicissim
871 228 886 248 a
911 220 988 248 nobis
1003 222 1023 249 Α

195 272 288 299 audiet
304 280 310 298 :
326 271 384 304 Quo
406 275 485 304 pacto
505 277 558 296 non
583 269 669 303 possit
682 268 784 295 servari
801 268 928 295 identitas
944 275 987 295 es-

195 318 290 345 sentia:
306 318 332 344 in
347 317 429 344 Patre
442 321 470 343 et
484 315 563 346 Filio,
580 316 600 342 si
617 315 700 342 Filius
720 320 761 342 est
776 314 864 348 imago
889 313 986 346 Patris,

195 369 223 390 ct
243 364 269 390 in
288 363 378 397 seipso
396 361 515 388 ostendit
534 360 659 387 Patrem?
673 359 844 386 Manifestum
859 359 930 386 enim
946 363 987 387 est

196 416 223 438 et
239 411 272 436 ab
290 410 416 436 omnibus
433 408 595 439 admissum,
623 407 757 435 nemiuem
779 406 806 433 in
821 406 872 433 alia
890 412 987 433 natura

196 457 277 483 aliam
296 463 429 486 cernere;
454 461 541 488 neque
563 453 706 488 quisquam
726 453 816 480 dicere
835 452 920 486 possit
938 459 985 484 se,

198 510 258 530 cum
275 509 373 536 equum
391 501 497 533 viderit,
511 501 649 527 hominum
664 498 782 534 aliquem
797 499 905 526 vidisse.
919 497 984 524 Nam

197 550 223 576 in
245 549 277 576 iis
292 557 351 583 quae
371 548 490 583 ejusdem
508 552 610 574 naturae
633 550 696 573 sunt
709 545 807 572 similia
825 545 906 573 etiam
926 552 986 571 cer-

197 600 313 628 nuntur,
327 602 378 621 non
396 595 421 620 in
437 594 470 621 iis
492 601 553 628 qum
575 592 646 619 inter
667 599 696 619 se
710 591 862 624 dissident,
880 591 996 627 ratione

197 642 269 668 modi
290 649 343 675 quo
360 641 505 667 exsistunt.
521 639 550 666 Si
575 646 638 673 ergo
653 638 775 672 Philippo
797 637 915 672 cupienti
934 636 985 663 Pu-

196 694 264 716 trem
291 689 382 715 videre
412 686 539 714 Christus
567 685 686 719 scipsum
714 684 841 715 ostendit,
871 683 982 710 dicens:

197 745 207 761 ε
225 735 275 768 Qui
302 735 368 761 vidit
388 741 441 765 me,
457 733 526 760 vidit
549 736 576 759 et
599 730 726 758 Patrem‘
747 739 754 763 ;
775 739 783 756 ι
809 737 919 761 necesse
943 735 983 757 cst

194 780 306 808 onmino
328 784 358 806 ut
381 779 501 813 ejusdem
523 777 648 804 essentia:
663 776 785 803 dicamus
806 783 865 802 esse
885 775 982 802 Filium

195 834 257 853 cum
275 825 367 858 Putre,
385 829 414 851 ut
435 824 621 852 omnimodaiu
640 822 783 858 imaginem
798 827 826 850 et
842 822 982 850 characte-

195 879 252 899 rem
265 879 321 900 sum
336 871 525 906 hypostaseos.

524 916 557 945 Et
576 917 642 945 lucc.

229 967 269 1000 Si,
288 965 513 1001 quemadmodum
527 972 576 992 vos
589 972 723 998 errantes,
749 969 776 992 et
802 965 829 991 in
861 971 982 992 errorem

194 1012 262 1040 alios
273 1012 437 1039 adducentes
449 1010 608 1046 opinamini,
624 1019 679 1038 non
700 1019 733 1038 ex
748 1010 867 1038 essentia
896 1009 983 1037 Patris

194 1060 279 1087 Filius
303 1059 413 1094 prodiit,
441 1058 489 1086 sed
524 1057 704 1090 extrinsecus,
739 1063 780 1085 est
809 1062 898 1085 autem
927 1057 984 1091 ipse

196 1106 328 1142 sapientia
345 1110 373 1133 et
386 1105 509 1140 potentia
524 1104 626 1138 Patris,
641 1104 724 1131 Pater
750 1109 847 1131 natura
863 1111 913 1131 nec
941 1111 985 1137 sa-

196 1155 283 1188 piens,
299 1161 349 1182 nec
362 1159 457 1189 potens
471 1158 522 1187 est,
533 1153 556 1182 si
568 1154 726 1189 quidem,ut
741 1161 854 1181 erronee
869 1155 983 1189 putatis.

198 1200 298 1227 Filium
312 1201 486 1228 extrinsecus
500 1200 640 1234 produxit,
665 1201 712 1235 qui
730 1205 772 1228 est
793 1201 851 1235 ejus
869 1201 986 1236 sapien-

196 1246 234 1273 tia
253 1251 280 1273 et
296 1247 428 1281 potentia.
447 1247 483 1274 At
499 1246 580 1274 Pater
603 1251 700 1274 natura
713 1246 830 1282 sapiens,
848 1252 875 1274 et
890 1253 986 1283 potens

195 1296 249 1325 est,
262 1291 360 1319 Filiqu
375 1292 456 1328 igitur
466 1300 500 1320 ex
517 1292 602 1320 Patris
615 1293 779 1326 essentia,et
796 1293 898 1320 idcirco
912 1293 985 1328 ejus—

196 1337 257 1366 dem
272 1338 353 1370 etiam
367 1338 493 1366 essentia:
506 1345 568 1366 cum
582 1338 628 1366 illo
644 1346 716 1372 esse,
730 1346 841 1368 necesse
860 1345 901 1367 est
916 1347 983 1367 con—

197 1383 279 1411 (lteri.

198 1428 233 1456 Et
258 1434 375 1464 quatuor
393 1430 530 1464 sequentia
554 1431 643 1464 capita
669 1430 772 1458 Filium
798 1439 853 1458 esse
881 1431 984 1458 demon-

325 1469 412 1491 strant
428 1465 546 1500 ejusdem
562 1466 683 1493 essentia:
695 1474 754 1493 cum
770 1466 860 1493 Patre.

236 1508 266 1536 In
281 1509 349 1545 lege,
365 1510 464 1545 inquit,
476 1514 566 1538 vestra
578 1510 711 1546 scriptum
725 1515 768 1538 est
781 1520 787 1538 :
806 1511 923 1538 Duorum
942 1511 988 1545 h9-

664 114 849 144 l‘ANOl‘LlA
875 112 1105 143 DOGMATICA.
1122 125 1154 131 —
1167 112 1241 143 ΤΙΤ.
1262 112 1312 144 Xl.

1771 108 1819 141 050

1340 173 1393 200 Kal
1414 171 1513 200 τοῦτο.

1080 222 1108 249 '0
1124 221 1211 248 ταῦτα
1227 221 1378 257 προτείνων
1399 220 1515 256 ἀμαθῶς
1525 240 1532 252 ,
1548 220 1745 247 ἀντακούσεται
1763 221 1822 255 παρ’

1038 268 1116 303 ἡμῶν
1126 276 1133 282 ·
1154 268 1208 294 Καὶ
1225 267 1283 299 πῶς
1297 267 1330 294 ἂν
1345 266 1453 293 δύναιτο
1466 266 1598 301 ταυτότης
1608 267 1701 297 οὐσίας
1719 265 1759 301 μὴ
1774 266 1821 292 σώ-

1037 316 1132 348 ζεσθαι
1154 316 1199 343 ἐπι
1226 325 1256 342 τε
1276 316 1382 351 Πατρὸς
1400 317 1447 343 καὶ
1465 316 1545 349 Υίοῦ,
1564 316 1634 351 εἴγε
1654 317 1700 343 τοῦ
1719 318 1823 352 Πατρὶς
1877 316 1878 344 i

1037 362 1118 389 εἰκών
1133 362 1206 389 ἐστιν
1220 363 1234 388 ὁ
1247 362 1320 395 Υἱὸς,
1332 363 1378 389 καὶ
1394 363 1423 389 ὲν
1438 363 1527 398 ἐαυτῷ
1537 363 1656 389 δείκνυσι
1675 363 1719 389 τὸν
1738 364 1823 390 Πατέ-

1039 417 1088 443 pst;
1105 407 1224 443 Εὔδηλον
1237 408 1291 444 γὰρ
1308 408 1338 443 δή
1357 408 1456 435 πουθέν
1474 409 1532 434 ἐστι
1560 409 1607 434 καὶ
1625 409 1707 434 πᾶσιν
1731 409 1823 443 ὁμολα

1036 455 1179 490 γούμενον,
1194 453 1232 486 ὡς
1246 455 1332 486 οὐδεὶς
1345 455 1374 480 ὲν
1393 454 1476 489 ἑτέρᾳ
1494 454 1572 488 φύσει
1592 454 1640 489 τὴν
1654 454 1753 489 ἑτέραν
1767 454 1824 488 διξε-

1036 510 1080 528 ται
1092 509 1098 516 ·
1113 501 1167 527 οὐδ’
1181 501 1213 528 ἄν
1231 509 1273 532 τις
1297 500 1354 535 ἔχοι
1369 498 1458 534 λέγειν
1485 499 1567 526 ἵππον
1581 499 1721 535 ἑωρακὼς,
1742 501 1784 526 ὅτι
1795 501 1822 535 δή

1034 555 1095 573 τινα
1107 545 1161 572 τῶν
1175 545 1326 582 ἀνθρώπων
1336 545 1473 572 τεθέαται.
1489 545 1533 572 Ὲν
1544 545 1598 581 γὰρ
1613 547 1668 577 τοῖς
1677 546 1822 580 ὁμοφυέςιν

1035 594 1051 629 ἡ
1064 594 1118 620 τῶν
1134 593 1234 628 ὁμοίων
1246 592 1394 625 ἀπόδειξις,
1407 592 1457 618 οὐκ
1468 592 1497 618 ὲν
1510 593 1566 623 τοῖς
1585 592 1705 627 ἀλλήλων
1716 592 1821 627 διεστη-

1035 640 1105 672 κόσι,
1122 639 1190 667 κατὰ
1205 639 1249 667 τὸν
1259 639 1306 666 τοῦ
1318 639 1378 670 πῶς
1386 637 1454 665 εἶναι
1462 639 1549 673 λόγον.
1563 639 1593 665 El
1603 639 1691 666 τοίνυν
1700 638 1821 674 ζητοῦντι

1034 685 1073 721 τῷ
1087 685 1212 720 Φιλίππῳ
1239 684 1285 711 τὸν
1312 685 1423 719 Πατέρα
1450 683 1634 716 ίδεῖν,ἑαυτδν
1661 685 1822 711 ἐπιδεικνύει

1034 731 1161 767 Χριστὸς,
1172 730 1275 764 λέγων·
1294 739 1304 755 ι
1327 730 1356 756 '0
1373 729 1503 765 ἑωρακὼς
1514 729 1571 764 ἐμὲ,
1591 729 1697 765 ἑώρακε
1711 730 1761 756 τὶν
1772 731 1822 756 Πα-

1035 777 1111 812 τέρα,
1128 786 1137 802 ι
1153 777 1260 811 ἀνάγκη
1276 777 1351 803 πᾶσα
1367 776 1416 811 τῆς
1429 776 1513 812 αὐτῆς
1536 776 1627 808 οὐσίας
1644 773 1713 802 εἶναι
1734 776 1822 810 λέγειν

1036 824 1082 850 τὸν
1095 823 1159 850 Υίὸν
1171 823 1209 858 τῷ
1221 823 1318 858 Πατρὶ,
1334 822 1371 854 ὡς
1388 823 1595 857 ἀπαράλλακτον
1608 822 1699 850 εἰκόνα
1713 823 1764 849 καὶ
1778 832 1822 858 χα-

1038 871 1163 906 ρακτῆρα
1173 870 1222 905 τῆς
1235 870 1410 909 inconditam;
1423 869 1517 896 αὑτοῦ.

1339 918 1393 944 Καὶ
1424 918 1524 945 τοῦτο.

1072 963 1115 996 Ei,
1128 963 1254 998 καθάπερ
1267 964 1345 996 ὑμεῖς
1358 965 1447 991 οἴεσθε
1460 965 1616 997 πλανῶντες
1625 965 1671 992 καὶ
1680 965 1825 1001 πλανώμε-

1036 1018 1088 1043 νοι,
1106 1010 1156 1036 οὐκ
1171 1011 1202 1036 ἐκ
1218 1011 1266 1045 τῆς
1279 1011 1372 1042 οὐσίας
1388 1011 1436 1037 τοῦ
1453 1011 1558 1047 Πατρὸς
1575 1011 1712 1047 προῆλθεν
1725 1012 1739 1038 ὁ
1752 1013 1824 1044 Υἱὸς,

1038 1057 1141 1092 ὑπέστη
1155 1057 1183 1083 δὲ
1198 1057 1308 1090 ἔξωθεν,
1321 1057 1368 1084 καὶ
1378 1057 1452 1085 ἐστιν
1467 1058 1547 1090 αὐτὸς
1563 1059 1579 1094 ή
1594 1059 1674 1094 σοφία
1686 1059 1736 1086 καὶ
1749 1060 1826 1086 δύνα-

1039 1111 1086 1137 μις
1117 1102 1165 1129 τοῦ
1198 1103 1314 1138 Πατρὺς,
1341 1102 1403 1131 οὔτε
1436 1105 1519 1139 σοφὸς
1545 1106 1616 1132 κατὰ
1645 1105 1729 1140 φύσιν
1755 1106 1826 1133 ἐστίν

1038 1150 1052 1176 ὁ
1067 1149 1162 1185 Πατὴρ
1172 1169 1180 1181 .
1194 1149 1256 1176 οὔτε
1272 1151 1326 1186 μὴν
1339 1150 1450 1183 δυνατὸς
1460 1173 1467 1185 ,
1484 1152 1511 1178 ετ
1526 1161 1557 1186 γε
1571 1152 1642 1179 κατὰ
1655 1153 1706 1188 τὴν
1721 1154 1826 1188 ἀμαθε-

1041 1195 1142 1231 στάτην
1154 1195 1231 1231 ὑμῶν
1244 1196 1378 1232 πρότασιν
1389 1197 1489 1230 ἔξωθεν
1503 1197 1638 1233 ὑπέστησε
1653 1197 1701 1224 τὸν
1717 1198 1793 1231 Υἰδν,
1803 1198 1829 1229 ὃς

1040 1242 1114 1269 ἐστιν
1130 1242 1205 1278 αὐτῷ
1220 1243 1301 1277 σοφία
1319 1243 1367 1270 καὶ
1378 1243 1504 1279 δύναμις.
1527 1244 1595 1271 Ἀλλ’
1611 1244 1670 1271 ἐστι
1685 1245 1761 1272 κατά
1781 1245 1830 1279 9:5-

1041 1297 1083 1316 σιν
1105 1289 1186 1324 σοφός
1205 1297 1235 1316 τε
1257 1289 1306 1315 καὶ
1327 1289 1450 1322 δυνατός.
1474 1290 1594 1326 Ἀνάγκη
1621 1292 1697 1318 πᾶσα
1714 1292 1766 1318 καὶ
1787 1292 1831 1318 τὸν

1041 1336 1104 1363 Υίδν
1123 1336 1156 1363 ὲκ
1169 1335 1219 1371 τῆς
1237 1335 1285 1362 τοῦ
1304 1335 1410 1372 [ἰατρὸς
1429 1336 1522 1368 οὐσίας
1538 1335 1608 1364 εἶναι
1628 1337 1734 1372 λέγειν.
1755 1339 1787 1366 El
1805 1339 1832 1366 δὲ

1040 1384 1130 1416 τοῦτο,
1150 1377 1196 1410 ἰαὶ
1214 1383 1370 1418 ὁμοούσιος.

1042 1429 1095 1456 Kal
1113 1430 1149 1457 τὰ
1162 1431 1392 1468 ὑποτεταγμένα
1410 1431 1435 1458 δ’
1449 1432 1596 1468 κεφάλαια
1611 1431 1674 1464 τοῖς
1683 1432 1750 1459 ἅνω
1759 1440 1834 1468 συμ-

1180 1466 1358 1501 φθέγνονται
1370 1467 1437 1500 περὶ
1448 1467 1501 1494 τοῦ
1513 1468 1690 1501 ὀμοουσίου.

1121 1511 1166 1538 Ἐν
1181 1511 1221 1546 τῷ
1236 1511 1448 1547 νόμῳ,φησὶ,τῷ
1465 1513 1589 1548 ὗμετέρω
1604 1512 1779 1548 γέγραπται,
1798 1515 1835 1541 ὅτι

202 1556 303 1582 miuum
319 1556 502 1583 testimonium
524 1565 580 1584 esse
603 1565 705 1584 verum.
729 1556 839 1584 Deinde-
855 1555 968 1591 subjicit
985 1569 988 1586 :

1080 1565 1092 1583 ο
1103 1557 1276 1593 ἀνθρώπωνὴ
1292 1556 1430 1593 μαρτυρία
1439 1558 1539 1593 ἀληθής
1549 1560 1632 1586 ἐστιν.
1645 1557 1714 1586 Εἶτα
1726 1560 1835 1594 ἐπάγει,

200 1601 258 1637 Ego
273 1611 342 1636 sum,
366 1603 412 1637 qui
432 1604 611 1630 testimonium
631 1604 752 1638 perlu'beo
770 1603 802 1630 de
817 1611 857 1630 me
876 1603 944 1635 ipso,
967 1608 991 1630 et

201 1649 380 1676 testimonium
405 1649 520 1685 perhibet
543 1648 576 1676 de
599 1657 650 1682 me,
672 1649 718 1684 qui
732 1649 805 1676 misit
827 1657 878 1681 me,
897 1648 991 1676 Pater.

203 1694 351 1730 Imaginem
368 1694 452 1729 igitur
465 1699 630 1722 contuentes
649 1701 832 1729 agnoscemus
853 1695 993 1730 exemplar

199 1739 272 1775 ejus.
286 1739 419 1773 Duorum,
434 1740 532 1775 inquit,
548 1739 684 1766 hominum
702 1740 884 1766 testimonium
903 1748 992 1767 verum

200 1791 251 1820 est,
265 1786 383 1814 duorum
400 1791 490 1814 autem
511 1786 655 1813 hominum
676 1790 802 1813 naturam
821 1790 886 1815 esse
910 1794 992 1814 unam

202 1841 299 1861 omnes
318 1834 494 1861 conﬁtentur.
511 1833 604 1866 Quare
619 1833 706 1861 Patris
721 1837 748 1861 et
765 1832 827 1860 Filii
843 1834 992 1861 essentiam

202 1886 264 1906 esse
279 1886 361 1905 unam
385 1886 482 1906 omnes
505 1885 657 1913 agnoscere
674 1884 790 1910 DOSSUN.
808 1883 836 1906 et
858 1879 994 1907 conﬁteri.

204 1924 283 1953 Sicut
294 1925 368 1953 enim
385 1925 442 1952 illic
452 1925 507 1952 duo
519 1925 656 1958 homines,
670 1926 708 1953 ita
719 1925 764 1953 hic
777 1925 862 1958 Deus,
873 1932 899 1953 et
913 1925 994 1958 Deus,

173 1983 182 1987 -
203 1970 285 1998 Pater
300 1975 327 1999 et
344 1971 442 2004 Filius,
455 1971 502 2006 qui
518 1971 586 2006 ipsis
599 1972 682 1998 etiam
699 1971 857 1999 hominibus
871 1971 994 1998 eamdem

204 2022 332 2046 naturam
351 2018 511 2045 Ostendunt.
537 2016 630 2052 Neque
657 2018 731 2045 enim
753 2010 837 2046 verus
856 2016 928 2045 Deus
953 2018 993 2045 di-

204 2072 312 2093 versam
335 2072 351 2092 a
374 2072 440 2092 vero
454 2064 510 2092 Deo
526 2069 652 2092 naturam
672 2065 783 2097 habeat,
806 2072 894 2098 neque
908 2063 996 2093 Filius

204 2112 240 2139 ab
255 2111 302 2139 illo
312 2111 491 2143 diﬂ'erentem,
508 2118 571 2138 cum
589 2111 636 2139 Dei
654 2111 690 2139 sit
711 2110 808 2139 Filius.
825 2111 872 2138 His
895 2111 996 2138 auditis

204 2156 292 2185 Judaei
319 2157 524 2193 quaesiverunt:
550 2156 600 2184 Ubi
620 2162 660 2185 est
685 2156 768 2184 Pater
788 2158 871 2185 tuus?
891 2157 997 2190 Quibus

207 2204 346 2239 respondit
371 2204 454 2232 Jesus
476 2213 483 2232 :
508 2203 600 2240 Neque
619 2213 660 2231 me
674 2205 770 2237 nostis,
789 2212 869 2238 neque
889 2203 995 2231 Patrem

208 2258 305 2277 meum.
328 2249 358 2277 Si
379 2258 418 2277 me
440 2251 593 2283 uaviuetts,
617 2256 642 2278 et
664 2250 773 2277 Patrem
795 2258 881 2276 meum
907 2251 997 2284 utique

206 2297 403 2331 cogitat-issem.

246 2343 341 2371 Videte
358 2350 454 2370 rursus
477 2342 615 2376 quomodo
635 2342 699 2370 hinc
721 2343 996 2371 consubstantialitas

209 2391 426 2419 demonstratur.
445 2389 472 2416 Si
489 2396 541 2423 me,
559 2389 658 2424 inquit,
676 2389 792 2424 sciretis,
808 2389 916 2416 Patrem
929 2396 999 2424 quo-

209 2444 264 2472 quo
279 2443 370 2462 rneum
388 2435 508 2462 sciretis.
523 2435 559 2462 At
581 2443 644 2462 vero
659 2443 692 2462 ex
709 2443 742 2463 eo
767 2436 839 2469 quod
857 2435 997 2462 diversum

209 2487 252 2510 est
266 2488 375 2512 natura,
388 2481 503 2508 alterum
522 2481 586 2508 item
603 2481 765 2509 naturaliter
785 2482 924 2509 diversum
944 2488 998 2507 non

209 2527 391 2563 dignoscitur.
416 2526 541 2562 Namque
576 2527 665 2555 aliena
687 2523 851 2556 invicem'ct
866 2533 997 2556 extranea

210 2576 328 2603 invicem
341 2581 395 2601 non
405 2574 597 2603 demonstrant
609 2584 616 2603 :
627 2577 675 2604 sed
686 2582 791 2605 naturae
802 2576 998 2605 communione

211 2622 370 2657 conjuncta,
386 2629 419 2649 ex
436 2621 566 2650 alterutro
581 2628 742 2651 noscuntur.
758 2623 798 2651 Ex
818 2632 872 2652 uno
886 2623 999 2650 homine

213 2669 369 2711 unit'ersam
387 2667 529 2696 hominum
546 2674 672 2697 naturam
692 2677 861 2705 cognoscere
874 2669 953 2703 licet;
971 2673 999 2696 et

211 2723 246 2743 ex
263 2722 317 2742 una
331 2721 382 2743 ove
398 2714 555 2744 universum
573 2717 664 2745 ovium
681 2725 768 2752 genus
789 2725 797 2744 :
816 2724 871 2743 non
903 2719 996 2743 tamen

252 2807 258 2820 '
275 2805 353 2832 Joan.
376 2814 431 2839 λιν,
444 2806 470 2835 9.

1049 1602 1124 1637 Ἐγώ
1135 1604 1194 1637 είμι
1207 1604 1224 1630 ὁ
1233 1603 1394 1637 μαρτυρῶν
1405 1604 1472 1638 περὶ
1486 1605 1616 1638 ἐμαυτοῦ
1626 1607 1678 1633 καί
1684 1607 1840 1642 μαρτυρεῖ

1043 1649 1110 1683 περὶ
1123 1649 1195 1684 ἐμοῦ
1207 1651 1224 1676 ὁ
1234 1649 1356 1684 πέμψας
1365 1658 1404 1685 με
1416 1650 1527 1684 Πατήρ.
1548 1651 1771 1686 Ἀποὸλέψαντες
1785 1654 1838 1680 τοίη

1044 1703 1091 1721 νυν
1113 1695 1154 1727 εἰς
1177 1696 1226 1731 τὴν
1247 1696 1349 1727 είκόνα,
1376 1696 1519 1731 νοήσωμεν
1541 1696 1572 1723 τὸ
1593 1698 1764 1732 ἀρχέτυπον.
1791 1699 1847 1726 Δίῃ,

1044 1741 1298 1777 φησὶν,ἀνθρώπων
1311 1743 1335 1777 ’ἡ
1354 1742 1492 1777 μαρτυρία
1511 1742 1614 1778 ἀληθής
1636 1744 1709 1770 ἐστι.
1733 1744 1798 1770 Τῶν
1814 1744 1840 1770 δὲ

1044 1786 1090 1813 δύο
1116 1786 1269 1821 ἀνθρώπων
1288 1788 1305 1823 ἠ
1329 1787 1408 1821 φύσις
1436 1788 1485 1823 μία
1509 1788 1630 1823 δηλονότι
1651 1790 1731 1824 παρὰ
1759 1791 1841 1817 πᾶσιν

1045 1832 1228 1868 ὡμολόγηται.
1249 1833 1354 1860 Οὐκοῦν
1371 1833 1477 1869 [ἰατρὸς
1494 1835 1541 1861 καὶ
1563 1834 1628 1861 Υἱοῦ
1648 1836 1664 1870 ή
1681 1836 1767 1863 οὐσία
1794 1837 1842 1871 μία

1046 1879 1077 1904 ὲκ
1095 1878 1145 1913 τῆς
1160 1878 1263 1910 είκόνος
1278 1879 1444 1914 νοηθήσεταί
1461 1888 1491 1905 τε
1525 1880 1571 1906 καὶ
1587 1881 1841 1917 ὁμολογηύήσετιι.

1046 1923 1154 1958 Ὥσπερ
1166 1925 1219 1960 γὰρ
1235 1926 1293 1951 ἐκεῖ
1305 1925 1352 1951 δύο
1365 1925 1514 1960 ἄνθρωποι,
1529 1925 1615 1957 οὕτως
1626 1927 1751 1954 ἐνταῦθα
1765 1928 1840 1959 Θεὸς,

1046 1970 1092 1997 καὶ
1107 1970 1183 2004 Θεὸς,
1203 1971 1308 2006 Πατὴρ,
1328 1973 1375 1998 καὶ
1391 1971 1464 2004 Υἱὸς,
1484 1973 1531 1998 καὶ
1545 1972 1638 2003 αὐτοῖς
1652 1974 1712 2005 τοῖς
1727 1974 1843 2009 ὀνόμασι

1045 2019 1188 2054 δηλοῦντες
1219 2019 1268 2053 τῆς
1291 2018 1399 2051 φύσεως
1426 2018 1475 2054 τὴν
1503 2018 1666 2054 ταυτότητα.
1686 2019 1761 2046 οὔτε
1791 2022 1843 2055 γὰρ

1046 2067 1060 2092 ὁ
1086 2065 1193 2099 ἀληθῶς
1215 2064 1282 2096 Θεὸς
1304 2064 1402 2100 ἑτέρας
1428 2064 1462 2090 ἂν
1487 2065 1529 2099 εἴη
1560 2064 1667 2099 φύσεως
1692 2067 1774 2102 παρὰ
1800 2068 1843 2092 τὶν

1046 2111 1134 2145 ἀληθῆ
1157 2111 1234 2145 Θεὸν,
1250 2111 1311 2138 οὔτε
1329 2113 1343 2137 ὁ
1363 2110 1426 2142 Υἱὸς
1448 2111 1533 2146 ἀλλης
1553 2112 1618 2146 παρ’
1641 2112 1751 2140 ἐκεῖνον
1776 2113 1843 2139 Θεοῦ

1048 2159 1179 2193 ὑπάρχων
1205 2158 1278 2190 Υίὸς.
1309 2157 1418 2184 Τούτων
1449 2157 1616 2189 ἀκούσαντες
1644 2158 1670 2184 οἱ
1709 2159 1844 2190 Ἰουδαῖος,

1048 2205 1193 2239 ἠρώτησαν
1204 2204 1297 2234 αὑτὸν.
1308 2203 1370 2230 Ποῦ
1381 2203 1467 2230 ἐστιν
1477 2202 1605 2240 ὁηΠατήρ
1614 2210 1673 2229 σου
1680 2211 1690 2235 ;
1703 2205 1843 2240 ἀπεκρίθη

1049 2251 1138 2277 τοίνυν
1153 2252 1166 2277 ὁ
1185 2250 1298 2285 Ἰησοῦς,
1312 2251 1386 2278 Οὔτε
1396 2250 1450 2285 ἐμὲ
1459 2250 1571 2281 οἴδατε,
1581 2249 1649 2276 οὔτε
1660 2250 1717 2277 τὸν
1728 2252 1846 2285 [Ιατέιά

1048 2305 1118 2331 μου.
1132 2298 1166 2323 Et
1177 2296 1229 2330 ἐμὲ
1240 2296 1349 2331 ᾔδειτε,
1363 2297 1412 2323 καί
1423 2297 1477 2323 τὸν
1487 2295 1601 2330 Πατέρα
1611 2304 1670 2331 μου
1682 2296 1789 2331 ᾔδειτε
1799 2299 1845 2324 ἀι·-

1092 2342 1190 2378 Ὀρᾶτε
1200 2344 1282 2370 πάλιν
1293 2343 1351 2375 πῶς
1361 2343 1486 2370 ἐντεῦθεν
1496 2343 1526 2370 τὸ
1535 2343 1678 2378 ὁμοούσιον
1689 2343 1846 2370 Sciant-ant-

1054 2391 1085 2416 Εἰ
1099 2390 1149 2424 ἐμὲ
1162 2390 1227 2424 γὰρ,
1237 2392 1330 2425 φησιν,
1338 2390 1436 2425 ᾔδειτε,
1446 2390 1493 2417 καὶ
1506 2389 1552 2417 τὸν
1563 2389 1673 2424 Πατέρα
1686 2398 1743 2424 μου
1757 2391 1847 2426 ᾔδειτε

1051 2436 1084 2463 ἄν
1094 2443 1102 2451 ⁸
1120 2437 1152 2463 ἐκ
1168 2437 1196 2463 δὲ
1211 2436 1258 2463 τοῦ
1272 2436 1443 2471 ἑτεροουσίου
1458 2436 1488 2463 τὸ
1503 2435 1675 2470 ὲτεροούσιον
1689 2436 1724 2461 οὺ
1743 2445 1847 2470 γνωρλο

1051 2485 1126 2516 ζεται
1137 2492 1145 2500 ⁵
1164 2484 1198 2510 τὰ
1215 2484 1269 2519 γὰρ
1285 2484 1423 2518 ἀλλόφυλα
1440 2483 1487 2510 καὶ
1505 2482 1715 2517 ξένα,ἀλλήλων
1727 2484 1780 2509 οὐκ
1795 2485 1847 2509 εἰεί

1051 2529 1205 2565 δηλωτικά·
1232 2529 1266 2556 τὰ
1286 2530 1315 2555 δὲ
1335 2529 1444 2563 φύσεως
1459 2530 1649 2560 κοινωνοῦντα,
1664 2528 1698 2554 δι’
1717 2530 1846 2563 ἀλλήλων

1049 2575 1214 2611 γινώσκεται
1228 2584 1235 2590 ·
1256 2575 1289 2602 δι’
1303 2575 1362 2606 ἐνὸς
1379 2575 1429 2609 μὲν
1443 2575 1589 2610 ἀνθρώπου
1605 2575 1695 2602 πᾶσαν
1713 2576 1772 2602 τῶν
1800 2580 1847 2603 ἀτ-

1049 2621 1106 2656 θρώ
1113 2629 1168 2648 πων
1182 2622 1232 2655 τὴν
1252 2620 1333 2655 φύσιν
1349 2620 1413 2647 ἰδεῖν
1428 2616 1565 2647 ἐστι’λκαὶ
1581 2620 1615 2646 δι’
1629 2620 1689 2650 ἑνὸς
1702 2621 1847 2655 προϐάτου

1050 2667 1104 2694 τῶν
1118 2666 1261 2701 προϐάτων
1276 2665 1350 2693 ἀπαν
1363 2666 1394 2692 τὸ
1407 2665 1485 2700 γένος
1497 2673 1503 2680 ·
1518 2665 1548 2692 οὺ
1567 2665 1621 2700 μὴν
1636 2665 1680 2691 διὰ
1695 2666 1849 2699 προϐάτων

1050 2713 1111 2745 τοὺς
1127 2712 1319 2745 λέονταςνοὺδὲ
1334 2711 1379 2739 διὰ.
1395 2711 1510 2738 λεόντων
1524 2711 1557 2738 τὰ
1575 2711 1709 2745 πρόϐατα,
1724 2711 1784 2738 οὐδ’
1802 2715 1850 2745 ἀτ-
