1891 3076
55 144 98 174 [58)

512 148 702 179 PANUPLIA
723 148 954 179 DOGMATICA.
966 161 1000 166 —
1017 149 1093 179 'l‘lT.
1115 147 1182 178 ΧΗ.

1602 150 1655 181 690

55 214 92 240 καὶ
102 211 284 246 ἑπιμίσγοντες
294 210 362 245 αὐτῇ
372 209 513 245 ἀλλοτρίαν
531 211 576 236 καὶ
587 210 721 245 ἑτεροειδῆ
732 210 821 245 φύσιν,

874 214 944 249 plius
959 221 1038 241 unam
1053 213 1080 240 in
1095 213 1229 240 Trinitate
1246 217 1356 241 servant
1373 214 1554 247 divinitatem,
1573 223 1655 250 quam

54 259 154 289 καὶτοῖς
182 257 311 292 κτίσμασι
342 255 544 288 συνεξισοῦντες
569 256 672 290 αὐτήν;
699 255 782 281 Τοῦτο
796 255 824 282 δὲ

53 304 122 330 πάλιν
136 302 222 330 οὐκέτι
234 302 264 328 ἓν
279 300 347 328 εἶναι
357 302 476 329 δείκνυσι
501 301 550 337 τὴν
561 301 674 337 Τριάδα,
700 301 770 329 ἀλλὰ
792 302 824 328 ὲκ

52 350 90 375 δύο
103 349 144 375 καὶ
154 348 287 383 διαφόρων
304 348 412 383 φύσεων
430 347 611 383 συγκειμένην
628 348 721 382 αὐτὴν,
735 347 779 374 διὰ
794 347 825 373 τδ

52 395 202 430 ὲτεροούσιον
229 393 275 420 τοῦ
302 392 471 428 Πνεύματος,
487 394 524 425 ὡς
543 393 619 420 αὐτοὶ
646 394 750 425 ἑαυτοῖς
762 394 824 420 ἀνε-

52 440 183 466 πλάσαντο.
281 438 350 465 Ποία
371 437 418 465 οὖν
430 438 500 474 αὕτη
513 438 635 472 θεολογία
650 439 681 464 ἐκ
693 439 823 474 δημιουρ-

52 487 92 521 γοῦ
113 486 155 513 καὶ
178 485 328 521 κτίσματος
356 485 539 521 συγκειμένη;
557 485 592 511 ’Ἡ
612 485 667 521 γὰρ
691 486 721 512 οὐ
741 485 825 521 Τριάς

51 534 123 562 ἐστιν,
137 531 203 558 ἀλλὰ
216 532 292 563 δυὰς,
305 532 351 558 καὶ
365 531 457 558 λοιπὸν
471 532 488 566 ὴ
498 530 595 564 κτίσις,
607 531 634 566 ἢ,
644 531 668 557 εί
741 531 825 566 Τριάς

51 578 221 613 ὲπιν,ὦσπερ
237 575 283 605 οὖν
299 578 346 605 καί
356 579 427 609 ἐστι,
445 578 503 608 πῶς
515 578 571 608 τοῖς
587 577 656 612 μετὰ
668 577 824 612 τὴνΤριάδα

50 621 166 657 κτίσμασι
183 622 357 649 συντάττουσι
368 622 399 648 τὺ
414 621 464 657 τῆς
475 622 590 657 Τριάδος
603 621 715 657 Πνεῦμα
725 630 731 654 ;
741 622 825 649 Τοῦτο

49 667 94 702 γάρ
104 668 157 693 ἐστι
172 667 253 694 πάλιν
262 668 375 703 διαιρεῖν
389 668 436 694 καὶ
444 667 561 695 διαλύειν
572 667 621 704 τὴν
630 667 742 704 Τριάδα.
753 668 821 695 Οὐκ-

49 712 96 745 οὖν,
123 713 214 745 κακῶς
236 713 397 748 φρονοῦντες
420 714 484 749 περὶ
518 713 566 740 τοῦ
590 713 750 749 Πνεύματος
776 713 823 740 τοῦ

50 760 116 793 ἁγίου
139 777 149 792 ,
209 759 272 786 οὐδὲ
287 761 349 796 περὶ
362 759 410 787 τοῦ
419 759 485 786 Υίοῦ
498 759 589 792 καλῶς
671 760 824 796 φρονοῦσιν.

50 806 75 831 El
88 805 136 842 γὰρ
150 805 281 841 ἐφρόνουν
306 805 394 841 ὀρθῶς
420 805 485 841 περὶ
504 805 552 832 τοῦ
582 805 680 840 Λόγου,
695 805 824 842 ἐφρόνουν

49 851 122 884 ὑγιῶς
135 850 183 877 καὶ
203 850 326 886 περὶτοῦ
344 850 513 886 Πνεὺματος,
540 851 555 877 ὃ
571 851 647 887 παρὰ
661 851 708 877 τοῦ
719 851 823 886 Πατρὸς
838 854 859 881 Β
875 854 952 886 tiant,
961 853 1030 880 bene
1047 853 1080 879 de

49 897 225 932 ἐκπορεύεται,
242 897 289 923 καὶ
308 895 355 922 τοῦ
370 895 436 922 Υίοῦ
453 896 518 923 ίδιον
534 896 575 929 δν,
591 897 657 931 παρ’
740 896 822 924 αὑτοῦ

48 942 134 968 δίδοται
143 943 201 973 τοῖς
217 941 350 976 μαθηταῖς
367 941 415 967 καὶ
431 942 497 968 πᾶσι
521 942 578 973 τοῖς
601 941 771 969 πιστεύουσιν
784 944 824 974 είς

49 987 127 1014 αὐτόν.
146 986 226 1014 οὕτω
247 987 276 1013 δὲ
301 985 481 1021 πλανώμενοι,
495 987 556 1013 οὐδὲ
576 987 640 1022 περὶ
661 987 707 1013 τοῦ
718 988 823 1024 Πατρὺς

49 1032 104 1067 ὑγιῆ
122 1032 170 1068 τὴν
195 1032 286 1059 πίστιν
308 1031 424 1067 ἔχουσιν.
453 1032 484 1058 Ui
504 1031 558 1067 γὰρ
582 1032 763 1067 ἀντικείμενοι
784 1033 823 1068 τῷ

50 1077 187 1113 Πνεύματι,
198 1077 237 1109 ὡς
253 1074 329 1103 εἶπεν
339 1077 353 1103 ὁ
370 1077 457 1113 μέγας
472 1077 576 1112 μάρτυς
591 1077 735 1112 Στέφανος,
750 1076 821 1105 οὗτοι

48 1122 141 1149 καὶτὸν
157 1123 224 1149 Υἱὸν
236 1121 389 1157 ἀρνοῦνται.
400 1121 452 1148 Τδν
467 1121 496 1148 δὲ
508 1121 571 1148 Υίδν
586 1121 820 1157 ἁρνούμενοι,οὺδὲ
839 1123 848 1129 ”

48 1166 87 1192 τὸν
99 1167 206 1203 Πατέρα
220 1166 322 1201 ἔχουσι.

874 267 968 294 nempe
979 258 1131 290 dillindunt,
1143 262 1170 286 et
1184 258 1228 285 cui
1241 258 1357 285 alienam
1373 266 1405 286 ac
1424 259 1560 287 diversam
1579 266 1656 288 natu-

873 314 931 334 ram
956 305 1117 338 admiscent,
1145 311 1228 339 quam
1255 304 1373 339 denique
1399 305 1470 331 inter
1491 312 1534 332 res
1553 310 1657 333 creatas

873 352 1024 378 collocant?
1041 351 1070 378 Id
1083 357 1148 378 sane
1167 350 1265 385 probat
1281 357 1334 378 non
1347 350 1404 385 jam
1426 358 1483 377 rem
1499 358 1580 377 unam
1596 358 1657 378 esse

874 395 1045 427 Trinitatem,
1062 395 1108 422 sed
1123 395 1210 430 ipsam
1230 402 1263 422 ex
1277 394 1385 421 duabus
1399 402 1430 421 ac
1442 394 1558 422 diversis
1579 400 1657 421 natu-

875 443 913 470 ris
928 446 1063 473 constare,
1079 441 1114 468 ob
1134 441 1270 468 diversam
1290 441 1414 468 videlicet
1453 440 1571 475 Spiritus
1593 441 1657 468 sub—

875 488 1013 517 stantiam,
1025 495 1107 522 quam
1122 487 1160 514 illi
1174 487 1225 514 sibi
1242 487 1310 521 ipsis
1322 487 1471 514 commenti
1486 491 1559 514 sunt.
1575 486 1656 519 Qua:-

875 541 938 560 nam
949 540 1014 567 ergo
1032 533 1082 560 ista
1097 533 1205 559 tandem
1220 537 1262 559 est
1279 532 1413 567 theologia
1430 540 1464 559 ex
1490 536 1613 559 creatore
1632 536 1658 559 ct

875 586 903 605 rc
921 582 1012 605 creata
1038 576 1235 605 conﬂataiVel
1248 577 1320 604 enim
1342 584 1394 603 non
1412 581 1454 604 est
1475 576 1595 605 Trinitas
1609 576 1656 604 sed

874 624 1002 656 dualitas,
1016 631 1048 650 ac
1059 623 1156 650 deinde
1174 630 1219 650 res
1233 627 1324 650 creata
1343 631 1349 649 :
1369 623 1408 650 vel
1423 623 1447 650 si
1469 622 1589 651 Trinitas
1603 627 1655 655 est,

875 670 913 697 uti
928 677 991 697 vere
1010 673 1062 700 est,
1087 668 1225 704 quomodo
1239 676 1302 695 cum
1314 668 1396 696 rebus
1408 669 1509 696 creatis
1519 676 1581 703 qua:
1595 673 1657 703 post

874 715 1033 742 Trinitatem
1055 715 1201 747 exsistunt,
1219 713 1360 741 Trinitatis
1395 714 1526 749 Spiritum
1558 715 1656 744 audent

874 761 1028 789 collocare?
1041 761 1069 788 ld
1082 760 1153 788 enim
1169 767 1266 788 rursus
1280 759 1451 788 estdividcre
1466 767 1497 786 ac
1510 759 1657 787 dissolvere

873 807 1046 834 Trinitatem.
1065 805 1160 841 Itaque
1177 806 1200 833 si
1223 806 1294 833 male
1310 806 1343 833 de
1359 805 1462 840 Spiritu
1485 811 1579 833 sancto
1594 813 1657 833 sen-

1190 851 1260 879 Filio
1275 852 1376 879 sentire
1387 859 1442 879 non
1456 855 1570 886 queunt.
1589 850 1657 878 Nam

873 899 895 926 si
910 903 981 925 recte
998 897 1031 924 de
1047 896 1135 924 Verbo
1143 895 1287 928 sentirent,
1299 898 1372 922 recte
1387 886 1496 929 quoque
1508 895 1540 921 de
1554 893 1657 928 Spiritu

873 948 968 970 sancto
994 941 1041 977 qui
1065 949 1081 968 a
1106 940 1187 968 I'atrc
1215 939 1338 976 procedit
1364 939 1506 972 sentirent,
1523 939 1570 974 qui
1594 946 1656 966 cum

872 988 931 1015 Filii
949 987 984 1015 sit
995 987 1131 1022 proprius,
1144 986 1238 1014 abillo
1260 985 1404 1021 discipulis
1422 985 1606 1019 omnibusque
1628 985 1656 1012 in

871 1042 933 1061 eum
947 1033 1119 1061 credentibus
1141 1032 1231 1060 datur.
1251 1031 1406 1065 Quinetiam
1428 1030 1477 1066 qui
1508 1030 1538 1058 in
1561 1030 1657 1066 hujus-

872 1079 946 1107 modi
963 1087 1056 1106 errore
1081 1083 1235 1111 versantur,
1260 1085 1348 1113 neque
1372 1077 1400 1105 in
1429 1076 1536 1105 Patrem
1562 1084 1656 1104 sanam

874 1125 952 1152 tidem
966 1125 1067 1152 habere
1086 1125 1204 1159 possint.
1220 1124 1287 1151 Nam
1303 1125 1349 1159 qui
1372 1123 1491 1159 Spiritui
1514 1123 1655 1155 resistunt,

874 1171 911 1198 uti
930 1171 1046 1207 insignis
1072 1175 1176 1206 martyr
1204 1170 1359 1205 Stephanus
1383 1170 1451 1197 dixit
1479 1170 1502 1203 ³,
1526 1169 1607 1196 iidem
1629 1173 1657 1195 et

49 1211 135 1239 Filium
149 1216 260 1248 negant.
280 1211 379 1239 Filium
393 1216 482 1240 autem
505 1217 646 1248 negantes,
658 1221 746 1249 neque
761 1214 866 1244 Patrem
882 1217 1005 1252 profecto
1021 1217 1170 1244 habuerint
1189 1213 1211 1240 '-

111 1258 196 1284 Πόθεν
206 1257 294 1283 τοίνυν
307 1257 382 1292 ὑμῖν,
399 1265 422 1283 ω
435 1264 518 1288 ουτοι,
542 1255 592 1289 τῆς
692 1255 824 1288 τοσαύτης

48 1303 140 1338 τόλμης
163 1303 181 1338 ἡ
204 1303 349 1338 πρόφασις,
362 1301 432 1327 ὥστε
452 1301 488 1336 μὴ
499 1300 648 1336 φοϐηθῆναι
662 1300 692 1326 τὸ
711 1299 763 1327 ὑπὸ
776 1298 823 1326 τοῦ

48 1349 140 1383 Κυρίου
158 1349 315 1384 εἰρημένονο
330 1357 339 1373 ι
359 1349 407 1378 “Oc
433 1347 455 1374 δ’
471 1347 504 1374 ἂν
532 1346 712 1382 βλασφημήσῃ
739 1345 778 1377 είς
792 1345 823 1372 τὸ

48 1393 186 1427 Πνεῦματδ
195 1392 281 1426 ᾶγιον,
291 1392 340 1418 οὐκ
348 1391 403 1427 ἔχει
414 1392 508 1426 ἄφεσιν
520 1390 581 1418 οὕτε
597 1392 626 1418 ἐν
635 1390 674 1426 τῷ
746 1389 824 1416 αίῶνι

46 1438 134 1472 τούτῳ,
150 1437 215 1465 οὗτε
231 1439 259 1465 ὲν
269 1437 307 1472 τῷ
324 1436 461 1472 penetrat;
480 1445 490 1462 ι
501 1436 532 1462 Οἱ
548 1436 596 1471 μὲν
608 1435 662 1471 γὰρ
681 1435 821 1471 ’Δρειανοὶτ

47 1483 127 1509 καίτοι
140 1483 191 1518 τὴν
203 1482 334 1517 ἐνσαρκον
345 1481 496 1518 παρουσίαν
515 1481 562 1508 τοῦ
577 1481 664 1515 Λόγου
678 1481 725 1507 καὶ
738 1480 773 1507 τὰ
788 1479 822 1507 δι’

45 1528 121 1564 αὐτὴν
133 1512 320 1565 εἰρημένα-μὴ
347 1512 500 1563 νοήσαντες,
526 1527 599 1562 ὅμως
614 1512 644 1559 ἐξ
657 1525 744 1552 αὐτῶν
757 1525 822 1561 πρό-
835 1512 856 1539 c

45 1581 118 1605 φασιν
132 1574 261 1606 λαϐόντες
290 1574 330 1604 είς
352 1573 400 1609 τὴν
415 1572 518 1599 ἑαυτῶν
543 1573 656 1608 αἵρεσιν,
674 1571 721 1598 καὶ
736 1571 822 1603 οὕτως

44 1619 207 1655 ὴλέγχθησαν
225 1619 350 1654 θεομάχοι
374 1619 422 1645 καὶ
439 1619 477 1650 ὡς
488 1618 596 1654 ἀληθῶς
612 1618 665 1645 ἀπὸ
680 1618 732 1653 γῆς
746 1626 821 1645 κενο-

45 1663 188 1698 λογοῦντες.
279 1665 372 1700 Ὑμεῖς
397 1664 425 1691 δὲ
447 1665 528 1691 πόθεν
545 1665 718 1699 ἠπατήθητε;
748 1664 822 1700 παρὰ

44 1710 116 1737 τίνων
127 1711 304 1743 ἀκούσαντες,
315 1711 332 1746 ἢ
345 1710 385 1742 τίς
402 1711 416 1736 ὸ
430 1709 529 1745 τρόπος
543 1709 591 1744 τῆς
604 1709 730 1744 τοιαύτης
747 1709 823 1744 ὑμῶν

45 1755 140 1790 πλάνης
153 1765 161 1789 ;
185 1757 366 1791 Ἀνέγνωμεν,
379 1756 470 1790 φασὶν,
481 1756 509 1781 ὲν
523 1755 561 1790 τῷ
580 1756 704 1791 προφήτῃ
723 1754 821 1790 Ἀμὼς,

43 1798 160 1833 λέγοντος
177 1800 224 1827 τοῦ
240 1800 319 1830 Θεοῦ.
336 1810 347 1826 ι
360 1800 420 1826 ’Ότι
439 1800 503 1827 Ἰδοὺ
528 1799 583 1834 ὲγὼ
602 1800 719 1837 στερεῶν
743 1799 822 1835 βρον-

42 1844 96 1878 τὴν,
112 1846 158 1872 καὶ
179 1845 278 1877 κτίζων
299 1844 417 1880 πνεῦμα,
434 1844 480 1871 καὶ
506 1844 684 1878 ἀπαγγέλλων
707 1845 746 1876 είς
774 1845 823 1871 ἁν-

42 1889 165 1924 θρώπους
192 1891 238 1917 τὸν
264 1890 383 1926 Χριστὸν
413 1890 506 1916 αὐτοῦ·
532 1890 615 1917 ποιῶν
649 1890 746 1926 ὕρθρον
776 1890 823 1917 καὶ

43 1935 163 1971 ὁμίχλην,
182 1937 229 1963 καὶ
241 1937 387 1963 ὲπιῦαίνων
406 1937 452 1963 ἐπὶ
471 1936 505 1963 τὰ
521 1936 608 1971 ὑψηλὰ
626 1936 675 1971 τῆς
760 1936 821 1971 γῆς,

43 1981 139 2016 Κύριος
154 1983 169 2008 ὁ
183 1982 248 2014 Θεὸς
260 1983 274 2009 ὀ
285 1982 481 2018 παντοκράτωρ
492 1982 576 2017 ὄνομα
591 1982 673 2017 αὐτῷ.
690 1991 698 2007 ι
720 1982 774 2009 Καὶ
784 1982 824 2009 ἐν-

42 2025 83 2052 θεν
98 2027 265 2063 ἐπείσθημεν
279 2028 335 2059 τοῖς
350 2027 499 2063 Ἀρειανοῖς
513 2027 621 2061 λέγουσι
636 2027 738 2063 κτίσμα
754 2025 823 2054 εἶναι

40 2070 67 2096 τὸ
77 2072 187 2108 Πνεῦμα
202 2073 234 2100 τὸ
250 2074 337 2107 ἅγιον,
346 2072 412 2100 Εἶτα
421 2074 452 2100 τὸ
465 2073 514 2108 μὲν
531 2074 604 2109 παρὰ
614 2073 652 2109 τῷ
734 2072 824 2108 Ἀμὼς

40 2118 182 2152 ἀνέγνωτε·
208 2119 239 2146 τὸ
262 2119 291 2145 δὲ
324 2120 352 2146 ἐν
386 2120 446 2150 ταῖς
477 2119 641 2154 Παροιμίαις
667 2119 822 2154 λεγόμενον,

41 2171 49 2187 t
73 2163 175 2199 Κύριος
189 2164 279 2191 ἐκτισέ
291 2173 324 2200 με
351 2164 438 2199 ἀρχὴν
455 2163 521 2190 ὁδῶν
536 2164 618 2190 αὑτοῦ
634 2165 673 2195 είς
689 2163 757 2199 ἔργα
774 2164 823 2191 αὐ-
838 2162 860 2189 D

37 2208 91 2240 τοῦ,
104 2219 113 2235 ι
129 2210 181 2236 οὐκ
195 2209 365 2245 ἀνέγνωτεῶ
378 2209 512 2244 ἀνέγνωτε
524 2217 530 2241 ;
542 2208 598 2235 Kal.
607 2208 685 2235 τοῦτο
754 2207 803 2243 μὲν
813 2229 821 2242 ,

35 2256 71 2288 ὡς
86 2257 143 2293 ἔχει
158 2257 297 2293 ἀληθείας,
309 2256 482 2293 ἑρμηνεύετε,
501 2257 545 2284 ἵνα
559 2257 597 2292 μὴ
614 2257 709 2292 εἴπητε
722 2257 823 2293 κτίσμα

35 2303 78 2329 τὸν
94 2303 193 2337 Λόγον·
209 2303 240 2330 τὸ
265 2303 293 2330 δὲ
311 2303 340 2329 ὲν
367 2302 407 2338 τῷ
422 2302 548 2338 προφήτῃ
573 2302 621 2337 οὑχ
645 2302 820 2337 ὲρμηνεύετε,

34 2348 99 2376 ἀλλὰ
122 2348 218 2380 ἁπλῶς
233 2348 377 2380 ἀκούοντες
412 2357 421 2374 ι
441 2348 563 2383 πνεῦμα,
580 2357 589 2373 ι
613 2348 754 2382 ὲνομίσατε
776 2348 821 2374 λέ-

34 2395 128 2427 γεσθαι
156 2394 259 2430 κτίσμα
270 2394 300 2420 τὸ
310 2393 466 2429 Πνεῦμα-τὸ
489 2393 582 2427 ἆγιονς
609 2394 705 2420 Καίτοι
728 2395 756 2420 ἐν
774 2395 822 2429 μὲν

34 2441 91 2472 ταῖς
104 2440 271 2476 Παροιμίαις
283 2439 407 2475 φανερῶς
489 2439 506 2474 ἡ
535 2439 619 2473 Σοφία
633 2439 750 2472 λέγουσά
764 2440 821 2466 ὲστι

32 2485 71 2516 τὸ,
88 2495 96 2511 ι
111 2485 204 2512 ἐκτισέ
224 2493 267 2521 με·
278 2494 287 2511 ι
309 2485 355 2512 καὶ
367 2485 441 2520 ὅμως
460 2484 549 2515 καλῶς
565 2492 597 2518 γε
616 2484 765 2515 ποιοῦντες,
780 2485 821 2519 ἐρ-

33 2530 166 2565 μηνεύετε
181 2530 212 2557 τὸ
234 2530 324 2565 ῥητὸν,
349 2529 392 2555 ἴνα
411 2528 447 2564 μὴ
467 2529 516 2564 τὴν
542 2529 705 2564 δημιουργὸν
724 2529 822 2563 Σοφίαν

32 2576 59 2601 ὲν
148 2578 207 2608 τοῖς
219 2576 349 2611 κτίσμασι
362 2575 554 2611 συναριθμῆτε.
571 2575 607 2601 Τὸ
620 2575 648 2601 δὲ
665 2576 693 2602 ὲν
706 2575 744 2610 τῷ
756 2584 823 2611 προ-

33 2621 103 2657 φήτῃ
122 2622 206 2657 ῥητὸν
218 2622 268 2648 οὐκ
280 2621 487 2656 ἐχειγνώρισμα
503 2621 567 2657 περὶ.
583 2621 631 2647 τοῦ
648 2621 726 2654 ἁγίου
739 2621 822 2647 Ilvati-

33 2676 127 2701 ματος.
160 2667 322 2698 ἀλλ’ἁπλῶς
347 2666 454 2702 εἴρηται
481 2667 544 2701 περὶ
572 2667 736 2702 πνεύματος.
761 2667 822 2699 Πῶς

948 1260 1088 1288 Undanam
1106 1268 1171 1295 ergo
1184 1264 1264 1286 tanta:
1279 1259 1355 1287 vobis
1370 1258 1531 1287 temeritatis
1554 1265 1646 1290 causa,

872 1311 900 1335 It
917 1314 966 1334 nec
982 1306 1047 1333 illud
1067 1314 1081 1333 a
1098 1305 1240 1333 Salvatore
1259 1306 1362 1333 dictum
1387 1306 1556 1333 vereamini:
1577 1315 1586 1330 ι
1600 1305 1652 1338 Qui

869 1353 1097 1388 blasphemaverit
1121 1353 1149 1379 in
1166 1353 1298 1388 Spiritum
1318 1357 1455 1386 sanctum,
1472 1361 1526 1380 non
1543 1352 1653 1379 habebit

870 1398 1060 1427 remissionem
1084 1405 1172 1433 neque
1196 1398 1223 1425 in
1248 1398 1300 1425 hoc
1324 1399 1423 1426 sarculo
1447 1405 1534 1432 neque
1558 1398 1585 1424 in
1610 1397 1653 1424 fu-

871 1445 968 1472 turo'?
983 1453 992 1470 ι
1006 1444 1098 1470 Ariani
1114 1443 1238 1478 quidem,
1254 1443 1304 1470 etsi
1317 1450 1476 1478 corpoream
1491 1442 1570 1470 Verbi
1584 1450 1653 1476 prte-

871 1489 1099 1523 sentiam.etqu:e
1113 1488 1172 1522 ejus
1187 1495 1270 1515 causa
1278 1488 1348 1515 dicta
1363 1493 1439 1521 sunt,
1454 1495 1507 1514 non
1521 1488 1653 1521 intellige-

871 1539 942 1567 rent,
957 1541 990 1561 ex
1005 1533 1047 1561 his
1061 1538 1152 1561 tamen
1166 1533 1337 1561 occasionem
1349 1542 1405 1561 sua:
1416 1533 1653 1560 comminisccnda:

873 1579 984 1607 haeresis
998 1578 1198 1614 improbissime
1213 1579 1296 1610 nacti,
1313 1578 1358 1605 Dei
1377 1579 1468 1606 hostes
1480 1586 1542 1605 esse
1554 1582 1581 1605 ct
1592 1586 1654 1605 vere

872 1624 905 1651 de
922 1629 994 1651 terra
1022 1621 1034 1638 ⁸
1064 1623 1155 1650 inania
1174 1623 1248 1659 loqui
1272 1623 1389 1651 convicti
1415 1627 1488 1650 sunt.
1511 1622 1564 1649 Vos
1591 1630 1654 1649 vero

874 1669 1021 1702 undenam,
1038 1676 1142 1704 quaeso,
1162 1669 1190 1696 in
1211 1676 1332 1696 errorem
1361 1668 1464 1695 inducti
1485 1668 1655 1700 cstis?Quis

873 1722 922 1742 vos
936 1714 1094 1753 ita‘docuit.
1111 1714 1152 1741 vel
1163 1714 1224 1748 quis
1240 1714 1348 1741 tandem
1364 1713 1462 1740 modus
1478 1713 1561 1740 vestri
1577 1720 1654 1739 erro-

873 1759 911 1787 ris
922 1759 1079 1794 ?Legimus,
1094 1759 1232 1794 inquiunt,
1246 1758 1272 1785 in
1288 1759 1420 1793 propheta
1435 1758 1519 1785 Amos
1535 1758 1593 1784 haec
1607 1757 1655 1784 Dei

875 1806 958 1833 verba
976 1815 982 1832 :
1003 1815 1012 1831 ‹
1027 1804 1097 1838 Quia
1113 1812 1177 1832 ecce
1191 1812 1240 1840 ego
1263 1805 1375 1832 ﬁrmans
1389 1803 1501 1835 tonitru,
1512 1807 1539 1830 et
1559 1810 1656 1830 creans

875 1852 1000 1887 spiritum
1011 1872 1019 1883 ,
1032 1855 1059 1878 et
1074 1849 1242 1878 annuntians
1253 1850 1284 1877 ad
1297 1849 1420 1876 homines
1432 1848 1572 1875 Christum
1585 1848 1654 1882 ejus,

875 1896 978 1924 faciens
991 1895 1143 1923 diluculum
1167 1899 1195 1922 et
1221 1895 1359 1926 nebulam,
1376 1899 1403 1921 et
1433 1888 1561 1928 gradiens
1574 1899 1656 1926 super

874 1943 981 1970 excelsa
998 1947 1095 1970 terrae:
1114 1941 1245 1969 Dominus
1263 1941 1334 1968 Deus
1349 1941 1532 1975 omnipotens,
1557 1946 1656 1966 nomen

874 1989 924 2023 ipsi
945 1991 965 2015 '.
979 1997 989 2014 ι
1002 1987 1065 2015 Inde
1077 1987 1185 2015 adducti
1202 1987 1303 2014 fuimus
1316 1991 1344 2013 ut
1365 1985 1485 2017 Arianis,
1505 1985 1552 2019 qui
1570 1984 1657 2019 Spiri-

874 2039 930 2062 tum
955 2039 1149 2062 sanctumrem
1174 2036 1292 2060 creatam
1308 2039 1368 2059 esse
1382 2031 1491 2063 docent,
1511 2030 1658 2057 assentire-

875 2088 946 2107 mur.
959 2080 1000 2106 An
1017 2086 1081 2114 ergo
1101 2078 1174 2113 quod
1204 2077 1275 2112 apud
1301 2076 1384 2103 Amos
1414 2079 1503 2103 exstat
1528 2074 1631 2109 legistis
1649 2083 1656 2101 :

875 2126 946 2158 quod
959 2130 1049 2152 autem
1063 2125 1091 2152 in
1105 2123 1260 2151 Proverbiis
1272 2122 1371 2149 dicitur
1386 2130 1392 2147 :
1412 2121 1565 2156 (Dominus
1582 2127 1658 2147 crea-

875 2172 913 2198 vit
931 2178 973 2198 me
989 2170 1096 2197 initium
1121 2169 1227 2196 viarum
1254 2175 1366 2195 suarum
1385 2167 1412 2194 in
1432 2174 1514 2201 opera
1535 2173 1584 2193 sua
1603 2169 1625 2198 ι,
1645 2174 1654 2190 ι

876 2224 908 2244 ιιι
925 2215 1029 2250 legistis
1049 2214 1156 2241 necne?
1179 2212 1284 2248 Ergone
1312 2211 1384 2239 istud
1401 2209 1608 2237 Proverbiorum
1624 2215 1659 2236 ex

875 2261 988 2288 veritate
1013 2258 1239 2293 interpretamini,
1270 2265 1303 2285 ne
1317 2255 1443 2284 videlicet
1466 2255 1587 2283 Verbum
1601 2262 1659 2281 rem

875 2311 993 2334 creatam
1006 2304 1105 2333 dicatis
1123 2312 1130 2330 :
1143 2303 1209 2330 illud
1222 2307 1312 2330 autem
1326 2303 1463 2337 propheta:
1487 2301 1561 2328 nulla
1575 2301 1660 2327 inter-

875 2351 1027 2386 pretatione
1040 2348 1193 2384 explicatis,
1208 2348 1255 2375 sed
1270 2355 1336 2375 voce
1353 2356 1363 2372 ι
1384 2346 1497 2382 spiritus
1511 2355 1521 2371 ι
1537 2349 1660 2373 tantum<

876 2397 956 2424 modo
970 2396 1074 2428 audita,
1094 2394 1225 2429 Spiritum
1242 2397 1367 2421 sanctum
1393 2400 1450 2419 rem
1472 2396 1591 2419 creatam
1605 2390 1660 2419 dici

875 2441 1149 2476 existimatis?Atqui
1177 2440 1204 2467 in
1234 2439 1389 2467 Proverbiis
1411 2437 1548 2472 Sapientia
1568 2441 1661 2471 aperte

875 2485 941 2512 tk’cit
960 2494 967 2512 :
987 2494 997 2511 ι
1014 2484 1125 2512 Creavit
1141 2491 1194 2511 mc.
1219 2493 1228 2509 ι
1248 2482 1441 2510 Verumtamen
1466 2487 1538 2509 recte
1550 2489 1598 2508 vos
1618 2481 1661 2507 di-

876 2536 948 2557 (ιι-ιιι
973 2531 1040 2558 illud
1055 2531 1092 2557 ita
1107 2529 1242 2564 cxcipitis,
1254 2533 1285 2556 ut
1299 2537 1352 2556 non
1369 2528 1529 2556 creatricem
1546 2526 1660 2561 Sapien-

877 2579 941 2604 tiam
954 2577 1037 2605 rebus
1052 2577 1152 2604 creatis
1166 2576 1363 2604 annumeretis.
1381 2575 1426 2602 Sic
1449 2574 1532 2608 igitur
1545 2580 1597 2600 vox
1613 2572 1659 2599 illa

878 2623 1015 2658 propheta!
1028 2631 1082 2650 non
1099 2622 1230 2657 Spiritum
1253 2626 1376 2649 sanctum
1403 2620 1524 2650 denotat,
1539 2618 1585 2646 sed
1599 2622 1659 2644 tan-

879 2674 934 2695 tum
948 2669 981 2696 de
998 2668 1094 2703 spiritu
1109 2667 1218 2695 dicitur.
1236 2667 1304 2694 Cum
1321 2673 1385 2701 ergo
1400 2664 1484 2691 multa
1496 2664 1532 2690 sit
1542 2663 1569 2690 in
1584 2661 1658 2688 Scri-

31 2711 86 2745 οὖν,
99 2713 191 2740 καίτοι
208 2713 336 2748 πλείστης
349 2712 432 2748 οὖα-ης
450 2712 579 2748 διαφορᾶς
591 2713 619 2740 ἐν
631 2715 690 2744 ταῖς
702 2714 822 2749 Γραφαῖς

31 2760 95 2793 περὶ
114 2759 280 2794 πνευμάτων
299 2779 307 2792 ,
368 2759 416 2785 καὶ
442 2759 591 2794 δυναμένου
609 2759 655 2786 τοῦ
673 2760 755 2796 ῥητοῦ
773 2761 822 2796 τὴν

879 2714 967 2748 pluris
993 2714 1138 2749 spirituum
1163 2712 1325 2743 did‘crentia,
1354 2714 1514 2743 rectumque
1547 2714 1658 2734 sensum

879 2761 979 2787 habere
994 2760 1081 2794 possit
1107 2759 1158 2787 iste
1183 2756 1332 2793 Scriptura:
1356 2756 1444 2788 locus,
1454 2762 1503 2782 cur
1519 2760 1568 2780 vos
1587 2752 1661 2779 velut
1686 2774 1701 2794 ,χ

29 2888 37 2904 ι
60 2855 146 2882 Ἀρι.
164 2863 208 2887 \‘ll.
228 2856 271 2883 51-
311 2858 437 2887 'lJoan.
461 2867 489 2891 ιι,
510 2861 555 2888 25.
595 2859 605 2876 ³
623 2861 720 2888 Matth.
740 2868 787 2892 xu,
819 2859 823 2885 ε

53 2889 138 2918 l’rov.
160 2899 215 2918 vm.
231 2892 278 2918 22.

907 2859 990 2886 Marc.
1015 2866 1054 2890 ιιι,
1080 2857 1124 2884 Ἧὶ.
1163 2856 1173 2872 ⁸
1192 2855 1269 2883 Joan.
1295 2862 1333 2887 ιιι,
1352 2853 1396 2881 51.
1436 2851 1543 2878 “Amos
1561 2858 1596 2882 ιν,
1620 2849 1661 2876 13.
