1891 3076
182 195 305 232 Λέγεται
320 194 355 222 δὲ
374 195 423 222 καὶ
450 194 568 229 ἀνέμων
591 195 758 229 πνεύματα.

162 249 383 284 Ἐντυγχάνοντες
393 248 421 274 δὲ
431 248 478 274 καὶ
488 249 566 282 ὑμεῖς
577 249 635 279 ταῖς
645 248 735 282 ἁγίαις
744 247 798 283 (58)
809 248 873 284 Γρα-

80 297 164 329 φαϊς,
191 295 321 330 εὑρήσετε
344 293 489 328 λεγόμενον
515 293 623 328 πνεῦμα
639 293 686 320 καὶ
700 293 745 319 τδν
772 294 800 319 ὲν
825 293 874 319 αὑ-

80 343 139 373 τοῖς
153 343 209 373 τοῖς
225 340 306 371 θείοις
327 334 419 373 λόγοις
433 339 510 372 νοῦν,
525 339 674 374 γράφοντος
691 338 738 364 τοῦ
754 338 872 365 Παύλου-

83 388 152 418 (Ὂς
233 386 280 413 καὶ
299 385 429 413 ἱκάνωσεν
447 385 520 420 ἡμᾶς
538 385 676 416 διακόνους
694 384 799 419 Καινῆς
811 385 873 411 Δια-

81 433 182 468 θήκης,
193 432 223 459 οὺ
233 432 404 468 γράμματος,
416 431 483 457 ἀλλὰ
495 429 659 465 πνεύματος.
673 429 709 456 Τδ
719 430 773 465 γὰρ
786 430 874 466 γράμ-

81 488 122 515 μα
138 478 310 510 ἀποκτείνει,
322 477 353 504 τὸ
365 477 395 503 δὲ
407 476 515 513 πνεῦμα
529 477 666 509 ζωοποιεῖ.
680 486 689 501 ι
709 476 745 502 Τὸ
758 477 806 511 μὲν
818 476 872 510 γὰρ

80 523 165 558 ῥητὸν
187 521 332 558 γράμματι
357 521 540 556 κεχάρακται·
564 521 579 546 ό
592 520 621 547 δὲ
640 520 702 552 νοῦς
716 521 732 546 ό
754 521 782 547 ὲν
797 520 872 556 αὐτῷ

79 567 192 603 πνεῦμα
206 567 323 601 λέγεται.
357 566 450 598 οὕτως
464 567 511 593 καὶ⁸
539 575 549 592 1
568 567 582 592 ὸ
595 566 676 601 νόμος
690 567 872 601 πνευματικός

79 616 167 645 ἐστιν,
185 623 194 640 ι
210 614 242 639 ἶν’
257 613 295 644 ὡς
310 612 390 639 πάλιν
404 612 499 648 εἴρηκε
518 629 527 643 ς
603 612 640 647 μὴ
656 611 825 647 δουλεύωμεν
841 613 871 639 ἐν

78 659 243 694 παλαιότητι
254 659 428 693 γράμματος,
443 658 500 684 ἀλλ’
517 658 546 684 ἐν
556 657 694 692 καινότητι
706 657 869 693 πνεύματος.

80 705 139 732 Καὶ
151 705 232 736 αὐτὸς
249 704 298 739 μὲν
311 703 478 739 εὐχαριστῶν
494 702 586 737 ἔλεγεν
596 711 603 718 ο
621 712 630 728 1
645 703 716 738 Ἀρα
732 701 778 730 οὖν
789 703 871 735 αὐτὸς

80 750 140 785 ἐγὼ
151 750 191 786 τῷ
207 751 255 786 μὲν
269 749 309 776 νοτ
321 749 438 776 δουλεύω
449 749 524 784 νόμῳ
537 748 621 781 Θεοῦ,
638 749 671 784 τῇ
685 748 714 774 δὲ
726 749 807 784 σαρκὶ
824 749 869 775 νό-

81 806 127 833 μῳ
143 797 279 832 ἁμαρτίας
288 804 295 810 ·
312 795 387 823 οὐδὲν
401 795 447 821 νῦν
461 794 516 831 ἄρα
600 794 759 829 κατάκριμα
772 795 828 826 τοῖς
841 795 870 821 ὲν

79 842 195 878 Χριστῷ
208 841 306 877 Ἰησοῦ.
323 841 351 867 '0
361 839 416 876 γὰρ
426 840 508 875 νόμος
517 839 564 866 τοῦ
575 839 729 874 πνεύματος
739 839 788 874 τῆς
798 840 870 874 ζωῆς

78 873 115 912 ἐν.
130 873 245 920 Χριστῷ·
261 883 347 920 Ἰησοῦ
363 873 534 918 ἠλευθέρωσέ
549 891 582 918 με
600 873 654 910 ἀπο
665 883 712 909 τοῦ
723 873 806 918 νόμου
820 873 870 919 τῆς
886 873 906 900 Β

79 930 237 966 ἁμαρτίας⁸
254 940 264 956 ι
288 931 301 956 ό
317 929 345 956 δὲ
367 929 513 960 Φίλιππος,
537 929 583 955 τὸν
606 929 736 964 εὐνοῦχον
753 929 808 956 ἀπὸ
822 929 869 955 τοῦ

80 976 248 1012 γράμματος
271 976 312 1006 είς
326 973 357 1002 τὸ
372 974 480 1010 πνεῦμα
496 973 579 1000 θέλων
596 974 770 1009 ἐπιστρέφειν
780 994 788 1006 ,
813 975 870 1001 ἕλε-

79 1030 150 1056 γεν·
168 1031 177 1047 1
195 1019 269 1056 Ἀρά
282 1028 314 1055 γε
329 1020 472 1054 γινώσκεις
491 1020 510 1047 ἃ.
525 1020 737 1054 ἀναγινώσκεις;
754 1030 764 1046 ι
781 1020 869 1047 τοιοῦ-

78 1076 131 1094 τον
145 1066 268 1102 ἐσχηκὼς
285 1067 463 1102 μαρτυρεῖται
486 1066 533 1093 καὶ
558 1067 573 1093 ὁ
596 1066 686 1092 Χάλεὸ
769 1067 798 1093 ὲν
814 1068 871 1098 τοῖς

89 1113 239 1149 Ἀριθμοίς,
251 1112 298 1139 τοῦ
309 1111 375 1139 Θεοῦ
389 1112 511 1146 λέγοντος
523 1121 530 1128 ·
551 1121 561 1138 1
581 1113 611 1139 Ὀ
624 1112 652 1138 δὲ
668 1113 732 1144 παῖς
748 1121 799 1148 μου
813 1113 870 1139 Χά-

78 1159 144 1191 λεϐ,
154 1159 194 1186 ὅτι
210 1158 325 1194 ἐγενήθη
340 1158 431 1194 ἕτερον
443 1157 551 1193 πνεῦμα
563 1158 594 1185 ὲν
605 1157 679 1193 αὐτῷ
688 1177 695 1190 ,
709 1158 757 1185 καὶ
770 1159 871 1193 ἐπηκο-

78 1205 199 1240 λούθησέ
216 1213 259 1240 μοι
269 1212 276 1220 ·
290 1204 390 1237 εἰσάξω
405 1204 485 1231 αὐτὸν
501 1204 542 1236 εις
552 1203 602 1240 τὴν
617 1204 669 1239 γῆν
683 1204 722 1236 είς
733 1205 765 1239 ῆν
781 1204 870 1239 εἰσῆλ-

78 1251 132 1277 θεν
147 1251 214 1277 ἐκεῖ.
300 1259 310 1275 ι
328 1249 411 1285 Ἀλλῃ
425 1249 480 1284 γὰρ
493 1249 598 1284 διανοίᾳ
611 1248 686 1284 παρὰ
698 1249 747 1284 τὴν
759 1247 870 1275 ἐκείνων

79 1297 167 1328 αὐτὸς
181 1296 316 1332 λαλήσας,
329 1296 475 1331 εὐάρεστος
486 1294 526 1330 τῷ
539 1294 598 1328 Θεῷ
613 1295 718 1329 γέγονε.
736 1293 871 1329 Τοιαύτην

80 1342 159 1377 ἔχειν
171 1341 338 1378 προέτρσψεν
351 1342 366 1368 ό
381 1341 448 1372 Θεὸς
460 1340 506 1367 τὸν
520 1341 583 1367 λαὸν
598 1340 712 1375 καρδίαν
726 1339 770 1366 διὰ
790 1339 870 1371 Ἱεζε-

79 1386 151 1422 κιὴλ
164 1385 264 1420 λέγων¹
283 1394 293 1411 1
309 1386 441 1421 Ποιήσατε
455 1381 560 1415 ἑαυτοῖς
583 1384 695 1418 καρδίαν
715 1382 812 1415 καινὴν
828 1381 876 1406 καὶ⁸

85 1433 198 1469 πνεῦμα
220 1432 322 1459 καινόν.
338 1441 349 1458 δ
382 1432 491 1459 Τούτων
505 1429 595 1457 τοίνυν
611 1428 696 1459 οὕτως
709 1426 808 1458 ὄντων,
829 1424 877 1452 καὶ

84 1479 220 1514 τοσαύτης
234 1479 364 1514 διαφορᾶς
375 1477 440 1513 περ)⁵
451 1477 505 1505 τῶν
518 1475 680 1510 πνευμάτων
689 1471 875 1508 δεικνυμὲνης,

84 1524 210 1559 βελτίους
226 1524 259 1550 ἂν
270 1521 320 1558 ἦτε
338 1542 347 1554 ,
424 1522 460 1556 εί,
474 1521 539 1557 περὶ
553 1518 711 1555 κτιζομένου
723 1516 877 1552 πνεύματος

84 1569 251 1601 ἀκούοντες,
270 1569 334 1604 περὶ
345 1568 405 1600 ἑνὸς
425 1568 479 1594 τῶν
497 1565 703 1603 προειρημένων
728 1563 876 1599 ἐφρονεῖτε,

83 1614 147 1642 οἷον
162 1613 196 1651 ἦν
213 1615 277 1650 περὶ
296 1611 327 1641 οὖ
340 1616 368 1641 ὲν
392 1614 491 1649 Ἡσαΐᾳ
504 1613 674 1648 γέγραπται·
696 1619 706 1635 1
720 1607 879 1643 Euvsgrdwq-

85 1670 136 1688 σεν
153 1661 241 1697 Ἀρὰμ
253 1661 320 1696 πρὸς
331 1661 377 1687 τὸν
394 1658 527 1695 Ἐφραῒμ,
544 1657 592 1684 καὶ
604 1656 699 1692 ἐξέστη
711 1656 728 1691 ἡ
742 1655 816 1690 ψυχὴ
829 1654 878 1681 αὒ-

82 1707 135 1734 τσῦ
148 1729 156 1740 ,
173 1707 220 1733 καὶ
234 1708 252 1743 ἡ
265 1707 338 1743 ψυχὴ
351 1706 399 1733 τοῦ
414 1706 479 1733 λαοῦ
496 1705 580 1732 αὑτοῦ
592 1724 599 1737 ,
619 1704 649 1731 ὃν
660 1703 761 1739 τρόπον
849 1702 879 1728 ὲν

84 1753 184 1789 δρυμῷ
198 1753 275 1787 ξύλον
288 1753 341 1780 ὑπὸ
356 1752 509 1788 πνεύματος
525 1750 654 1785 σαλευθῇ.
670 1758 680 1775 ι
710 1747 836 1775 Τοιοῦτον
849 1747 879 1773 δὲ

82 1797 123 1836 ἦν
138 1799 185 1825 καὶ
196 1820 204 1831 ,
220 1809 230 1825 1
249 1799 282 1826 ‘0
292 1799 417 1834 ἐξήγειρε
431 1797 532 1833 Κύριος
542 1795 652 1832 πνεῦμα
663 1794 710 1821 ἐπὶ
720 1793 769 1829 τὴν
779 1792 879 1819 θάλασ-

86 1853 141 1871 σαν
163 1854 175 1872 ι
188 1845 232 1871 διὰ
247 1845 292 1872 τὸν
315 1845 418 1872 ’ῐωνᾶν.
435 1842 589 1870 ’Δκολουθεῖ
600 1841 654 1877 γὰρ
669 1841 702 1876 τῇ
719 1840 816 1876 βροντῇ
831 1838 879 1865 καὶ

83 1890 124 1916 τὰ
135 1889 190 1916 τῶν
201 1890 308 1926 ἀνέμων
322 1890 480 1925 πνεύματα,
494 1889 531 1920 ὡς
547 1888 594 1914 ἐπὶ
605 1886 651 1914 τοῦ
669 1885 747 1913 ὑετοῦ
833 1882 880 1910 τοῦ

83 1936 161 1963 κατὰ
175 1936 221 1962 τὸν
237 1936 348 1971 ’Δχαὰ6.
359 1936 397 1967 ὡς
410 1935 585 1970 γέγραπται-
602 1942 612 1959 ‹
627 1933 682 1960 Καὶ
698 1932 805 1966 ἐγένετο
815 1927 877 1962 ὧδε,

550 136 737 168 PANOPLIA
759 137 1033 167 DOGMATICA—
1051 137 1127 166 TIT.
1149 137 1220 167 XII.

882 205 903 232 Δ

1655 138 1707 167 694

1073 194 1176 221 Dicitur
1192 199 1272 221 cnam
1286 198 1424 221 uenturum
1439 195 1557 228 spiritus.

1009 248 1172 281 Quinetiam
1187 247 1209 274 si
1222 247 1299 274 vobis
1312 251 1421 273 sanctas
1437 246 1552 272 Litteras
1567 245 1655 280 legere
1664 246 1709 273 lu-

924 295 995 326 beat,
1011 294 1098 328 ipsum
1115 293 1271 320 divinorum
1281 292 1427 319 verborum
1448 299 1569 324 sensum,
1582 292 1707 326 spiritum

922 348 1031 375 quoque
1048 339 1177 375 appellari
1205 339 1355 373 reperietis.
1380 337 1425 365 Sic
1440 338 1513 365 enim
1527 337 1626 365 Paulus
1640 338 1708 365 scri-

923 387 961 413 bit
975 395 982 413 :
999 395 1008 411 1
1020 385 1107 419 Quiet
1119 385 1231 412 idoneos
1241 392 1290 412 nos
1306 383 1369 411 fecit
1383 383 1523 410 ministros
1536 383 1603 410 Novi
1614 382 1709 410 Testa~

923 431 1016 464 menti,
1033 438 1087 457 non
1104 431 1209 463 litterae,
1226 430 1272 457 sed
1287 429 1409 464 spiritus.
1425 429 1528 456 Littera
1545 429 1618 456 enim
1635 429 1710 456 occi-

921 477 972 510 dit,
985 477 1096 512 spiritus
1107 480 1199 503 autem
1213 475 1331 503 viviﬁeat
1355 479 1376 503 ι.
1403 484 1412 501 ι
1429 474 1567 509 Siquidem
1583 475 1685 502 dictum
1699 494 1707 508 ,

922 524 1009 551 littera
1026 528 1167 550 exaratum
1184 527 1246 550 est:
1273 529 1371 550 sensus
1385 529 1449 548 vero
1471 529 1550 555 quem
1567 521 1688 549 continet
1699 541 1706 553 ,

921 570 1033 605 spiritus
1045 569 1154 596 dicitur.
1172 569 1210 596 Ita
1225 573 1251 596 et
1268 578 1278 594 1
1301 569 1344 596 lex
1365 568 1514 602 spiritualis
1529 572 1571 594 est
1591 571 1615 600 ι,
1635 576 1644 593 ι
1667 571 1706 599 ut,
1722 578 1730 585 ε

922 615 1151 650 quemadmodum
1167 615 1239 641 idem
1254 614 1333 646 dixit,
1348 622 1401 640 non
1423 614 1574 640 serviamus
1586 613 1612 640 in
1630 617 1707 640 vetu-

923 665 991 688 state
1004 661 1109 693 litterte,
1122 660 1170 688 sed
1189 661 1215 687 in
1235 660 1354 687 novitate
1372 660 1493 694 spiritus.
1512 659 1583 686 Idem
1600 666 1709 694 quoque

921 706 1021 740 gratias
1035 713 1119 741 agens
1133 706 1242 733 dicebat
1261 706 1271 722 ³
1285 713 1292 731 :
1312 714 1321 730 1
1336 705 1418 740 Igitur
1429 713 1478 740 ego
1488 706 1544 740 ipse
1554 711 1642 733 mente
1651 713 1709 732 ser-

923 752 967 779 vio
981 752 1031 787 legi
1046 751 1092 779 Dei
1108 762 1114 779 :
1133 760 1216 779 carne
1231 758 1333 784 autent,
1346 751 1396 786 legi
1421 751 1536 786 peccati.
1553 751 1627 778 Nihil
1643 758 1708 786 ergo

921 805 994 824 nunc
1008 797 1190 825 damnationis
1201 802 1242 824 est
1256 798 1290 824 iis
1305 797 1351 831 qui
1367 802 1432 824 sunt
1455 797 1482 823 in
1502 797 1612 823 Christo
1632 794 1706 822 Jesu.

921 842 976 870 Lex
987 843 1058 870 enim
1074 843 1186 878 spiritus
1205 843 1267 870 vita:
1284 843 1311 870 in
1328 842 1438 870 Christo
1449 842 1513 870 Iesu
1526 842 1650 869 liberavit
1664 849 1709 869 me

922 895 937 914 a
952 882 1010 922 Iege
1019 887 1123 922 peccati
1150 889 1170 915 ⁸.
1186 897 1196 914 ι
1215 887 1356 922 Philippus
1365 887 1446 914 etiam
1460 887 1616 914 eunuchum
1633 894 1649 913 a
1665 886 1708 913 lit-

922 938 980 961 tera
996 933 1029 960 ad
1046 933 1171 968 spiritum
1185 938 1343 960 convertere
1360 933 1454 960 volens
1470 933 1559 960 aiebat
1573 941 1580 960 τ
1599 941 1608 958 ‹
1628 932 1707 959 Ιιιιοι⁴

921 979 983 1013 ligis
1003 986 1064 1013 qua:
1087 979 1153 1014 legis
1178 979 1211 1006 ’ἲ
1235 987 1244 1004 ι
1264 977 1356 1005 Talem
1379 986 1488 1013 quoque
1513 978 1636 1012 spiritum
1656 977 1706 1005 Ca-

922 1023 964 1050 Ieb
994 1023 1123 1051 habuisse
1158 1031 1191 1050 ex
1216 1022 1344 1050 Numeris
1359 1029 1466 1051 constat
1479 1043 1486 1055 ,
1507 1023 1562 1051 Deo
1577 1024 1706 1050 dicente:

925 1076 934 1092 1
954 1067 1054 1094 Servus
1070 1075 1148 1095 meus
1161 1067 1253 1100 Caleb,
1270 1068 1333 1103 quia
1354 1068 1442 1096 lactus
1453 1073 1495 1096 est
1509 1068 1579 1095 alius
1595 1068 1707 1103 spiritui

921 1112 948 1139 in
961 1120 993 1139 eo
1004 1134 1011 1145 ,
1031 1117 1057 1140 et
1069 1118 1179 1140 secutus
1192 1118 1234 1140 est
1248 1121 1301 1145 me,
1315 1113 1440 1142 inducam
1461 1113 1549 1148 ipsum
1563 1113 1590 1140 in
1605 1118 1706 1140 terram

922 1157 949 1184 in
967 1165 1049 1192 quam
1067 1158 1123 1186 illic
1139 1159 1279 1194 ingressus
1302 1164 1343 1186 est
1379 1157 1400 1185 ‘.
1429 1169 1439 1185 ι
1462 1158 1563 1193 Nempe
1579 1159 1643 1193 quia
1663 1158 1708 1185 ille

922 1203 974 1230 alia
999 1204 1033 1230 ab
1055 1203 1109 1230 illis
1128 1209 1218 1231 mente
1234 1204 1342 1231 loeutus
1354 1203 1406 1237 sit,
1421 1203 1476 1231 Deo
1490 1203 1543 1231 fuit
1568 1208 1704 1237 acceptus.

922 1249 987 1276 Tale
1001 1249 1064 1276 item
1081 1256 1129 1276 cor
1141 1250 1270 1284 populum
1288 1250 1386 1277 habere
1401 1250 1484 1284 jussit
1498 1249 1568 1277 Deus
1582 1256 1630 1283 per
1641 1248 1707 1275 Eze-

922 1294 1055 1322 ehielcm:
1078 1304 1087 1320 1
1107 1294 1198 1322 Facite
1318 1295 1396 1322 vobis
1412 1302 1461 1321 cor
1475 1301 1576 1322 novum
1588 1299 1615 1320 et
1627 1293 1707 1327 spiri-

922 1345 979 1367 tum
991 1348 1089 1367 novum
1118 1338 1137 1366 '.
1159 1349 1168 1365 r
1186 1339 1253 1373 Quae
1273 1348 1335 1367 cum
1352 1341 1388 1367 ita
1403 1341 1467 1371 sint,
1483 1344 1510 1367 et
1525 1344 1598 1366 tanta
1613 1339 1662 1369 sit,
1678 1341 1708 1364 ut

927 1383 1105 1415 ostendimus,
1119 1383 1262 1418 spirituum
1284 1384 1449 1416 differentia.
1462 1384 1568 1419 atquius
1586 1384 1708 1419 proiecto

927 1429 1053 1464 ageretis,
1068 1429 1101 1460 si.
1113 1429 1160 1456 ubi
1172 1429 1206 1456 de
1221 1433 1312 1456 creato
1328 1429 1424 1464 spiritu
1447 1430 1549 1457 mentio
1567 1429 1636 1457 facta
1651 1430 1710 1458 fue-

926 1475 973 1508 rit.
989 1474 1015 1502 id
1030 1474 1064 1502 de
1076 1475 1166 1509 aliqua
1186 1475 1381 1508 przedictorum
1408 1475 1554 1509 spirituum
1573 1475 1709 1510 intellige-

905 1548 911 1556 ‘
925 1518 1002 1546 retis.
1028 1517 1189 1553 Hujusmodi
1202 1518 1246 1545 ille
1258 1523 1299 1546 est
1312 1518 1345 1546 de
1362 1526 1417 1553 quo
1436 1519 1508 1554 apud
1527 1519 1624 1546 Isaiam
1643 1520 1710 1555 legi-

927 1568 973 1591 tur
989 1570 995 1589 :
1017 1571 1026 1589 1
1043 1563 1190 1590 Cousensit
1201 1563 1282 1590 Aram
1296 1571 1359 1590 cum
1378 1563 1518 1598 Ephraim,
1530 1568 1558 1591 et
1569 1565 1710 1599 obstupuit

925 1608 1016 1636 anima
1029 1608 1100 1643 ejus,
1113 1613 1140 1635 et
1156 1609 1248 1635 anima
1271 1609 1365 1644 populi
1389 1609 1459 1644 ejus,
1477 1610 1709 1644 quemadmodum

925 1654 952 1682 in
965 1654 1033 1682 silva
1052 1655 1134 1682 arbor
1151 1661 1166 1681 a
1179 1655 1277 1689 spiritu
1299 1655 1456 1682 concutitur
1477 1659 1499 1683 ι.
1516 1665 1525 1682 ι
1548 1656 1620 1684 Idem
1645 1657 1709 1684 item

924 1700 968 1728 Iris
982 1700 1074 1728 verbis
1091 1699 1228 1727 indicatur
1244 1710 1251 1727 :
1273 1709 1282 1726 1
1299 1700 1433 1728 Excitavit
1443 1701 1575 1729 Dominus
1583 1702 1708 1737 spiritum

924 1745 952 1774 in
969 1753 1045 1773 mare
1062 1749 1085 1778 ν,
1103 1755 1113 1771 ν
1128 1750 1236 1780 propter
1250 1744 1359 1773 Ionam.
1374 1746 1489 1774 Tonitru
1513 1747 1648 1782 siquidem
1668 1755 1710 1774 se-

922 1796 1045 1827 quuntur
1075 1791 1190 1826 spiritus
1207 1796 1360 1825 ventorum,
1381 1793 1419 1819 uti
1440 1792 1554 1828 contigit
1571 1793 1597 1819 in
1618 1793 1709 1828 pluvia

923 1844 984 1871 quae
1009 1840 1106 1864 eontra
1125 1836 1220 1863 Achab
1251 1837 1361 1870 cecidit,
1383 1837 1615 1872 quemadmodum
1640 1838 1709 1865 scri-

923 1887 1000 1918 ptum
1013 1886 1054 1910 est
1071 1891 1078 1909 :
1096 1890 1106 1908 1
1124 1881 1158 1909 Et
1171 1881 1259 1910 factus
1273 1887 1316 1910 est
1332 1890 1419 1918 usque
1434 1883 1487 1911 huc
1500 1887 1528 1911 et
1543 1891 1630 1919 usque
1640 1884 1706 1917 huc,

922 1932 950 1956 et
959 1928 1019 1956 caeli
1033 1928 1170 1956 obscurati
1183 1932 1250 1956 sunt
1261 1928 1380 1957 nubibus
1392 1934 1419 1957 et
1435 1929 1532 1964 spiritu
1544 1931 1574 1957 ".
1587 1939 1597 1956 ι

88 1982 139 2009 καὶ
150 1981 202 2012 ἕως
211 1977 272 2012 ὧδε,
285 1980 332 2007 καὶ
347 1981 361 2006 ὁ
373 1980 485 2015 οὐρανὸς
500 1977 680 2005 συνεσκότασε
699 1977 825 2012 νεφέλαις
836 1977 884 2002 καὶ
899 1978 1045 2013 πνεύματι.
1062 1986 1072 2002 ι

173 2029 242 2055 Ἀλλ’
255 2029 374 2064 ἐπείπερ
387 2027 517 2063 Χριστοῦ,
534 2027 601 2063 φησὶ
620 2045 629 2057 ,
714 2023 878 2061 μνημονεύει

81 2074 119 2100 τὸ
133 2073 239 2108 Δόγιον,
251 2073 406 2104 ἀκολούθως
416 2073 464 2099 καὶ
478 2072 509 2098 τὸ
524 2071 670 2106 λεγόμενον
680 2069 790 2105 πνεῦμα
801 2068 878 2096 οὐδὲν

80 2120 181 2154 ἓτερον
196 2119 256 2155 ἥτδ
271 2118 383 2154 Πνεῦμα
396 2119 427 2145 τὸ
442 2118 519 2152 ἅγιον
535 2116 588 2152 χρὴ
605 2117 686 2143 νοεῖν.
770 2112 878 2141 Εἷτατὸ

83 2162 139 2197 μὲν
214 2161 485 2197 συνονομάζεσοαιτῷ
493 2160 601 2197 Χριστῷ
608 2160 638 2186 τὸ
644 2159 755 2195 Πνεῦμα
762 2159 794 2186 τδ
801 2159 879 2193 ἅγιον

1011 2027 1109 2055 Verum
1123 2026 1186 2061 quia
1197 2026 1310 2059 Christi,
1329 2026 1467 2061 inquiunt,
1491 2025 1616 2053 meminit
1630 2024 1709 2053 Seri-

927 2076 1017 2107 ptura,
1057 2071 1121 2098 hinc
1132 2071 1161 2098 ﬁt
1176 2074 1206 2098 ut
1220 2071 1333 2105 spiritus
1348 2071 1381 2097 de
1395 2078 1450 2105 quo
1470 2071 1513 2097 hic
1529 2075 1570 2097 est
1584 2069 1710 2104 quatstio,

927 2119 1019 2146 nullus
1031 2118 1101 2145 alius
1117 2117 1309 2152 intelligendus
1328 2117 1363 2144 sit
1380 2121 1477 2151 praeter
1500 2117 1631 2151 Spiritum
1647 2124 1712 2144 san-

927 2168 1013 2191 ctum.
1037 2163 1111 2190 Itane
1135 2171 1201 2197 ergo
1220 2163 1350 2198 Spiritum
1376 2169 1502 2190 sanctum
1525 2171 1579 2190 una
1601 2163 1711 2198 quidem

81 2208 259 2244 ὲθεωρήσατε
269 2216 276 2222 ·
289 2208 320 2234 τὸ
333 2208 362 2234 δὲ
385 2207 499 2243 διαιρεῖν
511 2207 577 2234 αὐτὸ
589 2207 622 2241 τῇ
636 2206 730 2241 φύσει,
748 2205 795 2232 καὶ
811 2206 871 2232 ἀπο

928 2217 989 2238 cum
1006 2209 1116 2236 Christo
1130 2209 1267 2236 nominari
1283 2209 1458 2235 attendistis?
1471 2213 1498 2235 at
1513 2209 1624 2235 ubinam
1636 2208 1711 2234 illum

82 2255 203 2288 ξενίζείν
217 2255 270 2282 ἀπὸ
284 2254 332 2281 τοῦ
343 2254 420 2285 Υἱοῦ,
431 2254 482 2280 ποῦ
496 2253 690 2288 κατενοήσατε,
705 2252 747 2278 ὃτι
759 2251 805 2278 τὸν
829 2250 879 2286 μὲν

81 2300 205 2336 Χριστὸν
218 2300 312 2334 λέγετε
329 2300 366 2335 μὴ
390 2298 459 2326 εἶναι
480 2299 597 2333 κτίσμα,
620 2298 651 2324 τὸ
672 2297 704 2324 δὲ
799 2297 875 2331 ἅγιον

82 2344 202 2380 Πνεῦμα
218 2345 322 2380 κτίσμα
337 2345 450 2378 λέγετε;
463 2343 519 2370 Καὶ⁸
532 2343 630 2371 ἄτοπόν
644 2343 702 2369 ἐστι
719 2341 753 2369 τὰ
764 2341 879 2378 ἀνόμοια

79 2392 121 2426 τῇ
135 2390 216 2425 φύσει
237 2390 440 2426 συνονομάζειν,
466 2389 513 2416 καὶ
537 2388 717 2421 συνδοξάζειν.
742 2388 809 2415 Ποία
824 2387 878 2423 γὰρ

81 2437 226 2469 κοινωνία,
243 2436 260 2472 ἢ
278 2437 343 2463 ποια
355 2436 482 2472 ὁμοιότης
493 2435 531 2471 τῷ
542 2435 671 2470 κτίσματι
686 2434 753 2468 πρὸς
762 2434 809 2461 τὸν
822 2434 879 2460 κτι-

83 2490 172 2517 στην;
198 2482 275 2508 Ἐπεὶ
292 2482 352 2517 ὥρα
363 2482 436 2517 ὑμᾶς
446 2482 493 2508 καὶ
505 2481 544 2516 τῷ
558 2481 615 2516 Υίῷ
632 2481 808 2516 συναριθμεῖν
832 2480 879 2506 καὶ

83 2527 237 2554 συνάπτειν
254 2528 290 2555 τὰ
312 2528 346 2555 δι’
364 2527 446 2554 αὑτοῦ
463 2527 596 2562 γενόμενα
618 2526 764 2561 κτίσμα-τα.
781 2526 878 2561 Ἤρκει

83 2573 141 2609 μὲν
154 2570 200 2599 οὖν
294 2573 358 2609 περὶ
374 2572 527 2608 πνεύματος
551 2571 660 2607 ἀνέμων
685 2572 754 2598 νοεῖν
780 2571 810 2597 τὸ
831 2579 878 2604 γε-

82 2619 260 2654 γραμμένον,
277 2619 371 2655 ὥσπερ
384 2620 504 2654 εἴργηται-
525 2617 618 2653 ὲπειδὴ
634 2617 662 2643 δὲ
679 2616 879 2652 προφασίζεσοε

80 2673 139 2700 την
150 2665 179 2691 ὲν
189 2665 228 2700 τῷ
243 2664 316 2701 ῥητῷ
328 2666 392 2701 περὶ
406 2664 452 2691 τοῦ
466 2663 584 2699 Χριστοῦ
603 2664 721 2698 μνήμην,
733 2663 879 2696 ἀναγκαῖον

85 2710 158 2738 ιδεῖν
168 2711 288 2745 ἀκριϐῶς
303 2711 332 2737 τὸ
343 2710 498 2746 λεγόμενον,
518 2709 556 2745 μὴ
568 2709 622 2743 ἄρα
631 2708 678 2734 καὶ
693 2708 756 2744 περὶ
773 2707 820 2734 τοῦ
834 2707 879 2734 λε-

927 2259 1051 2282 naturaa
1065 2254 1134 2281 Filio
1159 2254 1244 2281 dividi
1273 2259 1300 2281 et
1323 2253 1443 2288 separari
1469 2253 1650 2286 intellexistis,
1665 2253 1713 2287 qui

927 2300 1067 2328 Christum
1085 2299 1194 2334 quidem
1211 2307 1269 2326 rem
1286 2305 1404 2326 creatam
1426 2307 1479 2326 non
1498 2306 1569 2330 esse,
1586 2298 1633 2326 sed
1650 2298 1711 2332 Spi-

927 2346 1010 2373 ritum
1025 2350 1149 2372 sanctum
1176 2353 1232 2372 rem
1260 2350 1377 2372 creatam
1403 2352 1464 2372 esse
1486 2344 1592 2371 audetis
1605 2343 1714 2371 dicere?

929 2391 1088 2419 Absurdum
1116 2398 1182 2418 sane
1212 2390 1293 2418 fuerit
1313 2399 1344 2418 ea
1362 2399 1422 2425 qnte
1448 2395 1544 2417 natura
1570 2389 1714 2417 dissimilia

928 2442 992 2465 sunt
1005 2437 1087 2464 simul
1109 2435 1251 2463 nominare
1278 2436 1427 2470 cadentque
1452 2435 1538 2470 gloria
1564 2435 1712 2462 eelebrare.

928 2483 994 2516 Quae
1011 2482 1083 2509 enim
1095 2481 1252 2509 communio
1269 2481 1308 2507 vel
1322 2489 1383 2515 qua:
1396 2480 1548 2507 similitudo
1563 2479 1601 2506 rei
1615 2483 1714 2506 creata

928 2535 990 2555 cum
1007 2526 1156 2554 Creatore?
1169 2526 1294 2553 Profecto
1311 2526 1333 2553 si
1349 2526 1385 2552 ita
1402 2529 1454 2556 est,
1479 2525 1548 2552 nihil
1573 2525 1647 2551 aliud
1663 2531 1712 2551 su-

928 2577 1020 2609 pcrest
1032 2580 1114 2608 quant
1128 2577 1157 2599 ut
1172 2571 1241 2599 Filio
1263 2579 1307 2599 res
1321 2578 1390 2606 quas
1416 2571 1474 2605 ipse
1502 2570 1603 2598 creavit
1625 2576 1713 2596 annu-

929 2619 1041 2646 mcretis
1067 2623 1094 2645 et
1120 2617 1303 2652 conjungatis.
1321 2617 1415 2651 Itaque
1443 2616 1510 2644 satis
1527 2616 1639 2651 quidem
1652 2622 1714 2642 esse

930 2665 1073 2692 videbatur
1087 2665 1159 2699 quod
1187 2663 1257 2698 apud
1282 2663 1441 2697 prophetam
1465 2662 1595 2696 scriptum
1617 2665 1659 2689 est
1679 2661 1712 2687 de

929 2711 1025 2745 spiritu
1043 2716 1197 2741 ventorum.
1218 2715 1247 2738 ut
1262 2710 1317 2744 jam
1345 2709 1446 2736 dictum
1473 2714 1525 2741 est,
1552 2707 1711 2742 intelligere.

117 2846 127 2862 ¹
147 2846 233 2874 ICor.
256 2855 297 2878 ut,
318 2847 344 2874 6.
383 2847 393 2862 ¹
412 2846 492 2873 Rom.
505 2853 552 2876 vn,
577 2845 622 2872 Η.
658 2845 669 2861 ³
684 2844 749 2872 ibid.
769 2845 795 2872 6.
833 2844 844 2860 ⁸
862 2843 928 2870 ibid.
941 2843 993 2876 '25;
1018 2850 1076 2870 \‘III.
1095 2844 1119 2873 l.
1137 2844 1163 2870 2.
1203 2844 1213 2859 ⁸
1226 2844 1284 2870 Act.
1302 2850 1359 2874 vtu,
1377 2842 1422 2870 50.
1461 2842 1471 2858 ⁸
1490 2840 1571 2869 Num.
1587 2847 1644 2872 xtv,
1665 2839 1712 2867 21.

80 2882 91 2899 ⁷
112 2883 200 2911 Each.
217 2890 290 2914 mu,
304 2883 349 2910 5L
389 2882 400 2898 ⁸
421 2883 476 2910 lsa.
494 2889 542 2914 vn,
555 2880 582 2907 2.
622 2881 632 2896 ’³
647 2878 709 2908 .lon.
729 2888 747 2913 ι,
769 2880 795 2906 ι.
835 2879 856 2895 ¹⁰

929 2879 995 2912 [ινδ.
1016 2886 1091 2909 xuu,
1114 2879 1157 2906 i5.
