1891 3076
179 135 232 168 695

804 137 995 168 EUTHYMII
1013 136 1194 168 ZIGABENI

1753 136 1811 168 696

181 206 279 234 Verum
300 204 520 240 quandoquidem
540 202 640 230 factam
667 201 766 230 ibidem
793 202 827 230 de
854 201 964 230 Christo

1038 205 1128 240 ›μένου
1148 202 1290 236 κτίζεσθαι
1315 201 1471 237 πνεύματος
1484 201 1653 238 οἰκειοτέραν
1679 200 1810 237 εὕρωμεν

178 251 346 279 mentionem
361 250 492 285 objicitis,
512 254 640 276 accurate
661 256 705 276 res
719 253 761 275 est
778 247 858 275 nobis
875 248 962 283 expli-

178 297 277 330 canda,
295 297 318 324 si
342 295 412 323 forte
433 296 497 330 quid
525 295 623 322 melius
647 295 680 321 de
705 294 757 321 isto
778 294 887 329 spiritu,
914 295 962 329 qui

179 341 268 367 creari
288 340 400 372 dicitur,
415 339 559 366 ostendere
575 339 723 374 possimus.
740 339 810 372 Quid
819 344 862 367 est
882 339 965 375 igitur

179 385 343 413 annuntiare
364 385 434 412 inter
457 385 583 412 homines
599 384 739 411 Christum
765 385 827 419 ejus
847 387 867 418 ¹,
882 394 964 420 quam

179 431 268 465 ipsum
282 430 418 456 hominem
434 429 502 464 ﬁeri,
520 429 645 464 idemque
662 437 724 456 esse
735 437 766 456 ac
781 430 862 457 iilud:
875 440 884 455 ι
897 430 966 459 Ecce

179 476 257 510 virgo
275 476 301 502 in
319 480 396 502 utero
417 475 537 508 habebit,
559 479 586 501 et
612 475 700 510 pariet
726 475 862 508 filium,et
884 484 966 505 voca-

180 522 249 548 bunt
262 528 360 548 nomen
373 520 432 555 ejus
448 520 608 547 Emmanuel
633 521 656 554 ',
667 530 676 546 ι
689 525 715 547 ct
729 521 782 548 alia
793 528 851 555 qua!
863 522 896 549 de
906 521 965 556 ejus

181 566 299 593 adventu
314 565 415 600 scripta
429 566 508 593 sunt?
523 565 592 592 Cum
608 565 690 600 igitur
712 573 745 592 eo
762 565 813 593 loci
833 566 914 593 Verbi
937 567 964 593 in

181 619 291 639 carnem
303 611 434 639 adventus
451 611 637 644 annuntietur,
651 611 757 646 qualem
770 616 889 640 creatum
907 613 964 647 spi-

181 657 264 683 ritum
281 657 430 692 intelligere
447 656 588 688 debemus,
602 660 699 690 prteter
723 656 863 683 hominum
880 657 951 690 spiri

182 706 239 728 tum
250 702 297 735 qui
314 701 432 728 el'licitur
446 705 472 727 et
482 705 638 732 renovatur,
648 700 877 734 quemadmodum
895 700 965 728 Drus

184 757 230 783 per
244 748 412 776 Ezechielem
434 748 572 783 pollicitus
589 752 641 781 est,
668 747 762 775 dicens
783 755 789 774 :
807 756 816 772 ι
840 746 873 773 Ει
898 746 969 773 dabo

183 794 261 821 vobis
275 801 323 821 cor
349 802 466 827 novum,
482 798 509 821 et
525 793 650 828 spiritum
664 801 764 820 novum
781 792 853 819 dabo
869 792 945 819 vobis
959 799 966 818 :

182 844 209 865 et
221 837 345 865 auferam
362 846 410 866 eor
427 838 564 873 lapideum
585 838 618 865 de
643 846 727 865 carne
744 841 844 869 vestra,
858 842 885 864 et
897 837 970 864 dabo

182 884 260 911 vobis
275 891 323 912 cor
351 892 493 916 carneum,
518 889 546 912 et
571 884 703 919 Spiritum
727 891 817 911 meum
844 883 916 910 dabo
936 883 967 910 in
982 875 1002 902 Β

182 930 260 958 vobis
285 931 305 956 ³.
330 939 338 956 ι
356 929 472 962 Quando
488 937 553 965 ergo
567 930 592 956 id
613 929 751 964 impletum
767 932 818 962 est,
831 928 882 955 nisi
906 935 967 954 eum

182 976 291 1003 advenit
306 975 449 1008 Dominus,
462 980 490 1003 et
513 983 563 1003 sua
587 976 673 1011 gratia
691 975 784 1002 omnia
813 975 970 1002 renovavit?

181 1021 268 1049 Porro
284 1022 336 1049 hoc
349 1022 430 1050 etiam
444 1022 469 1049 in
482 1022 541 1050 loco
553 1022 698 1056 spirituum
710 1021 862 1048 differentia
876 1024 968 1048 osten-

181 1068 267 1095 ditur.
288 1067 355 1094 Nam
371 1067 482 1102 spiritus
503 1071 606 1100 noster,
632 1067 656 1094 is
676 1071 718 1095 est
738 1067 784 1102 qui
801 1071 966 1094 renovatur:

181 1113 228 1140 sed
245 1113 376 1148 Spiritum
404 1117 543 1146 sanctum,
558 1120 613 1140 non
637 1113 797 1148 simpliciter
825 1111 964 1147 spiritum.

181 1159 228 1186 sed
241 1166 321 1186 suum
336 1166 398 1187 esse
422 1158 552 1193 Spiritum
565 1158 642 1186 Deus
660 1158 791 1190 declarat,
803 1158 830 1184 in
846 1164 902 1192 quo
916 1156 970 1184 sci-

181 1204 245 1231 licet
257 1204 371 1239 spiritus
385 1209 478 1232 noster
488 1208 646 1237 renovatur,
656 1203 848 1231 utiPsalmista
863 1203 968 1238 psalmo

180 1250 331 1277 centesimo
349 1250 428 1277 tertio
454 1250 608 1278 luculenter
627 1249 726 1276 docet:
742 1258 752 1275 ι
772 1248 887 1276 Auferes
913 1248 970 1283 spi-

179 1295 263 1321 ritum
280 1303 374 1322 eorum
389 1299 416 1323 et
428 1295 565 1327 deficient,
583 1299 613 1322 et
625 1295 652 1322 in
666 1295 804 1330 pulverem
825 1302 905 1322 suum
924 1301 968 1320 re-

179 1343 330 1367 vertentur.
351 1339 469 1368 Emittes
495 1339 628 1375 Spiritum
653 1344 729 1367 tuum
744 1343 772 1366 et
790 1339 966 1369 creabuntur.

178 1391 205 1412 et
224 1385 370 1413 renovabis
395 1386 492 1413 faciem
512 1391 591 1413 terra:
609 1386 649 1413 ⁸.»
667 1384 744 1417 Quod
768 1385 791 1412 si
814 1385 840 1411 in
865 1383 967 1419 Spiritu

178 1430 228 1458 Dei
244 1439 406 1459 renovamur
421 1441 430 1458 ι
446 1439 500 1458 non
518 1438 583 1466 ergo
611 1429 729 1465 Spiritus
751 1433 863 1457 sanctus
884 1429 907 1457 is
925 1433 968 1456 est

178 1477 224 1511 qui
240 1477 452 1508 creari‘dicilur.
466 1477 513 1504 sed
531 1481 625 1504 noster
641 1476 763 1511 spiritus.
774 1475 802 1502 Si
902 1475 966 1502 item

177 1522 242 1556 quia
254 1521 347 1549 omnia
367 1529 415 1556 per
440 1520 556 1548 Verbum
573 1520 644 1548 facta
671 1525 746 1552 sunt,
763 1524 837 1547 recte
860 1520 964 1548 sentitis

1038 1523 1059 1550 κὰ
1070 1524 1100 1550 τὺ
1112 1523 1201 1550 πάντα
1214 1524 1340 1558 γενέσθαι

177 1567 278 1599 Filium
309 1574 364 1594 non
396 1574 458 1594 esse
491 1574 547 1594 rem
573 1571 692 1594 creatam
710 1573 765 1592 :an
792 1573 847 1592 non
874 1565 966 1594 itidem

177 1612 292 1646 impium
314 1616 356 1639 est
381 1619 430 1640 vos
459 1611 592 1646 Spiritum
620 1615 758 1643 sanctum,
772 1610 800 1638 in
817 1618 871 1646 quo
886 1610 968 1639 Pater

177 1665 227 1692 per
243 1657 362 1685 Verbum
379 1657 471 1685 omnia
490 1657 596 1692 perficit
620 1663 647 1685 et
663 1661 787 1690 renavat,
801 1657 967 1686 contendere

178 1712 236 1732 rem
251 1712 313 1732 esse
330 1704 472 1732 creatam?
488 1704 517 1730 Si
533 1704 616 1739 igitur
633 1703 706 1739 quod
728 1702 888 1738 simpliciter
901 1703 967 1731 seri-

178 1756 254 1784 plum
271 1750 307 1778 sit
335 1750 463 1785 Spiritum
488 1750 588 1782 creari,
606 1749 683 1777 illum
711 1749 814 1777 idcirco
835 1747 965 1784 Spiritum

178 1800 303 1823 sanetum
319 1803 380 1824 esse
392 1796 444 1823 sibi
454 1796 521 1831 ipsis
537 1795 640 1823 ﬁnxere
651 1806 656 1822 :
664 1795 720 1830 jam
736 1802 896 1830 persuasum
912 1794 966 1822 illis

178 1842 339 1876 essedebet,
352 1850 407 1870 non
435 1842 567 1877 Spiritum
592 1845 716 1869 sanctum
740 1841 816 1868 illum
834 1848 896 1869 esse
919 1841 965 1875 qui

179 1892 295 1921 creatur,
305 1888 352 1916 sed
366 1893 491 1915 nostrum
502 1895 564 1916 esse
579 1885 625 1922 qui
643 1887 669 1913 in
684 1894 717 1914 eo
729 1891 895 1920 renovatur;
911 1893 966 1922 qua

179 1934 210 1960 de
223 1941 252 1961 re
262 1938 289 1961 et
310 1934 367 1968 ipse
385 1933 470 1961 David
498 1933 551 1961 hoc
572 1933 653 1961 modo
678 1932 862 1968 precabatur:
882 1941 893 1959 ι
910 1932 966 1960 Cor

184 1978 315 2006 mundum
332 1985 394 2006 crea
410 1978 437 2005 in
451 1986 505 2010 me,
521 1977 601 2010 Deus,
618 1983 645 2005 et
659 1977 785 2013 spiritum
803 1983 906 2005 rectum
927 1978 967 2005 in-

186 2032 257 2052 nova
270 2024 299 2051 in
313 2023 464 2051 visceribus
481 2023 546 2049 lueis
561 2026 582 2063 ξ.
601 2033 609 2049 ι

218 2071 286 2098 Cum
313 2070 396 2105 igitur
416 2069 451 2096 ita
464 2069 635 2097 sentiendum
662 2069 699 2097 sit
731 2069 765 2098 de
794 2066 841 2098 illo
870 2071 965 2105 spiritu

183 2119 230 2155 qui
244 2123 362 2152 creatur,
376 2121 555 2153 congruenter
563 2124 673 2152 quoque
688 2116 801 2150 intelligi
823 2119 913 2150 potest
925 2119 965 2143 to-

1013 252 1063 286 τὴν
1078 251 1207 278 διάνοιαν,
1225 250 1258 277 Τί
1270 249 1360 276 τοίνυν
1372 249 1432 276 ἐστὶ
1444 249 1474 275 τὸ
1490 249 1673 282 ἀπαγγέλλειν
1698 249 1739 280 εις
1761 249 1811 274 ἁν-

1014 295 1138 331 θρώπους
1150 295 1195 322 τὸν
1211 294 1329 329 Χριστὸν
1344 292 1440 326 αὑτοῦ,
1452 293 1469 328 ἢ
1485 293 1516 320 τὸ
1531 292 1654 327 γίνεσθαι
1670 292 1755 319 αὐτὸν
1765 292 1811 318 ιν-

1015 341 1134 376 θρωπον,
1152 340 1200 367 καὶ
1216 340 1271 366 ἴσον
1285 337 1352 366 εἶναι
1366 339 1446 365 τοῦτο
1455 339 1495 374 τῷ
1583 338 1683 373 φάναι·
1707 347 1717 364 ι
1740 337 1810 364 Ἰδοὺ

1017 385 1034 419 ὴ
1051 384 1184 419 παρθένος
1205 384 1233 410 ἐν
1249 383 1348 418 γαστρὶ
1371 382 1445 415 ἔξει,
1463 382 1510 409 καὶ
1527 382 1634 414 τέξεται
1656 383 1716 408 υίόν
1727 390 1735 397 ”
1761 382 1811 409 καὶ

1017 430 1162 457 καλέσουσι
1173 430 1204 456 τὸ
1215 430 1300 465 όνομα
1309 428 1392 456 αὐτοῦ
1407 429 1581 464 Ἐμμανουήλ
1589 437 1596 444 ·
1603 437 1613 454 ι
1623 428 1672 454 καὶ
1682 428 1718 454 τὰ
1729 428 1809 458 ἄλλα,

1017 477 1066 504 ὃσα
1084 477 1148 513 περὶ
1168 477 1216 512 τῆς
1239 475 1386 511 ἐπιδημίας
1405 475 1489 502 αὑτοῦ
1503 475 1674 510 γέγραπται;
1704 474 1757 509 τῆς
1779 474 1811 501 δὲ

1017 522 1148 558 ὲνσόιρκου
1161 520 1311 556 παρουσίας
1322 519 1564 555 ἁπαγγελλομένης
1573 519 1694 555 περὶτοῦ
1706 519 1808 554 Λόγου,

1017 569 1093 594 ποῖον
1109 567 1161 603 χρὴ
1183 566 1292 602 πνεῦμα
1311 566 1470 601 κτιζόμενον
1487 567 1571 596 νοεῖν.
1587 567 1612 592 ει
1635 566 1674 602 μὴ
1781 565 1811 592 τὸ

1018 612 1228 648 ἅνακτιζόμενον
1251 611 1305 638 τῶν
1323 611 1475 647 ἀνθρώπων
1497 612 1545 638 καὶ
1565 611 1810 647 ἁνακαινξζόμενον

1015 657 1124 693 πνεῦμα
1135 666 1143 690 ;
1160 657 1246 684 Τοῦτο
1259 657 1314 693 γὰρ
1327 657 1374 684 καὶ
1384 657 1430 684 διὰ
1449 656 1578 693 Ἰεζεκιὴλ
1597 658 1782 692 ὲπεγγείλατο
1794 659 1810 685 6

1016 703 1082 735 Θεὸς
1097 702 1199 737 λέγων·
1221 712 1231 729 ‹
1253 703 1308 729 Καὶ
1327 702 1405 729 δώσω
1420 703 1484 737 ὑμῖν
1505 703 1618 738 καρδίαν
1632 704 1746 739 καινὴν,
1764 704 1810 730 καὶ

1017 751 1127 787 πνεῦμα
1140 751 1233 778 καινὸν
1245 751 1323 779 δώσω
1337 752 1417 787 ὑμῖν·
1432 750 1481 778 καὶ
1500 749 1593 785 ἀφιλῶ
1617 750 1669 785 τὴν
1691 751 1810 786 καρδίαν

1015 798 1066 833 τὴν
1079 798 1181 833 λιθίνην
1191 799 1223 824 ὲκ
1235 798 1285 833 τῆς
1300 797 1401 833 σαρκὸς
1412 797 1491 833 ὑμῶν
1499 805 1505 812 ·
1514 797 1562 824 καὶ
1569 795 1648 824 δώσω
1660 797 1729 832 ὑμῖν
1740 806 1809 833 καρ-

1017 843 1075 871 δίαν
1092 844 1223 880 σαρκίνην
1234 852 1241 859 ·
1255 843 1302 871 καὶ
1318 844 1349 870 τὸ
1361 843 1474 878 Πνεῦμά
1488 851 1538 878 μου
1555 842 1634 869 δώσω
1655 843 1685 869 ὲν
1698 843 1777 878 ὑμῖν.
1796 853 1806 868 ι

1017 889 1085 916 Πότε
1093 890 1125 925 δὴ
1138 889 1217 916 τοῦτο
1296 889 1484 925 πεπλήρωται,
1498 889 1524 915 εί
1542 889 1579 924 μὴ
1590 889 1635 915 ὂτε
1652 889 1810 923 παραγενό-

1018 943 1098 969 μενος
1110 935 1125 961 6
1140 935 1241 971 Κύριος
1250 935 1404 962 ἀνεκαίνισε
1417 934 1452 961 τὰ
1465 934 1554 962 πάντα
1565 935 1598 970 τῇ
1611 934 1704 970 χάριτι
1719 943 1727 966 ς
1743 934 1810 961 ’ἰδοὺ

1017 979 1070 1015 γὰρ
1083 979 1130 1007 καὶ
1145 980 1174 1007 ὲν
1189 979 1226 1016 τῷ
1241 979 1315 1016 ρητῷ
1333 979 1420 1015 τούτῳ
1436 981 1453 1014 ὴ
1472 979 1590 1015 διαφορὰ
1605 980 1660 1006 τῶν
1681 979 1811 1015 ,πνευμά-

1016 1033 1068 1051 των
1084 1026 1237 1052 δείκνυται·
1253 1025 1300 1052 καὶ
1313 1025 1342 1052 τὸ
1360 1025 1408 1060 μὲν
1422 1024 1530 1060 πνεῦμα
1545 1024 1576 1051 τὺ
1592 1025 1671 1060 ἡμῶν
1690 1025 1810 1052 ἀνακαι-

1015 1070 1155 1106 νιζόμενόν
1178 1071 1252 1098 ἐστι·
1275 1071 1305 1098 τὺ
1323 1071 1352 1098 δὲ
1369 1071 1483 1107 Πνεῦμα
1500 1070 1530 1097 τὸ
1550 1070 1626 1105 ἆγιον
1641 1072 1691 1106 οὐχ
1713 1071 1810 1104 ἁπλῶς

1016 1115 1134 1150 πνεῦμα,
1151 1115 1208 1142 ἀλλ’
1225 1116 1323 1143 ἑαυτοῦ
1404 1125 1487 1151 φησιν
1498 1115 1564 1142 αὐτὸ
1579 1114 1647 1143 εἶναι
1660 1117 1675 1143 6
1687 1116 1769 1150 Θεὸς,
1780 1118 1810 1143 ὲν

1015 1158 1037 1196 ᾧ
1051 1162 1098 1189 καὶ
1111 1163 1145 1189 τὰ
1155 1162 1234 1198 ἡμῶν
1258 1162 1461 1195 ἀνακαινίζεται
1471 1171 1480 1179 η
1491 1163 1529 1195 ὡς
1543 1163 1590 1189 καὶ
1610 1163 1625 1189 6
1645 1162 1759 1197 ψάλλων
1781 1164 1810 1189 ἑν

1016 1207 1055 1243 τῷ
1068 1207 1205 1242 ἑκατοστῷ
1218 1207 1264 1234 καὶ
1279 1207 1363 1243 τρίτῳ
1374 1206 1475 1242 ψαλμῷ
1497 1206 1589 1241 λέγει⁹
1607 1215 1616 1232 ι
1638 1207 1811 1239 ’Δντανελείς

1015 1251 1046 1278 τὸ
1060 1251 1168 1287 πνεῦμα
1184 1252 1272 1278 αὐτῶν
1282 1271 1289 1284 ,
1305 1252 1352 1278 καὶ
1365 1251 1535 1285 ἐκλείψουσι,
1557 1251 1603 1278 καὶ
1625 1251 1665 1283 εἰς
1675 1243 1728 1277 ’τὸν
1743 1251 1811 1287 χοῦν

1015 1296 1105 1323 αὐτῶν
1116 1296 1335 1332 ἐπιστρέφουσιν.
1359 1296 1565 1329 Ἐξαποστελείς
1577 1297 1608 1323 τὸ
1618 1296 1734 1332 Πνεῦμά
1747 1306 1810 1329 σου,

1016 1342 1063 1368 καὶ
1080 1341 1281 1378 κτισθήσονται,
1299 1343 1346 1369 καὶ
1359 1343 1525 1375 ἀνακαινιείς
1540 1343 1572 1370 τὸ
1589 1344 1737 1378 πρόσωπον
1759 1344 1811 1379 τῆς

1015 1387 1076 1422 γῆς.
1094 1396 1103 1413 ι
1118 1387 1149 1414 El
1166 1387 1193 1414 δὲ
1206 1389 1234 1415 ἑν
1249 1388 1288 1423 τῷ
1311 1388 1449 1423 Πνεύματι
1471 1388 1518 1414 τοῦ
1541 1388 1608 1414 Θεοῦ
1630 1388 1810 1420 ἀνακαινιζό-

1018 1433 1101 1468 μεθα·
1114 1433 1163 1460 οὐκ
1178 1433 1232 1470 ἄρα
1244 1435 1274 1461 τὸ
1285 1434 1397 1470 Πνεῦμα
1409 1434 1439 1461 τὸ
1454 1434 1531 1469 ἂγιόν
1543 1435 1600 1461 ἐστι
1614 1434 1644 1460 τὸ
1662 1433 1709 1460 νῦν
1727 1434 1811 1468 λεγό-

1017 1486 1097 1513 μενον
1105 1478 1212 1514 πνεῦμα
1223 1479 1372 1513 κτίςεσθαι,
1379 1479 1447 1507 ἀλλὰ.
1453 1480 1483 1506 τὺ
1490 1481 1506 1514 ἡ
1511 1479 1634 1515 μέτερον.
1646 1479 1700 1505 Καὶ
1709 1479 1809 1516 εἴπερ,

1425 1524 1469 1551 διὰ
1489 1524 1536 1550 τοῦ
1560 1524 1662 1559 Λόγου,
1678 1526 1811 1559 φρονεῖτε

1016 1569 1105 1600 καλῶς
1120 1569 1156 1605 μὴ
1171 1568 1239 1596 εἶναι
1252 1570 1354 1605 κτίσμα
1369 1570 1415 1596 τὸν
1430 1569 1492 1596 Υίόν
1503 1578 1509 1585 ·
1525 1569 1583 1601 πῶς
1598 1570 1627 1596 οὑ
1643 1569 1811 1605 βλάσφημον

1014 1614 1073 1641 ἐστι
1088 1613 1175 1648 λέγειν
1190 1615 1264 1650 ὑμᾶς
1278 1615 1380 1650 κτίσμα
1394 1615 1424 1641 τδ
1436 1614 1558 1650 Πνεῦμα,
1581 1615 1610 1641 ὲν
1623 1611 1646 1648 ᾧ
1664 1615 1698 1641 τὰ
1715 1616 1812 1643 πάντα

1016 1659 1031 1686 6
1044 1659 1140 1694 Πατὴρ
1152 1659 1196 1686 διὰ
1215 1659 1262 1686 τοῦ
1278 1659 1365 1694 Λόγου
1378 1658 1476 1686 τελειοί
1492 1659 1539 1686 καὶ
1550 1658 1719 1690 ἅνακαινίζει
1734 1660 1812 1692 ;Καὶ

1016 1705 1052 1738 εί,
1066 1704 1111 1731 διὰ
1125 1704 1155 1731 τὸ
1169 1704 1324 1740 γεγράφθαι
1347 1704 1441 1736 ἁπλῶς
1459 1703 1569 1740 πνεῦμα
1589 1704 1742 1738 κτίζεσθαι,
1760 1706 1810 1732 ἀν-

1015 1750 1168 1778 ιπλάσαντο
1180 1751 1287 1782 ἑαυτοῖς
1299 1748 1369 1776 εἶναι
1391 1749 1470 1776 τοῦτο
1486 1750 1516 1777 τὸ
1532 1748 1644 1786 Πνεῦμα
1665 1750 1697 1777 τὸ
1713 1751 1810 1785 ἅγιον·

1016 1796 1159 1832 πεισθῆναι
1168 1796 1260 1822 λοιπὸν
1269 1795 1432 1830 ὀφείλουσιν,
1513 1796 1554 1822 δτι
1571 1796 1608 1831 μὴ
1616 1795 1646 1822 τὸ
1653 1796 1772 1831 Πνεῦμα
1783 1798 1811 1824 τὸ

1017 1842 1094 1876 ἆγιόν
1113 1841 1172 1868 έστι
1186 1841 1217 1869 τὸ
1228 1841 1397 1877 κτιζὸμενον,
1410 1841 1478 1868 ἀλλὰ
1499 1842 1530 1867 τὸ
1552 1841 1685 1878 ἡμέτερόν
1699 1843 1760 1869 ἐστι
1780 1842 1812 1869 τὸ

1015 1887 1044 1914 ὲν
1059 1879 1133 1923 αὖτῷ
1153 1887 1411 1922 ἀνικαινιξόμενον’
1430 1887 1494 1922 περὶ
1514 1885 1545 1914 οὗ
1566 1888 1614 1914 κα)⁸
1641 1888 1656 1915 6
1763 1889 1813 1914 Δο-

1015 1931 1059 1959 σιδ
1079 1931 1177 1968 ηὔχετο
1196 1932 1304 1967 ψάλλων
1324 1941 1332 1948 ο
1356 1941 1366 1958 ι
1386 1932 1507 1968 Καρδίαν
1523 1932 1647 1968 καθαρὰν
1665 1931 1764 1960 κτίσον
1785 1934 1813 1960 ὲν

1020 1978 1093 2012 ἐμοὶ,
1110 1979 1124 2004 6
1139 1978 1215 2008 Θεδτ.
1234 1978 1280 2003 καὶ
1295 1976 1403 2010 πνεῦμα
1431 1975 1508 2007 εὺθὲς
1532 1976 1687 2007 ὲγκαίνισον
1705 1977 1736 2003 ἐν
1753 1977 1811 2007 τοῖς

991 2018 997 2021 ”
1018 2024 1148 2060 ὲγκάτοις
1165 2032 1226 2061 μου.
1251 2033 1260 2048 ι

1056 2068 1162 2095 Οὐκοῦν
1200 2067 1248 2096 τοῦ
1295 2067 1455 2103 κτιζομένου
1488 2067 1642 2102 πνεύματος
1673 2067 1808 2099 τοιαύτην

1015 2115 1122 2151 ἔχοντος
1133 2115 1182 2151 τὴν
1203 2115 1336 2147 διάνοιαν,
1355 2115 1514 2150 πρεπόντως
1534 2114 1568 2140 ἂν
1587 2112 1698 2148 νοηθείη
1724 2114 1774 2141 καὶ
1788 2115 1805 2149 ἡ

183 2167 267 2198 nitru,
280 2164 353 2200 quod
369 2163 472 2192 ﬁrmari
487 2162 586 2191 ibidem
607 2163 719 2194 dicitur,
740 2161 827 2189 ﬁdelis
838 2169 928 2189 sermo
941 2165 964 2188 et

1038 2161 1200 2197 τερεουμένη
1226 2160 1323 2196 βροντὴ
1340 2160 1354 2186 6
1372 2159 1466 2191 πιστὸς
1483 2159 1575 2193 λόγος,
1592 2159 1640 2185 καὶ
1655 2159 1806 2192 ἀσάλευτος

184 2211 332 2240 immobilis
356 2210 399 2238 lex
427 2208 539 2243 spiritus
564 2207 670 2242 :cujus
697 2214 758 2235 cum
787 2206 919 2235 Jacobum
941 2210 969 2233 et

183 2256 316 2284 Joannem
329 2254 470 2282 ministros
486 2260 547 2281 esse
560 2253 641 2280 vellet
663 2252 809 2285 Dominus,
822 2251 883 2279 illos
898 2250 968 2278 Boa-

184 2309 280 2337 nerges
308 2299 469 2330 nominavit,
485 2298 559 2333 quod
582 2302 634 2330 est,
653 2296 702 2325 ﬁlii
728 2297 840 2324 tonitrui
854 2297 864 2312 ⁸
879 2316 887 2324 .
900 2295 968 2324 Hinc

184 2347 304 2375 Joannes
333 2353 394 2372 vere
410 2345 514 2372 eccelis
539 2343 658 2371 clamat:
673 2352 683 2369 ‹
703 2343 733 2371 in
757 2343 889 2378 principio
909 2347 968 2370 erat

184 2392 317 2426 Verbum,
330 2396 356 2418 ct
374 2391 491 2418 Verbum
504 2393 562 2417 erat
581 2389 650 2423 apud
670 2388 769 2421 Deum,
781 2393 809 2416 et
821 2387 893 2417 Deus
911 2393 969 2416 erat

183 2438 301 2466 Verbum
322 2442 342 2465 τ.
364 2447 376 2462 ι
393 2437 447 2464 Lex
460 2436 560 2472 quippe
576 2435 651 2470 prius
672 2435 797 2461 umbram
813 2434 966 2462 futurorum

184 2486 316 2512 bonorum
331 2484 435 2512 habuit.
447 2483 516 2511 Cum
546 2486 638 2509 autem
660 2481 787 2508 Christus
812 2480 968 2508 hominibus

183 2530 367 2557 annuntiatus
384 2533 440 2561 est;
453 2532 478 2555 et
499 2527 557 2562 ipse
579 2525 667 2553 adfuit
687 2525 801 2552 dicens:
821 2533 830 2550 ι
847 2523 905 2559 ipse
922 2524 968 2560 qui

183 2577 282 2612 loquor
301 2575 397 2604 adsum
416 2577 450 2608 ⁸;
467 2578 542 2605 tunc,
562 2582 571 2598 ι
589 2577 620 2599 ut
648 2572 717 2600 dixit
737 2571 838 2598 Paulus
854 2591 861 2604 ,
874 2580 883 2596 ι
909 2571 968 2606 ejus

183 2633 234 2651 vox
264 2627 365 2651 terram
393 2621 549 2654 concussit,
582 2627 643 2647 cum
673 2619 698 2646 id
726 2619 801 2654 prius
831 2619 969 2653 pollicitus

183 2674 256 2697 esset
277 2678 284 2697 :
307 2668 402 2696 Adhuc
419 2667 503 2694 semel
525 2673 575 2700 ego
594 2665 709 2692 movebo
730 2672 784 2692 non
802 2665 892 2692 solum
913 2669 969 2692 ter-

184 2724 254 2748 ram,
271 2715 316 2743 sed
330 2719 357 2742 et
379 2714 488 2743 caelum.
505 2712 582 2745 Quod
605 2717 694 2739 autem
719 2712 807 2739 adhuc
829 2710 913 2739 semel
925 2711 968 2738 di-

184 2762 232 2793 cit,
249 2761 369 2788 declarat
391 2759 532 2786 mobilium
551 2757 769 2789 translationem,
789 2762 818 2784 ut
840 2761 967 2784 maneant

1018 2207 1065 2233 τοῦ
1081 2206 1234 2240 πνεύματος
1244 2207 1258 2233 ό
1275 2206 1366 2240 νόμος.
1381 2204 1483 2231 Τούτου
1503 2203 1557 2239 γὰρ
1577 2203 1719 2239 ὑπηρέτας
1735 2203 1806 2231 εἶναι

1019 2253 1101 2280 θέλων
1111 2251 1155 2279 τὸν
1177 2251 1273 2278 Ἰακὼῦ
1284 2251 1331 2277 καὶ
1343 2251 1388 2277 τὸν
1405 2250 1548 2284 Ἰωάννην,
1567 2249 1697 2276 ἐκάλεσεν
1719 2251 1734 2276 6
1752 2249 1807 2276 Kai-

1020 2306 1076 2332 ριος
1087 2297 1245 2332 Βοανεργὶς,
1257 2296 1271 2322 ὅ
1283 2296 1366 2327 ἐστιν,
1379 2295 1432 2322 υἱοὶ
1443 2295 1556 2330 βροντῆς
1565 2303 1572 2310 ο
1584 2295 1598 2321 ὃ
1609 2295 1634 2328 γ’
1648 2292 1696 2320 οὖν
1717 2295 1807 2321 Ἰωάν-

1018 2351 1066 2377 νης
1082 2341 1189 2377 ἀληθῶς
1201 2341 1249 2368 ἀπ’
1264 2340 1380 2376 οὐρανοῦ
1390 2341 1451 2376 βοᾷ·
1467 2350 1476 2366 ι
1495 2341 1538 2367 Ἐν
1550 2341 1619 2375 ἀρχῇ
1633 2337 1668 2375 ἦν
1682 2341 1697 2366 6
1711 2340 1806 2374 Λόγος,

1018 2388 1086 2414 καὶό
1097 2387 1182 2421 Λόγος
1196 2384 1231 2422 ἦν
1241 2386 1309 2422 πρὸς
1325 2386 1372 2413 τὸν
1386 2386 1462 2418 Θεὸν,
1474 2387 1522 2412 καὶ
1535 2385 1601 2417 Θεὸς
1614 2383 1648 2421 ἦν
1660 2386 1674 2411 6
1689 2385 1804 2419 Λόγος.»

1018 2434 1153 2469 Πρότερον
1172 2434 1220 2468 μὲν
1237 2433 1291 2468 γὰρ
1308 2432 1388 2459 σκιὰν
1403 2430 1475 2466 εἶχεν
1492 2432 1506 2458 6
1524 2432 1605 2467 νόμος
1619 2431 1674 2457 τῶν
1696 2430 1807 2467 μελλόν-

1017 2489 1071 2506 των
1084 2480 1207 2514 ἀγαθῶνι
1220 2481 1264 2507 ὅτε
1279 2479 1306 2505 δὲ
1319 2480 1333 2505 ὁ
1343 2478 1460 2513 Χριστὸς
1472 2477 1615 2513 ἀπηγγέλη
1631 2478 1689 2509 τοῖς
1704 2477 1808 2513 ἀνθρώ-

1018 2535 1079 2558 ποις
1100 2527 1147 2553 καὶ
1169 2525 1335 2561 παρεγένετο
1359 2524 1461 2559 λέγων’
1475 2533 1485 2550 ι
1502 2523 1586 2554 Αὐτὸς
1602 2524 1616 2550 6
1632 2523 1724 2550 λαλῶν
1740 2524 1808 2559 πάρ-

1019 2581 1092 2607 ειμι·
1114 2572 1174 2598 τότε
1187 2592 1194 2604 ,
1214 2581 1223 2598 ι
1240 2571 1277 2603 ὡς
1293 2568 1370 2597 εἶπεν
1381 2570 1396 2596 ὁ
1418 2569 1535 2601 Παῦλος,
1549 2578 1559 2595 ι
1581 2570 1599 2604 ἠ
1615 2569 1712 2595 τούτου
1735 2569 1807 2604 φωνὴ

1017 2619 1067 2653 τὴν
1079 2618 1130 2654 γῆν
1144 2617 1299 2649 ἐσάλευσεν,
1312 2614 1547 2650 ἐπαγγειλαμένου
1569 2614 1701 2650 πρότερον
1712 2623 1719 2629 ·
1748 2615 1806 2641 Ἔτι

1019 2664 1092 2697 ἅπαξ
1107 2663 1162 2699 ἐγὼ
1179 2663 1261 2690 σείσω
1342 2662 1373 2688 οὐ
1391 2661 1470 2696 μόνον
1482 2661 1532 2695 τὴν
1547 2660 1608 2696 γῆν,
1624 2659 1692 2687 ἀλλὰ
1705 2660 1806 2688 καὶτὸν

1018 2710 1142 2746 οὐρανόν.
1160 2710 1197 2736 Τὸ
1212 2710 1240 2736 δὲ
1252 2709 1292 2736 ἔτι
1304 2707 1378 2740 ἅπαξ
1393 2707 1468 2743 δηλοῖ
1480 2707 1534 2734 τῶν
1553 2706 1744 2742 σαλευομένων
1758 2707 1805 2741 τὴν

1021 2756 1178 2791 μετάθεσιν,
1195 2755 1238 2782 ἴνα
1254 2755 1334 2790 μείνῃ
1352 2754 1387 2781 τὰ
1404 2754 1441 2790 μὴ
1461 2753 1637 2788 σαλευόμενα.
1663 2751 1709 2779 Διδ
1731 2752 1804 2787 βασι-

223 2839 322 2868 ιΑηιοε
338 2846 374 2870 iv.
396 2839 438 2866 15.
477 2838 487 2853 ¹
499 2837 540 2866 [sa
567 2844 616 2867 vn,
632 2835 675 2864 14.
712 2836 721 2852 ³
737 2835 833 2864 Etecb.
847 2843 937 2870 xxxvr,
953 2835 964 2862 ﬁ

1038 2835 1046 2852 ⁵
1062 2835 1113 2864 Psa
1128 2855 1134 2864 .
1152 2843 1210 2868 cm,
1227 2834 1274 2868 20,
1293 2834 1338 2863 30.
1352 2835 1361 2851 '
1377 2833 1446 2862 Psal.
1460 2841 1485 2868 L,
1502 2832 1546 2861 12.
1583 2831 1686 2861 'ﬂarc.
1701 2839 1742 2863 ιιι,
1763 2830 1805 2859 Π.

187 2872 198 2888 ⁷
211 2873 288 2901 Joan.
312 2883 331 2907 ι,
348 2875 372 2902 1.
411 2873 508 2902 ‘Joan.
526 2879 561 2902 IV.
577 2871 621 2899 26.
