1891 3076
73 134 129 166 697

547 130 733 161 PANOPLIA
756 130 985 161 DOGMATICA.
1000 142 1033 148 -
1045 130 1118 162 Tl'l‘.
1139 131 1190 161 XL

1655 132 1708 163 698

75 203 152 230 λείαν
165 201 313 229 ἀσάλευτον
325 200 593 236 Μραλαμδάνοντες,
610 200 708 235 ἔχομεν
725 199 814 235 χάριν,
833 199 866 226 δι’

924 207 954 228 ea
977 207 1038 235 qua:
1056 204 1120 226 sunt
1134 198 1293 226 immobilia.
1312 199 1406 234 ltaque
1431 207 1544 236 regnum
1568 199 1707 228 immobile

77 247 113 285 ἧς
129 248 296 284 λατρεύομεν
308 247 465 282 εὐαρέστως
544 245 582 280 τῷ
598 245 667 280 Θεῷ.
684 255 694 271 ι
716 246 767 272 Ἦν
780 246 807 272 δὲ
823 245 868 272 λέ-

77 302 123 328 γει
134 292 271 327 βασιλείαν
285 288 363 322 οὗτος
373 290 533 322 ἀσάλευτον,
552 288 654 324 ταύτην
673 288 867 323 στερεωοεῐσαν

77 338 174 373 ψάλλει
185 337 265 364 Δαὸίδ
274 346 280 352 ·
299 346 308 361 ι
336 337 365 363 '0
375 335 476 372 Κύριος
488 335 662 362 ἐϐασίλευσεν
672 354 680 366 ,
702 334 868 369 εὐπρέπειαν

77 384 236 411 ἐνεδύσατο·
255 382 398 409 ἐνεδύσατο
422 380 525 416 Κύριος
545 379 660 414 δύναμιν
673 379 719 405 καὶ
735 377 868 414 περιεζώ-

78 439 155 456 σατο.
170 429 225 455 Καὶ
235 428 289 463 γὰρ
300 427 450 462 ὲστερέωσε
464 426 514 460 τὴν
524 424 695 459 οἰκουμένην,
708 424 769 459 ἣτις
780 424 809 449 οὐ
824 431 869 449 σα-

77 475 250 510 λευθήσεται.
269 481 278 498 ι
299 473 335 498 Τὸ
351 471 405 507 ἄρα
425 470 501 506 παρά
513 469 552 505 τῷ
575 469 701 505 προφήτῃ
719 469 800 504 ρητὶν
818 467 868 504 τὴν

77 519 227 554 ἐπιδημίαν
241 518 288 545 τοῦ
304 518 429 552 Σωτῆρος
442 515 578 551 σημαίνει,
605 516 633 541 ὲν
646 512 719 550 ἦκα).
733 515 812 549 ἡμεῖς
822 514 869 540 άν-

78 565 219 600 εκαινίσθη
224 573 283 600 μεν,
296 565 342 590 καὶ
353 563 454 598 ὁνόμος
464 561 510 588 τοῦ
520 560 674 596 πνεύματος
751 560 868 586 ἀσάλευ-

77 621 125 644 τος
144 611 277 646 διαμένει.
297 609 367 636 Ἀλλ’
381 609 406 635 οί
418 608 456 644 τῷ
471 607 528 635 όντι
546 606 672 642 τροπικοὶ
697 626 705 638 ,
775 605 869 632 συνθέο-

80 666 156 692 μενοι
178 658 233 688 τοῖς
257 656 414 691 Ἀρειανοῖς,
439 654 486 680 καὶ
513 652 688 688 μερισάμενοι
709 652 766 687 μετ’
779 651 869 678 αὐτῶν

77 704 128 740 τὴν
138 705 179 736 εἰς
192 703 241 738 τὴν
252 703 367 737 θεότητα
385 700 570 736 βλασφημίαν,
585 700 629 726 ἴνα
646 699 744 726 ἐκεῖνοι
760 698 810 734 μὲν
823 697 869 725 τὸν

78 751 155 782 Υῐδν,
173 747 245 777 οὗτοι
257 749 285 775 δὲ
301 749 331 775 τὸ
344 748 455 783 Πνεῦμα
466 747 569 782 κτίσμα
590 746 706 780 λέγωσιν
716 754 725 762 ·
753 745 868 780 ἐτόλμη-

80 803 142 826 σαν,
157 795 196 826 ὡς
209 793 284 820 αὐτοί
302 801 378 828 φασι,
396 792 515 827 τρόπους
529 791 610 818 πάλιν
624 791 729 822 ἑαυτοῖς
744 791 868 826 ὲφευρεῖν

79 842 129 869 καὶ
144 840 360 876 παρεξηγείσοαι
376 839 466 866 καὶτὸ
481 837 529 864 τοῦ
552 837 712 864 Ἀποστόλου
741 837 836 873 ῥητὸν,
854 836 869 863 δ

79 887 170 919 καλῶς
182 886 232 922 μὲν
248 886 327 917 αὐτὸς

81 932 257 968 μαρτύρομαι
269 929 381 957 ὲνὼτιιον
389 929 436 956 τοῦ
449 927 516 956 Θεοῦ
531 928 577 954 καὶ
589 927 677 962 Ἰησοῦ
752 927 868 962 Χριστοῦ

79 977 130 1004 καὶ
146 975 201 1002 τῶν
218 974 354 1001 ἐκλεκτῶν
364 973 498 1008 ἀγγέλων,
516 973 559 999 ἵνα
574 971 660 999 ταῦτα
675 970 796 1006 φυλάξῃς
815 979 868 1006 χω-

83 1022 126 1057 ρὶς
136 1020 332 1056 προκρίματος,
345 1020 426 1056 μηδὲν
435 1019 520 1046 ποιῶν
528 1018 599 1046 κατά
676 1016 864 1051 πρόσκλησιν,ι

84 1068 200 1093 Ἐκεῖνοι
213 1066 241 1092 δὲ
258 1066 419 1100 φάσκουσιν,
433 1065 527 1100 ἐπειδὴ
538 1064 584 1091 τὸν
593 1064 658 1091 Θεὸν
675 1064 723 1090 καὶ
737 1063 783 1090 τὸν
801 1064 869 1098 Χρι-

79 1113 142 1138 στὸν
154 1111 305 1146 ὠνόμασεν,
322 1109 380 1137 εἶτα
393 1110 456 1142 τοὺς
469 1110 612 1144 ἀγγέλους,
624 1109 732 1145 ἀνάγκῃ
746 1109 801 1135 τοῖς
815 1109 866 1142 ἀγ-

78 1158 170 1192 γέλοις
196 1156 419 1193 συναριθμεῖσθαι
441 1156 472 1182 τὸ
488 1154 611 1191 Πνεῦμα,
640 1155 690 1190 τῆς
718 1163 748 1181 τε
777 1154 866 1181 αὐτῶν

77 1202 151 1230 εἶναι
168 1203 322 1238 συστοιχίας
347 1202 394 1229 καὶ
417 1201 483 1228 αὐτὸ
503 1217 513 1232 ι
585 1201 633 1228 καὶ
658 1199 772 1235 ἄγγελον
797 1198 867 1227 εἶναι

79 1248 194 1284 μείζονα
214 1248 269 1274 τῶν
290 1247 388 1274 ἀλλων.
416 1246 528 1282 Πρῶτον
542 1247 591 1281 μὲν
604 1243 650 1273 οὖν
671 1246 719 1281 τῆς
740 1245 866 1277 ἀσεϐείας

77 1295 154 1321 ἐστὶν
169 1293 344 1320 Οὐαλεντίνου
357 1292 436 1319 τοῦτο
449 1292 479 1318 τὸ
495 1291 604 1328 εὕρημα
614 1299 621 1306 ο
643 1292 691 1318 καὶ
707 1291 758 1317 οὐκ
771 1291 866 1318 ἔλαθον

79 1336 155 1366 οὗτοι
170 1339 205 1365 τὰ
221 1338 325 1366 ἐκείνου
401 1336 591 1372 φθεγγόμενοι.
610 1337 727 1367 Ἐκεῖνος
735 1336 789 1371 γὰρ
802 1335 868 1371 ἐφη-

80 1389 139 1414 σεν,
155 1381 205 1411 ὅτι,
216 1380 387 1415 πεμφθέντος
399 1380 447 1407 τοῦ
458 1380 648 1416 Παρακλήτου,
661 1380 866 1416 συναπεστάλη-

79 1433 133 1452 σαν
146 1425 219 1460 αὑτῷ
234 1426 258 1452 ei
275 1425 415 1461 ἡλικιῶται
437 1425 521 1452 αὐτοῦ
537 1427 664 1460 ἄγγελοι·
683 1426 779 1454 ἔπειτα
795 1427 824 1453 δὲ
840 1427 870 1454 τὸ

80 1471 196 1507 Πνεῦμα
213 1471 377 1506 κατάγοντες
463 1472 504 1503 είς
525 1471 589 1502 τοὺς
608 1472 740 1505 ἀγγέλους
761 1472 800 1503 είς
820 1472 870 1507 τὴν

80 1517 185 1553 Τριάδα
197 1517 399 1549 συντάσσοντες.
413 1517 446 1544 Εἰ
462 1517 515 1552 γὰρ
534 1516 603 1552 μετά
617 1517 727 1552 Πατέρα
743 1517 789 1543 καὶ
806 1517 870 1543 Υίὸν

411 885 514 920 ἔγραφε
526 883 650 918 Τιμοθέῳ
664 883 750 917 λέγων
761 891 767 897 -
785 892 794 908 ι
807 883 869 908 Δια·
884 875 904 901 Β

924 246 1112 280 suseipientes,
1129 244 1261 271 habemus
1275 244 1402 278 gratiam,
1416 252 1462 279 per
1474 253 1557 277 quam
1572 246 1708 273 servimus

923 293 1060 327 placentes
1078 291 1131 318 Deo
1152 290 1172 316 ‘.
1193 299 1202 316 ›
1221 290 1300 322 Quod
1323 295 1414 317 autem
1441 291 1485 317 hic
1509 292 1646 319 immobile
1665 300 1709 319 re-

924 346 1006 373 gnum
1024 337 1100 368 dicit,
1115 337 1186 363 idem
1203 336 1340 362 ﬁrmatum
1367 336 1440 363 canit
1465 336 1570 363 David:
1588 347 1596 362 ι
1614 337 1707 364 Domi-

924 390 976 409 nus
990 382 1123 416 regnavft,
1137 380 1264 408 decorem
1283 380 1381 413 induit,
1401 381 1488 408 induit
1508 381 1639 410 Dominus
1655 383 1709 409 for-

926 427 1065 454 titudinem
1078 431 1104 454 et
1117 434 1148 454 ea
1159 426 1299 460 praecinxit
1312 434 1351 454 se.
1361 426 1466 454 Etenim
1491 427 1607 455 lirinavit
1615 429 1707 455 orbem

925 476 1016 502 terrae,
1035 472 1082 506 qui
1102 479 1155 498 non
1174 471 1389 498 commovebitur
1412 475 1432 498 I.
1455 481 1464 497 ι
1493 471 1586 506 Itaque
1609 474 1707 507 quoda

924 518 1056 553 propheta
1080 516 1181 544 dictum
1202 521 1254 548 est,
1269 516 1419 544 Salvatoris
1440 517 1586 544 adventum
1602 518 1707 552 signiti-

924 567 979 594 eat,
995 563 1021 589 in
1036 570 1090 597 quo
1102 566 1129 589 et
1145 569 1194 589 nos
1210 562 1333 590 renovati
1360 570 1467 596 sumus,
1483 567 1510 589 et
1533 563 1575 590 lex
1597 564 1708 597 spiritus

925 609 1072 636 immobilis
1080 612 1246 643 perseverat.
1261 608 1314 635 Sed
1332 608 1370 635 illi
1389 616 1450 635 vere
1471 609 1568 644 tropici
1586 618 1633 636 seu
1646 617 1707 636 ver-

923 655 1016 683 satiles
1033 654 1134 683 {cedere
1163 662 1224 681 cum
1242 654 1352 682 Ariauis
1365 655 1442 688 inito,
1461 663 1493 683 ac
1519 656 1589 682 inter
1605 663 1634 682 sc
1655 655 1708 682 im—

923 703 1021 736 pietate
1032 701 1164 728 adversus
1177 700 1351 728 Divinitatem
1368 701 1464 734 divisa,
1489 706 1518 728 ut
1535 702 1659 729 videlicet
1670 703 1706 728 illi

922 746 1030 777 Filium.
1040 746 1091 781 ipsi
1103 746 1232 781 Spiritum
1244 753 1299 773 rem
1308 750 1426 773 creatam
1439 754 1498 774 esse
1506 751 1640 781 pugnent;
1652 752 1708 774 tro-

922 800 982 828 pos,
993 797 1022 820 ut
1032 793 1111 820 iidem
1120 792 1280 827 loquuntur,
1290 792 1426 827 ellingere,
1445 796 1526 827 atque
1545 793 1609 819 illud
1624 793 1705 819 etiam

920 839 992 874 quod
1002 843 1073 865 recte
1081 838 1114 865 ad
1122 837 1293 864 Timotheum
1303 838 1411 872 scripsit
1420 838 1576 872 Apostolus,
1586 839 1657 865 male
1667 839 1706 865 in-

922 884 1063 918 terpretari
1078 883 1136 910 ausi
1151 887 1232 910 sunt:
1245 892 1254 908 ι
1267 881 1374 914 Testor,
1388 892 1397 908 ι
1413 883 1500 917 inquit
1514 882 1625 915 Paulus,
1644 891 1704 910 teo-

921 936 980 957 ram
997 928 1052 955 Deo
1063 932 1090 956 et
1100 927 1209 955 Christo
1225 926 1307 959 Jesu,
1322 931 1350 954 et
1370 928 1463 954 electis
1480 927 1592 963 angelis,
1604 933 1632 955 ut
1649 929 1704 954 [nec
1738 925 1744 930 “

920 974 1057 1002 custodias
1165 974 1225 1000 sine
1239 973 1405 1007 praeiudicio,
1417 973 1484 1000 nihil
1503 972 1605 1001 faciens
1618 981 1651 1000 ex
1663 974 1705 1000 in-

921 1019 1052 1047 vitatione
1083 1019 1119 1046 ³.»
1132 1018 1170 1046 Ex
1189 1019 1289 1054 quibus
1304 1019 1341 1045 illi
1359 1019 1534 1052 concludunt,
1550 1019 1621 1053 quod
1643 1027 1705 1046 eum

922 1064 1006 1091 Deum
1017 1070 1042 1091 et
1054 1064 1191 1091 Christum
1205 1064 1395 1094 nominaverit,
1411 1064 1564 1098 deindeque
1580 1064 1704 1097 angelos,

921 1117 1031 1137 necesse
1039 1114 1081 1137 est
1094 1110 1219 1144 spiritum
1231 1110 1302 1136 inter
1312 1109 1423 1144 angelos
1431 1111 1618 1142 annumerari,
1628 1117 1706 1137 eum-

921 1163 973 1189 que
980 1162 1012 1182 ex
1021 1155 1128 1181 illorum
1137 1162 1197 1182 esse
1206 1155 1312 1187 ordine,
1323 1159 1404 1189 atque
1413 1155 1538 1190 angelum
1547 1155 1607 1182 aliis
1616 1154 1705 1188 majo-

920 1208 977 1228 rem
985 1208 1056 1228 esse.
1073 1200 1176 1232 Primo,
1195 1200 1246 1228 hoc
1260 1200 1335 1235 impii
1355 1200 1488 1227 Valentini
1502 1200 1640 1227 inventum
1657 1204 1707 1232 est,

920 1253 1008 1281 neque
1022 1246 1087 1273 latet
1101 1246 1174 1280 ipsos
1181 1246 1275 1272 eadem
1285 1246 1402 1272 acillum
1417 1246 1502 1280 loqui.
1516 1245 1562 1272 llle
1570 1245 1704 1280 siquidem

919 1291 998 1323 dixit,
1016 1292 1088 1326 quod
1107 1291 1192 1318 misso
1217 1290 1368 1322 Paraeleto,
1390 1299 1443 1318 una
1470 1299 1531 1318 cum
1549 1292 1595 1318 illo
1623 1291 1704 1318 coaevi

918 1337 978 1371 ejus
996 1337 1083 1372 angeli
1098 1337 1175 1364 missi
1189 1336 1298 1364 fuerint.
1313 1336 1425 1370 Deinde,
1439 1337 1502 1364 dum
1521 1337 1652 1371 Spiritum
1669 1336 1701 1363 ad

918 1382 1077 1416 angelorum
1103 1386 1227 1408 naturam
1252 1381 1401 1416 deducunt,
1426 1391 1480 1411 non
1506 1385 1651 1411 advertunt
1677 1393 1706 1412 si:

923 1427 1033 1462 angelos
1056 1427 1082 1454 in
1104 1426 1238 1454 Trinitate
1258 1428 1401 1456 collocare.
1419 1429 1485 1456 Nam
1509 1431 1532 1458 si
1555 1431 1705 1458 secundum

923 1473 984 1500 illos
1000 1476 1064 1507 post
1078 1472 1186 1499 Patrem
1198 1478 1224 1500 et
1238 1472 1336 1501 Filium
1354 1481 1506 1509 sequuntur
1517 1477 1605 1511 angeli
1615 1485 1622 1503 :
1633 1482 1706 1504 certe

922 1526 937 1545 e
954 1517 1089 1546 Trinitate
1113 1523 1177 1546 sunt
1197 1520 1296 1554 angeli,
1313 1528 1363 1548 nec
1374 1521 1429 1555 jam
1453 1526 1518 1548 sunt
1549 1532 1558 1548 ι
1587 1523 1700 1550 admini-

81 1562 144 1589 κατ’
155 1563 253 1594 αὐτοὺς
270 1563 295 1590 οί
309 1563 431 1598 ἄγγελοι,
453 1562 575 1598 δηλονότι
598 1562 647 1598 τὴν
663 1562 776 1598 Τριάδος
801 1563 866 1590 εἰσὶν

923 1567 1054 1591 stratores
1067 1565 1177 1598 spiritus
1194 1565 1220 1592 in
1241 1566 1422 1594 ministerium
1437 1569 1512 1596 missi
1534 1569 1554 1602 ⁵,
1567 1579 1576 1595 ι
1591 1578 1641 1597 nee
1654 1570 1704 1605 ipsi

79 1608 105 1634 oi
184 1608 304 1642 ἄγγελοι,
321 1609 369 1635 καὶ
382 1607 433 1635 οὐκ
449 1607 489 1634 ἔτι
509 1616 518 1633 ι
538 1606 710 1642 λειτουργικά
728 1607 870 1642 πνεύματα

922 1609 1009 1636 sancti
1023 1609 1187 1643 elIiciuntur,
1201 1611 1246 1638 sed
1264 1612 1355 1646 potius
1366 1613 1434 1641 alios
1449 1619 1559 1642 sanctos
1574 1615 1705 1647 elliciunt.

79 1654 121 1685 είς
137 1653 274 1681 διακονίαν
289 1653 526 1689 ἀποστελλόμενοι,
544 1662 553 1678 ›
570 1652 631 1679 οὐδὲ
646 1651 830 1688 ἁγιαζόμενοι,
845 1653 902 1680 ἀλλ’
918 1655 994 1682 αὐτοὶ
1009 1656 1107 1691 μᾶλλον
1127 1656 1284 1691 ἀγιάζοντες
1297 1658 1392 1690 ἄλλους
1412 1659 1444 1686 ἂν
1457 1658 1521 1687 εἷεν.

143 1709 191 1741 Τίς
226 1707 272 1737 οῦν
288 1711 305 1746 ἡ
319 1710 436 1746 τοσαύτη
462 1710 566 1737 τούτων
591 1710 722 1742 ἀπόνοιας
743 1709 798 1736 Ποῦ
815 1710 869 1737 τῶν

79 1755 197 1791 Γραφῶν
210 1756 291 1784 πάλιν
302 1753 379 1792 εὗρον
391 1756 505 1791 ἄγγελον
587 1755 617 1782 τὸ
627 1755 739 1791 Πνεῦμα
756 1755 871 1791 λεγόμε-

79 1808 144 1834 νον;
168 1800 210 1828 Τά
239 1802 309 1828 αὑτά
334 1802 362 1828 δέ
383 1810 429 1838 μοι
459 1802 515 1832 τοῖς
542 1801 751 1837 προειρημένοις
783 1802 870 1828 εἰπεῖν

78 1846 198 1882 ἀνάγκη.
214 1846 392 1882 Παράκλητος
406 1846 502 1882 ἐλέχθη
526 1846 574 1873 καὶ
592 1845 701 1882 πνεῦμα
723 1846 868 1879 υἱοθεσίας,

79 1892 129 1918 καὶ
143 1891 251 1927 πνεῦμα
265 1891 412 1927 ἀγιασμοῦ,
425 1892 473 1918 καὶ
486 1890 594 1926 πνεῦμα
609 1890 688 1924 Θεοῦ,
706 1891 753 1917 καὶ
761 1890 869 1925 πνεῦμα

39 1950 47 1956 --
60 1969 63 1971 γ
79 1936 200 1972 Χριστοῦ
219 1936 317 1973 ἐλέχθη
332 1945 338 1953 ·
359 1935 477 1972 οὐδαμοῦ
493 1936 522 1962 δὲ
545 1935 672 1970 ἄγγελος,
692 1935 752 1962 οὐδὲ
765 1935 869 1971 ἀρχάγ-

75 1981 170 2029 γελος,
186 1982 246 2009 οὐδὲ
259 1982 368 2018 πνεῦμα
383 1981 530 2014 διακονίας,
548 1979 598 2009 οἷοί
690 1982 758 2008 είσιν
779 1982 803 2008 οί
820 1981 870 2016 ἄγ-

79 2027 156 2064 γε’λρι
165 2036 172 2043 ·
188 2029 255 2056 ἀλλὰ
273 2029 373 2064 μᾶλλον
386 2028 434 2056 σὺν
448 2028 487 2063 τῷ
501 2027 558 2063 Υιῷ
569 2027 616 2054 καὶ
631 2027 697 2054 αὐτὸ
705 2027 868 2054 διακονεῖται

80 2072 228 2110 παρλτοῦ
251 2074 371 2110 Γαϐριὴλ
396 2073 522 2108 λέγοντος
545 2074 579 2109 τῇ
596 2073 707 2109 Μαρίᾳ·
723 2080 735 2100 ί
758 2072 870 2108 Πνεῦμα

79 2120 159 2155 ἅγιον
177 2118 352 2147 ὺπελεύσεται
365 2121 411 2146 ἐπὶ
422 2119 452 2146 σέ
461 2128 470 2136 ·
482 2119 528 2146 καὶ
543 2119 657 2154 δύναμις
673 2118 799 2154 Ὑψίστου
813 2119 871 2144 επι-

80 2167 190 2193 σκιάσει
207 2175 257 2193 σοι.
276 2175 285 2192 ι
299 2165 360 2194 Τῶν
376 2166 404 2192 δὲ
418 2165 534 2201 Γραφῶν
551 2164 590 2200 μὴ
605 2163 743 2198 λεγουσῶν
755 2163 870 2198 ἄγγελον

78 2214 112 2241 τδ
126 2213 254 2249 Πνεῦμα,
275 2213 338 2240 ποία
362 2212 467 2245 τούτοις
489 2211 623 2246 ἀπολογία
652 2211 750 2245 γένοιτ’
768 2210 801 2237 ἂν
821 2210 871 2245 τῆς

1017 1713 1147 1746 Quatnam
1165 1715 1273 1742 tandem
1303 1716 1361 1743 haec
1383 1721 1437 1743 tam
1461 1717 1579 1746 absurda
1596 1719 1704 1747 illorum

923 1757 1059 1784 dementia
1077 1758 1212 1791 est?-Quo
1229 1759 1255 1786 in
1271 1759 1332 1787 loco
1346 1769 1441 1788 rursus
1455 1761 1602 1797 Scriptura:
1622 1772 1707 1792 sacrae

923 1803 1085 1831 invenerunt
1111 1804 1242 1840 Spiritum
1264 1806 1389 1841 angelum
1405 1807 1458 1834 dici
1484 1807 1608 1836 ?Eadem
1633 1811 1705 1838 enim

922 1858 983 1885 quae
996 1850 1053 1885 jam
1067 1851 1134 1884 dixi,
1153 1851 1220 1878 mihi
1237 1856 1358 1883 repetere
1385 1860 1495 1881 necesse
1516 1859 1566 1882 est.
1583 1855 1708 1885 Paracle-

922 1900 966 1923 tus
977 1896 1066 1923 dictus
1083 1900 1125 1923 est
1139 1901 1166 1924 et
1193 1897 1306 1931 spiritus
1334 1897 1500 1932 adoptionis,
1518 1900 1630 1934 spiritus
1644 1909 1707 1929 san-

921 1941 1068 1974 ctimoniae,
1087 1946 1115 1969 et
1125 1941 1225 1969 Christi
1247 1942 1370 1976 spiritus.
1395 1943 1429 1970 At
1443 1952 1582 1980 nunquam
1597 1947 1639 1974 vel
1655 1955 1706 1974 an-

922 1986 998 2022 gelus
1012 1990 1059 2013 aut
1076 1986 1267 2021 arcliangelus,
1279 1989 1446 2023 autspiritns
1456 1990 1598 2019 ministerii
1612 1994 1706 2027 quales

921 2035 985 2058 sunt
998 2030 1095 2066 angeli,
1111 2031 1261 2066 appellatus
1275 2037 1325 2060 est.
1342 2032 1412 2067 Quin
1438 2035 1493 2062 imo
1515 2036 1602 2064 eidem
1619 2042 1646 2064 et
1662 2038 1707 2065 Fi-

920 2075 957 2103 lio
978 2076 1115 2103 ministrat
1133 2076 1242 2104 Gabriel
1272 2085 1335 2104 cum
1359 2078 1449 2106 Maria:
1471 2081 1509 2107 ait
1526 2089 1534 2108 :
1560 2091 1569 2107 ι
1589 2082 1706 2117 Spiritus

921 2126 1031 2150 sanctus
1045 2123 1218 2157 superveniet
1232 2124 1260 2150 in
1284 2129 1320 2157 te,
1331 2129 1359 2152 et
1369 2125 1454 2153 virtus
1467 2126 1599 2156 Altissimi
1609 2129 1706 2156 obum-

920 2166 1010 2194 brabit
1024 2166 1071 2194 tibi
1093 2167 1114 2194 '.
1137 2175 1147 2193 ›
1165 2166 1235 2194 Cum
1250 2168 1333 2203 igitur
1350 2169 1498 2205 Scriptura:
1510 2172 1640 2207 Spiritum
1656 2182 1706 2201 an-

920 2211 1009 2247 gelum
1022 2219 1077 2239 non
1097 2213 1246 2248 appellent,
1263 2214 1327 2248 quid
1341 2217 1526 2244 excusationis
1533 2218 1632 2246 habere
1644 2227 1707 2254 pos-

78 2259 216 2295 τοσαύτης
233 2259 374 2293 ἀλογίστου
387 2259 510 2294 τόλμης;
529 2258 596 2284 ὅπου
613 2265 645 2292 γε
660 2257 707 2283 καὶ
724 2257 738 2283 ό
753 2256 802 2292 τὴν
813 2265 866 2282 τοι-

922 2257 975 2284 sint
994 2257 1021 2284 in
1038 2261 1114 2285 tanta
1136 2263 1245 2294 tamque
1275 2259 1391 2287 absurda
1410 2263 1570 2297 temeritate,
1587 2265 1706 2294 maxime

79 2305 168 2339 αύτην
186 2305 275 2335 αὐτοῖς
293 2304 437 2331 κακόνοιαν
459 2303 621 2338 ὲπισπείρας
643 2302 818 2334 Οὑαλεντῖνος
840 2301 870 2328 τὸ

81 2350 329 2387 μὲναιΠαράκλητον
349 2369 357 2383 ,
434 2349 498 2381 τοὺς
514 2348 542 2375 δὲ
562 2348 693 2383 ἀγγέλους
712 2347 868 2382 ὠνόμασεν·

78 2398 105 2424 εί
118 2397 168 2424 καὶ
180 2397 209 2423 ἐν
221 2396 260 2431 τῷ
275 2396 323 2432 ἴσῳ
330 2395 435 2432 νχρόνῳ,
443 2393 591 2430 ἡλικιώτην
605 2394 661 2425 τοῖς
671 2393 796 2427 ἀγγέλοις
809 2401 870 2419 συν-

78 2442 177 2469 τάσσει
191 2442 238 2468 καὶ
251 2441 333 2473 αὐτὸς
349 2442 379 2468 τὸ
400 2441 512 2476 Πνεῦμα
528 2441 542 2467 ό
565 2439 773 2475 ἀφρονέστατος.
801 2438 869 2464 Ἀλλ’

82 2489 151 2519 Bob,
166 2488 258 2523 φασιν,
270 2488 299 2514 ὲν
309 2487 348 2522 τῷ
358 2487 485 2523 προφήτῃ
495 2486 619 2522 Ζαχαρία
700 2484 869 2520 γέγραπται·

83 2543 95 2559 ¢
109 2533 179 2560 Τάδε
192 2533 265 2567 λέγει
280 2533 293 2559 ό
304 2532 429 2567 ἄγγελος,
442 2533 456 2558 ό
468 2531 556 2559 λαλῶν
566 2532 595 2558 ἐν
610 2529 682 2566 ὲμοί,
700 2539 709 2556 ι
726 2530 781 2556 Καὶ
793 2529 871 2566 δῆλόν

79 2581 168 2610 ἐστιν,
193 2579 234 2605 ὅτι
254 2578 368 2613 ἄγγελον
390 2576 457 2605 εἶναι
481 2577 513 2604 τὸ
539 2576 650 2612 Πνεῦμα
677 2575 803 2612 σημαίνει
825 2576 871 2602 τὸν

79 2626 111 2651 ὲν
127 2624 202 2659 αὐτῷ
216 2624 359 2651 λαλοῦντα.
369 2623 453 2650 Τοῦτο
471 2623 500 2650 δὲ
517 2623 566 2650 οὐκ
577 2623 610 2649 ἂν
624 2620 711 2653 εἷπον,
725 2622 750 2648 εί
766 2622 799 2656 τῇ
810 2621 872 2648 ἀνα-

79 2669 183 2704 γνώσει
197 2670 375 2705 προσέχοντες
390 2667 470 2705 ἦσαν.
491 2669 578 2700 Αὐτὸς
601 2667 655 2703 γὰρ
676 2669 690 2694 ὁ
714 2667 867 2703 Ζαχαρίας,

79 2715 166 2751 ἡνίκα
180 2715 228 2751 τὴν
242 2715 374 2742 ὀπτασίαν
386 2715 450 2751 περὶ
466 2715 515 2750 τῆς
534 2713 643 2749 λυχνίας
658 2713 774 2749 ἑώρακε,
786 2712 851 2747 φησί
861 2721 868 2728 ·

83 2769 94 2783 ο
113 2761 169 2788 Kal.
181 2760 316 2796 ἀπεκρίθη
327 2761 342 2787 ό
354 2760 467 2795 ἄγγελος
479 2761 493 2787 ό
504 2759 590 2786 λαλῶν
603 2759 631 2785 ὲν
643 2759 712 2793 ἐμοὶ,
725 2758 771 2785 καὶ
782 2756 868 2784 εἶπεν·

119 2820 127 2836 ⁸
148 2820 213 2855 Agg.
229 2827 261 2852 ιι,
277 2820 311 2853 ’1;
333 2819 415 2850 ΙΙνὺτ.
443 2829 492 2854 xtl,
520 2820 615 2848 26-38.
654 2822 663 2837 ¹
680 2821 750 2848 Psal.
776 2828 840 2855 xcn,

931 2820 963 2848 ³1
979 2820 1099 2848 Timoth.
1119 2828 1143 2852 v,
1164 2819 1210 2848 2|.
1249 2821 1260 2836 ⁸
1276 2818 1358 2848 llebr.
1385 2827 1406 2852 ι,
1425 2820 1466 2847 Η.

80 2857 92 2871 ¹
107 2854 194 2885 Zzlcli.
215 2863 251 2889 ιν,
272 2855 297 2883 5.

921 2310 981 2330 cum
997 2303 1054 2337 ipse
1069 2302 1238 2337 Valentinus,
1255 2305 1302 2339 qui
1318 2306 1428 2340 impiam
1441 2306 1512 2335 hanc
1520 2315 1636 2337 mentem
1652 2311 1705 2339 illis

920 2347 1051 2380 inseruit,
1076 2348 1151 2375 illum
1170 2349 1291 2383 quidem,
1305 2349 1486 2385 Paracletum,
1502 2353 1552 2381 hos
1571 2363 1644 2387 vero,
1657 2364 1706 2383 an-

920 2391 995 2426 gelos
1011 2392 1202 2426 nominaverit,
1218 2393 1279 2421 licet
1293 2394 1363 2421 idem
1377 2395 1557 2424 stultissimus
1574 2397 1703 2433 Spiritum

920 2437 1022 2472 angelis
1035 2442 1202 2466 coaetaneum
1214 2439 1365 2474 eodemque
1384 2441 1516 2469 duntaxat
1537 2447 1658 2478 tempore
1672 2452 1705 2472 ac

920 2481 980 2509 illos
994 2482 1130 2510 exstitisse
1145 2484 1270 2511 senserit.
1298 2484 1350 2512 Sed
1376 2492 1450 2518 ecce,
1474 2487 1610 2521 inquiunt,
1633 2490 1703 2524 apud

920 2527 1079 2562 prophetam
1104 2526 1266 2555 Zachariam
1290 2529 1423 2564 scriptum
1444 2534 1509 2557 est:
1530 2540 1540 2556 ι
1559 2530 1622 2560 Haec
1638 2532 1704 2560 dicit

920 2575 1030 2608 angelus
1045 2574 1091 2608 qui
1106 2573 1226 2608 loquitur
1240 2575 1267 2602 in
1282 2582 1324 2602 me
1342 2575 1352 2591 ⁶
1367 2595 1375 2602 .
1395 2583 1405 2601 ι
1423 2575 1505 2611 Atqui
1530 2578 1702 2612 perspicuum

919 2622 961 2645 est
978 2618 1023 2646 hic
1038 2619 1150 2654 spiritus
1169 2620 1279 2647 nomine
1295 2620 1419 2656 angelum
1432 2621 1459 2648 in
1477 2621 1536 2656 ipso
1551 2621 1702 2657 loquentem

920 2662 1078 2697 signiﬁcari.
1096 2663 1196 2692 Verum
1218 2665 1244 2692 id
1260 2665 1372 2692 minime
1382 2666 1511 2699 dicerent.
1531 2667 1554 2695 si
1578 2668 1650 2702 quod
1666 2668 1703 2696 le-

921 2713 986 2744 gunt
1002 2710 1101 2737 vellent
1116 2710 1264 2738 attendere.
1287 2709 1354 2737 Nam
1376 2710 1523 2738 Zacharias
1547 2712 1575 2738 in
1603 2713 1688 2740 eande

920 2756 991 2784 labri
1013 2757 1118 2785 visione
1133 2758 1190 2784 ait:
1207 2766 1216 2782 ι
1234 2756 1266 2784 Et
1277 2757 1415 2797 respondit
1426 2757 1537 2792 angelus
1553 2757 1600 2793 qui
1611 2758 1704 2793 loque-

1506 2826 1516 2836 ι
1528 2818 1593 2847 Luc.
1613 2827 1633 2853 1,
1660 2820 1704 2848 55.
