1891 3076
200 141 255 171 6)9

801 140 1000 170 ΕΗΤΠΥΜΠ
1019 141 1201 170 ZlGABENl

1778 149 1828 178 ιω

202 199 282 224 batur
297 196 322 223 in
335 204 389 230 me,
406 201 433 224 ct
444 197 515 224 dixit
532 205 540 230 ;
565 196 704 231 Numquid
729 196 818 224 nescis
831 196 896 230 quid
923 200 980 223 sunt

1041 197 1076 224 οὺ
1096 198 1242 231 γινώσκεις
1265 198 1291 224 τί
1307 199 1363 226 ἐστι
1379 199 1484 233 ταῦτα;
1502 200 1556 226 Καὶ
1568 197 1655 227 εἷπον·
1674 203 1754 237 Οὐχὶ,
1771 205 1826 230 Κύ-

201 243 258 271 htee
269 243 281 270 ?
294 242 326 270 Et
336 243 392 270 dixi
409 251 416 270 :
430 243 501 276 Non,
516 243 641 270 Domine.
655 243 688 270 Et
700 242 851 278 respondit,
868 245 895 269 et
903 242 942 268 ait
954 241 988 268 ad

200 296 255 321 me,
272 290 365 316 dicens
378 298 385 321 ;
400 288 458 316 Hoc
469 295 510 316 est
521 289 633 315 verbum
657 289 763 316 Domini
780 288 813 315 ad
825 287 986 321 Zorobabel,

199 335 294 363 dicens
307 345 314 362 :
329 336 388 363 Non
405 337 432 363 in
459 339 559 364 virtute
579 344 687 371 magna,
700 344 750 364 nec
767 336 795 364 in
809 337 918 369 robore,
939 336 987 364 sed

201 383 228 409 in
245 382 346 417 Spiritu
358 391 430 416 meo,
447 383 513 410 dicit
526 383 658 411 Dominus
678 384 852 418 omnipotens
868 383 888 410 ¹.
910 392 920 409 ι
948 383 987 410 Ex

199 429 301 462 quibus
315 430 398 464 liquet
414 430 542 464 angelum
572 430 618 464 qui
644 431 783 465 propheta:
812 429 984 465 loquebatur,

199 484 255 503 non
294 476 379 503 luisse
406 476 535 510 Spiritum
553 480 691 508 sanctum,
706 475 754 503 sed
781 475 858 503 illum
874 476 984 510 quidem

198 529 259 549 esse
276 521 411 556 angelum,
427 521 499 548 hunc
515 525 604 548 autem
616 528 678 548 esse
688 520 818 556 Spiritum
834 521 879 548 Dei
893 521 983 548 omni-

198 568 325 602 potentis.
343 567 386 593 cui
400 571 427 593 et
445 566 556 601 angelus
571 566 718 596 ministrat.
733 566 836 601 quique
851 574 865 593 a
885 567 983 594 divini-

202 617 257 639 tate
276 611 359 638 dividi
371 613 475 646 nequit.
497 619 529 638 ac
540 612 614 639 verbi
643 612 769 646 proprius
781 617 831 640 est.
858 611 936 645 Quod
960 613 982 639 si

195 658 318 686 Auostoli
333 658 414 685 verba
430 658 508 685 nobis
523 658 715 691 opposuerim,
741 659 786 693 qui
808 659 910 686 scilicet
924 663 984 692 post

195 705 335 730 (.Lhrtstum
349 703 448 730 electos
459 704 570 738 angelos
581 703 731 730 nominavit
743 712 752 737 ;
765 703 855 730 dicant
871 704 981 737 quinam

195 757 229 776 ex
242 749 294 776 illis
306 749 433 776 omnibus
440 748 564 776 Trinitati
578 749 767 784 atljungendus
778 749 833 776 sit?
844 748 898 776 Nec
908 749 981 776 enim

197 803 293 822 omnes
307 803 379 822 unus
396 799 460 822 sunt
473 803 597 822 numero.
614 796 668 822 Aut
682 795 744 830 quis
771 795 879 822 illorttm
892 795 919 822 in
935 802 982 822 co-

198 841 298 868 lumbae
312 841 403 875 specie
415 841 441 868 in
458 840 604 868 Jordanem
628 842 787 869 descendit?
810 841 877 868 Nam
898 841 981 868 millia
996 861 1017 889 Β

199 888 313 913 millium
338 892 364 914 et
395 887 485 914 decies
502 887 599 914 millies
620 887 689 914 dena
715 887 799 914 millia
827 888 984 915 ministrant

197 933 222 959 ei
254 932 274 960 ¹.
301 932 348 960 Vel
362 941 447 968 quare
468 933 546 961 ccelis
569 933 670 968 apertis
695 941 750 961 non
769 934 871 961 dictum
886 939 936 965 est,
951 932 984 960 Et

199 978 339 1005 descendit
362 978 461 1013 aliquis
485 987 519 1006 ex
548 979 641 1006 electis
662 979 776 1015 angelis.
791 980 850 1012 sed,
865 979 983 1014 Spiritus

199 1024 328 1052 sanctus?
346 1025 391 1052 Vel
415 1033 501 1060 quare
524 1025 581 1060 ipse
596 1025 729 1053 Dominus
745 1025 778 1053 de
805 1025 857 1052 line
876 1031 979 1059 tempo-

198 1078 259 1097 rum
274 1078 334 1097 cum
351 1070 492 1106 discipulis
505 1070 654 1104 disserens,
773 1070 900 1097 distincte
920 1070 958 1097 ait
973 1078 980 1096 :

200 1125 210 1142 ι
225 1115 310 1143 Mittet
327 1115 412 1144 Filius
425 1116 543 1144 hominis
554 1117 664 1151 angelos
679 1123 745 1144 suos
759 1116 802 1143 “in
817 1115 883 1144 ltem
895 1120 921 1143 et
934 1123 983 1142 an-

198 1166 241 1188 tea
256 1161 356 1188 dictum
379 1161 490 1189 fuerat:
510 1171 520 1187 (
539 1161 635 1198 Angeli
660 1162 852 1189 ministrabant
872 1161 897 1189 ei
929 1163 948 1188 ⁸.
969 1171 979 1188 ι

199 1207 301 1234 ltermn
317 1215 427 1242 qttoquc
440 1207 508 1235 dixit
534 1217 540 1234 :
556 1217 566 1234 ι
592 1207 711 1235 Exibunt
728 1208 817 1243 angeli
845 1209 865 1235 ⁵.
887 1217 897 1234 ι
912 1207 981 1235 Cum

197 1259 263 1278 vero
275 1251 414 1287 discipulis
429 1257 554 1280 sanctum
574 1253 707 1288 Spiritum
727 1253 815 1285 daret.
826 1253 882 1281 ait:
904 1262 914 1279 ι
932 1253 983 1281 Ac-

196 1297 279 1332 cipite
299 1297 429 1333 Spiritum
449 1303 573 1326 sanctum
609 1299 628 1325 '.
648 1309 657 1324 ι
677 1298 785 1327 Rursus
806 1304 906 1327 etcum
920 1307 982 1328 eos-

197 1343 258 1369 dem
276 1344 309 1370 ad
329 1344 529 1379 prmdicandum
551 1344 624 1372 misit
638 1354 644 1372 :
661 1353 670 1370 t
683 1344 795 1378 Euntes,
812 1345 911 1380 inquit,
936 1345 982 1372 do-

197 1394 255 1416 cete
265 1397 361 1416 omnes
377 1394 480 1425 gentes.
508 1390 679 1425 baptizantes
695 1398 744 1418 eos
761 1390 789 1418 in
805 1392 915 1419 nomine
928 1391 982 1419 Pa-

199 1434 248 1462 tris
272 1439 299 1462 et
318 1435 377 1462 Filii
392 1442 419 1463 et
442 1435 560 1470 Spiritus
575 1436 663 1463 sancti
683 1437 702 1463 '.
719 1446 728 1462 ›
744 1435 799 1464 Nec
810 1437 881 1464 enim
897 1444 980 1472 ange-

197 1480 253 1508 lum
272 1488 334 1508 cum
354 1481 494 1508 divinitate
508 1482 659 1516 copulavit,
675 1489 764 1517 neque
789 1489 840 1510 nos
859 1482 911 1510 sibi
929 1483 981 1518 ipsi

1041 249 1095 275 ριε.
1115 242 1170 268 Καὶ
1195 243 1342 278 ἀπεκρὶθη,
1364 244 1412 270 καὶ
1427 242 1488 270 εἷπε
1503 244 1572 280 πρὸς
1590 245 1624 279 μὲ
1638 245 1739 279 λέγων·
1775 245 1825 274 Ub-

1039 295 1084 319 τος
1099 288 1113 314 ὁ
1132 288 1210 322 λόγος
1236 289 1338 324 Κυρίου
1363 291 1432 324 πρὸς
1454 292 1615 326 Ζοροϐάϐελ,
1640 293 1740 326 λέγων·
1771 296 1826 321 03x

1039 336 1068 361 ἐν
1082 335 1195 368 δυνάμει
1214 336 1330 371 μεγάλῃ,
1348 336 1408 363 οὐδὲ
1424 337 1454 363 ὲν
1470 337 1552 372 ισχύῖ,
1568 338 1626 364 ἀλλ’
1641 339 1671 365 ἑν
1687 340 1825 374 Πνεῦματί

1041 390 1104 417 μου,
1122 381 1197 415 λέγει
1225 382 1327 416 Κύριος
1351 384 1558 418 παντοκράτωρ.
1581 394 1589 410 ι
1618 385 1739 420 Εὔδηλον
1768 386 1824 418 οὖν,

1038 428 1075 458 ὡς
1109 428 1123 453 ὁ
1151 427 1239 454 λαλῶν
1263 428 1379 462 ἄγγελος
1410 428 1450 463 τῷ
1489 431 1616 466 προφήτῃ
1646 431 1697 458 οὐκ
1727 429 1762 468 ἦν
1798 434 1824 459 τὸ

1037 473 1149 509 Πνεῦμα
1164 475 1194 500 τὸ
1210 474 1300 508 ἅγιον.
1318 475 1376 501 ἀλλ’
1392 476 1473 507 αὐτὸς
1488 477 1538 511 μὲν
1555 477 1685 511 ἄγγελος,
1703 478 1736 504 τὸ
1750 479 1779 505 δὲ
1797 479 1824 505 τὸ

1035 519 1146 554 Πνεῦμα
1171 519 1219 546 τοῦ
1251 519 1320 546 Θεοῦ
1351 521 1408 548 ἐστι
1439 521 1486 548 τοῦ
1514 524 1750 558 παντοκράτορος·
1779 525 1824 550 καὶ

1035 565 1199 594 διακονεῖται
1226 567 1276 601 μὲν
1306 566 1373 601 παρ’
1386 567 1513 601 ἀγγέλου,
1546 568 1701 603 ἀδιαίρετον
1718 569 1748 596 δὲ
1776 571 1824 604 τῆς

1036 612 1163 648 θεότητός
1179 614 1246 644 ἐστι,
1265 614 1312 640 καὶ
1327 613 1393 639 [διον
1405 614 1452 639 τοῦ
1467 613 1556 647 λόγου.
1579 615 1656 641 Ἐπεὶ
1668 615 1694 641 εί
1710 616 1741 641 τὺ
1759 616 1824 642 ἀπη-

1038 658 1160 685 στολικὺν
1177 659 1391 693 προφασίζονται
1405 659 1499 694 ῥητὸν,
1517 660 1561 687 διὰ
1570 661 1601 687 τὸ
1615 661 1746 696 εἰρῆσθαι
1759 663 1824 696 μετὰ

1032 703 1077 728 τὸν
1094 704 1208 738 Χριστὸν
1218 704 1281 735 τοὺς
1295 704 1439 735 ἐκλεκτοὺς
1453 704 1597 737 ἀγγέλους,
1611 704 1772 730 εἰπάτωσαν
1784 707 1823 734 τις

1033 749 1064 774 ἐκ
1074 749 1182 775 πάντων
1193 749 1295 776 τούτων
1309 750 1382 776 ἐστὶν
1390 750 1404 776 ὁ
1421 750 1454 784 τῇ
1524 750 1619 785 Τριάδι
1639 750 1820 784 συντασώμεο

1032 803 1091 827 νος;
1109 795 1146 821 Οὐ
1169 794 1223 831 γὰρ
1241 795 1273 830 δὴ
1293 795 1394 827 πάντες
1416 795 1456 828 εἷς
1477 796 1531 822 εισι
1547 795 1584 830 τῷ
1609 795 1732 831 ἀριθμῷε
1749 796 1767 830 ῆ
1786 796 1823 826 τίς

1032 840 1121 867 αὐτῶν
1141 841 1215 866 ἐστιν
1233 840 1247 866 6
1267 840 1404 867 κατελθὼν
1419 842 1459 872 είς
1476 841 1522 867 τὸν
1551 840 1690 876 Ἰορδάνην
1707 841 1739 867 ἐν
1762 840 1824 866 εῖδει

1032 886 1212 920 περιστερᾶς
1226 885 1316 912 Χιλιαι
1333 886 1388 922 γὰρ
1402 886 1521 920 χιλιάδες
1535 885 1588 912 εἰσὶ
1600 886 1648 912 καὶ
1665 885 1766 921 μύριαι
1778 894 1824 920 μυ-

1033 931 1123 966 ριάδες
1134 932 1158 958 oi
1172 931 1402 967 λειτουργοῦντες.
1414 933 1450 959 ’Ἠ
1464 932 1508 959 διὰ
1516 932 1553 964 τί,
1570 932 1762 967 ἀνοιγομένων
1773 932 1824 958 τῶν

1032 977 1170 1013 οὐρανῶν,
1190 978 1240 1004 οὐκ
1257 979 1376 1013 εἴρηται,
1399 978 1455 1005 Καὶ
1472 978 1607 1013 κατῆλθεν
1620 979 1653 1005 ὲκ
1673 978 1732 1005 τῶν
1748 978 1824 1005 ἐκλε-

1033 1022 1105 1049 κτῶν
1119 1022 1254 1057 ἀγγέλων,
1267 1022 1347 1055 ἀλλὰ,
1361 1022 1391 1050 τδ
1410 1023 1523 1058 Πνεῦμα
1535 1023 1566 1050 τὸ
1580 1024 1671 1058 ἂγιον;
1686 1024 1725 1050 Ἢ
1742 1023 1787 1050 διὰ
1800 1024 1823 1049 τί

1031 1068 1112 1099 αὐτὸς
1121 1068 1136 1093 ὁ
1150 1068 1251 1104 Κύριος
1264 1068 1328 1104 περὶ
1344 1069 1393 1104 μὲν
1404 1069 1453 1104 τῆς
1464 1069 1618 1101 συντελείας
1631 1069 1824 1104 διαλεγόμενος

1031 1114 1088 1144 τοῖς
1108 1113 1252 1148 μαθηταῖς,
1265 1113 1427 1140 διαστέλλων
1443 1114 1492 1149 μὲν
1502 1114 1609 1148 ἔλεγεν·
1628 1124 1637 1140 ι
1666 1115 1825 1141 ’Δπτοστελεῖ

1031 1160 1046 1186 ὁ
1061 1159 1126 1191 Υἱὸς
1138 1159 1185 1186 τοῦ
1198 1159 1345 1196 ἀνθρώπου
1372 1160 1435 1192 τοὺς
1458 1160 1589 1194 ἀγγέλους
1606 1161 1709 1193 αὐτοῦς
1740 1171 1750 1186 ι
1772 1162 1825 1188 Καὶ

1031 1206 1085 1242 πρὸ
1099 1205 1201 1232 τούτων
1219 1205 1325 1241 εῐρητο·
1345 1215 1354 1231 ι
1373 1206 1404 1233 Ol.
1419 1206 1529 1240 ἄγγελοι
1550 1206 1688 1241 διηκόνουν
1705 1207 1799 1242 αὐτῷ.
1813 1217 1823 1232 ι

1031 1250 1087 1277 Καὶ
1100 1251 1181 1277 πάλιν
1199 1251 1280 1282 αὐτὸς
1290 1250 1380 1285 λέγει’
1399 1259 1409 1276 ι
1434 1250 1633 1283 Ἐξελεύσονται
1645 1252 1669 1277 οἱ
1680 1251 1823 1285 ἄγγελοι.»

1031 1297 1094 1328 Τοῖς
1115 1297 1144 1323 δὲ
1173 1296 1308 1332 μαθηταῖς
1333 1296 1421 1328 διδοὺς
1440 1296 1515 1330 ἔλεγε
1549 1305 1558 1322 ι
1576 1296 1678 1323 Λάϐετε
1707 1297 1826 1332 Πνεῦμα

1031 1342 1125 1378 ἅγιον·
1148 1352 1157 1369 ι
1172 1343 1343 1369 ἀποστέλλων
1358 1351 1388 1369 τε
1408 1343 1506 1375 αὐτοὺς
1525 1342 1618 1376 ἔλεγε·
1639 1351 1648 1368 ι
1669 1343 1827 1377 Πορευθέν-

1031 1397 1077 1420 τες
1103 1388 1292 1424 μαθητεύσατε
1370 1387 1460 1415 πάντα
1484 1388 1519 1414 τὰ
1545 1387 1827 1424 ἔθνη,›βαπτιζοντες

1031 1434 1129 1465 αὐτοὺς
1143 1435 1182 1465 είς
1195 1433 1225 1460 τὸ
1237 1433 1323 1468 ὄνομα
1337 1433 1384 1460 τοῦ
1404 1433 1511 1469 Πατρδς
1521 1453 1528 1465 ,
1551 1433 1599 1460 καὶ
1616 1432 1661 1460 τοῦ
1675 1432 1746 1459 Υἱοῦ
1755 1453 1764 1464 ,
1779 1434 1826 1459 καὶ

1031 1480 1078 1507 τοῦ
1095 1480 1173 1514 ἁγίου
1188 1479 1357 1515 Πνεύματος.
1380 1489 1389 1505 ι
1407 1480 1445 1506 Οὐ
1467 1479 1522 1515 γὰρ
1541 1479 1655 1514 ἄγγελον
1672 1478 1825 1505 συνέτασσε

197 1529 225 1553 ct
238 1525 313 1553 Patri
327 1526 354 1553 in
370 1534 398 1553 re
415 1532 504 1554 creata
518 1528 670 1562 conjunxit,
684 1527 732 1555 sed
756 1527 784 1555 in
800 1527 902 1562 Spiritu
915 1536 980 1556 san-

1041 1528 1064 1563 ςῇ
1076 1526 1194 1562 θεότητι,
1209 1525 1270 1553 οὐδὲ
1289 1527 1318 1553 ἐν
1335 1526 1464 1561 κτίσματι
1479 1526 1614 1561 συνῆπτεν
1634 1526 1706 1561 ἡμᾶς
1731 1525 1826 1560 ἐαυτῷ

198 1576 252 1604 cto,
267 1579 347 1607 quem
363 1579 424 1599 cum
450 1573 629 1607 promitteret,
645 1581 700 1600 non
728 1573 766 1600 ait
798 1581 828 1600 se
852 1574 979 1609 angelum

199 1617 317 1652 mittere,
329 1617 376 1644 sed
397 1627 406 1642 ί
425 1617 557 1651 Spiritum
571 1618 693 1646 veritatis
709 1618 755 1653 qui
770 1626 786 1645 a
811 1617 892 1646 Patre
917 1627 982 1655 pro-

197 1662 279 1696 cedit,
302 1665 313 1681 ⁸
324 1672 334 1689 ι
353 1663 400 1698 qui
411 1663 483 1691 idem
496 1671 530 1691 ex
542 1663 602 1699 ipso
614 1664 712 1699 accipit
726 1668 753 1691 et
766 1664 858 1692 datur.

292 1803 400 1841 Moyses
412 1810 522 1839 quoque
531 1803 578 1839 qui
596 1803 708 1840 angelos
722 1803 833 1839 quidem
849 1811 893 1832 res
905 1811 982 1831 erea-

199 1857 242 1880 tas
255 1858 328 1883 esse,
356 1850 487 1886 Spiritum
514 1853 606 1877 autem
627 1854 752 1877 sanetum
777 1849 845 1877 Filio
856 1854 883 1876 et
907 1848 981 1876 Patri

198 1898 376 1932 coniunctum
405 1900 529 1930 noverat,
556 1896 612 1924 Deo
638 1895 690 1931 ipsi
724 1895 849 1924 dicente:
868 1905 877 1922 ‹
898 1896 981 1927 Vade,

199 1942 315 1971 ascende
337 1942 372 1970 de
399 1941 460 1969 loco
487 1942 540 1969 isto
564 1946 592 1970 tu
613 1947 640 1969 et
663 1942 780 1977 populus
807 1946 870 1969 tuus
901 1949 981 1976 quem

198 1988 316 2016 eduxit-sti
331 1988 365 2015 de
382 1993 452 2015 terra
463 1986 586 2022 Egypti,
608 1987 635 2014 in
659 1991 760 2014 terram
788 1994 869 2021 quam
892 1985 982 2021 juravi

198 2034 348 2065 Abraham,
367 2032 443 2061 lsaac
463 2037 490 2060 et
515 2032 610 2066 Jacob,
635 2033 748 2060 dicens:
763 2032 864 2060 Semini
888 2036 979 2060 vestro

200 2080 272 2108 dabo
282 2087 341 2107 eam
359 2084 405 2107 :et
425 2080 530 2106 mittam
547 2083 609 2107 ante
633 2079 731 2106 faciem
755 2083 829 2106 tuam
853 2080 979 2114 angelum

203 2134 305 2159 meum,
319 2130 347 2154 et
367 2126 457 2161 ejiciet
466 2125 650 2153 Chananzeutn
666 2129 693 2159 ';
708 2135 717 2152 ι
744 2125 769 2152 id
785 2126 930 2158 recusavit,
944 2126 981 2153 ita

199 2172 368 2207 respondens
383 2179 390 2198 :
409 2180 418 2197 ι
433 2170 489 2199 Nisi
505 2171 563 2206 ipse
579 2171 762 2206 proﬁciscaris
777 2171 931 2204 nobiscum,
947 2178 982 2198 ne

199 2225 243 2246 me
256 2225 289 2244 ex
301 2217 353 2244 isto
365 2214 425 2244 loco
442 2217 541 2245 educas
558 2219 588 2243 ιο.
610 2226 620 2242 ›
635 2215 748 2244 Nolcbat
773 2222 871 2251 nempe
895 2223 981 2251 popu-

201 2263 255 2290 lum
271 2270 329 2290 are
348 2269 439 2290 creata
455 2263 529 2296 duci,
545 2270 579 2290 ne
598 2262 637 2290 rei
664 2266 761 2290 creatae
786 2263 876 2297 potius
900 2269 982 2296 quant

200 2309 256 2336 Deo
268 2309 388 2337 omniunt
403 2308 528 2336 Creatori
544 2307 647 2335 servire
660 2308 805 2335 discerent.
821 2308 900 2334 Certe
912 2307 983 2334 idem

200 2356 246 2383 ille
272 2359 318 2390 qui
340 2355 466 2390 angelum
490 2354 587 2382 ducem
612 2353 714 2381 habere
733 2357 871 2384 renuerat,
899 2354 982 2380 Deum

199 2403 288 2437 ipsutn
304 2407 334 2429 ut
347 2401 390 2428 sui
406 2401 459 2428 dux
481 2404 554 2428 esset
578 2399 692 2434 rogavit.
720 2397 799 2431 Quod
816 2406 879 2425 cum
909 2400 982 2426 Deus

200 2447 336 2482 pollicitus
370 2446 421 2480 ipsi
447 2444 641 2479 responderit:
662 2453 671 2469 ι
698 2443 732 2470 Ει
759 2443 832 2470 istud
867 2443 980 2470 verbum

200 2498 288 2525 tuum,
315 2492 387 2527 quod
416 2492 523 2518 locutus
547 2497 587 2522 es,
605 2489 702 2516 faciam
726 2497 732 2515 :
759 2489 884 2516 invenisti
908 2490 980 2516 enim

201 2539 315 2574 gratiam
329 2545 421 2565 coram
448 2543 502 2568 me,
529 2540 556 2563 et
582 2535 643 2562 novi
659 2539 684 2561 te
700 2542 754 2569 pra:
772 2535 926 2563 omnibus“
942 2543 949 2562 :
968 2545 977 2562 ι

198 2592 260 2611 cum
276 2583 340 2610 item
354 2582 416 2610 inde
428 2582 454 2609 in
470 2580 539 2609 Isaia
560 2581 693 2615 scriptum
708 2588 829 2616 tegamus
848 2590 854 2608 :
872 2590 880 2606 t
898 2580 950 2614 Qui
963 2590 977 2610 θ

197 2635 268 2657 terra
283 2629 376 2656 eduxit
386 2633 522 2662 pastorem
536 2627 626 2654 ovium
641 2635 648 2653 :
662 2626 708 2653 ubi
720 2630 761 2653 est
778 2626 824 2660 qui
846 2631 935 2661 posuit
952 2627 974 2655 is

197 2673 264 2709 ipsis
286 2672 420 2708 Spiritum
441 2676 578 2704 sanctum,
591 2671 638 2706 qui
657 2671 766 2707 Moysen
789 2672 902 2700 dextera
933 2672 981 2700 de-

196 2719 273 2746 duxit
290 2719 335 2745 "'1’
352 2727 361 2744 ι
381 2722 408 2746 et
421 2718 502 2752 paulo
526 2722 588 2752 post
606 2727 612 2745 :
630 2727 640 2744 t
661 2718 808 2745 Descendit
828 2718 944 2754 Spiritus
964 2728 979 2747 a

1030 1580 1061 1599 τε
1072 1573 1119 1599 καλ⁸
1129 1571 1169 1607 τῷ
1179 1571 1277 1607 Πατρὶ,
1292 1571 1349 1598 ἀλλ’
1365 1571 1393 1598 ἐν
1403 1570 1442 1606 τῷ
1455 1571 1596 1607 Πνεύματι
1609 1571 1646 1606 τῷ
1659 1571 1743 1606 ἁγίῳ,
1755 1572 1824 1606 ὅπερ

1031 1617 1112 1649 αὐτὸς
1127 1617 1359 1652 ἐπαγγελλόμενος
1428 1616 1478 1643 οὐκ
1492 1616 1602 1652 εἴρηκεν
1620 1617 1737 1652 ἄγγελον
1757 1618 1825 1644 ἀπο-

1032 1663 1161 1695 στέλλειν,
1175 1663 1243 1690 ἀλλὰ
1254 1673 1263 1688 ι
1275 1663 1306 1689 τὸ
1317 1662 1427 1698 Πνεῦμα
1441 1662 1492 1698 τῆς
1506 1663 1643 1698 ἀληθείας,
1656 1663 1671 1689 ὃ
1684 1663 1766 1698 παρὰ
1779 1663 1824 1690 τοῦ

1031 1709 1139 1744 Πατρδς
1150 1709 1342 1746 ἐκπορεύεται,
1362 1718 1372 1736 ›
1386 1709 1433 1736 καὶ
1449 1710 1481 1736 ἐκ
1505 1709 1553 1736 τοῦ
1576 1707 1659 1736 αὐτοῦ
1686 1709 1826 1744 λαμϐάνει

1031 1755 1079 1782 καὶ
1096 1755 1206 1781 δίδοται.

1132 1811 1187 1838 Καὶ
1195 1810 1299 1846 Μωσῆς
1313 1811 1339 1845 γ’
1353 1808 1411 1842 οὖν,
1425 1810 1568 1845 γινώσκων
1588 1811 1652 1843 τοὺς
1675 1810 1726 1847 μὲν
1739 1812 1827 1846 ἀγγέ-

1029 1856 1093 1889 λους
1105 1857 1252 1892 κτίσματα,
1267 1855 1296 1882 τὸ
1311 1855 1339 1882 δέ
1352 1855 1464 1891 Πνεῦμα
1475 1855 1506 1882 τὺ
1523 1856 1601 1890 ἅγιον
1619 1855 1765 1891 ἡνωμένον
1788 1857 1826 1892 τῷ

1032 1901 1089 1938 Υῑῷ
1103 1901 1200 1937 καὶτῷ
1214 1902 1312 1938 Πατρὶ,
1331 1901 1459 1936 λέγοντος
1474 1901 1549 1937 αὐτῷ
1567 1900 1615 1928 τοῦ
1624 1901 1710 1939 βεοῦι
1737 1911 1749 1928 ‹
1771 1903 1827 1929 Πο-

1034 1947 1112 1984 ρεύου
1125 1968 1132 1980 ,
1149 1947 1265 1984 masne.
1278 1947 1405 1974 ἐντεῦθεν
1419 1947 1451 1974 σὺ
1504 1940 1506 1942 ’
1525 1947 1572 1974 καὶ
1585 1949 1599 1974 ὸ
1611 1947 1674 1980 λαός
1698 1956 1762 1981 σου,
1779 1948 1831 1981 οὓς

1032 1994 1165 2029 ἐξήγαγες
1180 1994 1212 2020 ἐκ
1228 1995 1279 2029 γῆς
1296 1993 1434 2028 Αἰγύπτου
1453 1994 1494 2025 εἰς
1516 1993 1565 2028 τὴν
1588 1993 1650 2028 γῆν,
1667 1993 1701 2029 ἣν
1725 1994 1826 2029 ὤμοσα

1031 2039 1069 2075 τῷ
1088 2039 1222 2075 Ἀϐραὰμ,
1235 2039 1282 2066 καὶ
1297 2039 1336 2074 τῷ
1353 2039 1457 2071 Ἰσαὰκ,
1475 2040 1522 2066 καὶ
1533 2039 1571 2074 τῷ
1597 2038 1696 2065 Ἰακὼϐ
1712 2039 1807 2073 λέγων
1818 2048 1825 2054 ·

1032 2083 1076 2119 Τῷ
1091 2084 1226 2120 σπέρματι
1238 2084 1315 2119 ὑμῶν
1337 2083 1415 2111 δώσω
1431 2085 1515 2120 αὐτήν
1527 2093 1534 2099 ·
1555 2085 1603 2111 καὶ
1629 2086 1826 2112 συναποστεῶ

1031 2129 1085 2165 πρὸ
1100 2130 1244 2166 προσώπου
1261 2139 1308 2156 σου
1325 2130 1369 2156 τὸν
1383 2130 1498 2165 ἄγγελόν
1519 2139 1579 2165 μου,
1596 2131 1644 2158 καὶ
1653 2130 1768 2158 ἐκϐαλεῖ
1780 2131 1826 2157 τὸν

1031 2176 1199 2202 Καναναῖον·
1218 2185 1227 2202 ι
1246 2176 1418 2211 παραιτεῖται
1490 2175 1576 2210 λέγων
1588 2184 1595 2191 ·
1614 2185 1624 2201 ι
1639 2176 1671 2202 El
1686 2176 1723 2211 μὴ
1745 2176 1827 2208 αὐτὸς

997 2238 1018 2266 D
1032 2219 1192 2257 συμπορεύῃ
1214 2220 1273 2256 μεθ’
1290 2220 1380 2256 ἡμῶν,
1396 2221 1433 2256 μή
1448 2229 1481 2256 με
1495 2221 1636 2257 ἀναγάγῃς
1650 2221 1791 2248 ἐντεῦθεν.
1814 2232 1824 2247 ι

1032 2267 1088 2294 Οὐκ
1098 2265 1223 2293 ἐϐούλετο
1235 2267 1289 2302 γὰρ
1300 2266 1403 2302 κτίσμα
1472 2267 1653 2303 προηγεῖσθαι
1676 2267 1725 2294 τοῦ
1747 2268 1825 2298 λαοῦ,

1032 2312 1075 2340 ἵνα
1091 2312 1128 2348 μὴ
1151 2311 1256 2347 μάθωσι
1278 2312 1419 2347 λατρεύειν
1438 2314 1471 2348 τῇ
1496 2314 1584 2340 κτίσει
1605 2313 1682 2348 παρὰ
1703 2314 1753 2340 τὸν
1773 2314 1828 2340 κτί-

1034 2366 1116 2384 σαντα
1128 2357 1163 2383 ea
1174 2358 1263 2384 πάντα
1274 2357 1351 2384 Θεόν.
1373 2357 1492 2392 Ἀμέλει,
1503 2358 1547 2385 τὸν
1559 2358 1673 2392 ἄγγελον
1689 2367 1827 2395 παραιτη-

1033 2403 1158 2438 σάμενος.
1174 2403 1324 2439 παρεκάλει
1340 2403 1420 2430 αὑτὸν
1437 2404 1483 2430 τὸν
1497 2404 1562 2431 Θεὸν
1577 2403 1764 2439 καθηγεῖσθαι
1777 2406 1827 2431 αὖ·

1031 2448 1097 2475 τῶν.
1113 2447 1166 2474 Τοῦ
1178 2447 1206 2474 δέ
1219 2447 1287 2474 Θεοῦ
1301 2447 1534 2483 ἐπαγγειλαμένου
1549 2447 1596 2474 καὶ
1612 2447 1739 2480 εἰπόντος
1758 2449 1826 2484 πρὸς

1032 2493 1112 2520 αὐτόν
1134 2500 1142 2509 ο
1202 2501 1212 2518 ‹
1230 2492 1285 2520 Καὶ
1298 2492 1392 2520 τοῦτόν
1409 2500 1456 2519 σου
1475 2492 1520 2519 τὸν
1534 2492 1612 2527 λόγον
1624 2513 1631 2525 ,
1649 2492 1680 2518 ὃν
1696 2493 1825 2528 εἴρηκας,

1032 2539 1136 2575 ποιήσω
1146 2547 1152 2554 ·
1168 2538 1288 2574 εὕρηκας
1298 2539 1352 2575 γὰρ
1365 2539 1444 2574 χάριν
1458 2538 1571 2566 ἐνώπιόν
1584 2547 1645 2573 μου,
1659 2539 1708 2565 καὶ
1722 2536 1783 2564 οἶδα
1795 2545 1824 2564 σε

1033 2585 1107 2620 παρὰ
1120 2585 1238 2617 πάντας·
1255 2594 1265 2611 ι
1279 2585 1432 2620 γέγραπται
1449 2585 1477 2610 ἐν
1493 2583 1531 2619 τῷ
1550 2584 1664 2618 Ἡσαΐᾳ·
1688 2592 1698 2609 ι
1719 2584 1749 2609 ’0
1760 2583 1824 2609 ἁνα-

1032 2630 1146 2662 ειὸάσας
1160 2631 1193 2658 ἐκ
1206 2631 1254 2664 τῆς
1269 2631 1320 2666 γῆς
1332 2631 1377 2657 τὸν
1392 2629 1509 2665 ποιμένα
1522 2629 1577 2656 τῶν
1591 2628 1738 2663 προὸἀτων
1748 2637 1756 2643 ·
1771 2628 1824 2654 τεοῦ

1035 2672 1199 2703 ὲστινὸϐεὶς
1217 2673 1246 2699 ἐν
1255 2672 1347 2704 αὐτοῖς
1363 2672 1393 2699 τὺ
1410 2672 1522 2707 Πνεῦμα
1547 2672 1577 2698 τὺ
1603 2672 1694 2706 ἅγιον,
1720 2675 1734 2701 ὁ
1762 2676 1825 2701 ἀνα-

1033 2719 1127 2754 γαγὼν
1159 2721 1192 2755 τῇ
1220 2719 1295 2755 δεξιᾷ
1325 2720 1448 2755 Μωσῆν;
1468 2729 1478 2745 ι
1508 2720 1555 2746 καὶ
1577 2720 1636 2756 μετ’
1651 2722 1731 2756 ὀλίγα
1746 2724 1826 2756 φησί·

232 2778 242 2793 ¹
257 2777 374 2813 Zachar.
389 2784 427 2808 tv.
441 2777 467 2810 5,
480 2777 505 2804 6-
537 2779 547 2793 ²
565 2777 633 2804 Dan.
653 2785 700 2809 vn.
728 2779 772 2806 lO.
802 2778 916 2806 ’Matth.
938 2786 998 2812 xnt,
1015 2778 1060 2804 Η.
1098 2778 1109 2794 ⁸
1122 2778 1218 2805 Matth.
1234 2786 1270 2812 tv,
1284 2779 1327 2806 ll.
1366 2780 1375 2795 '
1391 2779 1487 2807 Matth.
1499 2788 1558 2813 xm,
1574 2781 1618 2808 49.
1657 2780 1757 2808 ‘Juan.
1775 2789 1825 2812 υ,

195 2813 241 2839 2‘2.
280 2812 288 2827 ⁷
307 2813 505 2843 Μςιιιιιπηιιι,
523 2813 565 2840 19.
602 2814 613 2829 ⁵
626 2813 704 2840 .luan.
721 2821 766 2846 xv,
792 2814 844 2846 26;
858 2821 913 2847 xvr,
930 2813 974 2840 14.

1041 2812 1122 2841 Exod.
1150 2821 1243 2847 sunt,
1273 2815 1297 2847 l,
1320 2815 1346 2842 2.

200 2849 220 2863 ¹²
237 2849 287 2874 lsa.
304 2855 381 2878 unt,
399 2848 493 2880 ll,l2.

1386 2815 1407 2830 ¹⁰
1426 2816 1492 2842 ibid.
1513 2815 1554 2842 15.
1595 2816 1613 2831 "
1627 2816 1694 2844 ibid.
1717 2817 1759 2847 l7.
1778 2817 1822 2844 ιδ.
