1891 3076
97 130 151 162 701

599 131 785 163 PANOPLIA
807 133 1038 165 DOGMATICA.
1054 147 1087 152 --
1100 135 1172 165 ΤΙΤ.
1194 135 1248 166 Xl.

1668 138 1721 169 702

102 210 112 226 ι
130 199 241 235 Κατέεη
252 198 363 234 Πνεῦμα
376 199 451 235 παρὰ
462 199 564 236 Κυρίου
576 201 622 227 καὶ
632 200 773 236 ὡδήγησεν
782 201 848 228 αὐτο

977 205 1059 231 mtino
1072 209 1099 231 et
1112 205 1208 231 ductor
1219 203 1327 230 illorum
1344 203 1403 231 fuit.
1422 203 1468 231 Sic
1479 204 1580 232 duxisti
1594 204 1723 239 populum

100 245 196 277 υῦτως
213 246 315 280 ἤγαγες
336 245 382 271 τὸν
403 244 469 271 λαόν
494 254 541 272 σου
571 246 687 281 ποιήσας
787 247 892 282 σεαυτῷ

100 291 187 327 ὄνομα
198 291 276 327 δόξης
286 300 292 306 ·
308 301 317 317 ι
331 291 371 323 τίς
382 291 415 318 ἐκ
426 291 527 318 τούτων
537 292 568 318 οὐ
581 293 681 328 συνορᾷ
691 292 739 328 τὴν
752 292 891 328 ἀλήθειαν;

101 336 157 363 Τοῦ
174 336 228 371 γὰρ
241 336 308 363 Θεοῦ
323 337 558 372 ἐπαγγειλαμένου
573 337 762 372 καθηγεῖσθαι,
776 339 830 365 ἰδοὺ
842 339 893 365 οὐκ

102 383 144 410 ἔτι
161 382 273 417 ἄγγελον
287 382 483 416 ἐπαγγέλλεται
503 382 633 417 πέμπειν,
649 383 717 410 ἀλλὰ
736 383 767 410 τὸ
781 383 893 419 Πνεῦμα

102 427 198 459 αὑτοῦ,
215 428 229 455 ὅ
252 428 324 454 ἐστιν
340 427 409 462 ὑπὲρ
423 428 486 459 τοὺς
499 427 631 462 ἀγγέλους
642 448 650 461 ,
673 428 720 455 καὶ
739 429 806 455 αὐτὸ
827 429 894 456 καθ-

101 473 172 509 ηγού
178 472 256 508 μενόν
278 473 335 499 ἐστι
349 472 396 499 τοῦ
411 472 487 501 λαοῦ.
501 473 556 500 Καὶ
569 472 715 506 δείκνυται,
729 474 770 501 ὅτι
792 474 822 500 οὐ
838 474 893 500 τῶν

101 519 272 554 κτισμάτων,
290 518 349 545 οὐδὲ
360 518 474 553 ἄγγελός
492 519 550 545 ἐστι
561 518 591 545 τὸ
603 519 728 554 Πνεῦμα,
752 519 820 546 ἀλλὰ
839 519 894 546 ἄνω

100 565 154 600 τῆς
176 564 291 595 κτίσεώς
314 566 387 591 ἐστιν
415 585 424 598 ,
502 565 642 600 ἡνωμένον
661 566 695 601 τῇ
718 565 824 601 θεότητι
845 565 892 592 τοῦ

103 610 222 646 Πατρός.
241 609 325 641 Αὐτὸς
338 609 418 645 γὰρό
432 609 498 641 Θεὸς
510 610 554 636 διὰ
573 609 620 636 τοῦ
643 610 729 644 Λόγου
758 611 787 637 ὲν
810 611 894 637 Πνεύ-

103 664 171 691 ματι
186 654 331 690 καθηγεῖτο
347 656 394 682 τοῦ
417 655 500 682 λαοῦ·
513 655 574 682 ὅθεν
594 656 641 682 καὶ
663 655 707 682 διὰ
733 656 823 691 πάσης
843 656 894 691 τῆς

102 702 217 737 Γραφῆς
237 709 327 736 φησιν·
347 711 356 727 ι
379 700 449 736 Ἐγὼ
464 702 600 737 ἀνήγαγον
698 701 770 737 ὑμᾶς
793 702 826 728 ὲκ
843 702 895 737 γῆς

102 747 242 781 Αἰγύπτου
253 755 260 762 '
289 747 427 782 μάρτυρες
461 747 540 782 ὑμεῖς
556 748 628 779 ἐστε,
651 747 676 773 ει
689 746 753 779 Θεὸς
769 745 802 783 ἦν
819 747 895 774 ἀλλό-

943 255 1030 279 tuum.
1059 255 1089 277 nt
1109 250 1212 277 faceres
1237 250 1285 277 tibi
1302 257 1401 277 nomen
1423 250 1515 284 gloriae
1539 251 1569 276 l:
1589 259 1599 276 ι
1613 251 1674 284 quis
1691 258 1725 277 ex

943 295 985 322 his
1001 295 1141 322 veritatem
1156 302 1209 321 non
1224 295 1371 330 perspicit?
1386 294 1454 321 Nam
1466 302 1527 322 cum
1545 294 1616 321 Deus
1630 302 1661 322 se
1676 295 1726 321 du-

943 349 1001 368 cem
1019 341 1110 376 populi
1126 340 1182 368 fore
1196 343 1269 368 esset
1288 341 1437 375 pollicitus,
1451 348 1513 367 ecce
1540 348 1594 367 non
1607 340 1662 375 jam
1677 348 1727 367 an-

943 385 1043 419 gelum.
1060 385 1107 412 sed
1121 392 1199 412 suum
1211 384 1353 418 Spiritum,
1364 385 1410 419 qui
1420 384 1523 418 angelis
1538 385 1662 419 superior
1674 388 1726 417 est,

943 430 1083 457 ductorem
1111 429 1202 464 populi
1233 437 1263 456 so
1289 429 1438 456 missurum
1467 429 1612 464 promittit.
1637 428 1728 462 Quare

943 479 1017 509 patet
1036 474 1168 509 Spiritum
1188 482 1242 501 non
1269 482 1302 502 ex
1327 475 1409 503 rebus
1426 475 1525 502 creatis
1541 483 1629 510 neque
1644 483 1728 510 ange-
1754 479 1756 495 ἱ

944 521 999 548 lum
1012 528 1083 552 esse,
1096 521 1144 548 sed
1159 521 1240 548 rebus
1253 521 1383 548 omnibus
1404 521 1503 549 creatis
1520 521 1688 556 superiorem
1701 526 1728 548 et
1752 523 1755 531 ‘

944 565 1032 594 Patris
1058 565 1194 593 divinitati
1219 566 1395 601 conjunctum
1424 574 1495 594 esse.
1521 566 1646 601 Namque
1670 567 1728 602 ipse

945 612 1016 640 Deus
1045 619 1093 647 per
1114 610 1232 640 Verbum
1256 612 1284 639 in
1316 613 1418 648 Spiritu
1447 613 1576 648 populum
1595 613 1727 644 ducebat;

944 658 1017 686 unde
1041 666 1089 694 per
1102 662 1185 686 totam
1207 658 1375 692 Scripturam
1398 663 1532 686 tesmtur:
1552 668 1561 685 ‹
1576 659 1632 694 Ego
1645 658 1728 686 eduxi

945 711 993 731 vos
1005 703 1038 730 de
1056 708 1126 730 terra
1137 702 1248 738 Ευρῑί
1263 711 1269 728 :
1284 706 1366 730 testes
1380 711 1428 731 vos
1440 704 1517 736 estis,
1534 704 1555 730 si
1575 703 1647 730 Deus
1660 703 1727 730 alic-

946 756 997 775 nus
1009 752 1068 774 erat
1078 748 1106 774 in
1116 747 1193 774 vobis
1209 753 1307 782 praeter
1327 755 1370 774 mc
1389 751 1411 774 ¹.
1430 757 1439 773 ι
1455 747 1549 775 Sancti
1567 755 1675 782 quoque
1691 748 1727 774 ita

101 801 178 828 τριος
191 793 219 818 ὲν
236 793 299 828 ὑμῖν
311 791 378 828 πλὴν
390 791 468 827 ἐμοῦ.
491 802 499 818 ι
519 791 573 818 Καὶ
596 793 620 818 οι
634 792 707 827 ἆγιοι
723 792 752 818 δὲ
765 782 847 828 προσς

980 801 1000 821 κο
1022 793 1191 828 loquuntur:
1211 802 1220 819 ι
1246 793 1386 820 Deduxisti
1413 793 1485 820 sicut
1505 801 1570 821 oves
1596 793 1726 828 populum

101 838 180 865 νοῦσι
194 838 233 873 τῷ
246 838 323 873 Θεῷ·
346 848 355 864 ‹
382 838 532 874 Ὡδήγησας
556 838 594 870 ὡς
609 837 733 874 πρόϐατα
755 838 801 865 τὸν
829 838 892 865 λαόν

103 893 153 911 σου
165 894 173 901 ·
188 895 197 911 ι
206 885 264 916 καὶ,
277 894 286 910 ι
298 884 443 920 Ὠδήγησεν
457 884 556 916 αὐτοὺς
567 884 667 920 Κύριος
675 885 719 911 ἐπ’
780 883 868 910 ἑλπίδι
883 904 891 916 ,

102 932 153 958 καὶ
169 931 218 958 οὐκ
237 931 397 967 έδειλίασαν.
423 940 433 957 ι
452 930 546 966 Τούτῳ
562 930 608 957 καὶ
632 930 677 956 τὸν
700 929 783 965 ὕμνον
799 930 893 956 ἀνατι-

102 977 183 1004 θέασι
197 976 319 1012 λέγοντες
330 985 336 993 ι
354 986 364 1002 ι
385 976 430 1011 Τῷ
445 976 600 1010 διαγαγόντι
618 976 664 1003 τὸν
684 975 746 1002 λαὸν
769 975 851 1002 αὐτοῦ
864 976 893 1001 ὲν

101 1024 137 1058 τῇ
156 1023 262 1058 ἐρήμῳ,
273 1023 316 1049 ὅτι
328 1023 368 1054 εις
378 1021 423 1048 τὸν
441 1021 528 1049 αἰῶνα
539 1021 570 1047 τὺ
583 1020 656 1052 ἔλεος
667 1020 759 1047 αὑτοῦ.
775 1029 785 1045 ι
814 1020 843 1046 ὐ
864 1019 893 1046 δὲ

102 1068 194 1104 μέγας
217 1068 320 1103 Μωσῆς
337 1067 456 1102 συνεχῶς
474 1067 606 1102 διηγεῖται
639 1071 647 1079 '
730 1074 738 1090 ι
757 1064 859 1100 Κύριος
879 1065 893 1091 6

103 1115 172 1146 Θεὸς
188 1115 203 1141 ό
227 1113 462 1150 προπορευόμενος
481 1113 535 1148 πρὸ
554 1111 700 1148 προσώπου
717 1111 804 1147 ὑμῶν.
827 1120 836 1137 ι
857 1111 893 1137 Τὸ

103 1160 161 1196 ἄρα
176 1160 222 1187 τοῦ
236 1159 304 1187 Θεοῦ
318 1159 430 1195 Πνεῦμα
444 1159 493 1186 οὐκ
509 1157 541 1185 ἃν
557 1159 600 1193 εῐη
618 1157 742 1192 ἄγγελος,
761 1156 820 1183 οὐδὲ
837 1156 895 1183 κτί-

104 1215 174 1241 σμα,
188 1206 246 1234 ἀλλ’
261 1205 325 1232 ἴδιον
338 1205 387 1240 τῆς
398 1203 523 1240 θεότητος
547 1202 639 1231 αὑτοῦ.
664 1202 717 1229 Τοῦ
736 1202 790 1238 γὰρ
813 1201 895 1228 Πνεύ-

105 1260 193 1287 ματος
211 1251 286 1283 ὄντος
302 1252 331 1278 έν
344 1250 384 1286 τῷ
397 1249 464 1286 λαῷ,
479 1250 492 1277 ὀ
502 1249 568 1281 Θεὸς
581 1249 614 1276 δι’
626 1248 693 1276 Υῐοῦ
709 1249 739 1275 ὲν
755 1249 895 1283 Πνεύματι

104 1294 142 1333 ἦν
155 1297 185 1324 ἐν
197 1297 300 1329 αὐτοῖς.

211 1343 279 1371 ’Δλλ’
292 1343 362 1370 ἔστω
374 1341 470 1375 ταῦτα,
483 1341 550 1377 φασὶ
563 1340 609 1368 καὶ
625 1340 702 1367 αὐτοι
714 1348 721 1356 ·
742 1339 786 1368 διὰ
803 1339 830 1366 τί
847 1336 895 1366 οὖν

104 1389 122 1415 6
152 1388 313 1419 Ἀπόστολος
329 1387 399 1422 μετὰ
426 1386 473 1413 τδν
494 1384 611 1421 Χριστὸν
639 1385 689 1411 οὐκ
717 1384 844 1419 ὠνόμασε
865 1383 896 1410 τὺ

942 844 1018 866 tuum
1046 838 1084 866 ².›
1097 839 1130 866 Et
1141 849 1147 866 :
1160 849 1169 865 (
1186 839 1300 866 Deduxit
1312 846 1360 867 eos
1372 839 1506 867 Dominus
1520 840 1547 866 in
1565 847 1624 874 spe,
1635 844 1728 866 etnon

942 886 1092 913 timuerunt
1113 887 1134 912 ⁸.
1150 895 1160 912 ι
1177 885 1247 914 lluic
1278 886 1365 913 eidem
1393 887 1523 921 hymnum
1546 885 1664 913 oﬂ'erunt
1681 886 1728 920 qui

943 931 1021 958 aiunt
1040 939 1046 958 :
1065 940 1075 957 ι
1087 929 1138 964 Qui
1152 930 1270 958 traduxit
1282 931 1411 966 populum
1426 938 1507 958 suum
1523 938 1570 966 per
1579 930 1728 964 desertum,

942 976 1072 1011 quoniam
1090 976 1118 1003 in
1152 977 1281 1003 sacculum
1313 976 1501 1004 misericordia
1530 977 1590 1012 ejus
1610 979 1633 1003 '.
1648 986 1658 1003 ι
1673 976 1730 1004 Ma-

942 1029 1013 1056 gnus
1036 1029 1102 1049 vero
1128 1021 1234 1057 Moyses
1257 1022 1404 1050 identidem
1426 1023 1549 1057 repetit:
1568 1032 1578 1048 ‹
1597 1022 1730 1051 Dominus

943 1066 1014 1094 Deus
1028 1067 1075 1102 qui
1099 1067 1176 1102 praeit
1199 1072 1262 1094 ante
1289 1067 1386 1096 faciem
1416 1072 1535 1095 vestram
1563 1069 1609 1096 ⁸.»
1636 1068 1730 1103 Itaque

943 1112 992 1140 Dei
1006 1113 1125 1147 Spiritus
1139 1121 1193 1141 non
1210 1118 1252 1141 est
1265 1113 1379 1149 angelus
1396 1121 1485 1148 neque
1509 1121 1553 1142 res
1568 1118 1669 1146 creata,
1681 1113 1730 1141 sed

943 1157 1004 1193 ejus
1023 1157 1172 1186 divinitatis
1187 1163 1229 1186 est
1248 1159 1385 1193 proprius.
1405 1157 1472 1186 Nam
1485 1166 1548 1191 cum
1562 1158 1681 1194 Spiritus
1701 1158 1729 1185 in

944 1203 1046 1238 populo
1062 1207 1146 1237 esset,
1161 1203 1234 1231 Deus
1249 1211 1297 1239 per
1310 1203 1410 1232 Filium
1424 1204 1453 1231 in
1468 1203 1572 1239 Spiritu
1586 1204 1614 1232 in
1631 1203 1729 1232 iisdem

944 1253 1013 1276 crat.

1046 1336 1145 1364 Verum
1160 1336 1218 1364 hac
1230 1335 1268 1364 ita
1279 1335 1344 1369 sint,
1359 1335 1488 1372 inquiunt
1504 1337 1544 1366 illi
1560 1345 1568 1364 :
1583 1345 1633 1365 cur
1644 1337 1730 1373 igitur

946 1383 1093 1419 Apostolus
1109 1387 1171 1418 post
1183 1383 1335 1416 Christum,
1351 1391 1407 1411 non
1422 1384 1552 1418 Spiritum
1663 1392 1729 1412 san—

105 1434 221 1469 Πνεῦμα
236 1433 266 1460 τὸ
283 1433 372 1467 ἅγιον,
384 1431 452 1459 ἀλλὰ
463 1432 525 1464 τοὺς
538 1430 684 1462 ἐκλεκτοὺς
694 1429 844 1464 ἅγγέλους;

982 1437 1030 1461 nn,
1045 1429 1091 1456 sed
1100 1429 1317 1464 electosongelos
1335 1429 1506 1456 nominavit?
1516 1428 1599 1464 Atqui
1610 1428 1681 1457 idem
1694 1430 1728 1457 ab

105 1480 174 1508 αὐτὸ
188 1481 210 1507 δ’
222 1479 254 1506 ἄν
263 1488 305 1512 τις
319 1479 419 1510 αὐτοὺς
435 1478 592 1514 ἐρωτήσειε·
608 1475 658 1503 Διὰ
670 1476 696 1502 τι
711 1475 749 1511 μὴ
761 1474 897 1510 ἀρχαγγέ-

105 1525 183 1559 λους,
192 1525 260 1560 μηδὲ
333 1522 476 1560 χερουεὶμ,
494 1522 561 1558 μηδὲ
573 1521 695 1556 σεραφὶμ
703 1539 710 1551 ,
728 1519 796 1555 μηδὲ
807 1519 899 1555 κυριό-

104 1580 203 1608 τητας,
218 1570 285 1606 μηδὲ
298 1569 418 1605 θρόνους,
431 1568 500 1603 μηδὲ
513 1567 607 1603 ἔτερόν
623 1575 661 1600 τι,
678 1565 736 1592 ἀλλ’
753 1564 898 1595 ἐκλεκτοὺς

106 1617 208 1654 μόνους
220 1616 353 1651 ἀγγέλους
366 1615 508 1650 ὠνόμασεν
524 1613 538 1639 6
551 1611 675 1645 Παῦλος;
689 1609 752 1647 Ἆρ’
769 1609 826 1642 οὖν,
836 1610 897 1637 ἐπεὶ

107 1664 148 1701 μὴ
164 1663 251 1694 οὕτως
263 1662 414 1697 ὠνόμασεν,
429 1661 455 1687 οἱ
469 1659 580 1694 ἄγγελοι
594 1657 757 1694 ἀρχάγγελοι
769 1658 838 1684 εἰσιν
847 1677 855 1689 ,
877 1656 893 1692 ἢ

108 1710 186 1746 μόνοι
201 1707 310 1743 ἄγγελοι
329 1707 394 1739 εισι,
408 1705 456 1733 καὶ
472 1704 534 1732 οὔτε
550 1704 689 1740 σεραφὶμ,
709 1703 726 1738 ἢ
743 1701 892 1738 χερουᾶμ,

106 1756 160 1783 οὐκ
171 1753 345 1791 ἀρχάγγελοι,
360 1752 422 1779 οὐδὲ
433 1751 608 1795 κυριότητεςι
619 1750 649 1776 οὐ
661 1748 762 1784 Θρόνοι,
779 1748 829 1795 οὐκ
846 1748 894 1783 ἀρ-

106 1802 166 1838 χαὶ,
181 1801 230 1836 οὐχ
251 1799 345 1835 ἕτερόν
358 1807 384 1826 τι
398 1798 488 1831 ὲστίνς
507 1796 588 1824 Ἀλλὰ
600 1794 679 1823 τοῦτό
691 1796 765 1821 ἐστιν
774 1794 896 1828 ἀνάγκην

108 1847 162 1882 μὲν
174 1845 329 1873 ἐπιϐάλλειν
338 1843 377 1880 τῷ
397 1843 561 1877 Ἀποστόλῳ,
576 1841 620 1869 διὰ
638 1841 664 1868 τι
680 1841 718 1876 μὴ
730 1840 825 1872 οὕτως,
839 1839 896 1866 ἀλλ’

107 1892 196 1924 οὓτως
207 1890 336 1927 ἔγραψεν,
353 1890 460 1924 ἀγνοεῖν
473 1889 502 1916 δὲ
514 1887 563 1920 τὰς
576 1887 650 1918 Θείας
660 1886 782 1922 Γραφὰς,
796 1886 843 1912 καὶ
854 1885 898 1912 διὰ

106 1936 190 1964 τοῦτο
204 1934 355 1962 πλανᾶσθαι
368 1934 433 1969 περὶ
520 1933 569 1968 τὴν
589 1931 728 1967 ἀλήθειαν.
757 1931 822 1957 Ἰδοὺ
843 1929 897 1966 γὰρ

108 1981 188 2017 παρὰ
198 1980 247 2016 μὲν
257 1979 297 2015 τῷ
308 1979 407 2014 Ἦσαῖᾳ
418 1978 572 2014 γέγραπται
581 1985 588 1992 ·
603 1986 613 2002 ι
626 1975 818 2012 Προσαγάγετε
829 1974 898 2010 πρὸς

110 2026 216 2063 μὲ,καὶ
227 2025 360 2053 ἀκούσατε
377 2024 477 2051 ταῦτα’
501 2024 559 2051 Οὐκ
577 2024 625 2051 ἀπ’
648 2022 736 2058 ἀρχῆς
755 2023 783 2048 ὲν
806 2022 895 2057 κρυφῇ

109 2074 262 2109 λελάληκα·
283 2073 363 2109 ἡνίκα
375 2072 493 2106 ἐγένετο,
503 2071 561 2097 ὲκεῖ
576 2070 662 2106 ήμην·
680 2068 727 2095 καὶ
739 2067 787 2094 νῦν
799 2066 902 2102 Κύριος

947 1475 1000 1502 llis
1009 1474 1106 1502 merito
1119 1474 1182 1509 quis
1194 1475 1347 1503 sciscitetur
1360 1483 1367 1502 :
1377 1474 1466 1508 Quare
1474 1483 1528 1502 non
1538 1475 1727 1510 archangclos,

945 1527 1032 1555 neque
1040 1519 1192 1553 cherubim,
1202 1528 1290 1556 neque
1303 1521 1443 1556 seraphin,
1459 1529 1548 1555 ncque
1566 1521 1730 1548 dominatio-

944 1574 1003 1599 nes,
1014 1574 1101 1601 neque
1118 1566 1243 1600 thronos,
1258 1574 1348 1602 neque
1363 1566 1428 1602 quid
1439 1567 1523 1599 aliud,
1537 1567 1583 1594 sed
1591 1567 1665 1593 solos
1673 1566 1728 1594 ele-

945 1616 1005 1640 ctos
1014 1611 1124 1646 angelos
1136 1611 1237 1640 Paulus
1248 1613 1399 1640 nominavit
1408 1614 1418 1640 i
1428 1612 1498 1640 Num
1511 1620 1588 1648 ergo,
1599 1613 1662 1647 quia
1675 1620 1728 1638 non

945 1658 982 1685 ita
992 1658 1153 1692 nominavit,
1162 1658 1250 1694 angeli
1263 1663 1328 1686 sunt
1337 1659 1563 1695 archangeli,‘._aut
1574 1659 1624 1686 soli
1640 1658 1730 1694 angeli

945 1704 1092 1737 exsistunt,
1107 1705 1229 1740 nullique
1244 1709 1308 1733 sunt
1337 1705 1474 1740 seraphitn
1500 1709 1549 1733 aut
1575 1705 1729 1737 cherubim,

946 1750 1014 1777 nulli
1036 1750 1193 1785 archangeli
1215 1754 1243 1778 et
1265 1750 1478 1782 dominationes,
1497 1750 1563 1777 nulli
1586 1749 1678 1777 throni
1703 1753 1733 1776 et

946 1795 1129 1830 principatus,
1149 1794 1218 1822 nihil
1241 1795 1360 1830 denique
1383 1795 1458 1822 aliud
1482 1795 1608 1822 exsistit?
1627 1794 1730 1821 Verum

946 1839 973 1866 id
990 1839 1128 1874 inquirere
1142 1839 1210 1867 nihil
1227 1839 1301 1867 aliud
1320 1844 1372 1872 est,
1386 1847 1467 1874 quam
1495 1839 1622 1873 Apostolo
1634 1847 1731 1867 neces-

946 1885 1053 1912 sitatem
1071 1885 1123 1912 hoc
1143 1885 1185 1912 vel
1199 1885 1246 1912 illo
1259 1886 1339 1913 modo
1354 1885 1490 1913 scribendi
1516 1885 1665 1920 imponere,
1679 1892 1729 1913 nec

946 1939 1001 1959 non
1019 1931 1124 1959 divinas
1138 1932 1294 1967 Scripturas
1315 1932 1450 1967 ignorare,
1467 1940 1498 1959 ac
1522 1933 1636 1967 proinde
1650 1940 1666 1959 a
1686 1940 1729 1959 ve-

946 1975 1025 2003 ritate
1039 1976 1176 2004 aberrare.
1198 1976 1267 2004 Ecce
1290 1977 1363 2006 enim
1382 1976 1454 2011 apud
1476 1976 1572 2003 Isaiam
1596 1977 1727 2011 scriptum

947 2022 1062 2057 legimus
1077 2030 1084 2048 :
1100 2031 1108 2047 ι
1129 2022 1255 2049 Accedite
1266 2022 1299 2048 ad
1319 2030 1362 2049 me
1378 2026 1404 2048 et
1419 2021 1511 2048 audite
1526 2023 1602 2050 haec:
1619 2021 1677 2049 Non
1693 2022 1728 2048 ab

943 2067 1023 2096 initio
1037 2069 1064 2095 in
1091 2066 1252 2094 abscondito
1275 2066 1383 2093 locutus
1404 2073 1481 2098 sum;
1499 2072 1560 2092 cum
1585 2064 1671 2095 ﬁeret,
1691 2062 1727 2090 ibi

111 2108 268 2147 ἀπέσταλκέ
286 2108 330 2154 με,
347 2118 394 2145 καὶ
410 2118 440 2144 τὸ
456 2117 569 2152 Πνεῦμα
582 2114 678 2142 αὐτοῦ·
703 2123 712 2140 ι
731 2112 806 2149 παρὰ
817 2112 846 2139 δὲ

982 2122 1018 2141 tm
1036 2123 1043 2141 :
1059 2118 1087 2141 ct
1111 2120 1184 2140 nunc
1209 2112 1341 2139 Dominus
1376 2111 1450 2138 misit
1482 2117 1525 2137 me
1550 2114 1576 2136 et
1612 2108 1728 2143 Spiritus

119 2165 241 2200 Ἀγγαιῳ
254 2173 261 2179 ·
279 2173 289 2190 ι
302 2164 358 2191 Καὶ
373 2162 421 2190 νῦν
509 2162 639 2196 κατίσχυε
654 2159 815 2195 Ζοροϐάϐελ,
830 2157 904 2192 λέγει

112 2209 228 2245 Κύριος,
245 2208 292 2235 καὶ
305 2208 435 2243 κατίσχυε
454 2206 539 2241 Ἰησοῦ
556 2205 624 2232 ότοῦ
641 2203 774 2235 Ἰωσεδὲκ,
787 2204 802 2230 6
816 2203 904 2238 ἱερεὺς

111 2258 130 2285 ὁ
146 2256 242 2292 μέγας,
257 2255 333 2290 λέγει
347 2255 460 2291 Κύριος.
478 2253 533 2280 Καὶ
550 2251 719 2286 κατισχυέτω
737 2250 791 2281 πᾶς
807 2249 821 2275 6
839 2248 904 2279 λαὸς

113 2302 167 2336 τῆς
177 2301 238 2336 γῆς,
250 2300 325 2334 λέγει
341 2299 443 2335 Κύριος
455 2307 462 2314 ·
477 2298 524 2324 καὶ
536 2298 649 2329 ποιεῖτε,
668 2296 734 2322 διότι
751 2294 810 2330 μεθ’
829 2293 905 2328 ὑμῶν

114 2346 173 2381 ἐγώ
183 2347 250 2381 ειμι,
263 2345 337 2380 λέγει
347 2345 449 2380 Κύριος
460 2342 667 2378 παντοκράτωρ,
683 2341 728 2368 καὶ
744 2340 774 2367 τὸ
792 2339 906 2375 Πνεῦμά

116 2400 171 2428 μου
193 2391 342 2426 ἐφέστηκεν
359 2392 388 2417 ὲν
406 2390 479 2425 μέσῳ
495 2388 580 2424 ὑμῶν.
601 2398 610 2414 ι
629 2388 683 2414 Καὶ
699 2387 764 2422 παρ’
786 2385 906 2421 ἀμφοτέ-

115 2445 177 2472 ροις
189 2437 245 2468 τοῖς
259 2436 414 2471 προφήταις
428 2434 492 2470 περὶ
503 2433 584 2469 μόνου
603 2431 650 2459 τοῦ
673 2432 776 2467 Κυρίου
795 2430 842 2458 καὶ
860 2429 906 2456 τοῦ

115 2481 278 2517 Πνεύματος
300 2481 393 2517 μνήμη
412 2479 518 2514 γέγονε.
533 2478 565 2504 Τί
586 2478 674 2504 τοίνυν
696 2477 743 2503 καὶ
767 2476 831 2512 περὶ
850 2474 908 2501 τού-

115 2535 165 2553 του
249 2527 396 2562 φήσουσιν;
407 2525 439 2551 El
455 2523 520 2560 γὰρ,
535 2523 629 2558 ἐπειδὴ
641 2523 688 2549 τοῦ
703 2520 822 2557 Χριστοῦ
841 2529 908 2556 μνη-

119 2570 255 2606 μονεύσας
265 2571 278 2596 6
288 2570 394 2601 Παῦλος
404 2569 467 2603 περὶ
477 2568 525 2604 μὲν
535 2567 583 2594 τοῦ
593 2567 663 2594 Πνεύ
667 2575 749 2602 ματος
761 2564 908 2600 ἐσιώπησε,

116 2616 174 2642 τῶν
193 2615 220 2642 δὲ
232 2615 366 2642 ἐκλεκτῶν
380 2615 502 2650 ἀγγέλων
519 2613 716 2650 ἐμνημόνευσε,
733 2611 776 2638 διὰ
791 2610 870 2637 τοῦτο
880 2610 909 2636 ὲν

116 2661 246 2696 ἀγγέλοις
269 2660 299 2687 τὺ
322 2660 433 2695 Πνεῦμα
460 2659 669 2686 συντάττουσινυ
687 2656 760 2692 ὥρα,
787 2655 834 2682 καὶ
853 2657 909 2687 τοῖς

119 2707 300 2742 προφητικοῖς
316 2706 420 2738 τούτοις
446 2704 660 2740 ἐντυγχάνοντας
688 2725 696 2738 ,
777 2700 907 2736 τολμηρός

120 2761 203 2788 τερον
214 2752 313 2783 αὐτοὺς
324 2750 524 2785 διαλογίζεσθαι
538 2750 585 2777 καὶ
601 2749 664 2784 περὶ
678 2747 725 2775 τοῦ
737 2746 910 2782 σεσιωπημέσ

945 2159 1005 2193 ejus
1023 2160 1043 2186 ⁷.
1059 2168 1068 2184 ι
1095 2157 1127 2185 Ει
1142 2156 1213 2192 apud
1226 2157 1353 2192 Aggmutn
1371 2165 1378 2183 ε
1397 2164 1406 2181 ι
1420 2155 1452 2182 Ει
1474 2162 1548 2182 nunc
1560 2153 1728 2184 confortarc,

945 2204 1106 2236 Zorobabel,
1123 2204 1189 2232 dicit
1207 2202 1348 2234 Dominus,
1374 2205 1402 2228 et
1422 2200 1587 2230 confortare,
1609 2197 1673 2226 Iesu
1690 2197 1728 2225 illi

945 2250 1070 2282 .losedec,
1086 2248 1215 2277 sacerdos
1227 2255 1334 2282 magne,
1350 2251 1377 2274 et
1391 2246 1558 2274 eonfortetur
1570 2244 1661 2273 omnis
1683 2251 1733 2278 po-

947 2296 1027 2332 pulus
1057 2300 1144 2327 terrm,
1169 2294 1236 2321 dicit
1261 2293 1405 2323 Dominus.
1422 2296 1450 2319 et
1476 2291 1572 2322 facile,
1602 2290 1732 2325 quoniam

948 2348 997 2375 ego
1012 2339 1150 2367 vobiscum
1163 2346 1235 2369 sum.
1253 2338 1318 2365 dicit
1340 2337 1474 2363 Dominus
1494 2335 1677 2370 omnipotens.
1700 2333 1734 2361 Et

951 2384 1069 2420 Spiritus
1093 2391 1169 2412 meus
1201 2383 1276 2410 stetit
1312 2383 1339 2409 in
1373 2381 1463 2409 medio
1498 2380 1603 2408 vestri‘
1620 2400 1627 2407 .
1648 2389 1656 2405 ι
1682 2378 1732 2406 llic

950 2431 1021 2465 apud
1035 2435 1179 2464 tttrmnque
1209 2428 1380 2463 prophetam,
1399 2427 1485 2455 solius
1506 2425 1614 2453 Domini
1627 2429 1652 2452 et
1669 2424 1731 2459 Spi-

951 2477 1019 2503 ritus
1035 2475 1063 2502 lit
1084 2474 1186 2502 mentio
1207 2482 1213 2499 :
1235 2473 1299 2508 quid
1326 2473 1408 2508 igitur
1431 2472 1464 2500 ad
1487 2472 1513 2500 id
1530 2470 1628 2499 dicturi
1650 2469 1734 2497 sunt?

949 2521 1016 2549 Nam
1033 2521 1098 2548 sieo
1111 2520 1181 2555 quod
1191 2519 1292 2546 Paulus
1308 2517 1410 2546 Christi
1432 2518 1596 2545 mentionem
1620 2515 1734 2547 faciens,

952 2567 985 2594 de
1000 2565 1102 2600 Spiritu
1117 2565 1242 2597 tacuerit,
1257 2568 1284 2591 et
1297 2563 1445 2590 electorum
1465 2561 1624 2596 angelorum
1638 2559 1735 2586 memi-

952 2611 1024 2640 nerit
1037 2620 1045 2644 ;
1059 2611 1092 2646 si,
1111 2611 1234 2645 inquam,
1250 2617 1308 2636 eam
1327 2609 1362 2636 oh
1382 2615 1492 2636 causam
1511 2606 1643 2641 Spiritum
1665 2605 1736 2631 inter

953 2657 1064 2692 angelos
1077 2657 1212 2684 collocare
1233 2655 1301 2682 nihil
1316 2659 1446 2682 verentur
1463 2663 1469 2681 :
1491 2657 1574 2680 restat
1593 2655 1622 2678 ut
1639 2658 1673 2677 ex
1693 2649 1736 2677 his

954 2702 1121 2738 propheticis
1142 2701 1243 2734 verbis,
1269 2701 1350 2727 iidem
1379 2700 1412 2727 de
1437 2699 1483 2726 illo
1500 2697 1546 2732 qui
1570 2696 1607 2723 ibi
1628 2693 1737 2723 silentio

955 2737 1088 2778 omittitur
1100 2745 1230 2773 audacius
1248 2745 1396 2778 disputent.
1413 2742 1480 2770 Nam
1501 2742 1524 2769 si
1540 2740 1631 2768 dicant
1646 2737 1740 2766 Domi-

161 2823 169 2838 '
187 2822 237 2850 lsa.
252 2830 328 2855 unt,
344 2822 386 2849 Η.
426 2822 436 2837 ³
449 2821 534 2848 Levit.
557 2830 594 2852 xi,
613 2820 664 2852 45;
702 2821 778 2848 Deut.
810 2829 895 2848 XXUI.
926 2819 989 2855 59:77
1007 2817 1075 2855 lsa._
1090 2825 1151 2849 ην,
1173 2817 1226 2850 21;
1254 2816 1317 2855 Qse.
1333 2823 1395 2855 _vtt_t,
1408 2815 1436 2843 ι.
1474 2815 1671 2855 'l’sa_|.t.xxvt,
1692 2812 1738 2840 Ἡ.

123 2857 135 2873 ⁸
149 2857 221 2885 l‘sat.
239 2865 339 2887 anu.
355 2858 398 2885 55.
437 2857 446 2873 ⁵
459 2857 532 2884 l’sal.
549 2864 647 2887 cxuv,
664 2856 704 2883 16.

744 2857 754 2871 ⁶
775 2856 852 2884 Deut.
865 2855 940 2888 1,50,
956 2854 1000 2882 55.
1039 2854 1048 2869 ⁷
1067 2852 1119 2881 lsa.
1141 2860 1233 2885 xum,
1253 2852 1295 2879 16.
1332 2851 1343 2867 ⁸
1359 2852 1428 2886 A33.
1443 2857 1472 2884 tt,
1492 2850 1520 2884 5,
1537 2850 1561 2879 6.
