  <div class='ocr_page' id='page_1' title='image "/cluster/home/n/w/nwhite01/storage/ocr_20150623/130/njp.32101010942777/383.png"; bbox 0 0 1891 3076; ppageno 0'>
   <div class='ocr_carea' id='block_1_1' title="bbox 166 157 219 188">
    <p class='ocr_par' dir='ltr' id='par_1_1' title="bbox 166 157 219 188">
     <span class='ocr_line' id='line_1_1' title="bbox 166 157 219 188; baseline 0.019 -1"><span class='ocrx_word' id='word_1_1' title='bbox 166 157 219 188; x_wconf 83' lang='lat'><strong>703</strong></span> 
     </span>
    </p>
   </div>
   <div class='ocr_carea' id='block_1_2' title="bbox 789 159 1187 191">
    <p class='ocr_par' dir='ltr' id='par_1_2' title="bbox 789 159 1187 191">
     <span class='ocr_line' id='line_1_2' title="bbox 789 159 1187 191; baseline 0.003 -1"><span class='ocrx_word' id='word_1_2' title='bbox 789 159 979 190; x_wconf 71' lang='lat' dir='ltr'><strong>EUTIlYMIl</strong></span> <span class='ocrx_word' id='word_1_3' title='bbox 1005 160 1187 191; x_wconf 81' lang='lat' dir='ltr'><strong>ZlGABENI</strong></span> 
     </span>
    </p>
   </div>
   <div class='ocr_carea' id='block_1_3' title="bbox 1743 161 1798 192">
    <p class='ocr_par' dir='ltr' id='par_1_3' title="bbox 1743 161 1798 192">
     <span class='ocr_line' id='line_1_3' title="bbox 1743 161 1798 192; baseline 0 0"><span class='ocrx_word' id='word_1_4' title='bbox 1743 161 1798 192; x_wconf 78' lang='grc' dir='ltr'>7οί</span> 
     </span>
    </p>
   </div>
   <div class='ocr_carea' id='block_1_4' title="bbox 169 221 915 260">
    <p class='ocr_par' dir='ltr' id='par_1_4' title="bbox 169 221 914 257">
     <span class='ocr_line' id='line_1_4' title="bbox 169 221 914 257; baseline -0.001 -8"><span class='ocrx_word' id='word_1_5' title='bbox 169 230 234 249; x_wconf 90' lang='lat' dir='ltr'><strong>num</strong></span> <span class='ocrx_word' id='word_1_6' title='bbox 249 229 319 255; x_wconf 85' lang='lat' dir='ltr'><strong>esse,</strong></span> <span class='ocrx_word' id='word_1_7' title='bbox 334 223 404 250; x_wconf 86' lang='lat' dir='ltr'><strong>idem</strong></span> <span class='ocrx_word' id='word_1_8' title='bbox 418 229 480 250; x_wconf 89' lang='lat' dir='ltr'><strong>esse</strong></span> <span class='ocrx_word' id='word_1_9' title='bbox 497 229 530 249; x_wconf 90' lang='lat' dir='ltr'><strong>ac</strong></span> <span class='ocrx_word' id='word_1_10' title='bbox 543 221 642 249; x_wconf 84' lang='lat' dir='ltr'><strong>Filium</strong></span> <span class='ocrx_word' id='word_1_11' title='bbox 661 229 722 250; x_wconf 79' lang='lat' dir='ltr'><strong>esse</strong></span> <span class='ocrx_word' id='word_1_12' title='bbox 735 230 742 248; x_wconf 87' lang='lat'><strong>:</strong></span> <span class='ocrx_word' id='word_1_13' title='bbox 758 222 822 257; x_wconf 87' lang='lat' dir='ltr'><strong>quid</strong></span> <span class='ocrx_word' id='word_1_14' title='bbox 833 221 865 248; x_wconf 86' lang='lat' dir='ltr'><strong>de</strong></span> <span class='ocrx_word' id='word_1_15' title='bbox 878 221 914 248; x_wconf 81' lang='lat' dir='ltr'><strong>Pa</strong></span> 
     </span>
    </p>
   </div>
   <div class='ocr_carea' id='block_1_5' title="bbox 1048 221 1794 260">
    <p class='ocr_par' dir='ltr' id='par_1_5' title="bbox 1048 221 1794 260">
     <span class='ocr_line' id='line_1_5' title="bbox 1048 221 1794 260; baseline 0 -11"><span class='ocrx_word' id='word_1_16' title='bbox 1048 232 1062 250; x_wconf 73' lang='grc' dir='ltr'>ι.</span> <span class='ocrx_word' id='word_1_17' title='bbox 1075 223 1124 250; x_wconf 76' lang='grc' dir='ltr'><strong>’Ᾱν</strong></span> <span class='ocrx_word' id='word_1_18' title='bbox 1139 231 1168 249; x_wconf 90' lang='grc' dir='ltr'><strong>τε</strong></span> <span class='ocrx_word' id='word_1_19' title='bbox 1183 223 1236 259; x_wconf 77' lang='grc' dir='ltr'>γὰρ</span> <span class='ocrx_word' id='word_1_20' title='bbox 1250 223 1294 249; x_wconf 83' lang='grc' dir='ltr'><strong>τὸν</strong></span> <span class='ocrx_word' id='word_1_21' title='bbox 1307 223 1407 260; x_wconf 82' lang='grc' dir='ltr'><strong>Κύριον</strong></span> <span class='ocrx_word' id='word_1_22' title='bbox 1416 221 1496 255; x_wconf 82' lang='grc' dir='ltr'>εἶναι,</span> <span class='ocrx_word' id='word_1_23' title='bbox 1511 224 1641 260; x_wconf 74' lang='grc' dir='ltr'><strong>φήσουσιν</strong></span> <span class='ocrx_word' id='word_1_24' title='bbox 1657 222 1727 250; x_wconf 75' lang='grc' dir='ltr'>εἶναι</span> <span class='ocrx_word' id='word_1_25' title='bbox 1748 226 1794 250; x_wconf 71' lang='grc' dir='ltr'><strong>τὸν</strong></span> 
     </span>
    </p>
   </div>
   <div class='ocr_carea' id='block_1_6' title="bbox 169 266 957 301">
    <p class='ocr_par' dir='ltr' id='par_1_6' title="bbox 169 266 957 301">
     <span class='ocr_line' id='line_1_6' title="bbox 169 266 957 301; baseline 0 -8"><span class='ocrx_word' id='word_1_26' title='bbox 169 267 269 294; x_wconf 87' lang='lat' dir='ltr'><strong>dicturi</strong></span> <span class='ocrx_word' id='word_1_27' title='bbox 295 268 376 295; x_wconf 78' lang='lat' dir='ltr'><strong>sunt?</strong></span> <span class='ocrx_word' id='word_1_28' title='bbox 399 267 427 294; x_wconf 91' lang='lat' dir='ltr'><strong>Si</strong></span> <span class='ocrx_word' id='word_1_29' title='bbox 455 275 519 295; x_wconf 85' lang='lat' dir='ltr'><strong>vero</strong></span> <span class='ocrx_word' id='word_1_30' title='bbox 552 267 617 294; x_wconf 93' lang='lat' dir='ltr'><strong>illud</strong></span> <span class='ocrx_word' id='word_1_31' title='bbox 639 267 672 294; x_wconf 87' lang='lat' dir='ltr'><strong>de</strong></span> <span class='ocrx_word' id='word_1_32' title='bbox 692 266 773 294; x_wconf 87' lang='lat' dir='ltr'><strong>Patre</strong></span> <span class='ocrx_word' id='word_1_33' title='bbox 797 266 957 301; x_wconf 75' lang='lat' dir='ltr'><strong>intelligant,</strong></span> 
     </span>
    </p>
   </div>
   <div class='ocr_carea' id='block_1_7' title="bbox 170 312 958 348">
    <p class='ocr_par' dir='ltr' id='par_1_7' title="bbox 170 312 958 348">
     <span class='ocr_line' id='line_1_7' title="bbox 170 312 958 348; baseline 0 -8"><span class='ocrx_word' id='word_1_34' title='bbox 170 313 234 348; x_wconf 91' lang='lat' dir='ltr'><strong>quid</strong></span> <span class='ocrx_word' id='word_1_35' title='bbox 252 314 351 340; x_wconf 79' lang='lat' dir='ltr'><strong>dicturi</strong></span> <span class='ocrx_word' id='word_1_36' title='bbox 367 318 430 341; x_wconf 89' lang='lat' dir='ltr'><strong>sunt</strong></span> <span class='ocrx_word' id='word_1_37' title='bbox 446 314 479 340; x_wconf 85' lang='lat' dir='ltr'><strong>de</strong></span> <span class='ocrx_word' id='word_1_38' title='bbox 495 313 584 340; x_wconf 83' lang='lat' dir='ltr'><strong>Filio?</strong></span> <span class='ocrx_word' id='word_1_39' title='bbox 606 312 703 340; x_wconf 81' lang='lat' dir='ltr'><strong>Procul</strong></span> <span class='ocrx_word' id='word_1_40' title='bbox 719 317 808 339; x_wconf 88' lang='lat' dir='ltr'><strong>autem</strong></span> <span class='ocrx_word' id='word_1_41' title='bbox 825 313 896 340; x_wconf 90' lang='lat' dir='ltr'><strong>absit</strong></span> <span class='ocrx_word' id='word_1_42' title='bbox 916 313 958 340; x_wconf 82' lang='lat' dir='ltr'><strong>vol</strong></span> 
     </span>
    </p>
   </div>
   <div class='ocr_carea' id='block_1_8' title="bbox 171 357 958 393">
    <p class='ocr_par' dir='ltr' id='par_1_8' title="bbox 171 357 958 393">
     <span class='ocr_line' id='line_1_8' title="bbox 171 357 958 393; baseline -0.004 -6"><span class='ocrx_word' id='word_1_43' title='bbox 171 367 186 387; x_wconf 84' lang='lat' dir='ltr'><strong>a</strong></span> <span class='ocrx_word' id='word_1_44' title='bbox 198 359 254 386; x_wconf 87' lang='lat' dir='ltr'><strong>sola</strong></span> <span class='ocrx_word' id='word_1_45' title='bbox 272 359 444 393; x_wconf 75' lang='lat' dir='ltr'><strong>cogitatione,</strong></span> <span class='ocrx_word' id='word_1_46' title='bbox 458 366 489 384; x_wconf 88' lang='lat' dir='ltr'><strong>ea</strong></span> <span class='ocrx_word' id='word_1_47' title='bbox 504 365 565 392; x_wconf 71' lang='lat' dir='ltr'><strong>quae</strong></span> <span class='ocrx_word' id='word_1_48' title='bbox 578 365 611 384; x_wconf 82' lang='lat' dir='ltr'><strong>ex</strong></span> <span class='ocrx_word' id='word_1_49' title='bbox 626 357 733 384; x_wconf 89' lang='lat' dir='ltr'><strong>illorum</strong></span> <span class='ocrx_word' id='word_1_50' title='bbox 746 357 879 384; x_wconf 85' lang='lat' dir='ltr'><strong>sententia</strong></span> <span class='ocrx_word' id='word_1_51' title='bbox 893 365 958 384; x_wconf 92' lang='lat' dir='ltr'><strong>con-</strong></span> 
     </span>
    </p>
   </div>
   <div class='ocr_carea' id='block_1_9' title="bbox 171 403 958 439">
    <p class='ocr_par' dir='ltr' id='par_1_9' title="bbox 171 403 958 439">
     <span class='ocr_line' id='line_1_9' title="bbox 171 403 958 439; baseline -0.003 -7"><span class='ocrx_word' id='word_1_52' title='bbox 171 405 295 439; x_wconf 78' lang='lat' dir='ltr'><strong>sequitur</strong></span> <span class='ocrx_word' id='word_1_53' title='bbox 312 405 448 438; x_wconf 82' lang='lat' dir='ltr'><strong>impietas.</strong></span> <span class='ocrx_word' id='word_1_54' title='bbox 467 403 568 438; x_wconf 85' lang='lat' dir='ltr'><strong>Nempe</strong></span> <span class='ocrx_word' id='word_1_55' title='bbox 581 403 642 430; x_wconf 91' lang='lat' dir='ltr'><strong>illos</strong></span> <span class='ocrx_word' id='word_1_56' title='bbox 659 403 825 437; x_wconf 77' lang='lat' dir='ltr'><strong>respondere</strong></span> <span class='ocrx_word' id='word_1_57' title='bbox 846 410 958 431; x_wconf 82' lang='lat' dir='ltr'><strong>necesse</strong></span> 
     </span>
    </p>
   </div>
   <div class='ocr_carea' id='block_1_10' title="bbox 172 449 959 484">
    <p class='ocr_par' dir='ltr' id='par_1_10' title="bbox 172 449 959 484">
     <span class='ocr_line' id='line_1_10' title="bbox 172 449 959 484; baseline -0.004 -6"><span class='ocrx_word' id='word_1_58' title='bbox 172 456 223 483; x_wconf 88' lang='lat' dir='ltr'><strong>est,</strong></span> <span class='ocrx_word' id='word_1_59' title='bbox 235 452 277 477; x_wconf 91' lang='lat' dir='ltr'><strong>vel</strong></span> <span class='ocrx_word' id='word_1_60' title='bbox 294 450 397 477; x_wconf 90' lang='lat' dir='ltr'><strong>nullum</strong></span> <span class='ocrx_word' id='word_1_61' title='bbox 423 449 498 476; x_wconf 91' lang='lat' dir='ltr'><strong>illum</strong></span> <span class='ocrx_word' id='word_1_62' title='bbox 517 457 588 482; x_wconf 87' lang='lat' dir='ltr'><strong>esse,</strong></span> <span class='ocrx_word' id='word_1_63' title='bbox 600 449 652 482; x_wconf 86' lang='lat' dir='ltr'><strong>vel,</strong></span> <span class='ocrx_word' id='word_1_64' title='bbox 669 449 741 483; x_wconf 90' lang='lat' dir='ltr'><strong>quod</strong></span> <span class='ocrx_word' id='word_1_65' title='bbox 766 449 876 476; x_wconf 90' lang='lat' dir='ltr'><strong>silentio</strong></span> <span class='ocrx_word' id='word_1_66' title='bbox 893 456 959 484; x_wconf 65' lang='lat' dir='ltr'><strong>prte-</strong></span> 
     </span>
    </p>
   </div>
   <div class='ocr_carea' id='block_1_11' title="bbox 173 495 922 529">
    <p class='ocr_par' dir='ltr' id='par_1_11' title="bbox 173 495 922 529">
     <span class='ocr_line' id='line_1_11' title="bbox 173 495 922 529; baseline -0.005 -4"><span class='ocrx_word' id='word_1_67' title='bbox 173 497 318 525; x_wconf 88' lang='lat' dir='ltr'><strong>termissus</strong></span> <span class='ocrx_word' id='word_1_68' title='bbox 330 497 376 529; x_wconf 70' lang='grc' dir='ltr'><strong>δὴ,</strong></span> <span class='ocrx_word' id='word_1_69' title='bbox 391 503 454 524; x_wconf 91' lang='lat' dir='ltr'><strong>eum</strong></span> <span class='ocrx_word' id='word_1_70' title='bbox 468 495 539 522; x_wconf 90' lang='lat' dir='ltr'><strong>inter</strong></span> <span class='ocrx_word' id='word_1_71' title='bbox 554 503 598 522; x_wconf 86' lang='lat' dir='ltr'><strong>res</strong></span> <span class='ocrx_word' id='word_1_72' title='bbox 612 500 717 522; x_wconf 77' lang='lat' dir='ltr'><strong>creatas</strong></span> <span class='ocrx_word' id='word_1_73' title='bbox 729 502 922 522; x_wconf 88' lang='lat' dir='ltr'><strong>annumerare.</strong></span> 
     </span>
    </p>
   </div>
   <div class='ocr_carea' id='block_1_12' title="bbox 273 539 958 575">
    <p class='ocr_par' dir='ltr' id='par_1_12' title="bbox 273 539 958 575">
     <span class='ocr_line' id='line_1_12' title="bbox 273 539 958 575; baseline -0.003 -7"><span class='ocrx_word' id='word_1_74' title='bbox 273 541 344 574; x_wconf 83' lang='lat' dir='ltr'><strong>Quid</strong></span> <span class='ocrx_word' id='word_1_75' title='bbox 361 542 425 568; x_wconf 89' lang='lat' dir='ltr'><strong>item</strong></span> <span class='ocrx_word' id='word_1_76' title='bbox 441 541 540 568; x_wconf 89' lang='lat' dir='ltr'><strong>dicturi</strong></span> <span class='ocrx_word' id='word_1_77' title='bbox 557 545 636 572; x_wconf 90' lang='lat' dir='ltr'><strong>sunt,</strong></span> <span class='ocrx_word' id='word_1_78' title='bbox 653 541 675 568; x_wconf 91' lang='lat' dir='ltr'><strong>si</strong></span> <span class='ocrx_word' id='word_1_79' title='bbox 693 541 781 575; x_wconf 85' lang='lat' dir='ltr'><strong>ipsum</strong></span> <span class='ocrx_word' id='word_1_80' title='bbox 797 540 879 567; x_wconf 85' lang='lat' dir='ltr'><strong>etiam</strong></span> <span class='ocrx_word' id='word_1_81' title='bbox 903 539 958 566; x_wconf 90' lang='lat' dir='ltr'><strong>Do-</strong></span> 
     </span>
    </p>
   </div>
   <div class='ocr_carea' id='block_1_13' title="bbox 174 585 959 620">
    <p class='ocr_par' dir='ltr' id='par_1_13' title="bbox 174 585 959 620">
     <span class='ocr_line' id='line_1_13' title="bbox 174 585 959 620; baseline -0.003 -6"><span class='ocrx_word' id='word_1_82' title='bbox 174 587 277 614; x_wconf 91' lang='lat' dir='ltr'><strong>minum</strong></span> <span class='ocrx_word' id='word_1_83' title='bbox 295 588 428 614; x_wconf 85' lang='lat' dir='ltr'><strong>dicentem</strong></span> <span class='ocrx_word' id='word_1_84' title='bbox 448 586 604 613; x_wconf 84' lang='lat' dir='ltr'><strong>audierint:</strong></span> <span class='ocrx_word' id='word_1_85' title='bbox 624 594 633 610; x_wconf 75' lang='grc' dir='ltr'><strong>ι</strong></span> <span class='ocrx_word' id='word_1_86' title='bbox 657 585 744 612; x_wconf 70' lang='lat' dir='ltr'><strong>Iudex</strong></span> <span class='ocrx_word' id='word_1_87' title='bbox 767 585 877 620; x_wconf 88' lang='lat' dir='ltr'><strong>quidam</strong></span> <span class='ocrx_word' id='word_1_88' title='bbox 901 590 959 613; x_wconf 89' lang='lat' dir='ltr'><strong>erat</strong></span> 
     </span>
    </p>
   </div>
   <div class='ocr_carea' id='block_1_14' title="bbox 175 631 959 668">
    <p class='ocr_par' dir='ltr' id='par_1_14' title="bbox 175 631 959 668">
     <span class='ocr_line' id='line_1_14' title="bbox 175 631 959 668; baseline -0.003 -8"><span class='ocrx_word' id='word_1_89' title='bbox 175 633 202 659; x_wconf 90' lang='lat' dir='ltr'><strong>in</strong></span> <span class='ocrx_word' id='word_1_90' title='bbox 219 633 335 668; x_wconf 85' lang='lat' dir='ltr'><strong>quadam</strong></span> <span class='ocrx_word' id='word_1_91' title='bbox 351 632 470 665; x_wconf 84' lang='lat' dir='ltr'><strong>civitate,</strong></span> <span class='ocrx_word' id='word_1_92' title='bbox 488 632 535 666; x_wconf 87' lang='lat' dir='ltr'><strong>qui</strong></span> <span class='ocrx_word' id='word_1_93' title='bbox 552 631 636 658; x_wconf 89' lang='lat' dir='ltr'><strong>Deum</strong></span> <span class='ocrx_word' id='word_1_94' title='bbox 652 639 705 658; x_wconf 93' lang='lat' dir='ltr'><strong>non</strong></span> <span class='ocrx_word' id='word_1_95' title='bbox 728 631 850 664; x_wconf 82' lang='lat' dir='ltr'><strong>timebat,</strong></span> <span class='ocrx_word' id='word_1_96' title='bbox 868 636 895 658; x_wconf 83' lang='lat' dir='ltr'><strong>et</strong></span> <span class='ocrx_word' id='word_1_97' title='bbox 910 631 959 658; x_wconf 89' lang='lat' dir='ltr'><strong>ho-</strong></span> 
     </span>
    </p>
   </div>
   <div class='ocr_carea' id='block_1_15' title="bbox 175 676 960 712">
    <p class='ocr_par' dir='ltr' id='par_1_15' title="bbox 175 676 960 712">
     <span class='ocr_line' id='line_1_15' title="bbox 175 676 960 712; baseline -0.004 -6"><span class='ocrx_word' id='word_1_98' title='bbox 175 679 274 706; x_wconf 91' lang='lat' dir='ltr'><strong>minem</strong></span> <span class='ocrx_word' id='word_1_99' title='bbox 297 686 350 705; x_wconf 93' lang='lat' dir='ltr'><strong>non</strong></span> <span class='ocrx_word' id='word_1_100' title='bbox 369 677 544 705; x_wconf 87' lang='lat' dir='ltr'><strong>reverebatur</strong></span> <span class='ocrx_word' id='word_1_101' title='bbox 577 677 598 704; x_wconf 78' lang='grc' dir='ltr'>ί.</span> <span class='ocrx_word' id='word_1_102' title='bbox 618 686 627 701; x_wconf 85' lang='grc'><strong>›</strong></span> <span class='ocrx_word' id='word_1_103' title='bbox 655 676 782 711; x_wconf 86' lang='lat' dir='ltr'><strong>Nunquid</strong></span> <span class='ocrx_word' id='word_1_104' title='bbox 809 677 872 712; x_wconf 89' lang='lat' dir='ltr'><strong>quia</strong></span> <span class='ocrx_word' id='word_1_105' title='bbox 900 681 960 711; x_wconf 88' lang='lat' dir='ltr'><strong>post</strong></span> 
     </span>
    </p>
   </div>
   <div class='ocr_carea' id='block_1_16' title="bbox 175 721 959 756">
    <p class='ocr_par' dir='ltr' id='par_1_16' title="bbox 175 721 959 756">
     <span class='ocr_line' id='line_1_16' title="bbox 175 721 959 756; baseline -0.003 -6"><span class='ocrx_word' id='word_1_106' title='bbox 175 723 259 751; x_wconf 85' lang='lat' dir='ltr'><strong>Deum</strong></span> <span class='ocrx_word' id='word_1_107' title='bbox 291 724 429 751; x_wconf 85' lang='lat' dir='ltr'><strong>hominem</strong></span> <span class='ocrx_word' id='word_1_108' title='bbox 456 723 616 756; x_wconf 85' lang='lat' dir='ltr'><strong>nominavit,</strong></span> <span class='ocrx_word' id='word_1_109' title='bbox 638 723 683 749; x_wconf 89' lang='lat' dir='ltr'><strong>llle</strong></span> <span class='ocrx_word' id='word_1_110' title='bbox 709 723 790 750; x_wconf 90' lang='lat' dir='ltr'><strong>homo</strong></span> <span class='ocrx_word' id='word_1_111' title='bbox 811 727 853 750; x_wconf 88' lang='lat' dir='ltr'><strong>est</strong></span> <span class='ocrx_word' id='word_1_112' title='bbox 875 721 959 749; x_wconf 80' lang='lat' dir='ltr'><strong>Filius</strong></span> 
     </span>
    </p>
   </div>
   <div class='ocr_carea' id='block_1_17' title="bbox 174 768 959 805">
    <p class='ocr_par' dir='ltr' id='par_1_17' title="bbox 174 768 959 805">
     <span class='ocr_line' id='line_1_17' title="bbox 174 768 959 805; baseline 0 -9"><span class='ocrx_word' id='word_1_113' title='bbox 174 777 255 805; x_wconf 85' lang='lat' dir='ltr'><strong>quem</strong></span> <span class='ocrx_word' id='word_1_114' title='bbox 273 770 392 805; x_wconf 85' lang='lat' dir='ltr'><strong>injustus</strong></span> <span class='ocrx_word' id='word_1_115' title='bbox 403 769 487 805; x_wconf 81' lang='lat' dir='ltr'><strong>judex</strong></span> <span class='ocrx_word' id='word_1_116' title='bbox 504 777 558 796; x_wconf 91' lang='lat' dir='ltr'><strong>non</strong></span> <span class='ocrx_word' id='word_1_117' title='bbox 573 769 731 796; x_wconf 84' lang='lat' dir='ltr'><strong>reveretur?</strong></span> <span class='ocrx_word' id='word_1_118' title='bbox 754 769 794 796; x_wconf 81' lang='lat' dir='ltr'><strong>An</strong></span> <span class='ocrx_word' id='word_1_119' title='bbox 813 768 880 795; x_wconf 74' lang='lat' dir='ltr'><strong>forte</strong></span> <span class='ocrx_word' id='word_1_120' title='bbox 895 769 959 803; x_wconf 86' lang='lat' dir='ltr'><strong>quia</strong></span> 
     </span>
    </p>
   </div>
   <div class='ocr_carea' id='block_1_18' title="bbox 175 812 960 850">
    <p class='ocr_par' dir='ltr' id='par_1_18' title="bbox 175 812 960 850">
     <span class='ocr_line' id='line_1_18' title="bbox 175 812 960 850; baseline -0.003 -8"><span class='ocrx_word' id='word_1_121' title='bbox 175 819 236 850; x_wconf 83' lang='lat' dir='ltr'><strong>post</strong></span> <span class='ocrx_word' id='word_1_122' title='bbox 250 814 346 846; x_wconf 88' lang='lat' dir='ltr'><strong>Deum,</strong></span> <span class='ocrx_word' id='word_1_123' title='bbox 369 815 505 842; x_wconf 84' lang='lat' dir='ltr'><strong>hominem</strong></span> <span class='ocrx_word' id='word_1_124' title='bbox 522 814 681 845; x_wconf 80' lang='lat' dir='ltr'><strong>subdiderit,</strong></span> <span class='ocrx_word' id='word_1_125' title='bbox 697 814 794 840; x_wconf 77' lang='lat' dir='ltr'><strong>tertius</strong></span> <span class='ocrx_word' id='word_1_126' title='bbox 818 818 857 840; x_wconf 71' lang='lat' dir='ltr'><strong>est</strong></span> <span class='ocrx_word' id='word_1_127' title='bbox 875 812 960 840; x_wconf 73' lang='lat' dir='ltr'><strong>Filius</strong></span> 
     </span>
    </p>
   </div>
   <div class='ocr_carea' id='block_1_19' title="bbox 175 856 996 902">
    <p class='ocr_par' dir='ltr' id='par_1_19' title="bbox 175 856 996 902">
     <span class='ocr_line' id='line_1_19' title="bbox 175 856 996 902; baseline -0.004 -16"><span class='ocrx_word' id='word_1_128' title='bbox 175 864 238 894; x_wconf 87' lang='lat' dir='ltr'><strong>post</strong></span> <span class='ocrx_word' id='word_1_129' title='bbox 254 859 403 888; x_wconf 88' lang='lat' dir='ltr'><strong>hominem.</strong></span> <span class='ocrx_word' id='word_1_130' title='bbox 418 863 445 886; x_wconf 89' lang='lat' dir='ltr'><strong>et</strong></span> <span class='ocrx_word' id='word_1_131' title='bbox 460 863 574 893; x_wconf 84' lang='lat' dir='ltr'><strong>quartus</strong></span> <span class='ocrx_word' id='word_1_132' title='bbox 591 857 709 892; x_wconf 86' lang='lat' dir='ltr'><strong>Spiritus</strong></span> <span class='ocrx_word' id='word_1_133' title='bbox 731 858 863 885; x_wconf 84' lang='lat' dir='ltr'><strong>sanctus?</strong></span> <span class='ocrx_word' id='word_1_134' title='bbox 878 856 960 890; x_wconf 80' lang='lat' dir='ltr'><strong>Quid,</strong></span> <span class='ocrx_word' id='word_1_135' title='bbox 976 875 996 902; x_wconf 76' lang='grc' dir='ltr'><strong>Β</strong></span> 
     </span>
    </p>
   </div>
   <div class='ocr_carea' id='block_1_20' title="bbox 176 902 961 939">
    <p class='ocr_par' dir='ltr' id='par_1_20' title="bbox 176 902 961 939">
     <span class='ocr_line' id='line_1_20' title="bbox 176 902 961 939; baseline -0.004 -7"><span class='ocrx_word' id='word_1_136' title='bbox 176 905 200 932; x_wconf 89' lang='lat' dir='ltr'><strong>si</strong></span> <span class='ocrx_word' id='word_1_137' title='bbox 221 905 380 939; x_wconf 82' lang='lat' dir='ltr'><strong>Apostolum</strong></span> <span class='ocrx_word' id='word_1_138' title='bbox 401 904 493 930; x_wconf 85' lang='lat' dir='ltr'><strong>eadem</strong></span> <span class='ocrx_word' id='word_1_139' title='bbox 510 902 631 938; x_wconf 88' lang='lat' dir='ltr'><strong>Epistola</strong></span> <span class='ocrx_word' id='word_1_140' title='bbox 645 910 741 929; x_wconf 86' lang='lat' dir='ltr'><strong>rursus</strong></span> <span class='ocrx_word' id='word_1_141' title='bbox 756 903 889 930; x_wconf 89' lang='lat' dir='ltr'><strong>dicentem</strong></span> <span class='ocrx_word' id='word_1_142' title='bbox 910 910 961 929; x_wconf 87' lang='lat' dir='ltr'><strong>au-</strong></span> 
     </span>
    </p>
   </div>
   <div class='ocr_carea' id='block_1_21' title="bbox 177 947 961 983">
    <p class='ocr_par' dir='ltr' id='par_1_21' title="bbox 177 947 961 983">
     <span class='ocr_line' id='line_1_21' title="bbox 177 947 961 983; baseline -0.001 -7"><span class='ocrx_word' id='word_1_143' title='bbox 177 949 253 977; x_wconf 87' lang='lat' dir='ltr'><strong>diant</strong></span> <span class='ocrx_word' id='word_1_144' title='bbox 287 959 296 975; x_wconf 82' lang='grc' dir='ltr'><strong>ι</strong></span> <span class='ocrx_word' id='word_1_145' title='bbox 314 949 445 983; x_wconf 70' lang='lat' dir='ltr'><strong>Praecipio</strong></span> <span class='ocrx_word' id='word_1_146' title='bbox 475 948 524 975; x_wconf 85' lang='lat' dir='ltr'><strong>tibi</strong></span> <span class='ocrx_word' id='word_1_147' title='bbox 545 955 639 975; x_wconf 85' lang='lat' dir='ltr'><strong>coram</strong></span> <span class='ocrx_word' id='word_1_148' title='bbox 668 947 743 980; x_wconf 91' lang='lat' dir='ltr'><strong>Deo,</strong></span> <span class='ocrx_word' id='word_1_149' title='bbox 767 948 814 982; x_wconf 88' lang='lat' dir='ltr'><strong>qui</strong></span> <span class='ocrx_word' id='word_1_150' title='bbox 844 947 961 975; x_wconf 76' lang='lat' dir='ltr'><strong>viviﬁcat</strong></span> 
     </span>
    </p>
   </div>
   <div class='ocr_carea' id='block_1_22' title="bbox 177 993 960 1028">
    <p class='ocr_par' dir='ltr' id='par_1_22' title="bbox 177 993 960 1028">
     <span class='ocr_line' id='line_1_22' title="bbox 177 993 960 1028; baseline -0.004 -5"><span class='ocrx_word' id='word_1_151' title='bbox 177 995 279 1027; x_wconf 89' lang='lat' dir='ltr'><strong>omnia,</strong></span> <span class='ocrx_word' id='word_1_152' title='bbox 297 999 323 1022; x_wconf 90' lang='lat' dir='ltr'><strong>et</strong></span> <span class='ocrx_word' id='word_1_153' title='bbox 337 994 446 1022; x_wconf 88' lang='lat' dir='ltr'><strong>Christo</strong></span> <span class='ocrx_word' id='word_1_154' title='bbox 464 993 539 1025; x_wconf 85' lang='lat' dir='ltr'><strong>Jesu,</strong></span> <span class='ocrx_word' id='word_1_155' title='bbox 563 993 610 1028; x_wconf 88' lang='lat' dir='ltr'><strong>qui</strong></span> <span class='ocrx_word' id='word_1_156' title='bbox 634 993 818 1020; x_wconf 85' lang='lat' dir='ltr'><strong>testimonium</strong></span> <span class='ocrx_word' id='word_1_157' title='bbox 844 993 960 1020; x_wconf 81' lang='lat' dir='ltr'><strong>reddidit</strong></span> 
     </span>
    </p>
   </div>
   <div class='ocr_carea' id='block_1_23' title="bbox 178 1037 961 1071">
    <p class='ocr_par' dir='ltr' id='par_1_23' title="bbox 178 1037 961 1071">
     <span class='ocr_line' id='line_1_23' title="bbox 178 1037 961 1071; baseline -0.001 -4"><span class='ocrx_word' id='word_1_158' title='bbox 178 1040 230 1067; x_wconf 88' lang='lat' dir='ltr'><strong>sub</strong></span> <span class='ocrx_word' id='word_1_159' title='bbox 243 1039 340 1067; x_wconf 88' lang='lat' dir='ltr'><strong>Pontio</strong></span> <span class='ocrx_word' id='word_1_160' title='bbox 360 1039 447 1066; x_wconf 85' lang='lat' dir='ltr'><strong>Pilato</strong></span> <span class='ocrx_word' id='word_1_161' title='bbox 469 1039 567 1066; x_wconf 84' lang='lat' dir='ltr'><strong>bonam</strong></span> <span class='ocrx_word' id='word_1_162' title='bbox 587 1037 796 1071; x_wconf 78' lang='lat' dir='ltr'><strong>confessionem,</strong></span> <span class='ocrx_word' id='word_1_163' title='bbox 818 1042 848 1065; x_wconf 92' lang='lat' dir='ltr'><strong>ut</strong></span> <span class='ocrx_word' id='word_1_164' title='bbox 870 1045 961 1066; x_wconf 81' lang='lat' dir='ltr'><strong>serves</strong></span> 
     </span>
    </p>
   </div>
   <div class='ocr_carea' id='block_1_24' title="bbox 179 1082 959 1119">
    <p class='ocr_par' dir='ltr' id='par_1_24' title="bbox 179 1082 959 1119">
     <span class='ocr_line' id='line_1_24' title="bbox 179 1082 959 1119; baseline -0.004 -6"><span class='ocrx_word' id='word_1_165' title='bbox 179 1086 336 1113; x_wconf 88' lang='lat' dir='ltr'><strong>mandatum</strong></span> <span class='ocrx_word' id='word_1_166' title='bbox 350 1086 409 1112; x_wconf 81' lang='lat' dir='ltr'><strong>sine</strong></span> <span class='ocrx_word' id='word_1_167' title='bbox 423 1085 538 1115; x_wconf 83' lang='lat' dir='ltr'><strong>macula,</strong></span> <span class='ocrx_word' id='word_1_168' title='bbox 551 1084 788 1119; x_wconf 87' lang='lat' dir='ltr'><strong>irreprehensibile</strong></span> <span class='ocrx_word' id='word_1_169' title='bbox 809 1085 820 1100; x_wconf 80' lang='grc'><strong><em>³</em></strong></span> <span class='ocrx_word' id='word_1_170' title='bbox 835 1093 845 1110; x_wconf 78' lang='grc' dir='ltr'><strong>ι</strong></span> <span class='ocrx_word' id='word_1_171' title='bbox 860 1084 871 1110; x_wconf 84' lang='lat'><strong>?</strong></span> <span class='ocrx_word' id='word_1_172' title='bbox 891 1082 959 1110; x_wconf 89' lang='lat' dir='ltr'><strong>Num</strong></span> 
     </span>
    </p>
   </div>
   <div class='ocr_carea' id='block_1_25' title="bbox 179 1129 964 1167">
    <p class='ocr_par' dir='ltr' id='par_1_25' title="bbox 179 1129 964 1167">
     <span class='ocr_line' id='line_1_25' title="bbox 179 1129 964 1167; baseline -0.003 -9"><span class='ocrx_word' id='word_1_173' title='bbox 179 1131 242 1167; x_wconf 85' lang='lat' dir='ltr'><strong>quia</strong></span> <span class='ocrx_word' id='word_1_174' title='bbox 256 1131 300 1158; x_wconf 87' lang='lat' dir='ltr'><strong>hic</strong></span> <span class='ocrx_word' id='word_1_175' title='bbox 314 1131 347 1158; x_wconf 88' lang='lat' dir='ltr'><strong>de</strong></span> <span class='ocrx_word' id='word_1_176' title='bbox 368 1130 471 1165; x_wconf 82' lang='lat' dir='ltr'><strong>angelis</strong></span> <span class='ocrx_word' id='word_1_177' title='bbox 492 1134 520 1158; x_wconf 87' lang='lat' dir='ltr'><strong>et</strong></span> <span class='ocrx_word' id='word_1_178' title='bbox 542 1129 644 1164; x_wconf 86' lang='lat' dir='ltr'><strong>Spiritu</strong></span> <span class='ocrx_word' id='word_1_179' title='bbox 659 1130 745 1162; x_wconf 88' lang='lat' dir='ltr'><strong>siluit,</strong></span> <span class='ocrx_word' id='word_1_180' title='bbox 762 1130 795 1157; x_wconf 89' lang='lat' dir='ltr'><strong>de</strong></span> <span class='ocrx_word' id='word_1_181' title='bbox 811 1130 913 1164; x_wconf 85' lang='lat' dir='ltr'><strong>Spiritu</strong></span> <span class='ocrx_word' id='word_1_182' title='bbox 937 1134 964 1156; x_wconf 90' lang='lat' dir='ltr'><strong>et</strong></span> 
     </span>
    </p>
   </div>
   <div class='ocr_carea' id='block_1_26' title="bbox 179 1174 964 1211">
    <p class='ocr_par' dir='ltr' id='par_1_26' title="bbox 179 1174 964 1211">
     <span class='ocr_line' id='line_1_26' title="bbox 179 1174 964 1211; baseline -0.004 -8"><span class='ocrx_word' id='word_1_183' title='bbox 179 1176 212 1204; x_wconf 90' lang='lat' dir='ltr'><strong>de</strong></span> <span class='ocrx_word' id='word_1_184' title='bbox 227 1176 329 1211; x_wconf 77' lang='lat' dir='ltr'><strong>angelis</strong></span> <span class='ocrx_word' id='word_1_185' title='bbox 343 1180 434 1202; x_wconf 91' lang='lat' dir='ltr'><strong>utrum</strong></span> <span class='ocrx_word' id='word_1_186' title='bbox 452 1175 506 1203; x_wconf 88' lang='lat' dir='ltr'><strong>sint</strong></span> <span class='ocrx_word' id='word_1_187' title='bbox 519 1175 662 1202; x_wconf 87' lang='lat' dir='ltr'><strong>dubitant?</strong></span> <span class='ocrx_word' id='word_1_188' title='bbox 682 1174 720 1202; x_wconf 87' lang='lat' dir='ltr'><strong>lla</strong></span> <span class='ocrx_word' id='word_1_189' title='bbox 740 1182 806 1202; x_wconf 88' lang='lat' dir='ltr'><strong>sane</strong></span> <span class='ocrx_word' id='word_1_190' title='bbox 824 1175 964 1201; x_wconf 86' lang='lat' dir='ltr'><strong>dubitare-</strong></span> 
     </span>
    </p>
   </div>
   <div class='ocr_carea' id='block_1_27' title="bbox 179 1219 962 1256">
    <p class='ocr_par' dir='ltr' id='par_1_27' title="bbox 179 1219 962 1256">
     <span class='ocr_line' id='line_1_27' title="bbox 179 1219 962 1256; baseline -0.004 -7"><span class='ocrx_word' id='word_1_191' title='bbox 179 1222 244 1254; x_wconf 84' lang='lat' dir='ltr'><strong>rint,</strong></span> <span class='ocrx_word' id='word_1_192' title='bbox 268 1221 389 1256; x_wconf 90' lang='lat' dir='ltr'><strong>quandiu</strong></span> <span class='ocrx_word' id='word_1_193' title='bbox 413 1221 472 1247; x_wconf 87' lang='lat' dir='ltr'><strong>haec</strong></span> <span class='ocrx_word' id='word_1_194' title='bbox 500 1220 568 1247; x_wconf 86' lang='lat' dir='ltr'><strong>adeo</strong></span> <span class='ocrx_word' id='word_1_195' title='bbox 600 1220 683 1254; x_wconf 90' lang='lat' dir='ltr'><strong>impia</strong></span> <span class='ocrx_word' id='word_1_196' title='bbox 711 1223 805 1247; x_wconf 89' lang='lat' dir='ltr'><strong>contra</strong></span> <span class='ocrx_word' id='word_1_197' title='bbox 831 1219 962 1255; x_wconf 89' lang='lat' dir='ltr'><strong>Spiritum</strong></span> 
     </span>
    </p>
   </div>
   <div class='ocr_carea' id='block_1_28' title="bbox 180 1265 963 1300">
    <p class='ocr_par' dir='ltr' id='par_1_28' title="bbox 180 1265 963 1300">
     <span class='ocr_line' id='line_1_28' title="bbox 180 1265 963 1300; baseline -0.003 -6"><span class='ocrx_word' id='word_1_198' title='bbox 180 1267 392 1294; x_wconf 81' lang='lat' dir='ltr'><strong>meditabuntur.</strong></span> <span class='ocrx_word' id='word_1_199' title='bbox 404 1265 432 1293; x_wconf 89' lang='lat' dir='ltr'><strong>Si</strong></span> <span class='ocrx_word' id='word_1_200' title='bbox 447 1271 574 1300; x_wconf 75' lang='lat' dir='ltr'><strong>praeterea</strong></span> <span class='ocrx_word' id='word_1_201' title='bbox 589 1265 621 1292; x_wconf 89' lang='lat' dir='ltr'><strong>ad</strong></span> <span class='ocrx_word' id='word_1_202' title='bbox 635 1265 692 1292; x_wconf 71' lang='lat' dir='ltr'><strong>haec</strong></span> <span class='ocrx_word' id='word_1_203' title='bbox 706 1265 767 1292; x_wconf 91' lang='lat' dir='ltr'><strong>libri</strong></span> <span class='ocrx_word' id='word_1_204' title='bbox 782 1265 866 1292; x_wconf 83' lang='lat' dir='ltr'><strong>Exodi</strong></span> <span class='ocrx_word' id='word_1_205' title='bbox 882 1265 963 1292; x_wconf 86' lang='lat' dir='ltr'><strong>verba</strong></span> 
     </span>
    </p>
   </div>
   <div class='ocr_carea' id='block_1_29' title="bbox 181 1310 962 1346">
    <p class='ocr_par' dir='ltr' id='par_1_29' title="bbox 181 1310 962 1346">
     <span class='ocr_line' id='line_1_29' title="bbox 181 1310 962 1346; baseline -0.003 -7"><span class='ocrx_word' id='word_1_206' title='bbox 181 1312 320 1339; x_wconf 74' lang='lat' dir='ltr'><strong>attendant</strong></span> <span class='ocrx_word' id='word_1_207' title='bbox 334 1332 343 1346; x_wconf 90' lang='lat'><strong>,</strong></span> <span class='ocrx_word' id='word_1_208' title='bbox 379 1321 388 1337; x_wconf 83' lang='lat'><strong>(</strong></span> <span class='ocrx_word' id='word_1_209' title='bbox 411 1311 513 1338; x_wconf 88' lang='lat' dir='ltr'><strong>Timuit</strong></span> <span class='ocrx_word' id='word_1_210' title='bbox 528 1316 617 1339; x_wconf 89' lang='lat' dir='ltr'><strong>autem</strong></span> <span class='ocrx_word' id='word_1_211' title='bbox 634 1311 750 1346; x_wconf 76' lang='lat' dir='ltr'><strong>populus</strong></span> <span class='ocrx_word' id='word_1_212' title='bbox 765 1310 920 1344; x_wconf 88' lang='lat' dir='ltr'><strong>Dominum,</strong></span> <span class='ocrx_word' id='word_1_213' title='bbox 935 1315 962 1338; x_wconf 88' lang='lat' dir='ltr'><strong>et</strong></span> 
     </span>
    </p>
   </div>
   <div class='ocr_carea' id='block_1_30' title="bbox 181 1356 962 1394">
    <p class='ocr_par' dir='ltr' id='par_1_30' title="bbox 181 1356 962 1394">
     <span class='ocr_line' id='line_1_30' title="bbox 181 1356 962 1394; baseline -0.004 -8"><span class='ocrx_word' id='word_1_214' title='bbox 181 1359 352 1386; x_wconf 80' lang='lat' dir='ltr'><strong>crediderunt</strong></span> <span class='ocrx_word' id='word_1_215' title='bbox 369 1358 422 1386; x_wconf 91' lang='lat' dir='ltr'><strong>Deo</strong></span> <span class='ocrx_word' id='word_1_216' title='bbox 442 1364 469 1386; x_wconf 91' lang='lat' dir='ltr'><strong>et</strong></span> <span class='ocrx_word' id='word_1_217' title='bbox 483 1359 566 1394; x_wconf 80' lang='lat' dir='ltr'><strong>Moysi</strong></span> <span class='ocrx_word' id='word_1_218' title='bbox 584 1367 662 1386; x_wconf 87' lang='lat' dir='ltr'><strong>servo</strong></span> <span class='ocrx_word' id='word_1_219' title='bbox 679 1358 737 1392; x_wconf 79' lang='lat' dir='ltr'><strong>ejus</strong></span> <span class='ocrx_word' id='word_1_220' title='bbox 755 1361 765 1376; x_wconf 86' lang='grc'>³</span> <span class='ocrx_word' id='word_1_221' title='bbox 782 1377 789 1389; x_wconf 87' lang='grc'><strong>,</strong></span> <span class='ocrx_word' id='word_1_222' title='bbox 810 1367 819 1383; x_wconf 76' lang='grc' dir='ltr'><strong>ι</strong></span> <span class='ocrx_word' id='word_1_223' title='bbox 837 1365 870 1384; x_wconf 91' lang='lat' dir='ltr'><strong>an</strong></span> <span class='ocrx_word' id='word_1_224' title='bbox 885 1356 962 1391; x_wconf 85' lang='lat' dir='ltr'><strong>Moy-</strong></span> 
     </span>
    </p>
   </div>
   <div class='ocr_carea' id='block_1_31' title="bbox 180 1399 968 1434">
    <p class='ocr_par' dir='ltr' id='par_1_31' title="bbox 180 1399 968 1434">
     <span class='ocr_line' id='line_1_31' title="bbox 180 1399 968 1434; baseline -0.001 -5"><span class='ocrx_word' id='word_1_225' title='bbox 180 1409 236 1429; x_wconf 91' lang='lat' dir='ltr'><strong>sem</strong></span> <span class='ocrx_word' id='word_1_226' title='bbox 252 1401 307 1429; x_wconf 88' lang='lat' dir='ltr'><strong>Deo</strong></span> <span class='ocrx_word' id='word_1_227' title='bbox 320 1401 524 1429; x_wconf 83' lang='lat' dir='ltr'><strong>annumeraturi</strong></span> <span class='ocrx_word' id='word_1_228' title='bbox 540 1404 615 1432; x_wconf 90' lang='lat' dir='ltr'><strong>sunt,</strong></span> <span class='ocrx_word' id='word_1_229' title='bbox 633 1407 720 1434; x_wconf 84' lang='lat' dir='ltr'><strong>neque</strong></span> <span class='ocrx_word' id='word_1_230' title='bbox 734 1404 797 1434; x_wconf 83' lang='lat' dir='ltr'><strong>post</strong></span> <span class='ocrx_word' id='word_1_231' title='bbox 813 1399 908 1431; x_wconf 90' lang='lat' dir='ltr'><strong>Deum,</strong></span> <span class='ocrx_word' id='word_1_232' title='bbox 924 1400 968 1428; x_wconf 82' lang='lat' dir='ltr'><strong>Fi-</strong></span> 
     </span>
    </p>
   </div>
   <div class='ocr_carea' id='block_1_32' title="bbox 181 1444 967 1482">
    <p class='ocr_par' dir='ltr' id='par_1_32' title="bbox 181 1444 967 1482">
     <span class='ocr_line' id='line_1_32' title="bbox 181 1444 967 1482; baseline -0.003 -8"><span class='ocrx_word' id='word_1_233' title='bbox 181 1448 246 1474; x_wconf 88' lang='lat' dir='ltr'><strong>lium</strong></span> <span class='ocrx_word' id='word_1_234' title='bbox 261 1447 308 1475; x_wconf 89' lang='lat' dir='ltr'><strong>sed</strong></span> <span class='ocrx_word' id='word_1_235' title='bbox 332 1447 420 1474; x_wconf 92' lang='lat' dir='ltr'><strong>solum</strong></span> <span class='ocrx_word' id='word_1_236' title='bbox 438 1447 557 1482; x_wconf 85' lang='lat' dir='ltr'><strong>Moysem</strong></span> <span class='ocrx_word' id='word_1_237' title='bbox 575 1450 639 1473; x_wconf 90' lang='lat' dir='ltr'><strong>sunt</strong></span> <span class='ocrx_word' id='word_1_238' title='bbox 659 1445 846 1472; x_wconf 84' lang='lat' dir='ltr'><strong>intellecturi?</strong></span> <span class='ocrx_word' id='word_1_239' title='bbox 860 1444 929 1477; x_wconf 86' lang='lat' dir='ltr'><strong>Quid</strong></span> <span class='ocrx_word' id='word_1_240' title='bbox 945 1446 967 1473; x_wconf 97' lang='lat' dir='ltr'><strong>si</strong></span> 
     </span>
    </p>
   </div>
   <div class='ocr_carea' id='block_1_33' title="bbox 180 1490 965 1529">
    <p class='ocr_par' dir='ltr' id='par_1_33' title="bbox 180 1490 965 1529">
     <span class='ocr_line' id='line_1_33' title="bbox 180 1490 965 1529; baseline -0.004 -9"><span class='ocrx_word' id='word_1_241' title='bbox 180 1494 262 1520; x_wconf 90' lang='lat' dir='ltr'><strong>etiam</strong></span> <span class='ocrx_word' id='word_1_242' title='bbox 281 1493 463 1529; x_wconf 86' lang='lat' dir='ltr'><strong>patriarcham</strong></span> <span class='ocrx_word' id='word_1_243' title='bbox 486 1491 571 1520; x_wconf 72' lang='lat' dir='ltr'><strong>Iacob</strong></span> <span class='ocrx_word' id='word_1_244' title='bbox 601 1491 721 1526; x_wconf 83' lang='lat' dir='ltr'><strong>Josepho</strong></span> <span class='ocrx_word' id='word_1_245' title='bbox 841 1490 884 1518; x_wconf 86' lang='lat' dir='ltr'><strong>his</strong></span> <span class='ocrx_word' id='word_1_246' title='bbox 904 1498 965 1517; x_wconf 84' lang='lat' dir='ltr'><strong>ver-</strong></span> 
     </span>
    </p>
   </div>
   <div class='ocr_carea' id='block_1_34' title="bbox 1010 268 1797 305">
    <p class='ocr_par' dir='ltr' id='par_1_34' title="bbox 1010 268 1797 305">
     <span class='ocr_line' id='line_1_34' title="bbox 1010 268 1797 305; baseline 0.001 -11"><span class='ocrx_word' id='word_1_247' title='bbox 1010 268 1082 300; x_wconf 77' lang='grc' dir='ltr'>Υἱὸν,</span> <span class='ocrx_word' id='word_1_248' title='bbox 1099 269 1125 295; x_wconf 85' lang='grc' dir='ltr'><strong>τί</strong></span> <span class='ocrx_word' id='word_1_249' title='bbox 1138 268 1170 295; x_wconf 84' lang='grc' dir='ltr'>ἂν</span> <span class='ocrx_word' id='word_1_250' title='bbox 1181 268 1282 295; x_wconf 74' lang='grc' dir='ltr'>εἴποιεν</span> <span class='ocrx_word' id='word_1_251' title='bbox 1295 269 1358 304; x_wconf 83' lang='grc' dir='ltr'>περὶ</span> <span class='ocrx_word' id='word_1_252' title='bbox 1371 269 1418 295; x_wconf 86' lang='grc' dir='ltr'><strong>τοῦ</strong></span> <span class='ocrx_word' id='word_1_253' title='bbox 1435 269 1557 305; x_wconf 81' lang='grc' dir='ltr'>Πατρός;</span> <span class='ocrx_word' id='word_1_254' title='bbox 1571 269 1604 296; x_wconf 79' lang='grc' dir='ltr'>ἄν</span> <span class='ocrx_word' id='word_1_255' title='bbox 1621 278 1650 295; x_wconf 84' lang='grc' dir='ltr'><strong>τε</strong></span> <span class='ocrx_word' id='word_1_256' title='bbox 1673 269 1720 295; x_wconf 73' lang='grc' dir='ltr'><strong>τὸν</strong></span> <span class='ocrx_word' id='word_1_257' title='bbox 1741 270 1797 296; x_wconf 80' lang='grc' dir='ltr'>Πα-</span> 
     </span>
    </p>
   </div>
   <div class='ocr_carea' id='block_1_35' title="bbox 1007 313 1798 349">
    <p class='ocr_par' dir='ltr' id='par_1_35' title="bbox 1007 313 1798 349">
     <span class='ocr_line' id='line_1_35' title="bbox 1007 313 1798 349; baseline 0.001 -10"><span class='ocrx_word' id='word_1_258' title='bbox 1007 313 1072 347; x_wconf 80' lang='grc' dir='ltr'>τέρα</span> <span class='ocrx_word' id='word_1_259' title='bbox 1084 314 1191 346; x_wconf 78' lang='grc' dir='ltr'>εἴπωσι,</span> <span class='ocrx_word' id='word_1_260' title='bbox 1214 313 1239 339; x_wconf 88' lang='grc' dir='ltr'><strong>τί</strong></span> <span class='ocrx_word' id='word_1_261' title='bbox 1260 313 1292 340; x_wconf 75' lang='grc' dir='ltr'>ἂν</span> <span class='ocrx_word' id='word_1_262' title='bbox 1307 314 1408 340; x_wconf 77' lang='grc' dir='ltr'>εἴποιεν</span> <span class='ocrx_word' id='word_1_263' title='bbox 1423 313 1546 349; x_wconf 75' lang='grc' dir='ltr'>περὶτοῦ</span> <span class='ocrx_word' id='word_1_264' title='bbox 1564 314 1645 346; x_wconf 74' lang='grc' dir='ltr'>Υίοῦ;</span> <span class='ocrx_word' id='word_1_265' title='bbox 1666 313 1723 349; x_wconf 78' lang='grc' dir='ltr'><strong>Τὴν</strong></span> <span class='ocrx_word' id='word_1_266' title='bbox 1743 315 1798 348; x_wconf 68' lang='grc' dir='ltr'>γὰρ</span> 
     </span>
    </p>
   </div>
   <div class='ocr_carea' id='block_1_36' title="bbox 1007 358 1796 395">
    <p class='ocr_par' dir='ltr' id='par_1_36' title="bbox 1007 358 1796 395">
     <span class='ocr_line' id='line_1_36' title="bbox 1007 358 1796 395; baseline 0.003 -11"><span class='ocrx_word' id='word_1_267' title='bbox 1007 358 1206 385; x_wconf 78' lang='grc' dir='ltr'><strong>ἀκολουθοῦσαν</strong></span> <span class='ocrx_word' id='word_1_268' title='bbox 1222 359 1281 385; x_wconf 84' lang='grc' dir='ltr'>κατ’</span> <span class='ocrx_word' id='word_1_269' title='bbox 1296 359 1417 390; x_wconf 74' lang='grc' dir='ltr'><strong>ἐκείνους</strong></span> <span class='ocrx_word' id='word_1_270' title='bbox 1429 359 1583 394; x_wconf 67' lang='grc' dir='ltr'>δυσφημίαν</span> <span class='ocrx_word' id='word_1_271' title='bbox 1604 360 1672 395; x_wconf 81' lang='grc' dir='ltr'>μηδὲ</span> <span class='ocrx_word' id='word_1_272' title='bbox 1686 359 1796 394; x_wconf 82' lang='grc' dir='ltr'>λογίσα-</span> 
     </span>
    </p>
   </div>
   <div class='ocr_carea' id='block_1_37' title="bbox 1009 404 1798 440">
    <p class='ocr_par' dir='ltr' id='par_1_37' title="bbox 1009 404 1798 440">
     <span class='ocr_line' id='line_1_37' title="bbox 1009 404 1798 440; baseline 0.001 -10"><span class='ocrx_word' id='word_1_273' title='bbox 1009 404 1071 431; x_wconf 84' lang='grc' dir='ltr'>σθαί</span> <span class='ocrx_word' id='word_1_274' title='bbox 1086 413 1146 431; x_wconf 87' lang='grc' dir='ltr'>τινα</span> <span class='ocrx_word' id='word_1_275' title='bbox 1158 404 1278 438; x_wconf 78' lang='grc' dir='ltr'>γένοιτο-</span> <span class='ocrx_word' id='word_1_276' title='bbox 1295 404 1402 439; x_wconf 79' lang='grc' dir='ltr'><strong>ἀνάγκη</strong></span> <span class='ocrx_word' id='word_1_277' title='bbox 1418 405 1473 440; x_wconf 75' lang='grc' dir='ltr'>γὰρ</span> <span class='ocrx_word' id='word_1_278' title='bbox 1487 405 1584 436; x_wconf 77' lang='grc' dir='ltr'>αὐτοὺς</span> <span class='ocrx_word' id='word_1_279' title='bbox 1602 406 1702 435; x_wconf 81' lang='grc' dir='ltr'>εἰπεῖν,</span> <span class='ocrx_word' id='word_1_280' title='bbox 1718 405 1734 439; x_wconf 77' lang='grc' dir='ltr'><strong>ἢ</strong></span> <span class='ocrx_word' id='word_1_281' title='bbox 1756 406 1798 431; x_wconf 81' lang='grc' dir='ltr'>ὅτι</span> 
     </span>
    </p>
   </div>
   <div class='ocr_carea' id='block_1_38' title="bbox 1007 449 1797 485">
    <p class='ocr_par' dir='ltr' id='par_1_38' title="bbox 1007 449 1797 485">
     <span class='ocr_line' id='line_1_38' title="bbox 1007 449 1797 485; baseline -0.001 -9"><span class='ocrx_word' id='word_1_282' title='bbox 1007 450 1058 476; x_wconf 80' lang='grc' dir='ltr'>οὐκ</span> <span class='ocrx_word' id='word_1_283' title='bbox 1071 449 1154 482; x_wconf 76' lang='grc' dir='ltr'>ἐστιν,</span> <span class='ocrx_word' id='word_1_284' title='bbox 1168 449 1184 485; x_wconf 80' lang='grc' dir='ltr'>ἦ</span> <span class='ocrx_word' id='word_1_285' title='bbox 1197 450 1252 481; x_wconf 86' lang='grc' dir='ltr'>τοῖς</span> <span class='ocrx_word' id='word_1_286' title='bbox 1275 449 1409 484; x_wconf 84' lang='grc' dir='ltr'>ποιήμασι</span> <span class='ocrx_word' id='word_1_287' title='bbox 1425 449 1601 485; x_wconf 78' lang='grc' dir='ltr'>συναριθμεῖν</span> <span class='ocrx_word' id='word_1_288' title='bbox 1610 450 1640 476; x_wconf 79' lang='grc' dir='ltr'><strong>τὸ</strong></span> <span class='ocrx_word' id='word_1_289' title='bbox 1657 458 1797 484; x_wconf 73' lang='grc' dir='ltr'>σεσιωπη-</span> 
     </span>
    </p>
   </div>
   <div class='ocr_carea' id='block_1_39' title="bbox 1010 494 1444 531">
    <p class='ocr_par' dir='ltr' id='par_1_39' title="bbox 1010 494 1444 531">
     <span class='ocr_line' id='line_1_39' title="bbox 1010 494 1444 531; baseline 0 -9"><span class='ocrx_word' id='word_1_290' title='bbox 1010 496 1099 531; x_wconf 84' lang='grc' dir='ltr'>μένον.</span> <span class='ocrx_word' id='word_1_291' title='bbox 1441 494 1444 497; x_wconf 81' lang='grc'><em>’</em></span> 
     </span>
    </p>
   </div>
   <div class='ocr_carea' id='block_1_40' title="bbox 1108 540 1797 573">
    <p class='ocr_par' dir='ltr' id='par_1_40' title="bbox 1108 540 1797 573">
     <span class='ocr_line' id='line_1_40' title="bbox 1108 540 1797 573; baseline -0.001 -5"><span class='ocrx_word' id='word_1_292' title='bbox 1108 542 1174 568; x_wconf 78' lang='grc' dir='ltr'>Τίδ¹</span> <span class='ocrx_word' id='word_1_293' title='bbox 1187 541 1220 568; x_wconf 83' lang='grc' dir='ltr'><strong>ἂν</strong></span> <span class='ocrx_word' id='word_1_294' title='bbox 1235 542 1337 568; x_wconf 81' lang='grc' dir='ltr'>εῐποιεν</span> <span class='ocrx_word' id='word_1_295' title='bbox 1355 559 1364 573; x_wconf 86' lang='grc'><strong>,</strong></span> <span class='ocrx_word' id='word_1_296' title='bbox 1444 541 1491 567; x_wconf 74' lang='grc' dir='ltr'>ἐὰν</span> <span class='ocrx_word' id='word_1_297' title='bbox 1511 541 1657 567; x_wconf 82' lang='grc' dir='ltr'>ἀκούσουσι</span> <span class='ocrx_word' id='word_1_298' title='bbox 1680 542 1729 568; x_wconf 76' lang='grc' dir='ltr'><strong>καὶ</strong></span> <span class='ocrx_word' id='word_1_299' title='bbox 1749 540 1797 567; x_wconf 81' lang='grc' dir='ltr'><strong>τοῦ</strong></span> 
     </span>
    </p>
   </div>
   <div class='ocr_carea' id='block_1_41' title="bbox 1008 585 1797 623">
    <p class='ocr_par' dir='ltr' id='par_1_41' title="bbox 1008 585 1797 623">
     <span class='ocr_line' id='line_1_41' title="bbox 1008 585 1797 623; baseline -0.003 -9"><span class='ocrx_word' id='word_1_300' title='bbox 1008 588 1110 623; x_wconf 81' lang='grc' dir='ltr'>Κυρίου</span> <span class='ocrx_word' id='word_1_301' title='bbox 1123 587 1259 621; x_wconf 83' lang='grc' dir='ltr'>λέγοντος·</span> <span class='ocrx_word' id='word_1_302' title='bbox 1272 596 1282 613; x_wconf 84' lang='grc'><em>‹</em></span> <span class='ocrx_word' id='word_1_303' title='bbox 1296 587 1400 622; x_wconf 81' lang='grc' dir='ltr'><strong>Κριτής</strong></span> <span class='ocrx_word' id='word_1_304' title='bbox 1414 596 1455 618; x_wconf 90' lang='grc' dir='ltr'><strong>τις</strong></span> <span class='ocrx_word' id='word_1_305' title='bbox 1467 585 1500 623; x_wconf 80' lang='grc' dir='ltr'>ἦν</span> <span class='ocrx_word' id='word_1_306' title='bbox 1514 587 1542 613; x_wconf 78' lang='grc' dir='ltr'>ἓν</span> <span class='ocrx_word' id='word_1_307' title='bbox 1558 595 1612 613; x_wconf 82' lang='grc' dir='ltr'>τινι</span> <span class='ocrx_word' id='word_1_308' title='bbox 1635 587 1714 622; x_wconf 71' lang='grc' dir='ltr'><strong>χώρᾳ</strong></span> <span class='ocrx_word' id='word_1_309' title='bbox 1723 607 1732 619; x_wconf 83' lang='grc'><strong>,</strong></span> <span class='ocrx_word' id='word_1_310' title='bbox 1751 588 1797 612; x_wconf 76' lang='grc' dir='ltr'><strong>τὸν</strong></span> 
     </span>
    </p>
   </div>
   <div class='ocr_carea' id='block_1_42' title="bbox 1008 631 1797 667">
    <p class='ocr_par' dir='ltr' id='par_1_42' title="bbox 1008 631 1797 667">
     <span class='ocr_line' id='line_1_42' title="bbox 1008 631 1797 667; baseline -0.003 -9"><span class='ocrx_word' id='word_1_311' title='bbox 1008 632 1073 658; x_wconf 77' lang='grc' dir='ltr'>Θεὸν</span> <span class='ocrx_word' id='word_1_312' title='bbox 1089 631 1126 667; x_wconf 85' lang='grc' dir='ltr'>μὴ</span> <span class='ocrx_word' id='word_1_313' title='bbox 1141 631 1323 666; x_wconf 77' lang='grc' dir='ltr'>φοϐούμενος,</span> <span class='ocrx_word' id='word_1_314' title='bbox 1346 631 1392 657; x_wconf 78' lang='grc' dir='ltr'><strong>καὶ</strong></span> <span class='ocrx_word' id='word_1_315' title='bbox 1410 631 1552 666; x_wconf 78' lang='grc' dir='ltr'>ἄνθρωπον</span> <span class='ocrx_word' id='word_1_316' title='bbox 1575 631 1612 666; x_wconf 87' lang='grc' dir='ltr'>μὴ</span> <span class='ocrx_word' id='word_1_317' title='bbox 1630 631 1797 666; x_wconf 69' lang='grc' dir='ltr'>ἐντρεπόμε-</span> 
     </span>
    </p>
   </div>
   <div class='ocr_carea' id='block_1_43' title="bbox 1008 674 1797 711">
    <p class='ocr_par' dir='ltr' id='par_1_43' title="bbox 1008 674 1797 711">
     <span class='ocr_line' id='line_1_43' title="bbox 1008 674 1797 711; baseline -0.003 -8"><span class='ocrx_word' id='word_1_318' title='bbox 1008 685 1061 708; x_wconf 94' lang='grc' dir='ltr'>νος.</span> <span class='ocrx_word' id='word_1_319' title='bbox 1079 686 1088 702; x_wconf 76' lang='grc' dir='ltr'><strong>ι</strong></span> <span class='ocrx_word' id='word_1_320' title='bbox 1106 674 1188 710; x_wconf 65' lang='grc' dir='ltr'>*Δρα,</span> <span class='ocrx_word' id='word_1_321' title='bbox 1207 675 1300 711; x_wconf 71' lang='grc' dir='ltr'>ἐπειδὴ</span> <span class='ocrx_word' id='word_1_322' title='bbox 1323 674 1391 711; x_wconf 77' lang='grc' dir='ltr'>μετὰ</span> <span class='ocrx_word' id='word_1_323' title='bbox 1412 675 1458 701; x_wconf 83' lang='grc' dir='ltr'><strong>τὸν</strong></span> <span class='ocrx_word' id='word_1_324' title='bbox 1483 675 1549 701; x_wconf 81' lang='grc' dir='ltr'>Θεὸν</span> <span class='ocrx_word' id='word_1_325' title='bbox 1654 675 1797 710; x_wconf 73' lang='grc' dir='ltr'>ὠνόμασεν</span> 
     </span>
    </p>
   </div>
   <div class='ocr_carea' id='block_1_44' title="bbox 1008 718 1795 758">
    <p class='ocr_par' dir='ltr' id='par_1_44' title="bbox 1008 718 1795 758">
     <span class='ocr_line' id='line_1_44' title="bbox 1008 718 1795 758; baseline -0.003 -9"><span class='ocrx_word' id='word_1_326' title='bbox 1008 722 1159 758; x_wconf 78' lang='grc' dir='ltr'>ἄνθρωπον,</span> <span class='ocrx_word' id='word_1_327' title='bbox 1171 723 1184 749; x_wconf 94' lang='lat'><strong>6</strong></span> <span class='ocrx_word' id='word_1_328' title='bbox 1194 722 1256 753; x_wconf 74' lang='grc' dir='ltr'><strong>Υἱός</strong></span> <span class='ocrx_word' id='word_1_329' title='bbox 1267 723 1340 748; x_wconf 84' lang='grc' dir='ltr'>ὲστιν</span> <span class='ocrx_word' id='word_1_330' title='bbox 1353 718 1430 754; x_wconf 74' lang='grc' dir='ltr'>οὗτος</span> <span class='ocrx_word' id='word_1_331' title='bbox 1445 723 1459 748; x_wconf 98' lang='lat'><strong>6</strong></span> <span class='ocrx_word' id='word_1_332' title='bbox 1474 721 1626 757; x_wconf 81' lang='grc' dir='ltr'>ἄνθρωπος,</span> <span class='ocrx_word' id='word_1_333' title='bbox 1644 721 1674 748; x_wconf 79' lang='grc' dir='ltr'>ὃν</span> <span class='ocrx_word' id='word_1_334' title='bbox 1686 722 1738 748; x_wconf 79' lang='grc' dir='ltr'><strong>οὐκ</strong></span> <span class='ocrx_word' id='word_1_335' title='bbox 1755 723 1795 748; x_wconf 71' lang='grc' dir='ltr'>ὲν.</span> 
     </span>
    </p>
   </div>
   <div class='ocr_carea' id='block_1_45' title="bbox 1008 765 1797 802">
    <p class='ocr_par' dir='ltr' id='par_1_45' title="bbox 1008 765 1797 802">
     <span class='ocr_line' id='line_1_45' title="bbox 1008 765 1797 802; baseline 0 -10"><span class='ocrx_word' id='word_1_336' title='bbox 1008 766 1113 802; x_wconf 79' lang='grc' dir='ltr'>ετράπη</span> <span class='ocrx_word' id='word_1_337' title='bbox 1127 767 1141 793; x_wconf 92' lang='lat'><strong>6</strong></span> <span class='ocrx_word' id='word_1_338' title='bbox 1148 767 1238 798; x_wconf 77' lang='grc' dir='ltr'>ἄδικος</span> <span class='ocrx_word' id='word_1_339' title='bbox 1250 766 1345 802; x_wconf 86' lang='grc' dir='ltr'>κριτής</span> <span class='ocrx_word' id='word_1_340' title='bbox 1354 774 1361 798; x_wconf 85' lang='grc'>;</span> <span class='ocrx_word' id='word_1_341' title='bbox 1375 766 1410 792; x_wconf 84' lang='grc' dir='ltr'>Ἦ</span> <span class='ocrx_word' id='word_1_342' title='bbox 1420 766 1513 801; x_wconf 75' lang='grc' dir='ltr'>ἐπειδὴ</span> <span class='ocrx_word' id='word_1_343' title='bbox 1525 766 1592 801; x_wconf 77' lang='grc' dir='ltr'>μετὰ</span> <span class='ocrx_word' id='word_1_344' title='bbox 1602 766 1646 792; x_wconf 71' lang='grc' dir='ltr'><strong>τὸν</strong></span> <span class='ocrx_word' id='word_1_345' title='bbox 1655 765 1721 792; x_wconf 73' lang='grc' dir='ltr'>Θεὸν</span> <span class='ocrx_word' id='word_1_346' title='bbox 1729 766 1797 792; x_wconf 65' lang='lat' dir='ltr'><strong>dm;-</strong></span> 
     </span>
    </p>
   </div>
   <div class='ocr_carea' id='block_1_46' title="bbox 1013 810 1799 847">
    <p class='ocr_par' dir='ltr' id='par_1_46' title="bbox 1013 810 1799 847">
     <span class='ocr_line' id='line_1_46' title="bbox 1013 810 1799 847; baseline -0.003 -9"><span class='ocrx_word' id='word_1_347' title='bbox 1013 820 1080 847; x_wconf 87' lang='grc' dir='ltr'>μασε</span> <span class='ocrx_word' id='word_1_348' title='bbox 1104 812 1150 838; x_wconf 85' lang='grc' dir='ltr'><strong>τὸν</strong></span> <span class='ocrx_word' id='word_1_349' title='bbox 1170 811 1325 847; x_wconf 79' lang='grc' dir='ltr'>ἄνθρωπον,</span> <span class='ocrx_word' id='word_1_350' title='bbox 1347 811 1437 846; x_wconf 78' lang='grc' dir='ltr'>τρίτος</span> <span class='ocrx_word' id='word_1_351' title='bbox 1450 811 1523 838; x_wconf 77' lang='grc' dir='ltr'>ἐστὶν</span> <span class='ocrx_word' id='word_1_352' title='bbox 1543 811 1557 836; x_wconf 89' lang='lat'><strong>6</strong></span> <span class='ocrx_word' id='word_1_353' title='bbox 1574 811 1638 842; x_wconf 73' lang='grc' dir='ltr'>Υἱὸς</span> <span class='ocrx_word' id='word_1_354' title='bbox 1666 810 1737 846; x_wconf 78' lang='grc' dir='ltr'>μετὰ</span> <span class='ocrx_word' id='word_1_355' title='bbox 1752 811 1799 836; x_wconf 76' lang='grc' dir='ltr'>τὸν</span> 
     </span>
    </p>
   </div>
   <div class='ocr_carea' id='block_1_47' title="bbox 1012 855 1798 891">
    <p class='ocr_par' dir='ltr' id='par_1_47' title="bbox 1012 855 1798 891">
     <span class='ocr_line' id='line_1_47' title="bbox 1012 855 1798 891; baseline -0.001 -9"><span class='ocrx_word' id='word_1_356' title='bbox 1012 856 1164 891; x_wconf 76' lang='grc' dir='ltr'>ἄνθρωπον,</span> <span class='ocrx_word' id='word_1_357' title='bbox 1185 856 1232 882; x_wconf 77' lang='grc' dir='ltr'><strong>καὶ</strong></span> <span class='ocrx_word' id='word_1_358' title='bbox 1245 855 1373 891; x_wconf 84' lang='grc' dir='ltr'>τέταρτον</span> <span class='ocrx_word' id='word_1_359' title='bbox 1386 855 1415 882; x_wconf 84' lang='grc' dir='ltr'>τὸ</span> <span class='ocrx_word' id='word_1_360' title='bbox 1429 856 1540 891; x_wconf 81' lang='grc' dir='ltr'>Πνεῦμα</span> <span class='ocrx_word' id='word_1_361' title='bbox 1555 856 1585 882; x_wconf 80' lang='grc' dir='ltr'>τὸ</span> <span class='ocrx_word' id='word_1_362' title='bbox 1600 855 1695 890; x_wconf 79' lang='grc' dir='ltr'>ἆγιον;</span> <span class='ocrx_word' id='word_1_363' title='bbox 1715 855 1748 881; x_wconf 88' lang='grc' dir='ltr'>Τί</span> <span class='ocrx_word' id='word_1_364' title='bbox 1770 855 1798 881; x_wconf 72' lang='grc' dir='ltr'>δὲ</span> 
     </span>
    </p>
   </div>
   <div class='ocr_carea' id='block_1_48' title="bbox 1013 900 1798 937">
    <p class='ocr_par' dir='ltr' id='par_1_48' title="bbox 1013 900 1798 937">
     <span class='ocr_line' id='line_1_48' title="bbox 1013 900 1798 937; baseline -0.003 -9"><span class='ocrx_word' id='word_1_365' title='bbox 1013 901 1076 937; x_wconf 81' lang='grc' dir='ltr'>ἄρα,</span> <span class='ocrx_word' id='word_1_366' title='bbox 1085 901 1132 927; x_wconf 81' lang='grc' dir='ltr'><strong>ἐὰν</strong></span> <span class='ocrx_word' id='word_1_367' title='bbox 1140 901 1186 927; x_wconf 77' lang='grc' dir='ltr'>καὶ</span> <span class='ocrx_word' id='word_1_368' title='bbox 1199 900 1246 927; x_wconf 84' lang='grc' dir='ltr'><strong>τοῦ</strong></span> <span class='ocrx_word' id='word_1_369' title='bbox 1264 900 1424 927; x_wconf 83' lang='grc' dir='ltr'>’Δποστόλου</span> <span class='ocrx_word' id='word_1_370' title='bbox 1438 902 1466 927; x_wconf 79' lang='grc' dir='ltr'><strong>ἐν</strong></span> <span class='ocrx_word' id='word_1_371' title='bbox 1518 901 1586 936; x_wconf 66' lang='grc' dir='ltr'>αὐτῇ</span> <span class='ocrx_word' id='word_1_372' title='bbox 1601 900 1730 936; x_wconf 74' lang='grc' dir='ltr'><strong>ἐπιστολῇ</strong></span> <span class='ocrx_word' id='word_1_373' title='bbox 1745 901 1798 926; x_wconf 70' lang='grc' dir='ltr'><strong>πά-</strong></span> 
     </span>
    </p>
   </div>
   <div class='ocr_carea' id='block_1_49' title="bbox 1011 945 1799 982">
    <p class='ocr_par' dir='ltr' id='par_1_49' title="bbox 1011 945 1799 982">
     <span class='ocr_line' id='line_1_49' title="bbox 1011 945 1799 982; baseline -0.003 -8"><span class='ocrx_word' id='word_1_374' title='bbox 1011 947 1051 974; x_wconf 92' lang='grc' dir='ltr'><strong>λιν</strong></span> <span class='ocrx_word' id='word_1_375' title='bbox 1076 946 1197 981; x_wconf 78' lang='grc' dir='ltr'>λέγοντος</span> <span class='ocrx_word' id='word_1_376' title='bbox 1212 945 1365 972; x_wconf 83' lang='grc' dir='ltr'><strong>ἀκούσωσι·</strong></span> <span class='ocrx_word' id='word_1_377' title='bbox 1385 955 1393 971; x_wconf 82' lang='grc' dir='ltr'><strong>ι</strong></span> <span class='ocrx_word' id='word_1_378' title='bbox 1410 946 1594 982; x_wconf 79' lang='grc' dir='ltr'>Παραγγέλλω</span> <span class='ocrx_word' id='word_1_379' title='bbox 1615 955 1657 972; x_wconf 91' lang='grc' dir='ltr'><strong>σοι</strong></span> <span class='ocrx_word' id='word_1_380' title='bbox 1683 946 1799 972; x_wconf 71' lang='grc' dir='ltr'>ἐνώπιον</span> 
     </span>
    </p>
   </div>
   <div class='ocr_carea' id='block_1_50' title="bbox 1011 990 1799 1026">
    <p class='ocr_par' dir='ltr' id='par_1_50' title="bbox 1011 990 1799 1026">
     <span class='ocr_line' id='line_1_50' title="bbox 1011 990 1799 1026; baseline -0.003 -7"><span class='ocrx_word' id='word_1_381' title='bbox 1011 992 1057 1019; x_wconf 87' lang='grc' dir='ltr'><strong>τοῦ</strong></span> <span class='ocrx_word' id='word_1_382' title='bbox 1071 992 1138 1019; x_wconf 85' lang='grc' dir='ltr'>Θεοῦ</span> <span class='ocrx_word' id='word_1_383' title='bbox 1163 991 1209 1018; x_wconf 87' lang='grc' dir='ltr'><strong>τοῦ</strong></span> <span class='ocrx_word' id='word_1_384' title='bbox 1225 991 1417 1026; x_wconf 81' lang='grc' dir='ltr'>ζωογονοῦντος</span> <span class='ocrx_word' id='word_1_385' title='bbox 1436 990 1472 1017; x_wconf 76' lang='grc' dir='ltr'>τὰ</span> <span class='ocrx_word' id='word_1_386' title='bbox 1497 991 1585 1018; x_wconf 82' lang='grc' dir='ltr'>πάντα</span> <span class='ocrx_word' id='word_1_387' title='bbox 1597 1012 1605 1024; x_wconf 90' lang='grc'><strong>,</strong></span> <span class='ocrx_word' id='word_1_388' title='bbox 1631 991 1680 1017; x_wconf 70' lang='grc' dir='ltr'><strong>καὶ</strong></span> <span class='ocrx_word' id='word_1_389' title='bbox 1694 991 1799 1026; x_wconf 78' lang='grc' dir='ltr'>Κυρὲου</span> 
     </span>
    </p>
   </div>
   <div class='ocr_carea' id='block_1_51' title="bbox 1018 1035 1802 1073">
    <p class='ocr_par' dir='ltr' id='par_1_51' title="bbox 1018 1035 1802 1073">
     <span class='ocr_line' id='line_1_51' title="bbox 1018 1035 1802 1073; baseline -0.003 -9"><span class='ocrx_word' id='word_1_390' title='bbox 1018 1038 1104 1073; x_wconf 81' lang='grc' dir='ltr'>Ἰησοῦ</span> <span class='ocrx_word' id='word_1_391' title='bbox 1117 1037 1246 1073; x_wconf 84' lang='grc' dir='ltr'>Χριστοῦ,</span> <span class='ocrx_word' id='word_1_392' title='bbox 1260 1036 1307 1063; x_wconf 82' lang='grc' dir='ltr'><strong>τοῦ</strong></span> <span class='ocrx_word' id='word_1_393' title='bbox 1322 1037 1543 1072; x_wconf 80' lang='grc' dir='ltr'>μαρτυρήσαντος</span> <span class='ocrx_word' id='word_1_394' title='bbox 1559 1035 1606 1062; x_wconf 78' lang='grc' dir='ltr'>ἐπὶ</span> <span class='ocrx_word' id='word_1_395' title='bbox 1623 1036 1740 1062; x_wconf 83' lang='grc' dir='ltr'>Ποντίου</span> <span class='ocrx_word' id='word_1_396' title='bbox 1754 1037 1802 1062; x_wconf 90' lang='grc' dir='ltr'><strong>Πι-</strong></span> 
     </span>
    </p>
   </div>
   <div class='ocr_carea' id='block_1_52' title="bbox 1012 1081 1801 1118">
    <p class='ocr_par' dir='ltr' id='par_1_52' title="bbox 1012 1081 1801 1118">
     <span class='ocr_line' id='line_1_52' title="bbox 1012 1081 1801 1118; baseline -0.004 -8"><span class='ocrx_word' id='word_1_397' title='bbox 1012 1083 1103 1114; x_wconf 72' lang='grc' dir='ltr'>λάτου,</span> <span class='ocrx_word' id='word_1_398' title='bbox 1117 1083 1167 1118; x_wconf 81' lang='grc' dir='ltr'><strong>τὴν</strong></span> <span class='ocrx_word' id='word_1_399' title='bbox 1177 1082 1262 1117; x_wconf 83' lang='grc' dir='ltr'>καλὴν</span> <span class='ocrx_word' id='word_1_400' title='bbox 1278 1082 1431 1117; x_wconf 86' lang='grc' dir='ltr'>ὁμολογίαν,</span> <span class='ocrx_word' id='word_1_401' title='bbox 1443 1081 1560 1117; x_wconf 81' lang='grc' dir='ltr'>τηρῆσαί</span> <span class='ocrx_word' id='word_1_402' title='bbox 1573 1090 1602 1107; x_wconf 84' lang='grc' dir='ltr'><strong>σε</strong></span> <span class='ocrx_word' id='word_1_403' title='bbox 1618 1082 1670 1117; x_wconf 81' lang='grc' dir='ltr'><strong>τὴν</strong></span> <span class='ocrx_word' id='word_1_404' title='bbox 1690 1082 1801 1116; x_wconf 75' lang='grc' dir='ltr'>ἐντολὴν</span> 
     </span>
    </p>
   </div>
   <div class='ocr_carea' id='block_1_53' title="bbox 1013 1125 1803 1163">
    <p class='ocr_par' dir='ltr' id='par_1_53' title="bbox 1013 1125 1803 1163">
     <span class='ocr_line' id='line_1_53' title="bbox 1013 1125 1803 1163; baseline -0.003 -8"><span class='ocrx_word' id='word_1_405' title='bbox 1013 1129 1134 1160; x_wconf 73' lang='grc' dir='ltr'>ἄσπιλον,</span> <span class='ocrx_word' id='word_1_406' title='bbox 1156 1128 1338 1163; x_wconf 82' lang='grc' dir='ltr'>ἀνεπίληπτον</span> <span class='ocrx_word' id='word_1_407' title='bbox 1353 1135 1360 1160; x_wconf 83' lang='grc'>;</span> <span class='ocrx_word' id='word_1_408' title='bbox 1376 1136 1385 1152; x_wconf 74' lang='grc' dir='ltr'><strong>ι</strong></span> <span class='ocrx_word' id='word_1_409' title='bbox 1404 1125 1477 1163; x_wconf 79' lang='grc' dir='ltr'><strong>τΑρα</strong></span> <span class='ocrx_word' id='word_1_410' title='bbox 1500 1125 1546 1153; x_wconf 81' lang='grc' dir='ltr'><strong>οῦν</strong></span> <span class='ocrx_word' id='word_1_411' title='bbox 1558 1146 1566 1159; x_wconf 88' lang='grc'><strong>,</strong></span> <span class='ocrx_word' id='word_1_412' title='bbox 1585 1127 1680 1163; x_wconf 72' lang='grc' dir='ltr'>ἐπειδὴ</span> <span class='ocrx_word' id='word_1_413' title='bbox 1704 1127 1803 1153; x_wconf 76' lang='grc' dir='ltr'>σεσιώ-</span> 
     </span>
    </p>
   </div>
   <div class='ocr_carea' id='block_1_54' title="bbox 1013 1172 1801 1209">
    <p class='ocr_par' dir='ltr' id='par_1_54' title="bbox 1013 1172 1801 1209">
     <span class='ocr_line' id='line_1_54' title="bbox 1013 1172 1801 1209; baseline -0.001 -9"><span class='ocrx_word' id='word_1_414' title='bbox 1013 1184 1083 1209; x_wconf 81' lang='grc' dir='ltr'>πηκε</span> <span class='ocrx_word' id='word_1_415' title='bbox 1094 1174 1140 1201; x_wconf 88' lang='grc' dir='ltr'><strong>νῦν</strong></span> <span class='ocrx_word' id='word_1_416' title='bbox 1153 1173 1216 1209; x_wconf 83' lang='grc' dir='ltr'>περὶ</span> <span class='ocrx_word' id='word_1_417' title='bbox 1229 1173 1350 1207; x_wconf 82' lang='grc' dir='ltr'>ἀγγέλων</span> <span class='ocrx_word' id='word_1_418' title='bbox 1361 1173 1408 1200; x_wconf 77' lang='grc' dir='ltr'>καὶ</span> <span class='ocrx_word' id='word_1_419' title='bbox 1419 1172 1586 1208; x_wconf 78' lang='grc' dir='ltr'>Πνεῦμα-τος,</span> <span class='ocrx_word' id='word_1_420' title='bbox 1598 1173 1801 1208; x_wconf 66' lang='grc' dir='ltr'>ἀμφιϐάλλοντα</span> 
     </span>
    </p>
   </div>
   <div class='ocr_carea' id='block_1_55' title="bbox 1015 1217 1804 1254">
    <p class='ocr_par' dir='ltr' id='par_1_55' title="bbox 1015 1217 1804 1254">
     <span class='ocr_line' id='line_1_55' title="bbox 1015 1217 1804 1254; baseline -0.003 -9"><span class='ocrx_word' id='word_1_421' title='bbox 1015 1219 1079 1254; x_wconf 79' lang='grc' dir='ltr'>περὶ</span> <span class='ocrx_word' id='word_1_422' title='bbox 1095 1218 1261 1254; x_wconf 86' lang='grc' dir='ltr'>Πνεύματος,</span> <span class='ocrx_word' id='word_1_423' title='bbox 1274 1219 1298 1245; x_wconf 89' lang='grc' dir='ltr'><strong>εί</strong></span> <span class='ocrx_word' id='word_1_424' title='bbox 1315 1218 1372 1245; x_wconf 80' lang='grc' dir='ltr'>ἔστι</span> <span class='ocrx_word' id='word_1_425' title='bbox 1393 1236 1402 1250; x_wconf 81' lang='lat'><strong>,</strong></span> <span class='ocrx_word' id='word_1_426' title='bbox 1471 1217 1519 1244; x_wconf 74' lang='lat' dir='ltr'><strong>ml.</strong></span> <span class='ocrx_word' id='word_1_427' title='bbox 1536 1217 1598 1252; x_wconf 76' lang='grc' dir='ltr'>περὶ</span> <span class='ocrx_word' id='word_1_428' title='bbox 1611 1217 1739 1251; x_wconf 77' lang='grc' dir='ltr'>ἀγγέλων</span> <span class='ocrx_word' id='word_1_429' title='bbox 1750 1238 1758 1248; x_wconf 87' lang='grc'><strong>,</strong></span> <span class='ocrx_word' id='word_1_430' title='bbox 1778 1217 1804 1244; x_wconf 77' lang='grc' dir='ltr'>εἴ</span> 
     </span>
    </p>
   </div>
   <div class='ocr_carea' id='block_1_56' title="bbox 1014 1264 1802 1300">
    <p class='ocr_par' dir='ltr' id='par_1_56' title="bbox 1014 1264 1802 1300">
     <span class='ocr_line' id='line_1_56' title="bbox 1014 1264 1802 1300; baseline -0.001 -9"><span class='ocrx_word' id='word_1_431' title='bbox 1014 1266 1067 1292; x_wconf 83' lang='grc' dir='ltr'>εἱσι</span> <span class='ocrx_word' id='word_1_432' title='bbox 1078 1264 1147 1298; x_wconf 79' lang='grc' dir='ltr'>;Ναὶ</span> <span class='ocrx_word' id='word_1_433' title='bbox 1157 1265 1371 1300; x_wconf 77' lang='grc' dir='ltr'>ὰμφιϐάλλουσιν</span> <span class='ocrx_word' id='word_1_434' title='bbox 1381 1265 1434 1296; x_wconf 69' lang='grc' dir='ltr'>ἕως</span> <span class='ocrx_word' id='word_1_435' title='bbox 1447 1264 1558 1291; x_wconf 86' lang='grc' dir='ltr'>τοιαῦτα</span> <span class='ocrx_word' id='word_1_436' title='bbox 1572 1264 1724 1299; x_wconf 76' lang='grc' dir='ltr'>δυσφημεῖν</span> <span class='ocrx_word' id='word_1_437' title='bbox 1737 1264 1802 1299; x_wconf 83' lang='grc' dir='ltr'>περὶ</span> 
     </span>
    </p>
   </div>
   <div class='ocr_carea' id='block_1_57' title="bbox 1013 1309 1802 1346">
    <p class='ocr_par' dir='ltr' id='par_1_57' title="bbox 1013 1309 1802 1346">
     <span class='ocr_line' id='line_1_57' title="bbox 1013 1309 1802 1346; baseline -0.004 -9"><span class='ocrx_word' id='word_1_438' title='bbox 1013 1311 1060 1337; x_wconf 82' lang='grc' dir='ltr'><strong>τοῦ</strong></span> <span class='ocrx_word' id='word_1_439' title='bbox 1084 1310 1241 1346; x_wconf 86' lang='grc' dir='ltr'>Πνεύματος</span> <span class='ocrx_word' id='word_1_440' title='bbox 1261 1310 1488 1345; x_wconf 84' lang='grc' dir='ltr'>μεμελετήκασιν.</span> <span class='ocrx_word' id='word_1_441' title='bbox 1522 1309 1583 1336; x_wconf 82' lang='grc' dir='ltr'><strong>Ἐὰν</strong></span> <span class='ocrx_word' id='word_1_442' title='bbox 1607 1309 1635 1335; x_wconf 83' lang='grc' dir='ltr'><strong>δὲ</strong></span> <span class='ocrx_word' id='word_1_443' title='bbox 1661 1309 1802 1335; x_wconf 75' lang='grc' dir='ltr'>ἀκούσωσι</span> 
     </span>
    </p>
   </div>
   <div class='ocr_carea' id='block_1_58' title="bbox 1013 1355 1802 1393">
    <p class='ocr_par' dir='ltr' id='par_1_58' title="bbox 1013 1355 1802 1393">
     <span class='ocr_line' id='line_1_58' title="bbox 1013 1355 1802 1393; baseline -0.005 -9"><span class='ocrx_word' id='word_1_444' title='bbox 1013 1358 1062 1393; x_wconf 85' lang='grc' dir='ltr'>τῆς</span> <span class='ocrx_word' id='word_1_445' title='bbox 1078 1357 1188 1392; x_wconf 68' lang='grc' dir='ltr'>Γραφῆς</span> <span class='ocrx_word' id='word_1_446' title='bbox 1202 1355 1333 1390; x_wconf 86' lang='grc' dir='ltr'>λεγούσης</span> <span class='ocrx_word' id='word_1_447' title='bbox 1349 1357 1377 1381; x_wconf 80' lang='grc' dir='ltr'>ὲν</span> <span class='ocrx_word' id='word_1_448' title='bbox 1454 1357 1487 1390; x_wconf 89' lang='grc' dir='ltr'>τῇ</span> <span class='ocrx_word' id='word_1_449' title='bbox 1509 1355 1616 1390; x_wconf 72' lang='grc' dir='ltr'><strong>Ἐξὸδῳ,</strong></span> <span class='ocrx_word' id='word_1_450' title='bbox 1634 1365 1643 1380; x_wconf 77' lang='grc' dir='ltr'><strong>ι</strong></span> <span class='ocrx_word' id='word_1_451' title='bbox 1662 1355 1802 1390; x_wconf 75' lang='grc' dir='ltr'><strong>Ἐφοῢήθη</strong></span> 
     </span>
    </p>
   </div>
   <div class='ocr_carea' id='block_1_59' title="bbox 1011 1397 1803 1433">
    <p class='ocr_par' dir='ltr' id='par_1_59' title="bbox 1011 1397 1803 1433">
     <span class='ocr_line' id='line_1_59' title="bbox 1011 1397 1803 1433; baseline -0.003 -8"><span class='ocrx_word' id='word_1_452' title='bbox 1011 1399 1064 1425; x_wconf 72' lang='grc' dir='ltr'><strong>δὲό</strong></span> <span class='ocrx_word' id='word_1_453' title='bbox 1082 1398 1146 1430; x_wconf 85' lang='grc' dir='ltr'>λαὸς</span> <span class='ocrx_word' id='word_1_454' title='bbox 1163 1398 1207 1424; x_wconf 82' lang='grc' dir='ltr'><strong>τὸν</strong></span> <span class='ocrx_word' id='word_1_455' title='bbox 1220 1397 1333 1433; x_wconf 85' lang='grc' dir='ltr'>Κύριον,</span> <span class='ocrx_word' id='word_1_456' title='bbox 1360 1397 1408 1424; x_wconf 77' lang='grc' dir='ltr'>καὶ</span> <span class='ocrx_word' id='word_1_457' title='bbox 1425 1398 1590 1425; x_wconf 78' lang='grc' dir='ltr'>ἐπιστευσαν</span> <span class='ocrx_word' id='word_1_458' title='bbox 1605 1398 1644 1433; x_wconf 83' lang='grc' dir='ltr'>τῷ</span> <span class='ocrx_word' id='word_1_459' title='bbox 1666 1398 1740 1433; x_wconf 81' lang='grc' dir='ltr'>Θεῷ,</span> <span class='ocrx_word' id='word_1_460' title='bbox 1755 1399 1803 1424; x_wconf 77' lang='grc' dir='ltr'>καὶ</span> 
     </span>
    </p>
   </div>
   <div class='ocr_carea' id='block_1_60' title="bbox 1012 1443 1803 1480">
    <p class='ocr_par' dir='ltr' id='par_1_60' title="bbox 1012 1443 1803 1480">
     <span class='ocr_line' id='line_1_60' title="bbox 1012 1443 1803 1480; baseline 0 -8"><span class='ocrx_word' id='word_1_461' title='bbox 1012 1446 1109 1480; x_wconf 84' lang='grc' dir='ltr'>Μωσῇ,</span> <span class='ocrx_word' id='word_1_462' title='bbox 1126 1444 1164 1480; x_wconf 88' lang='grc' dir='ltr'>τῷ</span> <span class='ocrx_word' id='word_1_463' title='bbox 1181 1444 1435 1480; x_wconf 66' lang='grc' dir='ltr'>θεραπόπιαύτοῦ,</span> <span class='ocrx_word' id='word_1_464' title='bbox 1459 1453 1469 1470; x_wconf 81' lang='grc'><strong>›</strong></span> <span class='ocrx_word' id='word_1_465' title='bbox 1489 1443 1544 1480; x_wconf 84' lang='grc' dir='ltr'>ἆρα</span> <span class='ocrx_word' id='word_1_466' title='bbox 1568 1445 1803 1480; x_wconf 75' lang='grc' dir='ltr'>συναριθμήσουσι</span> 
     </span>
    </p>
   </div>
   <div class='ocr_carea' id='block_1_61' title="bbox 1011 1490 1804 1526">
    <p class='ocr_par' dir='ltr' id='par_1_61' title="bbox 1011 1490 1804 1526">
     <span class='ocr_line' id='line_1_61' title="bbox 1011 1490 1804 1526; baseline 0 -9"><span class='ocrx_word' id='word_1_467' title='bbox 1011 1490 1050 1526; x_wconf 84' lang='grc' dir='ltr'>τῷ</span> <span class='ocrx_word' id='word_1_468' title='bbox 1066 1491 1124 1526; x_wconf 86' lang='grc' dir='ltr'><strong>Θεῷ</strong></span> <span class='ocrx_word' id='word_1_469' title='bbox 1138 1491 1184 1517; x_wconf 82' lang='grc' dir='ltr'>τὸν</span> <span class='ocrx_word' id='word_1_470' title='bbox 1198 1490 1310 1526; x_wconf 86' lang='grc' dir='ltr'>Μωσῆν,</span> <span class='ocrx_word' id='word_1_471' title='bbox 1331 1491 1377 1517; x_wconf 75' lang='grc' dir='ltr'><strong>καὶ</strong></span> <span class='ocrx_word' id='word_1_472' title='bbox 1396 1493 1464 1526; x_wconf 82' lang='grc' dir='ltr'>μετὰ</span> <span class='ocrx_word' id='word_1_473' title='bbox 1477 1491 1524 1518; x_wconf 82' lang='grc' dir='ltr'><strong>τὸν</strong></span> <span class='ocrx_word' id='word_1_474' title='bbox 1541 1491 1606 1518; x_wconf 79' lang='grc' dir='ltr'>Θεὸν</span> <span class='ocrx_word' id='word_1_475' title='bbox 1629 1491 1658 1517; x_wconf 84' lang='grc' dir='ltr'>οὐ</span> <span class='ocrx_word' id='word_1_476' title='bbox 1674 1492 1804 1526; x_wconf 73' lang='grc' dir='ltr'>νοήσουσι</span> 
     </span>
    </p>
   </div>
   <div class='ocr_carea' id='block_1_62' title="bbox 167 1535 913 1572">
    <p class='ocr_par' dir='ltr' id='par_1_62' title="bbox 167 1535 913 1572">
     <span class='ocr_line' id='line_1_62' title="bbox 167 1535 913 1572; baseline -0.005 -5"><span class='ocrx_word' id='word_1_477' title='bbox 167 1540 222 1567; x_wconf 87' lang='lat' dir='ltr'><strong>&#39;bis</strong></span> <span class='ocrx_word' id='word_1_478' title='bbox 231 1540 389 1567; x_wconf 84' lang='lat' dir='ltr'><strong>benedicere</strong></span> <span class='ocrx_word' id='word_1_479' title='bbox 399 1538 574 1565; x_wconf 83' lang='lat' dir='ltr'><strong>meminerint</strong></span> <span class='ocrx_word' id='word_1_480' title='bbox 590 1547 599 1563; x_wconf 83' lang='grc' dir='ltr'><strong>ι</strong></span> <span class='ocrx_word' id='word_1_481' title='bbox 615 1537 687 1565; x_wconf 89' lang='lat' dir='ltr'><strong>Deus</strong></span> <span class='ocrx_word' id='word_1_482' title='bbox 712 1537 759 1572; x_wconf 92' lang='lat' dir='ltr'><strong>qui</strong></span> <span class='ocrx_word' id='word_1_483' title='bbox 776 1535 864 1571; x_wconf 85' lang='lat' dir='ltr'><strong>pascit</strong></span> <span class='ocrx_word' id='word_1_484' title='bbox 879 1544 913 1563; x_wconf 72' lang='lat' dir='ltr'><strong>mi</strong></span> 
     </span>
    </p>
   </div>
   <div class='ocr_carea' id='block_1_63' title="bbox 1058 1535 1804 1572">
    <p class='ocr_par' dir='ltr' id='par_1_63' title="bbox 1070 1535 1804 1571">
     <span class='ocr_line' id='line_1_63' title="bbox 1070 1535 1804 1571; baseline 0 -8"><span class='ocrx_word' id='word_1_485' title='bbox 1070 1536 1143 1567; x_wconf 82' lang='grc' dir='ltr'>Υἱδν,</span> <span class='ocrx_word' id='word_1_486' title='bbox 1157 1536 1224 1563; x_wconf 83' lang='grc' dir='ltr'>ἀλλὰ</span> <span class='ocrx_word' id='word_1_487' title='bbox 1236 1536 1315 1571; x_wconf 86' lang='grc' dir='ltr'>μόνον</span> <span class='ocrx_word' id='word_1_488' title='bbox 1328 1536 1374 1563; x_wconf 82' lang='grc' dir='ltr'>τὸν</span> <span class='ocrx_word' id='word_1_489' title='bbox 1387 1537 1504 1571; x_wconf 83' lang='grc' dir='ltr'>Μωσῆν;</span> <span class='ocrx_word' id='word_1_490' title='bbox 1536 1536 1568 1562; x_wconf 85' lang='grc' dir='ltr'>Τί</span> <span class='ocrx_word' id='word_1_491' title='bbox 1588 1535 1627 1567; x_wconf 84' lang='grc' dir='ltr'><strong>δὲ,</strong></span> <span class='ocrx_word' id='word_1_492' title='bbox 1652 1536 1699 1562; x_wconf 74' lang='grc' dir='ltr'><strong>ἐὰν</strong></span> <span class='ocrx_word' id='word_1_493' title='bbox 1719 1536 1804 1563; x_wconf 75' lang='grc' dir='ltr'>ἀκού-</span> 
     </span>
    </p>
   </div>
   <div class='ocr_carea' id='block_1_64' title="bbox 180 1583 967 1618">
    <p class='ocr_par' dir='ltr' id='par_1_64' title="bbox 180 1583 967 1618">
     <span class='ocr_line' id='line_1_64' title="bbox 180 1583 967 1618; baseline -0.004 -6"><span class='ocrx_word' id='word_1_494' title='bbox 180 1585 365 1612; x_wconf 87' lang='lat' dir='ltr'><strong>adolescentia</strong></span> <span class='ocrx_word' id='word_1_495' title='bbox 377 1592 436 1611; x_wconf 88' lang='lat' dir='ltr'><strong>mea</strong></span> <span class='ocrx_word' id='word_1_496' title='bbox 452 1591 539 1618; x_wconf 88' lang='lat' dir='ltr'><strong>usque</strong></span> <span class='ocrx_word' id='word_1_497' title='bbox 558 1584 584 1610; x_wconf 86' lang='lat' dir='ltr'><strong>in</strong></span> <span class='ocrx_word' id='word_1_498' title='bbox 601 1587 762 1618; x_wconf 75' lang='lat' dir='ltr'><strong>praesentem</strong></span> <span class='ocrx_word' id='word_1_499' title='bbox 776 1583 847 1610; x_wconf 90' lang='lat' dir='ltr'><strong>diem</strong></span> <span class='ocrx_word' id='word_1_500' title='bbox 862 1591 869 1615; x_wconf 87' lang='lat'>;</span> <span class='ocrx_word' id='word_1_501' title='bbox 882 1590 967 1618; x_wconf 65' lang='lat' dir='ltr'><strong>ange«</strong></span> 
     </span>
    </p>
   </div>
   <div class='ocr_carea' id='block_1_65' title="bbox 180 1628 968 1664">
    <p class='ocr_par' dir='ltr' id='par_1_65' title="bbox 180 1628 968 1664">
     <span class='ocr_line' id='line_1_65' title="bbox 180 1628 968 1664; baseline -0.001 -8"><span class='ocrx_word' id='word_1_502' title='bbox 180 1629 233 1660; x_wconf 89' lang='lat' dir='ltr'><strong>lus.</strong></span> <span class='ocrx_word' id='word_1_503' title='bbox 252 1629 300 1664; x_wconf 89' lang='lat' dir='ltr'><strong>qui</strong></span> <span class='ocrx_word' id='word_1_504' title='bbox 320 1629 392 1656; x_wconf 85' lang='lat' dir='ltr'><strong>eruit</strong></span> <span class='ocrx_word' id='word_1_505' title='bbox 407 1635 451 1655; x_wconf 87' lang='lat' dir='ltr'><strong>me</strong></span> <span class='ocrx_word' id='word_1_506' title='bbox 467 1629 500 1655; x_wconf 88' lang='lat' dir='ltr'><strong>de</strong></span> <span class='ocrx_word' id='word_1_507' title='bbox 515 1629 622 1655; x_wconf 81' lang='lat' dir='ltr'><strong>eunetis</strong></span> <span class='ocrx_word' id='word_1_508' title='bbox 639 1628 728 1660; x_wconf 87' lang='lat' dir='ltr'><strong>malis,</strong></span> <span class='ocrx_word' id='word_1_509' title='bbox 744 1628 886 1655; x_wconf 85' lang='lat' dir='ltr'><strong>henedicat</strong></span> <span class='ocrx_word' id='word_1_510' title='bbox 900 1635 968 1663; x_wconf 88' lang='lat' dir='ltr'><strong>pue-</strong></span> 
     </span>
    </p>
   </div>
   <div class='ocr_carea' id='block_1_66' title="bbox 180 1672 968 1707">
    <p class='ocr_par' dir='ltr' id='par_1_66' title="bbox 180 1672 968 1707">
     <span class='ocr_line' id='line_1_66' title="bbox 180 1672 968 1707; baseline -0.003 -6"><span class='ocrx_word' id='word_1_511' title='bbox 180 1674 219 1701; x_wconf 86' lang='lat' dir='ltr'><strong>ris</strong></span> <span class='ocrx_word' id='word_1_512' title='bbox 236 1673 296 1700; x_wconf 90' lang='lat' dir='ltr'><strong>istis</strong></span> <span class='ocrx_word' id='word_1_513' title='bbox 320 1672 332 1689; x_wconf 79' lang='grc'><strong>⁸</strong></span> <span class='ocrx_word' id='word_1_514' title='bbox 350 1682 359 1699; x_wconf 81' lang='grc' dir='ltr'><strong>ι</strong></span> <span class='ocrx_word' id='word_1_515' title='bbox 371 1673 382 1699; x_wconf 83' lang='lat'><strong>?</strong></span> <span class='ocrx_word' id='word_1_516' title='bbox 396 1672 467 1700; x_wconf 90' lang='lat' dir='ltr'><strong>Num</strong></span> <span class='ocrx_word' id='word_1_517' title='bbox 485 1673 548 1707; x_wconf 86' lang='lat' dir='ltr'><strong>quia</strong></span> <span class='ocrx_word' id='word_1_518' title='bbox 564 1678 624 1707; x_wconf 70' lang='lat' dir='ltr'><strong>post</strong></span> <span class='ocrx_word' id='word_1_519' title='bbox 638 1673 722 1700; x_wconf 89' lang='lat' dir='ltr'><strong>Deum</strong></span> <span class='ocrx_word' id='word_1_520' title='bbox 743 1673 868 1706; x_wconf 80' lang='lat' dir='ltr'><strong>angelum</strong></span> <span class='ocrx_word' id='word_1_521' title='bbox 883 1672 968 1699; x_wconf 91' lang='lat' dir='ltr'><strong>nomi-</strong></span> 
     </span>
    </p>
   </div>
   <div class='ocr_carea' id='block_1_67' title="bbox 180 1718 966 1753">
    <p class='ocr_par' dir='ltr' id='par_1_67' title="bbox 180 1718 966 1753">
     <span class='ocr_line' id='line_1_67' title="bbox 180 1718 966 1753; baseline 0 -8"><span class='ocrx_word' id='word_1_522' title='bbox 180 1719 266 1750; x_wconf 85' lang='lat' dir='ltr'><strong>navit,</strong></span> <span class='ocrx_word' id='word_1_523' title='bbox 283 1719 359 1753; x_wconf 89' lang='lat' dir='ltr'><strong>prior</strong></span> <span class='ocrx_word' id='word_1_524' title='bbox 380 1722 423 1746; x_wconf 87' lang='lat' dir='ltr'><strong>est</strong></span> <span class='ocrx_word' id='word_1_525' title='bbox 440 1718 553 1753; x_wconf 77' lang='lat' dir='ltr'><strong>angelus</strong></span> <span class='ocrx_word' id='word_1_526' title='bbox 570 1718 649 1751; x_wconf 84' lang='lat' dir='ltr'><strong>Filio,</strong></span> <span class='ocrx_word' id='word_1_527' title='bbox 667 1722 715 1745; x_wconf 86' lang='lat' dir='ltr'><strong>aut</strong></span> <span class='ocrx_word' id='word_1_528' title='bbox 733 1718 818 1745; x_wconf 84' lang='lat' dir='ltr'><strong>Filius</strong></span> <span class='ocrx_word' id='word_1_529' title='bbox 832 1718 903 1745; x_wconf 90' lang='lat' dir='ltr'><strong>inter</strong></span> <span class='ocrx_word' id='word_1_530' title='bbox 917 1725 966 1745; x_wconf 90' lang='lat' dir='ltr'><strong>an-</strong></span> 
     </span>
    </p>
   </div>
   <div class='ocr_carea' id='block_1_68' title="bbox 179 1762 967 1799">
    <p class='ocr_par' dir='ltr' id='par_1_68' title="bbox 179 1762 967 1799">
     <span class='ocr_line' id='line_1_68' title="bbox 179 1762 967 1799; baseline 0 -8"><span class='ocrx_word' id='word_1_531' title='bbox 179 1764 254 1799; x_wconf 74' lang='lat' dir='ltr'><strong>gelos</strong></span> <span class='ocrx_word' id='word_1_532' title='bbox 271 1763 486 1791; x_wconf 81' lang='lat' dir='ltr'><strong>annumeratur?</strong></span> <span class='ocrx_word' id='word_1_533' title='bbox 506 1762 544 1791; x_wconf 86' lang='lat' dir='ltr'><strong>lla</strong></span> <span class='ocrx_word' id='word_1_534' title='bbox 562 1763 683 1799; x_wconf 82' lang='lat' dir='ltr'><strong>profecto</strong></span> <span class='ocrx_word' id='word_1_535' title='bbox 700 1763 851 1796; x_wconf 87' lang='lat' dir='ltr'><strong>senserint,</strong></span> <span class='ocrx_word' id='word_1_536' title='bbox 868 1764 967 1798; x_wconf 87' lang='lat' dir='ltr'><strong>quippe</strong></span> 
     </span>
    </p>
   </div>
   <div class='ocr_carea' id='block_1_69' title="bbox 179 1810 968 1846">
    <p class='ocr_par' dir='ltr' id='par_1_69' title="bbox 179 1810 968 1846">
     <span class='ocr_line' id='line_1_69' title="bbox 179 1810 968 1846; baseline 0 -9"><span class='ocrx_word' id='word_1_537' title='bbox 179 1810 279 1846; x_wconf 87' lang='lat' dir='ltr'><strong>quibus</strong></span> <span class='ocrx_word' id='word_1_538' title='bbox 295 1818 343 1838; x_wconf 89' lang='lat' dir='ltr'><strong>cor</strong></span> <span class='ocrx_word' id='word_1_539' title='bbox 356 1815 514 1846; x_wconf 90' lang='lat' dir='ltr'><strong>corruptum</strong></span> <span class='ocrx_word' id='word_1_540' title='bbox 527 1811 572 1838; x_wconf 85' lang='lat' dir='ltr'><strong>sit.</strong></span> <span class='ocrx_word' id='word_1_541' title='bbox 587 1810 688 1838; x_wconf 84' lang='lat' dir='ltr'><strong>Verum</strong></span> <span class='ocrx_word' id='word_1_542' title='bbox 703 1818 757 1838; x_wconf 91' lang='lat' dir='ltr'><strong>non</strong></span> <span class='ocrx_word' id='word_1_543' title='bbox 771 1811 829 1838; x_wconf 68' lang='lat' dir='ltr'><strong>hmc</strong></span> <span class='ocrx_word' id='word_1_544' title='bbox 845 1814 888 1839; x_wconf 88' lang='lat' dir='ltr'><strong>est</strong></span> <span class='ocrx_word' id='word_1_545' title='bbox 902 1817 968 1844; x_wconf 87' lang='lat' dir='ltr'><strong>apo-</strong></span> 
     </span>
    </p>
   </div>
   <div class='ocr_carea' id='block_1_70' title="bbox 180 1855 966 1890">
    <p class='ocr_par' dir='ltr' id='par_1_70' title="bbox 180 1855 966 1890">
     <span class='ocr_line' id='line_1_70' title="bbox 180 1855 966 1890; baseline 0.001 -7"><span class='ocrx_word' id='word_1_546' title='bbox 180 1856 276 1883; x_wconf 86' lang='lat' dir='ltr'><strong>stolica</strong></span> <span class='ocrx_word' id='word_1_547' title='bbox 292 1856 368 1888; x_wconf 88' lang='lat' dir='ltr'><strong>lides,</strong></span> <span class='ocrx_word' id='word_1_548' title='bbox 384 1863 472 1890; x_wconf 88' lang='lat' dir='ltr'><strong>neque</strong></span> <span class='ocrx_word' id='word_1_549' title='bbox 487 1863 518 1883; x_wconf 87' lang='lat' dir='ltr'><strong>ea</strong></span> <span class='ocrx_word' id='word_1_550' title='bbox 539 1855 610 1883; x_wconf 82' lang='lat' dir='ltr'><strong>ferre</strong></span> <span class='ocrx_word' id='word_1_551' title='bbox 634 1856 697 1883; x_wconf 89' lang='lat' dir='ltr'><strong>licet</strong></span> <span class='ocrx_word' id='word_1_552' title='bbox 717 1856 884 1884; x_wconf 84' lang='lat' dir='ltr'><strong>Christiano.</strong></span> <span class='ocrx_word' id='word_1_553' title='bbox 898 1856 966 1884; x_wconf 83' lang='lat' dir='ltr'><strong>Nam</strong></span> 
     </span>
    </p>
   </div>
   <div class='ocr_carea' id='block_1_71' title="bbox 179 1899 966 1936">
    <p class='ocr_par' dir='ltr' id='par_1_71' title="bbox 179 1899 966 1936">
     <span class='ocr_line' id='line_1_71' title="bbox 179 1899 966 1936; baseline 0.003 -9"><span class='ocrx_word' id='word_1_554' title='bbox 179 1905 273 1928; x_wconf 89' lang='lat' dir='ltr'><strong>sancta</strong></span> <span class='ocrx_word' id='word_1_555' title='bbox 297 1906 324 1928; x_wconf 88' lang='lat' dir='ltr'><strong>et</strong></span> <span class='ocrx_word' id='word_1_556' title='bbox 345 1901 423 1928; x_wconf 78' lang='lat' dir='ltr'><strong>beata</strong></span> <span class='ocrx_word' id='word_1_557' title='bbox 440 1899 559 1928; x_wconf 85' lang='lat' dir='ltr'><strong>Trinitas</strong></span> <span class='ocrx_word' id='word_1_558' title='bbox 578 1900 717 1928; x_wconf 90' lang='lat' dir='ltr'><strong>individua</strong></span> <span class='ocrx_word' id='word_1_559' title='bbox 739 1905 821 1936; x_wconf 88' lang='lat' dir='ltr'><strong>atque</strong></span> <span class='ocrx_word' id='word_1_560' title='bbox 841 1902 899 1936; x_wconf 87' lang='lat' dir='ltr'><strong>ipsa</strong></span> <span class='ocrx_word' id='word_1_561' title='bbox 921 1909 966 1929; x_wconf 83' lang='lat' dir='ltr'><strong>se-</strong></span> 
     </span>
    </p>
   </div>
   <div class='ocr_carea' id='block_1_72' title="bbox 179 1945 965 1982">
    <p class='ocr_par' dir='ltr' id='par_1_72' title="bbox 179 1945 965 1982">
     <span class='ocr_line' id='line_1_72' title="bbox 179 1945 965 1982; baseline 0.004 -10"><span class='ocrx_word' id='word_1_562' title='bbox 179 1954 241 1973; x_wconf 89' lang='lat' dir='ltr'><strong>cum</strong></span> <span class='ocrx_word' id='word_1_563' title='bbox 258 1946 334 1973; x_wconf 83' lang='lat' dir='ltr'><strong>unita</strong></span> <span class='ocrx_word' id='word_1_564' title='bbox 348 1950 404 1979; x_wconf 89' lang='lat' dir='ltr'><strong>est,</strong></span> <span class='ocrx_word' id='word_1_565' title='bbox 421 1946 457 1973; x_wconf 88' lang='lat' dir='ltr'><strong>ita</strong></span> <span class='ocrx_word' id='word_1_566' title='bbox 474 1950 504 1972; x_wconf 87' lang='lat' dir='ltr'><strong>ut</strong></span> <span class='ocrx_word' id='word_1_567' title='bbox 519 1945 564 1972; x_wconf 93' lang='lat' dir='ltr'><strong>ubi</strong></span> <span class='ocrx_word' id='word_1_568' title='bbox 582 1946 670 1974; x_wconf 85' lang='lat' dir='ltr'><strong>Patris</strong></span> <span class='ocrx_word' id='word_1_569' title='bbox 692 1947 795 1974; x_wconf 82' lang='lat' dir='ltr'><strong>mentio</strong></span> <span class='ocrx_word' id='word_1_570' title='bbox 816 1946 873 1979; x_wconf 81' lang='lat' dir='ltr'><strong>ﬁat,</strong></span> <span class='ocrx_word' id='word_1_571' title='bbox 891 1947 965 1982; x_wconf 77' lang='lat' dir='ltr'><strong>ejus-</strong></span> 
     </span>
    </p>
   </div>
   <div class='ocr_carea' id='block_1_73' title="bbox 178 1990 966 2027">
    <p class='ocr_par' dir='ltr' id='par_1_73' title="bbox 178 1990 966 2027">
     <span class='ocr_line' id='line_1_73' title="bbox 178 1990 966 2027; baseline 0.003 -9"><span class='ocrx_word' id='word_1_572' title='bbox 178 1991 240 2018; x_wconf 83' lang='lat' dir='ltr'><strong>dem</strong></span> <span class='ocrx_word' id='word_1_573' title='bbox 267 1992 359 2018; x_wconf 84' lang='lat' dir='ltr'><strong>statim</strong></span> <span class='ocrx_word' id='word_1_574' title='bbox 376 1990 506 2024; x_wconf 85' lang='lat' dir='ltr'><strong>Verbum,</strong></span> <span class='ocrx_word' id='word_1_575' title='bbox 527 1991 612 2019; x_wconf 71' lang='lat' dir='ltr'><strong>ac.in</strong></span> <span class='ocrx_word' id='word_1_576' title='bbox 636 1991 707 2019; x_wconf 89' lang='lat' dir='ltr'><strong>Filio</strong></span> <span class='ocrx_word' id='word_1_577' title='bbox 730 1991 848 2027; x_wconf 87' lang='lat' dir='ltr'><strong>Spiritus</strong></span> <span class='ocrx_word' id='word_1_578' title='bbox 871 1993 966 2020; x_wconf 82' lang='lat' dir='ltr'><strong>debeat</strong></span> 
     </span>
    </p>
   </div>
   <div class='ocr_carea' id='block_1_74' title="bbox 180 2036 966 2071">
    <p class='ocr_par' dir='ltr' id='par_1_74' title="bbox 180 2036 966 2071">
     <span class='ocr_line' id='line_1_74' title="bbox 180 2036 966 2071; baseline 0.003 -8"><span class='ocrx_word' id='word_1_579' title='bbox 180 2037 302 2071; x_wconf 77' lang='lat' dir='ltr'><strong>intelligi.</strong></span> <span class='ocrx_word' id='word_1_580' title='bbox 327 2036 404 2069; x_wconf 88' lang='lat' dir='ltr'><strong>Quod</strong></span> <span class='ocrx_word' id='word_1_581' title='bbox 431 2036 454 2064; x_wconf 90' lang='lat' dir='ltr'><strong>si</strong></span> <span class='ocrx_word' id='word_1_582' title='bbox 479 2036 565 2064; x_wconf 84' lang='lat' dir='ltr'><strong>Filius</strong></span> <span class='ocrx_word' id='word_1_583' title='bbox 592 2038 758 2070; x_wconf 87' lang='lat' dir='ltr'><strong>nominetur,</strong></span> <span class='ocrx_word' id='word_1_584' title='bbox 784 2037 909 2065; x_wconf 82' lang='lat' dir='ltr'><strong>similiter</strong></span> <span class='ocrx_word' id='word_1_585' title='bbox 937 2038 966 2065; x_wconf 88' lang='lat' dir='ltr'><strong>in</strong></span> 
     </span>
    </p>
   </div>
   <div class='ocr_carea' id='block_1_75' title="bbox 179 2081 966 2118">
    <p class='ocr_par' dir='ltr' id='par_1_75' title="bbox 179 2081 966 2118">
     <span class='ocr_line' id='line_1_75' title="bbox 179 2081 966 2118; baseline 0.004 -10"><span class='ocrx_word' id='word_1_586' title='bbox 179 2081 248 2109; x_wconf 84' lang='lat' dir='ltr'><strong>Filio</strong></span> <span class='ocrx_word' id='word_1_587' title='bbox 259 2086 301 2109; x_wconf 88' lang='lat' dir='ltr'><strong>est</strong></span> <span class='ocrx_word' id='word_1_588' title='bbox 313 2081 404 2116; x_wconf 82' lang='lat' dir='ltr'><strong>Pater,</strong></span> <span class='ocrx_word' id='word_1_589' title='bbox 420 2089 470 2110; x_wconf 89' lang='lat' dir='ltr'><strong>nec</strong></span> <span class='ocrx_word' id='word_1_590' title='bbox 484 2086 560 2109; x_wconf 86' lang='lat' dir='ltr'><strong>extra</strong></span> <span class='ocrx_word' id='word_1_591' title='bbox 575 2081 693 2110; x_wconf 76' lang='lat' dir='ltr'><strong>Verbum</strong></span> <span class='ocrx_word' id='word_1_592' title='bbox 708 2089 750 2111; x_wconf 88' lang='lat' dir='ltr'><strong>est</strong></span> <span class='ocrx_word' id='word_1_593' title='bbox 768 2082 886 2118; x_wconf 88' lang='lat' dir='ltr'><strong>Spiritus</strong></span> <span class='ocrx_word' id='word_1_594' title='bbox 903 2091 966 2111; x_wconf 88' lang='lat' dir='ltr'><strong>san-</strong></span> 
     </span>
    </p>
   </div>
   <div class='ocr_carea' id='block_1_76' title="bbox 179 2127 965 2165">
    <p class='ocr_par' dir='ltr' id='par_1_76' title="bbox 179 2127 965 2165">
     <span class='ocr_line' id='line_1_76' title="bbox 179 2127 965 2165; baseline 0.004 -11"><span class='ocrx_word' id='word_1_595' title='bbox 179 2131 249 2155; x_wconf 89' lang='lat' dir='ltr'><strong>ctus.</strong></span> <span class='ocrx_word' id='word_1_596' title='bbox 264 2127 402 2162; x_wconf 90' lang='lat' dir='ltr'><strong>Siquidem</strong></span> <span class='ocrx_word' id='word_1_597' title='bbox 416 2136 469 2156; x_wconf 91' lang='lat' dir='ltr'><strong>una</strong></span> <span class='ocrx_word' id='word_1_598' title='bbox 482 2133 524 2156; x_wconf 83' lang='lat' dir='ltr'><strong>est</strong></span> <span class='ocrx_word' id='word_1_599' title='bbox 537 2128 624 2156; x_wconf 88' lang='lat' dir='ltr'><strong>Patris</strong></span> <span class='ocrx_word' id='word_1_600' title='bbox 639 2129 725 2164; x_wconf 78' lang='lat' dir='ltr'><strong>gratia</strong></span> <span class='ocrx_word' id='word_1_601' title='bbox 735 2137 796 2165; x_wconf 68' lang='lat' dir='ltr'><strong>quae.</strong></span> <span class='ocrx_word' id='word_1_602' title='bbox 807 2138 853 2165; x_wconf 89' lang='lat' dir='ltr'><strong>per</strong></span> <span class='ocrx_word' id='word_1_603' title='bbox 866 2129 965 2158; x_wconf 86' lang='lat' dir='ltr'><strong>Filium</strong></span> 
     </span>
    </p>
   </div>
   <div class='ocr_carea' id='block_1_77' title="bbox 179 2174 965 2210">
    <p class='ocr_par' dir='ltr' id='par_1_77' title="bbox 179 2174 965 2210">
     <span class='ocr_line' id='line_1_77' title="bbox 179 2174 965 2210; baseline 0.005 -10"><span class='ocrx_word' id='word_1_604' title='bbox 179 2174 206 2200; x_wconf 89' lang='lat' dir='ltr'><strong>in</strong></span> <span class='ocrx_word' id='word_1_605' title='bbox 223 2174 324 2209; x_wconf 89' lang='lat' dir='ltr'><strong>Spiritu</strong></span> <span class='ocrx_word' id='word_1_606' title='bbox 340 2178 436 2202; x_wconf 89' lang='lat' dir='ltr'><strong>sancto</strong></span> <span class='ocrx_word' id='word_1_607' title='bbox 452 2175 612 2210; x_wconf 85' lang='lat' dir='ltr'><strong>completur.</strong></span> <span class='ocrx_word' id='word_1_608' title='bbox 633 2175 691 2203; x_wconf 90' lang='lat' dir='ltr'><strong>Una</strong></span> <span class='ocrx_word' id='word_1_609' title='bbox 716 2176 816 2210; x_wconf 86' lang='lat' dir='ltr'><strong>pariter</strong></span> <span class='ocrx_word' id='word_1_610' title='bbox 837 2176 965 2204; x_wconf 85' lang='lat' dir='ltr'><strong>divinitas</strong></span> 
     </span>
    </p>
   </div>
   <div class='ocr_carea' id='block_1_78' title="bbox 179 2220 999 2262">
    <p class='ocr_par' dir='ltr' id='par_1_78' title="bbox 179 2220 999 2262">
     <span class='ocr_line' id='line_1_78' title="bbox 179 2220 999 2262; baseline 0.004 -15"><span class='ocrx_word' id='word_1_611' title='bbox 179 2224 206 2247; x_wconf 85' lang='lat' dir='ltr'><strong>et</strong></span> <span class='ocrx_word' id='word_1_612' title='bbox 233 2228 304 2248; x_wconf 86' lang='lat' dir='ltr'><strong>unus</strong></span> <span class='ocrx_word' id='word_1_613' title='bbox 331 2220 403 2249; x_wconf 90' lang='lat' dir='ltr'><strong>Deus</strong></span> <span class='ocrx_word' id='word_1_614' title='bbox 431 2227 472 2249; x_wconf 90' lang='lat' dir='ltr'><strong>est</strong></span> <span class='ocrx_word' id='word_1_615' title='bbox 498 2221 545 2256; x_wconf 93' lang='lat' dir='ltr'><strong>qui</strong></span> <span class='ocrx_word' id='word_1_616' title='bbox 569 2226 611 2249; x_wconf 91' lang='lat' dir='ltr'><strong>est</strong></span> <span class='ocrx_word' id='word_1_617' title='bbox 633 2229 716 2256; x_wconf 86' lang='lat' dir='ltr'><strong>super</strong></span> <span class='ocrx_word' id='word_1_618' title='bbox 740 2222 842 2256; x_wconf 88' lang='lat' dir='ltr'><strong>omnia,</strong></span> <span class='ocrx_word' id='word_1_619' title='bbox 867 2227 894 2250; x_wconf 89' lang='lat' dir='ltr'><strong>et</strong></span> <span class='ocrx_word' id='word_1_620' title='bbox 918 2230 999 2262; x_wconf 66' lang='lat' dir='ltr'><strong>per”</strong></span> 
     </span>
    </p>
   </div>
   <div class='ocr_carea' id='block_1_79' title="bbox 179 2265 964 2302">
    <p class='ocr_par' dir='ltr' id='par_1_79' title="bbox 179 2265 964 2302">
     <span class='ocr_line' id='line_1_79' title="bbox 179 2265 964 2302; baseline 0.008 -12"><span class='ocrx_word' id='word_1_621' title='bbox 179 2265 281 2298; x_wconf 82' lang='lat' dir='ltr'><strong>omnia,</strong></span> <span class='ocrx_word' id='word_1_622' title='bbox 297 2270 378 2300; x_wconf 88' lang='lat' dir='ltr'><strong>atque</strong></span> <span class='ocrx_word' id='word_1_623' title='bbox 392 2266 419 2292; x_wconf 92' lang='lat' dir='ltr'><strong>in</strong></span> <span class='ocrx_word' id='word_1_624' title='bbox 434 2267 570 2295; x_wconf 86' lang='lat' dir='ltr'><strong>omnibus.</strong></span> <span class='ocrx_word' id='word_1_625' title='bbox 587 2266 710 2302; x_wconf 86' lang='lat' dir='ltr'><strong>Namque</strong></span> <span class='ocrx_word' id='word_1_626' title='bbox 725 2267 782 2302; x_wconf 83' lang='lat' dir='ltr'><strong>ipse</strong></span> <span class='ocrx_word' id='word_1_627' title='bbox 793 2268 874 2295; x_wconf 89' lang='lat' dir='ltr'><strong>etiam</strong></span> <span class='ocrx_word' id='word_1_628' title='bbox 892 2268 964 2296; x_wconf 86' lang='lat' dir='ltr'><strong>Pau-</strong></span> 
     </span>
    </p>
   </div>
   <div class='ocr_carea' id='block_1_80' title="bbox 179 2310 966 2345">
    <p class='ocr_par' dir='ltr' id='par_1_80' title="bbox 179 2310 966 2345">
     <span class='ocr_line' id='line_1_80' title="bbox 179 2310 966 2345; baseline 0.008 -9"><span class='ocrx_word' id='word_1_629' title='bbox 179 2310 222 2338; x_wconf 90' lang='lat' dir='ltr'><strong>lus</strong></span> <span class='ocrx_word' id='word_1_630' title='bbox 235 2311 314 2345; x_wconf 80' lang='lat' dir='ltr'><strong>cujns</strong></span> <span class='ocrx_word' id='word_1_631' title='bbox 329 2311 386 2339; x_wconf 69' lang='lat' dir='ltr'><strong>haec</strong></span> <span class='ocrx_word' id='word_1_632' title='bbox 400 2316 464 2339; x_wconf 86' lang='lat' dir='ltr'><strong>sunt</strong></span> <span class='ocrx_word' id='word_1_633' title='bbox 477 2312 569 2342; x_wconf 88' lang='lat' dir='ltr'><strong>verba.</strong></span> <span class='ocrx_word' id='word_1_634' title='bbox 587 2321 596 2338; x_wconf 85' lang='grc'>‹</span> <span class='ocrx_word' id='word_1_635' title='bbox 611 2312 753 2340; x_wconf 85' lang='lat' dir='ltr'><strong>Testilicor</strong></span> <span class='ocrx_word' id='word_1_636' title='bbox 767 2321 859 2341; x_wconf 84' lang='lat' dir='ltr'><strong>coram</strong></span> <span class='ocrx_word' id='word_1_637' title='bbox 874 2314 928 2341; x_wconf 89' lang='lat' dir='ltr'><strong>Deo</strong></span> <span class='ocrx_word' id='word_1_638' title='bbox 938 2317 966 2342; x_wconf 80' lang='lat' dir='ltr'><strong>et</strong></span> 
     </span>
    </p>
   </div>
   <div class='ocr_carea' id='block_1_81' title="bbox 178 2356 963 2394">
    <p class='ocr_par' dir='ltr' id='par_1_81' title="bbox 178 2356 963 2394">
     <span class='ocr_line' id='line_1_81' title="bbox 178 2356 963 2394; baseline 0.005 -11"><span class='ocrx_word' id='word_1_639' title='bbox 178 2356 242 2384; x_wconf 88' lang='lat' dir='ltr'><strong>Jesu</strong></span> <span class='ocrx_word' id='word_1_640' title='bbox 256 2357 365 2385; x_wconf 87' lang='lat' dir='ltr'><strong>Christo</strong></span> <span class='ocrx_word' id='word_1_641' title='bbox 379 2359 405 2390; x_wconf 87' lang='lat'><strong>&#39;,</strong></span> <span class='ocrx_word' id='word_1_642' title='bbox 420 2368 429 2383; x_wconf 78' lang='grc' dir='ltr'><strong>ι</strong></span> <span class='ocrx_word' id='word_1_643' title='bbox 441 2357 572 2393; x_wconf 86' lang='lat' dir='ltr'><strong>Spiritum</strong></span> <span class='ocrx_word' id='word_1_644' title='bbox 585 2366 600 2385; x_wconf 92' lang='lat' dir='ltr'><strong>a</strong></span> <span class='ocrx_word' id='word_1_645' title='bbox 613 2358 681 2386; x_wconf 89' lang='lat' dir='ltr'><strong>Filio</strong></span> <span class='ocrx_word' id='word_1_646' title='bbox 698 2360 855 2394; x_wconf 84' lang='lat' dir='ltr'><strong>neutiquam</strong></span> <span class='ocrx_word' id='word_1_647' title='bbox 869 2360 963 2393; x_wconf 86' lang='lat' dir='ltr'><strong>dividi,</strong></span> 
     </span>
    </p>
   </div>
   <div class='ocr_carea' id='block_1_82' title="bbox 179 2402 964 2438">
    <p class='ocr_par' dir='ltr' id='par_1_82' title="bbox 179 2402 964 2438">
     <span class='ocr_line' id='line_1_82' title="bbox 179 2402 964 2438; baseline 0.004 -8"><span class='ocrx_word' id='word_1_648' title='bbox 179 2403 225 2430; x_wconf 85' lang='lat' dir='ltr'><strong>sed</strong></span> <span class='ocrx_word' id='word_1_649' title='bbox 236 2404 323 2437; x_wconf 88' lang='lat' dir='ltr'><strong>ipsum</strong></span> <span class='ocrx_word' id='word_1_650' title='bbox 339 2404 366 2430; x_wconf 92' lang='lat' dir='ltr'><strong>in</strong></span> <span class='ocrx_word' id='word_1_651' title='bbox 375 2402 485 2431; x_wconf 84' lang='lat' dir='ltr'><strong>Christo</strong></span> <span class='ocrx_word' id='word_1_652' title='bbox 501 2411 571 2437; x_wconf 89' lang='lat' dir='ltr'><strong>esse,</strong></span> <span class='ocrx_word' id='word_1_653' title='bbox 591 2405 821 2438; x_wconf 84' lang='lat' dir='ltr'><strong>quemadmodum</strong></span> <span class='ocrx_word' id='word_1_654' title='bbox 836 2405 921 2432; x_wconf 86' lang='lat' dir='ltr'><strong>Filius</strong></span> <span class='ocrx_word' id='word_1_655' title='bbox 937 2405 964 2434; x_wconf 86' lang='lat' dir='ltr'><strong>in</strong></span> 
     </span>
    </p>
   </div>
   <div class='ocr_carea' id='block_1_83' title="bbox 179 2447 965 2483">
    <p class='ocr_par' dir='ltr' id='par_1_83' title="bbox 179 2447 965 2483">
     <span class='ocr_line' id='line_1_83' title="bbox 179 2447 965 2483; baseline 0.005 -9"><span class='ocrx_word' id='word_1_656' title='bbox 179 2447 257 2475; x_wconf 80' lang='lat' dir='ltr'><strong>l‘atre</strong></span> <span class='ocrx_word' id='word_1_657' title='bbox 274 2453 325 2482; x_wconf 90' lang='lat' dir='ltr'><strong>est,</strong></span> <span class='ocrx_word' id='word_1_658' title='bbox 344 2448 445 2483; x_wconf 89' lang='lat' dir='ltr'><strong>optime</strong></span> <span class='ocrx_word' id='word_1_659' title='bbox 460 2453 581 2476; x_wconf 86' lang='lat' dir='ltr'><strong>noverat.</strong></span> <span class='ocrx_word' id='word_1_660' title='bbox 594 2448 790 2476; x_wconf 85' lang='lat' dir='ltr'><strong>Convenienter</strong></span> <span class='ocrx_word' id='word_1_661' title='bbox 808 2454 897 2477; x_wconf 87' lang='lat' dir='ltr'><strong>tamen</strong></span> <span class='ocrx_word' id='word_1_662' title='bbox 911 2451 965 2478; x_wconf 85' lang='lat' dir='ltr'><strong>ele-</strong></span> 
     </span>
    </p>
   </div>
   <div class='ocr_carea' id='block_1_84' title="bbox 178 2495 965 2530">
    <p class='ocr_par' dir='ltr' id='par_1_84' title="bbox 178 2495 965 2530">
     <span class='ocr_line' id='line_1_84' title="bbox 178 2495 965 2530; baseline 0.001 -9"><span class='ocrx_word' id='word_1_663' title='bbox 178 2500 236 2521; x_wconf 88' lang='lat' dir='ltr'><strong>ctos</strong></span> <span class='ocrx_word' id='word_1_664' title='bbox 250 2495 361 2529; x_wconf 81' lang='lat' dir='ltr'><strong>angelos</strong></span> <span class='ocrx_word' id='word_1_665' title='bbox 375 2502 428 2522; x_wconf 88' lang='lat' dir='ltr'><strong>una</strong></span> <span class='ocrx_word' id='word_1_666' title='bbox 445 2495 579 2529; x_wconf 77' lang='lat' dir='ltr'><strong>adjunxit,</strong></span> <span class='ocrx_word' id='word_1_667' title='bbox 595 2501 635 2528; x_wconf 91' lang='lat' dir='ltr'><strong>ut,</strong></span> <span class='ocrx_word' id='word_1_668' title='bbox 654 2495 781 2530; x_wconf 77' lang='lat' dir='ltr'><strong>quoniam</strong></span> <span class='ocrx_word' id='word_1_669' title='bbox 803 2496 860 2523; x_wconf 67' lang='lat' dir='ltr'><strong>haec</strong></span> <span class='ocrx_word' id='word_1_670' title='bbox 876 2496 908 2523; x_wconf 87' lang='lat' dir='ltr'><strong>ad</strong></span> <span class='ocrx_word' id='word_1_671' title='bbox 924 2496 965 2522; x_wconf 90' lang='lat' dir='ltr'><strong>di-</strong></span> 
     </span>
    </p>
   </div>
   <div class='ocr_carea' id='block_1_85' title="bbox 178 2540 965 2576">
    <p class='ocr_par' dir='ltr' id='par_1_85' title="bbox 178 2540 965 2576">
     <span class='ocr_line' id='line_1_85' title="bbox 178 2540 965 2576; baseline 0.003 -10"><span class='ocrx_word' id='word_1_672' title='bbox 178 2540 312 2574; x_wconf 85' lang='lat' dir='ltr'><strong>scipulum</strong></span> <span class='ocrx_word' id='word_1_673' title='bbox 328 2540 482 2572; x_wconf 85' lang='lat' dir='ltr'><strong>scribebat,</strong></span> <span class='ocrx_word' id='word_1_674' title='bbox 496 2540 541 2568; x_wconf 92' lang='lat' dir='ltr'><strong>ille</strong></span> <span class='ocrx_word' id='word_1_675' title='bbox 554 2540 597 2567; x_wconf 89' lang='lat' dir='ltr'><strong>cui</strong></span> <span class='ocrx_word' id='word_1_676' title='bbox 615 2541 725 2568; x_wconf 92' lang='lat' dir='ltr'><strong>minime</strong></span> <span class='ocrx_word' id='word_1_677' title='bbox 744 2541 845 2568; x_wconf 76' lang='lat' dir='ltr'><strong>latebat</strong></span> <span class='ocrx_word' id='word_1_678' title='bbox 859 2548 891 2568; x_wconf 78' lang='lat' dir='ltr'><strong>ea</strong></span> <span class='ocrx_word' id='word_1_679' title='bbox 905 2549 965 2576; x_wconf 73' lang='lat' dir='ltr'><strong>qua:</strong></span> 
     </span>
    </p>
   </div>
   <div class='ocr_carea' id='block_1_86' title="bbox 178 2585 962 2622">
    <p class='ocr_par' dir='ltr' id='par_1_86' title="bbox 178 2585 962 2622">
     <span class='ocr_line' id='line_1_86' title="bbox 178 2585 962 2622; baseline 0.003 -10"><span class='ocrx_word' id='word_1_680' title='bbox 178 2593 192 2612; x_wconf 92' lang='lat' dir='ltr'><strong>a</strong></span> <span class='ocrx_word' id='word_1_681' title='bbox 214 2586 268 2613; x_wconf 80' lang='lat' dir='ltr'><strong>Deo</strong></span> <span class='ocrx_word' id='word_1_682' title='bbox 291 2587 363 2614; x_wconf 91' lang='lat' dir='ltr'><strong>dicta</strong></span> <span class='ocrx_word' id='word_1_683' title='bbox 389 2590 452 2614; x_wconf 90' lang='lat' dir='ltr'><strong>sunt</strong></span> <span class='ocrx_word' id='word_1_684' title='bbox 475 2594 522 2621; x_wconf 87' lang='lat' dir='ltr'><strong>per</strong></span> <span class='ocrx_word' id='word_1_685' title='bbox 544 2585 684 2614; x_wconf 90' lang='lat' dir='ltr'><strong>Christum</strong></span> <span class='ocrx_word' id='word_1_686' title='bbox 710 2587 737 2614; x_wconf 89' lang='lat' dir='ltr'><strong>in</strong></span> <span class='ocrx_word' id='word_1_687' title='bbox 765 2586 867 2622; x_wconf 89' lang='lat' dir='ltr'><strong>Spiritu</strong></span> <span class='ocrx_word' id='word_1_688' title='bbox 893 2588 962 2615; x_wconf 86' lang='lat' dir='ltr'><strong>dicta</strong></span> 
     </span>
    </p>
   </div>
   <div class='ocr_carea' id='block_1_87' title="bbox 176 2633 964 2669">
    <p class='ocr_par' dir='ltr' id='par_1_87' title="bbox 176 2633 964 2669">
     <span class='ocr_line' id='line_1_87' title="bbox 176 2633 964 2669; baseline 0.003 -11"><span class='ocrx_word' id='word_1_689' title='bbox 176 2639 247 2664; x_wconf 82' lang='lat' dir='ltr'><strong>esse,</strong></span> <span class='ocrx_word' id='word_1_690' title='bbox 263 2637 290 2659; x_wconf 88' lang='lat' dir='ltr'><strong>et</strong></span> <span class='ocrx_word' id='word_1_691' title='bbox 304 2633 416 2667; x_wconf 83' lang='lat' dir='ltr'><strong>angelos</strong></span> <span class='ocrx_word' id='word_1_692' title='bbox 436 2641 479 2660; x_wconf 90' lang='lat' dir='ltr'><strong>res</strong></span> <span class='ocrx_word' id='word_1_693' title='bbox 500 2638 609 2661; x_wconf 83' lang='lat' dir='ltr'><strong>nostras</strong></span> <span class='ocrx_word' id='word_1_694' title='bbox 624 2633 824 2665; x_wconf 86' lang='lat' dir='ltr'><strong>administrare,</strong></span> <span class='ocrx_word' id='word_1_695' title='bbox 843 2633 964 2669; x_wconf 84' lang='lat' dir='ltr'><strong>singulo-</strong></span> 
     </span>
    </p>
   </div>
   <div class='ocr_carea' id='block_1_88' title="bbox 176 2679 963 2715">
    <p class='ocr_par' dir='ltr' id='par_1_88' title="bbox 176 2679 963 2715">
     <span class='ocr_line' id='line_1_88' title="bbox 176 2679 963 2715; baseline 0.003 -11"><span class='ocrx_word' id='word_1_696' title='bbox 176 2685 292 2711; x_wconf 90' lang='lat' dir='ltr'><strong>rumque</strong></span> <span class='ocrx_word' id='word_1_697' title='bbox 308 2682 386 2705; x_wconf 89' lang='lat' dir='ltr'><strong>actus</strong></span> <span class='ocrx_word' id='word_1_698' title='bbox 399 2679 545 2713; x_wconf 85' lang='lat' dir='ltr'><strong>speculari,</strong></span> <span class='ocrx_word' id='word_1_699' title='bbox 565 2679 687 2715; x_wconf 81' lang='lat' dir='ltr'><strong>magistri</strong></span> <span class='ocrx_word' id='word_1_700' title='bbox 702 2679 902 2707; x_wconf 75' lang='lat' dir='ltr'><strong>exhortationes</strong></span> <span class='ocrx_word' id='word_1_701' title='bbox 916 2687 963 2707; x_wconf 88' lang='lat' dir='ltr'><strong>en-</strong></span> 
     </span>
    </p>
   </div>
   <div class='ocr_carea' id='block_1_89' title="bbox 177 2724 962 2760">
    <p class='ocr_par' dir='ltr' id='par_1_89' title="bbox 177 2724 962 2760">
     <span class='ocr_line' id='line_1_89' title="bbox 177 2724 962 2760; baseline 0.004 -11"><span class='ocrx_word' id='word_1_702' title='bbox 177 2724 299 2756; x_wconf 81' lang='lat' dir='ltr'><strong>stodiret,</strong></span> <span class='ocrx_word' id='word_1_703' title='bbox 327 2729 357 2751; x_wconf 90' lang='lat' dir='ltr'><strong>ut</strong></span> <span class='ocrx_word' id='word_1_704' title='bbox 385 2724 430 2751; x_wconf 86' lang='lat' dir='ltr'><strong>cui</strong></span> <span class='ocrx_word' id='word_1_705' title='bbox 460 2731 621 2759; x_wconf 83' lang='lat' dir='ltr'><strong>persuasum</strong></span> <span class='ocrx_word' id='word_1_706' title='bbox 654 2730 727 2752; x_wconf 88' lang='lat' dir='ltr'><strong>esset</strong></span> <span class='ocrx_word' id='word_1_707' title='bbox 753 2726 873 2752; x_wconf 90' lang='lat' dir='ltr'><strong>omnium</strong></span> <span class='ocrx_word' id='word_1_708' title='bbox 901 2733 962 2760; x_wconf 63' lang='lat' dir='ltr'><strong>qua:</strong></span> 
     </span>
    </p>
   </div>
   <div class='ocr_carea' id='block_1_90' title="bbox 175 2768 961 2804">
    <p class='ocr_par' dir='ltr' id='par_1_90' title="bbox 175 2768 961 2804">
     <span class='ocr_line' id='line_1_90' title="bbox 175 2768 961 2804; baseline 0 -8"><span class='ocrx_word' id='word_1_709' title='bbox 175 2768 278 2797; x_wconf 83' lang='lat' dir='ltr'><strong>diceret</strong></span> <span class='ocrx_word' id='word_1_710' title='bbox 302 2769 376 2803; x_wconf 89' lang='lat' dir='ltr'><strong>ipsos</strong></span> <span class='ocrx_word' id='word_1_711' title='bbox 397 2769 510 2804; x_wconf 81' lang='lat' dir='ltr'><strong>angelos</strong></span> <span class='ocrx_word' id='word_1_712' title='bbox 534 2769 723 2804; x_wconf 84' lang='lat' dir='ltr'><strong>speculatores</strong></span> <span class='ocrx_word' id='word_1_713' title='bbox 746 2774 829 2798; x_wconf 84' lang='lat' dir='ltr'><strong>testes</strong></span> <span class='ocrx_word' id='word_1_714' title='bbox 851 2771 961 2798; x_wconf 84' lang='lat' dir='ltr'><strong>habere.</strong></span> 
     </span>
    </p>
   </div>
   <div class='ocr_carea' id='block_1_91' title="bbox 208 2871 995 2905">
    <p class='ocr_par' dir='ltr' id='par_1_91' title="bbox 208 2871 995 2905">
     <span class='ocr_line' id='line_1_91' title="bbox 208 2871 995 2905; baseline 0.004 -5"><span class='ocrx_word' id='word_1_715' title='bbox 208 2873 218 2890; x_wconf 78' lang='grc' dir='ltr'><strong><em>ι</em></strong></span> <span class='ocrx_word' id='word_1_716' title='bbox 238 2871 304 2901; x_wconf 85' lang='lat' dir='ltr'><strong>Luc.</strong></span> <span class='ocrx_word' id='word_1_717' title='bbox 319 2874 432 2904; x_wconf 71' lang='lat'><strong>“111.2.</strong></span> <span class='ocrx_word' id='word_1_718' title='bbox 473 2874 506 2902; x_wconf 77' lang='grc' dir='ltr'><strong>Ἰ</strong></span> <span class='ocrx_word' id='word_1_719' title='bbox 523 2873 594 2903; x_wconf 86' lang='lat' dir='ltr'><strong>Tim.</strong></span> <span class='ocrx_word' id='word_1_720' title='bbox 614 2883 652 2905; x_wconf 80' lang='lat' dir='ltr'><strong>Vl.</strong></span> <span class='ocrx_word' id='word_1_721' title='bbox 675 2875 716 2903; x_wconf 82' lang='lat' dir='ltr'><strong>l5.</strong></span> <span class='ocrx_word' id='word_1_722' title='bbox 752 2876 761 2893; x_wconf 88' lang='grc'>³</span> <span class='ocrx_word' id='word_1_723' title='bbox 775 2875 861 2904; x_wconf 79' lang='lat' dir='ltr'><strong>Exod.</strong></span> <span class='ocrx_word' id='word_1_724' title='bbox 883 2875 995 2904; x_wconf 77' lang='lat' dir='ltr'><strong>nv.‘5l.</strong></span> 
     </span>
    </p>
   </div>
   <div class='ocr_carea' id='block_1_92' title="bbox 1012 1581 1805 1617">
    <p class='ocr_par' dir='ltr' id='par_1_92' title="bbox 1012 1581 1805 1617">
     <span class='ocr_line' id='line_1_92' title="bbox 1012 1581 1805 1617; baseline 0 -9"><span class='ocrx_word' id='word_1_725' title='bbox 1012 1590 1078 1608; x_wconf 86' lang='grc' dir='ltr'>σωσι</span> <span class='ocrx_word' id='word_1_726' title='bbox 1097 1581 1144 1608; x_wconf 74' lang='grc' dir='ltr'><strong>καὶ</strong></span> <span class='ocrx_word' id='word_1_727' title='bbox 1168 1581 1215 1608; x_wconf 84' lang='grc' dir='ltr'><strong>τοῦ</strong></span> <span class='ocrx_word' id='word_1_728' title='bbox 1236 1582 1406 1617; x_wconf 83' lang='grc' dir='ltr'>πατριάρχου</span> <span class='ocrx_word' id='word_1_729' title='bbox 1436 1581 1534 1608; x_wconf 79' lang='grc' dir='ltr'>Ἰακὼϐ</span> <span class='ocrx_word' id='word_1_730' title='bbox 1562 1581 1739 1615; x_wconf 78' lang='grc' dir='ltr'>εὐλογοῦντος</span> <span class='ocrx_word' id='word_1_731' title='bbox 1758 1582 1805 1608; x_wconf 73' lang='grc' dir='ltr'>τὸν</span> 
     </span>
    </p>
   </div>
   <div class='ocr_carea' id='block_1_93' title="bbox 1017 1627 1806 1663">
    <p class='ocr_par' dir='ltr' id='par_1_93' title="bbox 1017 1627 1806 1663">
     <span class='ocr_line' id='line_1_93' title="bbox 1017 1627 1806 1663; baseline 0 -9"><span class='ocrx_word' id='word_1_732' title='bbox 1017 1627 1114 1663; x_wconf 74' lang='grc' dir='ltr'>Ἰωσὴφ</span> <span class='ocrx_word' id='word_1_733' title='bbox 1131 1627 1178 1654; x_wconf 75' lang='grc' dir='ltr'>καὶ</span> <span class='ocrx_word' id='word_1_734' title='bbox 1191 1627 1316 1661; x_wconf 86' lang='grc' dir='ltr'>λέγοντος</span> <span class='ocrx_word' id='word_1_735' title='bbox 1326 1636 1333 1642; x_wconf 92' lang='grc'><strong>·</strong></span> <span class='ocrx_word' id='word_1_736' title='bbox 1351 1637 1360 1653; x_wconf 76' lang='grc' dir='ltr'><strong>ι</strong></span> <span class='ocrx_word' id='word_1_737' title='bbox 1383 1628 1412 1654; x_wconf 82' lang='grc'><strong>’0</strong></span> <span class='ocrx_word' id='word_1_738' title='bbox 1424 1627 1490 1659; x_wconf 73' lang='grc' dir='ltr'>Θεὸς</span> <span class='ocrx_word' id='word_1_739' title='bbox 1499 1628 1513 1654; x_wconf 92' lang='lat'><strong>6</strong></span> <span class='ocrx_word' id='word_1_740' title='bbox 1524 1627 1631 1663; x_wconf 82' lang='grc' dir='ltr'>τρέφων</span> <span class='ocrx_word' id='word_1_741' title='bbox 1645 1636 1678 1662; x_wconf 88' lang='grc' dir='ltr'><strong>με</strong></span> <span class='ocrx_word' id='word_1_742' title='bbox 1697 1629 1732 1654; x_wconf 81' lang='grc' dir='ltr'>ὲκ</span> <span class='ocrx_word' id='word_1_743' title='bbox 1746 1630 1806 1655; x_wconf 70' lang='grc' dir='ltr'>νεό-</span> 
     </span>
    </p>
   </div>
   <div class='ocr_carea' id='block_1_94' title="bbox 1009 1673 1804 1709">
    <p class='ocr_par' dir='ltr' id='par_1_94' title="bbox 1009 1673 1804 1709">
     <span class='ocr_line' id='line_1_94' title="bbox 1009 1673 1804 1709; baseline 0.001 -10"><span class='ocrx_word' id='word_1_744' title='bbox 1009 1674 1089 1708; x_wconf 82' lang='grc' dir='ltr'>τητός</span> <span class='ocrx_word' id='word_1_745' title='bbox 1107 1682 1157 1709; x_wconf 88' lang='grc' dir='ltr'><strong>μου</strong></span> <span class='ocrx_word' id='word_1_746' title='bbox 1170 1673 1223 1705; x_wconf 66' lang='grc' dir='ltr'>ἕως</span> <span class='ocrx_word' id='word_1_747' title='bbox 1238 1673 1288 1708; x_wconf 84' lang='grc' dir='ltr'><strong>τῆς</strong></span> <span class='ocrx_word' id='word_1_748' title='bbox 1303 1673 1408 1709; x_wconf 73' lang='grc' dir='ltr'>ἡμέρας</span> <span class='ocrx_word' id='word_1_749' title='bbox 1423 1673 1525 1709; x_wconf 83' lang='grc' dir='ltr'>ταύτης</span> <span class='ocrx_word' id='word_1_750' title='bbox 1537 1682 1544 1689; x_wconf 72' lang='grc'>³</span> <span class='ocrx_word' id='word_1_751' title='bbox 1558 1675 1572 1700; x_wconf 88' lang='lat'><strong>6</strong></span> <span class='ocrx_word' id='word_1_752' title='bbox 1588 1673 1701 1708; x_wconf 83' lang='grc' dir='ltr'>ἄγγελος</span> <span class='ocrx_word' id='word_1_753' title='bbox 1711 1675 1728 1700; x_wconf 82' lang='grc' dir='ltr'><strong><em>ὁ</em></strong></span> <span class='ocrx_word' id='word_1_754' title='bbox 1738 1674 1804 1709; x_wconf 77' lang='grc' dir='ltr'><strong>ῥυό-</strong></span> 
     </span>
    </p>
   </div>
   <div class='ocr_carea' id='block_1_95' title="bbox 1012 1719 1806 1754">
    <p class='ocr_par' dir='ltr' id='par_1_95' title="bbox 1012 1719 1806 1754">
     <span class='ocr_line' id='line_1_95' title="bbox 1012 1719 1806 1754; baseline 0 -9"><span class='ocrx_word' id='word_1_755' title='bbox 1012 1719 1091 1753; x_wconf 87' lang='grc' dir='ltr'>μενός</span> <span class='ocrx_word' id='word_1_756' title='bbox 1111 1727 1144 1754; x_wconf 85' lang='grc' dir='ltr'><strong>με</strong></span> <span class='ocrx_word' id='word_1_757' title='bbox 1157 1720 1189 1745; x_wconf 82' lang='grc' dir='ltr'>ὲκ</span> <span class='ocrx_word' id='word_1_758' title='bbox 1203 1719 1312 1746; x_wconf 85' lang='grc' dir='ltr'>πάντων</span> <span class='ocrx_word' id='word_1_759' title='bbox 1329 1719 1383 1745; x_wconf 84' lang='grc' dir='ltr'><strong>τῶν</strong></span> <span class='ocrx_word' id='word_1_760' title='bbox 1406 1719 1498 1746; x_wconf 83' lang='grc' dir='ltr'>κακῶν</span> <span class='ocrx_word' id='word_1_761' title='bbox 1521 1719 1667 1754; x_wconf 73' lang='grc' dir='ltr'>εὐλογῆσαι</span> <span class='ocrx_word' id='word_1_762' title='bbox 1769 1719 1806 1745; x_wconf 69' lang='grc' dir='ltr'>τὰ</span> 
     </span>
    </p>
   </div>
   <div class='ocr_carea' id='block_1_96' title="bbox 1011 1763 1806 1802">
    <p class='ocr_par' dir='ltr' id='par_1_96' title="bbox 1011 1763 1806 1802">
     <span class='ocr_line' id='line_1_96' title="bbox 1011 1763 1806 1802; baseline 0 -11"><span class='ocrx_word' id='word_1_763' title='bbox 1011 1764 1104 1791; x_wconf 89' lang='grc' dir='ltr'>παιδία</span> <span class='ocrx_word' id='word_1_764' title='bbox 1118 1764 1204 1792; x_wconf 86' lang='grc' dir='ltr'>ταῦτα</span> <span class='ocrx_word' id='word_1_765' title='bbox 1219 1775 1228 1790; x_wconf 78' lang='grc' dir='ltr'><strong>ι</strong></span> <span class='ocrx_word' id='word_1_766' title='bbox 1244 1773 1250 1798; x_wconf 93' lang='grc'><strong>;</strong></span> <span class='ocrx_word' id='word_1_767' title='bbox 1266 1763 1351 1801; x_wconf 53' lang='lat' dir='ltr'><strong>&#39;Ma,</strong></span> <span class='ocrx_word' id='word_1_768' title='bbox 1368 1765 1461 1802; x_wconf 80' lang='grc' dir='ltr'>ἐπειδὴ</span> <span class='ocrx_word' id='word_1_769' title='bbox 1478 1765 1548 1801; x_wconf 84' lang='grc' dir='ltr'>μετὰ</span> <span class='ocrx_word' id='word_1_770' title='bbox 1573 1766 1619 1792; x_wconf 76' lang='grc' dir='ltr'><strong>τὸν</strong></span> <span class='ocrx_word' id='word_1_771' title='bbox 1646 1765 1711 1791; x_wconf 79' lang='grc' dir='ltr'>Θεὸν</span> <span class='ocrx_word' id='word_1_772' title='bbox 1736 1765 1806 1792; x_wconf 71' lang='grc' dir='ltr'><strong>ὠνό-</strong></span> 
     </span>
    </p>
   </div>
   <div class='ocr_carea' id='block_1_97' title="bbox 1011 1810 1804 1847">
    <p class='ocr_par' dir='ltr' id='par_1_97' title="bbox 1011 1810 1804 1847">
     <span class='ocr_line' id='line_1_97' title="bbox 1011 1810 1804 1847; baseline 0 -10"><span class='ocrx_word' id='word_1_773' title='bbox 1011 1819 1098 1845; x_wconf 87' lang='grc' dir='ltr'>μασεν</span> <span class='ocrx_word' id='word_1_774' title='bbox 1114 1810 1240 1845; x_wconf 81' lang='grc' dir='ltr'>ἄγγελον,</span> <span class='ocrx_word' id='word_1_775' title='bbox 1265 1811 1372 1847; x_wconf 85' lang='grc' dir='ltr'>πρῶτός</span> <span class='ocrx_word' id='word_1_776' title='bbox 1398 1813 1472 1838; x_wconf 89' lang='grc' dir='ltr'>ὲστιν</span> <span class='ocrx_word' id='word_1_777' title='bbox 1571 1812 1586 1838; x_wconf 91' lang='lat'><strong>6</strong></span> <span class='ocrx_word' id='word_1_778' title='bbox 1609 1811 1725 1845; x_wconf 76' lang='grc' dir='ltr'>ἄγγελος</span> <span class='ocrx_word' id='word_1_779' title='bbox 1755 1811 1804 1837; x_wconf 76' lang='grc' dir='ltr'><strong>τοῦ</strong></span> 
     </span>
    </p>
   </div>
   <div class='ocr_carea' id='block_1_98' title="bbox 1011 1855 1805 1894">
    <p class='ocr_par' dir='ltr' id='par_1_98' title="bbox 1011 1855 1805 1894">
     <span class='ocr_line' id='line_1_98' title="bbox 1011 1855 1805 1894; baseline 0.003 -12"><span class='ocrx_word' id='word_1_780' title='bbox 1011 1855 1086 1888; x_wconf 80' lang='grc' dir='ltr'>Υἱοῦ,</span> <span class='ocrx_word' id='word_1_781' title='bbox 1102 1857 1256 1892; x_wconf 83' lang='grc' dir='ltr'>ἢάγγέλοις</span> <span class='ocrx_word' id='word_1_782' title='bbox 1276 1858 1484 1894; x_wconf 81' lang='grc' dir='ltr'>συναριθμεῖται</span> <span class='ocrx_word' id='word_1_783' title='bbox 1498 1858 1512 1884; x_wconf 93' lang='lat'><strong>6</strong></span> <span class='ocrx_word' id='word_1_784' title='bbox 1533 1857 1612 1890; x_wconf 79' lang='grc' dir='ltr'>Υἱός;</span> <span class='ocrx_word' id='word_1_785' title='bbox 1630 1858 1700 1890; x_wconf 82' lang='grc' dir='ltr'>Ναὶ,</span> <span class='ocrx_word' id='word_1_786' title='bbox 1716 1859 1805 1885; x_wconf 73' lang='grc' dir='ltr'>πάλιν</span> 
     </span>
    </p>
   </div>
   <div class='ocr_carea' id='block_1_99' title="bbox 1009 1902 1804 1939">
    <p class='ocr_par' dir='ltr' id='par_1_99' title="bbox 1009 1902 1804 1939">
     <span class='ocr_line' id='line_1_99' title="bbox 1009 1902 1804 1939; baseline 0.003 -11"><span class='ocrx_word' id='word_1_787' title='bbox 1009 1902 1080 1929; x_wconf 79' lang='grc' dir='ltr'>οὓτω</span> <span class='ocrx_word' id='word_1_788' title='bbox 1097 1903 1233 1938; x_wconf 82' lang='grc' dir='ltr'>νοήσουσι,</span> <span class='ocrx_word' id='word_1_789' title='bbox 1257 1903 1458 1939; x_wconf 78' lang='grc' dir='ltr'>διεφθαρμένην</span> <span class='ocrx_word' id='word_1_790' title='bbox 1474 1904 1584 1939; x_wconf 74' lang='grc' dir='ltr'>ἔχοντες</span> <span class='ocrx_word' id='word_1_791' title='bbox 1599 1903 1647 1939; x_wconf 85' lang='grc' dir='ltr'>τὴν</span> <span class='ocrx_word' id='word_1_792' title='bbox 1671 1904 1804 1938; x_wconf 75' lang='grc' dir='ltr'>καρδίαν.</span> 
     </span>
    </p>
   </div>
   <div class='ocr_carea' id='block_1_100' title="bbox 1016 1948 1804 1985">
    <p class='ocr_par' dir='ltr' id='par_1_100' title="bbox 1016 1948 1804 1985">
     <span class='ocr_line' id='line_1_100' title="bbox 1016 1948 1804 1985; baseline 0.001 -11"><span class='ocrx_word' id='word_1_793' title='bbox 1016 1948 1084 1974; x_wconf 86' lang='grc' dir='ltr'>Ἀλλ’</span> <span class='ocrx_word' id='word_1_794' title='bbox 1100 1948 1149 1983; x_wconf 77' lang='grc' dir='ltr'><strong>οὐχ</strong></span> <span class='ocrx_word' id='word_1_795' title='bbox 1165 1949 1181 1984; x_wconf 89' lang='grc' dir='ltr'>ἡ</span> <span class='ocrx_word' id='word_1_796' title='bbox 1199 1949 1365 1985; x_wconf 82' lang='grc' dir='ltr'>ἀποστολικὴ</span> <span class='ocrx_word' id='word_1_797' title='bbox 1393 1949 1483 1981; x_wconf 85' lang='grc' dir='ltr'>πίστις</span> <span class='ocrx_word' id='word_1_798' title='bbox 1512 1949 1571 1976; x_wconf 76' lang='grc' dir='ltr'>ἐστὶ</span> <span class='ocrx_word' id='word_1_799' title='bbox 1584 1948 1695 1983; x_wconf 81' lang='grc' dir='ltr'>τοιαύτη</span> <span class='ocrx_word' id='word_1_800' title='bbox 1707 1968 1714 1981; x_wconf 88' lang='grc'><strong>,</strong></span> <span class='ocrx_word' id='word_1_801' title='bbox 1745 1949 1804 1975; x_wconf 82' lang='grc' dir='ltr'><strong>οὐδ’</strong></span> 
     </span>
    </p>
   </div>
   <div class='ocr_carea' id='block_1_101' title="bbox 1009 1994 1806 2031">
    <p class='ocr_par' dir='ltr' id='par_1_101' title="bbox 1009 1994 1806 2031">
     <span class='ocr_line' id='line_1_101' title="bbox 1009 1994 1806 2031; baseline 0.001 -10"><span class='ocrx_word' id='word_1_802' title='bbox 1009 1994 1075 2027; x_wconf 83' lang='grc' dir='ltr'>ὅλως</span> <span class='ocrx_word' id='word_1_803' title='bbox 1090 1995 1252 2031; x_wconf 83' lang='grc' dir='ltr'>Χριστιανὸς</span> <span class='ocrx_word' id='word_1_804' title='bbox 1264 1995 1407 2031; x_wconf 84' lang='grc' dir='ltr'>ἀνάσχοιτο</span> <span class='ocrx_word' id='word_1_805' title='bbox 1422 1995 1455 2022; x_wconf 81' lang='grc' dir='ltr'><strong>ἂν</strong></span> <span class='ocrx_word' id='word_1_806' title='bbox 1469 1995 1582 2022; x_wconf 85' lang='grc' dir='ltr'>τούτων.</span> <span class='ocrx_word' id='word_1_807' title='bbox 1606 1994 1638 2022; x_wconf 82' lang='grc' dir='ltr'><em>Ἦ</em></span> <span class='ocrx_word' id='word_1_808' title='bbox 1655 1995 1710 2030; x_wconf 82' lang='grc' dir='ltr'>γὰρ</span> <span class='ocrx_word' id='word_1_809' title='bbox 1734 1995 1806 2028; x_wconf 75' lang='grc' dir='ltr'>ἁγία</span> 
     </span>
    </p>
   </div>
   <div class='ocr_carea' id='block_1_102' title="bbox 1010 2040 1805 2077">
    <p class='ocr_par' dir='ltr' id='par_1_102' title="bbox 1010 2040 1805 2077">
     <span class='ocr_line' id='line_1_102' title="bbox 1010 2040 1805 2077; baseline -0.001 -10"><span class='ocrx_word' id='word_1_810' title='bbox 1010 2041 1057 2067; x_wconf 78' lang='grc' dir='ltr'>καὶ</span> <span class='ocrx_word' id='word_1_811' title='bbox 1083 2041 1207 2077; x_wconf 85' lang='grc' dir='ltr'>μακαρία</span> <span class='ocrx_word' id='word_1_812' title='bbox 1222 2041 1318 2076; x_wconf 82' lang='grc' dir='ltr'>Τριὰς,</span> <span class='ocrx_word' id='word_1_813' title='bbox 1334 2041 1486 2076; x_wconf 84' lang='grc' dir='ltr'>ἀδιαίρετος</span> <span class='ocrx_word' id='word_1_814' title='bbox 1511 2041 1559 2068; x_wconf 72' lang='grc' dir='ltr'><strong>καὶ</strong></span> <span class='ocrx_word' id='word_1_815' title='bbox 1580 2040 1706 2076; x_wconf 85' lang='grc' dir='ltr'>ἡνωμένη</span> <span class='ocrx_word' id='word_1_816' title='bbox 1734 2041 1805 2075; x_wconf 69' lang='grc' dir='ltr'>πρὸς</span> 
     </span>
    </p>
   </div>
   <div class='ocr_carea' id='block_1_103' title="bbox 1010 2086 1804 2123">
    <p class='ocr_par' dir='ltr' id='par_1_103' title="bbox 1010 2086 1804 2123">
     <span class='ocr_line' id='line_1_103' title="bbox 1010 2086 1804 2123; baseline 0.001 -11"><span class='ocrx_word' id='word_1_817' title='bbox 1010 2087 1108 2123; x_wconf 74' lang='grc' dir='ltr'>ἑαυτήν</span> <span class='ocrx_word' id='word_1_818' title='bbox 1120 2088 1178 2114; x_wconf 76' lang='grc' dir='ltr'>ἐστι</span> <span class='ocrx_word' id='word_1_819' title='bbox 1189 2096 1195 2102; x_wconf 82' lang='lat'><strong><em>&#39;</em></strong></span> <span class='ocrx_word' id='word_1_820' title='bbox 1205 2088 1252 2113; x_wconf 74' lang='grc' dir='ltr'>καὶ</span> <span class='ocrx_word' id='word_1_821' title='bbox 1262 2087 1408 2123; x_wconf 82' lang='grc' dir='ltr'>λεγομένου</span> <span class='ocrx_word' id='word_1_822' title='bbox 1416 2086 1463 2113; x_wconf 87' lang='grc' dir='ltr'><strong>τοῦ</strong></span> <span class='ocrx_word' id='word_1_823' title='bbox 1475 2086 1590 2121; x_wconf 80' lang='grc' dir='ltr'>Πατρὸς,</span> <span class='ocrx_word' id='word_1_824' title='bbox 1668 2086 1804 2121; x_wconf 82' lang='grc' dir='ltr'>πρόσεστι</span> 
     </span>
    </p>
   </div>
   <div class='ocr_carea' id='block_1_104' title="bbox 1010 2131 1804 2167">
    <p class='ocr_par' dir='ltr' id='par_1_104' title="bbox 1010 2131 1804 2167">
     <span class='ocr_line' id='line_1_104' title="bbox 1010 2131 1804 2167; baseline -0.001 -9"><span class='ocrx_word' id='word_1_825' title='bbox 1010 2133 1056 2159; x_wconf 71' lang='grc' dir='ltr'>καὶ</span> <span class='ocrx_word' id='word_1_826' title='bbox 1072 2134 1086 2159; x_wconf 88' lang='lat'><strong>6</strong></span> <span class='ocrx_word' id='word_1_827' title='bbox 1096 2133 1191 2160; x_wconf 89' lang='grc' dir='ltr'>τούτου</span> <span class='ocrx_word' id='word_1_828' title='bbox 1205 2133 1291 2167; x_wconf 86' lang='grc' dir='ltr'>Λόγος</span> <span class='ocrx_word' id='word_1_829' title='bbox 1305 2133 1352 2160; x_wconf 76' lang='grc' dir='ltr'>καὶ</span> <span class='ocrx_word' id='word_1_830' title='bbox 1365 2133 1396 2159; x_wconf 82' lang='grc' dir='ltr'>τὸ</span> <span class='ocrx_word' id='word_1_831' title='bbox 1412 2133 1441 2159; x_wconf 85' lang='grc' dir='ltr'>ὲν</span> <span class='ocrx_word' id='word_1_832' title='bbox 1461 2131 1499 2167; x_wconf 82' lang='grc' dir='ltr'>τῷ</span> <span class='ocrx_word' id='word_1_833' title='bbox 1517 2131 1576 2166; x_wconf 81' lang='grc' dir='ltr'>Υιῷ</span> <span class='ocrx_word' id='word_1_834' title='bbox 1593 2131 1715 2166; x_wconf 87' lang='grc' dir='ltr'>Πνεῦμα.</span> <span class='ocrx_word' id='word_1_835' title='bbox 1738 2132 1804 2158; x_wconf 72' lang='grc' dir='ltr'><strong>Ἐὰν</strong></span> 
     </span>
    </p>
   </div>
   <div class='ocr_carea' id='block_1_105' title="bbox 1009 2175 1803 2212">
    <p class='ocr_par' dir='ltr' id='par_1_105' title="bbox 1009 2175 1803 2212">
     <span class='ocr_line' id='line_1_105' title="bbox 1009 2175 1803 2212; baseline -0.001 -10"><span class='ocrx_word' id='word_1_836' title='bbox 1009 2175 1037 2202; x_wconf 80' lang='grc' dir='ltr'><strong>δὲ</strong></span> <span class='ocrx_word' id='word_1_837' title='bbox 1054 2177 1101 2202; x_wconf 80' lang='grc' dir='ltr'>καὶ</span> <span class='ocrx_word' id='word_1_838' title='bbox 1114 2177 1128 2203; x_wconf 96' lang='lat'><strong>6</strong></span> <span class='ocrx_word' id='word_1_839' title='bbox 1142 2176 1204 2208; x_wconf 79' lang='grc' dir='ltr'>Υιὸς</span> <span class='ocrx_word' id='word_1_840' title='bbox 1217 2175 1393 2212; x_wconf 83' lang='grc' dir='ltr'>ὀνομάζηται,</span> <span class='ocrx_word' id='word_1_841' title='bbox 1407 2177 1436 2203; x_wconf 84' lang='grc' dir='ltr'>ὲν</span> <span class='ocrx_word' id='word_1_842' title='bbox 1445 2176 1484 2211; x_wconf 85' lang='grc' dir='ltr'>τῷ</span> <span class='ocrx_word' id='word_1_843' title='bbox 1499 2175 1555 2211; x_wconf 86' lang='grc' dir='ltr'><strong>Υίῷ</strong></span> <span class='ocrx_word' id='word_1_844' title='bbox 1572 2177 1647 2202; x_wconf 75' lang='grc' dir='ltr'>ἐστιν</span> <span class='ocrx_word' id='word_1_845' title='bbox 1659 2176 1674 2201; x_wconf 88' lang='lat'><strong>6</strong></span> <span class='ocrx_word' id='word_1_846' title='bbox 1692 2176 1803 2211; x_wconf 68' lang='grc' dir='ltr'>Πατὴρ,</span> 
     </span>
    </p>
   </div>
   <div class='ocr_carea' id='block_1_106' title="bbox 1011 2221 1803 2257">
    <p class='ocr_par' dir='ltr' id='par_1_106' title="bbox 1011 2221 1803 2257">
     <span class='ocr_line' id='line_1_106' title="bbox 1011 2221 1803 2257; baseline 0 -10"><span class='ocrx_word' id='word_1_847' title='bbox 1011 2221 1057 2248; x_wconf 80' lang='grc' dir='ltr'><strong>καὶ</strong></span> <span class='ocrx_word' id='word_1_848' title='bbox 1072 2222 1102 2248; x_wconf 83' lang='grc' dir='ltr'><strong>τὸ</strong></span> <span class='ocrx_word' id='word_1_849' title='bbox 1115 2222 1227 2257; x_wconf 84' lang='grc' dir='ltr'>Πνεῦμα</span> <span class='ocrx_word' id='word_1_850' title='bbox 1242 2222 1292 2249; x_wconf 77' lang='grc' dir='ltr'><strong>οὐκ</strong></span> <span class='ocrx_word' id='word_1_851' title='bbox 1306 2222 1378 2249; x_wconf 77' lang='grc' dir='ltr'>ἔστιν</span> <span class='ocrx_word' id='word_1_852' title='bbox 1395 2221 1473 2253; x_wconf 81' lang='grc' dir='ltr'>ὲκτδς</span> <span class='ocrx_word' id='word_1_853' title='bbox 1484 2221 1531 2248; x_wconf 89' lang='grc' dir='ltr'><strong>τοῦ</strong></span> <span class='ocrx_word' id='word_1_854' title='bbox 1553 2221 1652 2255; x_wconf 82' lang='grc' dir='ltr'>Λόγου.</span> <span class='ocrx_word' id='word_1_855' title='bbox 1674 2221 1734 2247; x_wconf 79' lang='grc' dir='ltr'>Μία</span> <span class='ocrx_word' id='word_1_856' title='bbox 1748 2222 1803 2257; x_wconf 67' lang='grc' dir='ltr'>γάρ</span> 
     </span>
    </p>
   </div>
   <div class='ocr_carea' id='block_1_107' title="bbox 1010 2266 1804 2304">
    <p class='ocr_par' dir='ltr' id='par_1_107' title="bbox 1010 2266 1804 2304">
     <span class='ocr_line' id='line_1_107' title="bbox 1010 2266 1804 2304; baseline -0.001 -11"><span class='ocrx_word' id='word_1_857' title='bbox 1010 2268 1083 2295; x_wconf 71' lang='grc' dir='ltr'>ἐστιν</span> <span class='ocrx_word' id='word_1_858' title='bbox 1095 2269 1127 2294; x_wconf 80' lang='grc' dir='ltr'>ὲκ</span> <span class='ocrx_word' id='word_1_859' title='bbox 1135 2268 1182 2294; x_wconf 87' lang='grc' dir='ltr'><strong>τοῦ</strong></span> <span class='ocrx_word' id='word_1_860' title='bbox 1194 2268 1300 2303; x_wconf 83' lang='grc' dir='ltr'>Πατρὸς</span> <span class='ocrx_word' id='word_1_861' title='bbox 1317 2268 1396 2304; x_wconf 84' lang='grc' dir='ltr'>χάρις</span> <span class='ocrx_word' id='word_1_862' title='bbox 1409 2267 1442 2293; x_wconf 86' lang='grc' dir='ltr'>δι’</span> <span class='ocrx_word' id='word_1_863' title='bbox 1452 2267 1518 2294; x_wconf 87' lang='grc' dir='ltr'>Υῐοῦ</span> <span class='ocrx_word' id='word_1_864' title='bbox 1532 2269 1560 2293; x_wconf 77' lang='grc' dir='ltr'>ἑν</span> <span class='ocrx_word' id='word_1_865' title='bbox 1577 2266 1719 2301; x_wconf 84' lang='grc' dir='ltr'>Πνεύματι</span> <span class='ocrx_word' id='word_1_866' title='bbox 1730 2267 1804 2301; x_wconf 79' lang='grc' dir='ltr'>ἁγίῳ</span> 
     </span>
    </p>
   </div>
   <div class='ocr_carea' id='block_1_108' title="bbox 1011 2308 1805 2348">
    <p class='ocr_par' dir='ltr' id='par_1_108' title="bbox 1011 2308 1805 2348">
     <span class='ocr_line' id='line_1_108' title="bbox 1011 2308 1805 2348; baseline -0.004 -9"><span class='ocrx_word' id='word_1_867' title='bbox 1011 2313 1205 2348; x_wconf 81' lang='grc' dir='ltr'>πληρουμένη·</span> <span class='ocrx_word' id='word_1_868' title='bbox 1234 2313 1281 2339; x_wconf 79' lang='grc' dir='ltr'>καὶ</span> <span class='ocrx_word' id='word_1_869' title='bbox 1313 2313 1361 2348; x_wconf 92' lang='grc' dir='ltr'><strong>μία</strong></span> <span class='ocrx_word' id='word_1_870' title='bbox 1380 2312 1474 2348; x_wconf 84' lang='grc' dir='ltr'>θεότης</span> <span class='ocrx_word' id='word_1_871' title='bbox 1504 2312 1573 2345; x_wconf 74' lang='grc' dir='ltr'>ἐστὶ,</span> <span class='ocrx_word' id='word_1_872' title='bbox 1598 2311 1645 2337; x_wconf 74' lang='grc' dir='ltr'>καὶ</span> <span class='ocrx_word' id='word_1_873' title='bbox 1667 2308 1709 2342; x_wconf 75' lang='grc' dir='ltr'>εἷς</span> <span class='ocrx_word' id='word_1_874' title='bbox 1736 2311 1805 2343; x_wconf 68' lang='lat' dir='ltr'><strong>Sed;</strong></span> 
     </span>
    </p>
   </div>
   <div class='ocr_carea' id='block_1_109' title="bbox 1011 2357 1805 2391">
    <p class='ocr_par' dir='ltr' id='par_1_109' title="bbox 1011 2357 1805 2391">
     <span class='ocr_line' id='line_1_109' title="bbox 1011 2357 1805 2391; baseline -0.003 -6"><span class='ocrx_word' id='word_1_875' title='bbox 1011 2359 1082 2385; x_wconf 67' lang='lat' dir='ltr'><strong>seru</strong></span> <span class='ocrx_word' id='word_1_876' title='bbox 1168 2359 1183 2385; x_wconf 87' lang='lat'><strong>6</strong></span> <span class='ocrx_word' id='word_1_877' title='bbox 1200 2358 1246 2385; x_wconf 73' lang='grc' dir='ltr'>ἐπὶ</span> <span class='ocrx_word' id='word_1_878' title='bbox 1262 2358 1381 2391; x_wconf 79' lang='grc' dir='ltr'>πάντων,</span> <span class='ocrx_word' id='word_1_879' title='bbox 1395 2358 1442 2385; x_wconf 76' lang='grc' dir='ltr'>καὶ</span> <span class='ocrx_word' id='word_1_880' title='bbox 1457 2357 1500 2384; x_wconf 83' lang='grc' dir='ltr'><strong>διὰ</strong></span> <span class='ocrx_word' id='word_1_881' title='bbox 1511 2357 1629 2388; x_wconf 78' lang='grc' dir='ltr'>πάντων,</span> <span class='ocrx_word' id='word_1_882' title='bbox 1645 2358 1694 2383; x_wconf 77' lang='grc' dir='ltr'>καὶ</span> <span class='ocrx_word' id='word_1_883' title='bbox 1710 2358 1739 2384; x_wconf 83' lang='grc' dir='ltr'>ὲν</span> <span class='ocrx_word' id='word_1_884' title='bbox 1751 2359 1805 2384; x_wconf 76' lang='grc' dir='ltr'><strong>πᾶ-</strong></span> 
     </span>
    </p>
   </div>
   <div class='ocr_carea' id='block_1_110' title="bbox 1012 2403 1806 2440">
    <p class='ocr_par' dir='ltr' id='par_1_110' title="bbox 1012 2403 1806 2440">
     <span class='ocr_line' id='line_1_110' title="bbox 1012 2403 1806 2440; baseline -0.001 -9"><span class='ocrx_word' id='word_1_885' title='bbox 1012 2414 1064 2431; x_wconf 88' lang='grc' dir='ltr'>σιν.</span> <span class='ocrx_word' id='word_1_886' title='bbox 1081 2405 1159 2432; x_wconf 79' lang='grc' dir='ltr'>Οὕτω</span> <span class='ocrx_word' id='word_1_887' title='bbox 1170 2405 1223 2440; x_wconf 85' lang='grc' dir='ltr'>γὰρ</span> <span class='ocrx_word' id='word_1_888' title='bbox 1240 2404 1288 2431; x_wconf 79' lang='grc' dir='ltr'>καὶ</span> <span class='ocrx_word' id='word_1_889' title='bbox 1303 2406 1317 2430; x_wconf 90' lang='lat'><strong>6</strong></span> <span class='ocrx_word' id='word_1_890' title='bbox 1330 2404 1445 2435; x_wconf 84' lang='grc' dir='ltr'>Παῦλος,</span> <span class='ocrx_word' id='word_1_891' title='bbox 1460 2403 1594 2439; x_wconf 81' lang='grc' dir='ltr'>εἰρηκὼς,</span> <span class='ocrx_word' id='word_1_892' title='bbox 1615 2412 1624 2428; x_wconf 75' lang='grc' dir='ltr'><strong>ι</strong></span> <span class='ocrx_word' id='word_1_893' title='bbox 1645 2404 1806 2439; x_wconf 73' lang='grc' dir='ltr'>Διαμαρτύ-</span> 
     </span>
    </p>
   </div>
   <div class='ocr_carea' id='block_1_111' title="bbox 1013 2449 1803 2485">
    <p class='ocr_par' dir='ltr' id='par_1_111' title="bbox 1013 2449 1803 2485">
     <span class='ocr_line' id='line_1_111' title="bbox 1013 2449 1803 2485; baseline -0.001 -9"><span class='ocrx_word' id='word_1_894' title='bbox 1013 2458 1095 2485; x_wconf 79' lang='grc' dir='ltr'>ρομαι</span> <span class='ocrx_word' id='word_1_895' title='bbox 1112 2449 1224 2476; x_wconf 82' lang='grc' dir='ltr'>ἐνώπιον</span> <span class='ocrx_word' id='word_1_896' title='bbox 1237 2449 1284 2476; x_wconf 84' lang='grc' dir='ltr'><strong>τοῦ</strong></span> <span class='ocrx_word' id='word_1_897' title='bbox 1300 2449 1367 2476; x_wconf 82' lang='grc' dir='ltr'>Θεοῦ</span> <span class='ocrx_word' id='word_1_898' title='bbox 1383 2450 1429 2476; x_wconf 78' lang='grc' dir='ltr'><strong>καὶ</strong></span> <span class='ocrx_word' id='word_1_899' title='bbox 1445 2449 1532 2484; x_wconf 81' lang='grc' dir='ltr'>Ἰησοῦ</span> <span class='ocrx_word' id='word_1_900' title='bbox 1546 2449 1665 2483; x_wconf 81' lang='grc' dir='ltr'>Χριστοῦ</span> <span class='ocrx_word' id='word_1_901' title='bbox 1679 2470 1687 2481; x_wconf 85' lang='grc'><strong>,</strong></span> <span class='ocrx_word' id='word_1_902' title='bbox 1715 2458 1723 2474; x_wconf 78' lang='grc' dir='ltr'><strong>ι</strong></span> <span class='ocrx_word' id='word_1_903' title='bbox 1744 2449 1803 2483; x_wconf 77' lang='grc' dir='ltr'>ἐγί-</span> 
     </span>
    </p>
   </div>
   <div class='ocr_carea' id='block_1_112' title="bbox 1011 2494 1805 2531">
    <p class='ocr_par' dir='ltr' id='par_1_112' title="bbox 1011 2494 1805 2531">
     <span class='ocr_line' id='line_1_112' title="bbox 1011 2494 1805 2531; baseline -0.001 -9"><span class='ocrx_word' id='word_1_904' title='bbox 1011 2504 1125 2526; x_wconf 86' lang='grc' dir='ltr'>νωσκεν,</span> <span class='ocrx_word' id='word_1_905' title='bbox 1140 2495 1180 2522; x_wconf 81' lang='grc' dir='ltr'>ὅτι</span> <span class='ocrx_word' id='word_1_906' title='bbox 1190 2496 1219 2521; x_wconf 84' lang='grc' dir='ltr'>οὐ</span> <span class='ocrx_word' id='word_1_907' title='bbox 1235 2496 1353 2531; x_wconf 86' lang='grc' dir='ltr'>διῃρεῖτο</span> <span class='ocrx_word' id='word_1_908' title='bbox 1369 2495 1414 2521; x_wconf 83' lang='grc' dir='ltr'><strong>τοῦ</strong></span> <span class='ocrx_word' id='word_1_909' title='bbox 1427 2495 1491 2521; x_wconf 81' lang='grc' dir='ltr'>Υἱοῦ</span> <span class='ocrx_word' id='word_1_910' title='bbox 1503 2495 1534 2521; x_wconf 74' lang='grc' dir='ltr'>τὸ</span> <span class='ocrx_word' id='word_1_911' title='bbox 1550 2495 1664 2530; x_wconf 80' lang='grc' dir='ltr'>Πνεῦμα</span> <span class='ocrx_word' id='word_1_912' title='bbox 1676 2514 1684 2527; x_wconf 87' lang='grc'><strong>,</strong></span> <span class='ocrx_word' id='word_1_913' title='bbox 1698 2494 1758 2521; x_wconf 81' lang='grc' dir='ltr'>ἀλλ’</span> <span class='ocrx_word' id='word_1_914' title='bbox 1775 2496 1805 2521; x_wconf 76' lang='grc' dir='ltr'>ἐν</span> 
     </span>
    </p>
   </div>
   <div class='ocr_carea' id='block_1_113' title="bbox 1012 2538 1802 2576">
    <p class='ocr_par' dir='ltr' id='par_1_113' title="bbox 1012 2538 1802 2576">
     <span class='ocr_line' id='line_1_113' title="bbox 1012 2538 1802 2576; baseline -0.001 -9"><span class='ocrx_word' id='word_1_915' title='bbox 1012 2540 1121 2576; x_wconf 86' lang='grc' dir='ltr'>Χριστῷ</span> <span class='ocrx_word' id='word_1_916' title='bbox 1140 2538 1174 2576; x_wconf 85' lang='grc' dir='ltr'>ἦν</span> <span class='ocrx_word' id='word_1_917' title='bbox 1192 2541 1239 2567; x_wconf 76' lang='grc' dir='ltr'><strong>καὶ</strong></span> <span class='ocrx_word' id='word_1_918' title='bbox 1257 2541 1333 2572; x_wconf 80' lang='grc' dir='ltr'>αὐτὸ,</span> <span class='ocrx_word' id='word_1_919' title='bbox 1363 2540 1456 2576; x_wconf 84' lang='grc' dir='ltr'>ὥσπερ</span> <span class='ocrx_word' id='word_1_920' title='bbox 1475 2541 1489 2566; x_wconf 87' lang='lat'><strong>6</strong></span> <span class='ocrx_word' id='word_1_921' title='bbox 1505 2540 1568 2572; x_wconf 74' lang='grc' dir='ltr'><strong>Υἱὸς</strong></span> <span class='ocrx_word' id='word_1_922' title='bbox 1594 2541 1623 2566; x_wconf 81' lang='grc' dir='ltr'>ὲν</span> <span class='ocrx_word' id='word_1_923' title='bbox 1637 2540 1677 2575; x_wconf 83' lang='grc' dir='ltr'>τῷ</span> <span class='ocrx_word' id='word_1_924' title='bbox 1694 2541 1802 2576; x_wconf 73' lang='grc' dir='ltr'>Πατρί-</span> 
     </span>
    </p>
   </div>
   <div class='ocr_carea' id='block_1_114' title="bbox 1011 2584 1802 2620">
    <p class='ocr_par' dir='ltr' id='par_1_114' title="bbox 1011 2584 1802 2620">
     <span class='ocr_line' id='line_1_114' title="bbox 1011 2584 1802 2620; baseline 0.001 -10"><span class='ocrx_word' id='word_1_925' title='bbox 1011 2584 1073 2614; x_wconf 81' lang='grc' dir='ltr'>τοὺς</span> <span class='ocrx_word' id='word_1_926' title='bbox 1097 2584 1125 2611; x_wconf 75' lang='grc' dir='ltr'><strong>δὲ</strong></span> <span class='ocrx_word' id='word_1_927' title='bbox 1149 2584 1293 2616; x_wconf 73' lang='grc' dir='ltr'>ἐκλεκτοὺς</span> <span class='ocrx_word' id='word_1_928' title='bbox 1313 2584 1446 2618; x_wconf 83' lang='grc' dir='ltr'>ἀγγέλους</span> <span class='ocrx_word' id='word_1_929' title='bbox 1469 2585 1658 2620; x_wconf 83' lang='grc' dir='ltr'>συνεπήγαγεν</span> <span class='ocrx_word' id='word_1_930' title='bbox 1676 2585 1802 2617; x_wconf 68' lang='grc' dir='ltr'>εἰκότως,</span> 
     </span>
    </p>
   </div>
   <div class='ocr_carea' id='block_1_115' title="bbox 1012 2628 1801 2666">
    <p class='ocr_par' dir='ltr' id='par_1_115' title="bbox 1012 2628 1801 2666">
     <span class='ocr_line' id='line_1_115' title="bbox 1012 2628 1801 2666; baseline 0.003 -11"><span class='ocrx_word' id='word_1_931' title='bbox 1012 2629 1065 2661; x_wconf 84' lang='grc' dir='ltr'>ἵνα,</span> <span class='ocrx_word' id='word_1_932' title='bbox 1085 2629 1177 2665; x_wconf 73' lang='grc' dir='ltr'>ἐπειδὴ</span> <span class='ocrx_word' id='word_1_933' title='bbox 1205 2630 1387 2666; x_wconf 82' lang='grc' dir='ltr'>διαμαρτυρία</span> <span class='ocrx_word' id='word_1_934' title='bbox 1410 2628 1444 2665; x_wconf 81' lang='grc' dir='ltr'>ἦν</span> <span class='ocrx_word' id='word_1_935' title='bbox 1464 2630 1503 2666; x_wconf 81' lang='grc' dir='ltr'><strong>’τῷ</strong></span> <span class='ocrx_word' id='word_1_936' title='bbox 1529 2630 1634 2666; x_wconf 75' lang='grc' dir='ltr'>μαθητῇ</span> <span class='ocrx_word' id='word_1_937' title='bbox 1655 2630 1801 2666; x_wconf 81' lang='grc' dir='ltr'>λεγομένη,</span> 
     </span>
    </p>
   </div>
   <div class='ocr_carea' id='block_1_116' title="bbox 1011 2675 1803 2712">
    <p class='ocr_par' dir='ltr' id='par_1_116' title="bbox 1011 2675 1803 2712">
     <span class='ocr_line' id='line_1_116' title="bbox 1011 2675 1803 2712; baseline 0.003 -11"><span class='ocrx_word' id='word_1_938' title='bbox 1011 2675 1164 2709; x_wconf 80' lang='grc' dir='ltr'>γινώσκων,</span> <span class='ocrx_word' id='word_1_939' title='bbox 1188 2676 1224 2708; x_wconf 85' lang='grc' dir='ltr'>ὡς</span> <span class='ocrx_word' id='word_1_940' title='bbox 1316 2676 1349 2702; x_wconf 75' lang='grc' dir='ltr'>τὰ</span> <span class='ocrx_word' id='word_1_941' title='bbox 1364 2676 1412 2711; x_wconf 77' lang='grc' dir='ltr'>μὲν</span> <span class='ocrx_word' id='word_1_942' title='bbox 1422 2676 1555 2711; x_wconf 82' lang='grc' dir='ltr'>λεγόμενα</span> <span class='ocrx_word' id='word_1_943' title='bbox 1571 2676 1649 2712; x_wconf 76' lang='grc' dir='ltr'>παρὰ</span> <span class='ocrx_word' id='word_1_944' title='bbox 1669 2677 1738 2703; x_wconf 79' lang='grc' dir='ltr'>Θεοῦ</span> <span class='ocrx_word' id='word_1_945' title='bbox 1760 2676 1803 2703; x_wconf 73' lang='grc' dir='ltr'>διὰ</span> 
     </span>
    </p>
   </div>
   <div class='ocr_carea' id='block_1_117' title="bbox 1011 2721 1803 2757">
    <p class='ocr_par' dir='ltr' id='par_1_117' title="bbox 1011 2721 1803 2757">
     <span class='ocr_line' id='line_1_117' title="bbox 1011 2721 1803 2757; baseline 0 -9"><span class='ocrx_word' id='word_1_946' title='bbox 1011 2722 1129 2757; x_wconf 75' lang='grc' dir='ltr'>Χριστοῦ</span> <span class='ocrx_word' id='word_1_947' title='bbox 1145 2723 1173 2748; x_wconf 80' lang='grc' dir='ltr'>ὲν</span> <span class='ocrx_word' id='word_1_948' title='bbox 1189 2722 1328 2757; x_wconf 81' lang='grc' dir='ltr'>Πνεύματι</span> <span class='ocrx_word' id='word_1_949' title='bbox 1344 2721 1502 2757; x_wconf 76' lang='grc' dir='ltr'>λελάληται,</span> <span class='ocrx_word' id='word_1_950' title='bbox 1518 2722 1543 2748; x_wconf 81' lang='grc' dir='ltr'><strong>οι</strong></span> <span class='ocrx_word' id='word_1_951' title='bbox 1563 2722 1592 2748; x_wconf 76' lang='grc' dir='ltr'><strong>δὲ</strong></span> <span class='ocrx_word' id='word_1_952' title='bbox 1616 2722 1729 2756; x_wconf 76' lang='grc' dir='ltr'>ἄγγελοι</span> <span class='ocrx_word' id='word_1_953' title='bbox 1745 2722 1803 2749; x_wconf 77' lang='grc' dir='ltr'>δια-</span> 
     </span>
    </p>
   </div>
   <div class='ocr_carea' id='block_1_118' title="bbox 1012 2767 1800 2803">
    <p class='ocr_par' dir='ltr' id='par_1_118' title="bbox 1012 2767 1800 2803">
     <span class='ocr_line' id='line_1_118' title="bbox 1012 2767 1800 2803; baseline 0.001 -9"><span class='ocrx_word' id='word_1_954' title='bbox 1012 2767 1119 2794; x_wconf 80' lang='grc' dir='ltr'>κονοῦσι</span> <span class='ocrx_word' id='word_1_955' title='bbox 1140 2768 1174 2794; x_wconf 78' lang='grc' dir='ltr'>τὰ</span> <span class='ocrx_word' id='word_1_956' title='bbox 1191 2768 1255 2802; x_wconf 82' lang='grc' dir='ltr'>παρ’</span> <span class='ocrx_word' id='word_1_957' title='bbox 1269 2768 1357 2803; x_wconf 84' lang='grc' dir='ltr'>ἡμῶν,</span> <span class='ocrx_word' id='word_1_958' title='bbox 1381 2768 1592 2800; x_wconf 75' lang='grc' dir='ltr'>ἐπισκοποῦντες</span> <span class='ocrx_word' id='word_1_959' title='bbox 1610 2768 1661 2800; x_wconf 77' lang='grc' dir='ltr'>τὰς</span> <span class='ocrx_word' id='word_1_960' title='bbox 1683 2768 1800 2795; x_wconf 73' lang='grc' dir='ltr'>ἑκάστου</span> 
     </span>
    </p>
   </div>
   <div class='ocr_carea' id='block_1_119' title="bbox 1038 2869 1625 2904">
    <p class='ocr_par' dir='ltr' id='par_1_119' title="bbox 1038 2869 1625 2904">
     <span class='ocr_line' id='line_1_119' title="bbox 1038 2869 1625 2904; baseline -0.01 -1"><span class='ocrx_word' id='word_1_961' title='bbox 1038 2875 1047 2892; x_wconf 79' lang='grc'>⁸</span> <span class='ocrx_word' id='word_1_962' title='bbox 1062 2874 1132 2903; x_wconf 85' lang='lat' dir='ltr'><strong>Gen.</strong></span> <span class='ocrx_word' id='word_1_963' title='bbox 1152 2882 1245 2902; x_wconf 72' lang='lat' dir='ltr'><strong>xum.</strong></span> <span class='ocrx_word' id='word_1_964' title='bbox 1266 2873 1308 2902; x_wconf 79' lang='lat' dir='ltr'><strong>l5.</strong></span> <span class='ocrx_word' id='word_1_965' title='bbox 1348 2873 1357 2887; x_wconf 76' lang='grc'><strong><em>⁵</em></strong></span> <span class='ocrx_word' id='word_1_966' title='bbox 1372 2872 1393 2900; x_wconf 95' lang='lat' dir='ltr'><strong>ll</strong></span> <span class='ocrx_word' id='word_1_967' title='bbox 1410 2871 1530 2899; x_wconf 90' lang='lat' dir='ltr'><strong>&#39;l‘imoth.</strong></span> <span class='ocrx_word' id='word_1_968' title='bbox 1545 2877 1582 2904; x_wconf 85' lang='lat' dir='ltr'><strong>1v,</strong></span> <span class='ocrx_word' id='word_1_969' title='bbox 1599 2869 1625 2897; x_wconf 82' lang='grc' dir='ltr'><strong>ι.</strong></span> 
     </span>
    </p>
   </div>
  </div>
