1891 3076
100 107 154 139 ’105

99 175 226 210 πράξεις,
238 175 341 211 φυλάξῃ
354 175 401 207 τὰς
409 175 456 202 τοῦ
467 175 626 202 διδασκάλου

98 222 138 252 ὡς
151 221 219 255 ἔχων
235 222 296 253 τοὺς
309 221 464 256 ἐφορῶντας
483 222 536 247 τῶν
559 221 712 257 λεγομένων
735 221 887 257 μάρτυρας.

99 268 138 293 Ἦ
157 268 227 302 τάχα
251 267 297 294 καὶ
323 267 367 294 διὰ
393 268 455 299 τοὺς
479 267 523 294 διὰ
537 268 638 299 παντὸς
660 267 829 302 θεωροῦντας
857 267 887 293 τὸ

98 313 246 348 πρόσωπον
266 312 312 338 τοῦ
332 313 452 347 Πατρὸς,
474 313 520 339 τοῦ
545 314 574 339 ἐν
597 314 655 344 τοῖς
679 313 813 348 οὐρανοῖς,
833 312 892 338 δια-

98 358 270 393 μαρτύρεται
290 357 337 384 νῦν

560 110 753 141 PANOPLIA
772 111 1001 142 DOGMATICA.
1021 124 1055 131 —
1075 111 1141 141 TlT
1174 112 1226 142 Xl.

697 176 867 211 παραινέσεις
880 197 887 209 ,
902 179 924 205 A
942 177 982 204 An
1001 176 1071 204 [ιιι-ιο
1095 177 1207 211 angelos
1224 177 1270 211 qui
1288 184 1396 211 semper
1409 177 1443 204 Vill

978 187 982 203 ι
1001 176 1071 204 [ιιι-ιο
1095 177 1207 211 angelos
1224 162 1270 211 qui
1288 184 1396 211 semper
1409 177 1500 205 vident
1516 176 1612 205 facient
1626 176 1724 208 Patris.

1676 116 1727 147 706

941 222 987 256 qui
1010 222 1036 248 in
1064 221 1140 248 cmlis
1165 226 1215 253 est.
1235 226 1344 256 propter
1362 222 1488 249 Ecclesia:
1503 223 1627 257 pusillos,
1643 228 1726 249 testes

940 266 1067 301 appellat,
1089 270 1118 292 ut
1142 266 1304 300 discipulus,
1324 267 1440 301 cognitis
1464 268 1625 301 populorum
1646 275 1725 294 cura-

945 312 1061 343 toribus,
1076 311 1199 345 Apostoli
1214 311 1415 339 admonitiones
1428 320 1481 339 non
1502 314 1656 348 negligeret.

430 358 572 392 ἀγγέλους,
587 358 668 384 ’ἐνεκά
688 367 719 389 γε
735 357 788 384 τῶν
809 358 837 384 ὲν
853 359 886 392 τῇ
914 356 1061 392 Ἐκκλησία
1084 352 1208 392 μικρῶν,
1234 357 1294 390 ἵνα,
1319 357 1462 392 γινώσκων
1481 359 1495 384 ὁ
1515 358 1636 393 μαθητὴς
1663 359 1725 391 τοὺς

96 405 252 440 κηδεμόνας
270 405 323 431 τῶν
337 404 418 436 λαῶν,
435 405 472 440 μὴ
492 405 616 442 ἁμελήσῃ
637 405 690 432 τῶν
707 405 892 440 παραινέσεων
911 403 955 430 τοῦ
980 404 1152 430 ’Λποστόλου.

198 451 257 477 Τῶν
273 451 321 486 μὲν
332 449 378 477 οὖν
388 451 470 477 θείων
483 451 579 486 λογίων
590 451 709 483 τοιοῦτος
722 453 735 478 ὸ
751 451 813 482 νοῦς
826 452 887 486 ἐμοὶ

95 497 235 531 φαίνεται.
251 497 394 531 διελέγχων
408 496 456 532 τὴν
471 497 525 523 τῶν
537 498 641 532 ἀλόγων
656 497 727 524 κατὰ
742 497 788 523 τοῦ
804 497 888 522 Ilvati-

97 551 187 578 ματος
201 543 355 577 δυσφημίαν
365 551 371 557 “
385 543 463 569 αὐτοὶ
475 544 503 570 δὲ
519 543 569 578 τὴν
589 543 754 578 φιλονεικίαν
770 542 886 577 ἔμμονον

95 588 208 623 ἔχοντες
227 587 295 622 πρὸς
314 588 362 623 τὴν
373 588 512 623 ἀλήθειαν,
529 590 566 621 ὡς
581 589 706 624 γράφεις,
725 588 815 615 οὐκέτι
838 587 887 622 μὲν

96 632 155 658 ἀπὸ
177 632 230 658 τῶν
243 632 358 668 Γραφῶν
378 632 443 668 (οὐχ
456 633 612 668 εὑρίσκουσι
633 634 715 669 γὰρ),
726 632 779 659 ἀπὸ
793 632 821 658 δὲ
840 631 885 658 τοῦ

96 677 320 712 περισσεύματος
341 678 390 712 τῆς
405 678 518 713 καρδίας
538 679 586 713 τῆς
610 678 677 709 ἰδίας
695 678 885 712 ἐρευγόμενοι,

97 723 184 749 πάλιν
199 723 360 758 φάσκουσιν·
377 724 408 750 Ei.
423 723 460 759 μὴ
476 723 577 758 κτίσμα
589 724 663 756 ἐστὶ,
680 723 747 758 μηδὲ
764 722 816 749 τῶν
835 723 886 755 ἁγ-

96 767 190 801 γέλων
212 765 252 799 εἷς
268 768 352 800 ἐστιν,
367 768 468 794 ἀλλ’ὲκ
491 767 538 794 τοῦ
563 768 668 803 Πατρός
692 766 884 802 ἐκπορεύεται-

95 815 201 842 οὑκοῦν
215 815 278 847 Υἱός
292 816 348 842 ἐστι
366 815 413 842 καὶ
427 815 494 841 αὐτὸ
510 832 518 845 ,

98 862 171 888 αὐτό
182 870 211 887 τε
225 860 273 888 καὶ
289 862 303 887 ό
313 862 408 896 Λόγος.
422 861 477 888 Καὶ
494 862 519 888 εἰ
530 862 643 896 ἀδελφός
659 864 726 894 ἐστι,
742 863 800 895 πῶς
816 873 895 899 μονο-

99 907 187 942 γενὴς
202 908 216 933 ὁ
233 907 329 941 Λόγος,
346 907 363 942 ἦ
386 907 445 939 πῶς
456 909 507 935 οὐκ
524 909 586 940 ἴσοι,
598 908 679 935 ἁλλ“ὁ
697 909 747 944 μὲν
768 910 835 945 μετὰ
849 911 895 937 τὸν

100 952 226 987 Πατέρα,
242 953 271 979 τὸ
288 953 317 979 δὲ
335 952 403 988 μετὰ
417 953 463 979 τὸν
478 953 541 980 Υξὸν
555 953 717 989 ὀνομάζεται
748 962 756 986 ;
832 955 894 987 Πῶς

98 998 144 1030 δὲ,
161 999 187 1024 εί
203 999 234 1024 ἐκ
248 998 295 1024 τοῦ
312 999 418 1034 Πατρός
429 1000 512 1031 ἐστιν,
528 1000 558 1026 οὐ
577 999 685 1034 λέγεται
701 999 748 1026 καὶ
769 1000 834 1027 αὐτὸ
849 1009 894 1034 γε-

98 1043 250 1079 γεννῆσθαι
265 1063 272 1075 ,
302 1044 318 1080 ἢ
335 1045 377 1071 ὅτι
401 1044 463 1076 Υἱός
478 1045 563 1078 ἐστιν,
590 1045 647 1072 ἀλλ’
663 1045 757 1077 ἁπλῶς
781 1046 893 1082 Πνεῦμα

99 1089 200 1123 ἂγιον;
219 1089 250 1115 Εἰ
271 1089 299 1115 δὲ
323 1089 370 1116 τοῦ
383 1090 449 1116 Υιοῦ
465 1091 524 1117 ἐστι
541 1091 571 1117 τὸ
588 1091 700 1126 Πνεῦμα
731 1111 739 1123 ,
796 1091 892 1118 οὐκοῦν

99 1135 218 1167 πάππος
231 1136 305 1162 ἐστὶν
322 1137 336 1163 ὁ
350 1136 445 1172 Πατὴρ
456 1137 504 1164 τοῦ
517 1139 685 1173 Πνεόματος.
699 1138 815 1164 Τοιαῦτα
831 1138 893 1164 παί-

99 1182 198 1213 ζουσιν
211 1182 235 1208 ol
251 1181 352 1217 ἄτιμοι,
366 1183 609 1218 περιεργαζόμενοι
619 1184 665 1210 καὶ
682 1183 802 1216 Θέλοντες
814 1185 892 1220 ἐρευ-

99 1227 153 1261 νᾷν
169 1226 202 1253 τὰ
224 1226 292 1262 βάοη
322 1226 369 1253 τοῦ
397 1227 475 1259 Θεοῦ,
493 1227 511 1254 ἆ
539 1228 634 1264 μηδεὶς
649 1226 735 1260 οἶδεν,
753 1230 778 1255 ει
803 1230 840 1264 μὴ
862 1229 893 1255 τὸ

99 1271 219 1307 Πνεῦμα
233 1272 280 1298 τοῦ
295 1273 363 1299 Θεοῦ
376 1273 405 1299 τὸ
420 1273 645 1309 δυσφημούμενον
693 1274 746 1302 ὑπὸ
780 1275 890 1303 τούτων.

102 1317 180 1344 Ἔδει
197 1317 247 1353 μὲν
261 1316 308 1344 οὖν
322 1319 419 1353 μηκέτι
434 1319 537 1351 τούτοις
552 1320 750 1356 ἀποκρίνασθαι
760 1341 766 1352 ,
782 1320 853 1347 κατὰ
864 1320 893 1347 δὲ

98 1363 152 1399 τὴν
167 1365 348 1399 ἀποστολικὴν
363 1365 562 1400 παραγγελίαν,
575 1366 645 1401 μετὰ
658 1367 707 1401 τὴν
715 1368 747 1393 ὲκ
760 1367 814 1393 τῶν
828 1375 892 1402 προ-

99 1409 256 1445 ειρημένων
279 1410 420 1437 νουθεσίαν
442 1411 480 1443 ὠς
504 1412 658 1446 αἱρετικοῦς
672 1413 770 1443 αὐτοὺς
792 1421 889 1449 παραι-

99 1455 227 1486 τεῖσθαι,
251 1455 266 1490 ἢ
289 1456 352 1488 ἄξια
376 1453 412 1483 ὧν
430 1457 568 1492 ἐρωτῶσιν
585 1459 689 1494 ἐρωτᾷν
716 1459 827 1490 αὐτοὺς,
845 1458 893 1486 καὶ

96 1502 228 1528 ἀπαιτεῖν
241 1503 304 1537 παρ’
322 1502 411 1529 αὐτῶν
428 1503 583 1539 ἀπόκρισιν,
597 1504 656 1530 οἵαν

96 1547 180 1582 ἡμῶν
200 1547 371 1574 ἀπαιτοῦσιν.
387 1548 550 1575 Εὶπάτωσαν
566 1549 655 1576 τοίνυν
667 1558 673 1564 ·
686 1549 709 1575 ει
725 1550 739 1576 ὸ
750 1550 845 1585 Πατὴρ
861 1550 892 1576 ὲκ

95 1592 203 1627 πατρός
217 1593 289 1624 ἐστι,
306 1593 353 1619 καὶ
366 1594 390 1620 εί
404 1594 483 1626 ἄλλος
498 1595 546 1620 σὺν
561 1594 634 1629 αὖτῷ
645 1595 805 1630 γεγέννηται
819 1616 825 1628 ,
845 1595 892 1621 καί

94 1638 168 1664 εἰσιν
184 1637 294 1672 ἀδελφοὶ
308 1638 336 1671 ἐξ
354 1638 422 1670 ἐνὸς,
439 1639 486 1665 καὶ
499 1639 524 1664 τί
539 1639 624 1674 ὄνομα
641 1640 732 1671 αὐτοῖς
755 1658 763 1671 ,
843 1640 892 1666 καὶ

94 1682 141 1713 τίς
154 1683 169 1708 ὸ
193 1683 241 1709 καὶ
260 1681 362 1709 τούτων
385 1683 480 1718 Πατὴρ
498 1684 546 1710 καὶ
572 1684 700 1715 πάππος,
718 1683 852 1710 κάκείνων
866 1684 891 1709 οξ

95 1727 246 1762 πρόγονοι;
269 1727 338 1754 Ἀλλ’
352 1728 402 1754 οὐκ
416 1725 486 1754 εἶναι
501 1729 628 1764 φήσουσι.
640 1728 702 1760 Πῶς
723 1726 769 1755 οὖν
785 1728 891 1764 Πατὴρ,

95 1771 264 1804 λεγέτωσαν,
282 1772 365 1804 αὐτὸς
382 1772 418 1808 μὴ
435 1772 596 1814 γενόμενοςς
665 1774 697 1799 ἐκ
714 1773 838 1808 Πατρός;
856 1773 891 1799 Ἢ

95 1817 158 1848 πῶς
180 1817 299 1853 ἠδυνήθη
317 1818 380 1844 Υίὸν
396 1818 485 1853 ἔχειν,
503 1818 540 1853 μὴ
567 1818 699 1853 πρότερον
720 1819 802 1850 αὐτὸς
827 1817 892 1849 Υἱὸς

94 1861 239 1896 γεννηθείς
248 1870 256 1894 ;
265 1860 340 1895 θῖδα,
350 1863 392 1889 ὅτι
400 1863 502 1898 ἀσεϐὴς
513 1864 530 1899 ή
540 1863 673 1898 ἐρώτησις
686 1871 693 1878 ·
703 1863 771 1890 ἀλλὰ
780 1863 890 1890 τοιαῦτα

94 1905 245 1938 παίζοντας
270 1907 368 1938 αὐτοὺς
394 1907 501 1939 παίζειν
525 1907 639 1939 δίκαιον,
663 1907 706 1934 ἵνα
731 1906 782 1934 κᾶν
796 1908 828 1933 ἐκ
842 1907 891 1942 τῆς

92 1952 225 1987 τοιαύτης
234 1952 348 1984 ἀτοπίας
359 1953 407 1979 καὶ
414 1952 531 1984 ἀσεῦοὒς
542 1953 704 1987 ἐρωτήσεως
714 1951 891 1979 αἰσθάνεσθαι

92 1997 146 2032 τῆς
163 1997 230 2028 ιδίας
249 1998 405 2033 ἀφροσύνης
421 1998 564 2025 δύνωνται.
585 1998 642 2024 Οὐκ
654 1997 712 2024 ἐστι
728 1997 782 2033 γὰρ
793 1997 890 2024 ταῦτα·

97 2042 138 2078 μὴ
152 2042 273 2076 γένοιτοῑ
294 2040 347 2070 οὐδ’
372 2043 460 2075 οὕτως
484 2044 589 2078 ἐρωτᾷν
615 2043 680 2079 περὶ
700 2043 751 2078 τῆς
765 2043 891 2078 θεότητος

93 2089 206 2124 πρέπει.
221 2089 277 2116 Οὐκ
292 2089 350 2115 ἐστι
362 2089 417 2125 γὰρ
435 2089 473 2120 ὡς
496 2089 639 2124 ἄνθρωπος
660 2090 674 2116 ὸ
694 2089 771 2121 Θεὸς,
790 2089 834 2115 ἵνα
843 2088 890 2115 καὶ

94 2134 257 2170 ἀνθρώπινα
269 2135 333 2170 περὶ
348 2134 431 2161 αὑτοῦ
443 2143 485 2166 τις
498 2134 621 2171 τολμήσῃ
635 2134 750 2170 ἐρωτᾷν.

204 2266 314 2301 Σιωπᾷν
336 2266 385 2301 μὲν
402 2263 463 2298 οὖν,
487 2265 524 2297 ὡς
542 2266 687 2301 προεῖπον,
705 2265 752 2291 ἐπὶ
772 2264 888 2298 τούτοις,

93 2311 146 2339 καὶ
164 2312 202 2347 μὴ
224 2312 428 2347 προσποιεῖσθαι
449 2312 512 2343 τοὺς
532 2312 672 2344 τοιούτους
695 2312 748 2338 ἔδει
761 2320 767 2326 ·
795 2312 839 2338 ἵνα
860 2311 890 2338 δὲ

97 2359 138 2393 μὴ
161 2358 178 2391 ὴ
203 2357 280 2393 ἡμῶν
307 2359 396 2394 σιωπὴ
423 2359 559 2394 πρόφασιν
584 2359 774 2393 ἀναισχυντίας
798 2359 890 2390 αὐτοῖς

95 2404 249 2439 ἐμποιήσῃ,
274 2404 447 2430 ἀκουέτωσαν
461 2412 468 2419 ·
487 2404 592 2439 Ὥσπερ
616 2404 666 2430 οὐκ
685 2403 758 2430 ἔστιν
775 2403 822 2430 ἐπὶ
842 2403 889 2429 τοῦ

96 2448 207 2483 Πατρὸς
226 2449 313 2475 εἰπεῖν
330 2449 457 2484 πατέρα,
485 2448 572 2481 οὕτως
599 2449 649 2475 οὐκ
673 2449 745 2476 ἔστιν
771 2449 818 2475 ἐπὶ
841 2448 888 2476 τοῦ

95 2493 166 2520 Υἱοῦ
183 2494 270 2520 εἰπεῖν
293 2494 417 2529 ἀδελφόν.
436 2494 490 2520 Τοῦ
517 2495 567 2529 μὲν
581 2495 635 2531 γὰρ
651 2495 768 2531 Πατρὸς,
784 2495 822 2526 ὠς
842 2495 889 2529 γέ-

94 2547 221 2574 γραπται
240 2539 405 2575 ἔμπροσθεν,
418 2540 497 2572 ἄλλος
512 2541 578 2572 Θεὸς
596 2541 627 2567 οὑ
642 2540 752 2575 γέγονεν
765 2549 772 2556 °
783 2541 846 2572 Υἱὸς
861 2540 889 2567 δὲ

96 2585 149 2610 οὐκ
170 2583 243 2610 ἐστιν
262 2585 340 2617 ἄλλος
355 2595 361 2601 ·
381 2586 529 2621 μονογενὴς
545 2586 599 2621 γὰρ
614 2586 688 2612 ἐστι·
711 2586 751 2612 διὸ
768 2586 815 2612 καὶ
839 2585 888 2621 μό-

96 2639 144 2662 νος
158 2632 206 2658 καὶ
219 2629 258 2664 εἷς
272 2633 286 2658 ὁ
305 2631 400 2667 Πατὴρ
427 2651 435 2663 ,
511 2632 592 2666 μόνου
613 2632 659 2658 καὶ
674 2632 733 2664 ἐνὸς
747 2631 812 2658 Υἱοῦ
832 2632 889 2658 Πα-

94 2677 151 2712 τήρ
163 2678 220 2703 ἐστι
234 2685 240 2692 ·
256 2677 303 2704 καὶ
319 2678 366 2703 ἐπὶ
386 2678 469 2713 μόνης
482 2677 532 2712 τῆς
547 2677 673 2713 θεότητος
688 2678 718 2704 τὸ
733 2678 828 2713 Πατὴρ
841 2677 888 2705 καὶ

94 2723 128 2750 τὸ
145 2723 208 2753 Υἱὸς
221 2722 336 2757 ἕστηκεν
348 2722 392 2749 ἀεὶ
405 2722 452 2749 καὶ
471 2722 538 2749 ἐστι.
563 2723 623 2750 Τῶν
646 2723 694 2759 μὲν
709 2723 762 2759 γὰρ
783 2723 887 2759 ἀνθρώ-

92 2777 154 2795 πων
170 2769 195 2795 εἰ
210 2769 301 2804 πατὴρ
315 2768 424 2802 λέγεται
440 2778 492 2801 τις,
513 2768 571 2795 ἀλλ’
586 2768 680 2804 ἐτέρου
694 2769 804 2804 γέγονεν
818 2770 883 2801 υἱός·

137 2861 145 2876 ³
165 2859 216 2887 Tit.
231 2866 271 2891 nt,
302 2859 343 2887 l0.

1034 449 1126 485 itaque
1147 450 1170 477 is
1185 450 1250 477 mihi
1271 450 1376 477 videtur
1390 454 1455 478 esse‘
1466 458 1564 478 sensus
1579 450 1724 485 Scriptura:

939 503 1035 526 sacrae,
1053 504 1106 530 quo
1121 497 1199 531 plane
1214 497 1322 524 illorum
1336 497 1467 525 adversus
1480 497 1611 532 Spiritum
1628 497 1724 532 impie-

940 547 981 568 tas
999 542 1162 569 ralidissime
1178 543 1321 570 refutatur.
1336 542 1436 570 Verum
1456 543 1536 570 iidem
1559 543 1597 570 illi
1618 543 1722 570 veritati

939 588 1077 615 adversari
1091 593 1217 623 pergunt,
1227 593 1253 615 ut
1270 589 1378 621 scribis,
1389 596 1441 616 non
1450 589 1505 623 jam
1517 597 1551 616 ex
1564 588 1721 623 Scriptttris.

938 635 1036 668 quippe
1051 635 1097 669 qui
1114 635 1180 661 nihil
1196 635 1231 661 ibi
1246 635 1395 665 inveniant.
1410 635 1455 662 sed
1469 643 1502 662 ex
1516 635 1616 670 proprii
1633 635 1723 662 cordis

939 681 1118 708 redundantia
1137 682 1193 708 lucc
1216 689 1313 708 rursus
1336 685 1482 708 eructant:
1501 681 1529 707 Si
1546 681 1663 715 Spiritus
1679 688 1722 707 res

938 731 1028 753 creata
1045 734 1097 753 non
1113 731 1163 758 est,
1187 734 1275 761 neque
1291 734 1361 753 unus
1377 734 1410 754 ex
1426 726 1539 761 angelis,
1558 726 1604 753 sed
1621 734 1654 753 ex
1669 725 1720 752 Pa-

940 776 979 798 tre
1002 773 1143 806 procedit:
1161 773 1243 807 igitur
1266 771 1351 799 Filius
1376 780 1482 806 quoque
1508 772 1566 806 ipse
1589 771 1720 798 dicendus

586 817 633 843 καὶ
646 815 692 842 δύο
706 816 814 851 ἀδελφοί
827 818 895 846 εἰσιν
906 815 983 850 Βνδιν
1002 811 1167 845 ιιτυίιιαειιυο
1193 811 1247 838 duo
1265 816 1329 838 sum

976 830 983 841 ,
1002 811 1167 845 proindequc
1193 811 1247 838 duo
1265 816 1329 838 sunt
1351 812 1459 844 fratres,
1487 812 1545 846 ipse
1565 814 1670 842 sciliCet
1694 821 1720 842 et

935 853 1060 883 Verbum.
1088 856 1164 889 Quod
1192 856 1214 884 si
1234 856 1316 884 frater
1335 862 1402 890 est,
1422 859 1467 891 qui
1496 857 1552 885 fieri
1580 864 1668 893 potest
1694 867 1723 888 ut

932 901 1100 937 unigenitum
1126 902 1161 930 sit
1178 902 1308 933 Verbum,
1327 904 1367 930 vel
1387 908 1416 930 ut
1440 904 1558 939 xequales
1581 913 1635 932 non
1656 907 1721 939 sint,

933 947 979 974 sed
997 947 1040 974 hic
1057 953 1117 981 post
1133 947 1252 981 Patrem,
1275 948 1320 975 ille
1345 954 1405 983 post
1429 949 1528 976 Filium
1550 951 1723 979 nominetur?

934 992 962 1018 Si
978 991 1042 1018 ilem
1057 1000 1090 1018 ex
1109 992 1186 1020 Patre
1201 997 1253 1024 est,
1269 1001 1318 1020 cur
1340 1002 1393 1020 non
1417 999 1444 1022 et
1461 995 1519 1029 ipse
1543 996 1660 1030 genitus,
1676 1002 1723 1024 aut

932 1036 1018 1064 Filius
1032 1045 1103 1070 esse,
1118 1038 1164 1064 sed
1177 1039 1336 1074 simpliciter
1348 1038 1466 1074 Spiritus
1482 1045 1594 1068 sanctus
1607 1042 1723 1070 dicitur?

934 1082 1064 1118 Denique,
1081 1084 1102 1111 si
1119 1083 1178 1110 Filii
1195 1085 1302 1112 dicatur
1316 1093 1376 1112 esse
1399 1084 1518 1120 Spiritus
1535 1095 1541 1112 ε
1560 1086 1640 1114 Pater
1657 1097 1731 1123 ergo'

931 1135 999 1155 avus
1015 1134 1056 1156 est
1077 1129 1194 1164 Spiritus
1214 1131 1310 1157 sancti.
1337 1130 1399 1158 [huc
1425 1132 1573 1166 turpissimi
1598 1133 1722 1160 homines

932 1174 1084 1202 cavillando
1106 1175 1254 1208 elfutiunt,
1282 1176 1329 1211 qui
1354 1177 1492 1204 curiosius
1517 1178 1651 1212 profunda
1676 1179 1721 1206 Dei
1769 1170 1773 1174 l

932 1219 1049 1246 scrutari
1074 1225 1218 1253 conantur,
1243 1229 1303 1255 qua:
1327 1229 1405 1248 nemo
1430 1223 1505 1249 norit
1530 1223 1582 1250 nisi
1604 1223 1722 1258 Spiritus

932 1264 990 1296 Dei,
1007 1265 1041 1292 de
1056 1273 1110 1300 quo
1132 1266 1169 1292 illi
1197 1271 1251 1293 tam
1271 1267 1352 1302 impie
1378 1268 1509 1301 sentiunt,
1532 1269 1633 1303 quibus
1654 1269 1721 1296 nihil

931 1310 1048 1344 amplius
1068 1311 1232 1345 respondere
1249 1319 1357 1346 aequum
1375 1320 1442 1340 sane
1457 1319 1546 1346 esset;
1562 1314 1608 1341 sed
1624 1321 1722 1342 secun-

931 1355 995 1381 dum
1012 1356 1133 1390 Apostoli
1149 1361 1312 1392 przeceptum
1339 1360 1362 1391 ί,
1379 1363 1440 1392 post
1455 1359 1609 1393 praedictam
1627 1361 1721 1387 admo-

932 1401 1074 1435 nitionem,
1085 1407 1214 1437 tanquam
1227 1403 1346 1431 lucretici
1363 1404 1464 1431 ritandi
1480 1411 1584 1432 essent:
1596 1406 1636 1432 vel
1649 1411 1722 1434 certe

933 1451 962 1473 ut
977 1455 1027 1475 nos
1045 1448 1223 1484 interrogant,
1243 1449 1282 1476 sic
1295 1457 1343 1477 eos
1357 1458 1370 1477 a
1389 1450 1468 1477 nobis
1482 1450 1643 1486 interrogari
1659 1460 1723 1486 ope-

742 1504 817 1531 αὺτοὶ
827 1499 919 1540 παρις
932 1499 968 1518 rre
983 1493 1098 1527 pretium
1122 1493 1213 1526 fuerit,
1230 1495 1356 1530 idemque
1373 1503 1424 1522 nos
1439 1496 1472 1522 ab
1489 1496 1542 1523 illis
1558 1504 1718 1531 responsum

931 1539 1086 1573 clllagitare,
1103 1541 1175 1575 quod
1202 1541 1241 1568 illi
1262 1549 1277 1568 a
1298 1542 1378 1569 nobis
1393 1543 1513 1577 exigunt.
1529 1541 1720 1577 licspondeaut

931 1583 1022 1618 igitur,
1038 1588 1129 1612 utrum
1147 1585 1227 1613 Pater
1244 1593 1278 1613 ex
1300 1593 1377 1621 patre
1393 1587 1437 1616 sit.
1451 1591 1479 1613 et
1492 1587 1642 1615 nunralius
1656 1595 1718 1615 eum

932 1630 978 1656 illo
1089 1631 1197 1665 genitus
1220 1631 1310 1664 fuerit,
1326 1632 1434 1666 sintque
1461 1639 1494 1659 ex
1521 1640 1576 1659 uno
1601 1632 1718 1666 fratres,

930 1676 1065 1711 qualeque
1081 1685 1180 1704 nomen
1198 1677 1252 1705 illis
1271 1679 1325 1705 sit?
1341 1677 1408 1710 Quis
1424 1678 1486 1704 item
1499 1685 1592 1705 eorum
1607 1683 1721 1713 pateret

930 1729 1008 1754 avus,
1025 1722 1070 1757 qui
1086 1723 1199 1757 proavi?
1216 1723 1298 1758 Atqui
1321 1724 1411 1751 nullos
1430 1732 1491 1752 esse
1505 1725 1718 1759 respondebunt.

930 1765 1020 1797 Quare
1033 1773 1096 1801 ergo
1109 1765 1188 1794 Pater
1203 1767 1238 1794 ab
1254 1768 1306 1795 illis
1321 1768 1430 1801 dicitur,
1443 1769 1489 1803 qui
1509 1769 1579 1796 idem
1592 1777 1625 1795 ex
1638 1768 1719 1796 Patre

931 1818 985 1837 non
1009 1811 1045 1838 sit
1068 1813 1163 1839 ortus?
1177 1812 1225 1839 Vel
1244 1814 1290 1848 qui
1308 1813 1406 1840 Filium
1429 1814 1530 1842 habere
1552 1815 1650 1850 potuit,
1673 1815 1720 1850 qui

932 1857 989 1891 ipse
1016 1857 1091 1893 prius
1115 1857 1201 1886 Filius
1217 1867 1273 1887 non
1292 1859 1343 1887 fuit
1365 1860 1487 1895 genitus?
1503 1860 1633 1895 Equidem
1665 1869 1720 1888 non

931 1908 974 1928 me
996 1901 1065 1936 fugit
1080 1902 1130 1930 ista
1150 1903 1289 1938 inquirere
1310 1903 1388 1931 nefas
1402 1904 1515 1931 omnino
1529 1911 1598 1930 esse.
1618 1903 1719 1930 Verum

931 1946 1004 1974 haud
1017 1947 1052 1975 ab
1066 1955 1096 1974 re
1109 1947 1195 1975 fuerit
1213 1948 1250 1975 ita
1266 1949 1444 1976 illudentihus
1461 1949 1580 1976 vicissim
1596 1949 1718 1980 illudere,

930 1995 961 2018 ut
984 1991 1081 2018 saltem
1100 1999 1133 2018 ex
1159 1992 1315 2027 huiusmodi
1331 1993 1448 2021 absurda
1466 1999 1493 2020 ct
1506 1994 1588 2028 impia
1606 1994 1721 2021 interro-

930 2036 1040 2070 gatione
1065 2037 1204 2071 propriam
1227 2038 1413 2072 insipientiam
1439 2039 1578 2073 percipere
1602 2039 1718 2065 valeant.

930 2081 985 2110 Nec
1000 2082 1072 2109 enim
1087 2082 1132 2109 illa
1152 2083 1209 2110 ullo
1225 2083 1305 2110 modo
1330 2088 1394 2111 sunt
1413 2093 1421 2111 :
1447 2084 1518 2111 absit
1534 2084 1540 2109 !
1561 2091 1648 2118 neque
1663 2083 1721 2110 haec

930 2129 964 2156 de
990 2128 1131 2156 divinitate
1157 2129 1292 2160 sciscitari
1317 2130 1403 2157 decet.
1432 2128 1571 2164 Siquidem
1594 2136 1649 2156 non
1678 2134 1721 2156 est

900 2174 921 2201 ι)
932 2174 1000 2202 Deus
1014 2174 1112 2202 similis
1125 2174 1280 2210 hominum,
1296 2181 1326 2204 ut
1345 2176 1397 2204 ista
1413 2177 1534 2204 humana
1548 2176 1582 2203 de
1599 2176 1645 2203 illo
1658 2183 1722 2210 per-

929 2220 1034 2248 contari
1046 2221 1108 2255 quis
1124 2222 1233 2249 audeat.

1031 2266 1137 2300 itaque,
1154 2271 1183 2293 ut
1196 2266 1251 2301 jam
1268 2267 1371 2300 monui,
1389 2267 1528 2295 silentium
1550 2267 1577 2294 in
1590 2267 1634 2294 itis
1647 2274 1722 2302 qua!-

931 2311 1065 2341 stionibus
1089 2319 1209 2346 servare,
1232 2317 1259 2340 et
1287 2312 1445 2347 hujusmodi
1465 2313 1573 2341 illorum
1600 2313 1722 2348 argutias

931 2357 1104 2385 dissimulare
1117 2357 1204 2385 satius
1214 2363 1287 2386 certe
1305 2359 1397 2386 fuerit.
1415 2358 1610 2386 Verumtamen
1625 2366 1659 2385 ne
1674 2366 1722 2386 no-

932 2407 1019 2430 strum
1036 2403 1174 2430 silentium
1191 2403 1303 2438 majoris
1326 2404 1394 2439 ipsis
1418 2404 1463 2431 ﬁat
1486 2404 1661 2439 impudentiae
1677 2411 1724 2432 oc-

932 2447 1028 2481 casio,
1056 2447 1113 2474 ha:c
1138 2447 1191 2476 illis
1214 2456 1346 2483 reponere
1369 2457 1425 2477 non
1450 2451 1595 2484 gravabor.
1620 2449 1724 2484 Nempe

933 2493 1163 2528 quemadmodum
1182 2494 1273 2522 Patris
1296 2500 1400 2529 patrem
1431 2496 1523 2523 dicere
1544 2504 1598 2523 non
1627 2504 1726 2531 possu-

933 2547 1005 2571 mus,
1021 2539 1055 2566 ita
1070 2546 1121 2566 nec
1134 2539 1193 2567 Filii
1211 2540 1333 2568 fratrem.
1348 2540 1471 2576 Namque
1487 2542 1586 2574 Patris,
1605 2547 1634 2569 ut
1646 2547 1726 2569 antea

933 2585 1035 2613 dictum
1050 2587 1102 2615 est,
1123 2584 1193 2612 alius
1215 2586 1286 2614 Deus
1301 2586 1392 2614 nullus
1410 2587 1461 2614 fuit
1475 2595 1481 2613 :
1495 2595 1546 2614 nec
1562 2587 1634 2614 ullus
1647 2587 1730 2614 simi-A

933 2631 996 2659 liter
1013 2631 1084 2659 alius
1106 2636 1149 2659 est
1171 2632 1262 2658 ﬁlius:
1276 2633 1433 2668 unigenitus
1455 2632 1527 2659 enim
1543 2637 1595 2660 est.
1609 2631 1726 2660 Proinde

933 2682 960 2705 et
977 2678 1052 2707 solus
1067 2684 1094 2706 et
1107 2686 1179 2706 unus
1193 2677 1283 2711 Pater,
1298 2679 1383 2706 solius
1401 2683 1428 2705 et
1445 2678 1527 2705 unius
1544 2677 1605 2705 Filii
1622 2682 1664 2705 est
1674 2677 1727 2705 Pa-

933 2727 985 2755 ter,
1002 2728 1083 2758 atque
1097 2724 1165 2750 adeo
1184 2723 1212 2750 in
1232 2723 1290 2751 sola
1302 2723 1444 2751 divinitate
1457 2729 1563 2756 semper
1585 2726 1613 2750 et
1633 2727 1675 2750 est
1697 2728 1725 2750 et

935 2769 985 2796 fuit
998 2768 1078 2797 Pater
1098 2778 1130 2798 ac
1151 2769 1248 2797 Filius.
1276 2769 1343 2796 Nam
1365 2768 1471 2797 tametsi
1496 2769 1566 2796 inter
1595 2768 1722 2796 homines
