1891 3076
175 123 226 154 707

175 228 294 257 Tametsi
312 229 439 257 similiter
453 230 525 256 ﬁlius
538 229 599 264 quis
613 229 722 259 dicitur,
739 234 830 256 tamen
843 228 914 255 idem
927 229 967 255 al-

175 274 260 301 terius
283 278 326 301 est
347 279 434 309 pater.
450 273 529 302 Unde
551 281 604 300 non
627 275 738 308 proprie
760 274 786 300 in
809 273 965 301 hominibus

174 319 261 352 patris
276 323 303 346 et
317 319 364 346 ﬁlii
379 326 478 346 nomen
493 324 628 346 servatur.
644 318 690 346 Sic
702 319 842 345 Abraham
855 319 901 353 qui
916 318 966 346 fuit

175 365 248 391 ﬁlius
263 364 370 397 Tharte,
387 365 457 391 idem
474 363 525 392 fuit
541 369 618 400 pater
635 364 719 392 Isaac.
743 364 876 391 Similiter
891 363 967 392 Isaac

175 411 221 444 qui
236 410 308 437 ﬁlius
324 414 383 437 erat
398 410 525 442 Abrahx,
543 411 594 437 fuit
616 415 692 445 pater
706 410 800 442 Jacob,
817 417 904 445 eaque
925 415 967 437 est

177 457 303 482 humante
324 460 429 483 natura:
450 457 582 483 conditio.
599 456 667 484 Nam
691 457 742 484 sibi
765 458 880 484 invicem
904 462 967 484 sunt.

177 506 278 535 partes,
297 504 324 528 et
348 502 473 536 quisquis
496 502 627 537 gignitur,
647 503 733 538 patris
749 507 853 539 partem
874 503 966 537 habet,

175 552 206 575 ut
218 552 245 575 et
260 548 317 583 ipse
329 548 442 576 alterius
456 549 503 575 ﬁat
515 553 602 583 pater.
618 549 650 576 At
665 557 720 577 non
735 550 772 577 ita
787 558 816 578 se
830 558 873 577 res
887 550 969 578 habet

176 593 203 619 in
227 593 378 620 divinitate.
399 593 456 621 Nec
471 594 544 621 enim
561 594 701 621 hominum
716 595 813 622 similis
827 599 869 623 est
885 595 967 627 Deus,

176 646 227 666 nec
238 639 353 666 divisam
367 639 449 667 habet
472 644 609 669 naturam.
623 639 795 676 Quapropter
815 649 904 676 neque
924 641 968 668 sui

175 683 314 712 divisione
334 684 420 712 ﬁlium
443 689 565 720 generat,
587 690 617 712 ut
634 689 662 712 et
678 686 736 721 ipse
757 686 871 713 alterius
893 691 969 721 pater

175 730 232 763 ﬁat,
246 738 308 758 cum
323 739 411 766 neque
424 731 482 766 ipse
498 732 533 759 sit
547 739 580 759 ex
595 737 683 767 patre,
702 739 791 767 neque
807 732 892 760 Filius
905 740 969 768 pars

175 777 212 804 sit
230 776 329 804 Patris.
344 776 437 812 Itaque
450 777 536 805 Filius
548 786 603 807 non
620 783 742 813 generat,
761 782 792 805 ut
814 779 874 813 ipse
891 779 969 814 geni-

177 827 220 849 tus
236 827 288 853 est.
307 823 354 849 sed
372 828 446 851 totus
459 828 500 851 est
518 824 602 851 totius
618 825 708 859 imago
719 828 747 852 et
761 824 909 859 splendor:
928 829 970 851 at-

173 875 227 902 que
245 868 271 894 in
289 869 347 896 sola
371 869 517 897 divinitate
539 869 622 897 Pater
644 870 755 906 proprie
774 876 816 898 est
837 869 927 903 Pater,
943 874 971 898 et

176 913 262 942 Filius
286 916 395 950 proprie
418 921 460 943 est
480 915 567 943 Filius
588 926 594 943 :
614 917 659 952 qui
686 916 767 944 Pater
790 924 897 951 semper
920 916 970 944 fuit

176 960 266 992 Pater,
281 965 308 988 et
322 961 408 989 Filius
423 962 526 996 pariter
541 970 649 998 semper
661 963 711 990 fuit
724 962 820 990 Filius.
836 963 970 996 Quemad-

175 1008 285 1034 modum
304 1008 368 1034 item
384 1015 525 1043 nunquam
544 1008 623 1036 Pater
639 1009 749 1036 futurus
764 1014 807 1036 est
819 1009 912 1039 Filius.
930 1009 970 1037 sic

176 1060 315 1088 nunquam
331 1052 417 1081 Filius
435 1053 544 1082 iuturus
558 1059 600 1082 est
615 1054 706 1082 Pater.
725 1054 758 1082 Et
775 1060 807 1082 ut
829 1063 969 1090 nunquam

175 1099 256 1126 Pater
269 1100 375 1127 desinet
392 1100 468 1128 solus
485 1108 547 1128 esse
562 1100 643 1128 Pater
657 1111 663 1128 :
679 1102 715 1128 ita
731 1100 817 1129 Filius
831 1109 969 1137 nunquam

174 1145 282 1172 desinet
299 1152 359 1172 esse
382 1145 458 1173 solus
481 1145 577 1173 Filius.
599 1145 685 1174 Nemo
709 1147 791 1182 igitur
809 1146 860 1174 nisi
880 1152 970 1174 mente

175 1194 271 1225 captus
292 1191 391 1218 dixerit
402 1191 446 1218 vel
461 1191 625 1226 cogitaverit
641 1191 752 1220 fratrem
773 1200 833 1224 esse
847 1192 929 1225 Filio,
943 1197 971 1220 et

175 1243 273 1262 nomen
289 1236 331 1262 avi
352 1235 425 1263 Patri
443 1238 601 1265 conveuire.
620 1237 690 1266 Hinc
705 1239 778 1266 enim
793 1247 927 1274 nusquam
942 1239 968 1266 in

176 1280 326 1315 Scripturis
342 1282 427 1309 sacris
444 1281 564 1316 Spiritus
589 1282 661 1311 ﬁlius
687 1284 777 1311 dictus
796 1288 849 1314 est,
866 1292 900 1312 ne
916 1284 968 1311 l'ra-

175 1329 216 1352 ter
230 1333 291 1353 esse
310 1326 514 1354 existimaretur
535 1336 542 1355 :
568 1328 606 1354 uti
625 1335 675 1356 nec
689 1328 762 1357 ﬁlius
779 1328 852 1361 Filii,
869 1337 902 1356 ue
916 1329 970 1357 l’a-

174 1375 215 1398 ter
229 1378 297 1399 avus
312 1372 478 1400 crederetur.
498 1371 551 1401 Sed
574 1373 673 1407 Filius.
701 1373 792 1402 Patris
811 1379 855 1402 est
879 1375 969 1408 ﬁlius;

426 1470 470 1498 Ex
484 1472 574 1499 eadem
592 1471 716 1507 epistola.

218 1538 291 1568 Fons
313 1544 340 1567 et
368 1540 414 1567 lux
442 1541 543 1568 dicitur
571 1540 661 1568 Pater.
690 1539 732 1567 Me
760 1541 843 1570 enim.
866 1537 965 1571 inquit,

182 1585 344 1620 reliquerunt
354 1586 453 1620 fontem
464 1595 538 1620 aqum
545 1586 609 1614 vim
617 1586 637 1613 ⁸.
647 1586 680 1613 Ει
688 1594 798 1614 rursum
809 1585 837 1612 iu
846 1584 966 1615 Bartsch,

183 1631 254 1663 Quid
272 1636 323 1664 est,
341 1632 439 1666 inquit,
461 1631 558 1665 Israel,
573 1634 642 1668 quod
660 1634 687 1660 in
705 1638 778 1660 terra
797 1632 966 1659 inimicorum

182 1675 232 1701 es?
248 1674 390 1709 Retiquisti
407 1676 505 1710 fontem
529 1677 676 1711 sapientia.
692 1676 724 1704 Et
739 1676 869 1709 Joannes,
886 1675 967 1706 Deus,

182 1718 284 1753 inquit,
304 1724 393 1746 noster
408 1720 454 1747 tua:
462 1725 501 1747 est
514 1722 534 1747 '.
547 1721 600 1748 Sed
616 1720 703 1748 Filius
720 1721 812 1751 etiam.
828 1728 885 1755 quo
899 1719 966 1747 fmui

182 1764 356 1798 respondeat,
386 1764 484 1794 ﬂuvius
510 1766 621 1795 dicitur.
654 1766 774 1799 Flavius,
800 1766 899 1801 inquit,
919 1765 968 1793 Dei

183 1809 298 1846 repletus
312 1815 350 1838 est
360 1812 436 1847 aquis
447 1813 467 1840 ³.
480 1812 611 1846 Splendor
621 1818 723 1841 autem.
739 1821 793 1848 quo
805 1814 966 1848 respondeat

183 1855 248 1881 luci.
263 1855 315 1888 Qui
330 1864 389 1883 cum
403 1857 449 1890 sit,
475 1857 566 1892 inquit
586 1857 698 1890 Paulus.
715 1858 840 1892 splendor
858 1858 963 1893 glorias,

180 1904 206 1925 et
219 1899 305 1933 ﬁgura
316 1901 471 1928 substantiae
481 1902 538 1935 ejus
546 1902 568 1929 ⁸.
581 1902 650 1929 Cum
667 1903 748 1938 igitur
762 1903 840 1930 Pater
855 1902 892 1930 sit
908 1902 964 1934 lux,

182 1943 270 1971 Filius
290 1950 380 1972 autem
406 1947 535 1981 splendor
551 1948 636 1982 ipsius
654 1948 759 1982 (eadem
781 1948 854 1975 enim
872 1947 906 1975 de
922 1948 966 1974 his

184 1990 285 2022 smpius
302 1990 394 2018 dicere
419 1999 472 2018 non
488 1994 656 2026 gravantur).
674 1994 736 2020 licet
751 1993 831 2020 etiam
848 1993 874 2020 in
897 1993 965 2020 Filio

138 2043 140 2045 ί
183 2034 276 2062 videre
294 2034 437 2069 Spiritum.
463 2037 489 2064 in
513 2046 567 2072 quo
584 2039 779 2066 illumiuamur.
799 2037 831 2065 Ut
852 2038 905 2070 det,
923 2039 965 2065 in-

182 2079 254 2112 quit.
268 2081 338 2107 vobis
363 2081 491 2115 Spiritum
521 2084 668 2118 sapientia,
696 2091 721 2111 et
751 2085 920 2112 reuelationis
936 2085 963 2111 in

180 2125 328 2159 cognitione
343 2126 426 2160 ipsius
454 2128 619 2156 illuminatos
637 2130 727 2157 oculos
742 2131 828 2158 cordis
842 2130 863 2157 '.
879 2131 964 2158 Porro

782 116 974 146 EU'l‘llYMlI
994 114 1079 145 ZIGA
1086 115 1176 147 BEVI

174 189 249 218 pater
262 183 362 219 aliquis
376 182 486 215 dicitur,
503 188 592 211 tamen
605 183 674 210 idem
687 182 798 209 alterius
815 182 886 209 ﬁlius
902 182 963 210 fuit.

1051 181 1063 206 l
1089 181 1113 207 εἰ
1135 181 1192 214 υῐὺς
1215 181 1340 216 λέγεται,
1363 170 1530 219 ἀλλ”ἑτέρου
1555 181 1652 216 γέγονε

1763 115 1814 146 ’ἴΊῖ

1759 191 1813 208 1m.

1015 228 1087 263 τήρ·
1109 226 1179 254 ὥστε
1201 228 1244 254 ἐπ’
1265 227 1417 263 ἀνθρώπων
1441 227 1478 262 μὴ
1500 227 1635 259 σώζεσθαι
1659 227 1767 262 κυρίως
1782 227 1813 254 τὸ

1016 273 1119 308 πατρὸς
1144 273 1192 300 καὶ
1218 273 1277 300 υἱοῦ
1299 272 1393 308 ὄνομα.
1424 273 1549 308 ’Δῧραὰμ
1571 273 1660 307 γοῦν,
1692 273 1751 304 υἱὸς
1776 273 1813 299 ὢν

1015 318 1062 345 τοῦ
1079 319 1198 355 Θάρῥου,
1217 319 1309 354 πατὴρ
1325 318 1420 353 γέγονε
1436 318 1483 345 τοῦ
1505 319 1607 345 Ίσαὰκ’
1633 318 1681 344 ml
1707 319 1812 350 Ἰσαὰκ,

1016 364 1074 396 υἱός
1096 363 1135 390 ὣν
1155 365 1202 391 τοῦ
1224 365 1364 401 Ἀϐραὰμ,
1389 364 1480 400 πατὴρ
1503 364 1598 398 γέγονε
1619 364 1667 390 τοῦ
1690 364 1811 390 Ἰακώϐ·

1017 410 1064 437 καὶ
1077 410 1173 437 τοῦτον
1188 410 1233 437 τὸν
1250 411 1351 446 τρόπον
1364 411 1381 446 ἡ
1399 410 1481 445 φύσις
1497 411 1550 437 τῶν
1567 409 1722 444 ἀνθρώπων
1735 409 1793 444 ἔχει
1804 418 1810 424 ·

1021 456 1091 491 μέρη
1109 455 1164 492 γάρ
1186 457 1255 483 εἰσιν
1277 455 1416 492 ἀλλήλων·
1439 456 1487 482 καὶ
1506 456 1619 487 ἕκαστος
1640 455 1812 490 γεννώμενος

1020 501 1136 536 ἔχειτοῦ
1159 502 1261 536 πατρὸς
1279 502 1371 537 μέρος,
1391 502 1434 528 ἵνα
1451 501 1498 527 καὶ
1513 501 1594 532 αὐτὸς
1615 501 1713 535 ἐτέρου
1730 501 1811 535 γένη-

1017 556 1061 574 ται
1080 547 1182 583 πατήρ.
1206 548 1268 574 Ἐπὶ
1281 547 1310 574 δὲ
1328 548 1378 583 τῆς
1398 547 1523 583 Θεότητος
1545 547 1594 573 οὐκ
1615 546 1691 573 ἔστιν
1714 546 1810 578 οὕτως.

1020 593 1057 620 Οὐ
1072 593 1128 629 γὰρ
1142 593 1181 625 ὡς
1197 592 1340 628 ἄνθρωπος
1355 594 1369 620 ό
1385 593 1461 624 Θεὸς,
1475 592 1536 619 οὐδὲ
1553 592 1739 628 μεριζομένην
1757 592 1811 627 ἔχει

1018 640 1119 674 φύσινο
1137 640 1178 666 διὸ
1234 646 1237 650 ’
1275 640 1335 666 οὐδὲ
1357 641 1440 675 γεννᾷ
1455 639 1522 666 Υἰδν
1545 638 1746 674 μεριζόμενος,
1772 639 1812 665 ἵνα.

1019 686 1066 712 καὶ
1086 685 1168 717 αὐτὸς
1185 685 1297 721 γένηται
1319 685 1415 721 Πατὴρ
1437 685 1543 721 ἐτέρου,
1560 684 1622 711 ἐπεὶ
1647 684 1712 720 μηδ’
1733 685 1812 716 αὑτός

1019 731 1093 757 ἔστιν
1109 730 1141 757 ὲκ
1160 731 1266 767 Πατρός
1277 739 1284 746 ·
1301 730 1362 757 οὗτε
1379 732 1393 757 ὁ
1407 731 1471 762 Υἱὸς
1482 731 1511 757 δὲ
1529 730 1611 766 μέρος
1625 731 1687 756 ἐπὶ
1697 730 1747 756 τοῦ
1760 731 1814 757 Πα-

1019 776 1099 812 τρός·
1116 776 1156 803 διδ
1172 777 1219 803 καὶ
1324 777 1385 804 οὐδὲ
1409 777 1490 812 γεννᾷ
1502 797 1510 808 ,
1534 776 1630 812 ὥσπερ
1650 776 1812 811 γεγέννηται

1020 823 1111 855 αὐτὸς,
1129 823 1197 851 ἀλλὰ
1209 823 1270 854 ὅλος
1287 823 1360 850 ἐστὶν
1374 822 1437 849 ὅλου
1453 822 1535 849 εἰκὼν
1549 822 1597 849 καὶ
1618 822 1794 857 ἀπαύγασμα
1804 830 1811 836 ·

1022 869 1068 896 καὶ
1083 870 1129 896 ὲπὶ
1144 869 1195 904 τῆς
1211 868 1337 904 θεότητος
1363 869 1447 904 μόνης
1475 869 1489 895 ὁ
1514 867 1609 903 Πατὴρ
1635 867 1742 902 κυρξως
1757 867 1813 893 ἐπὶ

1022 916 1118 951 Πατήρ
1131 924 1138 930 ·
1157 916 1203 942 καὶ
1217 916 1231 942 ὁ
1243 915 1317 947 Υἱὸς,
1332 914 1435 951 κυρίως
1446 914 1510 945 Υἱός
1525 914 1613 940 ἔστιν·
1631 913 1681 939 καὶ
1695 913 1744 939 ἐπὶ
1757 913 1815 938 τοὺ-

1022 969 1075 987 των
1100 960 1199 996 ἕστηκε
1220 960 1250 986 τὺ
1271 960 1366 994 Πατὴρ
1383 960 1427 986 ἀεὶ
1441 959 1546 994 Πατὴρ,
1562 959 1609 985 καὶ
1624 957 1657 984 τὸ
1755 957 1814 983 Υἱὸς

1022 1007 1065 1032 ἀεὶ
1080 1005 1155 1038 Υἱός.
1170 1006 1225 1033 Kal
1238 1005 1332 1041 ὥσπερ
1347 1006 1397 1032 οὐκ
1409 1004 1442 1032 ἂν
1457 1005 1500 1037 εἴη
1516 1005 1579 1031 ποτὲ
1597 1005 1611 1031 ὁ
1626 1003 1728 1040 Πατὴρ
1743 1004 1813 1035 Υἱὸς,

1023 1053 1110 1085 οὕτως
1125 1053 1174 1080 οὐκ
1190 1053 1223 1079 ἄν
1237 1061 1302 1079 ποτε
1313 1053 1418 1087 γένοιτο
1429 1052 1444 1078 ὁ
1455 1052 1520 1083 Υἱὸς
1532 1052 1637 1086 Πατήρ.
1655 1051 1714 1077 Καὶ
1725 1050 1813 1085 ὥσπερ

1023 1099 1053 1125 οὐ
1067 1098 1199 1126 παύσεται
1215 1107 1279 1125 ποτε
1301 1100 1314 1125 ὁ
1330 1098 1426 1134 Πατὴρ
1448 1097 1528 1133 μόνος
1548 1097 1585 1123 ὢν
1609 1097 1721 1132 Πατὴρ,
1733 1096 1813 1127 οὕτως

1022 1145 1052 1171 οὐ
1066 1144 1200 1171 παύσεται
1213 1153 1277 1171 ποτε
1287 1144 1301 1171 ὁ
1318 1144 1382 1176 Υἱὸς
1397 1144 1477 1179 μόνος
1491 1143 1530 1170 ὢν
1552 1143 1626 1175 Υἱός.
1645 1144 1744 1170 Μανία
1766 1144 1814 1178 ἄρα

1022 1191 1073 1218 κᾶν
1088 1191 1157 1223 ὅλως
1173 1191 1348 1227 ἐνθυμεῖσθαι
1365 1192 1411 1218 καὶ
1423 1191 1513 1225 λέγειν
1529 1191 1576 1218 ἐπὶ
1592 1191 1641 1226 μὲν
1656 1191 1727 1217 Υἱοῦ
1742 1191 1815 1217 daal-

1023 1237 1083 1272 φὺν,
1101 1238 1147 1264 ἐπὶ
1163 1238 1192 1264 δὲ
1208 1237 1314 1273 Πατρδς
1326 1238 1357 1264 τὸ
1368 1237 1481 1264 πάππου
1565 1236 1661 1271 ὄνομα.
1677 1237 1751 1263 Οὐδὲ
1765 1236 1815 1271 γὰρ

1021 1282 1169 1318 ὠνομάσθη
1184 1282 1214 1309 ὲν
1229 1283 1289 1314 ταῖς
1305 1283 1427 1318 Γραφαϊς
1449 1281 1506 1314 υἱὸς
1520 1281 1551 1309 τὸ
1570 1282 1696 1317 Πνεῦμα,
1718 1282 1764 1308 ἵνα
1782 1282 1815 1316 μὴ

1022 1328 1136 1363 ἀδελφὸς
1152 1329 1266 1365 νομισϐῇ
1283 1337 1289 1344 ·
1305 1329 1366 1356 οὐδὲ
1381 1328 1440 1360 υῑὺς
1454 1328 1502 1355 τοῦ
1522 1327 1599 1359 Υἱοῦ,
1616 1327 1661 1354 ἵνα
1680 1327 1720 1363 μὴ
1746 1328 1815 1354 πάπ-

1021 1382 1072 1407 πος
1088 1376 1173 1402 νοοῖτο
1262 1376 1276 1402 ὁ
1293 1375 1388 1411 Πατήρ
1399 1383 1406 1390 ’
1424 1374 1482 1401 ἀλλ’
1502 1375 1517 1401 ὁ
1542 1373 1618 1406 Υιδς,
1633 1373 1684 1400 τοῦ
1712 1373 1817 1407 Πατρδς

1205 1463 1256 1490 Ἐκ
1270 1462 1326 1496 τῆς
1339 1461 1434 1496 αὐτῆς
1446 1462 1620 1496 επιστολῆς.

1051 1530 1141 1567 Πηγὴ,
1159 1531 1209 1558 καὶ
1225 1530 1284 1565 φῶς
1298 1531 1408 1565 λέγεται
1421 1532 1435 1558 ὸ
1449 1531 1555 1566 Πατήρ.
1582 1531 1651 1565 Ἐμὲ
1666 1531 1738 1565 γὰρ,
1754 1540 1807 1565 φη-

1017 1577 1070 1610 σὶν,
1084 1577 1284 1612 ἐγκατέλιπον
1293 1577 1396 1612 πηγὴν
1409 1577 1521 1611 ὕδατος
1535 1576 1654 1610 ζῶντος.
1673 1578 1731 1603 Καὶ
1753 1579 1806 1604 πά-

1016 1623 1057 1650 λιν
1071 1624 1100 1650 ὲν
1115 1623 1155 1658 τῷ
1171 1623 1291 1658 Βαρούχ·
1314 1624 1344 1651 Τί
1360 1624 1445 1650 ἐστιν
1463 1623 1595 1657 Ἰσραὴλ,
1609 1622 1656 1649 ὅτι
1669 1622 1705 1649 ἐν
1716 1622 1756 1656 τῇ
1768 1622 1808 1656 τῇ

1016 1669 1075 1698 τῶν
1096 1670 1212 1705 ἐχθρῶν
1237 1671 1284 1704 si;
1307 1670 1515 1705 Ἐγκατέλιπες
1542 1669 1598 1703 τὴν
1620 1669 1725 1702 πηγὴν
1750 1668 1809 1702 τῆς

1016 1717 1138 1751 σοφίας.
1166 1717 1222 1744 Καὶ
1241 1717 1313 1745 κατὰ
1337 1717 1383 1744 τὸν
1406 1717 1545 1752 Ἰωάννην,
1568 1717 1600 1742 ὀ
1626 1716 1698 1748 Θεὸς
1720 1716 1809 1750 ἡμῶν

1015 1762 1078 1797 φῶς
1094 1764 1171 1791 ἐστι.
1187 1763 1305 1797 Λέγεται
1321 1763 1350 1790 δὲ
1365 1763 1413 1790 καὶ
1429 1763 1444 1790 ὀ
1457 1762 1531 1794 Υιδς,
1542 1763 1580 1794 ὥς
1597 1763 1646 1797 μὲν
1660 1762 1731 1797 πρὸς
1747 1762 1803 1796 τὴν

1015 1810 1106 1844 πηγὴν
1124 1809 1256 1844 ποταμός.
1273 1809 1306 1836 '0
1319 1809 1452 1844 ποταμὸς
1473 1809 1539 1844 γὰρ,
1556 1809 1635 1844 φησι,
1649 1808 1704 1836 τοῦ
1729 1810 1809 1836 Θεοῦ

1016 1855 1175 1889 ἐπληρώθη
1199 1855 1329 1887 ὑδάτων,
1345 1855 1415 1890 πρὸς
1436 1855 1466 1881 δὲ
1492 1855 1523 1881 τὺ
1546 1855 1604 1890 φῶς
1616 1854 1805 1889 ἀπαύγασμα.

1015 1901 1141 1935 λέγοντος
1158 1901 1206 1928 τοῦ
1232 1901 1352 1934 Παύλου,
1368 1901 1397 1931 ὃς
1411 1900 1450 1928 ὣν
1461 1900 1633 1936 ἀπαύγασμα
1647 1900 1697 1935 τῆς
1709 1901 1807 1935 δόξης,

1015 1948 1063 1973 καὶ
1078 1947 1222 1983 χαρακτὴρ
1246 1948 1297 1982 τῆς
1321 1947 1500 1978 ὑποστάσεως
1517 1946 1612 1973 αὐτοῦ.
1636 1947 1690 1974 Τοῦ
1709 1947 1807 1973 τοίνυν

1016 1993 1121 2028 Πατρὺς
1142 1993 1231 2026 φωτὸς
1247 1993 1335 2025 ὄντος,
1366 1992 1414 2019 τοῦ
1431 1992 1460 2019 δὲ
1487 1992 1553 2019 Υῑοῦ
1583 1992 1808 2027 ἁπαυγάσματος

1015 2038 1112 2065 αὐτοῦ·
1129 2038 1163 2064 τὰ
1176 2038 1246 2065 αὐτὰ
1262 2038 1318 2074 γὰρ
1342 2037 1408 2074 περὶ
1423 2038 1528 2065 τούτων
1545 2038 1596 2065 οὐκ
1615 2037 1749 2072 ὀκνητέον
1759 2038 1806 2065 λέ-

1016 2092 1074 2117 γειν
1103 2084 1254 2116 πολλάκις·
1283 2085 1388 2118 ἔξεστιν
1418 2086 1485 2121 όρᾷν
1512 2085 1561 2112 καὶ
1586 2085 1614 2111 ἐν
1640 2084 1681 2120 τῷ
1696 2085 1758 2120 Υῑῷ
1778 2087 1808 2111 τὸ

1016 2129 1138 2165 Πνεῦμα,
1153 2131 1182 2157 ἂν
1197 2128 1218 2165 ᾧ
1245 2131 1431 2166 φωτιζόμεθα.
1459 2132 1523 2159 ἰνα
1545 2131 1610 2167 γάρ.
1641 2131 1731 2166 φησὶ,
1745 2132 1807 2165 δῴη

182 2176 245 2196 eum
267 2170 452 2199 illumiuamur
464 2173 577 2207 Spiritu,
590 2175 716 2202 Christus
731 2180 782 2207 est.
800 2175 846 2210 qui
862 2175 889 2201 in
904 2176 962 2209 ipso

1051 2175 1084 2202 :Tr
1110 2177 1231 2211 Πνεῦμα
1253 2178 1366 2211 σοφίας
1378 2177 1427 2204 καὶ
1439 2177 1661 2212 ἀποκαλύψεως
1682 2177 1719 2204 ἐν
1743 2178 1808 2204 ἐπι-

181 2213 327 2243 illuminat.
340 2217 407 2244 Erat
418 2218 502 2251 enim,
516 2220 612 2254 inquit,
622 2221 668 2248 tua:
677 2229 747 2252 uera,
762 2230 820 2256 qua:
833 2221 966 2249 illuminat

182 2267 286 2287 omnem
306 2263 437 2290 hominem
449 2265 598 2294 .venieutem
617 2266 644 2292 in
664 2266 818 2294 mundum‘.
831 2266 964 2293 Praeterea

183 2312 247 2332 cum
274 2305 354 2334 Pater
375 2308 410 2335 sit
426 2307 497 2340 fons,
511 2309 598 2337 Filius
617 2314 706 2338 autem
723 2311 822 2338 ﬂuvius
845 2311 964 2343 dicatur,

183 2351 370 2393 {iusdicituur
389 2353 520 2388 Spiritum
541 2355 634 2382 bibere
648 2362 657 2389 ;
669 2356 799 2389 scriptum
815 2356 886 2383 enim
901 2361 942 2383 est
956 2365 963 2384 :

180 2391 316 2429 Quoniam
325 2406 413 2426 omnes
427 2407 474 2426 nos
485 2408 536 2426 uno
548 2400 651 2435 Spiritu
662 2402 747 2435 putati
759 2409 849 2428 sumus
858 2402 879 2429 '.
895 2403 963 2429 Cum

179 2447 273 2471 autem
291 2449 417 2477 potamur
437 2445 558 2480 Spiritu,
576 2445 714 2474 Christum
735 2446 863 2474 bibimus.
888 2446 966 2474 Bibe.

181 2489 246 2516 bant
263 2490 344 2523 enim,
360 2491 460 2524 inquit,
476 2498 509 2518 ea:
523 2492 688 2526 consequenti
709 2499 753 2519 eos
776 2497 867 2526 petra,
889 2498 964 2527 petra

181 2539 271 2562 autem
285 2540 343 2562 erat
365 2535 486 2563 Christus
496 2536 519 2563 ⁸.
532 2536 574 2564 Ad
591 2537 648 2564 haec
667 2545 727 2565 cum
743 2537 866 2565 Christus
883 2546 964 2567 verus

185 2580 222 2608 sit
237 2580 334 2614 Filius,
351 2589 401 2609 nos
418 2582 548 2616 Spiritum
562 2583 737 2618 accipientes,
751 2583 882 2612 eﬂicimur
902 2585 960 2612 ﬁlii.

186 2625 249 2666 Non
264 2627 333 2655 enim
354 2628 503 2663 accepistis,
526 2629 626 2664 inquit,
646 2630 775 2665 Spiritum
791 2632 924 2659 seruitutis
938 2633 965 2659 in

179 2673 319 2707 timaram,
339 2675 384 2701 sed
406 2676 543 2709 accepistis
570 2676 701 2709 Spiritum
721 2678 868 2712 adoptionis
888 2679 961 2713 [ilio-

180 2727 239 2746 rum
252 2720 274 2747 '.
291 2720 360 2748 Cum
392 2726 482 2749 autem
505 2729 552 2756 per
585 2722 714 2758 Spiritum
742 2724 912 2760 adaptomur.
937 2724 965 2751 in

220 2798 229 2813 ί
241 2797 340 2824 Jerrm.
359 2806 390 2830 tt,
407 2799 451 2825 l5.

184 2831 230 2858 i7.
267 2833 276 2848 ⁷
291 2832 372 2860 Joau.
389 2842 407 2867 ι,
431 2837 458 2861 υ.
496 2833 507 2849 ⁸
523 2833 603 2862 lCor.
620 2831 732 2870 “1,13;
775 2837 785 2853 ’
803 2838 814 2864 Ι
831 2837 894 2866 Cor.
913 2844 941 2870 x,
956 2837 984 2863 4.

491 2800 501 2814 ²
514 2797 618 2834 Baruch
637 2808 679 2833 III.
691 2801 735 2833 l0,
751 2802 797 2829 12.
837 2803 846 2818 ³
861 2802 871 2829 l
887 2800 965 2828 Joan.
987 2810 1007 2834 ι,
1019 2802 1046 2830 5.

1017 2221 1125 2256 γνώσει
1143 2223 1236 2250 αὑτοῦ
1258 2225 1506 2258 πεφωτισμένους
1528 2224 1599 2257 τοὺς
1626 2224 1807 2258 ὀφθαλμοὺς

1017 2267 1073 2301 τῆς
1088 2268 1221 2302 καρδίας.
1239 2269 1284 2304 Τῷ
1302 2269 1331 2296 δὲ
1345 2270 1485 2305 Πνεύματι
1499 2270 1696 2304 φωτιζομένων
1710 2271 1805 2305 ἡμῶν,

1017 2315 1160 2349 ὸΧριστός
1188 2316 1264 2342 ἐστιν
1287 2317 1301 2342 ό
1318 2318 1347 2342 ἐν
1374 2316 1449 2350 αὑτῷ
1478 2317 1614 2351 φωτίζων.
1645 2314 1707 2343 Ἦν
1739 2319 1805 2350 γὰρ,

1017 2360 1095 2394 φησὶ,
1116 2362 1149 2387 τὸ
1163 2361 1226 2395 φῶς
1239 2362 1273 2388 τὸ
1292 2362 1448 2395 ἀληθινὸν,
1465 2363 1481 2389 ὃ
1499 2362 1613 2397 φωτίζει
1629 2362 1732 2389 πάντα
1754 2363 1807 2389 ἇν-

1017 2407 1135 2438 θρωπον
1159 2407 1324 2441 ἐρχόμενον
1349 2409 1391 2440 εις
1404 2407 1458 2434 τὸν
1471 2409 1596 2442 κόσμον.
1616 2408 1702 2435 Πάλιν
1714 2418 1746 2435 τε
1759 2409 1806 2435 τοῦ

1017 2451 1124 2486 Πατρδς
1139 2451 1217 2484 ὄντος
1233 2453 1336 2488 πηγῆς,
1355 2455 1402 2480 τοῦ
1418 2454 1446 2480 δὲ
1465 2454 1529 2481 Υεοῦ
1546 2454 1669 2489 ποταμοῦ
1688 2455 1807 2490 λεγομέ-

1016 2506 1074 2528 νου,
1093 2497 1183 2524 πίνειν
1197 2499 1334 2533 λεγόμεθα
1360 2500 1390 2526 τδ
1420 2500 1542 2535 Πνεῦμα.
1559 2501 1722 2536 Γέγραπται
1739 2503 1804 2536 γὰρ,

1016 2544 1081 2570 Ὀτι
1097 2543 1184 2577 ἡμεῖς
1194 2544 1308 2576 πάντες
1319 2545 1354 2571 ἓν
1367 2545 1488 2580 Πνεῦμα
1497 2546 1716 2581 ἐποτίσθημεν.
1729 2548 1760 2573 τὸ
1775 2548 1803 2573 δὲ

1016 2589 1127 2623 Πνεῦμα
1143 2589 1318 2626 ποτιζόμενοι
1335 2592 1379 2618 τδν
1402 2591 1520 2627 Χριστὸν
1531 2592 1657 2626 πίνομεν.
1675 2593 1804 2619 Ἐπινον

1014 2635 1068 2668 γὰρ
1083 2634 1117 2660 ἐκ
1132 2636 1339 2670 πνευματικῆς
1352 2637 1584 2670 ἀκολουθούσης
1600 2636 1722 2669 πέτρας,
1738 2638 1758 2671 ἡ
1771 2637 1804 2663 δὲ

1018 2679 1112 2713 πέτρα
1121 2677 1161 2714 ἦν
1172 2681 1189 2707 ὀ
1205 2681 1344 2715 Χριστός.
1362 2681 1415 2708 Καὶ
1432 2682 1513 2708 πάλιν
1524 2681 1571 2707 τοῦ
1589 2682 1710 2716 Χριστοῦ
1724 2682 1803 2712 Syro;

1019 2725 1149 2758 ἀληθινοῦ
1169 2726 1244 2760 Υἱοῦ,
1267 2728 1349 2762 ἡμεῖς
1363 2727 1392 2753 τὸ
1409 2727 1522 2761 Πνεῦμα
1538 2726 1724 2762 λαμϐάνοντες
1748 2729 1804 2753 υἷο-

1094 2802 1105 2819 δ
1121 2801 1193 2831 Psal.
1211 2811 1285 2836 utr,
1303 2804 1346 2832 l0.
1392 2806 1402 2821 '
1417 2805 1498 2832 llebr.
1519 2812 1538 2838 I,
1555 2805 1582 2831 3.
1633 2804 1643 2819 ⁸
1661 2804 1762 2840 Ephes.
1776 2812 1795 2835 ι.
