1891 3076
186 119 236 152 711

806 108 1000 142 ΕΗἸἮΥΜΠ
1020 109 1203 140 ZiGABENI

1777 102 1829 132 ἨΞ

187 177 306 204 Putrem.
325 174 418 206 Pater,
436 173 571 208 inquiens,
588 179 634 206 ego
651 175 674 198 te
690 170 838 204 ctarificuui
866 169 885 201 ⁸,
913 167 958 202 Spi

1065 167 1161 200 τέλθω,
1175 167 1357 194 ἀποστέλλω
1372 166 1426 192 τὸν
1441 165 1654 199 "nptiae/tneor.
1672 161 1733 188 Καὶ
1782 161 1831 195 μὲν

187 223 256 249 ritus
273 227 363 248 autem
378 220 475 247 Filium
490 218 623 246 ciariiicat
640 217 711 245 :Ille
724 217 806 249 enim,
824 215 922 250 inquit,
939 222 979 241 me

186 266 410 301 clariﬁcabit‘.Et
425 265 528 293 Filius:
546 264 622 297 Qum,
640 263 738 298 inquit,
751 263 842 289 audivi
855 270 870 287 a
887 260 980 293 Patre,

190 315 240 341 illa
253 314 333 341 etiam
349 313 442 347 loquor
455 313 482 338 in
498 313 596 339 mundo
609 311 629 338 ³.
645 310 764 345 Spiritus
780 314 871 336 autem
886 315 899 334 a
912 307 980 334 Filio

188 361 304 395 accipit:
317 359 358 386 Ex
372 367 413 386 me
425 358 618 392 enim,_inquit,
635 357 756 391 accipiet,
769 359 794 382 et
810 352 981 381 annuntiat)“

189 407 259 433 vobis
270 406 292 432 δ.
316 405 349 432 Et
366 405 451 432 Filius
478 404 586 439 quidem
608 403 683 429 venit
700 402 727 428 in
751 401 858 428 nomine
881 398 979 426 Patris.

193 452 232 478 De
262 451 364 486 Spiritu
390 456 486 478 sancto
512 454 615 480 antem,
642 449 726 480 Quem
753 448 849 478 mittet,
877 445 981 479 inquit,

193 498 275 525 Pater
290 499 317 524 in
329 497 433 523 nomine
459 503 515 523 meo
530 496 552 522 '.
578 494 670 528 itaque
685 501 745 521 cum
773 493 852 520 talem
885 491 983 518 habeat

192 544 316 571 ordinent
341 547 368 570 et
391 547 514 569 naturam
543 549 602 569 cum
629 540 698 568 Filio
726 539 854 574 Spiritus,
875 537 982 572 qualem

195 590 277 616 habet
297 596 358 616 cnm
383 587 465 615 Patre
490 587 584 619 Filius,
612 586 658 621 qui
681 585 739 613 ﬁeri
756 589 855 620 potest,
882 589 912 610 ut
939 582 984 618 qui

195 634 325 669 Spiritum
348 638 469 661 creatum
490 633 568 665 dicit,
592 640 645 659 non
674 632 746 658 idem
771 630 926 658 necessario
952 629 986 656 (le

195 680 263 707 Filio
278 679 399 707 sentiat?
414 678 480 706 Nam
499 679 521 706 si
538 678 598 705 Filii
616 678 734 712 Spiritus
747 681 854 704 creatus
871 680 925 709 est,
941 683 985 702 se-

195 726 288 760 quitur
303 730 332 752 ut
346 725 433 752 Patris
448 731 557 759 quoque
572 722 691 750 Verbum
709 726 830 749 creatum
851 724 986 748 asserunt.

195 771 271 804 Quod
293 771 316 798 si
343 779 404 798 cum
420 771 487 797 Ario
511 770 618 804 quidem
642 769 744 796 sentire
776 775 806 795 se
831 771 938 802 negant,
955 766 988 793 de

197 816 300 849 Spiritu
326 821 416 842 autem
440 815 503 842 talia
533 815 645 846 dicunt,
667 814 769 848 fugiant
794 813 877 840 etiam
903 812 989 846 ipsius

196 846 289 891 verba.
307 869 356 888 nec
373 862 453 896 impie
470 861 503 888 de
520 861 622 895 Spiritu
647 846 779 887 seniiant.
805 858 988 892 Quemadmo-
1005 846 1026 873 Β

1031 213 1096 245 Υἱὸς
1115 213 1160 240 τὸν
1188 213 1298 248 Πατέρα
1323 211 1432 244 δοξάζει
1455 210 1554 244 λέγων,
1574 208 1684 242 Πάτερ,
1703 207 1767 241 ὲτώ
1794 214 1830 233 σε

1029 259 1174 292 ἐδόξασα,
1194 259 1226 286 τὸ
1241 259 1276 285 δὲ
1289 257 1410 292 Πνεῦμα
1425 255 1541 289 δοξάζει
1555 256 1609 282 τὸν
1630 255 1714 281 Υιόν.
1738 252 1832 279 Ἐκεῖ-

1030 314 1085 338 νος
1099 305 1166 339 γὰρ,
1184 305 1280 340 φησὶν,
1299 303 1353 339 ἐμὲ
1364 302 1500 336 δοξάσει.
1518 301 1574 327 Καὶ
1588 300 1602 326 ό
1619 300 1671 334 μὲν
1689 298 1762 330 Υἱός
1781 306 1831 332 φη-

1032 360 1086 384 σιν,
1105 352 1139 379 Ἀ
1171 351 1292 386 ἤκουσα
1313 350 1393 383 παρὰ
1415 349 1469 376 τοῦ
1496 347 1624 382 Πατρός,
1649 345 1760 373 ἐκεῖνα
1786 344 1833 370 καί

1031 397 1116 425 λαλῶ
1135 399 1179 430 εἰς
1199 401 1255 425 τὸν
1272 396 1401 430 κόσμον,
1416 395 1447 422 τὸ
1462 395 1491 421 δὲ
1511 393 1624 427 Πνεῦμα
1642 393 1674 418 ἐκ
1703 391 1754 417 τοῦ
1767 390 1831 417 Ποῦ

1032 443 1178 479 λαμϐάνει.
1202 442 1250 468 Ἐκ
1263 442 1316 469 τοῦ
1337 441 1412 476 ἐμοῦ
1428 440 1495 476 γὰρ,
1511 440 1588 475 φησὶ,
1610 437 1766 472 λήψεται.
1784 436 1831 462 καί

1033 490 1198 526 ἀναγγελεῖ
1211 489 1294 524 ὑμῖν.
1312 490 1368 517 Καὶ
1379 489 1394 515 ό
1412 489 1462 524 μὲν
1475 487 1538 518 Υἱὸς
1553 487 1582 512 ὲν
1595 485 1635 519 τῷ
1651 484 1774 518 ὀνόματι
1789 483 1832 508 τοῦ

1034 538 1143 573 Πατρὸς
1157 535 1224 573 ἦλθε
1238 543 1246 551 '
1273 536 1338 571 περὶ
1362 535 1390 562 ὁὶ
1419 534 1465 561 τοῦ
1485 532 1647 567 Πνεῦματος
1671 531 1724 557 τοῦ
1743 530 1832 563 ἁγίου,

1035 585 1132 620 φησὶν,
1150 585 1187 611 '0
1203 583 1314 618 πέμψει
1330 583 1346 610 ὁ
1369 582 1472 615 Πατὴρ
1495 580 1531 607 ἐν
1546 579 1586 612 τῷ
1609 577 1742 612 ὀνόματί
1762 585 1832 610 μου,

1035 630 1172 665 Τοιαύτην
1184 630 1214 657 δὲ
1227 629 1305 662 τάξιν
1321 629 1370 655 καὶ
1385 628 1467 662 φύσιν
1482 626 1590 661 ἔχοντος
1603 623 1652 651 τοῦ
1668 622 1833 657 Πνεύματος

1036 678 1105 713 πρδς
1122 677 1168 704 τὸν
1188 677 1264 710 Υῐὸν,
1279 677 1340 703 οἵαν
1354 676 1368 702 ὸ
1386 675 1449 705 Υἱὸς
1475 673 1531 708 ἔχει
1548 672 1616 707 πρὸς
1639 671 1690 697 τὸν
1710 669 1833 702 Πατέρα,

1037 724 1098 755 πῶς
1117 724 1131 750 ό
1149 723 1230 750 τοῦτο
1257 722 1360 756 κτίσμα
1385 720 1473 754 λέγων
1492 719 1522 745 οὗ
1540 718 1572 744 τὸ
1593 716 1662 744 αὐτὸ
1683 715 1737 742 καὶ
1768 715 1832 747 περὶ

1038 770 1086 797 τοῦ
1108 769 1174 797 Υίοῦ
1205 769 1235 801 ἐξ
1261 768 1386 801 ἀνάγκης
1415 766 1564 800 φρονήσεις
1585 764 1615 789 Ei
1639 763 1698 797 γάρ
1720 762 1783 787 ὲστι
1808 760 1836 786 τὸ

1041 817 1154 848 Πνεῦμα
1169 815 1217 842 τοῦ
1235 814 1301 841 Υίοῦ
1321 814 1436 848 κτίσμα,
1461 810 1609 838 ἀκόλουθον
1626 809 1661 835 av
1677 807 1726 841 εἴη
1745 807 1836 840 λέγειν

1041 862 1140 893 αὐτοὺς
1150 862 1197 888 καὶ
1209 861 1255 888 τὸν
1279 860 1367 894 Λόγον
1381 858 1428 885 τοῦ
1456 858 1564 891 Πατρδς
1579 853 1651 882 εἶναι
1665 854 1792 887 κτίσμα.
1807 853 1835 879 Οἱ

196 907 260 933 dum
285 907 357 932 enim
383 906 467 933 Filius
485 907 510 933 in
538 905 618 933 Patre
640 905 785 937 exsistenl,
814 904 841 931 in
867 911 922 938 quo
949 910 958 929 ι

1065 915 1069 932 ς
1085 906 1119 933 τὰ
1138 907 1245 941 ’Λρείου
1264 905 1313 940 μὲν
1327 904 1365 940 μὴ
1377 902 1610 938 προσποιούμενοι
1628 900 1760 934 φρονεῖν,
1776 898 1836 931 περὶ

196 952 278 979 etiam
293 951 382 985 Pater,
398 957 507 980 creatus
523 960 576 979 non
592 955 645 985 est,
661 951 708 979 sed
725 950 852 986 proprius
865 954 957 978 essent

1065 952 1136 979 ετοῦ
1165 952 1328 986 Πνεύματος
1356 949 1472 976 τοιαῦτα
1488 947 1626 982 λέγοντες,
1657 944 1837 980 φευγέτωσαν

199 996 299 1029 Patris,
322 997 348 1024 id
371 998 444 1024 enim
465 1003 492 1025 et
510 1005 558 1025 vos
574 998 666 1025 direre
689 997 835 1028 simulatis,
859 997 898 1023 sic
924 996 958 1023 ite

1065 999 1088 1025 πὶ
1104 998 1138 1025 τὰ
1153 998 1260 1024 ἐκείνου
1278 997 1400 1032 ῥήματα,
1426 995 1473 1022 καὶ
1492 994 1531 1030 μὴ
1545 993 1735 1027 ἀσεσήτωσαν
1753 990 1794 1020 εἰς
1811 989 1838 1014 τὸ

199 1043 330 1078 Spiritum
349 1044 375 1070 in
392 1043 460 1071 Filio
478 1044 672 1076 exsistentetn,
691 1044 716 1071 in
734 1050 787 1078 quo
799 1047 826 1069 et
840 1042 927 1069 Filius
939 1049 958 1069 et

1068 1044 1166 1079 νεῦμα.
1183 1044 1291 1078 Ὥσπερ
1307 1044 1362 1079 γὰρ
1378 1044 1392 1069 ὁ
1409 1041 1472 1071 Υἱὸς
1493 1042 1523 1066 ὲν
1543 1039 1582 1074 τῷ
1595 1037 1686 1072 Πατρὶ
1707 1037 1759 1067 ὢν.
1777 1036 1805 1063 ἐν
1818 1032 1837 1068 ᾧ

201 1088 279 1117 nefas
296 1089 421 1117 estinter
436 1097 480 1117 res
495 1095 651 1124 procreatas
667 1095 821 1120 munerare,
840 1096 853 1115 :t
867 1087 954 1121 Filioq

1065 1091 1089 1118 xl.
1107 1091 1121 1117 ό
1137 1091 1232 1125 Πατὴρ
1249 1090 1320 1122 ἐστι,
1338 1089 1390 1115 οὐκ
1415 1087 1474 1114 ἐστι
1493 1085 1610 1120 κτίσμα,
1627 1083 1689 1111 ἀλλ’
1706 1082 1778 1111 ἴδιος
1793 1082 1838 1111 τῆς

200 1134 354 1170 seiungere.
369 1140 451 1170 atque
465 1135 492 1162 in
508 1134 668 1163 Trinitatem
685 1133 873 1169 imperfectam
890 1133 992 1161 consti«

201 1185 288 1208 tuere.

450 1373 491 1401 Es
506 1374 597 1401 eadem
614 1373 733 1407 epistola.

239 1417 357 1452 Spiritus
369 1419 509 1447 vivificare
521 1420 623 1447 dicitur
633 1419 715 1454 :«Qui
727 1419 882 1453 suscitavit,
894 1419 993 1455 inquit.

201 1462 295 1491 «Iesum
321 1465 460 1493 Christum
492 1474 506 1493 a
536 1467 664 1500 mortuis,
694 1467 844 1494 vivificabit
869 1472 896 1494 et
919 1475 993 1494 mor-

1041 1137 1090 1165 τοῦ
1106 1137 1215 1171 Πατρὺς
1231 1136 1337 1167 οὐσίας.
1356 1134 1442 1162 Τοῦτο
1466 1133 1522 1168 γὰρ
1542 1132 1622 1167 ὑμεῖς
1644 1128 1836 1164 προσποῑεσθο

1041 1184 1143 1219 λέγειν.
1161 1183 1239 1210 Οὕτω
1252 1184 1300 1210 καὶ
1313 1183 1344 1209 τὺ
1357 1181 1472 1217 Πνεῦμα
1484 1181 1514 1206 τὶ
1528 1180 1556 1205 ὲν
1569 1178 1608 1212 τῷ
1622 1177 1697 1212 Υἱῷ,
1715 1177 1748 1202 ἐν
1763 1173 1785 1209 ᾧ
1797 1174 1838 1200 καὶ

1043 1232 1056 1257 ό
1072 1231 1136 1262 Υῑός
1155 1231 1224 1263 ἐστι,
1252 1230 1283 1256 οὐ
1313 1229 1393 1265 Θέμις
1431 1229 1486 1259 τοῖς
1507 1225 1646 1261 κτίσμασι,
1665 1223 1838 1251 συντάσσειν.

1043 1278 1104 1305 οὐδὲ
1130 1278 1246 1312 διαιρεῖν
1263 1275 1331 1303 αὐτὸ
1358 1275 1412 1302 ἀπὸ
1437 1273 1485 1300 τοῦ
1498 1272 1598 1307 Λόγου,
1621 1270 1671 1298 καὶ
1688 1269 1782 1304 ἀτελῆ
1798 1267 1839 1302 τὴν

1043 1324 1148 1359 Τριάδα
1166 1323 1395 1355 κατασκευάζειν.

1232 1368 1279 1394 Ἐκ
1295 1366 1351 1401 τῆς
1367 1365 1464 1400 αὐτῆς
1479 1363 1664 1397 ἐπιστολῆς.

1079 1417 1116 1443 Τδ
1136 1415 1249 1449 Πνεῦμα
1263 1413 1412 1447 ζωοποιοῦν
1425 1413 1545 1447 λέγεται·
1562 1420 1572 1437 ι
1590 1409 1619 1436 '0
1632 1408 1779 1443 ὲγείρεις,›
1797 1415 1840 1440 φη-

1046 1463 1118 1492 σὶν.‹
1136 1460 1242 1496 Ἰησοῦν
1256 1460 1375 1495 Χριστὸν
1390 1460 1422 1485 ὲκ
1437 1457 1552 1493 νεκρῶν,
1562 1455 1733 1489 ζωοποιήσει
1751 1453 1800 1480 καὶ
1812 1452 1841 1476 τὰ

207 1510 270 1536 talin
291 1517 404 1544 corpora
420 1514 508 1536 vestra
525 1516 572 1543 per
584 1498 778 1535 inhabitantem
791 1509 850 1543 ejus
864 1509 956 1544 Spiritt

1065 1507 1131 1542 νητὰ
1141 1507 1257 1542 σώματα
1267 1506 1345 1542 ἡμῶν
1356 1507 1401 1533 διὰ
1411 1505 1459 1532 τοῦ
1472 1503 1639 1532 ἐνοικοῦντος
1652 1500 1744 1527 αὑτοῦ
1758 1498 1838 1525 Πνεῦ-

205 1556 234 1582 ln
259 1555 337 1582 vobis
358 1556 376 1581 ⁸.
402 1564 411 1580 ι
431 1555 464 1581 Et
482 1554 615 1582 Dominus
634 1555 742 1589 quidem
758 1555 815 1589 ipsa
837 1560 879 1583 est
899 1557 953 1583 vita
967 1562 994 1585 et

207 1611 217 1627 ι
238 1605 333 1628 auctor
346 1601 418 1633 vitae,
433 1609 442 1626 ι
465 1605 494 1627 ιιι
511 1601 546 1627 ait
561 1600 656 1628 Petrus
678 1601 697 1628 ⁷.
710 1600 783 1628 idem
797 1606 886 1628 tamen
900 1601 994 1629 Domi-

205 1654 257 1673 nus
272 1646 328 1673 ait:
344 1654 353 1671 ‹
368 1645 447 1680 Aqua
470 1653 552 1680 quam
567 1653 617 1680 ego
634 1645 705 1672 dabo
719 1646 755 1679 ei,
772 1646 817 1672 fiet
833 1647 859 1673 in
871 1655 903 1674 eo
933 1647 993 1675 fons

205 1699 283 1726 aqua:
295 1691 417 1719 salientis
430 1691 457 1718 in
471 1691 552 1718 vitam
564 1695 693 1718 aeternam
716 1693 738 1718 '.
751 1690 808 1719 Hoc
822 1696 911 1719 autem
926 1693 993 1721 dixit

204 1743 238 1764 ue
246 1737 349 1772 Spiritu
360 1744 440 1771 quem
452 1737 589 1771 accepturi
602 1741 679 1764 erant
688 1737 826 1765 credentes
835 1737 861 1769 ίιι
870 1745 931 1765 eum
952 1745 972 1766 ν.
980 1748 989 1765 ι

204 1782 258 1810 Res
273 1787 364 1810 autem
378 1787 485 1817 creatae,
504 1783 542 1810 uti
557 1783 659 1810 dictum
674 1787 725 1816 est,
740 1783 823 1810 vitam
841 1792 888 1819 per
903 1785 991 1819 ipsum

203 1828 349 1863 accipiunt.
366 1828 418 1861 Qui
542 1828 625 1863 igitur
643 1828 706 1855 vita:
722 1837 777 1856 non
800 1829 830 1857 iit
846 1831 991 1866 particeps.

203 1875 249 1902 sed
265 1875 322 1910 ipse
340 1875 407 1902 alios
425 1874 571 1909 participes
587 1873 663 1905 facit,
681 1878 708 1901 et
723 1875 806 1902 vitam
822 1875 904 1903 rebus
917 1883 994 1904 crea-

204 1919 238 1946 tis
254 1919 382 1953 impertit,
405 1920 526 1954 qualem,
542 1927 646 1953 quaeso,
666 1920 855 1954 cognationem
874 1929 935 1948 cum
951 1929 994 1948 re-

202 1966 254 1992 bus
278 1963 356 1991 factis
382 1964 482 1991 habere
499 1966 610 1999 potest?
632 1966 686 1992 Aut
697 1973 751 2000 qua
764 1966 871 1993 tandem
889 1967 993 1993 ratione

202 2009 273 2036 inter
285 2017 328 2036 res
343 2013 448 2037 creatas
465 2011 618 2039 censendus
633 2012 678 2043 sit,
692 2019 753 2038 cum
770 2012 835 2045 ipsae
852 2012 879 2038 in
895 2012 941 2039 illo
955 2013 994 2039 vi-

203 2059 256 2080 tam
274 2062 289 2081 a
304 2053 392 2082 Verbo
409 2055 565 2090 accipiant?
581 2056 680 2084 Unctio
698 2064 808 2092 quoque
820 2057 938 2092 Spiritus
952 2058 994 2085 di-

201 2100 284 2130 citur,
303 2104 329 2126 et
346 2104 387 2127 est
409 2100 473 2127 item
499 2101 633 2136 sigillum;
656 2102 727 2129 unde
743 2101 863 2129 Joannes
880 2103 992 2130 scribit:

204 2153 214 2169 ι
235 2144 266 2171 Et
291 2152 340 2172 vos
365 2146 520 2172 unctionem
540 2155 622 2181 quam
638 2147 784 2182 accepistis
807 2148 841 2175 ab
855 2155 887 2174 eo
902 2152 994 2175 manet

202 2189 229 2216 in
244 2190 330 2217 vobis.
350 2190 382 2217 Et
398 2198 451 2217 tton
473 2199 584 2219 necesse
600 2193 716 2226 habetis,
734 2197 763 2219 ut
781 2193 880 2228 aliquis
896 2194 993 2222 doceat-

201 2242 271 2262 vos:
286 2235 333 2263 sed
355 2236 427 2263 sicut
450 2237 542 2264 unctio
557 2238 628 2271 ejus,
643 2247 652 2264 ›
669 2246 766 2274 nempe
786 2239 845 2274 ejus
863 2239 991 2274 Spiritus,

205 2289 214 2307 ι
230 2280 309 2309 docet
320 2289 369 2309 vos
385 2281 418 2309 de
430 2283 558 2311 omnibus
571 2282 601 2311 ¹⁰.
615 2293 625 2309 ι
636 2283 668 2311 Ει
679 2285 750 2319 apud
761 2284 857 2311 lsaiam
874 2286 991 2320 prophe-

201 2330 258 2353 tam
284 2327 402 2362 legitur:
422 2337 431 2352 ι
447 2328 565 2363 Spiritus
590 2328 700 2356 Domini
728 2338 809 2364 super
835 2338 888 2363 me,
911 2331 991 2366 cujus

201 2378 285 2399 causa
300 2372 377 2399 unxit
394 2374 477 2401 me“.
492 2383 501 2399 ι
520 2373 621 2400 Paulus
641 2374 721 2401 etiam
735 2376 772 2401 ait
786 2385 792 2401 :
818 2385 827 2400 ι
845 2375 874 2402 In
895 2383 950 2410 quo
965 2383 993 2405 et.

202 2419 342 2447 credentes
355 2420 454 2454 signati
471 2421 538 2449 estis
553 2421 580 2448 in
596 2422 667 2449 diem
683 2422 914 2457 redemptionis".
930 2435 939 2452 ι
956 2426 990 2454 At

203 2472 248 2491 res
262 2469 361 2491 creata:
379 2465 424 2492 illo
439 2466 582 2500 signantur
600 2471 627 2493 et
639 2471 788 2500 unguntur,
806 2475 838 2495 ac
852 2468 885 2495 de
899 2470 990 2496 omni-

202 2509 254 2536 bus
273 2510 416 2538 docentur.
445 2511 474 2537 Si
498 2511 579 2545 igitur
603 2510 720 2545 Spiritus
749 2513 841 2540 unetio
860 2514 916 2541 sive
937 2523 990 2541 un-

201 2558 330 2589 guentum
353 2560 380 2582 et
399 2556 518 2590 sigillum
532 2561 585 2589 est,
604 2557 630 2583 in
646 2565 700 2592 quo
716 2559 806 2585 omnia
823 2559 900 2594 ungit
912 2565 938 2587 et
953 2560 990 2588 si-

201 2603 266 2633 gnat
279 2598 398 2627 Vcrbum
416 2609 423 2627 :
437 2608 562 2634 quaenam
579 2601 727 2630 similitudo
742 2607 789 2630 aut
797 2605 988 2632 convenientia

247 2776 257 2793 ι
271 2775 350 2803 Joan.
366 2782 414 2806 xu,
432 2774 478 2801 28.
530 2772 629 2800 'Joan.
650 2782 708 2804 xvt.
726 2774 770 2802 Η.

203 2811 331 2844 vnt,i-l.
382 2812 392 2826 "
411 2811 470 2837 AcL
491 2816 536 2843 ut,
563 2809 607 2836 15.
657 2810 668 2825 ⁸
693 2809 772 2837 Joan.
806 2817 853 2841 tv,
882 2807 923 2834 l4.

205 2848 227 2864 "
243 2848 342 2879 Epltes.
361 2853 381 2880 ι,
399 2846 442 2873 15.

827 2773 837 2790 ³
856 2772 938 2800 Joan.
970 2779 1030 2803 vnt,
1045 2771 1073 2799 2.

1060 1561 1145 1589 ματος
1159 1554 1187 1579 ὲν
1199 1553 1277 1588 ἡμῖν.
1293 1562 1302 1578 ι
1323 1552 1379 1579 Καὶ
1391 1552 1405 1577 ό
1420 1551 1469 1586 μὲν
1484 1548 1586 1583 Κύριός
1598 1548 1675 1573 εστιν
1685 1546 1704 1580 ἡ
1719 1543 1841 1577 adauget;

1047 1601 1095 1628 καὶ
1113 1611 1122 1627 ι
1136 1600 1256 1636 ἀρχηγὸς
1265 1600 1316 1635 τῆς
1332 1599 1432 1634 ζωῆς.»
1458 1598 1496 1629 ὡς
1510 1595 1584 1624 εἶπεν
1603 1597 1617 1622 ὁ
1632 1596 1756 1630 Πέτρος·
1772 1596 1843 1629 ἔλεγε

1046 1649 1076 1675 δὲ
1095 1635 1187 1679 αὑτὺξν
1201 1635 1205 1636 ν
1264 1648 1278 1673 ὁ
1288 1646 1399 1682 Κύριος·
1431 1654 1440 1671 ι
1455 1635 1588 1679 Τοΰδωρ,
1603 1643 1617 1670 ὃ
1631 1644 1687 1677 ἐγὼ
1702 1643 1788 1670 δώσω
1801 1643 1843 1669 αὑ-

1046 1694 1096 1729 τῷ,
1115 1694 1258 1729 γενήσεται
1273 1693 1302 1719 ὲν
1325 1691 1400 1727 αὑτῷ
1427 1691 1504 1726 πηγὴ
1519 1689 1612 1721 ὓδατος
1634 1688 1794 1723 ἁλλομένου
1809 1689 1843 1718 εἰς

1048 1740 1119 1775 ζωὴν
1138 1739 1255 1766 αἰώνιον.
1275 1738 1361 1765 Τοῦτο
1373 1738 1402 1775 ξε
1414 1737 1490 1771 ἔλεγε
1507 1735 1570 1772 περὶ
1597 1734 1644 1761 τοῦ
1667 1734 1843 1768 Πνεῦματος,

1047 1784 1077 1814 οὗ
1096 1785 1208 1822 ἔμελλον
1222 1785 1371 1820 λαμϐάνειν
1391 1784 1416 1810 oi
1429 1782 1602 1812 πιστεύοντες
1616 1781 1656 1812 είς
1674 1781 1790 1807 αὐτόν.»
1807 1780 1844 1805 Ti

1049 1832 1078 1859 δὲ
1090 1831 1236 1867 κτίσματα,
1253 1832 1290 1862 ὡς
1359 1829 1476 1865 εἴρηται,
1499 1826 1707 1862 ζωοποιούμενά
1740 1827 1801 1852 ἐστι
1813 1826 1843 1852 δι’

1047 1877 1140 1905 αὐτοῦ.
1155 1877 1192 1904 Τὸ
1217 1877 1245 1903 δὲ
1266 1876 1303 1912 μὴ
1320 1875 1433 1911 μετέχον
1455 1873 1538 1909 ζωῆς,
1567 1873 1624 1899 ἀλλ’
1638 1872 1706 1899 αὐτὸ
1734 1872 1844 1907 μετεχό-

1050 1931 1128 1959 μενον
1145 1923 1191 1949 καὶ
1209 1920 1357 1954 ζωοποιοῦν
1381 1920 1416 1946 τὰ
1433 1919 1578 1953 κτίσματα,
1594 1917 1674 1944 ποίαν
1691 1916 1754 1952 ἔχει
1780 1925 1845 1950 συγ-

1048 1969 1155 2003 γένειαν
1176 1967 1245 2002 πρὸς
1260 1966 1294 1993 τὰ
1310 1965 1426 2000 γενητὰς
1446 1964 1482 1990 ’Ἡ
1501 1963 1559 1994 πῶς
1582 1962 1649 1993 ὅλως
1661 1962 1694 1988 ἂν
1718 1961 1765 1996 εἴη
1791 1962 1843 1988 τῶν

1048 2013 1215 2048 κτισμάτων,
1223 2013 1274 2038 ἆπε
1278 2020 1294 2047 ρ
1301 2011 1330 2036 ὲν
1337 2009 1432 2044 ἐκείνῳ
1440 2008 1515 2044 παρὰ
1529 2006 1576 2034 τοῦ
1593 2007 1681 2040 Λόγου
1699 2005 1840 2037 ζωοποιεὲ

1048 2069 1110 2093 ut;
1129 2059 1241 2094 Χρίσμα
1257 2058 1366 2092 λέγεται
1382 2056 1412 2082 τὸ
1431 2054 1553 2089 Πνεῦμα,
1573 2054 1618 2080 καὶ
1633 2053 1692 2078 ἐστι
1711 2052 1842 2088 σφραγίς.

1056 2107 1085 2135 Ὀ
1101 2106 1149 2142 μὲν
1162 2106 1215 2140 γὰρ
1238 2105 1364 2139 Ἰωάννης
1373 2102 1490 2138 γράφει-ο
1511 2110 1521 2126 ι
1530 2100 1585 2127 Καὶ
1597 2099 1677 2134 ὑμεῖς
1694 2099 1726 2125 τὸ
1740 2099 1843 2134 χρίσμα

1049 2152 1183 2180 aetatem
1201 2151 1264 2185 παρ’
1279 2149 1372 2180 αὑτοῦ,
1394 2148 1467 2183 μένει
1485 2148 1512 2174 ὲν
1540 2147 1613 2181 ὑμῖν.
1625 2145 1682 2172 Καὶ
1696 2145 1731 2171 οὐ
1751 2145 1843 2180 χρείαν

1050 2199 1136 2233 ἔχετε,
1166 2197 1210 2224 ἵνα
1228 2204 1270 2227 τις
1299 2195 1410 2230 διδάσκῃ
1439 2194 1521 2228 ὑμᾶς’
1552 2191 1609 2218 ἀλλ’
1633 2191 1672 2222 ὡς
1696 2190 1731 2216 τὸ
1763 2189 1841 2217 aito;

1050 2244 1180 2279 χρίσμα,›
1197 2241 1228 2268 τὸ
1247 2241 1358 2276 Πνεῦμα
1383 2238 1476 2270 αὑτοῦ,
1502 2247 1511 2264 ι
1529 2238 1646 2264 διδάσκει
1677 2237 1756 2270 ὑμᾶς
1783 2236 1842 2271 περὶ

1051 2289 1170 2316 πάντων.
1239 2296 1248 2312 ι
1264 2286 1308 2312 Ἐν
1318 2285 1346 2311 δὲ
1360 2284 1399 2320 τῷ
1416 2284 1542 2320 προφήτῃ
1556 2282 1653 2317 Ἡσαΐᾳ
1666 2282 1840 2317 γέγραπται·

1054 2340 1065 2357 ι
1084 2331 1194 2366 Πνεῦμα
1210 2329 1312 2365 Κυρίου
1330 2330 1372 2355 ἐπ’
1385 2328 1445 2364 ἐμὲ,
1461 2325 1491 2355 οὗ
1515 2328 1617 2353 εἵνεκεν
1644 2327 1741 2362 ἔχρισὲ
1771 2336 1814 2362 με.
1831 2337 1839 2351 ι

1057 2377 1087 2403 ’0
1113 2377 1140 2403 δὲ
1164 2376 1269 2406 Παῦλός
1291 2383 1387 2409 φησιν·
1419 2383 1428 2399 ι
1455 2374 1497 2400 Ἐν
1515 2370 1538 2407 ᾧ
1559 2373 1605 2399 καὶ
1626 2372 1840 2403 πιστεύσαντες,

1050 2421 1251 2457 ἐσφραγίσθητε
1272 2420 1311 2451 εἰς
1337 2419 1443 2455 ἡμέραν
1470 2417 1696 2453 ἀπολυτρώσεως.
1713 2427 1723 2444 ι
1759 2419 1800 2445 Τὰ
1815 2419 1839 2444 δε

1051 2467 1188 2502 κτίσματα
1265 2465 1352 2501 τούτῳ
1379 2465 1556 2501 σφραγίζεται
1581 2464 1628 2490 καὶ
1653 2464 1779 2499 χρίεται,
1797 2466 1839 2491 καὶ

1048 2511 1113 2546 περὶ
1125 2510 1234 2538 πάντων
1257 2511 1422 2537 διδάσκεται.
1448 2511 1479 2538 Εἰ
1504 2511 1532 2537 δὲ
1548 2511 1578 2536 τὸ
1598 2510 1713 2545 Πνεῦμα
1736 2512 1839 2546 χρίσμα

1048 2557 1095 2584 καὶ
1111 2556 1227 2592 σφραγίς
1242 2557 1326 2589 ἐστιν,
1340 2557 1368 2582 ἐν
1394 2553 1416 2591 ᾧ
1432 2557 1504 2592 χρίει
1519 2557 1566 2583 καὶ
1588 2557 1737 2592 σφραγίξει
1754 2558 1839 2583 πάντα

1047 2606 1062 2632 ὑ
1074 2605 1169 2639 Λόγος·
1188 2604 1252 2631 ποία
1263 2604 1390 2640 ὁμοιότης
1408 2605 1426 2640 ἢ
1443 2604 1543 2639 ίδιότης
1557 2603 1604 2630 τοῦ
1624 2603 1780 2639 χρίσματος
1798 2604 1838 2629 ul

1138 2771 1239 2800 ‘Jnan.
1262 2781 1318 2805 τινι,
1338 2774 1381 2801 Μι.
1429 2773 1439 2789 ¹
1456 2772 1534 2800 Joan.
1550 2781 1606 2803 xw.
1620 2773 1663 2800 26.
1723 2774 1736 2789 ⁸
1755 2774 1832 2800 Rom.

977 2807 987 2822 '
1008 2807 1088 2841 Joan,
1109 2815 1159 2840 vn,
1181 2809 1224 2836 59.
1264 2809 1286 2825 '°
1312 2808 1414 2837 lJoan.
1441 2816 1478 2840 tt,
1503 2808 1549 2836 27.
1589 2809 1608 2824 “
1639 2809 1694 2836 lsa.
1723 2816 1785 2840 th.
1814 2809 1835 2835 ι.
