1891 3076
34 150 76 183 713
492 143 676 176 PANOPLIA
698 142 802 173 DOGM

876 142 924 172 CA.
946 153 980 158 -
995 140 1070 171 ΤΙΤ.
1085 139 1152 170 ΧΙῐ.

1588 133 1640 166 7H

35 211 76 243 τῆς
89 206 225 241 σφραγῖδος
242 205 307 240 πρὸ,
319 204 353 231 τὰ
365 204 495 239 χριόμενα
512 204 559 230 καὶ
573 201 798 237 σφραγιζόμινα;

876 201 983 235 nguenti
1000 204 1027 227 et
1036 199 1116 235 sigilli
1137 206 1197 226 esse
1219 201 1309 233 potest
1335 205 1397 225 cum
1425 198 1467 225 his
1486 197 1568 225 rebus
1580 204 1642 232 quae

33 254 124 282 Οὐκοῦν
141 253 183 280 καὶ
207 251 277 278 κατὰ
304 250 383 277 τοῦτο
406 251 456 277 οὐκ
482 250 514 276 ἂν
536 248 579 284 εἴη
603 249 656 275 τῶν
675 248 797 275 πάντῶν.

33 302 63 327 Οὐ
90 300 138 333 γὰρ
165 299 196 324 ἂν
211 298 253 332 εἴη
286 297 301 331 ἠ
337 298 454 331 σφραγὶς
492 297 523 322 ὲκ
559 295 614 321 τῶν
652 294 800 329 σφραγιζο-

33 347 117 380 μένων,
127 344 182 370 οὐδὲ
197 343 228 369 τδ
243 343 347 377 χρίσμα
361 343 393 369 ὲκ
408 341 463 367 τῶν
475 341 644 376 «χριομένωψ
660 340 717 366 ἀλλ’
734 340 799 366 ὶδιόν

32 395 81 419 ἐστι
93 391 166 418 τοῦτο
179 390 226 416 τοῦ
241 390 365 425 χρίοντος
380 390 427 414 καὶ
439 388 639 422 σφραγίζοντος
653 385 752 420 Λόγου.
764 385 800 412 Τὸ

34 439 76 473 μὲν
85 437 134 472 γὰρ
143 437 245 471 χρίσμα
257 435 307 470 τὴν
316 435 432 462 εὐωδίαν
444 435 492 461 καὶ
507 434 593 467 πνοὴν
603 432 650 460 τοῦ
663 433 802 467 χρίοντοος

33 485 97 519 ἔχει,
111 485 154 510 καὶ
169 483 193 509 οἱ
215 482 352 517 χριόμενοι
372 481 467 508 τούτου
489 479 742 514 μεταλαμϐάνοντες
755 478 801 504 λέ-

34 534 116 562 γ’.υσι’
139 536 147 552 ι
162 526 280 561 Χριστοῦ
295 525 394 552 εὐωδία
407 524 489 558 ἐσμέν
501 532 508 540 ·
524 533 532 549 ι
548 523 563 558 ἡ
576 523 603 549 δὲ
621 523 740 557 σφραγὶς
752 522 802 556 τὴν

37 573 131 609 μορφὴν
145 571 263 607 Χριστοῦ
283 571 330 598 τοῦ
358 570 554 606 σφραγίςοντος
578 568 646 604 ἔχει,
667 569 715 595 καὶ
734 567 801 594 ταύ-

32 627 72 653 της
86 619 108 644 οἱ
130 617 343 652 σφραγιζὸμενοι
366 616 521 650 μετέχουσι,
538 613 723 649 μορφοὺμενοι
740 613 801 639 κατ’

31 665 112 699 cit-qv,
127 664 250 698 λέγοντος
266 663 313 689 τοῦ
329 662 493 688 Ἀποστόλου
508 669 514 677 ⁸
532 671 540 686 ι
565 661 665 687 Τεκνία
681 669 744 695 μου,
754 658 803 690 οὒς

32 710 100 735 πάλιν
113 709 209 740 ὠδίνω,
229 709 308 743 ἄχρις
320 704 350 734 οὗ
368 706 500 741 μορφωθῇ
516 705 634 741 Χριστὸς
649 706 678 732 ὲν
696 705 769 740 ὑμῖν.
791 713 800 730 ι

31 754 98 780 Uitta)
129 753 155 779 δὲ
185 752 415 787 αφραγιζὸμενοι,
448 750 564 781 εἰκότως
596 749 643 776 καὶ
679 748 804 776 κοινωνοὶ

31 801 94 830 ista;
116 799 222 834 φύσεως
243 797 392 832 γινόμεθα,
416 796 454 828 ὡς
478 793 557 823 εἶπεν
581 796 595 821 ὁ
618 794 731 830 Πέτρος,
756 794 805 821 καὶ

31 845 89 872 οὓτω
116 846 225 880 μετέχει
254 845 329 871 πᾶσα
358 845 374 878 ἡ
401 843 490 874 κτίσις
512 841 561 869 τοῦ
590 841 739 876 ΔόγοιΓὲν
767 840 806 876 τῷ

31 891 151 927 Πνιύματι
164 891 264 927 [Ματρί
278 891 320 918 ed.
339 889 467 925 Moldav.]

111 934 163 960 Καὶ
180 932 225 959 διὰ
241 931 288 958 τοῦ
305 930 462 966 Πνεύματος
474 929 609 965 λεγόμεοα
627 929 728 960 πάντες
739 929 806 964 μέτ-

31 986 74 1014 >χοι
95 977 140 1004 τοῦ
154 977 234 1004 Θεοῦ·
262 986 271 1002 ι
291 977 347 1003 Οὐκ
370 976 469 1007 οἴδατε,
500 976 554 1011 γάρ
569 983 660 1011 φησιν,
686 975 727 1002 ὅτι
743 975 806 1007 ναὸς

31 1024 82 1051 9εοῦ
95 1025 166 1056 ἐστε,
181 1024 231 1051 καὶ
242 1024 273 1051 τὸ
290 1023 401 1058 Πνεῦμα
411 1022 459 1049 τοῦ
470 1022 537 1048 Θεοῦ
553 1022 581 1048 ὲν
595 1022 659 1057 ὑμῖν
670 1023 757 1054 οἰκεῖς
773 1021 808 1049 Εῐ

31 1080 59 1102 τις
67 1071 109 1098 τὸν
122 1072 184 1098 ναὸν
199 1070 245 1097 τοῦ
271 1069 338 1096 Θεοῦ
352 1068 466 1104 φθείρει,
483 1067 578 1104 φθερεῖ
600 1068 694 1095 τοῦτον
704 1069 718 1095 ὁ
729 1068 804 1099 Θεός.

31 1116 53 1143 '0
73 1117 123 1152 γὰρ
138 1117 203 1148 ναὸς
226 1115 273 1142 τοῦ
305 1114 373 1142 Θεοῦ
403 1114 479 1148 ἆγιός
505 1115 589 1146 ἐστιν,
617 1113 714 1146 οἵτινές
741 1115 802 1141 ἐστε

31 1164 117 1196 ιμεῐς.»
132 1163 164 1189 Et
181 1162 285 1196 κτίσμα
302 1161 330 1187 δὲ
345 1158 379 1195 ἦν
402 1160 432 1187 τὸ
452 1159 565 1195 Πνεῦμα
593 1160 624 1186 τὸ
651 1159 739 1193 ἆγιον,
756 1160 806 1187 οὐκ

31 1210 50 1236 ἱν
63 1218 103 1240 τις
117 1210 145 1235 ὲν
161 1209 238 1244 αὐτῷ
256 1208 386 1244 μετουσία
412 1207 459 1234 τοῦ
473 1206 540 1233 Θεοῦ
558 1206 663 1241 γένοιτο
720 1205 784 1240 ἡμῖν
797 1214 804 1221 ·

31 1254 71 1280 nr
87 1255 102 1290 ἢ
119 1256 173 1290 ἄρα
191 1256 320 1290 κτίσματι
347 1254 396 1289 μὲν
412 1252 614 1288 συνηπτόμεθα,
630 1252 765 1288 ἀλλότριοι
778 1252 806 1278 δὲ

31 1301 64 1336 ῆς
79 1301 152 1333 Θείας
169 1302 279 1336 φύσεως
307 1299 463 1335 ἐγινόμεθα,
496 1299 533 1330 ὠς
560 1299 630 1326 κατὰ
653 1298 735 1334 μηδὲν
756 1298 805 1324 αὺ-

31 1347 62 1382 ῐῆς
130 1347 302 1382 μετέχοντες.
332 1346 390 1373 Νῦν
418 1345 457 1376 δὲ.
474 1345 519 1372 ὅτε
548 1344 683 1380 λεγόμεοα
700 1344 806 1379 μέτοχοι

31 1392 129 1426 (ριστοῦ
160 1393 209 1420 καὶ
240 1393 346 1428 μέτοχοι
374 1391 451 1424 Θεοῦ,
477 1391 614 1418 δείκνυται
639 1391 669 1416 τὸ
698 1390 727 1416 ἐν
742 1391 808 1424 ἡμῖν

31 1437 116 1472 [ρίσμα
133 1439 181 1464 καὶ
198 1439 216 1473 ή
248 1438 365 1474 σφραγὶς
391 1437 428 1472 μὴ
452 1434 520 1463 οὖσα
536 1436 586 1470 τῆς
601 1434 656 1462 τῶν
686 1433 808 1469 γενητῶν

31 1482 130 1515 ήσεως,
142 1484 212 1510 ἀλλὰ
228 1484 277 1518 τῆς
343 1483 389 1510 τοῦ
402 1482 477 1515 Υἱοῦ,
486 1482 529 1509 διὰ
539 1481 584 1508 τοῦ
596 1483 624 1508 ὲν
636 1481 710 1516 αὐτῷ
726 1480 810 1507 Πνεῦ-

31 1537 97 1560 tam;
115 1531 300 1561 συνάπτοντος
326 1530 400 1565 ἡμᾶς
430 1529 470 1564 τῷ
497 1528 595 1564 Πατρί.
625 1527 710 1554 Τοῦτο
726 1528 809 1564 γὰρὸ

33 1575 156 1611 Ιωὰννης,
175 1577 215 1608 ὼς
230 1577 259 1602 ὲν
285 1577 340 1607 τοῖς
368 1575 522 1611 ἔμπροσθεν
537 1575 653 1610 εἴρηται,
678 1574 810 1602 διδάσκων

32 1621 138 1656 γραψεν·
159 1631 168 1648 ι
196 1622 241 1649 Ἑν
268 1622 354 1657 τούτῳ
371 1621 551 1656 γινώσκομεν,
569 1621 610 1648 ὅτι
631 1621 660 1647 ἐν
683 1620 722 1656 τῷ
752 1620 811 1656 Θεῷ

31 1666 139 1702 ιένομῖν,
153 1669 202 1695 καὶ
219 1668 299 1700 αὐτὸς
314 1669 344 1694 ὲν
369 1669 446 1703 ἡμῖν,
469 1668 509 1694 ὅτι
534 1668 566 1693 ὲκ
584 1666 631 1693 τοῦ
652 1666 811 1702 Πνεύματος

35 1713 93 1739 ὑτοῦ
109 1715 194 1746 αὐτὸς
211 1714 310 1741 ἔδωκεν
321 1715 397 1749 ἡμῖν.
418 1723 426 1740 ι
445 1714 475 1739 Εἰ
506 1713 534 1742 δὲ
548 1714 580 1748 τῇ
596 1712 642 1738 τοῦ
654 1713 812 1748 Πνεῦματος

31 1760 144 1795 isto-ni;
154 1760 290 1795 γινόμεθα
312 1759 434 1786 κοινωνοὶ
463 1758 538 1789 θείας
559 1758 676 1793 φύσεως,
697 1758 812 1793 μαίνοιτ’

32 1812 44 1828 ν
57 1812 97 1834 τις
109 1804 202 1839 λέγων
219 1805 249 1832 τὸ
264 1804 374 1838 Πνεῦμα
386 1805 433 1839 τῆς
448 1804 558 1839 κτιστῆς
573 1803 691 1838 φύσεως,
712 1804 759 1830 καὶ
774 1803 812 1839 μὴ

31 1849 62 1884 ἧς
74 1851 121 1877 τοῦ
137 1851 220 1878 Θεοῦ.
232 1851 279 1877 Διὰ
291 1851 370 1877 τοῦτο
387 1850 441 1886 γὰρ
455 1852 503 1878 καὶ
520 1852 548 1877 ὲν
561 1849 600 1882 οἷς
612 1850 726 1885 γίνεται,
736 1847 808 1876 οὗτοι

31 1895 201 1923 εοποιοῦνται
221 1905 229 1912 ·
301 1897 322 1922 εἰ
339 1896 366 1923 δὲ
381 1896 506 1928 θεοποιεῖ,
525 1897 573 1923 οὐκ
589 1895 747 1931 ἀμφίϐολον,
767 1895 807 1923 ὅτι

44 1941 137 1967 τούτου
154 1942 239 1975 φύσις
256 1942 322 1969 Θεοῦ
337 1943 402 1970 ἐστι.
417 1942 471 1969 Καὶ
484 1942 524 1969 ἔτι
540 1943 568 1968 δὲ
655 1941 808 1977 φανερώτε-

31 1995 54 2012 av
65 1988 106 2019 είς
118 1988 265 2023 ἀναίρεσιν
291 1988 340 2024 τῆς
359 1989 490 2024 αἱρέσεως
507 1987 608 2023 ταύτης
635 1989 662 2014 ὲν
691 1987 729 2022 τῷ
745 1988 808 2014 ἐχα-

31 2034 94 2069 ῑπτῴ
111 2035 203 2071 τρίτῳ
226 2035 326 2070 ψαλμῷ
335 2035 438 2071 ᾄδεται,
463 2035 500 2067 ὠς
517 2034 669 2070 ἔμπροσθεν
685 2035 806 2069 εἴπομεν·

42 2080 218 2112 Ἀντανελεῖς
228 2080 258 2107 τὸ
273 2081 380 2116 πνεῦμα
398 2081 498 2115 αὐτῶν,
513 2081 560 2107 καὶ
579 2080 744 2115 ὲκλείψουσι,
762 2080 808 2106 καὶ

33 2134 45 2156 ς
58 2126 104 2153 τὸν
121 2126 192 2162 χοῦν
209 2127 299 2155 αὐτῶν
324 2127 541 2162 ἐπιστρέφουσιν.
565 2126 768 2158 Ἐξαποστελεῖς
779 2125 808 2153 τὸ

31 2171 120 2208 νεῦμά
140 2181 204 2205 σου,
231 2173 276 2200 καὶ
299 2173 501 2209 κτισθήσονται,
528 2173 574 2199 καὶ
600 2173 765 2203 ἀνακαινιεῐς
779 2171 810 2198 τὸ

31 2218 155 2253 ρόςωπον
171 2220 225 2254 τῆς
243 2219 320 2254 γῆς.»
342 2220 370 2246 'U
385 2219 413 2245 δὲ
430 2218 535 2249 Παῦλος
552 2218 651 2253 γράφει

31 2264 69 2291 iri
84 2265 208 2301 λουτροῦ
224 2265 434 2300 παλιγγενεσίας
447 2265 494 2292 καὶ
507 2263 714 2295 ἀνακαινώσεως
725 2263 810 2290 Ilvati-

31 2319 87 2341 ιτος
100 2311 199 2344 ἁγίου,
212 2307 241 2336 οῦ
257 2310 362 2346 ἐξέχεεν
376 2311 418 2345 ἐφ’
438 2311 512 2346 ἡμᾶς
525 2309 661 2342 πλουσίως
689 2309 730 2336 διὰ
755 2310 808 2345 Ἰη-

34 2355 47 2381 ῦ
66 2356 226 2392 Χριστοῦ.)
246 2356 276 2382 Ei
293 2356 321 2382 δὲ
335 2357 349 2382 ὁ
364 2355 459 2391 Πατὴρ
469 2355 512 2382 διὰ
522 2355 568 2381 τοῦ
588 2355 673 2389 Λόγου
690 2356 718 2381 ἐν
729 2354 810 2381 Πνεύ-

31 2412 67 2429 ιτι
85 2404 163 2439 ἁγίῳ
254 2402 340 2434 κτίζει
371 2402 405 2429 τὰ
430 2402 528 2434 πάντα,
558 2401 604 2427 καὶ
630 2399 806 2433 ἀνακαινίζειε

31 2448 63 2475 μία
79 2449 221 2484 ὁμοιότης
252 2448 268 2483 ἣ
300 2447 444 2482 συγγένεια
467 2447 506 2482 τῷ
534 2447 653 2479 κτίζοντι
683 2447 750 2481 πρὸς
776 2447 810 2474 τὰ

36 2496 166 2530 {agat-x1;
191 2495 227 2520 ἺῙ
245 2495 312 2526 ὅλως
332 2494 389 2526 πῶς
412 2494 444 2521 ἂν
455 2494 509 2530 εἴη,
540 2494 570 2520 ὲν
597 2490 618 2527 ᾦ
641 2493 762 2525 κτίζεται
776 2494 809 2519 τὰ

31 2550 99 2573 εντα,
115 2541 246 2575 iniqu;
270 2540 425 2566 Ἀκολουοεῖ
451 2539 505 2576 γὰρ
526 2541 559 2575 τῇ
576 2538 689 2574 τοιαύτῃ
703 2539 808 2574 δυσφη-

31 2597 48 2622 ᾳ
69 2589 121 2614 καὶ
138 2589 158 2622 ἡ
178 2588 220 2617 εἰς
231 2587 275 2612 τὸν
296 2587 361 2613 Υἱὸν
391 2586 551 2622 βλασφημία
578 2593 586 2600 ⁵
661 2586 731 2612 ὥστε
746 2586 810 2617 τοὺς

31 2642 133 2668 ἵοντας
150 2634 186 2660 τὸ
206 2632 318 2668 Πνεῦμα
335 2633 437 2669 κτίσμα
462 2635 559 2666 εἰπεῖν,
574 2634 614 2660 ὅτι
626 2633 672 2660 καὶ
684 2632 698 2658 ὁ
712 2632 809 2666 Λόγος,

39 2679 70 2707 οὗ
86 2681 126 2706 τὰ
142 2680 240 2706 πάντα
252 2679 384 2712 κτίζεται,
414 2680 517 2715 κτίσμα
546 2680 628 2706 ἐστίν.
656 2678 743 2706 Είκὼν
763 2677 809 2704 ’τοῦ

31 2726 61 2753 οῦ
75 2727 261 2759 λέγεταικαὶ
278 2726 334 2753 ἔστι
349 2727 378 2753 τὸ
394 2726 516 2760 Πνεῦμα·
536 2736 544 2751 ι
556 2725 608 2758 Οὓς
628 2736 636 2752 t
655 2725 709 2759 γὰρ
729 2733 810 2759 «προ-

853 252 991 282 ungnutur
1005 250 1031 273 et
1048 244 1209 280 signantur?
1223 243 1321 279 Nequit
1337 244 1450 279 proinde
1464 243 1522 270 ﬁeri
1536 248 1565 270 ut
1584 243 1642 278 ipse
1686 258 1687 261 η

853 294 924 320 inter
931 300 975 319 res
982 299 1076 319 omnes
1082 296 1249 318 numeretur.
1259 289 1312 317 Nec
1320 290 1391 316 enim
1399 289 1497 325 aliquis
1504 297 1537 316 ex
1547 289 1642 324 hisqui

853 338 1006 372 signantur,
1020 336 1141 371 sigillum
1153 336 1211 371 ipse
1224 335 1356 362 dicendus
1372 335 1407 362 sit
1424 343 1431 362 :
1448 343 1500 362 nec
1515 334 1642 362 similiter

853 384 952 418 aliquis
963 391 996 410 ex
1012 383 1054 410 his
1073 390 1118 417 qut
1141 386 1289 417 unguntur,
1304 385 1471 413 unguentum
1493 381 1563 408 idem
1580 385 1642 408 erit.

855 429 907 457 Sed
922 429 948 457 id
967 428 1106 463 proprium
1123 433 1165 455 est
1191 427 1317 462 ungentis
1341 432 1369 454 et
1392 427 1525 461 signantis
1549 425 1642 453 Verbi.

856 473 1026 509 Unguentum
1039 473 1148 508 quidem
1166 472 1292 507 ungentis
1314 471 1475 498 suavitatem
1493 477 1519 498 et
1531 471 1644 499 odorem

854 520 962 552 retinet,
973 519 1049 554 cujus
1064 519 1209 554 participes
1222 517 1286 546 facti
1301 518 1346 553 qui
1364 523 1512 553 unguntur,
1525 519 1641 546 dicunt:

858 574 867 591 (
884 564 985 591 Christi
1002 564 1091 591 bonus
1108 564 1175 591 odor
1191 571 1288 590 sumus
1316 565 1334 589 '.
1352 572 1361 588 ι
1382 562 1508 598 Sigillum
1524 571 1589 590 vero
1606 563 1645 590 si-

855 611 963 646 gnantis
976 610 1077 637 Clu-isti
1093 609 1208 644 eﬂigicm
1230 613 1329 641 servat,
1343 610 1421 644 cujus
1437 610 1484 645 qui
1504 610 1647 645 signantur

853 657 1000 693 participes
1013 657 1112 690 eﬂ'ecti,
1125 657 1158 684 ad
1174 664 1233 684 eam
1247 656 1464 689 conformantur,
1483 663 1512 685 ut
1526 653 1647 693 aitA'po-

856 703 942 731 stolus
958 712 964 730 :
988 712 998 729 ι
1018 702 1107 730 Filioli
1125 703 1189 734 mei,
1205 711 1274 738 quos
1291 703 1388 730 iterum
1413 704 1543 738 partui-io,
1560 705 1647 732 donec

855 748 988 776 formetur
1010 747 1135 775 Christus
1155 748 1183 775 in
1207 748 1285 775 vobis
1315 747 1335 775 ‘.
1356 756 1365 773 ι
1390 747 1447 774 lloc
1460 753 1549 775 autem
1565 747 1647 775 modo

855 794 964 830 signati,
980 795 1174 822 convenienter
1193 793 1293 821 divina:
1309 799 1413 821 natura:
1430 798 1571 822 consortes
1587 794 1647 821 red-

854 842 956 875 dimur,
971 842 1009 869 uti
1024 842 1102 868 docet
1117 840 1215 868 Petrus
1240 837 1251 852 ³
1269 849 1275 867 :
1294 844 1376 876 atque
1399 841 1435 867 ita
1455 840 1589 868 universae
1603 848 1648 868 res

855 893 952 916 creatae
964 887 1045 914 Verbi
1061 887 1087 914 in
1105 886 1207 922 Spiritu
1222 886 1291 913 [lunt
1304 886 1459 921 participes.

885 930 893 938 ⁵
948 934 1050 962 Omnes
1065 934 1192 960 similiter
1215 941 1263 968 per
1280 933 1412 968 Spiritum
1436 934 1483 961 Ι)οἰ
1503 935 1650 970 participes

855 980 982 1008 dicimur.
1002 989 1011 1005 ι
1028 978 1155 1012 Nescitis,
1167 979 1266 1014 inquit,
1282 980 1345 1014 quia
1363 981 1493 1015 templum
1510 980 1555 1008 Dei
1569 981 1648 1015 estis,

856 1029 882 1052 et
891 1024 1009 1060 Spiritus
1022 1025 1068 1052 Dei
1083 1024 1188 1052 habitat
1200 1024 1226 1052 in
1239 1025 1337 1052 vobis?
1350 1024 1378 1052 Si
1389 1026 1451 1060 quis
1461 1027 1590 1061 templum
1600 1026 1648 1054 Dei

855 1071 1008 1104 violaverit,
1020 1070 1159 1106 disperdet
1173 1070 1249 1097 illum
1262 1070 1345 1099 Deus.
1359 1069 1501 1106 Templum
1514 1072 1586 1099 enim
1601 1072 1648 1100 Dei

855 1121 981 1145 sanctum
996 1120 1048 1148 est,
1062 1116 1134 1151 quod
1145 1117 1211 1144 estis
1224 1124 1274 1144 vos
1296 1117 1318 1144 ⁸.
1332 1126 1341 1143 ι
1359 1116 1411 1144 Sed
1427 1118 1449 1144 si
1459 1117 1575 1152 Spiritus
1584 1126 1649 1146 san-

856 1166 916 1189 ctus
930 1169 972 1189 res
988 1165 1080 1189 creata
1092 1167 1163 1190 esset
1176 1181 1183 1193 ,
1200 1163 1273 1190 nulla
1289 1171 1354 1191 sane
1377 1164 1421 1190 Dei
1434 1164 1649 1192 communicatio

856 1208 936 1235 nobis
953 1208 980 1235 in
999 1207 1058 1242 ipso
1069 1213 1158 1241 esset;
1175 1209 1221 1237 sed
1236 1210 1274 1236 rei
1291 1213 1390 1236 creatae
1405 1209 1648 1244 coniungeremur,

856 1257 884 1281 et
893 1253 992 1281 divinae
1003 1259 1107 1282 natura:
1114 1255 1195 1282 alieni
1204 1263 1339 1288 essemus,
1347 1260 1441 1290 utpote
1450 1257 1524 1284 nulla
1533 1257 1560 1284 in
1573 1261 1650 1292 parte

857 1299 917 1333 ejus
933 1297 996 1326 facti
1013 1300 1170 1334 participes.
1188 1299 1267 1328 Nunc
1285 1309 1348 1328 vero
1361 1309 1423 1329 cum
1444 1302 1545 1330 Christi
1559 1307 1585 1330 et
1603 1303 1650 1331 Dei

857 1344 1003 1379 participes
1016 1345 1150 1378 dicamur,
1163 1346 1258 1380 utique
1270 1351 1373 1374 constat
1389 1353 1557 1383 unguentum
1571 1353 1597 1376 et
1613 1350 1651 1377 si-

859 1390 966 1425 gillum,
981 1391 1053 1425 quod
1068 1391 1096 1418 in
1111 1392 1191 1420 nobis
1208 1397 1259 1425 est,
1277 1400 1330 1420 non
1347 1393 1380 1420 ad
1395 1401 1487 1422 rerum
1504 1394 1649 1427 factarum,

860 1436 906 1464 sed
922 1437 955 1464 ad
975 1436 1034 1464 Filii
1054 1441 1179 1465 naturam
1202 1438 1346 1473 pertinere,
1363 1439 1408 1474 qui
1430 1447 1480 1467 nos
1494 1448 1541 1475 per
1564 1441 1651 1475 Spiri-

861 1486 929 1516 tum,
942 1483 989 1518 qui
1005 1483 1030 1509 in
1046 1484 1105 1518 ipso
1125 1489 1177 1517 est,
1196 1483 1271 1511 Patri
1287 1485 1438 1521 conjungit.
1463 1485 1581 1520 ldipsum
1601 1495 1650 1515 nos

860 1526 992 1560 Joannes,
1003 1527 1040 1555 uti
1054 1535 1137 1562 supra
1151 1528 1253 1555 dictum
1266 1529 1369 1560 est,his
1381 1528 1470 1557 verbis
1482 1529 1578 1557 docet:
1596 1539 1606 1555 ι
1622 1530 1650 1558 In

863 1573 915 1601 hoc
923 1573 1113 1608 cognoscimus
1121 1575 1185 1608 quia
1194 1575 1220 1601 in
1231 1574 1285 1602 Deo
1303 1583 1455 1609 manemus,
1464 1576 1553 1611 etipse
1561 1576 1586 1603 in
1602 1584 1653 1603 no-

868 1619 928 1653 bis;
942 1620 1071 1655 quoniam
1085 1621 1117 1648 de
1125 1621 1226 1656 Spiritu
1237 1629 1286 1649 suo
1298 1622 1458 1650 deditnobis
1478 1625 1514 1650 υ.»
1527 1623 1554 1650 Si
1570 1631 1651 1658 porro

861 1665 981 1700 Spiritus
1000 1666 1250 1695 communicatione
1271 1667 1370 1695 divinae
1387 1673 1491 1696 natura
1507 1674 1652 1696 consortes

859 1711 1004 1743 etlicimur,
1016 1719 1096 1739 nemo
1115 1717 1189 1739 certe
1205 1712 1256 1740 nisi
1273 1713 1386 1740 insanus
1403 1713 1502 1740 dixerit
1516 1712 1649 1748 Spiritum

861 1765 916 1784 non
933 1757 991 1790 Dei,
1006 1759 1052 1785 sed
1067 1764 1165 1786 creatae
1179 1765 1240 1786 esse
1255 1764 1368 1786 natura.
1383 1758 1438 1786 Nec
1452 1759 1523 1786 enim
1550 1759 1601 1787 alia
1618 1760 1651 1787 de

861 1809 944 1830 causa
960 1803 987 1830 hi
1002 1803 1027 1830 in
1043 1804 1143 1838 quibus
1161 1805 1205 1831 ille
1218 1808 1270 1836 est,
1285 1805 1322 1832 dii
1344 1805 1506 1833 eiliciuntur.
1531 1805 1609 1838 Quod
1628 1806 1651 1832 si

858 1853 924 1880 deos
944 1853 1035 1884 efficit,
1057 1852 1170 1880 dubium
1194 1860 1246 1879 non
1264 1857 1316 1884 est,
1332 1853 1399 1887 quin
1419 1852 1476 1887 ejus
1489 1857 1586 1880 natura
1605 1854 1651 1880 Dei

858 1899 903 1925 sit.
919 1897 997 1931 Quod
1023 1894 1086 1925 item
1114 1898 1262 1926 centesimo
1287 1899 1367 1926 tertio
1394 1899 1499 1934 psalmo
1523 1900 1646 1931 habetur.

857 1943 960 1971 clarius
973 1943 1062 1970 adhuc
1075 1949 1265 1978 argumentum
1282 1945 1312 1971 ad
1327 1945 1428 1972 hancce
1439 1945 1564 1973 hrcresim
1573 1953 1648 1973 evor-

858 1989 966 2017 tcndam
985 1990 1065 2017 nobis
1077 1989 1242 2024 suppeditat,
1256 1995 1285 2017 ut
1299 1991 1354 2025 jam
1367 1992 1546 2019 monuimus:
1564 2001 1572 2017 ι
1590 1992 1647 2018 An-

858 2035 927 2063 icres
945 2035 1070 2070 spiritum
1090 2043 1195 2068 eorum,
1305 2041 1331 2062 et
1349 2036 1485 2069 deficient,
1499 2042 1525 2064 et
1545 2038 1570 2063 in
1586 2037 1647 2071 pul-

857 2089 947 2108 verem
961 2089 1041 2108 suum
1054 2086 1233 2108 revertentur.
1251 2081 1363 2110 Emittes
1376 2082 1505 2117 Spiritum
1518 2088 1604 2116 tuum,
1621 2087 1648 2110 et

857 2127 1034 2158 creabuntur,
1047 2131 1074 2154 et
1091 2127 1236 2154 renovabis
1251 2126 1347 2154 faciem
1363 2132 1441 2156 terra:
1466 2130 1486 2154 ⁸.
1498 2138 1507 2154 ι
1531 2128 1563 2155 Et
1578 2123 1647 2155 Pau-

857 2173 899 2201 lus
914 2173 970 2200 haec
981 2172 1043 2200 Tito
1059 2173 1153 2201 scribit
1166 2183 1172 2200 :
1191 2182 1200 2198 ι
1213 2172 1265 2200 Per
1279 2173 1418 2200 lavacrum
1431 2174 1647 2208 regenerationis

713 2216 785 2250 Τίτῳ
800 2225 806 2233 ⁸
823 2215 844 2242 Ι)
857 2225 884 2247 et
901 2219 1085 2247 renovationis
1101 2218 1219 2254 Spiritus
1234 2220 1332 2253 sancti,
1350 2227 1430 2254 quem
1449 2219 1544 2247 etfudit
1556 2221 1582 2247 iu
1597 2228 1647 2247 nos

857 2266 964 2294 abunde
973 2273 1019 2301 per
1029 2265 1122 2293 Jesum
1131 2266 1269 2293 Christum
1294 2268 1314 2292 ⁷.
1329 2275 1338 2292 ›
1351 2265 1378 2292 Si
1400 2265 1482 2300 igitur
1496 2265 1575 2293 Pater
1588 2273 1648 2292 om-

859 2312 903 2340 nia
928 2319 975 2347 per
993 2311 1110 2339 Verbum
1138 2312 1164 2338 in
1183 2311 1285 2346 Spiritu
1311 2316 1428 2338 creat-et
1439 2316 1549 2338 renovat
1565 2320 1572 2338 :
1588 2319 1649 2346 qua:

858 2358 1009 2386 similitudo
1025 2363 1072 2385 aut
1085 2357 1213 2393 cognatio
1228 2358 1347 2385 creantis
1359 2365 1420 2385 cum
1437 2357 1519 2385 rebus
1530 2357 1649 2385 creatis?

858 2402 906 2430 Vel
928 2403 974 2437 qni
992 2403 1103 2430 omnino
1140 2403 1198 2429 ﬁeri
1221 2407 1304 2437 queat
1329 2406 1359 2429 ut
1379 2403 1424 2430 illc
1440 2411 1484 2430 res
1506 2403 1541 2431 sit
1556 2409 1646 2431 creata

858 2451 885 2477 in
900 2458 955 2484 quo
970 2449 1063 2477 omnia
1081 2449 1232 2477 creantur?
1246 2449 1318 2476 Sane
1331 2457 1393 2477 cum
1413 2450 1495 2484 impia
1510 2450 1561 2477 hac
1583 2457 1648 2477 sett-

858 2497 941 2524 tentia
954 2496 996 2523 illa
1012 2496 1129 2522 cohmret
1149 2503 1210 2530 qua:
1226 2494 1288 2522 Filii
1306 2495 1476 2522 divinitatem
1495 2495 1647 2531 impugnat,

859 2544 895 2569 ita
914 2541 998 2575 utqui
1013 2540 1145 2575 Spiritum
1161 2549 1218 2567 rem
1235 2545 1355 2567 creatam
1370 2549 1430 2568 esse
1443 2541 1646 2575 contenderim,

857 2587 967 2615 eosdem
980 2587 1058 2614 fateri
1079 2594 1191 2614 necesse
1206 2588 1241 2614 sit
1257 2586 1386 2619 Verbum,
1404 2595 1450 2622 per
1465 2587 1537 2622 quod
1556 2588 1648 2615 omnia

857 2639 997 2667 creantur,
1012 2642 1067 2662 rem
1082 2642 1191 2669 quoque
1212 2639 1329 2661 creatam
1349 2642 1419 2661 csso.
1439 2634 1542 2661 Addam
1561 2634 1649 2668 Spiri-

856 2683 913 2705 tum
933 2677 1078 2714 imaginem
1093 2677 1152 2704 Filii
1166 2682 1193 2704 et
1205 2678 1369 2706 dit’ictcsse.
1383 2678 1462 2711 Nam,
1474 2688 1483 2703 ι
1494 2678 1568 2711 Quos
1580 2686 1648 2712 pra:-

856 2727 936 2753 scitit
947 2730 973 2753 ct
985 2726 1187 2760 praedestinavit
1198 2725 1353 2753 cor-formes
1373 2726 1429 2752 tiet‘i
1444 2725 1570 2758 imaginis
1586 2724 1647 2752 Filii

31 2816 35 2830 '
54 2816 76 2844 ll
89 2815 164 2844 Cor.
184 2821 216 2845 ll,
233 2813 277 2840 15.
308 2813 318 2828 ¹
331 2812 421 2840 Galat.
437 2820 473 2845 tv,
495 2812 538 2840 19.
563 2812 608 2840 ³11
626 2814 700 2841 Pctr.
717 2812 776 2847 1,4.

876 2820 914 2840 or.
928 2819 967 2846 In,
990 2811 1090 2845 16,17.
1124 2810 1249 2839 'Hoan.
1265 2817 1303 2845 tv,
1332 2810 1374 2838 l5.
1416 2811 1426 2826 '
1445 2809 1519 2838 Psal.
1535 2809 1649 2842 c1529,

31 2873 34 2879 .
72 2861 78 2868 ·
102 2851 168 2879 Tit.
190 2849 270 2880 tn,5.

171 2899 312 2930 PATROL.
335 2898 395 2929 Gn.
416 2897 548 2929 CXXX.

1427 2893 1466 2923 23
