1891 3076
46 135 109 168 ἼΓΙ

52 206 82 230 εἰ
106 214 118 230 ε
136 205 226 237 οὐδεὶς
239 203 292 232 οἶδε
310 206 344 232 τὰ
360 207 406 233 τοῦ
428 207 495 235 Θεοῦ
512 227 519 238 ,

44 251 104 277 τοῦ
123 251 195 278 Θεοῦ
207 253 236 278 τὺ
252 253 280 279 ἐν
295 253 377 288 αὐτῷ·
387 264 395 279 ι
416 255 465 281 οὐκ
480 254 536 281 ἔστι
551 255 579 282 δὲ
593 255 666 292 παρά
679 256 718 290 τῷ
732 255 802 292 Θεῷ,
820 256 857 288 ὡς

45 295 137 324 εἶπεν
145 299 160 323 6
173 298 308 330 Ίὰκωεος,
320 309 328 325 ‹
340 300 524 336 παραλλαγὴῆ
535 303 637 338 τροπῆς
651 303 835 338 ἁποσκίασμι¹
845 313 853 328 ι

45 343 83 368 ἐν
104 342 148 377 τῷ
162 343 221 379 Θεῷ
235 343 264 371 ὃν
279 344 310 371 τὸ
340 346 452 381 Πνεῦμα
477 346 507 372 τὸ
529 348 616 382 ἅγιον,
637 349 748 380 είκότως
762 349 794 375 ἂν
813 350 854 384 εἴη

44 389 194 424 ἄτρεπτον
207 391 253 416 καὶ
266 390 473 426 ἀπαράλλακτον
485 393 532 419 καὶ
544 393 689 429 ἄφθαρτον.
711 393 743 419 'H
758 393 786 419 δὲ
798 393 853 419 τῶν

44 435 182 470 γενητῶν
198 436 244 462 καὶ
255 436 307 462 τῶν
320 438 434 464 κτιστῶν
460 438 539 472 φύσις
555 441 612 466 ἐστὶ
626 440 740 476 τρεπτὴ,
757 440 803 467 ᾶτε
820 441 851 476 δὴ

44 481 158 513 ἔξωθεν
244 480 310 509 οὗτοι
325 484 374 518 τῆς
387 484 433 510 τοῦ
445 484 512 511 Θεοῦ
526 485 629 517 οὐσίας,
648 486 694 512 καὶ
709 485 739 518 ἐξ
754 487 804 513 οὐκ
812 486 853 513 ὃν·

43 535 108 552 των
127 527 277 554 ὑποστᾶσα·
296 538 304 554 ‹
319 530 373 560 πᾶς
389 539 397 555 ι
417 530 466 564 μὲν
481 531 535 566 γὰρ
554 541 563 556 ‹
580 531 731 567 ἄνθρωπος,
746 541 755 558 ι
772 533 850 566 φησὶ,

47 580 58 594 ε
78 570 231 606 ψεύστης.»
248 573 312 605 Καὶ,
346 583 355 599 ι
380 575 480 607 πάντες
496 576 628 612 ἥμαρτον,
641 578 688 604 καὶ
705 579 850 614 ὑστεροῦν-

43 624 96 641 ται.
116 617 168 651 τῆς
181 616 259 652 δόξης
274 618 322 644 τοῦ
338 619 416 646 Θεοῦ.
441 621 586 656 ’Λγγέλους
603 623 631 649 δὲ
733 626 797 657 τοὺς
813 626 849 661 μὴ

43 662 228 697 τηρήσαντας
245 664 293 699 τὴν
307 665 411 693 ἑαυτῶν
440 667 537 702 ἀρχὴν,
555 668 610 695 ἀλλ’
626 670 806 703 ἀπολιπόντας
821 673 850 698 τὺ

45 707 121 734 ἴδιον
138 710 306 745 οἰκητήριον,
323 712 363 743 είς
377 712 467 747 κρίσιν
482 714 603 749 μεγάλης
616 715 722 751 ἡμέρας
741 717 849 752 δεσμοῖς

44 753 152 785 ἀϊδίοις
165 755 218 781 ὑπὸ
231 755 311 790 ζόφον
326 757 486 793 τετήρηκεν.
505 768 514 784 ι
536 760 579 786 Ἐν
597 760 624 786 δὲ
637 761 675 796 τῷ
695 761 765 788 Ἱώ6”
786 773 795 788 ι
815 764 848 790 Et

44 798 125 824 κατὰ
139 799 225 833 ἁγίων
233 800 356 834 ἀγγέλων
442 803 524 830 αὑτοῦ
537 805 567 830 οὐ
578 805 710 839 πιστεύει,
728 807 799 834 κατὰ
820 809 848 835 δὲ

43 843 180 877 ἀγγέλων
209 845 291 872 αὑτοῦ
316 847 421 874 σκολιόν
442 857 468 874 τι
494 850 649 885 ἐπενόησεν·
667 851 754 887 ἄστρα
771 853 799 880 δὲ
815 855 845 880 οὐ

44 888 163 924 καθαρὰ
176 889 290 917 ἐνώπιον
304 891 397 918 αὺτοῦ-
412 902 421 918 ι
434 894 449 919 ὁ
469 893 497 919 δὲ
514 895 619 927 Παῦλος
637 897 747 932 γράφει·
766 908 775 923 ι
789 899 846 926 Οὐκ

42 933 152 966 οἴδατε,
169 934 210 961 ὅτι
226 936 357 970 ἀγγέλους
385 938 542 974 κρινοῦμεν,
563 941 659 976 μήτιγε
686 942 816 977 βιωτικάς
833 954 842 970 ι

52 979 138 1006 Ἀλλὰ
151 981 206 1016 γὰρ
223 983 270 1009 καὶ
281 982 448 1019 ἠκούσαμεν,
462 985 502 1011 ὅτι
513 987 526 1012 6
540 986 662 1020 διάϐολος
679 1008 686 1020 ,
749 990 778 1016 ὲν
794 990 843 1025 μέ-

44 1033 89 1060 σῳ
105 1026 160 1052 τῶν
174 1027 307 1063 χερουόὶμ
324 1028 372 1061 ὢν,
387 1030 433 1057 καὶ
453 1031 669 1068 ἀποσφράγισμα
687 1035 843 1069 ὁμοιώσεως

42 1073 206 1108 γενόμενος,
227 1074 354 1107 ἐξέπεσεν
379 1077 411 1103 ὲκ
439 1077 486 1104 τοῦ
502 1079 616 1115 οὐρανοῦ
637 1079 674 1112 ὡς
702 1081 841 1117 ἀστραπή.

42 1119 78 1144 Εἰ
95 1119 126 1146 δὲ
140 1119 174 1146 τὰ
192 1120 241 1155 μὲν
256 1122 394 1157 κτίσματα
407 1124 534 1159 τοιαύτην
546 1124 603 1161 ἔχει
619 1126 698 1160 φύσιν
717 1145 725 1158 ,
797 1129 843 1155 καὶ

40 1164 205 1200 γέγραπται
218 1167 281 1201 περὶ
309 1167 432 1202 ἀγγέλων
444 1170 566 1197 τοιαῦτα·
586 1171 616 1197 τὸ
630 1171 658 1198 δὲ
687 1171 799 1208 Πνεῦμα
813 1173 842 1200 τὸ

41 1210 115 1237 αὒτὸ
133 1211 192 1238 ἐστι
214 1213 260 1238 καὶ
272 1213 459 1246 ἀναλλοίωτον,
477 1216 586 1251 καὶτῆς
613 1217 660 1244 τοῦ
681 1218 746 1244 Υίοῦ
761 1219 841 1254 ἀτρε-

39 1257 112 1290 cpia;
142 1258 211 1289 ἐστὶ,
243 1259 320 1294 μένον
343 1259 387 1286 ἀεὶ
421 1261 469 1287 σὺν
499 1262 573 1297 αὺτῷ
603 1262 746 1298 ἄτρεπτον·
776 1264 840 1292 ποία

39 1302 175 1337 ὁμοιότης
186 1303 225 1338 τῷ
237 1304 364 1339 ἀτρέπτῳ
374 1306 442 1340 πρὸς
456 1307 490 1333 τὰ
504 1308 658 1343 τρεπόμενα
668 1317 674 1341 ;
686 1309 771 1344 Δῆλον
785 1310 840 1346 γὰρ

43 1347 79 1374 ἃν
88 1349 144 1383 εἴη,
161 1349 198 1380 ὡς
213 1349 274 1376 οὔτε
288 1350 390 1386 κτίσμα
403 1351 486 1384 ἐστὶν,
505 1352 566 1379 οὕτε
575 1353 643 1386 ὅλως
654 1355 705 1390 τῆς
721 1355 775 1382 τῶν
791 1356 838 1390 ἀγ-

41 1393 134 1428 γέλων
150 1394 244 1426 οὐσίας
258 1395 326 1427 ἐστὶ,
347 1396 391 1422 διὰ
416 1397 446 1423 τὸ
461 1398 581 1431 ἐκείνους
608 1397 677 1427 εἶναι
694 1401 836 1436 τρεπτούς·

40 1439 102 1465 ἀλλ’
118 1439 198 1467 εἰκὼν
212 1440 259 1467 τοῦ
278 1441 375 1475 Λόγου,
395 1442 442 1469 καὶ
466 1442 513 1470 τοῦ
545 1445 650 1480 Πατρὸς
678 1445 741 1473 ἴδιόν
767 1447 835 1474 ἐστι.

42 1485 131 1512 Πάλιν
150 1495 179 1512 τε
190 1487 220 1513 τὸ
237 1488 285 1522 μὲν
299 1489 411 1525 Πνεῦμα
426 1490 529 1526 Κυρίου
546 1491 710 1526 πεπλήρωκε
727 1492 776 1528 τὴν
795 1494 836 1520 ot-

41 1532 189 1567 κουμένην.
216 1533 294 1560 Οὕτω
322 1534 376 1570 γὰρ
399 1535 447 1562 καὶ
475 1537 489 1562 6
512 1537 592 1563 Δαϐὶδ
615 1537 720 1572 ψάλλει·
753 1548 762 1564 ι
778 1538 862 1574 Ποῦο

45 1576 174 1612 πορευθῶ
187 1578 240 1604 ἀπὸ
253 1578 299 1605 τοῦ
316 1580 472 1616 Πνεύματός
490 1590 554 1613 seu;
570 1591 579 1607 ι
596 1583 651 1609 Καὶ
667 1583 746 1610 πάλιν
758 1584 785 1611 ὲν
801 1585 834 1620 τῇ

143 1623 304 1659 γέγραπται·
336 1635 345 1651 ι
364 1626 400 1652 Τὸ
420 1626 475 1662 γὰρ
500 1627 636 1663 ἅφθαρτόν
654 1636 700 1654 σου
722 1629 835 1664 Πνεῦμά

44 1669 121 1693 ἐστιν
135 1668 163 1694 ἐν
180 1670 273 1695 πᾶσι.»
291 1670 330 1696 Τὰ
345 1671 374 1697 δὲ
387 1671 487 1707 γενητὰ
499 1673 585 1700 πάντα
605 1674 634 1700 ἐν
666 1675 834 1710 μεμερισμέ-

43 1722 101 1745 νοις
119 1714 210 1746 τόποις
226 1716 304 1747 είσὶν,
321 1717 396 1752 ἥλιος
409 1717 469 1753 μὲν,
493 1718 539 1744 καὶ
561 1718 670 1754 σελήνη,
692 1720 739 1746 καὶ
754 1720 833 1748 ἀστέ-

43 1767 92 1793 ρες
107 1761 135 1786 ὲν
145 1759 183 1795 τῷ
200 1761 378 1797 στερεώματι,
406 1763 515 1798 νεφέλαι
544 1764 572 1791 δὲ
589 1765 618 1791 ὲν
644 1765 683 1801 τῷ
695 1766 767 1801 ἀέρι·
784 1766 831 1793 καὶ

39 1807 98 1836 τοῖς
112 1805 263 1842 ἀνθρώποις
284 1807 396 1843 ἔστησεν
413 1809 474 1845 ὅρια
501 1809 595 1836 ἐθνῶν·
614 1810 641 1837 οἵ
663 1819 692 1837 τε
720 1811 830 1845 ἄγγελοι

39 1851 249 1880 ἀποστέλλονται
265 1854 305 1885 εἰς
316 1854 462 1886 διακονίας·
482 1864 490 1880 ι
516 1855 570 1882 Καὶ
584 1853 664 1891 ἦλθον
678 1857 702 1883 οἱ
719 1856 830 1890 ἄγγελοι

39 1898 211 1932 παραστῆναι
225 1898 340 1926 ἐνώπιον
352 1899 397 1926 τοῦ
412 1899 540 1935 Κυρίου,ι
555 1900 592 1932 ὡς
607 1902 635 1927 ὲν
651 1900 690 1936 τῷ
710 1901 768 1927 ’1ὼὸ
784 1901 829 1936 γέ-

38 1951 169 1978 γραπται·
183 1944 238 1977 καὶ,
258 1954 266 1970 ι
283 1945 446 1981 ὲνυπνιάσθη
461 1946 488 1971 δὲ
504 1945 600 1973 Ἰακὼὸ
617 1947 631 1972 6
644 1946 825 1982 πατριάρχης·

38 1990 104 2020 καὶ,
135 1990 188 2017 ἰδοὺ
205 1990 305 2026 κλίμαξ
324 1991 509 2027 ὲστηριγμένη
533 1992 561 2018 ἐν
585 1993 618 2027 τῇ
632 1993 678 2027 γῇ,
700 1989 733 2027 ἦς
749 1992 765 2027 ἡ
781 2001 827 2018 κε-

38 2034 111 2070 φαλὴ
124 2035 260 2070 ἀφικνεῖτο
272 2037 312 2068 εἰς
327 2036 373 2063 τὸν
384 2037 509 2072 οὐρανὸν,
537 2038 584 2064 καὶ
607 2039 630 2064 οί
651 2037 762 2072 ἄγγελοι
778 2039 825 2065 τοῦ

37 2080 106 2107 Θεοῦ
124 2081 264 2109 ἀνέϐαινον
284 2082 331 2109 καὶ
348 2083 505 2110 κατέὸαινον
521 2084 562 2110 ἐπ’
573 2084 666 2118 αὐτῆς.
686 2094 695 2110 ι
713 2084 743 2110 Εἰ
757 2084 784 2110 δὲ
795 2084 825 2111 τὸ

39 2125 90 2160 μὲν
103 2125 212 2160 Πνεῦμα
225 2126 313 2153 πάντα
325 2126 432 2162 πληροῖ,
441 2128 488 2152 καὶ
504 2127 532 2153 ὲν
547 2127 585 2162 τῷ
600 2127 679 2162 Λόγῳ
693 2127 823 2162 πάρεστιν

36 2172 66 2197 ἐν
83 2171 155 2204 μέσῳ
181 2171 288 2198 πάντων
323 2189 330 2201 ι
401 2174 425 2199 οἰ
453 2172 482 2198 δὲ
512 2172 620 2206 ἄγγελοι
649 2171 822 2199 ἐλαττοῦνται

551 143 738 175 PANOPLIA
758 144 987 176 DOGMATICA.
1002 158 1037 163 -
1049 147 1120 178 ΤΙΤ.
1143 147 1212 180 XII.

592 210 615 235 ει
631 210 668 244 μὴ
690 209 720 236 τδ
745 209 823 245 Πνεῦ]

886 209 1027 246 .eognovit
1040 218 1099 245 quae
1113 214 1176 238 sunt
1190 211 1248 244 Dei,
1263 212 1314 239 nisi
1333 211 1450 248 Spiritus
1471 214 1527 248 Dei,
1541 216 1587 251 qui
1599 221 1640 244 est
1659 218 1684 244 in

1634 151 1686 182 718

899 256 958 289 ipso
980 257 1009 287 ’ς
1026 264 1034 280 ι
1054 263 1108 282 non
1129 260 1170 282 est
1189 260 1277 282 autem
1293 257 1363 291 apud
1380 258 1481 290 Deum,
1498 264 1527 286 ut
1542 261 1621 288 docet
1636 261 1682 288 Ja-
1714 255 1723 298 ᾗ

897 301 992 331 cobus.
1010 310 1019 326 ι
1037 301 1226 328 transmutatio
1246 309 1296 329 nec
1315 303 1511 332 vicissitudinis
1535 306 1680 334 obumbra-

897 347 933 374 tio
952 347 980 373 ¹;
995 356 1004 372 ι
1022 347 1083 381 jure
1098 355 1129 374 ac
1144 348 1240 374 merito
1254 347 1372 383 Spiritus
1385 354 1507 383 sanctus,
1522 351 1567 386 qui
1585 353 1610 379 in
1626 352 1680 380 Deo

894 397 944 424 est,
959 393 1136 420 immutabilis
1148 398 1176 420 et
1189 394 1363 429 incorruptus
1379 396 1524 431 omnisque
1543 398 1681 426 vicissitu-

893 437 964 465 dinis
978 446 1075 473 expers
1086 447 1148 466 esse
1159 441 1310 468 censendus
1325 445 1376 468 est.
1388 441 1422 469 At
1438 450 1528 470 rerum
1546 443 1678 471 factarum

892 489 919 510 ct
935 489 1087 511 ereatarum
1110 490 1206 512 natura
1227 487 1366 514 mutabilis
1389 492 1441 520 est,
1456 493 1549 523 utpote
1570 498 1630 524 qum
1644 491 1679 517 sit

891 534 966 556 extra
984 529 1030 557 Dei
1042 530 1233 560 substantiam,
1250 536 1276 558 et
1289 539 1304 558 e
1316 533 1402 560 nihilo
1421 534 1564 561 exstiterit.
1587 535 1679 570 Siqui-

891 575 951 602 dem
972 585 981 601 ί
1000 578 1089 603 omnis
1107 577 1198 610 homo,
1215 577 1313 612 inquit,
1329 579 1443 606 mendax
1474 579 1492 606 ⁸.
1507 590 1516 605 ι
1534 580 1575 613 Et,
1593 591 1602 606 ι
1618 573 1677 608 om-

890 628 938 647 nes
950 627 1130 654 peccaverunt
1143 626 1169 649 et
1181 627 1259 657 egent
1273 624 1355 657 gloria
1370 623 1415 650 Dei
1444 623 1463 651 ⁸.
1479 625 1596 660 Angelos
1613 635 1677 653 vero

889 666 935 701 qui
950 675 1004 693 non
1017 674 1192 695 servaverunt
1209 676 1288 695 suum
1306 670 1498 704 principatum,
1513 673 1559 698 sed
1574 673 1674 699 dereli-

889 715 1006 746 querunt
1022 719 1100 739 suum
1117 712 1297 746 domicilium,
1314 714 1339 740 in
1355 715 1488 749 judicium
1507 717 1596 751 magni
1608 717 1673 746 diei.

888 757 1003 784 vinculis
1016 758 1124 785 aeternis
1141 758 1192 786 sub
1203 759 1317 793 caligine
1331 761 1479 788 reservavit
1503 761 1523 789 ⁵.
1533 771 1542 787 ι
1557 761 1590 788 Et
1603 764 1673 797 apud

886 802 937 830 Job
955 813 960 829 :
982 812 991 828 ι
1007 802 1035 829 Si
1048 803 1150 831 sanctis
1164 805 1266 839 angelis
1281 806 1338 832 suis
1356 814 1409 833 non
1426 807 1499 839 ﬁdit,
1514 807 1561 835 sed
1578 813 1673 836 contra

885 850 996 883 angelos
1012 857 1124 884 pravum
1142 851 1205 884 quid
1223 851 1352 887 cogitavit
1383 854 1407 885 ';
1428 853 1511 880 stellae
1532 862 1596 880 vero
1618 862 1673 882 non

884 899 948 922 sunt
969 896 1077 922 munda:
1101 896 1127 923 in
1151 902 1297 932 conspectu
1312 898 1371 933 ejus
1384 899 1394 914 ⁷
1410 918 1417 925 .
1434 908 1443 924 ι
1461 899 1562 927 Paulus
1578 907 1668 928 autem

883 940 979 967 scribit
997 950 1002 968 :
1028 950 1037 966 ο
1053 941 1169 970 Nescitis
1189 944 1320 978 quoniam
1342 945 1451 978 angelos
1466 945 1669 979 judicabimus?

883 990 983 1021 quanto
999 987 1086 1022 magis
1101 989 1240 1017 saecularia
1257 989 1268 1004 ⁸
1281 990 1291 1016 ?
1305 999 1313 1016 ι
1331 990 1401 1023 Quin
1420 991 1501 1018 etiam
1514 992 1668 1020 audivimus

882 1031 1030 1066 diabolum,
1046 1033 1092 1067 qui
1110 1033 1135 1060 in
1152 1035 1242 1062 medio
1258 1034 1397 1062 cherubim
1415 1037 1516 1068 stabat,
1529 1040 1557 1064 et
1574 1037 1666 1073 signa-

881 1076 972 1105 culum
986 1077 1172 1106 similitudinis
1183 1084 1252 1111 eral,
1267 1087 1282 1107 e
1300 1081 1370 1108 caelo
1386 1082 1464 1115 quasi
1489 1081 1579 1117 fulgur
1596 1083 1667 1110 ceci-

881 1121 956 1150 disse
976 1123 997 1151 '.
1013 1122 1041 1150 Si
1056 1131 1138 1158 porro
1150 1131 1181 1151 ea
1195 1128 1236 1152 est
1248 1132 1338 1152 rerum
1355 1131 1507 1153 creatarum
1519 1131 1625 1158 natura,
1639 1132 1667 1154 et

881 1166 938 1194 haec
950 1167 984 1194 de
996 1168 1099 1203 angelis
1110 1169 1210 1204 Scripta
1225 1175 1306 1204 sunt;
1322 1171 1343 1198 si
1355 1176 1447 1198 contra
1459 1171 1577 1206 Spiritus
1593 1173 1663 1200 idem

880 1218 986 1246 semper
999 1215 1026 1238 et
1041 1212 1129 1240 omnis
1143 1214 1300 1242 mutationis
1319 1223 1414 1250 expers
1435 1221 1485 1250 est,
1502 1218 1546 1252 qui
1560 1222 1586 1245 ct
1603 1217 1664 1245 Filii

878 1257 1107 1286 immutabilitatis
1123 1259 1268 1294 particeps,
1286 1268 1347 1287 cum
1366 1263 1424 1296 ipso
1439 1271 1545 1298 semper
1563 1264 1664 1292 immu-

878 1301 968 1329 labilis
976 1308 1066 1330 manet
1078 1311 1084 1329 :
1098 1311 1234 1338 quamam,
1246 1305 1352 1337 amabo,
1367 1307 1516 1334 similitudo
1535 1308 1663 1336 immuta-

877 1346 938 1374 bilis
952 1354 1014 1374 cum
1027 1348 1218 1376 mutabilibus?
1234 1348 1303 1377 Hinc
1329 1351 1401 1378 enim
1420 1353 1592 1386 perspicuum
1608 1359 1661 1385 est,

877 1400 964 1428 neque
978 1401 1035 1420 rem
1049 1397 1166 1422 creatam
1183 1402 1253 1424 esse.
1272 1403 1360 1430 neque
1372 1397 1406 1423 ad
1428 1398 1584 1432 angelorum
1595 1420 1602 1430 ,
1620 1404 1661 1426 ut-

876 1442 938 1472 pote
947 1438 993 1473 qui
1003 1439 1148 1466 mutabiles
1161 1441 1226 1471 sint,
1237 1445 1361 1468 naturam
1371 1443 1514 1476 pertinere,
1524 1444 1570 1471 sed
1582 1443 1660 1472 Verbi

875 1484 1020 1520 imaginem
1035 1490 1060 1512 et
1071 1485 1157 1513 Patris
1169 1486 1306 1520 proprium
1319 1494 1389 1514 esse.
1399 1486 1530 1516 Praeterea
1544 1488 1660 1524 Spiritus

875 1528 982 1557 Domini
1005 1530 1161 1558 universum
1184 1531 1277 1557 orbem
1297 1531 1417 1566 replevit.
1434 1531 1472 1558 Ita
1487 1534 1558 1559 enim
1578 1533 1658 1560 David

875 1576 992 1603 cecinit:
1011 1586 1020 1601 ι
1034 1576 1094 1609 Quo
1111 1577 1156 1604 ibo
1167 1585 1182 1603 a
1195 1576 1298 1611 Spiritu
1314 1582 1360 1604 tuo
1374 1577 1409 1604 ’σῖ
1428 1587 1438 1604 ι
1460 1578 1491 1604 Ει
1504 1579 1530 1605 in
1548 1578 1661 1613 Sapien—

875 1622 911 1649 tia
924 1622 1053 1657 scriptum
1068 1621 1109 1650 est
1123 1631 1130 1649 :
1148 1631 1157 1648 ι
1176 1623 1252 1650 Tuus
1266 1620 1339 1650 enim
1357 1622 1531 1658 incorruptus
1545 1623 1663 1658 Spiritus

873 1673 915 1695 est
932 1669 957 1695 in
973 1668 1100 1696 omnibus
1114 1668 1146 1696 ¹¹.
1160 1678 1169 1694 i
1187 1668 1268 1703 Atqui
1283 1669 1417 1696 universae
1432 1678 1476 1697 res
1491 1669 1569 1697 facta:
1583 1670 1610 1697 in
1624 1671 1664 1697 di-

872 1714 940 1742 visis
955 1714 1021 1741 locis
1036 1713 1179 1746 exsistunt,
1195 1715 1268 1742 verbi
1282 1715 1378 1750 gratia.
1393 1716 1443 1749 sol,
1459 1717 1521 1743 luna
1536 1722 1561 1744 et
1577 1721 1661 1748 astra,

874 1759 900 1786 in
917 1758 1098 1791 firmamento,
1115 1766 1141 1787 et
1153 1761 1237 1788 nubes
1253 1761 1280 1788 in
1295 1769 1367 1789 aere.
1385 1761 1413 1790 ln
1426 1763 1582 1790 hominibus
1591 1772 1661 1799 quo—

872 1813 925 1841 que
940 1806 1081 1833 nationum
1097 1807 1227 1834 terminos
1244 1807 1386 1835 constituit
1405 1805 1433 1834 ".
1450 1808 1545 1843 Augeli
1563 1809 1661 1836 simili-

873 1856 912 1878 ter
934 1852 962 1878 in
985 1852 1136 1879 ministeria
1161 1852 1323 1880 mittuntur:
1343 1863 1352 1879 ι
1372 1853 1404 1880 Et
1423 1860 1556 1882 venerunt
1571 1857 1659 1891 angeli

871 1896 918 1924 Dei
932 1901 963 1924 ut
975 1897 1135 1924 assistercnt
1149 1905 1239 1925 coram
1257 1898 1384 1931 Domino,
1397 1909 1406 1924 ι
1423 1900 1462 1926 uti
1480 1900 1505 1927 in
1522 1900 1573 1928 Job
1590 1902 1657 1937 legi-

871 1949 931 1969 mus
945 1940 975 1968 ".
994 1942 1036 1975 Et,
1056 1951 1065 1967 ε
1081 1943 1228 1970 somniavit
1252 1942 1335 1971 Jacob
1357 1945 1523 1979 patriarcha.
1547 1946 1580 1973 Et
1595 1955 1655 1975 ecce

869 1988 942 2015 scala
954 1988 1046 2015 innixa
1060 1988 1086 2015 in
1100 1993 1183 2022 terra,
1195 1988 1273 2024 cujus
1282 1997 1411 2016 cacumen
1515 1991 1548 2018 ad
1558 1992 1657 2020 oculum

870 2034 1061 2070 perveniebat:
1075 2039 1101 2062 et
1112 2035 1198 2071 angeli
1217 2034 1264 2062 Dei
1279 2036 1460 2063 ascendebant
1471 2042 1497 2064 et
1508 2038 1657 2066 descende-

870 2081 936 2106 bant
953 2087 1000 2114 per
1012 2080 1098 2114 ipsam
1110 2079 1139 2108 “.
1153 2090 1162 2107 ι
1181 2080 1207 2107 Si
1226 2081 1306 2116 igitur
1324 2082 1541 2116 Spiritusomnia
1551 2084 1654 2119 implet,

868 2130 894 2152 et
910 2125 936 2152 in
948 2125 1037 2152 Verbo
1051 2133 1170 2160 presens
1188 2131 1229 2154 est
1241 2127 1267 2153 in
1284 2127 1375 2154 medio
1394 2127 1533 2162 omnium;
1548 2130 1570 2156 si
1588 2138 1654 2158 con-

868 2175 908 2198 tra
931 2172 1017 2205 angeli
1039 2172 1090 2199 hac
1111 2172 1139 2199 in
1160 2181 1189 2200 re
1209 2173 1245 2199 illi
1259 2173 1369 2206 cedunt,
1388 2179 1469 2208 atque
1483 2175 1537 2202 illic
1549 2180 1654 2205 tantum

34 2208 129 2244 τούτῳ,
147 2210 195 2237 καὶ
210 2211 274 2238 ἔνθα
300 2213 521 2247 ἀποστέλλονται,
535 2215 583 2242 καὶ
606 2215 733 2252 πάρεισιν
747 2225 755 2232 ·
773 2218 820 2246 οὐκ

886 2213 966 2241 dsunt
982 2221 1036 2248 quo
1051 2215 1197 2243 mittuntur
1211 2225 1217 2243 :
1231 2217 1342 2245 dubium
1354 2219 1449 2254 utique
1463 2228 1517 2248 non
1532 2225 1659 2257 esl,quin

33 2255 179 2290 ἀμφίϐολον
203 2254 260 2289 οὖν,
276 2257 317 2285 ὅτι
339 2258 402 2284 οὔτε
427 2259 482 2286 τῶν
508 2262 639 2297 γενητῶν,
666 2262 729 2290 οὔτε
751 2265 820 2296 ὅλως

33 2301 147 2335 ἄγγελός
171 2304 257 2336 ἐστιν,
272 2304 310 2336 ὡς
335 2305 415 2338 ὑμεῖς
440 2306 545 2340 λέγετε,
562 2307 593 2333 τὺ
619 2309 742 2344 Πνεῦμα,
763 2310 821 2336 ἀλλ’

32 2347 88 2373 ᾶνω
101 2346 150 2381 τῆς
163 2348 218 2375 τῶν
236 2349 361 2384 ἀγγέλων
378 2351 486 2386 φύσεώς
506 2353 590 2381 ἐστιν.

71 2392 152 2419 Πάλιν
176 2395 229 2430 γὰρ
242 2396 289 2422 καὶ
313 2397 345 2423 ὲκ
362 2397 465 2425 τούτων
488 2399 521 2426 ἄν
539 2409 581 2431 τις
598 2400 648 2428 ἴδοι
664 2402 694 2429 τὸ
710 2403 823 2439 Πνεῦμα

33 2438 64 2464 τὺ
78 2438 163 2472 ἅγιον,
180 2439 217 2472 ὡς
234 2442 366 2475 μεθεκτόν
383 2444 441 2470 ἐστι
457 2446 505 2471 καὶ
521 2446 551 2472 οὐ
570 2448 684 2483 μετέχον
695 2450 739 2485 (τὰ
755 2451 825 2478 αὐτὰ

34 2484 89 2518 γὰρ
103 2484 191 2518 λέγειν
202 2486 253 2513 οὐκ
269 2487 423 2523 ὀκνητέον).
441 2499 450 2515 ι
478 2490 620 2519 ’Λδύνατον
633 2484 703 2529 γὰρ,
717 2504 726 2520 ›
746 2496 823 2532 φησὶ,

38 2538 47 2554 ι
63 2531 122 2561 τοὺς
131 2531 204 2564 ἅπαξ
214 2533 606 2572 φωτισθέντας,γευσαμένους
618 2548 647 2566 τε
658 2540 706 2576 τῆς
719 2542 823 2577 δωρεᾶς

35 2575 84 2607 τῆς
96 2578 264 2612 ἐπουρανίου,
279 2581 325 2607 καὶ
338 2582 468 2617 μετόχους
486 2584 642 2620 Πνεύματος
655 2575 732 2621 ἁγίου
743 2575 822 2622 γενο-

39 2631 142 2655 μένους,
157 2625 203 2650 καὶ
223 2626 304 2653 καλὸν
319 2629 507 2663 γευσαμένους
522 2630 588 2657 Θεοῦ
605 2632 691 2668 ῥῆμα,
708 2643 716 2660 ι
731 2634 777 2661 καὶ
790 2635 824 2662 τὰ

40 2668 113 2725 εξῆς.
127 2671 157 2724 0i
169 2671 198 2722 δε
209 2671 388 2724 ἄγγελοιςκαὶ
399 2676 432 2702 τὰ
444 2675 512 2704 ἄλλα
524 2678 660 2714 κτίσματα
675 2681 824 2725 μετέλςντά

40 2716 111 2742 ἐστιν
122 2717 201 2744 αὑτοῦ
216 2719 263 2745 τοῦ
275 2721 433 2756 Πνεύματος
441 2730 449 2737 ·
466 2723 510 2750 διὰ
521 2724 600 2752 τοῦτο
610 2726 664 2762 γὰρ
675 2716 823 2763 ταῦτα’μὲν

76 2794 195 2830 'lCor,
213 2802 242 2826 ιι,
275 2795 317 2824 Η.
361 2797 370 2812 '
398 2796 456 2824 Jac.
479 2805 498 2830 ι,
522 2797 566 2825 l7.

44 2873 60 2896 I,
84 2868 109 2892 ϋ.
146 2865 167 2881 ’⁵
182 2865 280 2893 Geues.
297 2874 389 2900 xxvnt,
412 2867 455 2894 12.
495 2868 516 2884 "
530 2868 611 2896 Hebr.
628 2865 663 2902 ιι,
675 2870 701 2897 4.

613 2799 623 2814 ³
639 2798 711 2827 Psal.
725 2807 785 2831 va.
808 2801 851 2829 Η.

39 2837 99 2861 xxv,
112 2831 137 2857 5.
162 2830 172 2846 ⁸
190 2829 199 2866 l
214 2831 276 2857 Cor.
293 2839 328 2862 νι,
342 2832 368 2859 5.
407 2833 417 2848 ⁸
430 2832 527 2859 Ezech.
546 2840 640 2866 xxvnl,
658 2835 699 2861 i2.
740 2836 761 2851 '°
776 2829 836 2864 l‘sal

865 2259 983 2294 Spiritus
1006 2268 1056 2288 nec
1072 2269 1116 2289 res
1137 2261 1207 2289 facta
1234 2270 1285 2291 nec
1300 2265 1416 2300 angelus
1431 2267 1477 2300 sit,
1493 2267 1531 2295 uti
1547 2274 1655 2296 contem

868 2307 932 2333 dere
945 2307 1064 2339 audetis,
1080 2309 1127 2336 sed
1153 2309 1311 2343 angelorum
1328 2316 1424 2339 natura
1439 2315 1565 2348 superior
1586 2321 1659 2344 certe

865 2353 1020 2380 censendus
1033 2359 1085 2381 est.

906 2398 1051 2427 Enimvero
1075 2408 1173 2429 rursus
1200 2410 1232 2430 ex
1259 2403 1302 2431 bis
1319 2412 1380 2439 quae
1395 2405 1559 2439 subjicimus
1582 2407 1657 2434 Scii-

871 2450 957 2480 plura:
972 2447 1062 2475 verbis
1075 2448 1186 2477 evidens
1203 2450 1286 2478 luerit
1298 2450 1429 2486 Spiritum
1449 2459 1573 2481 sanctum
1589 2454 1657 2482 alios

871 2493 912 2519 sui
936 2493 1082 2529 participes
1097 2493 1200 2528 facere,
1216 2504 1270 2524 non
1288 2505 1352 2526 vero
1370 2500 1526 2534 participem
1541 2501 1655 2528 aliorum

871 2539 927 2566 ﬁeri
942 2542 1015 2575 (nam
1025 2540 1119 2569 eadem
1132 2547 1252 2577 repetere
1262 2551 1297 2572 ne
1315 2545 1352 2572 sit
1371 2546 1536 2581 molestum).
1545 2546 1655 2582 Nempe,

872 2594 881 2610 ι
892 2584 1061 2620 lmpossibile
1077 2592 1117 2615 est
1130 2589 1202 2616 enim
1213 2597 1261 2617 eos
1275 2591 1320 2626 qui
1332 2592 1489 2620 semelsunt
1500 2593 1655 2625 illuminati,

871 2638 1052 2666 gustaverunt
1063 2634 1143 2662 etiam
1157 2635 1258 2663 donum
1272 2638 1381 2666 caeleste
1394 2644 1421 2667 et
1434 2640 1580 2674 participes
1592 2640 1654 2668 facti

869 2684 935 2706 sunt
943 2679 1062 2714 Spiritus
1073 2682 1173 2714 sancti,
1184 2687 1416 2720 gustaveruntque
1427 2685 1528 2712 bonum
1541 2686 1585 2713 Dei
1598 2695 1656 2714 ver-

869 2724 969 2757 bum“,
977 2727 1261 2763 mtemteraAtangeli
1271 2735 1297 2756 et
1305 2734 1408 2757 caetera:
1418 2738 1460 2757 res
1469 2735 1564 2758 creata:
1572 2731 1656 2765 ipsius

889 2806 899 2821 ⁵
920 2806 998 2834 Rom.
1019 2815 1058 2841 In,
1082 2807 1127 2834 23.
1168 2807 1178 2823 ⁵
1195 2807 1257 2836 Jud.
1276 2810 1302 2837 ϐ.
1351 2809 1422 2837 “Job
1437 2818 1473 2842 ιν,
1496 2811 1537 2839 l8.
1578 2811 1588 2826 ⁷
1605 2811 1655 2838 Joh

840 2858 846 2866 .
860 2850 988 2876 cxxxvin,
1005 2843 1030 2869 7.
1066 2843 1086 2858 “
1104 2843 1167 2878 Sap.
1186 2851 1234 2876 χιι,
1251 2844 1276 2871 1.
1308 2844 1327 2860 "
1338 2845 1399 2876 Act.
1419 2853 1482 2880 xm,
1499 2846 1543 2874 26.
1571 2846 1592 2862 "
1604 2847 1654 2874 Job
