1891 3076
36 167 76 199 721

483 162 667 193 PANOPLIA
689 162 918 193 DOGMA'I'ICA.
934 175 966 181 —
979 162 1052 193 TIT.
1071 161 1138 194 XII.

1582 161 1642 193 72%

35 223 108 254 ὗιδούς
128 223 200 248 ἐστιν
227 220 257 247 ἐν
290 221 367 256 ἡμῖν,
395 218 442 246 καὶ
469 219 498 245 ἐν
520 219 559 255 τῷ
587 219 666 254 Λόγῳ
693 219 765 246 ἐστὶν

887 222 972 254 imus,
986 221 1012 248 in
1030 220 1108 250 nobis
1120 220 1200 247 etiam
1214 223 1264 250 est,
1280 222 1306 246 et
1324 219 1350 245 in
1366 217 1456 246 Verbo
1469 221 1510 245 est
1525 225 1633 253 quoque

34 266 123 300 Πατήρ·
138 264 182 290 καὶ
198 262 284 294 οὕτως
297 262 354 288 ἐστὶ
371 261 412 294 τὸ,
444 271 453 287 t
481 262 662 298 Ἐλευσόμεϐα
681 262 737 297 ἐγὼ
761 260 808 290 καὶ

33 314 44 340 ὁ
57 311 148 346 Πατὴρ,
165 309 210 336 καὶ
228 309 311 345 μονὴν
325 308 389 344 παρ’
403 307 479 342 αὐτῷ
489 309 665 344 ποιήσομεν,›
683 307 810 343 καθάπερ

34 358 136 394 εἴρηται.
153 355 236 382 Ἔνθα
250 355 304 391 γὰρ
330 355 360 382 τὸ
383 355 451 389 φῶς,
465 355 523 381 ἐκεῖ
536 355 583 381 καὶ
670 354 701 381 τὸ
720 354 809 381 ἀπαύ-

32 411 121 438 γασμα·
148 401 193 428 καὶ
213 400 278 427 ἔνθα
290 400 321 426 τὸ
337 401 518 435 ἀπαύγασμα,
539 401 597 426 ἐκεῖ
621 399 668 426 καὶ
684 401 701 434 ὴ
714 399 808 426 τούτου

34 449 143 483 ἐνέργεια
160 447 206 473 καὶ
221 446 364 481 αὐγοειδὴς
378 446 468 482 χάρις.
495 446 551 472 Καὶ
577 445 656 472 τοῦτο
675 445 755 472 πάλιν
768 445 808 472 δι-

32 496 126 521 δάσκων
142 495 155 520 ό
170 492 276 525 Παῦλος
291 493 409 528 ἔγραφεν
424 490 503 524 αὖθις
592 491 745 527 Κορινθίοις
764 493 810 519 καὶ

32 542 93 576 ἑντῇ
104 540 214 575 δευτέρᾳ
226 539 370 574 Ἐπιστολῇ
394 539 490 573 λέγων·
511 548 519 564 ι
546 538 579 565 'H
595 540 673 574 χάρις
692 538 738 565 τοῦ
752 539 809 565 Κυ-

32 587 82 623 ρίου
96 586 170 622 ἡμῶν
189 585 275 621 Ἰησοῦ
302 585 432 621 Χριστοῦ,
459 585 534 620 καὶὴ
553 585 646 620 ἀγάπη
670 585 716 611 τοῦ
730 585 809 619 Θεοῦ,

32 634 96 668 καὶὴ
111 632 234 659 κοινωνία
244 631 291 658 τοῦ
315 631 393 666 όιγίου
416 632 586 666 Πνεύματος,
606 631 675 666 μετὰ
702 631 810 658 πάντων

31 679 123 714 ὑμῶν.)
145 679 177 704 Ἡ
193 678 248 712 γὰρ
266 677 394 713 διδομένη
407 677 487 713 χάρις
503 677 550 703 καὶ
570 676 659 711 δωρεὰ
675 676 704 703 ὲν
715 676 811 712 Τριάδι

31 726 117 752 δίδοται
134 725 210 760 παρὰ
222 725 269 752 τοῦ
283 725 389 760 Πατρδς
401 725 433 752 δι’
442 724 508 752 Υίοῦ
527 725 557 751 ἐν
571 724 711 760 Πνεύματι
728 724 809 759 ἁγίῳ.

31 773 125 808 Ὥσπερ
140 772 195 808 γὰρ
207 772 238 798 ὲκ
251 771 298 798 τοῦ
321 769 427 807 Πατρός
456 772 513 798 ἐστι
534 771 568 797 δι’
586 770 650 798 Υἱοῦ
740 772 756 806 ἡ
773 771 809 798 δι-

30 818 119 852 δομένη
134 817 225 853 χάρις,
249 816 336 849 οὓτως
361 817 411 844 οὐκ
427 817 460 844 ἂν
481 816 587 850 γένοιτο
611 816 738 843 κοινωνία
762 815 812 851 τῆς

846 268 934 299 Pater,
948 273 1028 303 atque
1046 267 1082 295 ita
1098 267 1129 294 Iit
1143 266 1235 293 istud:
1255 274 1264 290 ‹
1276 264 1423 292 Veniemus
1436 272 1486 299 ego
1505 269 1532 290 et
1544 263 1634 295 Pater,

846 318 871 341 et
889 313 1057 340 mansionem
1074 311 1145 347 apud
1166 319 1228 338 eum
1251 310 1384 338 faciemus
1403 315 1426 342 ι,
1441 320 1450 335 ›
1474 310 1511 336 uti
1525 309 1581 343 jam
1594 309 1636 335 di-

846 365 918 387 ctum
935 363 985 386 est.
1002 358 1052 386 Ubi
1067 359 1140 386 enim
1159 358 1204 385 lux
1219 357 1336 387 est.illic
1347 361 1374 384 et
1386 357 1516 391 splendor
1526 363 1636 391 quoque

846 411 906 433 est:
924 405 968 432 ubi
983 405 1046 432 item
1065 405 1192 439 splendor
1209 408 1261 436 est,
1278 403 1313 430 ibi
1332 403 1459 430 similiter
1469 407 1495 430 et
1508 403 1567 436 ejus
1581 402 1636 429 elli-

846 451 945 478 cientia
960 455 985 477 et
999 450 1137 485 splendida
1153 454 1193 476 est
1208 449 1305 483 gratia.
1321 447 1398 481 Quod
1414 448 1484 475 idem
1497 447 1636 474 Paulusin

847 496 966 524 secunda
983 495 1101 530 Epistula
1123 494 1156 521 ad
1171 493 1329 521 Corinthios
1358 493 1401 520 his
1427 493 1516 520 verbis
1539 492 1635 521 docet:

850 551 860 568 ι
869 541 962 570 Gratia
972 540 1078 567 Domini
1088 540 1174 568 nostri
1183 539 1247 568 Jesu
1257 539 1370 572 Christi,
1378 544 1405 567 et
1414 539 1535 567 charitas
1544 538 1601 571 Dei,
1610 543 1640 566 et

848 587 1061 615 communicatio
1078 587 1163 614 sancti
1181 585 1298 621 Spiritus
1313 585 1348 613 sit
1366 593 1428 613 cum
1445 585 1574 612 omnibus
1589 582 1637 623 yol

848 634 890 662 bis
911 635 932 660 ².
951 643 959 658 ι
972 631 1064 659 Gratia
1170 632 1242 659 cnim
1256 636 1281 659 et
1294 632 1394 658 donum
1412 631 1485 666 quod
1501 631 1527 658 in
1545 629 1636 658 Trini-

849 683 903 706 tate
918 679 1007 709 datur.
1025 679 1103 705 datur
1119 686 1133 704 a
1147 677 1228 704 Patre
1242 685 1289 712 per
1303 676 1403 704 Filium
1418 677 1443 704 in
1459 675 1562 711 Spiritu
1577 684 1642 704 san-

849 730 902 753 cto.
921 725 990 752 Nam
1004 724 1233 759 quemadmodum
1249 731 1281 751 ex
1295 723 1375 750 Patre
1389 731 1436 758 per
1449 722 1547 750 Filium
1557 723 1637 750 datur

836 772 947 807 _gratia,
962 771 997 798 ita
1017 772 1043 798 in
1062 771 1141 798 nobis
1154 770 1211 797 ﬁeri
1227 778 1279 797 non
1297 773 1386 804 potest
1403 769 1466 796 doni
1482 769 1637 796 communi~

849 819 921 846 catio
936 819 987 846 nisi
1001 819 1026 845 in
1041 817 1143 852 Spiritu
1157 822 1260 845 saneto.
1277 816 1365 850 Hujus
1379 816 1513 850 siquidem
1527 815 1638 850 partici-

28 863 120 894 F/Jo'sw;
136 864 165 889 ὲν
182 864 258 898 ἡμῖν,
283 863 307 888 εἰ
336 863 373 897 μὴ
402 863 430 889 ὲν
451 862 490 898 τῷ
505 860 643 896 Πνεύματι
668 860 706 896 τῷ
730 860 774 896 ἁγί

891 875 896 893 ς
914 865 1010 898 ειϊιτοιί,
1021 864 1108 892 Patris
1123 864 1295 896 charitatem,
1308 863 1369 890 Filii
1385 863 1501 898 gratiam
1514 867 1540 890 et
1552 862 1637 897 ipsius

30 909 121 935 Τούτου
151 908 207 944 γὰρ
233 908 401 943 μετέχοντες,
429 907 526 943 ἔχομεν
553 907 600 934 τοῦ
628 907 736 942 nam;
762 906 811 942 τὴν

28 954 141 989 ἀγάπην,
168 954 280 980 καὶτοῦ
308 954 373 980 Υξοῦ
398 955 447 989 τὴν
475 954 566 990 χάριν,
596 953 642 980 καὶ⁸
667 953 748 980 αὑτοῦ
764 951 810 979 τοῦ

28 1000 176 1036 Πνεῦμα-τος
193 999 242 1035 τὴν
261 1000 412 1027 κοινωνίαν.

114 1046 172 1073 Μία
189 1047 243 1082 ἄρα
261 1047 308 1073 καὶ
325 1048 356 1073 ἐκ
371 1046 472 1073 τούτων
494 1048 510 1081 ἡ
534 1048 583 1082 τῆς
599 1046 714 1082 Τριάδος
737 1046 811 1082 ὲνέρ-

27 1101 82 1124 γεια
92 1092 240 1119 δείκνυται.
256 1093 293 1119 Οὐ
307 1092 360 1128 γὰρ
373 1093 410 1124 ὡς
424 1093 489 1128 παρ’
505 1093 619 1119 ἑκάστου
632 1092 749 1127 διάφορα
764 1091 810 1118 καὶ

26 1138 172 1173 διῃρημένα
189 1138 222 1164 τὰ
237 1138 362 1173 διδόμενα
378 1139 506 1174 σημαίνει
519 1139 533 1164 ὁ
560 1138 720 1170 ’Λπόστολος
731 1147 737 1152 ·
753 1138 808 1165 ἀλλ’

19 1185 57 1210 ὅτι
69 1183 103 1209 τὰ
112 1182 240 1216 διδόμενα
323 1181 351 1206 ὲν
364 1180 459 1216 Τριάδι
472 1180 582 1212 δίδοται,
600 1181 647 1207 καὶ
665 1181 699 1206 τὰ
719 1180 808 1206 πάντα

19 1228 47 1260 ἐξ
60 1227 118 1259 ἐνὸς
129 1227 201 1253 Θεοῦ
215 1228 281 1253 ἐστι.
298 1226 334 1252 Τὸ
345 1226 434 1252 τοίνυν
447 1226 484 1261 μὴ
498 1225 528 1252 ὃν
540 1226 653 1261 κτίσμα,
672 1226 729 1252 ἀλλ’
740 1227 811 1261 ἡνω-

21 1275 96 1309 μένον
109 1274 150 1308 τῷ
168 1273 236 1308 Υίῷ,
253 1273 290 1304 ὡς
303 1274 316 1299 ὁ
333 1273 395 1304 Υἱὸς
414 1273 518 1308 ἥνωται
536 1272 575 1308 τῷ
590 1273 686 1307 Πατρὶ,
703 1272 733 1298 τὸ
748 1280 810 1298 συνο

19 1320 195 1355 ὼξαζύμενον
213 1320 300 1354 Πατρὶ
314 1319 361 1345 καὶ
377 1318 445 1354 Υίῷ,
455 1320 501 1345 καὶ
513 1318 723 1353 ϐεολογούμενον
744 1319 812 1353 μετὰ

19 1365 60 1391 τοῦ
77 1366 176 1400 Λόγου,
193 1365 319 1401 ἐνεργοῦν
331 1374 360 1391 τε
374 1365 445 1401 ἆπερ
466 1366 480 1392 ό
497 1366 591 1402 Πατὴρ
612 1364 656 1390 διὰ
683 1364 729 1390 τοῦ
746 1363 811 1390 Υἰοῦ

19 1411 175 1445 ἐργάζεται,
190 1411 248 1442 πῶς
264 1411 277 1436 ὁ
292 1411 379 1445 λέγων
391 1411 493 1446 κτίσμα
508 1411 557 1437 οὐκ
569 1410 699 1446 ἄντικρυς
715 1411 754 1441 εἰς
765 1409 813 1436 αὺ-

19 1457 58 1482 τὸν
75 1457 122 1483 τὸν
139 1457 207 1484 Υἱὸν
221 1457 331 1489 ἀσεϐεῖς
344 1457 428 1483 Οὐδὲν
445 1456 499 1492 γάρ
523 1457 596 1483 ἐστιν
613 1457 627 1483 ὃ
651 1456 687 1492 μὴ
702 1455 746 1482 διὰ
766 1454 811 1482 τοῦ

19 1503 101 1537 Λόγου
118 1504 147 1529 ἐν
159 1503 200 1538 τῷ
214 1503 352 1538 Πνεύματι
365 1503 470 1537 γίνεται
485 1503 531 1529 καλ¹
547 1503 710 1538 ἐνεργεῖται.
728 1501 814 1527 Τοῦτο

852 911 970 946 Spiritus
986 910 1259 937 communicationem
1276 910 1418 936 habemus.

951 1043 988 1070 Ex
1003 1043 1046 1070 his
1074 1043 1156 1078 igitur
1175 1050 1229 1070 una
1254 1042 1396 1070 Trinitatis
1411 1043 1552 1070 elﬁcientia
1579 1050 1640 1070 esse

851 1090 1013 1118 ostenditur.
1027 1089 1081 1117 Nec
1096 1091 1167 1117 enim
1184 1090 1289 1117 diversa
1304 1090 1426 1117 etdivisa
1442 1090 1499 1116 dari
1516 1097 1530 1116 a
1546 1089 1641 1124 singu-

853 1137 886 1165 lis
899 1137 1033 1172 signiticat
1045 1136 1203 1171 Apostolus,
1220 1136 1265 1164 sed
1282 1143 1313 1163 ea
1324 1137 1504 1171 quatdantur.
1531 1136 1558 1163 in
1580 1135 1640 1163 Tri—

861 1180 944 1208 nilate
960 1182 1029 1212 dari,
1050 1183 1196 1216 omniaque
1214 1190 1246 1209 ex
1267 1190 1322 1208 uno
1339 1182 1392 1208 Deo
1408 1189 1478 1209 esse.
1499 1181 1546 1208 Ille
1569 1182 1652 1217 igitur

861 1229 962 1262 quires
976 1233 1068 1256 creata
1094 1236 1147 1255 non
1174 1232 1225 1259 est,
1243 1229 1289 1254 sed
1307 1235 1367 1255 cum
1395 1227 1464 1254 Filio
1490 1235 1544 1254 non
1572 1234 1651 1254 secus

861 1275 1023 1310 coujtlnctus
1040 1279 1091 1305 est,
1108 1282 1139 1302 ae
1155 1274 1212 1309 ipse
1226 1274 1312 1301 Filius
1329 1282 1391 1300 cum
1412 1273 1490 1300 Patre
1504 1283 1509 1300 :
1523 1273 1570 1308 qui
1586 1273 1651 1300 item

862 1329 922 1348 cum
941 1321 1019 1348 Patre
1034 1326 1060 1348 et
1075 1321 1144 1347 Filio
1155 1321 1322 1352 honoratur,
1339 1324 1366 1347 et
1380 1327 1442 1347 cum
1466 1318 1555 1347 Verbo
1580 1319 1651 1347 Deus

862 1367 1029 1401 agnoscitur,
1057 1374 1163 1394 necnon
1177 1374 1209 1393 ea
1225 1366 1283 1400 ipsa
1297 1366 1353 1400 agit
1369 1373 1430 1400 quae
1456 1373 1503 1400 per
1530 1364 1649 1392 Verbum

862 1411 941 1440 Pater
953 1412 1052 1445 eilicit;
1069 1412 1115 1446 qui
1130 1420 1173 1439 res
1191 1415 1284 1438 creata
1295 1411 1349 1438 dici
1366 1412 1464 1445 possit,
1480 1410 1533 1438 nisi
1555 1411 1590 1438 ab
1616 1418 1651 1438 eo

863 1460 941 1494 plane
957 1459 1001 1494 qui
1015 1459 1040 1486 in
1058 1459 1157 1486 Filium
1173 1459 1262 1493 ipsum
1275 1458 1375 1492 impius
1392 1457 1495 1485 fuerit?
1510 1456 1651 1492 Siquidem

864 1505 930 1532 nihil
946 1513 1057 1540 prorsus
1072 1509 1123 1537 est,
1140 1505 1210 1538 quod
1225 1512 1277 1531 non
1294 1510 1342 1538 per
1354 1503 1474 1530 Verbum
1491 1504 1537 1531 ﬁat
1548 1508 1574 1531 et
1588 1511 1652 1538 agar

19 1549 61 1574 καὶ
73 1549 102 1574 ἐν
115 1549 249 1584 Ψαλμοῖς
264 1549 356 1584 ᾄδεται
369 1557 375 1564 ·
390 1558 399 1574 ι
414 1548 460 1584 Τῷ
479 1548 558 1583 Λόγῳ
574 1548 676 1583 Κυρίου
691 1548 715 1574 οι
733 1548 763 1574 οὑ

905 1551 945 1578 ’ἱη
964 1551 1091 1586 Spiritu:
1115 1551 1345 1585 quemadmodum
1371 1550 1453 1577 etiam
1482 1550 1508 1576 in
1537 1549 1651 1577 Psalmis

19 1593 54 1618 vr).
75 1592 299 1628 ἐστερεώθησαν,
323 1593 370 1619 καὶ
393 1591 432 1627 τῷ
449 1592 589 1627 Πνεῦματι
612 1591 659 1618 τοῦ
682 1591 814 1627 στόματος

19 1638 94 1664 κὺτοῦ
121 1639 230 1674 πᾶσαὴ
247 1638 360 1674 δύναμις
371 1638 475 1665 αὐτῶν⁸
493 1648 502 1664 ι
517 1639 566 1665 καὶ
583 1639 611 1665 ὲν
625 1637 665 1673 τῷ
677 1636 814 1672 ἑκατοστῷ

19 1683 232 1719 τεσσαρακοστῷ
246 1683 353 1718 ἑϐδόμῳ
361 1683 474 1719 ψαλμῷ-
490 1693 500 1709 ι
518 1683 677 1710 Ἀποστελεῖ
769 1682 815 1709 τὸν

19 1729 97 1762 ’λόγον
121 1729 212 1756 αὐτοῦ
226 1749 233 1761 ,
256 1729 303 1756 καὶ
317 1728 392 1765 τήξει
412 1729 498 1756 αὑτά’
521 1729 633 1756 πνεύσει
649 1728 680 1755 τὺ
703 1728 817 1763 Πνεῦμα

19 1774 113 1806 ιὺτοῦ,η
125 1775 177 1801 καὶ
196 1775 327 1810 ῥυήσεται
346 1774 440 1801 ὕδατα.
459 1784 468 1800 ι
488 1775 542 1801 Καὶ
561 1774 761 1810 ὲδικαιώθημεν
775 1774 813 1807 δὲ,

19 1819 47 1850 ὗς
62 1818 144 1846 εἶπεν
163 1820 180 1846 ὸ
199 1819 374 1852 ’Λπόστολος,
397 1829 405 1845 ι
424 1821 452 1846 ἐν
465 1819 503 1855 τῷ
517 1820 628 1855 ὀνόματι
648 1819 696 1846 τοῦ
713 1819 814 1855 Κυρίου

19 1865 90 1899 ῇμῶν
110 1865 207 1900 Ἰησοῦ
225 1865 353 1901 Χριστοῦ,
372 1865 419 1891 καὶ
433 1866 462 1892 ὲν
478 1865 517 1900 τῷ
534 1866 672 1901 Πνεὺματι
688 1864 736 1892 τοῦ
746 1864 814 1891 Θεοῦ

19 1910 100 1944 ιμῶν,
127 1920 137 1936 ›
161 1910 330 1946 Ἀιδιαίρετον
341 1912 394 1946 γάρ
406 1912 464 1937 ἐστι
480 1910 527 1937 τοῦ
540 1911 626 1945 Λόγου
643 1911 673 1938 τὸ
692 1911 813 1947 Πνεῦμα.

19 1957 128 1991 ’Δμὲλει
153 1957 286 1991 λέγοντος
311 1957 358 1984 τοῦ
379 1958 481 1994 Κυρίου
506 1974 514 1987 ,
599 1967 607 1983 t
635 1958 816 1994 Ἐλευσόμεθα

20 2002 63 2036 γὼ
78 2003 128 2030 καὶ¹
152 2004 168 2029 ὁ
188 2002 285 2038 Πατὴρ
299 2024 307 2036 ,
328 2013 336 2028 ›
354 2003 557 2039 συνεισέρχεται
579 2003 609 2030 τὸ
629 2004 741 2039 Πνεῦμα
767 2004 817 2030 οὐκ

19 2048 97 2081 ίλλως
110 2049 129 2085 ἢ
149 2049 193 2081 ὡς
204 2050 219 2076 ὁ
234 2049 298 2080 Υἱὸς
390 2050 418 2076 ὲν
435 2050 501 2085 ἡμῖν
517 2051 634 2086 οἰκήσων
645 2069 651 2081 ,
665 2050 817 2085 γράφοντος

19 2092 157 2130 Νᾳεσίοις
185 2095 235 2122 τοῦ
251 2095 376 2122 Παύλου·
400 2105 409 2121 ‹
432 2095 490 2122 Ἵνα
503 2095 558 2131 δῴη
588 2096 652 2131 ὑμῖν
675 2095 745 2122 κατὰ
772 2097 817 2123 τὸν

19 2141 129 2168 πλοῦτον
139 2142 197 2176 τῆς
216 2140 296 2176 δόξης
311 2140 404 2173 αὐτοῦ,
416 2141 529 2176 δυνάμει
548 2141 752 2177 κραταιωθῆναι
775 2141 818 2168 διὰ

19 2189 51 2215 οῦ
70 2187 248 2222 Πνεύματος
258 2186 341 2213 αὑτοῦ
361 2187 401 2219 εἰς
419 2187 464 2214 τὸν
482 2187 535 2213 ἔσω
557 2187 709 2223 ἄνθρωπον,
728 2196 819 2214 κατοι-

19 2237 92 2271 iam
110 2236 165 2262 τὸν
177 2233 310 2269 Χριστόν.
327 2243 336 2259 )
353 2232 407 2260 Τοῦ
423 2233 453 2259 δὲ
462 2233 526 2259 Υἱοῦ
542 2234 571 2260 ὲν
587 2233 654 2268 ἡμῖν
670 2233 755 2265 ὄντος,
779 2233 819 2259 ἔτι
833 2225 854 2253 ί)

21 2283 51 2309 αἱ
67 2283 84 2309 ό
100 2280 223 2315 Πατὴρ,
235 2279 359 2313 λέγοντος
375 2279 422 2306 τοῦ
439 2278 504 2305 Υῑοῦ
515 2287 522 2294 ·
545 2288 553 2304 ι
582 2278 651 2313 Ἐγὼ
664 2280 693 2305 ὲν
710 2278 749 2314 τῷ
762 2280 819 2306 Πα-

19 2329 59 2363 ρὶ,
79 2328 135 2354 καὶ
153 2328 170 2352 ὁ
185 2325 283 2361 Πατὴρ
300 2325 328 2350 ὲν
344 2324 415 2360 ὲμοί.
437 2334 446 2350 ι
461 2324 507 2351 Διὸ
526 2325 589 2357 καὶ,
617 2324 758 2360 γινομένου
773 2323 820 2350 τοῦ

19 2375 94 2408 »ὁγου
113 2374 148 2400 ἐν
164 2372 230 2402 τοῖς
241 2371 403 2406 προφήταις,
419 2371 447 2397 ὲν
468 2370 543 2406 αὑτῷ
562 2369 601 2405 τῷ
620 2369 760 2405 Πνεύματι
780 2369 821 2406 τῷ

20 2421 76 2454 γίῳ
113 2416 343 2454 προφητεύουσι.
370 2416 426 2451 Τῆς
456 2416 521 2450 γοῦν
540 2416 650 2451 Γραφῆς
673 2416 820 2451 λεγούσης,

38 2466 99 2493 Καὶ
210 2461 320 2496 ἐγένετο
336 2461 421 2496 Λόγος
437 2461 541 2497 Κυρίου
562 2471 571 2487 ι
592 2461 659 2497 πρὸς
677 2462 751 2488 τόνδε
777 2462 822 2488 τὸν

19 2513 177 2549 ιροφήτην,
195 2508 332 2535 δείκνυται
348 2506 528 2543 προφητεύων
543 2507 573 2533 ὲν
586 2507 624 2542 τῷ
632 2507 772 2542 Πνεύματι
783 2507 822 2542 τῷ

19 2559 88 2594 γίῳ.
118 2557 172 2583 Ἐν
201 2553 253 2590 μὲν
278 2553 333 2589 γὰρ
437 2552 475 2587 τῷ
498 2552 622 2589 Ζαχαρία
650 2553 820 2589 γέγραπται-

32 2605 116 2639 Πλὴν
132 2602 211 2632 τοὺς
227 2599 322 2633 λόγους
338 2607 388 2634 μου
401 2600 449 2626 καὶ
467 2598 501 2625 τὰ
515 2598 619 2634 νόμιμά.
637 2607 687 2634 μου
701 2598 821 2633 δέχεσθε,

19 2659 49 2677 τα
63 2647 129 2684 ἐγὼ
142 2644 315 2679 ἐντέλλομαι
324 2644 352 2670 ὲν
364 2643 503 2679 Πνεύματί
514 2652 564 2679 μου
579 2645 636 2675 τοῖς
654 2642 757 2676 δούλοις
772 2653 822 2679 μου

19 2699 57 2727 ,ῖς
78 2692 273 2730 προφήταις·
291 2699 300 2715 ›
318 2690 362 2716 ὅτε
373 2689 421 2716 καὶ
437 2690 496 2724 μετ’
509 2689 588 2724 ὀλίγα
600 2690 760 2725 αἰτιώμενος
778 2689 824 2717 τὸν

19 2743 68 2770 ιὸν
88 2741 185 2774 ἔλεγε
200 2745 208 2751 ·
224 2747 232 2762 ι
245 2737 299 2763 Καὶ
313 2737 363 2771 τὴν
380 2736 493 2772 καρδίαν
505 2735 595 2763 αὐτῶν
604 2735 700 2769 ἔταξαν
711 2736 823 2772 ἀπειθῆ,

864 1598 973 1624 canitur
988 1607 994 1624 :
1014 1606 1023 1622 ‹
1040 1596 1129 1625 Verbo
1147 1596 1252 1623 Domini
1269 1597 1331 1624 caeli
1346 1596 1447 1624 ﬁrmati
1462 1599 1536 1628 sunt,
1550 1600 1577 1622 et
1589 1595 1652 1630 Spi—

864 1643 917 1670 ritu
925 1642 1140 1677 orisejusomnis
1149 1642 1234 1670 virtus
1247 1649 1342 1669 eorum
1362 1644 1372 1659 ²
1382 1651 1389 1676 ;
1401 1652 1410 1668 ι
1423 1646 1452 1669 et
1464 1642 1490 1668 in
1505 1642 1653 1669 centesimo

865 1688 1074 1723 quadragesimo
1087 1688 1203 1723 septimo
1217 1688 1323 1723 psalmo
1341 1699 1346 1714 :
1372 1697 1381 1714 ι
1403 1687 1513 1715 Emittet
1535 1686 1653 1714 Verbum

865 1743 957 1769 suum,
973 1739 1002 1762 et
1016 1734 1170 1770 liquefaciet
1181 1742 1212 1761 ea
1222 1743 1229 1767 ;
1239 1733 1440 1769 ﬂubilSpirilus
1451 1733 1522 1768 ejus,
1538 1738 1563 1760 ct
1573 1733 1655 1760 ﬂuent

866 1789 943 1815 aquae
968 1782 990 1809 ⁸.
1011 1790 1020 1806 ›
1037 1780 1079 1812 Εῐ,
1105 1785 1134 1807 ut
1148 1781 1187 1807 ait
1202 1781 1359 1815 Apostolus,
1376 1789 1385 1806 ι
1404 1779 1546 1814 justiﬂcati
1560 1787 1655 1807 sumus

867 1827 893 1854 in
915 1826 1024 1854 nomine
1047 1825 1155 1854 Domini
1181 1827 1267 1853 nostri
1296 1825 1361 1853 Jesu
1385 1825 1487 1852 Christi
1510 1829 1537 1852 et
1553 1825 1580 1851 in
1599 1823 1655 1859 Spi-

867 1873 920 1900 ritu
934 1872 982 1900 Dei
998 1868 1084 1899 nostri
1110 1872 1130 1898 ³.
1154 1881 1162 1897 ›
1177 1871 1301 1906 Namque
1326 1870 1444 1906 Spiritus
1460 1878 1474 1897 a
1496 1869 1584 1897 Verbo
1611 1877 1657 1896 ne.

867 1919 926 1953 quit
939 1917 1032 1945 dividi.
1044 1916 1171 1945 Profecto
1188 1924 1250 1944 cum
1264 1916 1391 1944 Christus
1407 1916 1457 1948 ait,
1479 1925 1488 1941 ι
1507 1914 1657 1942 Venicmus

867 1972 917 1999 ego
930 1968 956 1992 et
967 1963 1047 1991 Pater
1075 1965 1098 1996 ⁸,
1122 1972 1132 1989 ι
1155 1971 1209 1990 una
1230 1970 1339 1997 quoque
1356 1962 1439 1990 intrat
1464 1961 1582 1996 Spiritus
1602 1968 1656 1987 non

867 2009 922 2036 alio
945 2008 1027 2036 modo
1054 2015 1136 2043 quam
1162 2007 1247 2035 Filius
1281 2007 1309 2034 in
1335 2007 1413 2035 nobis
1429 2006 1610 2039 habitaturus,
1627 2010 1658 2033 ut

869 2054 968 2082 Paulus
984 2055 1018 2082 ad
1037 2053 1171 2089 Ephesios
1191 2053 1309 2082 scribit:
1325 2062 1334 2078 ‹
1356 2052 1391 2080 Ut
1404 2053 1450 2080 det
1466 2052 1544 2081 vobis
1562 2059 1658 2080 secun-

868 2099 932 2126 dum
948 2098 1059 2126 divitias
1084 2098 1178 2133 gloria:
1201 2105 1269 2131 sure,
1294 2097 1396 2125 virtute
1420 2097 1594 2125 corroborari
1609 2104 1658 2132 per

870 2142 1001 2178 Spiritum
1017 2143 1077 2177 ejus
1091 2143 1118 2169 in
1142 2142 1301 2169 interiorem
1330 2141 1466 2170 hominem
1482 2162 1490 2174 ,
1516 2141 1657 2169 Christum

869 2187 992 2215 habitare
1015 2188 1035 2215 ".
1056 2196 1065 2213 ι
1081 2187 1170 2214 Porro
1181 2194 1245 2214 cum
1257 2185 1344 2213 Filius
1359 2186 1386 2213 in
1402 2186 1482 2214 nobis
1510 2191 1561 2218 est,
1579 2186 1659 2214 Pater

870 2241 980 2268 quoque
995 2233 1078 2260 simul
1090 2236 1182 2265 est,ut
1192 2232 1278 2260 Filius
1293 2232 1352 2268 ipse
1363 2231 1401 2259 ita
1418 2236 1555 2259 testatur:
1576 2241 1585 2257 ι
1601 2231 1659 2266 Ego

871 2279 898 2306 in
916 2279 1004 2311 Patre,
1020 2283 1046 2306 et
1058 2278 1137 2306 Pater
1151 2278 1178 2305 in
1192 2286 1234 2306 mc
1258 2281 1281 2304 '.
1300 2287 1310 2305 ι
1328 2277 1397 2304 Hine
1409 2285 1472 2305 cum
1494 2276 1612 2305 Verbum
1631 2277 1660 2304 in

871 2325 1010 2360 prophetis
1025 2324 1112 2357 adest,
1139 2324 1178 2351 illi
1194 2324 1221 2351 in
1237 2324 1298 2359 ipso
1324 2323 1429 2359 Spiritu
1450 2327 1547 2351 sancto
1564 2323 1660 2350 vatici-

872 2376 983 2398 nantur.
999 2370 1078 2398 Unde
1091 2377 1153 2397 cum
1171 2369 1314 2405 Scriptura
1340 2369 1416 2402 dicit,
1432 2379 1441 2395 t
1462 2369 1495 2396 Et
1508 2369 1608 2397 factum
1620 2373 1662 2396 est

875 2416 990 2444 Verbum
1003 2425 1012 2442 ι
1023 2417 1055 2443 ad
1069 2417 1148 2444 talem
1164 2417 1334 2451 prophetam.
1352 2416 1428 2443 illum
1441 2416 1467 2442 in
1482 2415 1585 2450 Spiritu
1598 2422 1661 2442 san-

873 2467 918 2492 cto
934 2463 1078 2490 vaticinari
1092 2463 1238 2499 signiﬁcat.
1260 2462 1327 2490 Nam
1342 2463 1369 2490 in
1382 2462 1513 2490 Zacliaria
1528 2462 1660 2497 scriptum

873 2513 935 2537 est:
956 2517 966 2534 ‹
987 2507 1180 2536 Verumtamen
1196 2509 1277 2536 verba
1295 2516 1354 2535 mea
1369 2512 1397 2535 et
1407 2508 1527 2543 legitima
1545 2515 1603 2535 mea
1616 2514 1662 2534 Sll':

872 2555 978 2589 scipite,
992 2562 1053 2589 quae
1066 2561 1116 2589 ego
1131 2555 1232 2582 mando
1245 2554 1273 2581 in
1293 2553 1397 2589 Spiritu
1413 2561 1474 2581 meo
1489 2553 1577 2581 servis
1589 2553 1659 2580 meis

873 2601 1015 2635 prophetis
1029 2601 1040 2615 '
1057 2621 1063 2628 .
1083 2610 1092 2626 ι
1113 2599 1198 2627 Paulo
1211 2604 1273 2635 post
1288 2599 1371 2626 etiam
1389 2599 1521 2635 populum
1538 2598 1582 2626 his
1598 2605 1660 2626 ver—

873 2647 914 2674 bis
928 2647 1055 2681 ohjurgat
1070 2655 1076 2673 :
1092 2656 1101 2672 ι
1115 2645 1146 2673 Et
1160 2654 1208 2673 cor
1223 2653 1304 2673 suum
1316 2645 1484 2672 obstinatum
1497 2647 1661 2676 statuerunt,

873 2701 907 2720 ne
921 2693 1047 2720 audirent
1064 2693 1149 2728 legem
1167 2699 1267 2722 meam.
1279 2695 1307 2718 et
1330 2691 1491 2726 verbaquzc
1510 2690 1586 2717 misit
1613 2689 1666 2716 Do-

873 2738 965 2766 minus
980 2738 1153 2774 omnipotens
1169 2737 1198 2765 iu
1225 2736 1328 2773 Spiritu
1348 2744 1398 2765 suo
1411 2736 1438 2763 in
1457 2735 1585 2763 manibus
1599 2741 1667 2769 pro-

44 2826 50 2839 '
74 2824 170 2850 .tnan.
197 2817 313 2850 xtv,25.
352 2818 362 2832 ¹
378 2816 398 2843 ll
412 2817 475 2845 Cor.
497 2824 556 2849 xm,
578 2817 619 2844 15.
659 2817 669 2832 ³
691 2816 759 2843 l'snl.
775 2824 788 2841 κ

944 2816 953 2831 ⁸
970 2816 1040 2844 l‘sal.
1062 2822 1161 2848 ειη-ιιι,
1187 2815 1228 2844 18.
1267 2816 1276 2832 ³
1294 2816 1303 2842 1
1323 2816 1386 2843 Cor.
1409 2825 1445 2848 vi,
1472 2815 1514 2842 11.
1553 2815 1563 2830 ⁸
1578 2814 1656 2843 Joan.

22 2870 63 2893 μ’,
83 2859 140 2886 ‘25.

192 2853 204 2870 ⁷
224 2852 321 2888 Ephcs.
337 2859 364 2884 ν,
387 2852 428 2878 16.
468 2852 478 2868 ⁸
495 2852 573 2879 Joan.
593 2860 645 2884 λιν,
665 2851 705 2878 10.
743 2851 846 2878 ’Zaeh.
861 2860 880 2884 ι,
897 2853 922 2878 li.
