1891 3076
27 135 75 168 ’145

31 206 43 232 ὁ
58 204 170 239 πόλεμος
186 203 253 239 ἔχει,
270 203 286 239 ἡ
303 202 331 229 δὲ
343 203 453 238 ἀλήθεια
469 202 523 229 τῶν
535 203 684 238 γινομένων
697 202 765 238 πρὸς
777 201 808 229 τὸ
821 204 842 231 Α

31 250 88 284 ὕψος
101 249 202 284 βλέπει.
217 250 296 275 Ὥστε
313 249 355 283 ἐφ’
370 250 443 284 ἡμᾶς
461 249 512 285 μὲν
527 249 606 285 δῆθεν
618 249 668 281 τὰς
683 249 808 285 μηχανὰς

30 296 70 322 καὶ
86 295 133 326 τὰς
146 295 257 330 ἐνέδρας
274 295 508 328 διασκευάζονται,
530 296 577 322 καὶ
597 295 721 331 ἀλλήλοις
729 296 809 329 ἐγκε-

29 341 142 367 λεύονται
164 340 331 376 ἐπιϐοηθεῖν,
354 341 392 373 ὡς
413 342 527 373 ἕκαστος
546 341 602 376 ἔχει
624 341 770 377 ἐμπειρίας
789 340 806 376 ἢ

32 385 127 421 ῥώμης.
143 386 237 419 Πίστις
250 387 280 413 δέ.
298 388 356 413 ἐστι
374 386 405 413 τὸ
423 386 636 422 πολεμούμενον,
656 386 704 412 καὶ
718 385 806 418 κοινὸς

31 432 122 463 σκοπὸς
146 432 232 459 ἆπασι
251 433 308 463 τοῖς
328 432 460 464 ἐναντίοις
475 433 521 459 καὶ
535 432 642 468 ἐχθροῖς
655 432 705 467 τῆς
720 432 808 466 ὑγιαι-

29 478 118 513 νούσης
132 477 306 510 διδασκαλίας
317 478 348 504 τὸ
364 477 506 514 στερέωμα
517 478 566 513 τῆς
580 478 621 509 εἰς
635 477 751 514 Χριστὸν
762 477 807 504 πί-

30 530 105 553 στεως
115 523 285 554 κατασεϊσαι,
299 522 332 549 ὲκ
346 522 392 548 τοῦ
405 522 453 558 τὴν
467 522 647 557 ἁποστολικὴν
658 521 807 557 παράδοσιν

28 567 210 602 ὲδαφισθεῖσαν
226 567 419 602 ἀφανισθῆναι.
434 567 481 593 Διά
497 567 586 599 τοῦτο,
602 567 640 599 ὡς
655 568 709 593 τῶν
720 575 806 603 χρεω-

28 613 151 647 φειλετῶν
165 613 190 639 οἱ
206 612 285 648 δῆθεν
301 612 472 647 εὐγνώμονες
488 631 498 645 ,
570 612 619 644 τὰς
636 613 667 639 ὲκ
687 611 742 638 τῶν
758 613 805 646 ὲγ-

27 659 133 694 γράφων
160 657 311 690 ἀποδείξεις
334 657 508 690 ἐπιϐοῶνται,
531 657 580 693 τὴν
606 657 730 693 ἄγραφον
751 657 806 684 τῶν

27 705 149 739 Πατέρων
167 703 318 740 μαρτυρίαν
335 704 372 736 ὡς
390 703 496 735 οὐδενὸς
512 703 588 737 ἀξίαν
607 703 806 738 ἀποπεμπόμε-

26 760 70 777 νοι.
101 750 173 777 Ἀλλ’
200 751 230 777 οὺ
256 749 311 785 γὰρ
339 749 498 785 ὑφησόμεθα
515 750 564 785 τῆς
583 750 722 785 ἀληθείας,
745 749 805 776 οὐδὲ

26 795 101 830 δειλίᾳ
113 794 164 830 τὴν
178 794 335 830 συμμαχίαν
346 794 530 830 προδώσομεν.
547 795 578 821 Εἰ
589 795 642 831 γὰρ
657 795 672 822 ὸ
686 795 736 831 μὲν
747 794 805 822 Κύ-

26 849 76 876 pta;
99 841 139 872 ὼς
162 841 310 874 ἀναγκαῖον
332 841 378 867 καὶ
400 841 532 877 σωτήριον
554 841 641 876 δόγμα
662 842 712 878 τὴν
737 842 805 878 μετὰ
823 853 844 882 D

26 887 124 923 Πατρος
141 887 266 919 σύνταξιν
282 887 329 914 τοῦ
349 887 427 921 ἁγίου
446 887 603 922 Πνεύματος
619 889 803 925 παραδέδωκε,

26 934 72 965 τοῖς
92 934 121 960 δὲ
142 934 192 969 οὐχ
211 933 282 960 οὕτω
299 933 384 965 δοκεῖ,
403 933 471 960 ἀλλὰ
486 933 600 969 διαιρεῖν
622 935 669 961 καὶ
687 935 804 971 διασπᾷν

26 979 64 1005 καὶ
75 979 120 1005 ἐπὶ
131 979 181 1013 τὴν
197 978 277 1013 φύσιν
290 979 340 1015 τὴν
352 978 542 1015 λειτουργικὴν
625 979 785 1015 μετοικίζειν
793 988 802 998 ι

26 1023 74 1055 πῶς
87 1025 141 1051 οὐκ
155 1024 264 1058 ἀληθὲς,
278 1024 318 1051 ὅτι
332 1024 382 1060 τὴν
398 1025 503 1052 ἑαυτῶν
520 1025 692 1061 βλασφημίαν
704 1035 803 1063 κυριω-

26 1069 95 1105 εέραν
108 1070 252 1098 ποιοῦνται
267 1071 317 1107 τῆς
332 1071 380 1098 τοῦ
399 1071 533 1098 Δεσπότου
545 1072 721 1107 νομοθεσίας,
734 1074 802 1110 Φέρε

26 1114 47 1150 ἰὴ
64 1113 120 1148 οὖν,
140 1118 231 1144 πᾶσαν
248 1119 412 1153 φιλονεικίαν
429 1121 638 1153 καταδαλόντες,
656 1123 727 1148 οὓτω
739 1121 802 1157 περὶ

26 1159 67 1187 ζῶν
81 1161 110 1188 ὲν
123 1163 206 1198 χερσὶ
218 1164 285 1200 πρδς
301 1164 431 1197 ἀλλήλους
444 1166 663 1201 διασκεψώμεθα.

107 1251 270 1286 Χριστιανοὶ
282 1251 364 1279 πόθεν
377 1253 472 1288 ήμεῖς;
489 1253 538 1280 Διά
549 1254 598 1290 τῆς
614 1253 740 1287 πίστεως,
753 1256 806 1287 πᾶς

26 1303 53 1326 ῖις
67 1295 100 1322 ἂν
120 1297 206 1323 atram.
224 1297 371 1333 Σωζόμεθα
389 1298 417 1325 δὲ
434 1299 495 1326 τίνα
508 1300 626 1336 τρόπον;
645 1301 806 1336 Ἀναγεννης

26 1341 102 1374 ιὲντες
119 1342 244 1378 δηλονότι
258 1342 303 1369 διά
319 1343 369 1378 τῆς
389 1344 418 1370 ὲν
437 1344 476 1380 τῷ
501 1344 668 1380 βαπτίσματι
685 1345 804 1381 χάριτος.

26 1386 97 1412 Πόθεν
114 1386 172 1422 γὰρ
191 1387 320 1421 ἀλλοθεν;
340 1386 406 1415 Εἶτα
422 1389 472 1424 τὴν
490 1390 629 1425 σωτηρίαν
643 1390 744 1425 ταύτην
762 1389 807 1416 διά

26 1432 118 1467 ἰατρὸς
134 1432 186 1459 καὶ
198 1432 263 1459 Υιοῦ
278 1433 324 1460 καὶ
343 1434 422 1468 ἁγίου
439 1434 597 1469 Πνεύματος
611 1434 806 1471 βεὸαιουμένην

26 1478 212 1512 ’νωρίσαντες,
236 1478 266 1505 ὃν
283 1479 475 1515 παρελάϐομεν
498 1480 583 1507 τύπον
607 1481 717 1517 διδαχῆς
738 1489 805 1517 προ-

26 1522 202 1558 eamearn
216 1525 340 1560 μεγάλων
352 1524 385 1551 ἂν
399 1524 441 1560 εἴη
457 1526 617 1562 στεναγμῶν
628 1526 714 1560 ἄξιον,
728 1527 806 1564 εἴπερ
820 1525 841 1554 C

26 1568 199 1605 ύρισκὸμεθα
219 1569 267 1596 νῦν
284 1571 484 1607 μακρυιόμενοι
499 1571 599 1607 μᾶλλον
614 1572 668 1599 ἀπὸ
683 1572 734 1608 τῆς
754 1581 806 1600 σω-

27 1613 106 1648 ηρίας
122 1614 217 1650 ἡμῶν,
235 1615 251 1650 ἢ
266 1616 310 1642 ὅτε
325 1615 524 1652 ἐπιστεύσαμεν
534 1625 541 1633 ·
556 1616 635 1653 εἴπερ
646 1617 665 1644 ἃ.
746 1618 806 1645 τότε

26 1660 250 1695 εροσεδεξάμεθα,
268 1661 316 1689 νῦν
330 1662 537 1698 ἀπαρνούμεθα.
558 1664 616 1699 Ἴση
636 1663 710 1690 ἐστὶν
727 1664 743 1699 ή
758 1663 807 1699 ζη-

26 1705 60 1732 .ία
80 1706 96 1742 ἥ
113 1706 232 1742 ἄμοιρόν
248 1716 310 1735 τινα
322 1708 368 1735 τοῦ
390 1708 578 1744 βαπτίσματος
594 1709 732 1742 ἀπελθεῖν,
748 1710 765 1745 ἢ
776 1710 806 1737 ἓν

26 1760 34 1778 ι
46 1752 101 1778 τῶν
115 1753 152 1780 ἐκ
165 1753 216 1789 τῆς
230 1754 406 1790 παραδόσεως
419 1755 542 1782 ἐλλεῖπον
555 1755 692 1787 δέξασθαι.
709 1756 765 1791 Τήν
775 1765 806 1783 τε

26 1797 169 1832 μολογίαν,
180 1798 213 1834 ἢν
222 1799 268 1825 ἐπὶ
278 1799 327 1835 τῆς
340 1800 451 1836 πρώτης
460 1801 615 1836 εἰσαγωγῆς
624 1800 804 1837 κατεθέμεθα,

26 1851 60 1874 τε,
79 1844 230 1879 ρυσθέντες
247 1845 302 1872 ἀπὸ
319 1845 374 1873 τῶν
392 1846 521 1880 εἰδώλων,
540 1847 729 1883 προσήλθομεν
745 1846 805 1883 Θεῷ

26 1888 100 1921 inm,
121 1890 138 1916 ὁ
158 1889 195 1925 μὴ
215 1890 261 1917 ἐπὶ
282 1891 382 1923 παντὸς
404 1891 548 1926 φυλάσσων
565 1893 672 1928 καιροῦ,
698 1893 745 1920 καὶ
760 1893 805 1920 διὰ

26 1933 100 1969 ἀσης
123 1935 225 1962 ἑαυτοῦ
249 1935 298 1971 τῆς
311 1937 384 1972 ζωῆς
402 1937 441 1968 ὼς
462 1937 600 1972 ἀσφαλοῦς
619 1938 803 1975 φυλακτηρίου

26 1980 221 2016 εριεχόμενος,
239 1980 314 2014 ξένον
328 1982 425 2009 ἑαυτὸν
445 1983 591 2020 καθίστησι
613 1984 666 2012 τῶν
686 1986 803 2020 ἐπαγγε-

26 2025 70 2051 ιῶν
82 2025 138 2052 τοῦ
154 2025 234 2059 Θεοῦ,
246 2027 285 2062 τῷ
299 2027 356 2064 ἰδίῳ
371 2029 545 2065 χειρογράφῳ
559 2030 721 2066 μαχόμενος,
731 2031 746 2058 ὃ
755 2031 804 2059 ἐπὶ

26 2071 53 2106 ῆς
74 2072 153 2100 κατὰ
174 2072 223 2108 τὴν
247 2073 338 2101 πίστιν
361 2074 508 2111 ὁμολογίας
530 2076 669 2104 κατέθετο.
692 2077 724 2104 Et
749 2077 804 2112 γὰρ

26 2119 74 2154 ρχή
100 2127 152 2154 μοι
177 2118 249 2154 ζωῆς
272 2119 302 2146 τὸ
325 2120 475 2157 βάπτισμα,
500 2121 548 2149 καὶ
572 2122 669 2159 πρώτη
693 2123 804 2159 ἡμερῶν

26 2163 96 2199 ιείνη
115 2163 134 2198 ἡ
153 2163 205 2199 τῆς
222 2164 432 2200 παλιγγενεσίας
456 2167 557 2203 ἡμέρα,
578 2168 667 2203 δῆλον,
691 2169 733 2196 ὅτι
756 2169 803 2196 καὶ

26 2209 80 2244 iovi}
97 2209 259 2245 τιμιωτάτη
348 2211 442 2238 πασῶν
458 2212 475 2247 ἡ
489 2213 518 2239 ὲν
534 2214 567 2248 τῇ
581 2213 673 2249 χάριτι
685 2214 733 2250 τῆς
747 2214 803 2240 υίο-
818 2213 841 2241 D

26 2255 98 2286 ῖσίας
118 2255 323 2290 ὲκφωνηθεῖσα.
340 2256 396 2292 Τὴν
410 2255 457 2284 οὖν
481 2258 644 2293 είσάγουσάν
660 2268 694 2295 με
715 2260 755 2292 είς
770 2259 801 2286 τὸ

26 2301 69 2333 ῦς,
80 2301 137 2336 τὴν
156 2301 258 2335 γνῶσιν
272 2301 326 2338 (40)
344 2303 412 2330 Θεοῦ
430 2312 474 2339 μοι
489 2305 675 2342 χαρισαμένην
683 2306 803 2342 παράδο-

27 2356 53 2379 ν,
77 2347 115 2373 δι’
139 2344 179 2382 ἧς
197 2348 292 2375 τέκνον
311 2349 474 2385 ἀπεδείχθην
487 2351 567 2383 Θεοῦ,
583 2352 598 2378 ὁ
614 2351 682 2384 τέως
696 2352 739 2379 διὰ
753 2352 802 2388 τὴν

26 2391 148 2426 ιαρτίαν
164 2391 270 2427 ἐχθρὸς,
291 2392 394 2429 ταύτην
412 2394 513 2428 προδῶ,
527 2397 586 2428 ταῖς
601 2395 703 2423 τούτων
720 2397 802 2424 πιθα-

27 2436 145 2471 λογίαις
161 2438 369 2472 παρατραπείς;
394 2439 475 2466 Ἀλλὰ
492 2441 539 2467 καὶ
552 2441 663 2476 ἐμαυτῷ
677 2442 803 2477 συνεύχο-

26 2491 46 2508 ιι
70 2481 152 2517 μετὰ
175 2481 224 2516 τῆς
246 2481 390 2517 ὁμολογίας
409 2483 510 2519 ταύτης
530 2484 659 2512 ἀπελθεῖν
676 2485 739 2519 τρδς
754 2485 803 2512 τὸν

26 2527 118 2564 ύριον.
143 2528 194 2554 καὶ
208 2528 298 2560 αὐτοῖς
314 2530 449 2564 παραινῶ,
466 2529 564 2557 ἄσυλον
578 2531 741 2567 διατηρῆσαι
754 2531 802 2568 τὴν

29 2584 105 2606 στιν,
127 2574 173 2604 εἰς
187 2574 294 2610 ἡμέραν
308 2575 436 2610 Χριστοῦ.
451 2577 498 2603 καὶ
515 2577 666 2614 ἀχώριστον
679 2578 733 2604 ἀπὸ
747 2579 803 2605 Πα-

26 2621 60 2653 δς
79 2621 134 2647 καὶ
163 2619 229 2646 Υίοῦ
251 2621 366 2655 φυλάξαι
381 2621 411 2648 τὸ
423 2622 534 2658 Πνεῦμα
551 2640 559 2652 ,
633 2623 681 2659 τὴν
695 2624 741 2650 ἐπὶ
755 2624 802 2650 τοῦ

26 2667 202 2700 ,κτίσματος
217 2665 390 2694 διδασκαλίαν
409 2667 437 2694 ἐν
455 2677 484 2694 τε
501 2669 534 2704 τῇ
549 2669 679 2704 ὁμολογίᾳ
695 2670 744 2705 τῆς
759 2670 800 2696 πί-

28 2720 85 2742 εως
109 2710 314 2745 διατηροῦντας
338 2713 384 2739 καὶ
408 2714 437 2740 ὲν
459 2715 492 2749 τῇ
513 2714 563 2749 τῆς
581 2714 659 2750 δόξης
679 2715 802 2751 ἀποπλη-

26 2767 92 2784 ιῙΞί.

317 2795 371 2822 Τοῦ
397 2796 500 2824 αὐτοῦ.

32 2840 100 2868 Τίνι
121 2838 212 2872 οὐαί;
237 2839 289 2866 τίνι
302 2839 408 2875 θλίψις;
425 2842 477 2868 τίνι
493 2841 594 2877 ἀπορία
615 2842 662 2869 καὶ
686 2842 801 2876 σκότος;

26 2897 48 2914 vt
62 2885 181 2914 αἰωνία
190 2884 349 2918 κατάκρισις
362 2894 369 2919 ;
390 2886 426 2912 Οὐ
437 2888 493 2920 τοῖς
503 2887 676 2924 παραϐάταις
687 2896 695 2923 ;
707 2889 738 2916 οὐ
746 2890 801 2922 τοῖς

179 2931 312 2963 Ρηιιοι.
331 2932 458 2965 CXXX.

509 135 696 166 PANOPLIA
717 134 945 166 DOGMATICA.
959 147 995 153 -
1006 135 1078 166 ΤΙΤ.
1100 134 1167 167 XII.

1591 134 1643 167 7l6

857 209 907 230 nos
918 201 1027 237 quidem
1040 207 1100 229 esse
1114 199 1178 228 belli
1190 199 1363 228 occasionem
1374 219 1382 233 ,
1405 199 1452 227 sed
1475 208 1535 235 quae
1554 209 1641 236 agun-

857 251 902 276 tur
925 254 1022 275 revera
1045 246 1079 273 ad
1101 245 1400 287 excelsum-spectare.
1423 247 1518 281 Itaque
1540 247 1567 274 in
1589 255 1640 275 nos
1680 246 1684 253 ¹

857 292 968 328 quidem
982 291 1125 319 machinas
1141 294 1168 318 et
1180 290 1295 319 insidias
1310 291 1461 323 instruunt,
1480 299 1563 327 seque
1581 300 1642 319 mu-
1676 294 1678 301 ί

858 343 906 366 tuo
922 337 1103 365 exhortamur
1116 336 1150 364 ad
1170 335 1298 363 ferendas
1309 336 1448 371 suppetias
1458 357 1466 369 ,
1482 341 1511 364 ut
1526 337 1642 372 quisque

859 383 955 419 peritia
969 385 1015 410 aut
1041 382 1140 409 robore
1159 381 1241 409 valet.
1263 381 1398 409 Caeterum
1424 382 1450 409 id
1466 383 1539 417 quod
1555 390 1643 418 oppu—

859 431 988 464 gnantur,
1004 426 1070 454 fides
1082 430 1134 459 est,
1149 426 1227 461 isque
1240 433 1340 461 scopus
1361 427 1515 454 communis
1529 431 1571 455 est
1586 435 1645 454 om-

859 474 939 501 nibus
954 472 1129 504 adversariis,
1145 476 1171 499 et
1186 479 1259 499 sanae
1275 472 1406 500 doctrinae
1420 472 1548 504 inimicis.
1560 477 1588 500 ut
1600 481 1644 501 so-

861 519 993 546 liditatem
1007 517 1068 546 fidei
1085 517 1113 545 in
1127 516 1267 545 Christum
1282 518 1452 555 concutiant,
1469 519 1644 553 apostolicam

864 564 1039 592 traditionem
1054 563 1113 591 solo
1124 568 1256 598 aequatam
1271 556 1413 602 abolendo.
1423 563 1581 600 Eapropter,
1591 566 1646 592 sic-

862 614 891 637 ut
909 610 997 638 solent
1013 609 1058 644 qui
1075 609 1152 637 bonaa
1175 605 1392 641 tideidebitores
1415 614 1489 642 sunt,
1505 611 1645 646 probatio-

861 663 910 683 nes
923 662 939 682 e
954 654 1096 689 Scriptura
1109 654 1228 680 clamore
1242 654 1370 689 exigunt,
1392 653 1503 682 Patrum
1518 656 1645 684 testimo-

861 701 947 732 nium,
971 699 1046 734 quod
1067 699 1198 734 scriptum
1214 707 1269 727 non
1286 703 1347 732 est,
1368 701 1443 727 velut
1465 701 1569 729 nullius
1588 710 1645 730 mo-

862 745 946 773 menti
960 744 1126 780 rejicientes.
1138 744 1172 772 At
1185 743 1219 771 de
1234 745 1335 771 tuenda
1347 745 1460 772 veritate
1472 746 1538 772 nihil
1551 747 1645 774 remit-

862 795 961 824 temus,
973 798 1061 825 neque
1076 790 1183 826 ignavia
1198 798 1212 817 a
1223 790 1341 818 ferendis
1354 791 1392 818 illi
1407 793 1517 821 auxiliis
1530 793 1646 821 desiste-

862 843 933 864 mus.
952 835 1060 863 Etenim
1075 836 1098 863 si
1113 835 1243 864 Dominus
1257 836 1346 868 nobis,
1364 840 1393 863 ut
1411 839 1596 866 necessarium
1615 846 1647 866 ac

863 882 982 911 salutare
999 882 1106 917 dogma.
1125 881 1241 917 Spiritus
1252 889 1314 909 cum
1330 882 1410 910 Patre
1426 883 1646 918 conjunctionem

864 927 985 961 tradidit;
1003 927 1045 954 his
1058 930 1147 954 autem
1162 934 1214 954 non
1231 926 1267 953 ita
1281 927 1398 960 videtur,
1415 928 1462 956 sed
1480 929 1601 957 dividere
1614 937 1647 957 ac

863 971 1015 1000 distrahere
1036 970 1165 1006 Spiritum
1191 975 1218 999 et
1234 972 1268 1000 ad
1288 973 1415 1001 servilem
1448 978 1574 1001 naturam
1598 975 1646 1002 de-

863 1018 988 1045 trudere:
1000 1024 1099 1044 annon
1110 1024 1203 1044 verum
1219 1020 1272 1048 est,
1287 1018 1359 1052 apud
1374 1019 1435 1046 illos
1446 1019 1645 1054 blasphemiam

862 1062 983 1098 ipsorum
999 1062 1060 1098 plus
1073 1062 1172 1090 habere
1187 1062 1325 1098 ponderis,
1340 1071 1422 1098 quam
1445 1063 1551 1092 Domini
1571 1070 1643 1099 pra-

855 1120 1010 1155 scriptum?
1024 1119 1144 1155 Agedum
1161 1119 1242 1154 igitur
1264 1118 1338 1145 omni
1361 1116 1535 1144 contentione
1558 1114 1645 1148 depo-

861 1166 924 1197 sita,
946 1166 985 1193 ita
1001 1164 1034 1193 de
1048 1165 1082 1192 iis
1095 1173 1155 1200 qum
1171 1166 1198 1191 in
1212 1163 1338 1191 manibus
1355 1166 1429 1195 sunt,
1444 1161 1572 1189 internos
1588 1159 1645 1188 dis-

858 1215 1007 1247 ceptemus.

959 1254 1112 1283 Christiani
1125 1254 1196 1282 unde
1215 1254 1285 1281 nos?
1300 1253 1351 1281 Per
1368 1253 1459 1285 fidem,
1479 1252 1551 1279 dicet
1564 1250 1645 1286 quili-

858 1302 913 1329 bet.
930 1301 1006 1329 Salvi
1024 1306 1114 1329 autem
1128 1301 1218 1332 fimus,
1235 1308 1290 1335 quo
1301 1299 1400 1326 modo?
1413 1298 1547 1325 Nimirum
1567 1305 1645 1332 rege-

857 1348 945 1376 nerati
962 1355 1009 1382 per
1020 1347 1134 1382 gratiam
1150 1354 1210 1381 qum
1227 1345 1367 1373 confertur
1382 1344 1410 1371 in
1421 1343 1566 1378 baptismo.
1576 1342 1643 1369 Nam

857 1394 928 1421 unde
950 1392 1071 1428 alioqui?
1087 1391 1193 1427 Ergone
1213 1395 1357 1427 postquam
1373 1391 1443 1417 hanc
1464 1389 1579 1416 salutem
1597 1395 1646 1422 per

856 1440 964 1467 Patrem
987 1443 1014 1467 et
1035 1438 1132 1465 Filium
1156 1442 1184 1465 et
1207 1437 1336 1472 Spiritum
1363 1440 1487 1464 sanctum
1505 1439 1592 1461 ratam
1612 1441 1645 1460 ac

857 1485 992 1512 firmatam
1010 1483 1182 1515 noverimus,
1198 1482 1326 1509 traditam
1345 1481 1424 1508 nobis
1440 1479 1572 1507 doctrinae
1587 1478 1645 1505 for-

856 1537 927 1556 mam
939 1528 1123 1564 abjiciemus?
1140 1527 1168 1554 Id
1181 1527 1304 1562 profecto
1317 1527 1409 1554 multis
1425 1526 1536 1561 dignum
1553 1524 1646 1560 suspi-

856 1575 906 1603 riis
925 1574 1018 1608 fuerit,
1033 1574 1057 1602 si
1076 1573 1276 1609 eomperiamur
1296 1580 1369 1600 nunc
1389 1572 1496 1607 longius
1513 1571 1610 1599 abesse
1629 1578 1645 1597 a

857 1620 945 1648 salute
965 1623 1072 1652 nostra,
1087 1626 1168 1655 quam
1182 1623 1239 1646 tum
1254 1625 1316 1646 cum
1334 1617 1518 1651 credidimus;
1539 1618 1561 1645 si
1585 1624 1647 1652 quas

856 1674 923 1697 tunc
942 1669 1109 1704 recepimus,
1132 1676 1208 1696 nunc
1228 1668 1404 1702 abnegamus.
1423 1667 1474 1693 Par
1495 1671 1522 1694 et
1541 1666 1646 1701 aequale

857 1715 986 1742 damnum
1003 1718 1055 1747 est,
1144 1713 1202 1741 sive
1219 1713 1281 1748 quis
1295 1712 1468 1747 baptismatis
1483 1718 1581 1746 expers
1594 1710 1645 1738 dc-

857 1761 935 1789 cedat
947 1761 981 1788 de
993 1760 1049 1788 vita
1061 1759 1119 1787 sive
1133 1759 1247 1794 recipiat
1261 1758 1407 1793 baptisma,
1428 1757 1472 1784 cui
1489 1764 1573 1783 umlm
1593 1755 1645 1782 ali-

857 1807 931 1842 quod
959 1813 1055 1834 eorum
1087 1813 1148 1840 quae
1172 1804 1273 1832 tradita
1299 1807 1363 1832 sunt
1395 1803 1476 1831 desit.
1505 1802 1538 1829 Et
1569 1801 1646 1836 quis-

857 1852 920 1887 quis
937 1851 1152 1887 professionem,
1165 1858 1246 1885 quam
1258 1850 1286 1877 in
1302 1849 1388 1885 prima
1404 1848 1577 1876 institutione
1595 1848 1646 1875 de—

857 1896 1008 1932 posuimus,
1025 1904 1087 1924 cum
1101 1895 1208 1924 liberati
1224 1902 1239 1922 a
1258 1895 1414 1923 simulacris
1432 1894 1598 1922 accessimus
1609 1894 1644 1921 ad

858 1941 942 1970 Deum
956 1943 1060 1975 vivum,
1077 1941 1106 1969 in
1118 1941 1192 1969 omni
1203 1945 1325 1976 tempore
1340 1947 1394 1968 non
1406 1943 1506 1970 servat,
1522 1946 1571 1967 nec
1583 1946 1644 1966 eam

857 1988 935 2024 quasi
954 1988 1119 2016 tutissimum
1135 1987 1291 2022 praesidium
1308 1993 1356 2020 per
1369 1989 1453 2013 totam
1467 1992 1544 2013 suam
1560 1985 1645 2012 vitam

857 2032 1056 2068 complectitur,
1072 2030 1192 2066 seipsum
1215 2031 1333 2058 alienum
1354 2030 1444 2057 reddit
1463 2037 1478 2056 a
1503 2029 1646 2065 promissis

857 2077 915 2110 Dei,
931 2077 1076 2112 suoipsius
1084 2076 1266 2112 chirographo
1279 2082 1444 2111 repugnans,
1457 2075 1530 2110 quod
1545 2075 1572 2102 in
1584 2083 1647 2110 pro-

857 2122 975 2150 fessione
998 2121 1059 2150 fidei
1082 2121 1218 2156 deposuit.
1240 2120 1307 2147 Nam
1324 2120 1348 2148 si
1364 2120 1432 2148 mihi
1447 2119 1510 2148 vita:
1534 2120 1644 2148 initium

856 2171 898 2195 est
908 2167 1070 2202 baptismus,
1080 2166 1113 2193 ad
1126 2165 1229 2194 dierum
1237 2165 1359 2193 omnium
1371 2166 1476 2201 primus
1484 2170 1525 2194 est
1535 2166 1592 2194 dies
1606 2174 1646 2194 rc-

856 2211 1058 2248 generationis;
1079 2211 1255 2246 perspicuum
1272 2214 1314 2239 est
1333 2214 1360 2239 et
1380 2218 1473 2239 vocem
1494 2211 1567 2238 illam
1585 2218 1646 2239 om-

856 2258 930 2285 nium
952 2257 1178 2293 pretiosissimam
1190 2265 1261 2289 esse.
1273 2265 1334 2292 quae
1349 2256 1377 2285 in
1393 2257 1549 2293 adoptionis
1557 2258 1645 2292 gratia

857 2303 962 2338 prolata
976 2306 1028 2331 est.
1043 2301 1118 2330 itane
1132 2302 1214 2337 igitur
1232 2302 1416 2334 traditionem,
1428 2309 1490 2338 quae.
1503 2310 1547 2330 me
1558 2302 1645 2330 addu-

856 2349 894 2376 cit
911 2348 945 2376 ad
960 2349 1058 2381 lucem,
1072 2355 1134 2383 quae
1146 2347 1192 2375 Dei
1205 2348 1388 2384 cognitionem
1404 2347 1500 2383 largita
1516 2352 1575 2381 est,
1596 2355 1645 2383 per

856 2403 937 2431 quam
954 2395 1041 2423 factus
1060 2403 1120 2423 sum
1136 2395 1206 2422 filius
1231 2395 1289 2427 Dei,
1304 2395 1352 2429 qui
1372 2395 1449 2430 prius
1463 2399 1573 2430 propter
1584 2403 1645 2430 peo-

856 2445 947 2469 catum
961 2449 1034 2470 eram
1046 2441 1144 2474 hostis,
1158 2441 1294 2473 deseram,
1312 2441 1444 2469 seductus
1457 2441 1572 2469 istorum
1585 2449 1644 2477 spe-

854 2488 937 2516 ciosis
948 2488 1140 2516 sermonibus?
1155 2487 1226 2521 Quin
1239 2487 1329 2522 potius
1340 2491 1367 2516 et
1378 2487 1445 2515 illud
1458 2488 1524 2516 mihi
1535 2495 1641 2524 precor.

854 2537 884 2561 ut
897 2541 960 2561 cum
975 2534 1025 2561 hac
1044 2533 1216 2569 professione
1233 2534 1375 2569 contingat
1390 2533 1454 2561 hinc
1467 2533 1597 2561 decedere
1608 2532 1643 2560 ad

855 2578 998 2607 Dominum
1015 2589 1021 2607 :
1037 2583 1064 2607 et
1080 2580 1154 2615 ipsos
1173 2580 1278 2614 hortor,
1302 2585 1330 2608 ut
1353 2580 1510 2608 inviolatam
1533 2584 1643 2608 servent

854 2623 932 2650 (idem
949 2631 1036 2659 usque
1047 2625 1080 2652 ad
1097 2625 1167 2652 diem
1185 2624 1298 2657 Christi,
1313 2629 1339 2652 et
1354 2625 1519 2653 indivulsum
1531 2632 1546 2652 a
1561 2624 1642 2653 Patre

853 2673 880 2696 et
898 2667 966 2696 Filio
980 2669 1139 2697 custodiant
1158 2669 1290 2704 Spiritum
1303 2680 1309 2697 :
1323 2670 1476 2698 doctrinam
1491 2670 1641 2705 baptisma-

853 2715 889 2742 tis
905 2720 962 2742 tum
978 2714 1006 2742 in
1017 2714 1079 2742 fidei
1093 2715 1277 2750 professione.
1295 2719 1351 2742 tum
1366 2716 1392 2742 in
1410 2716 1502 2751 gloria:
1515 2715 1640 2751 persolu-

854 2762 928 2789 tione
946 2765 1098 2789 servantes.

1182 2796 1317 2832 Ejusdem.

890 2845 939 2872 Cui
965 2845 1027 2873 vae?
1059 2845 1102 2872 cui
1131 2844 1262 2873 afﬂictio!
1287 2844 1329 2872 cui
1353 2843 1474 2881 angustia
1505 2853 1536 2873 ac
1562 2848 1640 2874 tene-

856 2892 930 2921 brat?
945 2892 989 2920 cui
1003 2891 1166 2927 sempiterna
1185 2891 1399 2920 condemnatio?
1418 2891 1515 2920 Nonne
1532 2900 1636 2927 praeva-

1442 2937 1480 2967 2h
