1891 3076
79 134 127 165 ’ἶίθ

534 136 718 167 PANOPLIA
743 138 970 168 DOGMA'HCA.
987 138 1095 168 -TIT
1126 138 1192 170 ΧΗ.

1637 144 1688 174 75.0

79 195 152 230 παρὰ
159 197 225 230 τοὺς
229 199 371 233 μετόχους
379 201 572 230 σου.⁶ῐ¹αίνεται
582 204 681 240 μὲντοι[
691 206 847 239 Ἀπόστολός

911 206 996 233 solius
1021 204 1140 240 Spiritus
1165 204 1261 231 fetis-se
1281 204 1444 231 mentionem
1471 205 1498 231 in
1517 205 1689 239 baptismate.

80 249 140 267 ποτε
155 242 199 268 καὶ
218 243 297 277 μόνον
312 245 357 270 τοῦ
381 246 538 281 Πνεύματος
553 250 598 275 ἐπὶ
610 250 656 276 τοῦ
672 242 859 287 βαπτίσματος

80 287 270 321 μνημονεύσας.
294 289 405 323 Πάντες
433 293 495 327 γὰρ,
511 294 602 329 φησὶν,
625 295 659 322 ἐν
677 296 720 323 ἑνὶ
745 297 859 332 σώματι

80 333 119 378 εἷς
180 333 298 368 Πνεῦμα
317 335 548 372 ἐϐαπτίσθημεν.
572 340 716 375 Συμφωνεῖ
729 342 757 368 δὲ
773 331 859 378 τούτῳ

77 377 123 423 καί
140 377 179 409 τὸ,
211 378 307 412 ἠιεῖς
326 380 360 406 δὲ
378 382 630 417 ,βαπτισθήσεσθε
656 387 691 413 ἐν
710 377 858 423 Πνεύματι

77 421 144 455 ἁγίῳ
154 429 160 435 ’
179 423 226 448 καὶ
243 424 284 454 τὸ,
299 426 395 458 Αὐτὸς
412 427 489 461 ὑμᾶς
503 429 646 460 βαπτίσει
661 431 696 458 ἐν
710 421 857 468 Πνεύλιατι

76 468 153 502 ἁγίῳ.
172 468 240 495 Ἀλλ’
254 470 284 496 οὐ
301 471 376 506 παρὰ
390 472 468 498 τοῦτο
487 474 588 501 τέλειον
603 475 634 502 ἄν
648 485 690 508 τις
786 479 857 506 εἴποι

78 513 222 549 βάπτισμα,
242 512 264 548 ᾧ
282 517 360 550 μόνον
385 518 415 544 τὸ
439 519 523 554 ὄνομα
544 521 594 547 τοῦ
620 522 778 558 Πνεύματος
806 526 856 552 ἐπ-

77 559 183 606 εκλήθη.
202 561 262 596 Χρὴ
271 561 324 598 γὰρ
339 562 514 598 ἀπαράϐατον
531 567 621 601 μένειν
637 568 680 595 ἀεὶ
764 571 812 606 τὴν
828 572 856 597 ἐν

77 605 106 639 τῇ
128 605 250 641 ζωοποιῷ
279 607 369 643 χάριτι
398 609 542 646 δεδομένην
568 613 726 648 παράδοσιν.
749 605 856 651 Ὀνγὰρ

76 649 276 686 λυτρωσάμενος
295 653 326 678 ἐκ
343 653 446 689 φθορᾶς
463 655 512 690 τὴν
527 656 598 692 ζωὴν
619 659 697 694 ἡμῶν
714 660 795 687 ἔδωκε
809 649 854 687 δύζ

75 705 150 730 ναμιν
165 698 232 732 ἡμῖν
246 699 464 732 ἀνακαινώσεως,
484 702 602 737 ἄρρητον
617 704 666 739 μὲν
681 704 793 740 ἔχουσαν
807 707 853 742 τὴν

914 251 1009 279 Omnes
1021 251 1104 284 enim,
1121 250 1222 285 inquit,
1241 251 1267 277 in
1284 258 1334 277 uno
1347 258 1453 284 corpore
1465 251 1491 277 in
1506 259 1585 277 unum
1604 251 1689 285 Spiri‘

911 301 965 323 tum
981 296 1109 330 baptizati
1125 295 1244 322 sumus’.
1263 295 1311 322 llis
1332 299 1359 322 et
1382 295 1447 322 illud
1472 299 1614 327 consonat,
1641 296 1690 323 l'os

909 346 995 369 autem
1024 341 1226 375 baptizabimini
1248 342 1275 368 in
1301 341 1401 375 Spiritu
1427 341 1550 374 sancta';
1573 345 1610 372 et,
1630 341 1690 376 Ipse

908 396 952 414 vos
972 387 1112 422 baptizabit
1127 387 1152 413 in
1173 386 1272 420 Spiritu
1287 391 1378 413 sancto
1390 386 1408 413 ³.
1424 387 1457 412 At
1479 393 1531 412 non
1551 386 1612 413 ideo
1630 387 1691 420 quis

908 432 1008 458 dixerit
1024 431 1174 466 perfectum
1190 439 1251 458 esse
1265 431 1410 465 baptisma,
1428 431 1454 458 in
1468 439 1521 466 quo
1531 431 1618 458 solum
1631 431 1692 465 Spi-

908 474 977 501 ritus
995 481 1093 500 nomen
1108 473 1266 500 invocatum
1278 477 1330 500 est.
1349 473 1460 508 Oportet
1484 473 1556 500 enim
1577 473 1691 499 inviola-

907 520 988 547 bilem
1003 527 1110 554 semper
1124 526 1235 546 manere
1254 518 1438 551 traditionem,
1464 526 1524 554 qua:
1542 519 1568 545 in
1584 518 1690 545 viviﬁra

908 566 993 600 gratia
1009 565 1072 591 data
1087 568 1138 591 est.
1154 563 1221 591 Nam
1238 564 1320 591 vitam
1335 569 1455 591 nostram
1471 564 1503 590 de
1516 564 1690 599 corruptione

908 611 955 646 qui
973 611 1108 641 liberavit,
1123 614 1286 645 potestatem
1299 611 1377 638 nobis
1395 611 1578 638 renovationis
1595 610 1688 637 dedit:

908 663 968 691 quae
983 660 1102 690 potestas
1120 663 1231 683 causam
1249 656 1330 683 habet
1346 656 1520 687 incﬂabilem,
1538 661 1565 684 et
1581 657 1608 683 in
1629 664 1688 691 my-

908 701 991 728 sterio
1010 701 1190 734 reconditam,
1216 701 1263 728 sed
1279 709 1402 736 magnam
1418 702 1559 728 animabus
1572 702 1689 729 salutem

75 742 156 769 :l'rt'av
181 744 228 770 καὶ
254 745 282 771 ἐν
299 747 439 781 μυστηρίῳ
464 749 657 784 κατεχομένην,
685 751 804 786 μεγάλην
827 752 851 778 δὲ

908 747 1106 779 conferentem,
1122 751 1151 774 ut
1173 747 1319 782 quidquam
1350 747 1448 774 addere
1476 751 1522 774 aut
1546 747 1690 774 detrahere

73 788 127 818 ταῖς
143 787 242 823 ψυχαῖς
259 789 306 825 τὴν
322 791 457 826 σωτηρίαν
472 792 616 828 φέρουσαν
632 794 701 821 ὥστε
721 796 752 822 τὺ
772 806 856 833 προσ-

74 832 152 859 θεῖναί
165 842 190 860 τι
219 834 235 869 ἢ
265 835 373 869 ἀφελεῖν
391 836 463 872 ζωῆς
480 839 537 864 ἐστι
554 839 603 874 τῆς
616 840 699 866 ἀϊδίου
717 832 856 878 προδήλως

72 878 210 911 ἔκπτωσις.
230 881 260 906 Et
283 881 371 908 τοίνυν
394 883 423 908 ἐν
442 882 480 918 τῷ
498 883 668 919 βαπτίσματι
690 887 703 912 ὁ
719 888 856 923 χωρισμὸς

72 923 115 950 τοῦ
129 925 286 960 Πνεύματος
298 927 351 953 ἀπὸ
365 927 471 962 Πατρὸς
486 929 531 955 καὶ
545 929 609 956 Υίοῡ
623 931 790 963 ἐπικίνδυνος
806 933 855 967 μὲν

72 969 107 1004 τῷ
121 970 288 1004 βαπτίζοντι,
304 972 444 1008 ἀνωφελὴς
457 974 484 1000 δὲ
500 974 539 1009 τῷ
556 975 702 1011 δεχομένῳ,
720 977 778 1009 πῶς
789 979 854 1013 ἡμῖν

72 1016 184 1050 ἀσφαλὲς
208 1017 264 1043 ἀπὸ
279 1017 386 1053 Πατρὸς
402 1019 448 1045 καὶ
467 1019 532 1045 Υἱοῧ
545 1019 660 1056 διασπᾷν
673 1022 703 1048 τὸ
726 1022 853 1057 Πνεῦμα;

73 1060 160 1093 ΙΙίστις
174 1061 203 1087 δὲ
227 1062 275 1088 καὶ
298 1062 439 1098 βάπτισμα
460 1064 507 1090 δύο
522 1065 616 1100 τρόποι
634 1067 683 1101 τῆς
708 1068 854 1104 σωτηρίας,

73 1108 198 1141 συμφυεῖς
223 1108 348 1143 ἀλλήλοις
367 1109 414 1135 καὶ
431 1109 587 1145 ἀδιαίρετοι.
611 1112 705 1144 Iliun;
727 1113 777 1147 μὲν
801 1113 854 1149 γὰρ

71 1151 212 1179 τελειοῦται
231 1152 275 1179 διὰ
294 1153 492 1189 βαπτίσματος,
509 1155 650 1191 βάπτισμα
670 1157 698 1183 δὲ
716 1157 856 1193 θεμελιοῦ-

70 1205 111 1224 ται
194 1198 239 1225 διὰ
251 1199 302 1232 τῆς
318 1200 444 1232 πίστεως,
461 1201 507 1227 καὶ
519 1201 563 1228 διὰ
582 1202 635 1228 τῶν
650 1203 856 1239 αὐτῶν“ὀνομά-

70 1251 118 1269 των
129 1243 247 1279 ἑκάτερα
263 1244 424 1280 πληροῦται.
448 1246 491 1277 Ὠς
503 1245 556 1282 γὰρ
571 1247 734 1283 πιστεύομεν
748 1249 788 1280 εἰς
799 1249 855 1275 Πα-

69 1287 130 1323 τέρα
146 1289 191 1316 καὶ
207 1289 272 1315 re»
288 1289 335 1317 καὶ
356 1291 431 1324 ἅγιον
447 1291 568 1326 Πνεῦμα,
593 1291 664 1319 οὕτω
684 1294 731 1320 καὶ
755 1295 853 1329 βαπτι-

70 1333 165 1368 ζόμεθα
180 1335 221 1365 εἰς
246 1335 277 1360 τὸ
287 1335 371 1370 ὄνομα
394 1336 440 1362 τοῦ
464 1336 570 1372 Πατρὸς
593 1338 640 1364 καὶ
658 1339 705 1365 τοῦ
726 1339 790 1367 Υἱοῦ
807 1341 854 1367 καὶ

69 1379 112 1405 τοῦ
130 1380 205 1413 ἁγίου
228 1380 395 1415 Πνεύματος.
415 1380 466 1407 Καὶ
484 1382 600 1416 προάγει
623 1383 672 1418 μὲν
689 1385 705 1420 ή
724 1385 854 1420 ὁμολογία

71 1424 133 1458 πρὸς
149 1425 198 1460 τὴν
224 1424 361 1460 σωτηρίαν
386 1425 551 1459 εἰσάγουσα·
576 1428 753 1455 ἐπακολουθεῖ
771 1430 800 1456 δὲ
822 1430 852 1456 τὸ

72 1467 204 1504 βάπτισμα
224 1469 422 1505 ἑπισφραγίζον
436 1469 514 1506 ἡμῶν
527 1470 576 1507 τὴν
592 1473 799 1506 συγκατάθεσιν.

67 1517 159 1560 Attia?
173 1518 321 1560 ἀξια-δορις
332 1521 381 1548 διὰ
397 1521 426 1547 τί
445 1523 472 1549 οι
489 1523 609 1560 ᾷγγελοι
621 1523 711 1556 Ματρί
727 1523 775 1560 καὶ
790 1522 845 1556 ΥΙῷ

84 1556 158 1585 παρὰ
169 1556 208 1586 τῷ
219 1556 327 1589 Παύλῳ
333 1556 646 1592 συμπαρελήμθησαν.
656 1557 768 1592 Κεφάλ.
779 1561 824 1593 ιγ’.

105 1597 182 1626 ’Λλλὰ
198 1601 246 1627 καὶ
257 1600 349 1637 ἔτερα,
383 1604 462 1638 φησι,
492 1603 734 1639 συναριθμούμενα
759 1603 847 1637 Πατρὶ

68 1648 111 1673 καὶ
128 1647 195 1684 Υίῷ,
212 1649 274 1685 οὐχὶ
285 1649 334 1677 καὶ
349 1649 538 1684 συνδοξάζεται
556 1651 672 1683 πάντως.
691 1652 734 1683 Ὡς
749 1652 764 1678 ὁ
778 1652 852 1679 Ἀπό-

69 1691 155 1724 στολος
179 1694 314 1727 ἀγγέλους
332 1694 566 1729 συμπαρελάϐετο,
582 1696 622 1726 είς
641 1695 688 1731 τὴν
703 1696 852 1732 διαμαρτυ-

70 1735 127 1770 ρίαν
208 1738 259 1773 τὴν
273 1738 319 1764 ἐπὶ
343 1739 474 1774 Τιμοθέου
497 1739 596 1773 λέγων·
622 1742 853 1776 Διαμαρτύρομαι

68 1787 114 1807 σοι
135 1781 263 1809 ἐνώπιον
276 1783 329 1810 τοῦ
344 1784 417 1811 Θεοῦ
440 1784 489 1811 καὶ
511 1784 641 1818 Χριστοῦ
672 1786 783 1820 Ἰησοῦ,
802 1787 851 1814 καὶ

67 1826 124 1853 τῶν
135 1827 288 1854 ἐκλεκτῶν
300 1828 393 1855 αὑτοῦ
403 1828 537 1864 ἀγγέλων
548 1837 555 1845 ·
568 1829 615 1861 οὓς
628 1829 689 1856 οὔτε
703 1830 853 1866 ἀλλοτριοῦ-

68 1879 115 1906 μεν
139 1872 188 1908 τῆς
214 1872 311 1908 λοιπῆς
332 1873 455 1906 κτίσεως,
481 1873 541 1900 οὔτε
555 1875 642 1910 Πατρὶ
658 1875 704 1901 καὶ
720 1874 776 1910 Υἱῷ
793 1884 856 1903 συνε

69 1916 128 1951 αριθ
133 1919 192 1952 μεῖν
206 1917 367 1952 ἀνεχόμεθα.
377 1918 446 1952 Ἐγὼ
455 1918 493 1950 δὲ,
504 1919 527 1945 εί
540 1919 587 1945 καὶ
600 1919 733 1955 μηδεμιᾶς
743 1921 853 1956 ἀποκρί-

67 1970 132 1994 σεως
153 1963 229 1996 ἄξιος
253 1964 266 1989 ὸ
292 1963 379 1998 λόγος,
398 1964 469 1991 οὕτω
493 1964 637 2000 πρόχειρον
661 1965 712 2001 τὴν
738 1965 852 1992 ἀτοπίαν

905 793 986 828 plane
1000 792 1036 820 sit
1059 792 1093 819 ab
1108 796 1209 819 mterna
1241 792 1294 818 vita
1311 792 1444 819 excidere.
1469 792 1585 820 Proinde
1609 792 1633 819 si
1660 793 1688 819 iu

906 837 1041 872 baptismo
1064 844 1191 872 separare
1215 837 1345 871 Spiritum
1371 844 1387 863 a
1404 838 1484 864 Patre
1509 841 1536 863 et
1558 836 1636 868 Filio,
1660 840 1689 863 ut

905 882 1090 916 periculosum
1105 885 1148 908 est
1175 881 1334 915 baptizanti,
1365 881 1401 907 ita
1426 881 1590 915 baptismum
1616 881 1689 907 acri.

907 928 989 962 pienti
1007 927 1119 960 inutile;
1135 927 1272 961 quomodo
1288 925 1367 953 nobis
1384 930 1470 953 tutum
1495 926 1576 953 fuerit
1596 933 1611 953 a
1634 925 1686 952 Pa-

905 978 946 1000 tre
966 977 991 1000 et
1009 972 1077 1000 Filio
1100 973 1253 1000 distrahere
1276 971 1431 1007 Spiritum?
1454 971 1534 999 Fides
1551 976 1640 999 autem
1660 976 1689 999 et

905 1017 1039 1052 baptisma
1067 1017 1121 1044 duo
1139 1022 1201 1044 sunt
1216 1018 1287 1044 modi
1305 1018 1432 1052 paranda:
1445 1018 1553 1050 salutis,
1570 1018 1641 1045 inter
1658 1025 1689 1045 se

905 1064 1013 1098 cognati
1028 1068 1052 1090 et
1075 1063 1281 1098 inseparabiles.
1305 1063 1371 1090 Nam
1389 1063 1454 1091 ﬁdes
1475 1063 1615 1098 perﬁcitur
1638 1071 1688 1098 per

905 1110 1082 1145 baptismum,
1177 1110 1329 1144 baptismus
1357 1117 1420 1137 vero
1443 1109 1570 1137 fundatur
1587 1117 1634 1144 per
1657 1109 1688 1136 ti-

907 1153 979 1185 dem,
996 1158 1022 1181 et
1038 1158 1152 1189 utraque
1169 1162 1213 1182 res
1230 1163 1278 1189 per
1289 1155 1383 1182 eadem
1414 1155 1522 1182 nomina
1549 1155 1685 1190 impletur.

906 1200 983 1228 Sicut
998 1201 1071 1228 enim
1083 1201 1221 1228 credimus
1239 1202 1265 1228 in
1283 1201 1390 1228 Patrem
1408 1205 1435 1228 et
1452 1201 1548 1228 Filium
1571 1206 1599 1229 et
1621 1201 1684 1236 Spi-

904 1247 985 1274 ritum
1001 1250 1136 1278 sanctum,
1153 1247 1193 1274 sic
1203 1250 1230 1273 et
1243 1247 1413 1281 baptizamur
1428 1247 1453 1272 iu
1472 1247 1583 1274 nomine
1593 1246 1685 1273 Patris

903 1297 930 1320 et
946 1290 1007 1318 Filii
1020 1295 1047 1318 et
1063 1290 1182 1326 Spiritus
1197 1291 1296 1319 sancti.
1310 1291 1486 1326 Acprmcedit
1499 1291 1608 1325 quidem
1621 1297 1686 1325 pro-

904 1336 987 1364 fessio
1003 1336 1036 1363 ad
1052 1336 1166 1363 salutem
1186 1336 1337 1371 perducens
1351 1344 1357 1366 ;
1382 1336 1507 1370 sequitur
1524 1339 1614 1362 autem
1637 1335 1686 1363 ba-

905 1382 1003 1416 ptisma
1022 1382 1187 1417 consignatis
1204 1388 1347 1409 assensum
1362 1385 1497 1408 nostrum.

901 1523 990 1556 Quare
1001 1522 1071 1556 apud
1085 1521 1201 1548 Paulum
1211 1521 1296 1555 angeli
1311 1520 1457 1548 smmlcum
1475 1520 1553 1548 Patre
1573 1526 1596 1548 et
1614 1520 1684 1548 Filio

1126 1557 1318 1592 adjungumur.
1337 1557 1402 1592 Cap.
1416 1557 1458 1584 15.

934 1605 1017 1638 Atqui
1045 1609 1071 1631 et
1099 1603 1152 1631 alia
1175 1606 1250 1634 sunt,
1280 1602 1415 1638 inquiunt,
1446 1610 1507 1637 quae
1532 1603 1612 1630 simul
1634 1601 1686 1628 Pa-

901 1646 937 1673 tri
953 1651 981 1675 et
999 1646 1069 1674 Filio
1082 1650 1310 1677 annumerantur.
1332 1653 1382 1673 nec
1399 1651 1488 1674 tamen
1505 1647 1636 1674 continuo
1649 1647 1685 1674 si-

902 1691 1033 1718 mulcum
1054 1691 1108 1718 illis
1127 1690 1324 1726 gloriﬁcantur.
1344 1690 1434 1718 Veluti
1450 1699 1512 1718 cum
1536 1691 1684 1725 Apostolus

903 1737 1044 1765 obtestans
1062 1736 1247 1769 Timotheum,
1277 1737 1388 1771 angelos
1404 1737 1484 1765 simul
1504 1737 1623 1766 adducit.
1643 1737 1686 1764 di-

903 1788 969 1808 cens
984 1790 990 1808 :
1008 1780 1131 1808 Obtestor
1149 1785 1173 1808 te
1189 1781 1215 1808 in
1232 1786 1370 1815 conspectu
1386 1781 1442 1813 Dei,
1457 1786 1480 1808 et
1495 1781 1593 1808 Christi
1609 1781 1684 1811 Iesu,

904 1831 929 1853 et
955 1826 1097 1853 electorum
1123 1825 1179 1860 ejus
1211 1825 1489 1861 angelorum‘:quos
1514 1831 1603 1853 tamen
1628 1836 1682 1854 non

903 1871 1014 1899 minime
1028 1878 1188 1906 separamus
1201 1880 1215 1898 a
1230 1871 1342 1906 reliquis
1361 1872 1503 1904 creaturis,
1518 1879 1607 1907 neque
1622 1880 1685 1900 sus-

903 1918 1021 1946 tinemus
1037 1925 1084 1945 eos
1108 1917 1180 1945 Patri
1194 1921 1221 1945 et
1237 1917 1306 1945 Filio
1321 1925 1512 1945 annumerarc.
1533 1917 1589 1951 Ego
1607 1925 1684 1952 vero,

904 1964 1013 1992 tametsi
1024 1964 1068 1992 hic
1090 1972 1181 1993 sermo
1205 1964 1279 1991 nulla
1302 1964 1402 1999 dignus
1426 1969 1468 1992 est
1492 1964 1684 1999 responsione.

67 2006 143 2042 ἔχων,
157 2008 233 2043 ὅμως
253 2009 342 2035 ἐκεῖνο
361 2009 443 2043 λέγω,
458 2009 499 2036 ὃτι
517 2010 642 2046 μάρτυρα
657 2011 707 2046 μὲν
721 2011 768 2038 καὶ
787 2011 851 2047 ὁμό-

906 2014 961 2037 tam
983 2009 1157 2038 manifestam
1181 2009 1330 2045 praeferens
1355 2009 1564 2042 absurditatcm,
1593 2013 1684 2037 tamen

67 2051 153 2079 δουλον
174 2053 207 2080 ἄν
222 2062 263 2085 τις
280 2055 360 2089 τυχὸν
383 2056 587 2090 παραστήσαιτο
610 2057 690 2092 πρᾴῳ
706 2057 784 2092 κριτῇ
804 2057 852 2083 καὶ

66 2098 169 2133 ἡμέρῳ,
188 2099 235 2125 καὶ
248 2099 363 2134 μάλιστα
379 2099 411 2135 δὴ
426 2101 454 2126 ὲν
468 2102 500 2135 τῇ
517 2101 583 2136 πρὸς
597 2102 658 2133 τοὺς
677 2102 852 2137 κρινομένους

67 2144 198 2180 ἐπιεικείᾳ
210 2145 241 2171 τὸ
253 2145 446 2181 ἀναντίρρητον
459 2146 508 2181 τῆς
526 2147 579 2173 τῶν
594 2148 734 2183 κριμάτων
750 2148 851 2175 δικαιο-

67 2189 145 2226 σύνης
160 2190 352 2218 ἐπιδεικνύντι.
374 2191 530 2226 Ἐλεύθερος
544 2191 573 2218 δὲ
593 2190 662 2219 εἶναι
677 2193 730 2219 ἀπὸ
744 2193 849 2225 δούλου,

66 2236 110 2261 καὶ
123 2236 186 2268 Υἱὸς
200 2236 334 2272 κληθῆναι
350 2236 428 2268 Θεοῦ,
450 2237 495 2264 καὶ
518 2237 716 2273 ζωοποιηθῖψαι
736 2238 790 2264 ἀπὸ
804 2237 851 2264 θα-

65 2281 154 2313 νάτου,
170 2283 236 2317 παρ’
254 2282 358 2314 οὐδενὸς
372 2282 465 2318 ἐτέρου
484 2282 594 2310 δύναται
609 2283 625 2318 ἢ
643 2283 717 2318 παρὰ
732 2283 779 2310 τοῦ
800 2284 849 2319 τὴν

66 2326 134 2352 κατά
151 2327 232 2361 φύσιν
247 2327 399 2362 οἰκειότητα
410 2328 587 2363 κεκτημένου,
602 2328 709 2364 καὶτῆς
724 2328 850 2364 δουλικῆς

66 2373 144 2405 ἀξίας
162 2373 386 2409 ἀπηλλαγμένου.
401 2373 463 2405 Πῶς
480 2373 535 2408 γὰρ
551 2372 686 2400 οἰκειώσει
699 2372 757 2408 Θεῷ
776 2374 790 2399 ὁ
805 2373 852 2400 ἀλ-

66 2418 184 2454 λότριος;
212 2420 270 2451 πῶς
288 2420 315 2446 δὲ
339 2418 524 2454 ἐλευθερώσει,
548 2418 628 2451 αὐτὸς
648 2419 737 2454 ἔνοχος
759 2419 796 2445 ὦν
812 2418 852 2454 τῷ

66 2463 139 2499 ζυγῷ
151 2465 202 2500 τῆς
215 2465 336 2497 δουλείας
348 2473 354 2496 ;
371 2465 451 2490 Ὥστε
463 2464 513 2490 οὐκ
526 2465 566 2498 ἐφ’
582 2464 684 2499 ὁμοίοις
767 2465 851 2492 Ilvati-

67 2511 150 2544 ματός
182 2512 241 2537 ἐστι
270 2511 317 2537 καὶ
345 2510 469 2544 ἀγγέλων
491 2511 508 2546 ἡ
531 2511 634 2546 μνήμη,
659 2511 725 2537 ἀλλὰ
750 2511 779 2537 τὺ
802 2512 850 2547 μὲν

66 2555 186 2591 Πνεῦμα,
209 2555 246 2587 ὡς
273 2556 348 2591 ζωῆς
370 2556 474 2592 κύριον,
490 2556 513 2582 οῐ
529 2556 551 2582 δ’
568 2555 677 2590 ἄγγελοι
697 2556 734 2587 ὡς
760 2556 850 2591 βοηθοὶ

65 2601 116 2628 τῶν
137 2601 303 2637 ὁμοδούλων,
326 2603 372 2629 καὶ
393 2602 483 2628 πιστοὶ
507 2601 644 2637 μάρτυρες
659 2603 708 2637 τῆς
724 2602 850 2636 ἀληθείας

66 2647 337 2683 παραλαμϐάνονται.
358 2647 438 2679 Ἔθος
454 2647 510 2682 γὰρ
525 2649 580 2679 τοῖς
600 2647 697 2681 ἁγίοις,
713 2648 761 2679 τὰς
778 2649 850 2674 ἐντο-

64 2691 111 2724 λὰς
132 2693 181 2719 τοῦ
201 2694 266 2720 Θεοῦ
284 2695 329 2720 ἐπὶ
347 2693 491 2729 μαρτύρων
520 2693 630 2720 διδόναι·
644 2693 682 2725 ὡς
704 2694 749 2720 καὶ
771 2694 851 2726 αὐτὸς

63 2733 139 2770 οὗτος
158 2747 224 2770 φηςι
239 2739 376 2774 Τιμοθέῳ”
397 2741 429 2766 Ἃ
446 2739 610 2774 παρέλαϐες
630 2740 697 2774 παρ’
709 2740 782 2774 ἐμοῦ
801 2740 851 2766 ἐπὶ

106 2875 135 2903 'l
150 2876 217 2905 Cor.
233 2885 279 2912 ru,
303 2879 345 2906 l5.
383 2879 392 2895 ³
409 2881 468 2907 Act.
486 2888 504 2914 ι,
521 2880 547 2908 5.

901 2057 968 2084 illud
982 2056 1054 2089 dico,
1068 2056 1139 2091 quod
1151 2063 1316 2083 conservum
1331 2055 1412 2082 etiam
1435 2058 1531 2083 testem
1544 2055 1615 2084 forte
1635 2056 1685 2083 ali-

902 2102 964 2137 quis
982 2093 1099 2129 adduEat
1113 2101 1182 2136 apud
1199 2104 1371 2128 mansuetum
1388 2108 1420 2128 ac
1438 2101 1598 2136 placabilem
1611 2101 1685 2136 judi-

901 2155 970 2178 cent.
989 2147 1091 2182 quique
1107 2147 1225 2174 maxime
1235 2154 1285 2174 sua
1300 2146 1326 2173 iu
1343 2154 1391 2174 eos
1406 2147 1452 2181 qui
1467 2146 1626 2182 judicentur
1646 2148 1684 2175 le-

901 2193 987 2220 nitate
1004 2192 1115 2219 minime
1131 2191 1244 2218 dubiam
1261 2194 1288 2218 et
1302 2191 1684 2226 controversamjudiciorum

903 2238 1056 2273 aequitatem
1072 2237 1248 2264 demonstrat.
1271 2235 1404 2263 Caeterum
1430 2240 1460 2263 ut
1479 2234 1577 2271 aliquis
1592 2236 1638 2263 ﬁat
1651 2237 1684 2264 liv-

903 2284 951 2311 ber
965 2291 980 2310 e
993 2289 1082 2314 servo,
1108 2285 1189 2316 atque
1201 2286 1313 2309 vocetur
1330 2280 1415 2309 Filius
1439 2282 1497 2315 Dei,
1512 2286 1538 2309 et
1559 2290 1574 2309 a
1598 2287 1685 2310 morte

903 2332 1046 2356 revocetur
1061 2327 1093 2354 ad
1108 2327 1201 2361 vitam,
1228 2335 1242 2354 a
1258 2328 1333 2356 nullo
1355 2328 1408 2355 alio
1432 2332 1521 2363 potest
1536 2328 1606 2361 dari,
1631 2329 1685 2356 nisi

899 2373 935 2401 ab
948 2380 980 2401 eo
992 2372 1038 2407 qui
1054 2372 1204 2400 naturalem
1227 2370 1308 2399 habet
1333 2371 1490 2398 societatem
1507 2373 1532 2397 et
1558 2378 1572 2396 a
1594 2370 1685 2396 servili

901 2419 1058 2446 conditione
1085 2423 1125 2446 est
1158 2418 1272 2445 alienus.
1299 2416 1441 2450 Quomodo
1465 2417 1537 2444 enim
1570 2414 1688 2443 sociabit

903 2464 967 2498 Deo,
981 2465 1027 2501 qui
1044 2465 1102 2499 ipse
1117 2468 1158 2491 est
1180 2463 1306 2491 alienus?
1332 2462 1472 2498 quomodo
1497 2462 1597 2489 liberos
1623 2461 1687 2489 red-

902 2511 957 2543 det,
973 2511 1019 2546 qui
1033 2510 1090 2545 ipse
1107 2514 1148 2537 est
1168 2509 1233 2544 jugo
1254 2509 1394 2537 servitutis
1418 2507 1572 2536 obnoxius?
1594 2506 1685 2541 Itaque

902 2565 956 2584 non
971 2557 1007 2584 ob
1022 2556 1117 2583 eadem
1139 2555 1168 2582 tit
1185 2555 1304 2590 Spiritus
1329 2559 1355 2583 et
1378 2555 1534 2590 angelorum
1560 2554 1662 2581 mentio
1679 2563 1686 2580 :

902 2603 950 2631 sed
978 2602 1096 2638 Spiritus
1119 2605 1352 2629 commemoratur
1380 2606 1509 2636 tauquam
1536 2605 1631 2627 auctor
1655 2607 1688 2626 ac

902 2649 1034 2677 Dominus
1048 2649 1119 2680 vitae,
1139 2649 1227 2683 angeli
1251 2656 1316 2676 vero
1334 2653 1463 2684 tanquam
1489 2654 1686 2674 conservorum

901 2690 1054 2730 aijutores,
1085 2695 1234 2729 ﬁdelesque
1258 2694 1381 2721 veritatis
1405 2698 1488 2720 testes
1511 2692 1684 2719 adhibentur.

903 2740 1043 2776 Siquidem
1059 2749 1118 2768 mos
1133 2745 1174 2769 est
1200 2740 1313 2774 sanctis,
1342 2739 1388 2767 Dei
1411 2743 1545 2774 pra‘cepta
1570 2738 1686 2766 testibus

592 2882 601 2897 ’
618 2880 683 2909 Lur.
707 2883 795 2915 111,Ιῧ
842 2883 851 2900 ⁸
869 2883 958 2912 ίΤὶιη.
972 2892 998 2917 v,
1016 2884 1061 2911 21.
