1891 3076
200 130 255 162 ’151

824 133 1012 166 EUTIIYMII
1042 133 1222 165 ZlGABENI

1772 137 1816 167 752

201 196 332 225 adhibitis
345 197 469 231 tradere;
495 198 566 226 sicut
593 200 676 227 etiam
695 199 738 226 hic
763 199 821 234 ipse
847 201 880 228 ad
900 200 965 228 Tiun

1037 196 1161 224 πολλῶν
1167 198 1335 232 μαρτύρων,
1344 197 1436 226 ταῦτα
1446 199 1579 234 παράθου
1590 200 1703 234 πιστοῖς
1717 201 1815 236 ἀνθρώ

201 243 293 271 theum
312 243 434 278 loquitur
451 252 457 270 :
472 243 540 277 Quae
561 245 686 278 αιἰκρᾶειί
698 253 713 272 a
730 253 770 272 me
782 254 874 273 coram
897 247 986 274 multi:

200 288 321 321 testibus,
333 297 365 315 ea
376 288 474 323 depone
493 289 562 323 apud
579 289 670 324 fidele:
688 290 806 317 homines
830 293 848 319 ¹.
866 291 898 319 Ει
912 300 986 320 nunc

199 334 311 369 angelos
334 337 490 366 attestatur,
517 335 609 363 sciens
633 336 746 371 angelos
768 336 872 371 pariter
889 337 986 365 aﬂ‘utu-

195 388 245 408 ros
258 381 355 414 judici,
372 382 550 409 cumvenerit
564 382 591 409 in
607 382 694 418 gloria
709 382 809 417 Patris,
829 387 860 410 ut
881 383 984 418 judicet

197 427 291 454 orbem
309 431 444 454 terrarum
467 427 493 454 in
504 427 621 461 justitia.
640 428 765 463 Quisquis
785 429 866 462 enim,
882 430 982 465 inquit,

196 472 331 506 confessus
348 472 426 507 fuerit
444 481 483 499 me
497 481 587 500 eorum
604 473 764 506 hominibus,
789 479 813 501 et
830 473 918 502 Filius
935 475 982 502 lto-

197 518 274 545 m'nis
291 519 457 552 conﬁtebitur
474 526 532 545 eum
550 526 639 545 coram
658 519 759 554 angelis
776 520 843 547 Dei:
855 522 899 556 qui
922 529 981 549 vero

195 565 360 598 ubnegaverit
368 572 408 591 me
417 572 506 590 coram
517 564 677 596 hominibus,
692 565 865 600 abnegabitur
878 567 905 594 in
916 575 979 594 con—

195 615 282 643 spectu
293 609 445 643 angelorum
463 609 538 637 θεῖ’.
557 608 589 636 Et
603 609 704 637 Paulus
720 611 783 638 alibi
801 611 877 644 dicit,
894 611 925 639 In
939 620 980 639 re-

194 656 320 682 uelatione
333 655 439 682 Domini
454 656 518 682 Jesu
533 655 564 682 de
581 655 645 682 caelo
664 664 722 682 cum
744 657 845 692 angelis
854 658 875 684 ¹.
903 657 979 684 Hanc

185 701 229 728 -ob
253 708 363 728 causam
391 701 434 728 hic
458 701 513 736 jam
542 705 715 741 contestatur
745 710 838 729 coram
863 703 976 738 angelis,

189 746 307 773 eximias
323 745 375 772 sibi
390 753 545 781 praeparans
561 746 738 782 probationes
752 747 786 775 ad
802 755 932 784 magnum
945 749 977 776 il-

192 792 238 819 lud
255 791 385 819 tribunal.

519 894 602 930 Caput
620 897 661 925 Η.

244 964 354 998 Verum,
394 965 532 1001 inquiunt.
578 967 684 995 tametsi
735 968 905 1005 baptizamnr
957 973 983 1000 in

195 1017 310 1052 Spiritu,
325 1026 379 1045 non
401 1017 466 1045 inde
477 1025 527 1053 par
537 1024 579 1046 est
590 1023 620 1046 ut
640 1018 762 1054 Spiritus
776 1027 839 1048 cum
860 1019 916 1048 Deo
936 1028 985 1048 nu-

194 1069 322 1097 meretur,
337 1064 446 1099 quando
470 1068 497 1092 et
517 1065 544 1092 in
569 1065 679 1101 Moysen
702 1067 826 1094 nonnulli
850 1067 983 1102 baptizati

192 1111 302 1137 suntin
321 1110 393 1138 nube
413 1116 439 1138 et
456 1110 484 1138 in
504 1111 572 1138 mari
597 1113 619 1138 ⁵.
643 1111 777 1140 Similiter
801 1117 891 1140 autem
907 1117 934 1140 et
956 1113 984 1140 in

191 1157 322 1184 confesso
344 1160 386 1184 est
400 1157 456 1192 jam
475 1157 563 1185 fuisse
587 1158 670 1185 etiam
691 1159 719 1186 in
741 1159 866 1187 homines
891 1159 983 1194 ﬁdem.

191 1202 312 1230 Credidit
330 1204 398 1230 enim
419 1204 531 1238 populus
549 1203 603 1231 Deo
619 1209 644 1231 et
660 1204 750 1240 Moysi
766 1205 867 1240 famqu
881 1206 938 1240 ejus
961 1207 982 1234 '.

191 1248 262 1281 Quid
287 1249 380 1284 igitur,
403 1249 542 1284 inquiunt,
567 1257 600 1277 ex
616 1249 667 1278 ﬁde
685 1258 718 1278 ac
733 1251 870 1286 baptismo
894 1251 983 1288 Spiri-

190 1298 248 1320 tum
266 1299 392 1322 sanctum
409 1303 498 1330 usque
514 1295 582 1323 adeo
596 1297 699 1324 attollis
717 1304 749 1324 ae
761 1297 921 1333 magniﬁcas
936 1306 983 1326 su-

186 1348 239 1375 tpra
254 1345 420 1374 creaturam,
435 1349 498 1368 eum
512 1341 606 1368 eadem
617 1341 673 1376 jam
688 1342 892 1378 Seripturarum
906 1344 982 1371 testi-

190 1387 290 1414 moniis
319 1387 477 1414 tribuantur
495 1388 577 1414 etiam
599 1387 767 1415 hominibus.
794 1388 866 1421 Quid
896 1389 983 1423 igitur

183 1432 335 1460 -di:emus?
350 1432 485 1459 Nimirum
500 1432 577 1464 illud,
592 1433 665 1468 quod
679 1433 706 1460 in
723 1434 856 1468 Spiritqu
871 1435 981 1470 quidem

189 1477 258 1505 ﬁdes
277 1482 320 1505 est
333 1485 410 1512 aeque
425 1482 508 1512 atque
531 1477 557 1504 in
577 1476 687 1505 Patrem
703 1482 730 1505 et
747 1477 863 1511 Filium;
884 1479 982 1506 simili-

1035 249 1113 275 ποις.
1138 243 1192 269 Καὶ
1213 243 1260 270 νῦν
1282 243 1345 276 τοὺς
1367 244 1498 278 ἀγγέλους
1513 246 1747 282 ὲπιμαρτύρεται·
1767 245 1813 274 οἵδε

1035 289 1100 324 γὰρ,
1111 289 1151 316 ὅτι
1167 290 1389 325 συμπαρέσονται
1404 290 1513 325 ἄγγελοι
1523 291 1562 326 τῷ
1579 294 1669 327 κριτῇ.
1685 293 1750 319 ὅταν
1760 293 1814 329 ἔλθῃ

1034 335 1064 361 ὲν
1079 336 1112 370 τῇ
1127 334 1189 370 δόξῃ
1206 335 1251 362 τοῦ
1270 335 1374 371 Πατρὸς
1389 338 1479 371 κρῖναι
1493 336 1542 372 τὴν
1558 337 1722 373 οἰκουμένην
1741 340 1770 365 ὲν
1780 339 1814 366 δι-

1034 380 1174 417 καιοσύνῃ.
1193 381 1245 414 Ὃς
1259 381 1314 415 γὰρ
1338 380 1387 412 ἂν,
1412 381 1504 417 φησιν,
1527 383 1702 418 ὁμολογήσῃ
1717 383 1770 417 (57)
1786 385 1815 411 ὲν

1034 425 1098 460 ἐμοὶ
1121 427 1291 461 ἔμπροσθεν
1315 425 1376 453 τῶν
1387 426 1559 460 ἀνθρώπων,
1577 429 1627 454 καὶ
1648 430 1664 455 ό
1689 429 1756 462 Υἱὸς
1769 429 1814 456 τοῦ

1033 471 1190 506 ἀνθρώπου
1216 472 1396 506 ὁμολογήσει
1418 473 1453 499 ἐν
1466 473 1546 506 αὐτῷ
1570 473 1743 508 ἔμπροσθεν
1764 474 1815 502 τῶν

1031 518 1167 552 ἀγγέλων
1184 518 1237 545 τοῦ
1252 519 1325 545 Θεοῦ
1352 525 1360 533 ·
1436 521 1452 546 ό
1468 519 1502 546 δὲ
1524 520 1774 555 ἀπαρνησάμενός
1782 529 1815 556 με

1030 564 1158 591 ἐνώπιον
1177 563 1235 590 τῶν
1255 564 1419 598 ἀνθρώπων
1434 565 1677 599 ἀπαρνηθήσεται
1695 567 1815 595 ἐνώπιον

1030 609 1089 636 τῶν
1101 609 1237 644 ἀγγέλων
1260 609 1313 636 τοῦ
1335 610 1421 638 Θεοῦ.
1440 611 1496 637 Καὶ
1514 611 1619 643 Παῦλος
1640 612 1756 648 ἑτέρωθε
1771 622 1814 649 qr.-

1031 663 1072 680 σιν
1084 663 1091 670 ·
1115 656 1163 681 Ἐν
1175 655 1213 690 τῇ
1231 655 1422 690 ἀποκαλύψει
1438 657 1492 684 τοῦ
1512 657 1623 691 Κυρίου
1644 658 1748 692 Ἰησοῦ
1771 659 1814 686 dz'

1029 701 1159 735 οὐρανοῦ
1173 701 1227 737 (59)
1247 702 1312 736 μετ’
1328 701 1473 737 ἀγγέλων.
1491 703 1593 730 Τούτου
1620 704 1703 740 χάριν
1732 705 1813 732 ἐντεῦ-

1029 745 1074 773 θεν
1088 747 1137 782 ἤδη
1153 746 1365 783 διαμαρτύρεται
1377 748 1488 776 ἐπὶτῶν
1503 749 1637 784 ἀγγέλων,
1652 752 1694 782 εἰς
1709 751 1740 778 τὸ
1751 751 1812 787 μέγα

1028 793 1169 828 κριτήριον
1185 793 1332 829 εὐπρεπεῖς
1422 794 1511 830 ἑαυτῷ
1530 795 1579 828 τὰς
1597 795 1752 830 ἀποδείξεις
1767 806 1813 824 πα-

995 836 1016 863 Β
1034 839 1219 872 ρασκευάζων.

1340 902 1451 938 Κεφάλ.
1463 903 1506 930 ιδ’.

1077 970 1149 998 Ἀλλ’
1161 971 1222 998 οὐδὲ
1237 971 1261 997 ει
1275 970 1475 1006 βαπτιζόμεοα,
1493 973 1587 1008 φησιν,
1612 974 1654 1006 ei;
1668 975 1748 1009 αὐτὸ,
1766 976 1814 1003 οὔδ’

1027 1019 1099 1046 οὕτω
1113 1019 1217 1046 δίκαιον
1239 1019 1309 1054 μετὰ
1325 1018 1393 1045 Θεοῦ
1413 1019 1554 1054 τετάχθαι.
1571 1021 1627 1048 Καὶ
1644 1021 1701 1056 γὰρ
1718 1022 1764 1048 καὶ
1780 1023 1814 1053 εἰς

1027 1065 1073 1091 τὸν
1094 1066 1215 1100 Μωῦαῆν
1227 1073 1300 1096 τινες
1321 1064 1540 1101 ἐϐαπτίσθησαν,
1564 1067 1593 1092 ὲν
1613 1068 1645 1102 τῇ
1661 1068 1762 1102 νερέλῃ
1775 1069 1814 1094 καὶ

1028 1111 1056 1136 ἐν
1081 1112 1114 1146 τῇ
1136 1110 1268 1147 θαλάσσῃ.
1294 1111 1411 1146 Ὀμοίως
1432 1110 1460 1136 δὲ
1475 1111 1552 1146 καὶὴ
1576 1112 1667 1144 πίστις
1680 1113 1814 1148 ὁμολογεῖ-

1027 1165 1072 1183 ται
1165 1157 1216 1192 ἥδη
1242 1157 1289 1183 καὶ
1301 1157 1340 1188 εἰς
1362 1156 1522 1192 ἀνθρώπους
1541 1158 1721 1192 γεγενῆσθαι.
1744 1159 1814 1185 Ἐπι-

1028 1210 1142 1230 orest
1155 1202 1209 1237 γὰρ
1225 1203 1241 1230 ὸ
1261 1202 1337 1235 λαὸς
1350 1201 1390 1234 τῷ
1406 1201 1467 1234 Θεῷ
1482 1202 1532 1229 καὶ
1549 1203 1669 1230 litabo-si
1682 1203 1725 1236 τῷ
1741 1205 1815 1238 sepe.

1027 1255 1114 1275 ποντι
1137 1247 1239 1275 αὑτοῦ.
1260 1247 1292 1274 Τί
1308 1245 1371 1279 οὖν,
1387 1246 1486 1281 φησὶν,
1503 1247 1535 1274 ὲκ
1559 1247 1608 1282 τῆς
1631 1247 1756 1279 πίστεως
1776 1248 1816 1274 καὶ

1026 1295 1072 1321 τοῦ
1087 1294 1274 1330 βαπτίσματος
1292 1293 1323 1320 τὸ
1341 1293 1417 1327 ἆγιον
1435 1292 1548 1328 Πνεῦμα
1566 1293 1695 1320 τοσοῦτον
1712 1293 1815 1328 ἀνυψιιξ

1026 1341 1073 1368 καὶ
1090 1339 1249 1376 μεγαλύνεις
1266 1339 1338 1375 ὑπὲρ
1355 1338 1404 1374 τὴν
1426 1338 1526 1371 κτίσιν,
1542 1339 1622 1365 ὁπότε
1635 1339 1669 1365 τὰ
1688 1339 1763 1366 αὐτὰ
1776 1340 1815 1366 aut

1027 1387 1181 1422 ἀνθρώποις
1195 1385 1245 1421 ⁸ἢδη
1261 1384 1545 1421 προσμεμαρτύρηται
1555 1392 1562 1417 ;
1574 1385 1606 1411 Τί
1619 1382 1665 1411 οὖν
1746 1385 1816 1420 ἐροῦ-

1028 1442 1097 1468 μεν;
1114 1433 1175 1459 ’Ότι
1195 1433 1234 1463 εἰς
1253 1432 1302 1466 μὲν
1321 1431 1352 1457 τὺ
1375 1430 1488 1466 Πνεῦμα
1510 1432 1527 1466 ἡ
1543 1431 1634 1462 πίστις
1653 1430 1695 1462 ὡς
1718 1431 1760 1463 εἰς
1777 1432 1815 1456 τὸν

1027 1479 1136 1514 Πατέρα
1152 1478 1198 1505 καὶ
1221 1479 1262 1509 εἰς
1278 1478 1324 1504 τὸν
1341 1477 1405 1504 Υἱόν
1419 1486 1426 1492 ·
1451 1477 1552 1512 ὁμοίως
1569 1477 1596 1503 δὲ
1611 1477 1659 1503 καὶ
1668 1477 1704 1503 τὸ
1725 1477 1816 1512 βάπτι-

186 1527 231 1549 ter
253 1522 333 1549 etiam
354 1522 498 1557 baptisma.
515 1521 592 1554 Quod
616 1521 640 1549 si
659 1526 686 1548 et
708 1523 735 1549 in
759 1522 869 1558 Moysen
891 1528 917 1551 et
930 1532 965 1551 nu

1037 1533 1083 1560 ιμα
1096 1532 1102 1539 ·
1123 1524 1148 1550 εἰ
1167 1524 1195 1550 δὲ
1218 1524 1258 1555 εἰς
1276 1522 1322 1549 τὸν
1340 1522 1477 1557 Μωῦσῆν,
1496 1522 1544 1549 καὶ
1563 1521 1613 1557 τὴν
1627 1522 1764 1557 νεφέλην,
1783 1523 1816 1553 ('9;

188 1568 250 1595 hem
264 1588 271 1599 ,
297 1568 372 1595 velut
396 1568 423 1594 in
446 1567 571 1595 umbram
597 1571 624 1594 et
641 1567 767 1602 ﬁguram.
787 1567 882 1603 Neque
903 1576 980 1602 vero,

187 1613 319 1648 quoniam
342 1612 435 1640 divina
461 1613 544 1640 rebus
567 1612 718 1640 humilibus
800 1617 826 1641 et
853 1614 981 1643 humanis

189 1659 408 1695 prmﬁgurantur,
423 1659 485 1687 ideo
503 1663 530 1686 et
549 1659 706 1686 divinorum
728 1659 841 1688 humilis
869 1664 910 1688 est
929 1668 981 1688 na-

189 1710 260 1736 tura.
276 1711 357 1740 quam
380 1703 529 1739 ﬁgurarum
548 1704 723 1732 adumbratio
743 1713 816 1741 saepe
834 1706 980 1742 przesigni~

188 1752 287 1778 ﬁeavit.
307 1751 354 1779 Est
371 1752 444 1778 enim
470 1750 555 1786 ﬁgura
573 1759 677 1783 rerum,
695 1760 756 1786 qum
771 1756 979 1787 exspectantur,

186 1797 337 1825 declaratio
361 1804 410 1832 per
427 1797 619 1829 imitationem,
639 1797 714 1833 quod
730 1797 853 1825 futurum
871 1801 914 1826 est
937 1798 981 1825 in-

185 1843 300 1871 dicando
313 1846 540 1879 praemonstrans.
558 1842 637 1871 Velut
653 1843 739 1870 Adam
754 1843 840 1878 ﬁgura
853 1843 936 1871 futuri
956 1843 977 1876 ⁸.

185 1893 211 1917 et
233 1893 310 1924 petra
332 1888 447 1923 ﬁgurate
461 1888 591 1916 Christus
612 1889 622 1904 ⁷
641 1897 648 1916 :
669 1892 696 1916 et
719 1896 789 1923 aqua
812 1895 979 1924 promanans

185 1941 198 1961 c
217 1937 293 1968 petra
317 1933 339 1965 ⁸,
360 1933 445 1969 ﬁgura
465 1934 578 1961 viviﬁcm
600 1934 729 1968 potentiae
752 1933 845 1962 Verbi.
871 1933 902 1962 Si
919 1935 978 1970 qui:

187 1980 267 2012 enim,
291 1979 390 2015 inquit,
415 1979 484 2011 sitit,
512 1979 599 2006 veniat
624 1979 658 2006 ad
683 1988 733 2012 me,
761 1984 786 2006 et
805 1979 877 2006 bibat
899 1980 920 2005 '.
944 1979 978 2006 Et

188 2033 289 2052 manna
304 2029 386 2061 typus
400 2025 454 2052 vivi
475 2025 565 2060 panis.
583 2025 630 2060 qui
641 2025 675 2053 de
689 2025 760 2052 coelo
777 2024 920 2052 descendit
931 2025 955 2041 “
968 2034 975 2053 :

186 2074 214 2096 et
237 2077 351 2105 serpens
374 2077 458 2105 super
482 2070 583 2098 vexillo
602 2070 720 2106 positus,
746 2069 896 2098 salutifera:
913 2078 976 2106 pas-

186 2115 273 2143 sionis
296 2123 343 2151 per
361 2123 472 2143 crucem
493 2120 703 2148 consummatae,
720 2123 807 2152 eoque
828 2117 874 2152 qui
888 2118 976 2153 respi-

1026 1572 1067 1602 εις
1088 1570 1166 1597 σκιὰν
1184 1569 1230 1595 καὶ
1245 1568 1341 1595 τύπον.
1364 1568 1402 1595 Οὐ
1421 1567 1507 1604 δήπου
1526 1568 1572 1600 δὲ,
1591 1568 1684 1603 ἐπειδὴ
1714 1569 1815 1604 μικροῖς

1026 1617 1073 1644 καὶ
1105 1615 1287 1651 ἀνθρωπίνοις
1318 1614 1569 1650 προδιαμορφοῦται
1680 1615 1721 1641 ’τὰ
1750 1615 1814 1645 θεῖα,

1027 1660 1114 1698 μικρά
1128 1660 1169 1692 τίς
1189 1661 1248 1686 ἐστι
1273 1659 1320 1686 καὶ
1344 1662 1361 1695 ἡ
1384 1659 1438 1686 τῶν
1458 1659 1539 1686 Θείων
1555 1659 1651 1694 φύσις,
1671 1661 1709 1696 ἦν
1730 1661 1747 1696 ἡ
1767 1660 1815 1686 τῶν

1024 1706 1116 1733 τύπων
1136 1705 1306 1740 σκιαγραφία
1331 1704 1460 1740 πολλάκις
1475 1706 1722 1740 προαπεσήμηνεν,
1744 1706 1816 1732 Ἔστι

1024 1752 1078 1787 γὰρ
1091 1752 1104 1778 ὁ
1117 1750 1202 1782 τύπος
1217 1749 1452 1786 προσδοκωμένων
1467 1749 1582 1784 δήλωσις
1598 1749 1642 1776 διὰ
1660 1751 1813 1785 μιμήσεως,

1024 1796 1197 1828 ἐνδεικτικῶς
1216 1796 1247 1822 τὸ
1270 1796 1366 1831 μέλλον
1386 1794 1607 1831 προῦποφαίνων.
1629 1795 1676 1827 Ὧς
1698 1796 1714 1821 ὸ
1735 1796 1816 1830 Ἀδὰμ

1024 1843 1108 1874 τύπος
1191 1842 1239 1868 τοῦ
1255 1841 1414 1877 μέλλοντος,
1437 1842 1485 1868 καὶ
1503 1842 1520 1877 ἡ
1546 1841 1635 1876 πέτρα
1657 1841 1784 1873 τυπικῶς
1803 1842 1816 1866 ὀ

1023 1889 1155 1924 Χριστός·
1177 1889 1225 1915 καὶ
1243 1888 1273 1914 τὸ
1292 1888 1343 1923 τῆς
1357 1887 1461 1923 πέτρας
1477 1887 1549 1923 ὕδωρ
1567 1887 1616 1922 τῆς
1630 1886 1756 1922 ζωτικῆς
1773 1886 1815 1914 τοῦ

1022 1935 1110 1969 Λόγου
1124 1935 1274 1970 δυνάμεως.
1289 1934 1326 1960 El
1339 1942 1385 1966 τις
1397 1933 1462 1969 γὰρ,
1479 1934 1557 1969 φησὶ.
1575 1932 1651 1967 διψᾷ
1661 1954 1669 1965 ,
1681 1933 1815 1967 ἐρχέσθω

1022 1980 1098 2015 πρὸς
1111 1979 1167 2016 μὲ,
1193 1979 1243 2007 καὶ
1265 1979 1383 2006 πινέτω.
1405 1979 1461 2006 Καὶ
1486 1979 1518 2005 τὸ
1544 1978 1631 2014 μάννα
1653 1979 1702 2005 τοῦ
1719 1978 1818 2011 ζῶντος

1021 2026 1104 2062 ἄρτου
1115 2046 1123 2059 ,
1139 2025 1187 2053 τοῦ
1212 2026 1245 2053 ὲκ
1259 2025 1306 2052 τοῦ
1323 2025 1438 2063 οὐρανοῦ
1461 2025 1631 2056 καταϐάντος
1641 2032 1648 2039 ·
1676 2026 1726 2052 καὶ
1747 2027 1762 2052 ὁ
1776 2025 1818 2051 ἐπὶ

1022 2072 1136 2108 σημείου
1163 2071 1290 2106 κείμενος
1312 2071 1374 2105 ὄφις
1400 2071 1446 2098 τοῦ
1473 2071 1608 2106 σωτηρίου
1639 2070 1750 2102 πάθους
1773 2068 1817 2096 τοῦ

1021 2117 1066 2145 διὰ
1079 2117 1127 2144 τοῦ
1141 2117 1258 2154 σταυροῦ
1270 2117 1459 2149 τελεσθέντος·
1476 2116 1517 2143 διδ
1538 2117 1586 2143 καὶ
1605 2117 1630 2143 oi
1646 2116 1816 2143 ἀποϐλέπον-

185 2169 293 2197 ciebant
313 2167 347 2195 ad
370 2167 455 2199 illum,
472 2167 653 2195 servabantur
663 2166 696 2192 υ.
713 2164 847 2194 Similiter
868 2169 895 2192 et
914 2172 965 2200 qua

1037 2174 1070 2197 re;
1089 2166 1130 2197 εἰς
1144 2165 1226 2191 αὐτὸν
1239 2163 1410 2196 διεσώζοντο.
1426 2161 1504 2189 Οὕτω
1521 2161 1552 2197 δὴ
1569 2162 1617 2188 καὶ
1633 2160 1669 2187 τὰ
1688 2161 1758 2196 περὶ
1772 2160 1817 2195 τῆς

184 2214 219 2243 de
245 2215 352 2243 eductis
376 2212 509 2242 lsraelitis
531 2212 654 2248 scripta,
686 2211 720 2239 ad
745 2210 974 2247 signiﬁcationem

184 2269 279 2289 eorum
303 2260 348 2295 qui
366 2259 503 2295 baptismo
527 2258 595 2286 salvi
619 2258 698 2291 ﬁunt,
724 2261 836 2285 narrata
863 2259 927 2284 sunt
942 2255 972 2282 “.

186 2307 299 2335 Servata
312 2310 378 2335 sunt
388 2307 459 2334 enim
473 2305 660 2334 lsraelitarum
673 2303 865 2340 primogenita,
879 2310 975 2338 quem-

186 2352 333 2380 admodum
349 2355 376 2380 et
386 2351 587 2386 baptizatorum
600 2356 727 2385 corpora,
740 2357 802 2376 cum
820 2349 908 2384 gratia
924 2348 975 2375 da-

185 2403 231 2426 tur
245 2397 280 2426 iis
294 2397 341 2433 qui
357 2397 492 2432 sanguine
509 2396 609 2432 signati
627 2396 748 2422 fuerunt.
767 2393 886 2429 Sanguis
900 2393 974 2421 enim

186 2443 311 2479 pecudis,
328 2443 413 2478 ﬁgura
426 2443 569 2478 sanguinis
583 2440 704 2474 Christi;
718 2440 898 2476 primogenita
910 2447 975 2468 vero

185 2494 268 2526 typus
284 2489 416 2521 hominis,
437 2489 484 2523 qui
501 2488 607 2523 primus
624 2486 752 2514 conditus
769 2489 828 2519 est;
844 2485 890 2521 qui
906 2492 975 2520 quo-

186 2536 259 2562 niam
286 2534 443 2563 necessario
470 2534 498 2561 in
522 2533 603 2561 nobis
629 2537 682 2564 est.
704 2531 770 2559 dum
789 2531 975 2559 successionis

187 2581 258 2608 serie
281 2588 369 2616 usque
385 2579 419 2607 ad
436 2579 516 2607 linem
532 2579 740 2611 transmittitur,
762 2578 822 2606 ideo
845 2578 871 2605 in
887 2577 974 2605 Adam

186 2635 282 2656 omnes
298 2627 431 2655 morimur
447 2626 477 2659 ",
499 2630 526 2654 et
542 2626 666 2662 regnavit
680 2633 755 2653 mors
770 2633 858 2660 usque
883 2625 916 2651 ad
935 2625 974 2652 lc-

188 2673 229 2707 gis
251 2672 529 2704 consnmmatiouem,
547 2675 573 2699 et
597 2672 699 2699 Christi
720 2671 878 2699 adventum.
899 2671 974 2698 Con-

238 2818 278 2856 ‘ll
294 2818 406 2856 Tim.n,
418 2819 445 2856 2.
467 2821 495 2856 γ’
509 2819 668 2855 Luc.xn,8,
681 2821 708 2850 9.
749 2822 790 2849 ³ΙΙ
806 2821 902 2850 Thess.
917 2829 936 2856 ι,
955 2821 982 2849 7.

193 2856 220 2882 ⁷1
243 2855 307 2880 Cor.
319 2863 345 2886 κ,
359 2855 383 2880 ι.
423 2855 433 2870 ³
456 2855 541 2884 Επυιι.
554 2864 619 2888 xvn,
632 2857 659 2884 ti.
697 2857 707 2872 ’
734 2857 813 2886 Joau.
825 2865 871 2885 vn.
885 2858 930 2885 57.

180 2892 242 2922 'xn,
267 2889 306 2915 15.
348 2888 393 2916 ¹³Ι
412 2890 475 2919 Cor.
499 2898 542 2924 xv,
559 2891 606 2918 εε.

1024 2211 1167 2246 ἐξαγωγῆς
1248 2209 1296 2236 τοῦ
1317 2208 1426 2245 Ἰσραὴλ
1446 2208 1486 2240 εἰς
1508 2206 1620 2240 ἔνδειξιν
1634 2206 1690 2233 τῶν
1709 2206 1760 2233 διὰ
1774 2205 1817 2232 τοῦ

1025 2256 1213 2291 βαπτίσματος
1236 2255 1398 2290 σωζομένων
1429 2254 1578 2289 ἱστόρηται.
1606 2252 1734 2287 Διεσώϐη
1767 2251 1818 2286 γὰρ

1024 2302 1078 2329 τῶν
1096 2301 1273 2338 Ἰσραηλιτῶν
1286 2301 1320 2328 τὰ
1337 2301 1496 2337 πρωτότοκα
1507 2321 1513 2333 ,
1531 2299 1569 2331 ὡς
1585 2299 1632 2325 καὶ
1645 2298 1699 2325 τῶν
1723 2298 1818 2333 βαπτι-

1025 2348 1145 2384 ζομένων
1172 2348 1208 2375 τὰ
1235 2347 1349 2384 σώματα
1365 2368 1372 2377 .
1394 2346 1537 2382 διδομένης
1631 2345 1684 2380 τῆς
1707 2345 1818 2381 χάριτος

1024 2397 1080 2428 τοῖς
1104 2395 1297 2431 σημειωθεῖσιν
1322 2394 1374 2421 ὑπὸ
1394 2393 1442 2421 τοῦ
1464 2393 1589 2429 αἵματος.
1619 2392 1658 2418 Τὸ
1689 2392 1744 2427 μὲν
1768 2391 1819 2425 γὰρ

1025 2438 1095 2477 αἷμα
1112 2441 1159 2468 τοῦ
1178 2440 1317 2477 προΰάτου
1334 2439 1419 2471 τύπος
1438 2439 1486 2466 τοῦ
1499 2439 1614 2473 αἵματος
1624 2437 1672 2464 τοῦ
1685 2436 1817 2472 Χριστοῦδ

1025 2487 1058 2514 τὰ
1081 2487 1110 2514 δὲ
1137 2486 1299 2522 πρωτότοκα
1327 2486 1411 2517 τύπος
1444 2485 1492 2511 τοῦ
1519 2483 1738 2521 πρωτοπλάστου
1756 2492 1764 2498 ·
1793 2483 1820 2513 5;

1025 2533 1119 2568 ἐπειδὴ
1134 2533 1291 2567 ἀναγκαίως
1309 2533 1377 2568 ἡμῖν
1393 2531 1543 2566 ἐνυπάρχει
1560 2531 1593 2566 τῇ
1609 2529 1760 2565 ἀκολουθία
1775 2529 1819 2563 τῆς

1025 2579 1148 2614 διαδοχῆς
1176 2579 1257 2614 μέχρι
1281 2578 1375 2610 τέλους
1392 2577 1647 2613 παραπεμπόμενος
1659 2595 1666 2607 ,
1681 2575 1729 2601 διὰ
1744 2574 1820 2601 τοῦτο

1025 2626 1054 2651 ὲν
1066 2625 1105 2660 τῷ
1126 2624 1212 2658 Ἀδὰμ
1228 2625 1328 2656 πάντες
1342 2624 1566 2659 ἀποῡνήσκομεν,
1582 2622 1629 2648 καὶ
1642 2621 1818 2647 ἐϐασίλευσεν

1025 2673 1039 2697 ὀ
1058 2671 1172 2703 θάνατος
1258 2671 1340 2706 μέχρι
1353 2670 1402 2705 τῆς
1419 2670 1466 2696 τοῦ
1482 2669 1565 2704 νόμον
1580 2666 1763 2703 πληρώσεως,
1777 2666 1817 2692 xz‘

1035 2821 1066 2848 ⁸1
1084 2821 1144 2848 Cor.
1163 2829 1189 2854 ιι,
1219 2821 1246 2847 2.
1285 2820 1295 2836 ³
1319 2818 1469 2850 Exod.xrv,
1485 2820 1529 2847 51.
1568 2819 1579 2835 ⁶
1607 2819 1684 2846 Rom.
1713 2827 1744 2851 ν,
1774 2819 1814 2847 Η.

971 2857 992 2873 ¹⁰
1006 2856 1084 2885 Deut.
1099 2857 1199 2891 \‘lll,3;
1210 2856 1278 2884 Joau
1294 2863 1329 2888 γι,
1344 2855 1390 2882 Al.
1431 2855 1542 2883 “Num.
1556 2862 1612 2888 ut,
1623 2855 1648 2882 9.
1687 2855 1709 2870 "
1728 2857 1787 2882 Em
1798 2858 1814 2880 θ.
