1891 3076
114 158 173 189 ’ῖέι3
575 153 766 185 PANOPLIA
783 153 855 185 DOG

575 153 766 185 PANOPLIA
783 151 1011 185 DOGMATICA.
1030 165 1065 173 —
1084 153 1160 184 TlT.
1180 153 1252 184 ΧΠ.

108 226 162 261 τῆς
175 226 221 253 τοῦ
246 224 367 260 Χριστοῦ
385 224 546 260 παρουσίας.
564 223 718 260 Διετηρήοη
738 223 766 250 δὲ
853 232 854 240 ι

996 229 1062 252 νιιιιι
1083 227 1174 251 antem
1190 228 1256 251 sunt
1268 232 1283 251 a
1301 224 1357 252 Deo
1374 225 1568 261 primogenita,
1586 234 1619 255 ne
1632 234 1664 254 ca
1680 230 1742 254 tan-

108 269 160 295 τοῦ
185 269 252 296 Θεοῦ
271 269 306 295 τὰ
323 269 483 304 πρωτότοκα
497 289 504 302 ,
532 268 579 295 τοῦ
605 269 642 305 μὴ
669 268 755 302 θίγειν
778 268 823 294 τὸν
847 267 854 293 ί

997 275 1028 298 ⁵οῑ
1040 271 1202 304 exslinctor,
1215 274 1246 297 ut
1256 270 1461 304 ostenderetur,
1479 279 1530 300 nos
1540 272 1597 307 jam
1611 281 1667 300 non
1685 281 1743 300 am-

111 316 257 352 θρεύοντα,
272 316 312 347 είς
327 315 440 349 ἔνδειξιν
455 314 501 342 τοῦ
520 315 619 351 μηκέτι
635 315 707 350 ἡμᾶς
722 314 857 349 ἀποθνήσιι

995 321 1025 341 ns
1045 313 1114 340 mori
1138 313 1166 340 in
1190 313 1288 345 Adam,
1303 313 1352 348 qui
1368 313 1395 340 in
1417 312 1528 341 Christo
1544 315 1673 342 viviﬁcati
1695 323 1741 342 su-

109 363 142 389 ἒν
159 362 198 397 τῷ
222 362 324 398 Ἀδὰμ,
352 363 416 394 τοὺς
443 361 663 397 ζωοποιηῢέντας
684 361 713 388 ἐν
731 360 770 396 τῷ
783 361 855 396 Χρισ

993 367 1024 387 IS.
1038 358 1173 386 Caeterum
1190 366 1266 386 mare
1278 362 1304 385 et
1315 358 1426 391 nebula,
1436 359 1462 386 ln
1473 361 1602 394 prtesenti
1618 360 1739 394 quidem,

117 408 153 435 Ἦ
172 409 200 435 δὲ
221 408 342 435 θάλασσα
363 408 445 443 καὶὴ
471 408 570 443 νεφέλη
596 407 666 442 πρὸς
689 407 738 442 μὲν
763 406 795 433 τὸ
820 415 863 433 παπ

993 405 1099 432 lucebat
1116 404 1149 432 ad
1167 404 1247 432 ﬁdem
1263 413 1312 440 per
1329 404 1558 436 admirationem;
1576 405 1603 432 in
1619 405 1739 433 futurum

109 454 154 485 εἰς
174 453 263 479 πίστιν
278 453 358 488 ἐνῆγε
373 452 418 479 διὰ
442 452 494 488 τῆς
510 452 709 488 καταπλήξεως
722 460 729 466 ·
747 452 816 487 πρὸς
835 452 855 479 δὲ

994 456 1054 483 Leni,
1079 454 1211 486 tanquam
1235 454 1316 486 typus
1338 450 1455 486 gratiam
1477 454 1619 478 venturam
1645 452 1740 486 prmsi-

112 499 212 534 μέλλον
232 499 270 530 di;
295 498 381 530 τύπος
407 499 457 534 τήν
485 498 620 534 ἐσομένην
646 499 726 534 χάριν
752 500 857 534 προῡπε

995 496 1063 523 ibat.
1082 496 1147 528 Quis
1163 496 1277 530 sapiens,
1296 500 1321 523 et
1339 496 1465 532 intelliget
1484 496 1540 523 Iure
1557 496 1591 523 "‘2
1605 497 1741 532 quomodo

113 553 207 579 μαινε.
235 544 282 576 Τίς
308 544 405 579 (rogiq-
422 563 430 576 ,
451 544 500 570 καὶ
524 544 656 577 συνήσει
677 544 791 575 ταῦτα;
811 543 859 570 min

997 549 1036 574 re,
1055 549 1103 577 per
1115 541 1229 577 ﬁguram
1242 541 1389 576 baptisma,
1405 548 1540 577 separans
1558 549 1572 568 a
1585 540 1740 574 Pharaone,

112 588 238 615 Θάλασσα
259 588 400 623 βάπτισμα
418 588 559 620 τυπικῶς,
576 588 716 624 χωρισμὸν
729 588 845 615 ποιοῦσα

992 586 1181 613 emadmodum
1193 591 1219 614 et
1230 587 1368 614 lavacrum
1379 587 1431 614 hoc
1443 594 1458 614 a
1469 586 1572 614 diaboli
1583 587 1738 623 tyrannide.

111 633 232 669 Φαραὼ,
249 634 286 665 ὡς
303 634 350 660 καὶ
363 634 393 660 τὺ
409 634 521 669 λουτρὸν
538 634 617 661 τοῦτο
632 635 681 669 τῆς
695 633 850 669 τυραννίδος

995 630 1019 658 ιιι
1035 631 1135 659 occidit
1156 631 1263 659 hostem
1277 632 1304 660 in
1320 639 1393 664 sese,
1408 632 1525 660 moritur
1540 637 1567 661 et
1584 633 1630 661 hic
1651 633 1741 661 inimi-

110 680 249 706 διαϐόλου.
278 679 453 706 Ἀπέκτεινεν
471 679 564 714 ἐκείνη
584 679 612 706 ὲν
627 680 711 714 ἑαυτῇ
726 678 772 705 τὸν
794 678 856 714 ἐχορ

993 678 1025 710 la,
1044 685 1106 713 qua:
1126 678 1207 707 nobis
1231 677 1282 705 fuit
1309 686 1371 706 cum
1399 678 1464 707 Deo.
1491 679 1533 707 Ab
1559 679 1606 706 illo
1622 680 1739 715 populus

112 725 283 760 ἀποθνήσκει
308 725 357 752 καὶ
385 720 437 752 ὦδε
464 726 481 761 ἡ
509 725 593 761 ἔχθρα
619 725 698 761 ἡμῶν
724 725 741 760 ή
766 725 806 756 είς
831 724 858 750 Θι

995 725 1016 751 it
1028 724 1150 757 illaesus;
1166 724 1344 752 ascendimus
1360 729 1387 752 et
1402 732 1453 753 nos
1469 725 1504 752 ab
1519 725 1599 760 aquis
1611 730 1741 760 tanquam

119 772 251 807 Ἐξῆλθεν
268 771 316 798 ἀπ’
332 770 442 806 ἐκείνης
465 771 573 807 ἀπαθὴς
592 771 607 798 ὁ
629 771 710 803 λαόςι
729 770 865 805 ἀναϐαίνοι

1004 768 1121 796 mortuis
1141 769 1208 801 vivi,
1226 769 1327 796 servati
1345 776 1392 804 per
1414 768 1530 804 gratiam
1550 768 1611 804 ejus
1625 769 1673 804 qui
1691 776 1740 796 vo-

113 819 166 845 καὶ
188 819 268 853 ἡμεῖς
290 817 328 849 ὡς
348 818 380 844 ὲκ
404 817 510 853 νεκρῶν
530 817 630 850 ζῶντες
649 817 704 844 ἀπὸ
730 816 777 843 τοῦ
802 816 859 843 ὓδαπ

996 815 1023 842 rit
1038 822 1099 843 nos.
1116 814 1208 843 Nubes
1228 820 1320 843 autem
1344 816 1442 843 umbra
1464 815 1529 843 doni
1544 815 1677 851 Spiritus,
1694 816 1742 850 qui

113 865 209 900 χάριτι
235 863 368 896 σωθέντες
391 865 425 899 τῇ
451 864 498 890 τοῦ
524 864 690 896 καλέσαντος
715 864 801 899 ἡμᾶς.
829 863 859 890 Ἦ

995 860 1093 888 ηᾱῑηυιη
1121 859 1259 888 ﬂammam
1291 860 1483 889 mortiﬁcando
1508 861 1632 889 membra
1660 861 1741 890 τοία-ί-

113 910 216 945 νεφέλη
232 909 296 936 σκιὰ
311 909 361 944 τῆς
377 911 409 936 ὲκ
421 910 468 937 τοῦ
483 910 642 945 Πνεύματος
659 910 778 946 δωρεᾶς,
797 909 844 936 τοῦ
860 909 910 944 τὴν
950 911 1035 942 gerat.

1688 155 1741 184 755

114 955 206 990 φλόγα
215 955 269 981 τῶν
283 954 378 982 παθῶν
392 955 436 982 διὰ
455 956 505 991 τῆς
520 955 682 992 νεκρὼσεως
694 955 747 982 τῶν
765 955 853 991 μελῶν
865 963 910 982 κα-

113 1001 293 1036 ταψύχοντος.

222 1047 254 1074 Τί
277 1044 338 1081 οὗν;
354 1047 448 1083 ἐπειδὴ
470 1047 593 1080 τυπικῶς
606 1049 646 1080 είς
660 1048 780 1084 Μωῦσῆν
800 1048 911 1076 ὲὸαπτίι

115 1093 241 1128 σθησαν,
258 1093 304 1120 διὰ
324 1093 403 1120 τοῦτο
427 1093 514 1130 μικρὰ
527 1094 584 1129 (74)
608 1095 625 1130 ὴ
648 1093 695 1121 τοῦ
723 1093 911 1130 βαπτίσματος

114 1139 216 1174 χάρις;
230 1138 307 1165 Οὕτω
326 1139 376 1175 μὲν
389 1137 436 1166 οὖν
451 1140 506 1166 οὐδ’
521 1139 553 1166 ἂν
571 1139 634 1166 ἄλλο
656 1148 681 1166 τι
699 1140 770 1176 μέγα
792 1140 835 1175 εἴη
855 1139 910 1167 τῶν

114 1184 260 1221 ἡμετέρων
275 1205 282 1217 ,
299 1186 378 1222 εἴπερ
394 1185 424 1212 τὸ
446 1186 475 1212 ἐν
489 1185 597 1221 ἑκάστῳ
620 1185 719 1220 σεμνὸν
739 1186 795 1217 τοῖς
815 1185 911 1218 τύποις

116 1230 372 1266 προδιαϐάλλοιμεν.
393 1230 462 1258 Οὔτε
488 1231 543 1267 γὰρ
569 1233 585 1267 ἡ
610 1233 649 1264 εἰς
677 1231 838 1267 ἀνθρώπους
863 1231 910 1258 τοῦ

115 1276 186 1302 Θεοῦ
201 1276 294 1311 ἀγάπη
312 1276 383 1311 μέγα
395 1285 421 1303 τι
434 1277 482 1303 καὶ
498 1276 648 1313 ὑπερφυὲς,
665 1276 695 1308 ὃς
714 1277 760 1304 τὸν
779 1276 910 1312 μονογενῆ

116 1321 185 1348 Υίδν
197 1321 296 1348 ἔδωκεν
315 1322 386 1357 ὑπὲρ
405 1321 458 1348 τῶν
479 1322 622 1358 ἁμαρτιῶν
636 1322 715 1358 ἡμῶν
727 1331 733 1337 ·
752 1322 846 1358 ἐπειδὴ
864 1322 912 1349 καὶ

123 1367 251 1403 Ἀὁραὰμ
263 1367 309 1394 τοῦ
331 1367 396 1394 ἰδίου
416 1367 474 1394 υἱοῦ
492 1369 542 1395 οὐκ
567 1368 712 1403 ἐφείσατο·
730 1367 789 1395 οὐδὲ
808 1367 838 1394 τὸ
857 1367 911 1394 πά-

117 1413 166 1444 θος
175 1412 222 1439 τοῦ
231 1413 332 1448 Κυρίου
348 1412 452 1446 ἔνδοξον
464 1421 471 1428 ·
487 1414 582 1450 ἐπειδὴ
593 1413 728 1450 πρόϐατον
739 1413 800 1440 ἀντὶ
818 1412 912 1440 Ἰσαὰκ

116 1458 166 1484 τὸν
183 1458 266 1484 τύπον
280 1458 400 1495 ἐπλήρου
415 1459 465 1494 τῆς
481 1461 639 1495 προσφορᾶς
651 1468 658 1475 ·
674 1459 736 1487 οὔτε
756 1460 772 1495 ἡ
789 1460 829 1491 είς
846 1459 910 1496 ᾅδου

117 1503 232 1535 κάθοδος
252 1504 373 1540 φοϐερά·
399 1505 493 1541 ἐπειδὴ
522 1505 614 1538 Ἰωνᾶς
636 1507 665 1533 ὲν
687 1505 776 1542 τρισὶν
793 1505 911 1542 ἡμέραις

1051 1038 1120 1072 Quid
1134 1039 1236 1075 igitur?
1254 1046 1319 1066 num
1339 1039 1403 1075 quia
1419 1040 1510 1075 typice
1528 1040 1555 1067 in
1570 1039 1680 1076 Moysen
1697 1041 1742 1068 ba—

949 1084 1042 1121 ptizati
1066 1089 1141 1118 sunt,
1165 1085 1227 1112 ideo
1252 1085 1349 1121 exigua
1373 1089 1416 1114 est
1430 1086 1519 1122 gratia
1542 1087 1746 1122 baptismatis?

951 1129 1023 1157 Sane
1038 1130 1091 1157 hoc
1104 1134 1186 1166 pacto
1200 1138 1252 1158 nec
1269 1130 1344 1158 aliud
1356 1130 1506 1166 quidquam
1520 1131 1548 1158 in
1563 1133 1666 1160 nostris
1682 1140 1742 1168 my-

949 1177 1042 1204 steriis
1063 1176 1146 1204 fuerit
1168 1184 1309 1212 magnum,
1329 1177 1352 1204 si
1375 1177 1449 1212 quod
1469 1177 1498 1204 in
1515 1177 1631 1213 singulis
1653 1185 1741 1213 augu—

949 1225 1021 1250 stum
1032 1226 1084 1254 est,
1102 1229 1151 1257 per
1168 1221 1354 1257 praecedentes
1370 1221 1472 1257 ﬁguras
1491 1221 1688 1258 deprimamus.
1700 1222 1741 1250 Ac

950 1274 984 1294 ne
1007 1266 1055 1295 Dei
1082 1267 1194 1302 quidem
1217 1275 1282 1303 erga
1310 1268 1437 1296 homines
1461 1269 1583 1296 charitas
1609 1276 1739 1304 magnum

949 1312 1079 1348 quiddam
1095 1316 1123 1340 et
1135 1313 1278 1347 eximium,
1301 1313 1349 1349 qui
1364 1313 1535 1349 unigenitum
1550 1313 1650 1341 Filium
1665 1314 1742 1342 dedit

950 1365 999 1393 pro
1019 1358 1139 1393 peccatis
1158 1359 1263 1387 nostris
1279 1369 1286 1386 :
1308 1359 1533 1395 quandoquidem
1551 1363 1579 1388 et
1601 1360 1738 1388 Abraham

949 1404 1006 1432 ﬁlio
1031 1411 1082 1433 suo
1105 1412 1161 1432 non
1176 1405 1299 1440 pepercit
1312 1407 1321 1421 '
1337 1424 1345 1433 .
1367 1405 1423 1433 Nec
1443 1405 1551 1434 Domini
1568 1407 1661 1442 passio
1681 1407 1740 1442 glo-

949 1450 1038 1485 riosa;
1057 1450 1193 1486 siquidem
1216 1451 1288 1479 aries
1312 1451 1373 1479 loco
1390 1451 1469 1480 Isaac
1489 1452 1606 1480 victimae
1625 1452 1738 1488 ﬁguram

948 1497 1066 1532 explevit
1088 1498 1107 1525 ³.
1123 1496 1217 1533 Neque
1236 1497 1388 1526 descensus
1409 1498 1443 1525 ad
1459 1497 1564 1527 inferos
1578 1498 1737 1533 horribilis;

117 1550 168 1576 καὶ
183 1550 327 1582 τοσαύταις
345 1551 406 1585 νυξὶ
423 1551 470 1578 τοῦ
494 1551 610 1579 Θανάτου
631 1553 677 1580 τὸν
699 1553 784 1580 τύπον
801 1562 863 1589 προε

990 1543 1060 1571 ando
1082 1543 1192 1580 quidem
1216 1543 1302 1571 Jonas
1323 1544 1413 1572 tribus
1432 1544 1546 1576 diebus,
1568 1552 1600 1573 ac
1622 1546 1736 1573 totidem

117 1595 235 1631 πλήρου.
258 1596 361 1624 Ταὺτὺν
385 1597 475 1624 τοίνυν
502 1599 575 1625 ποιεῖ
598 1599 645 1625 καὶ
672 1599 718 1626 ἐπὶ
739 1598 787 1625 τοῦ
815 1599 912 1634 βαπτί-

118 1649 224 1676 σματος
235 1641 249 1668 ὁ
263 1642 296 1677 τῇ
313 1642 377 1677 σκιᾷ
394 1643 546 1679 συγκρίνων
562 1643 611 1678 τὴν
630 1643 777 1679 ἀλήθειαν,
796 1644 911 1676 καὶτοῖς

116 1685 217 1717 τύποις
241 1687 422 1721 παραϐάλλων
451 1688 487 1715 τὰ
510 1690 574 1724 παρ’
598 1689 688 1716 αὐτῶν
713 1689 909 1725 σημαινόμενα,

118 1731 170 1758 καὶ
194 1731 237 1758 διὰ
262 1733 402 1765 Μωῦσέως
428 1734 474 1761 καὶ
493 1735 542 1770 τῆς
565 1734 703 1771 θαλάσσης
728 1736 818 1762 πᾶσαν
842 1734 910 1770 ὁμοῦ

117 1776 258 1813 διασύρειν
284 1777 334 1813 τὴν
361 1779 541 1816 εὐαγγελικὴν
569 1781 724 1816 οἰκονομίαν
753 1780 909 1816 ἐπιχειρῶν.

117 1823 189 1849 Ποία
204 1823 257 1858 γὰρ
281 1823 377 1857 ἄφεσις
402 1826 634 1861 παραπτωμάτων
656 1835 665 1860 ;
752 1826 817 1854 ποία
838 1825 912 1861 ζωῆς

115 1865 268 1897 ἀνανέωσις
290 1865 319 1893 ἐν
333 1865 472 1903 Danaen;
488 1874 563 1893 ποιον
576 1874 699 1902 χαρισμα
718 1867 901 1903 πνευματικὸν

113 1910 164 1939 διὰ
187 1911 342 1944 Μωῦσέως;
367 1912 432 1939 ποία
455 1913 586 1948 νέκρωσις
607 1913 744 1949 ἁμαρτίας
769 1914 843 1946 ἐκεῐ;
863 1913 901 1940 Οὐ

115 1957 303 1984 συναπέθανον
319 1958 418 1984 ἐκεῖνοι
435 1957 563 1994 Χριστῷ·
586 1958 680 1993 διόπερ
693 1959 754 1985 οὐδὲ
771 1959 902 1996 συνηγέρ-

116 2001 214 2037 θησαν.
230 2003 287 2029 Οὐκ
302 2002 438 2038 ὲφόρσηαν
454 2003 503 2038 τὴν
516 2003 606 2030 εἰκόνα
619 2003 663 2029 τοῦ
681 2003 853 2036 ὲπουοανίου,
870 2003 901 2030 οὐ

114 2046 168 2082 τὴν
181 2046 314 2082 νέκρωσιν
327 2046 373 2074 τοῦ
386 2047 473 2083 Ἰησοῦ
486 2048 514 2074 ἐν
531 2047 569 2083 τῷ
590 2047 696 2083 σώματι
707 2048 901 2083 περιήνεγκαν.

115 2093 169 2119 οὑκ
195 2092 362 2120 ἁπεδύσαντο
388 2092 434 2119 τὸν
453 2092 566 2120 παλαιὸν
586 2093 728 2129 ἄνθρωπον
751 2110 760 2124 ,
852 2093 902 2120 οὐκ

116 2137 276 2165 ὲνεδύσαντο
292 2138 337 2165 τὸν
349 2138 423 2172 νέον,
440 2138 485 2165 τὸν
499 2138 726 2174 ἀνακαινούμενον
740 2138 780 2170 εἰς
791 2138 903 2172 ἐπίγνω-

117 2192 162 2210 σιν
175 2203 182 2215 ,
197 2183 256 2211 κατ’
278 2184 369 2211 εἰκόνα
385 2184 433 2211 τοῦ
450 2183 590 2216 κτίσαντος
611 2185 701 2212 αὐτόν.
720 2185 753 2211 Τί
857 2178 903 2209 οὖν

949 1589 1087 1622 noctibus,
1112 1589 1209 1617 mortis
1229 1589 1342 1625 ﬁguram
1368 1590 1446 1626 prius
1472 1590 1592 1624 explevit
1617 1589 1637 1618 ⁸.
1664 1590 1738 1618 Idem

947 1643 1013 1672 ergo
1028 1635 1093 1664 facit
1104 1639 1132 1664 et
1148 1635 1182 1663 de
1195 1635 1367 1670 baptismate,
1382 1636 1428 1671 qni
1441 1636 1584 1664 veritatem
1601 1644 1662 1663 cum
1677 1645 1738 1664 um—

948 1682 998 1711 bra
1017 1685 1168 1717 comparat,
1183 1686 1209 1709 et
1229 1689 1290 1709 cum
1308 1681 1403 1716 liguris
1420 1681 1528 1709 confert
1548 1689 1579 1709 ea
1596 1690 1656 1718 qure
1669 1682 1737 1718 ﬁgu-

947 1728 988 1756 ris
999 1727 1200 1763 signiﬁcantur,
1212 1735 1244 1755 ac
1260 1735 1307 1763 per
1322 1727 1434 1763 Moysen
1451 1731 1478 1755 et
1493 1735 1569 1755 mare
1650 1732 1734 1756 totam

948 1775 1030 1804 simul
1046 1774 1232 1810 evangelicam
1251 1774 1484 1809 dispensationem
1507 1773 1618 1802 elevare
1637 1781 1735 1810 aggre-

948 1822 1033 1850 ditur.
1051 1821 1118 1848 Nam
1141 1829 1202 1857 qua:
1220 1826 1394 1857 peccatorum
1420 1820 1558 1854 remissio,
1584 1829 1645 1856 quae
1673 1822 1734 1848 vine

951 1868 1094 1896 renovatio
1107 1867 1135 1896 in
1153 1869 1232 1900 mari,
1248 1866 1320 1903 quod
1334 1867 1434 1895 donum
1447 1867 1587 1902 spirituale
1599 1876 1646 1903 per
1660 1869 1736 1905 Moy-

953 1921 1001 1942 seu
1011 1913 1023 1940 ?
1035 1921 1096 1948 qua:
1111 1913 1168 1941 illic
1179 1913 1283 1948 peccati
1297 1913 1491 1948 interemptio?
1502 1912 1561 1940 Non
1576 1913 1614 1940 illi
1627 1914 1737 1942 Christo

953 1959 1114 1987 commortui
1139 1962 1214 1991 sunt,
1237 1966 1324 1993 eoque
1350 1966 1401 1986 nec
1425 1966 1487 1986 cum
1510 1958 1556 1986 illo
1581 1959 1738 1987 resuscitati

953 2009 1017 2032 sunt
1043 2007 1062 2032 '.
1080 2004 1140 2032 Non
1160 2004 1307 2040 portabant
1325 2004 1469 2039 imaginem
1482 2003 1555 2031 illius
1570 2004 1691 2032 caelestis
1711 2005 1737 2038 ',

953 2058 1008 2078 non
1031 2050 1267 2078 mortiﬁcationem
1290 2049 1354 2077 Jesu
1369 2050 1395 2076 in
1417 2056 1534 2084 corpOre
1561 2049 1735 2077 circumlcrc‘

952 2096 1019 2124 bant
1041 2096 1065 2128 ⁷,
1090 2104 1144 2123 non
1161 2100 1297 2124 exuerunt
1317 2099 1436 2122 veterem
1452 2094 1601 2128 hominem,
1626 2103 1680 2122 non
1699 2095 1739 2122 in-

953 2141 1073 2169 duerunt
1095 2149 1205 2173 novum,
1221 2141 1268 2176 qui
1290 2145 1437 2168 renovatur
1461 2141 1488 2168 in
1509 2140 1673 2175 agnitionem
1693 2148 1738 2168 se-

953 2186 1073 2214 cundum
1087 2187 1234 2221 imaginem
1251 2187 1323 2214 illius
1344 2187 1389 2221 qui
1401 2194 1463 2213 eum
1483 2186 1607 2214 condidit
1632 2185 1652 2213 '.
1666 2185 1737 2219 Quid

117 2228 275 2264 συγκρίνεις
289 2229 323 2256 τὰ
342 2228 533 2264 βαπτίσματα,
548 2226 586 2256 ὧν
609 2229 626 2264 ἡ
652 2229 820 2264 προσηγορία
835 2233 863 2263 με

992 2237 1035 2260 tur
1056 2233 1165 2260 confers
1183 2233 1359 2268 baptismata,
1377 2240 1492 2267 quorum
1508 2233 1566 2260 sola
1583 2233 1737 2261 communis

117 2274 211 2310 κοινὴ,
230 2275 247 2310 ἡ
261 2275 290 2301 δὲ
305 2274 359 2301 τῶν
374 2276 544 2310 πραγμάτων
565 2275 680 2310 διαφορὰ
696 2274 812 2309 τοσαύτη
823 2294 830 2306 ,
853 2274 902 2309 ὅση

116 2320 152 2348 ἂν
169 2320 273 2354 γένοιτο
298 2320 401 2356 ὀνείρου
424 2320 492 2356 πρὸς
514 2321 564 2356 τὴν
584 2320 713 2356 ἀλήθειαν
728 2340 735 2351 ,
762 2320 808 2346 καὶ
824 2321 903 2352 σκιᾶς

118 2365 168 2392 καὶ
181 2365 292 2392 εἰκόνων
307 2366 374 2401 πρὸς
388 2366 421 2393 τὰ
436 2367 495 2393 κατ’
510 2366 603 2393 οὐσίαν
617 2367 787 2401 ὑφεστηκότα
804 2375 811 2399 ;

221 2421 302 2448 Ἀλλὰ
313 2421 359 2448 καὶ
373 2421 389 2457 ἡ
409 2421 449 2453 εἰς
462 2421 508 2448 τὸν
521 2421 639 2448 Μωῡσέα
658 2421 748 2453 πίστις
761 2421 790 2448 οὺ
805 2421 852 2456 τὴν
865 2421 904 2452 είς

116 2466 150 2494 τὸ
160 2466 271 2502 Πνεῦμα
286 2467 376 2493 πίστιν
389 2466 477 2502 ὀλίγου
494 2467 564 2498 τινὸς
581 2465 658 2499 ἀξίαν
672 2466 804 2493 δείκνυσιν
814 2474 820 2480 ·
835 2466 904 2492 ἀλλὰ

117 2512 191 2540 κατὰ
214 2512 258 2539 τὸν
274 2512 375 2539 τούτων
398 2513 476 2548 λόγον
487 2532 495 2544 ,
526 2512 625 2548 μᾶλλον
644 2512 693 2548 τὴν
711 2512 751 2543 είς
769 2511 813 2538 τὸν
837 2511 903 2538 Θεὸν

116 2557 174 2584 τῶν
200 2557 267 2584 ὅλων
292 2557 435 2592 ὁμολογίαν
464 2556 689 2592 κατασμικρύνει.
725 2556 902 2583 Ἐπίστευσε

117 2601 192 2636 γὰρ,
209 2602 289 2637 φησιν
300 2622 307 2635 ,
321 2604 337 2629 d
350 2602 425 2634 λαὸς
441 2600 480 2634 τῷ
499 2601 576 2634 Θεῷ.
594 2601 643 2628 καὶ
662 2601 780 2628 Μωῦσεῖ
798 2600 838 2633 τῷ
857 2603 902 2628 θε-

111 2645 244 2680 ράποντι
258 2647 361 2674 αὑτοῦ.
377 2647 436 2682 Θεῷ
458 2647 547 2673 τοίνυν
566 2645 763 2678 συνέζευκται,
784 2645 844 2680 οὐχὶ
864 2645 903 2680 τῷ

116 2692 257 2728 Πνεύματι
268 2700 275 2708 ·
293 2692 340 2719 καὶ
356 2693 439 2724 τύπος
451 2690 485 2728 ἦν
505 2692 564 2728 οὐχὶ
578 2691 624 2718 τοῦ
641 2692 797 2727 Πνεύματος
807 2712 814 2724 ,
836 2690 904 2717 ἀλλὰ

115 2738 166 2765 τοῦ
181 2739 307 2775 Χριστοῦ.
326 2739 377 2765 Τὸν
390 2738 444 2775 γὰρ
469 2739 581 2774 μεσίτην
594 2738 661 2765 Ε)εοῦ
685 2738 731 2765 καὶ
752 2736 904 2772 ἀνθρώπων

115 2783 153 2811 δι’
169 2784 264 2810 ἑαυτοῦ
283 2785 344 2811 τότε
364 2784 559 2819 προαπετύπου
652 2784 681 2810 ὲν
702 2784 735 2818 τῇ
754 2782 801 2809 τοῦ
821 2783 903 2817 νόμου

156 2865 166 2882 ¹
194 2865 258 2894 Ose.
285 2866 399 2897 xw.10.

451 2867 461 2882 ¹
476 2865 543 2893 Gen.
557 2873 634 2896 mn.
650 2865 692 2893 16.
749 2866 761 2882 ³
794 2865 858 2894 ibid.
877 2866 918 2894 l5.

953 2277 1118 2312 appellatio;
1141 2285 1232 2304 rerum
1248 2282 1340 2305 autem
1357 2281 1433 2304 tanta
1458 2277 1620 2310 differentia,
1635 2282 1740 2313 quanta

953 2322 1050 2350 somnii
1065 2329 1080 2349 a
1105 2323 1236 2355 veritate,
1257 2330 1289 2349 ac
1310 2323 1412 2350 umbra:
1427 2327 1455 2351 et
1472 2323 1631 2359 imaginum,
1649 2323 1740 2351 abhis

953 2376 1014 2404 quae
1025 2375 1121 2395 revera
1143 2368 1306 2396 subsistunt.

1056 2424 1107 2452 Sed
1120 2428 1147 2452 et
1160 2425 1218 2459 ipsa
1235 2424 1301 2452 ﬁdes
1314 2424 1340 2451 in
1353 2424 1462 2459 Moysen
1475 2431 1528 2450 non
1543 2423 1621 2451 ﬁdem
1637 2423 1665 2450 in
1677 2422 1742 2458 Spi-

955 2469 1036 2497 ritum
1054 2477 1143 2504 parvze
1165 2477 1227 2497 esse
1250 2469 1392 2504 dignitatis
1414 2469 1551 2502 ostendit;
1575 2468 1622 2496 sed
1639 2476 1741 2496 secun—

954 2515 1019 2542 dum
1044 2515 1159 2543 istorum
1183 2515 1432 2548 ratiocinationem,
1455 2523 1485 2542 ea
1505 2515 1605 2550 potius,
1625 2521 1686 2548 qua:
1706 2513 1741 2540 de

957 2560 1011 2588 Deo
1040 2560 1229 2587 universorum
1254 2560 1430 2595 proﬁtemur.
1453 2563 1590 2588 extenuat.
1622 2558 1741 2588 Credidit

955 2607 1034 2638 enim,
1053 2605 1152 2640 inquit,
1165 2607 1276 2640 populus
1291 2605 1355 2638 Deo,
1372 2611 1395 2632 ct
1414 2604 1501 2640 Moysi
1514 2605 1616 2640 [hirudo
1638 2604 1695 2639 ejus
1719 2607 1742 2633 ’.

956 2651 1011 2678 Deo
1037 2651 1128 2686 itaque
1153 2651 1298 2686 copulatus
1324 2655 1366 2679 est
1395 2650 1510 2686 Moyses,
1526 2658 1579 2678 non
1607 2649 1740 2685 Spiritui;

956 2702 1066 2731 eratque
1081 2701 1171 2732 typus,
1185 2704 1239 2723 non
1256 2695 1386 2732 Spiritus.
1402 2696 1448 2724 sed
1457 2696 1567 2723 Christi.
1579 2695 1646 2722 Nam
1656 2694 1702 2721 Dei
1714 2697 1740 2722 et

957 2740 1099 2768 hominum
1122 2741 1301 2768 mediatorem
1317 2742 1337 2756 '°
1349 2748 1397 2775 per
1414 2748 1444 2767 se
1461 2739 1549 2774 ipsum
1565 2743 1630 2766 tunc
1644 2739 1672 2766 in
1690 2738 1740 2765 mi-

957 2786 1070 2814 nisterio
1094 2786 1162 2822 legis
1187 2785 1387 2822 praeﬁgurabat.
1410 2785 1504 2820 Neque
1529 2786 1602 2813 enim
1621 2784 1741 2820 Spiritus

972 2867 994 2906 ξ.
1014 2868 1076 2906 Jo_n_.
1091 2868 1167 2906 limi.
1204 2869 1214 2884 '
1241 2869 1321 2906 Rom.
1340 2877 1376 2904 vr,
1401 2869 1429 2897 8.
1466 2868 1477 2885 '
1500 2868 1590 2898 lCor.
1623 2878 1665 2906 xv,
1695 2871 1740 2899 (49.

117 2902 129 2920 ⁷
145 2901 170 2930 ll
183 2901 246 2930 Cor.
263 2908 299 2935 ιν,
319 2902 361 2930 l0.
400 2902 410 2918 ⁸
434 2902 538 2930 Coloss.
569 2909 609 2935 ιιι,
626 2901 653 2935 9,
674 2900 715 2928 l0.
754 2902 763 2918 '
783 2900 859 2929 Exod

569 2909 609 2935 ul,
626 2901 653 2935 9,
674 2900 715 2928 l0.
754 2902 763 2918 '
783 2900 870 2929 Exod.
892 2902 1008 2934 xn',.'51.
1049 2903 1071 2918 ¹⁰
1089 2902 1099 2929 l
1126 2903 1195 2930 'l'itn.
1213 2911 1243 2938 tt,
1265 2904 1293 2931 5.
