1891 3076
42 156 91 189 ’161

503 147 692 179 PANOPLIA
713 147 944 178 DOGMATICA.
960 158 996 165 -
1015 147 1091 178 Tl'l‘.
1111 146 1184 178 ΧΠ.

1608 149 1661 180 762.

43 219 145 256 φητεία.
169 218 196 245 ’0
214 217 242 244 δὲ
256 216 292 244 τὰ
319 215 453 251 μυστήρια
474 215 523 249 τῆς
543 214 674 245 ὀπτασίας
691 212 730 248 τῷ
746 212 822 248 ἀνδρὶ

873 215 989 243 scientia
1020 214 1159 249 Spiritus,
1191 221 1224 242 co
1253 215 1327 250 quod
1353 223 1438 243 unum
1464 223 1497 243 ex
1526 216 1663 245 divisione

42 267 93 294 τῶν
115 263 264 299 ἐπιθυμιῶν
287 260 444 296 ἐπιταχθεὶς
464 260 632 295 διαγγεῖλαι,
648 259 730 286 πόθεν
746 268 822 294 σοφι-

43 313 112 343 σθεὶς
134 309 189 346 εἶχε
215 309 351 336 διδάσκειν
377 307 411 334 τὰ
444 306 641 342 κεκρυμμένα,
669 306 693 332 ει
720 305 758 340 μὴ
782 305 822 339 τῷ

43 357 174 392 Πνεύματι
188 355 228 390 τῷ
251 355 339 389 thyla);
361 353 412 387 τῆς
432 351 630 386 ἀποκαλύψεως
649 351 703 377 τῶν
720 359 823 386 μυστη-

44 403 105 439 ρίων
122 401 192 432 ἰδίως
206 399 245 436 τῷ
261 399 401 434 Πνεύματι
421 397 623 434 προσηκούσης,
641 396 711 424 κατὰ
732 396 762 422 τὸ
778 404 825 430 γε-

43 449 204 485 γραμμένον,
219 448 260 474 ὅτι
280 446 360 480 Ἡμῖν
373 445 573 478 ἀπεκάλυψεν
591 446 607 471 ὁ
622 444 694 476 Θεὸς
709 443 758 470 διὰ
770 442 834 469 τοῦΔ

42 495 218 528 Πνεύματος.
244 491 340 527 Θρόνοι
362 491 390 518 δὲ
412 491 459 517 καὶ
483 490 653 526 κυριότητεῖν
673 490 720 516 καὶ
741 489 824 524 ἀρχαὶ

43 541 86 568 καὶ
105 539 233 572 ἐξουσίαι,
255 537 314 569 πῶς
335 537 369 563 ἂν
390 536 439 571 τὴν
464 536 601 571 μακαρίαν
702 535 824 570 διεεῆγον

43 586 120 620 ζωὴν,
136 586 160 611 εί
184 584 221 619 μὴ
243 583 287 610 διὰ
308 582 407 614 παντὸς
427 581 541 608 ἔϐλεπον
564 581 594 607 τὸ
611 581 757 617 πρόσωπον
774 581 821 607 τοῦ

44 630 143 666 Πατρος
165 629 211 656 τοῦ
235 630 264 656 ἐν
286 629 428 664 οὐρανοῖς-ς
448 628 484 654 Τὸ
500 627 528 654 δὲ
557 626 667 662 βλέπειν
681 627 733 653 οὐκ
759 627 823 654 ἄνευ

44 677 86 704 τοῦ
103 675 268 711 Πνεῦματος.
293 675 398 710 Ὠσπερ
420 674 474 709 γὰρ
495 674 524 700 ἐν
541 673 630 705 νυκτὶ,
653 673 701 700 ἐὰν
721 673 824 709 ὑφέλῃς

45 725 72 751 τὸ
84 723 138 759 φῶς
154 723 207 750 ἀπὸ
221 723 270 757 τῆς
283 721 380 754 οἰκίας,
390 721 490 755 τυφλαὶ
506 721 555 754 μὲν
568 720 596 747 αἱ
613 719 697 755 ὄψεις,
715 720 826 755 ἁνενέρ-

45 778 117 805 γητοι
132 769 161 795 δὲ
184 767 392 795 καταλείπονται
408 767 435 793 αἱ
462 766 600 801 δυνάμεις,
626 765 823 800 ἀνεπίγνωστοι

47 815 72 842 δὲ
88 815 114 842 αἱ
129 814 214 847 ἀξίαι,
231 813 277 840 καὶ
294 811 393 848 χρυσοῦ
416 811 463 838 καὶ
482 811 592 847 σιδήρου
609 811 710 846 ὁμοίως
724 819 825 837 πατου-

47 861 130 898 μένων
146 859 192 886 διὰ
211 859 261 894 τὴν
275 858 386 891 ἄγνοιαν
395 864 403 872 ”
413 855 510 902 ὀὕτως
527 856 574 883 ἐπὶ
588 856 638 902 τῆς
652 856 751 902 νοητῆς
764 855 824 902 διαέ
839 873 860 902 Β

47 903 213 937 κοσμήσεως,
231 901 372 936 ἀμήχανον
392 900 442 937 τὴν
456 900 586 936 ἔνθεσμον
599 901 706 936 ἐκείνην
722 900 828 937 διαμεῖ-

45 956 85 975 ναι
92 948 164 984 ζωὴν
173 948 236 975 ἀνευ
246 947 293 974 τοῦ
303 946 460 982 Πνεύματος
467 955 474 962 ·
490 947 520 973 οὐ
534 946 632 982 μᾶλλόν
645 946 700 982 γεῆ
718 955 827 982 στρατο-

45 995 118 1021 πέδου
131 995 181 1030 τὴν
191 994 328 1027 εὐταξίαν,
339 993 385 1020 τοῦ
397 992 544 1028 ταξιάρχου
557 993 595 1028 μὴ
680 993 827 1028 παρόντος“

45 1040 60 1075 ῆ
74 1040 152 1075 χοροῦ
169 1039 218 1075 τὴν
233 1038 401 1074 συμφωνίαν,
415 1039 462 1065 τοῦ
477 1037 626 1074 κορυφαίου
643 1036 681 1073 μὴ
696 1036 829 1072 συναρμό-

45 1085 140 1118 ζοντος.
164 1085 228 1117 Πῶς
247 1084 304 1121 [ἂν]
321 1085 385 1120 εἴπῃ
403 1083 438 1111 τὰ
459 1084 590 1120 σεραφὶμ,
608 1083 719 1118 Ἄγιος,
735 1082 828 1117 ἅγιος,

45 1133 130 1168 ἅγιος,
148 1133 188 1168 μὴ
197 1132 354 1167 διδαχθέντα
369 1131 444 1167 παρὰ
463 1130 511 1157 τοῦ
527 1130 699 1165 Πνεύματος,
714 1128 829 1159 ποσάκις

45 1179 114 1205 ἐστὶν
133 1178 244 1209 εὐσεϐὲς
273 1177 321 1212 τὴν
346 1176 498 1210 δοξολογίαν
526 1175 628 1210 ταύτην
657 1174 828 1208 ἀναφωνεϊν;

45 1224 103 1250 Εἴτε
113 1222 161 1250 οὖν
178 1222 281 1249 αἱνοῦσι
295 1222 341 1248 τὸν
357 1222 423 1248 Θεὸν
438 1221 538 1252 πάντες
552 1221 577 1247 οι
599 1219 709 1254 ἄγγελοι
732 1218 826 1250 αὐτοῦ,

45 1269 88 1295 καὶ
103 1267 224 1295 αἰνοῦσιν
242 1266 323 1293 αὐτὸν
335 1266 420 1293 πᾶσαι
433 1266 460 1292 αι
476 1266 604 1301 δυνάμεις
615 1263 698 1291 αὑτοῦ
707 1283 715 1297 ,
725 1263 770 1290 διὰ⁸
781 1263 830 1298 τῆς

44 1314 87 1341 τοῦ
105 1313 263 1348 Πνεύματος
286 1312 446 1348 συνεργείας
465 1319 471 1327 ·
561 1311 616 1337 εἴτε
640 1310 829 1345 παρεστήκασι

44 1360 123 1395 χίλιαι
138 1358 258 1395 χιλιάδες
274 1357 408 1391 ἀγγέλων,
425 1357 472 1384 καὶ
497 1356 593 1395 μύριαι
617 1355 747 1392 μυριάδες
769 1354 828 1381 λει-

44 1404 228 1440 τουργούντων
248 1418 258 1432 ι
339 1403 369 1429 ἐν
383 1404 417 1438 τῇ
432 1402 544 1437 δυνάμει
561 1401 608 1427 τοῦ
627 1399 784 1435 Πνεύματος
799 1398 830 1424 τὸ

45 1451 138 1476 οἰκεῖον
162 1450 242 1485 ἔργον
265 1449 388 1485 ἀμώμως
411 1446 575 1474 ἐπιτελοῦσι.
606 1446 700 1473 Πᾶσαν
717 1442 763 1471 οὖν
778 1443 829 1478 τὴν

46 1496 236 1532 ὑπερουράνιον
256 1495 363 1529 ἐκείνην
386 1493 433 1520 καὶ
445 1492 564 1528 ἄρρητον
583 1490 726 1526 ἁρμονίαν,
749 1488 777 1515 ἐν
798 1495 828 1514 τε

873 261 1006 288 donorum
1024 260 1142 295 Spiritus
1161 260 1196 287 sil
1211 261 1367 295 prophetia.
1385 261 1473 290 Porro
1493 264 1539 298 qui
1558 269 1664 300 mystc-

875 307 918 333 ria
934 306 1049 333 visionis
1065 306 1126 333 viro
1152 306 1352 334 desideriorum
1365 307 1460 342 jussus
1483 314 1541 337 erat
1556 319 1663 338 annun-

874 353 943 380 tiare
965 355 988 386 ι,
1018 352 1090 380 unde
1107 357 1206 380 nactus
1228 357 1288 380 erat
1311 354 1491 389 sapientiam,
1520 361 1550 382 ut
1571 363 1664 392 posset

873 398 972 426 docere
997 405 1108 431 arcana,
1130 398 1182 425 nisi
1213 406 1261 433 per
1289 398 1421 434 Spiritum
1521 403 1667 429 sanetum?

874 452 936 471 cum
955 445 1103 479 patefactio
1125 446 1320 480 mysteriorum
1336 447 1512 481 peculiariter
1526 449 1559 475 ad
1577 448 1664 484 Spiri-

876 496 933 518 tum
959 494 1084 518 sanctum
1110 491 1255 525 pertineat,
1281 492 1359 526 juxta
1387 492 1413 519 id
1435 493 1509 528 quod
1530 495 1662 530 scriptum

874 541 916 566 est
934 546 940 563 :
957 537 1041 564 Nobis
1058 538 1183 565 reserauit
1203 538 1273 566 Deus
1292 547 1339 573 per
1354 539 1483 574 Spiritum
1511 542 1529 569 ’.
1558 541 1663 570 Throni

875 592 940 612 vero
955 588 982 611 et
1014 583 1231 618 dominationes,
1257 586 1425 621 principatus
1456 591 1482 614 et
1503 592 1664 622 potestates,

876 629 1014 664 quomodo
1038 631 1143 657 beatam
1172 630 1350 659 traducerent
1366 633 1462 665 vitam,
1483 634 1536 661 nisi
1554 641 1664 669 semper

876 675 1000 702 viderent
1014 675 1118 703 vultum
1135 675 1224 704 Patris
1239 677 1284 711 qui
1309 677 1337 704 in
1352 678 1429 706 caelis
1444 683 1486 706 est
1503 677 1514 693 ³
1526 679 1537 706 ?
1548 682 1582 706 At
1594 681 1664 708 visio

876 728 929 748 non
952 725 994 748 est
1019 722 1121 756 absque
1143 721 1258 757 Spiritu.
1284 722 1519 756 Quemadmodum
1547 726 1619 753 enim
1640 727 1664 754 si

874 766 902 793 in
920 773 999 794 nocte
1018 767 1097 795 tollas
1114 769 1253 795 lucernam
1273 777 1288 796 e
1306 769 1396 802 domo,
1413 771 1478 797 caeci
1493 775 1557 798 sunt
1580 772 1663 805 oculi,

873 812 1016 840 facultates
1043 813 1235 848 relinquuntur
1270 814 1390 847 inertes,
1423 823 1474 843 nec
1507 817 1664 851 agnoscitur

873 865 966 885 rerum
999 858 1137 894 dignitas,
1171 860 1219 887 sed
1259 868 1307 895 per
1346 861 1529 896 ignorantiam
1565 870 1664 891 aurum

876 899 988 935 perinde
1009 907 1041 927 ac
1068 901 1170 928 ferrum
1198 903 1376 929 conculcatur
1395 910 1401 928 :
1429 905 1468 931 sic
1486 905 1513 930 in
1527 905 1663 939 spirituali

874 946 988 979 ordine,
1016 946 1186 982 impossibile
1211 952 1253 976 est
1274 948 1346 983 piam
1371 949 1444 976 illam
1473 957 1505 976 ac
1535 954 1658 977 sam-tam

874 993 958 1020 vitam
984 999 1144 1027 permanere
1161 993 1229 1020 citra
1252 993 1384 1028 Spiritum
1404 1001 1412 1020 :
1433 994 1517 1022 nihilo
1537 994 1660 1030 proiecto

875 1037 962 1073 magis
989 1045 1072 1072 quam
1102 1039 1239 1066 exercitus
1269 1038 1295 1065 in
1324 1043 1398 1066 recto
1429 1040 1525 1067 ordine
1550 1047 1660 1068 manere

874 1087 962 1119 pmest
989 1085 1102 1112 absente
1115 1084 1195 1117 duce,
1221 1089 1267 1112 aut
1295 1085 1396 1112 chorus
1419 1086 1446 1113 in
1464 1086 1658 1117 consonantia,

875 1129 925 1157 nisi
957 1129 1034 1156 chori
1064 1129 1210 1164 praefectus
1227 1134 1359 1165 temperet
1388 1130 1570 1158 harmoniam.
1606 1131 1659 1164 Qui

875 1179 986 1209 possent
1019 1174 1112 1203 dicere
1141 1177 1289 1211 seraphim,
1309 1176 1436 1208 Sanctus,
1462 1182 1579 1210 sanctus,
1596 1186 1660 1204 san-

873 1224 974 1254 ειιιει,
1004 1221 1058 1248 nisi
1089 1221 1161 1248 docti
1188 1229 1237 1256 per
1271 1221 1420 1256 Spiritum,
1449 1222 1557 1257 quoties
1586 1223 1659 1257 pium

873 1265 955 1292 fuerit
987 1266 1069 1300 hujus
1097 1267 1303 1302 gloriﬁcationis
1334 1269 1417 1295 verba
1446 1269 1568 1296 canere?
1597 1268 1660 1296 Sive

873 1310 956 1344 igitur
974 1310 1088 1338 laudant
1109 1311 1191 1338 Deum
1216 1319 1312 1339 omnes
1332 1312 1419 1346 angeli
1443 1313 1502 1347 ejus
1517 1321 1548 1340 ac
1563 1321 1660 1341 omnrs

873 1354 986 1382 virtutes
1002 1355 1076 1390 ejus,
1097 1355 1127 1382 ﬁt
1149 1355 1266 1390 Spiritus
1290 1364 1350 1391 ope.
1376 1356 1438 1384 Sive
1455 1361 1544 1385 astant
1561 1358 1659 1385 millies

874 1399 947 1426 mille
966 1400 1067 1433 angeli,
1092 1407 1124 1427 ac
1147 1401 1252 1428 centies
1274 1404 1383 1427 centum
1403 1401 1485 1428 millia
1503 1402 1660 1429 ministran-

873 1444 965 1476 tium,
993 1444 1111 1472 oiliciutn
1142 1453 1221 1473 suum
1255 1445 1324 1473 citra
1358 1446 1596 1481 reprehensionem
1632 1446 1659 1473 in

872 1489 972 1517 virtute
988 1488 1106 1524 Spiritus
1124 1490 1279 1525 perﬁciunt.
1302 1490 1395 1525 itaque
1420 1495 1475 1518 tota
1497 1491 1542 1517 illa
1562 1498 1659 1525 super-

45 1541 75 1575 τῇ
94 1539 249 1576 λειτουργίᾳ
267 1539 334 1567 Θεοῦ
353 1538 401 1566 καὶ
413 1539 445 1573 τῇ
463 1537 530 1573 πρὸς
547 1536 665 1570 ἀλλήλας
680 1534 733 1561 τῶν
746 1534 824 1568 ὑπερ-

874 1536 994 1564 cmlcstis
1024 1540 1051 1564 et
1075 1536 1221 1564 ineﬂ'abilis
1244 1537 1405 1569 harmonia,
1434 1541 1491 1564 tum
1526 1537 1553 1563 in
1585 1537 1660 1563 cultu

42 1586 158 1620 κοσμίων
178 1586 316 1620 δυνάμεων
333 1583 487 1619 συμφωνίᾳ,
510 1581 640 1608 ἀδύνατον
662 1579 831 1615 φυλαχθῆναι

45 1630 89 1666 [εἰ]
99 1631 134 1666 μὴ
143 1633 177 1666 τῇ
188 1630 333 1666 ἐπιστασίᾳ
345 1629 392 1656 τοῦ
405 1627 572 1663 Πνεύματος.
589 1625 667 1652 Οὕτω
682 1626 729 1660 μὲν
741 1622 787 1651 οὖν
801 1624 830 1650 ἐν

43 1675 205 1711 δημιουργίᾳ
219 1675 335 1710 πάρεστι
351 1673 381 1700 τὸ
398 1673 509 1707 Πνεῦμα
526 1672 556 1698 τὸ
572 1672 648 1705 ἅγιον
660 1671 715 1701 τοῖς
727 1670 778 1696 οὐκ
798 1668 830 1695 ὲκ

44 1719 185 1753 προκοπῆς
201 1717 409 1753 τελειουμένοις,
423 1717 480 1744 ἀλλ’
494 1717 540 1743 ἀπ’
553 1715 637 1750 αὐτῆς
652 1715 701 1750 τῆς
716 1713 830 1744 κτίσεως

44 1763 121 1795 εὐθὺς
134 1764 258 1796 τελείοις,
270 1765 309 1795 εις
321 1764 366 1790 τὸν
381 1762 553 1798 ἀπαρτισμὸν
571 1761 618 1788 καὶ
633 1760 830 1795 συμπλήρωσιν

42 1808 88 1843 τῆς
117 1809 293 1841 ὑποστάσεως
318 1808 408 1835 αὐτῶν
438 1808 488 1842 τὴν
521 1807 587 1842 παρ’
619 1804 716 1832 ἑαυτοῦ
751 1804 830 1839 χάριν

43 1854 292 1890 συνεισφερόμενον.

136 1900 193 1931 Τὰς
212 1899 240 1925 δὲ
264 1898 328 1934 περὶ
348 1897 395 1924 τὸν
423 1895 566 1932 ἄνθρωπον
591 1893 760 1929 οἰκονομίας,
780 1891 830 1924 τὰς

44 1944 95 1971 ὑπὸ
117 1944 165 1971 τοῦ
184 1944 302 1980 μεγάλου
327 1942 394 1969 Θεοῦ
417 1942 464 1968 καὶ
488 1941 614 1976 Σωτῆρος
639 1938 718 1974 ήμῶν
742 1935 830 1972 Ἰησοῦ

44 1990 162 2027 Χριστοῦ
172 1990 243 2017 κατά
251 1991 298 2025 τὴν
307 1989 462 2024 ἀγαθόνιητα
475 1987 522 2014 τοῦ
530 1985 597 2013 Θεοῦ
671 1984 830 2020 γενομένας,

47 2036 86 2068 τίς
100 2037 210 2072 ἀντερεῖ
226 2036 262 2071 μὴ
275 2035 335 2070 οὐχὶ
354 2035 398 2062 διὰ
414 2034 463 2069 τῆς
480 2033 527 2060 τοῦ
548 2031 705 2068 Πνεύματος
720 2030 831 2066 χάριτος

43 2079 262 2116 πεπληροῦσθαι;
276 2080 337 2106 Εἴτε
357 2078 446 2113 βούλει
465 2078 499 2104 τὰ
515 2076 619 2103 παλαιὰ
638 2077 765 2102 σκοπεῖν’
782 2074 831 2106 τὰς

43 2126 96 2153 τῶν
118 2125 299 2161 πατριαρχῶν
323 2123 456 2157 εὐλογίας,
478 2123 527 2158 τὴν
547 2122 579 2148 ὲκ
598 2121 646 2156 τῆς
672 2119 831 2156 νομοθεσίας

42 2171 184 2207 δεδομένην
202 2171 339 2206 βοήθειαν,
362 2170 424 2201 τοὺς
446 2168 558 2199 τύπους,
580 2166 630 2198 τὰς
650 2165 830 2202 προφητείας,

42 2219 74 2245 τὰ
87 2220 116 2245 ὲν
131 2218 259 2253 πολέμοις
276 2217 520 2253 ἀνδραγαθήματα,
536 2215 572 2242 τὰ
592 2215 636 2241 διὰ
649 2214 703 2241 τῶν
719 2212 830 2240 δικαίων
840 2211 860 2238 ι)

43 2266 156 2300 σημεῖα·
184 2263 240 2290 εἴτε
266 2263 301 2290 τὰ
324 2263 387 2298 περὶ
414 2262 463 2297 τὴν
491 2260 624 2297 ἐνσαρκον
651 2258 699 2286 τοῦ
725 2258 829 2294 Κυρίου

39 2310 188 2345 παρουσίαν
201 2307 430 2344 οίκονομηθένταο
446 2306 490 2333 διὰ
501 2305 548 2333 τοῦ
565 2305 735 2340 Πνεύματος.
751 2303 830 2340 Πρῶ-

38 2362 81 2381 τον
106 2354 156 2389 μὲν
181 2354 234 2389 γὰρ
261 2353 330 2389 αὐτῇ
358 2354 392 2388 τῇ
415 2351 498 2387 σαρκὶ
526 2350 574 2378 τοῦ
601 2350 705 2386 Κυρίου
737 2349 829 2384 συνῆν,

40 2400 144 2435 χρίσμα
166 2399 321 2435 γενόμενον,
347 2399 394 2425 καὶ
419 2397 579 2434 ἁχωρίστως
601 2395 688 2432 παρὸν
711 2394 781 2422 κατὰ
800 2394 831 2421 τδ

39 2445 240 2481 γεγραμμένον·
256 2446 315 2480 Ἐφ’
328 2445 364 2472 ὃν
377 2445 415 2472 ἂν
432 2444 499 2479 ιδῃς
513 2443 546 2471 τὸ
559 2442 678 2477 Πνεῦμα
694 2438 832 2468 καταϐαῖ-

38 2499 102 2523 νον,
130 2491 179 2518 καί
199 2492 294 2527 μένον
312 2492 358 2518 ἐπ’
384 2491 488 2523 αὐτὸν,
512 2487 601 2522 οὗτός
625 2489 710 2515 ἐστιν
726 2489 742 2514 d
765 2488 831 2520 Υἱός

36 2539 119 2570 μουό
135 2537 289 2572 ἀγαπητός
301 2546 307 2553 ·
327 2538 384 2570 καὶ,
409 2537 531 2571 Ἰησοῦν
548 2536 602 2563 τὸν
618 2534 677 2562 ἀπὸ
688 2533 829 2568 Ναζαρὲτ,

39 2582 74 2608 ὃν
87 2582 209 2617 ἔχρισεν
220 2585 236 2610 ό
252 2583 324 2616 Θεὸς
339 2583 379 2616 τῷ
396 2583 546 2618 Πνεύματι
561 2581 600 2615 τῷ
614 2582 697 2616 ἁγιῳ.
717 2581 831 2607 Ἔπειτα

39 2628 113 2654 πᾶσα
137 2628 261 2664 ἐνέργεια
286 2629 476 2665 συμπαρόντος
493 2627 541 2655 τοῦ
566 2627 725 2663 Πνεύματος
748 2628 830 2663 ὲνηρυ

37 2675 122 2707 γεῖτο,
147 2675 232 2702 Τοῦτο
263 2676 309 2702 καὶ
339 2676 390 2703 ὑπὸ
417 2676 463 2703 τοῦ
490 2675 614 2702 διαϐόλου
641 2675 829 2710 πειραζομένῳ

38 2719 139 2754 παρῆν.
163 2721 292 2755 Ἀνήχθη
313 2721 377 2758 γὰρ,
402 2722 495 2757 φησὶν,
512 2723 529 2749 ό
563 2721 677 2756 Ἰησοῦς
695 2721 754 2749 ὑπὸ
775 2722 828 2749 τοῦ

38 2765 211 2798 Πνεύματος
246 2768 291 2800 εις
316 2767 374 2800 τὴν
396 2766 508 2801 ἔρημον
539 2766 592 2793 τοῦ
621 2766 828 2800 πειρασθῆναι.

872 1579 939 1612 Dei,
968 1584 1025 1607 tum
1065 1581 1092 1608 in
1121 1581 1394 1609 ultramundanarum
1429 1582 1560 1608 virtutum
1588 1581 1660 1609 inter

872 1625 945 1660 ipsas
957 1626 1138 1653 consonantia
1160 1633 1332 1661 nequaquam
1355 1626 1459 1654 servari
1478 1630 1585 1660 posset,
1603 1625 1658 1652 nisi

872 1675 1001 1706 praeesset
1025 1671 1154 1706 Spiritus.
1171 1671 1218 1700 Sic
1239 1672 1322 1707 igitur
1337 1671 1365 1699 in
1380 1672 1520 1699 creatione
1535 1672 1579 1702 iis,
1601 1679 1662 1706 quae

873 1724 926 1743 non
966 1716 1134 1751 proﬁciendo
1177 1717 1341 1752 perveniunt
1376 1716 1409 1743 ad
1443 1715 1660 1751 perfectionem,

873 1761 921 1789 sed
933 1762 967 1789 ab
983 1763 1041 1797 ipsa
1059 1763 1183 1797 protinus
1195 1763 1334 1789 creatione
1345 1761 1465 1797 perfecta
1479 1765 1544 1789 sunt
1557 1781 1564 1793 ,
1584 1761 1662 1788 adest

874 1806 993 1842 Spiritus
1004 1813 1131 1840 sanctus;
1151 1807 1179 1834 in
1188 1809 1250 1840 hoc,
1269 1811 1298 1835 ut
1311 1807 1466 1843 perﬁciatur
1481 1806 1661 1841 compleatur-

871 1860 925 1888 que
949 1853 1056 1880 illorum
1085 1853 1257 1885 substantia,
1281 1852 1394 1887 gratiam
1407 1859 1484 1879 suam
1503 1850 1659 1879 conferens.

985 1896 1119 1925 Caeterum
1154 1896 1373 1932 dispensationcs
1410 1896 1485 1923 circa
1523 1896 1661 1922 hominem

873 1952 932 1979 qua
956 1943 1035 1971 facta;
1060 1947 1125 1970 sunt
1144 1950 1159 1970 a
1183 1950 1282 1978 magno
1306 1942 1371 1975 Deo,
1392 1945 1420 1970 et
1448 1941 1591 1969 Servatore
1608 1948 1660 1968 no-

873 1993 931 2016 stro
944 1988 1009 2016 Jesu
1025 1988 1135 2016 Christo
1157 1989 1235 2022 juxta
1261 1988 1410 2016 bonitatem
1431 1987 1502 2020 Dei,
1529 1987 1592 2022 quis
1612 1995 1662 2014 ne-

872 2035 947 2070 gabit
970 2042 1018 2070 per
1043 2034 1161 2069 Spiritus
1186 2034 1299 2070 gratiam
1318 2041 1379 2061 esse
1390 2033 1573 2068 adimpletas?
1599 2032 1662 2061 Sive

877 2081 946 2108 velis
970 2080 1060 2116 prisca
1085 2085 1220 2115 spectare,
1249 2079 1466 2114 patriarcharum
1491 2078 1661 2105 benedictio-

873 2134 938 2158 ncs,
961 2125 1092 2152 auxilium
1119 2132 1167 2159 per
1184 2125 1270 2160 legem
1293 2124 1397 2156 datum,
1416 2124 1525 2159 ﬁguras,
1543 2125 1660 2160 prophe~

873 2173 937 2205 tias,
953 2171 1059 2198 fortiter
1080 2171 1108 2198 in
1130 2170 1209 2198 bellis
1223 2175 1310 2205 gesta,
1340 2170 1472 2197 miracula
1489 2178 1537 2205 per
1551 2174 1661 2198 sanctos

873 2217 945 2246 edita
962 2224 969 2242 :
986 2216 1044 2244 sive
1059 2222 1119 2250 qua:
1141 2216 1214 2242 circa
1238 2214 1345 2242 Domini
1361 2215 1387 2242 in
1407 2222 1490 2242 carne
1513 2214 1661 2242 adventum

872 2264 1026 2299 dispensata
1048 2266 1113 2289 sunt
1129 2270 1135 2288 :
1152 2268 1200 2297 per
1215 2260 1348 2296 Spiritum
1371 2264 1447 2296 gesta
1463 2265 1538 2289 sunt.
1567 2260 1660 2288 Primo

872 2310 944 2338 enim
966 2308 1054 2336 adluit
1079 2307 1131 2343 ipsi
1157 2307 1235 2334 carni
1265 2306 1384 2339 Domini,
1408 2307 1472 2334 dum
1498 2306 1586 2334 factus
1608 2314 1659 2334 un-

872 2356 938 2389 ctio,
969 2359 998 2382 et
1027 2353 1249 2389 inseparabiliter
1269 2353 1454 2388 conjunetus.
1483 2353 1556 2381 sicut
1587 2354 1658 2381 scri-

873 2406 948 2437 ptum
966 2405 1008 2428 est
1024 2408 1030 2426 :
1049 2399 1133 2434 Super
1150 2407 1228 2435 quem
1242 2398 1338 2426 videris
1358 2399 1489 2433 Spiritum
1503 2399 1659 2426 descenden-

874 2452 935 2479 tem,
953 2451 978 2474 et
1002 2450 1152 2473 manentem
1180 2453 1259 2480 super
1272 2453 1343 2477 eum,
1360 2445 1402 2472 hic
1427 2450 1467 2472 est
1481 2444 1569 2472 Filius
1586 2453 1657 2472 meus

872 2492 984 2520 dilectus
1007 2496 1039 2523 ';
1066 2495 1112 2525 et,
1138 2490 1231 2518 Iesum
1258 2499 1275 2518 α
1302 2490 1451 2524 Nazarelh,
1479 2498 1554 2525 quem
1581 2490 1658 2517 unxit

873 2538 943 2566 Deus
970 2538 1072 2573 Spiritu
1084 2542 1176 2565 sancto
1190 2538 1202 2554 ‘
1216 2557 1224 2565 .
1247 2537 1379 2572 Deinceps
1402 2537 1492 2565 omnis
1506 2537 1577 2563 actio
1591 2544 1658 2570 pne-

872 2589 953 2614 sente
983 2583 1086 2619 Spiritu
1120 2584 1310 2620 peragebatur.
1338 2583 1387 2610 Hic
1416 2590 1537 2618 praesens
1564 2582 1657 2609 aderat

872 2637 936 2658 eum
964 2633 992 2657 et
1011 2636 1026 2656 a
1051 2628 1160 2656 diabolo
1179 2632 1341 2656 tentaretur.
1363 2627 1497 2654 Deductus
1517 2631 1556 2653 est
1571 2627 1657 2657 enim,

873 2676 976 2712 inquit,
1002 2674 1081 2702 Iesus
1101 2683 1117 2702 α
1142 2674 1244 2710 Spiritu
1270 2675 1298 2701 in
1318 2674 1449 2701 desertum
1465 2692 1473 2705 ,
1493 2677 1522 2699 ut
1543 2676 1658 2698 tentare<

874 2727 917 2749 tur
935 2724 955 2749 ⁷.
976 2720 1044 2748 Tum
1067 2720 1157 2748 edenti
1188 2720 1319 2747 miracula
1340 2720 1474 2746 indivulse
1494 2718 1600 2745 aderat.
1626 2716 1658 2743 Si

872 2769 942 2795 enim
960 2775 1017 2802 ego,
1036 2766 1137 2802 inquit,
1158 2766 1184 2793 in
1205 2765 1307 2799 Spiritu
1323 2764 1372 2792 Dei
1393 2765 1468 2800 ejicio
1488 2763 1620 2790 (immania
1633 2761 1655 2790 '.

72 2855 97 2890 ξ,
115 2854 181 2882 Dan.
209 2864 237 2890 x,
255 2855 300 2884 to.
338 2855 349 2872 ³
369 2856 380 2884 l
400 2853 465 2883 Cor.
486 2863 516 2888 ιι,
538 2856 583 2884 t0.
622 2855 633 2872 ⁸
661 2855 758 2884 Mullh.
778 2861 854 2889 xvni,
872 2853 916 2882 t0.
953 2853 966 2871 δ
989 2851 1041 2883 lsa.
1058 2860 1096 2888 vt,
1112 2853 1144 2882 3.
1189 2853 1200 2870 '
1217 2853 1295 2883 Joan.
1313 2859 1333 2887 ι,
1358 2851 1405 2881 '55.
1442 2851 1454 2870 ⁸
1482 2850 1544 2880 Act.
1559 2860 1588 2886 x,
1619 2853 1653 2882 33

37 2890 47 2907 ⁷
74 2889 170 2918 Matth.
185 2889 266 2926 “,1.
306 2892 316 2909 '
343 2890 439 2920 Matth.
456 2899 507 2926 xu,
524 2892 561 2919 ‘28
