1891 3076
15 127 54 159 ΞΟ

487 131 675 163 PANOPLlA
696 133 923 166 DOGMA'l‘lCA.
942 148 975 154 -
994 136 1068 167 ΤιΤ.
1088 137 1159 168 ΧΗ.

1582 146 1635 178 ΤΟ

15 187 140 223 βιούσης,
156 187 301 215 δτιὍταν
326 189 400 224 ἔλθῃ
423 190 441 216 ὁ
456 191 663 225 Raptim/tntae,
684 191 779 220 ἐκεῖνο

834 195 906 229 ὑμᾶς
927 195 1097 230 ἀναμνήσει
1118 196 1168 223 καὶ
1188 197 1331 234 όᾶιηυήσει
1355 201 1431 235 πρὸς
1448 200 1552 230 πᾶσαν
1578 202 1635 237 τὴν

17 237 35 261 .1
42 234 166 269 ήθειαν,
177 235 227 271 τὴν
237 236 408 271 ὁδηγῖαν,ὼς
423 238 576 274 ἐδιδάχθης,
590 239 656 266 νόει·
672 240 710 276 μὴ
721 242 883 276 συκοφάντει
899 242 950 277 τὴν
976 243 1090 270 ἔννοιαν.

38 282 130 310 Ἀλλὰ
167 283 221 310 Kal
242 285 435 320 ἐντυγχάνει.
469 287 563 321 φησὶν,
587 287 665 321 ὑπὲρ
696 288 779 322 ἡμῶν

834 311 836 315 ,
880 289 925 321 At,
957 291 1084 326 inquies,
1121 292 1212 320 Etiam
1243 293 1391 328 interpellat
1417 304 1465 330 pro
1498 297 1571 323 nobis
1605 298 1635 328 ’ς

15 333 83 358 ὶστε
94 333 160 359 ὅσον
173 333 266 368 ἱκέτης
276 333 322 360 τοῦ
336 334 477 370 εὐεργέτου
490 334 622 366 λείπεται,
632 337 758 363 τοσοῦτον
766 336 797 363 τὸ

15 378 119 413 νεῦμα
140 379 212 406 κατὰ
228 379 277 415 τὴν
299 379 377 413 ἀξίαν
398 381 581 408 ἀποπέπτωκε
598 382 645 409 τοῦ
663 382 740 409 Θεοῦ.
758 383 795 410 Σὺ

35 423 121 450 οὔπω
141 425 262 459 ἤκουσας
282 426 346 461 περὶ
362 426 408 453 τοῦ
429 427 607 460 Μονογενοῡς,
623 429 663 455 ὅτι
678 429 751 455 ἐστὶν
766 430 797 456 ἐν

23 469 77 504 ξιᾷ
96 470 144 496 τοῦ
163 471 242 503 Θεοῦ,
259 472 306 498 καὶ
322 472 479 508 ἐντυγχάνει
493 474 562 509 ὑπὲρ
574 474 669 509 ἡμῶν;
687 475 731 510 Μὴ
747 474 795 502 οὖν

15 525 33 541 ἰ
59 516 91 541 τὸ
105 516 220 552 Πνεῦμα
232 518 260 544 ὲν
273 519 313 544 σοὶ
327 518 417 553 (εἴπερ
432 518 463 554 δὴ
478 519 545 551 ὅλως
559 521 587 546 ὲν
601 520 662 555 σοὶ),
678 521 739 556 μηδ’
751 522 793 548 ὅτι

15 561 250 594 ποτ-..φλωθὲντας
275 563 348 598 ἡμᾶς
374 564 442 599 πρὸς
460 564 510 600 τὴν
527 565 642 602 ἐκλογὴν
657 566 704 593 τοῦ
722 575 791 602 συμ-

15 607 133 641 ροντος
157 608 293 641 διδάσκει,
315 609 363 636 καὶ
386 610 494 646 ὁδηγεῖ,
508 611 602 638 τούτου
627 613 717 640 ἕνεκεν
742 614 792 649 τὴν

15 652 100 687 ιτεϐἦ
124 654 172 679 καὶ
187 654 266 680 ὁσίαν
288 656 351 690 περὶ
365 656 447 682 αὐτοῦ
471 656 549 689 δόξαν
637 658 790 695 ζημιωθῇς.

16 698 163 734 ⁴περεολὴ
178 699 232 735 γὰρ
253 700 448 738 ἀγνωμοσύνης
467 703 545 729 τοῦτό
559 711 602 737 γε,
622 705 672 739 τὴν
694 705 789 739 φιλαν-

15 743 125 768 ιωπίαν
144 743 190 770 τοῦ
213 744 356 780 εὐεργέτου
375 747 500 782 ἀφορμὴν
520 748 680 783 ἀχαριστίας
703 751 789 776 ποιεῖν

15 790 72 815 βαι.
95 789 141 824 Μὴ
160 787 206 816 οὖν
227 790 336 817 λυπεῖτε
359 792 389 818 τὸ
404 793 516 828 Πνεῦμα
534 793 565 819 τὸ
586 793 671 827 ἅγιον,
694 795 789 822 ’Δκού-

15 842 61 859 at:
87 834 114 860 τί
131 844 213 870 φησιν
242 837 258 871 ἡ
277 837 386 872 ἀπαρχὴ
403 838 456 864 τῶν
481 839 627 874 μαρτύρων
642 840 785 874 Στέφανος,

43 879 196 912 δυσπειθὲς
219 881 267 908 καὶ
289 882 473 910 ἀνυπότακτον
499 884 538 918 τῷ
566 884 623 920 λαῷ
640 886 785 918 ὀνειδίζων.

15 926 111 959 “psic,
134 928 231 961 φησιν,
251 928 297 954 ἀεὶ
324 927 363 961 τῷ
378 930 525 963 Πνεύματι
548 931 588 963 τῷ
613 932 686 966 ἁγίῳ
705 933 785 960 ἀντι-

15 972 129 998 intrate.
163 973 218 1000 Καὶ
243 973 323 1000 πάλιν
345 975 359 1000 ὁ
386 975 518 1007 Ἡσαΐας·
545 976 728 1010 Παρώξυναν
750 979 784 1005 τὸ

15 1016 116 1051 ιἐὗμα
129 1016 161 1043 τὸ
173 1017 267 1051 ἅγιον,
280 1019 329 1044 καὶ
342 1018 475 1053 ἐστράφη
489 1020 592 1053 αὐτοῖς
600 1022 644 1054 εις
654 1023 780 1056 ἔχθραν·

15 1063 33 1088 L‘t
62 1063 194 1098 ἑτέρωθι·
215 1065 246 1090 '0
260 1062 341 1097 οἶκος
355 1064 408 1091 τοῦ
426 1066 530 1092 Ἰακὼὸ
617 1068 782 1102 παρὼργισε

35 1108 164 1142 Πνεῦμα
178 1110 288 1141 Κυρίου
299 1117 305 1124 ’
322 1111 346 1135 εί
363 1109 400 1145 μὴ
415 1110 619 1146 ὲξουσιαστικῆς
640 1111 780 1147 δυνάμεως

15 1154 187 1187 νραστατικᾶι
211 1154 245 1180 τὰ
270 1154 400 1187 τοιαῦτα;
415 1156 453 1191 Τῇ
484 1156 538 1183 τῶν
564 1157 780 1191 ἐντυγχανόντων

21 1199 80 1225 ias:
96 1198 229 1233 παρίημι.

318 1247 432 1281 Κρριὶλ.
449 1247 486 1275 κ’.

16 1290 95 1317 Οὔτε
125 1289 219 1316 δοῦλόν
242 1299 337 1326 φησιν,
366 1291 427 1318 οὕτε
448 1292 596 1329 δεσπότην,
623 1295 682 1322 ἀλλ’
701 1295 777 1322 ἐλεύ-

17 1346 79 1371 ρον.
112 1337 146 1362 ’Ὠ
159 1338 207 1371 τῆς
235 1337 325 1372 δεινῆς
352 1338 531 1374 ἀναλγησίας,
556 1341 580 1367 ὣ
596 1342 644 1376 τῆς
657 1343 776 1379 ἐλεεινῆς

15 1383 108 1413 ruﬁs;
141 1382 195 1408 τῶν
216 1383 302 1409 ταῦτα
333 1383 484 1418 λεγόντωνί
514 1387 548 1413 ΤΞ
576 1388 657 1415 πλέον
689 1391 779 1418 αὐτῶν

15 1429 133 1462 ύρωμαι
144 1436 152 1460 ;
165 1428 195 1453 τὸ
210 1428 327 1462 ἀμαθὲς,
338 1429 371 1465 ,ἢ
397 1431 428 1457 τὺ
456 1430 636 1467 βλὰσφημον;
660 1434 686 1460 οἳ
698 1443 730 1467 γε
746 1435 778 1461 τὰ

21 1483 33 1503 ς
75 1474 223 1507 θεολογίας
261 1475 386 1509 δόγματα
423 1477 605 1512 ἀνθρωπίνοις
648 1482 778 1516 παραδει-

15 1527 77 1544 tan
94 1519 306 1554 καθυϐρίζουσι,
323 1522 371 1548 καὶ
384 1522 434 1557 τὴν
456 1520 507 1550 ὦδε
524 1525 680 1561 συνήθειαν,
706 1536 778 1563 παρ-

15 1566 168 1600 ηὶαγμένην
189 1567 305 1601 ἔχουσαν
333 1569 386 1595 τῶν
414 1570 578 1605 ἀξιωμάτων
604 1573 653 1608 τὴν
683 1574 778 1609 διαφο-

15 1620 49 1641 ιν,
67 1613 102 1646 τῇ
124 1612 184 1646 θείᾳ
199 1613 246 1638 καὶ
265 1614 377 1649 ἀρρήτῳ
393 1615 474 1649 φύσει
490 1619 694 1653 προσαρμόζειν
717 1621 779 1647 ἐπι-

21 1657 143 1691 ιροῦπιν-
157 1659 207 1684 οὐκ
227 1660 390 1692 ἐννοοῦντες,
408 1661 448 1687 ὅτι
465 1663 540 1696 παρὰ
556 1664 605 1697 μὲν
624 1665 778 1700 ἀνθρώποις

15 1714 18 1735 ι
35 1704 122 1735 φύσει
139 1701 233 1734 δοῦλος
245 1704 342 1735 οὐδείς.
358 1706 392 1732 "H
407 1706 462 1742 γὰρ
480 1710 777 1744 καταδυναστευοέντες
796 1709 816 1735 (ἶ

15 1749 34 1775 ab
57 1749 145 1783 ζυγὸν
167 1750 289 1782 δουλείας
316 1750 438 1787 ἤχθησαν
460 1769 469 1782 ν
540 1752 577 1784 ὡς
595 1753 623 1778 ὲν
642 1753 780 1788 αἰχμαλω-

15 1803 56 1826 ιις
67 1804 73 1811 ’
89 1795 108 1830 ἢ
123 1795 166 1821 διὰ
177 1795 271 1822 πενίαν
285 1796 534 1832 κατεδουλώθησαν,
547 1797 585 1828 ὼς
597 1798 622 1824 οἱ
634 1797 776 1832 Αἰγύπτιοι

15 1850 21 1866 ›
34 1841 140 1877 Φαραώ
150 1848 157 1855 ·
175 1841 190 1876 ἥ
210 1842 280 1869 κατά
293 1851 352 1868 τινα
369 1843 453 1878 σοφὴν
468 1844 515 1870 καὶ
528 1844 683 1880 ἀπόρρητον
705 1845 776 1871 οἱκοο

15 1887 81 1921 μίαν
98 1887 125 1912 οἱ
140 1887 247 1922 χείρους
267 1887 321 1915 τῶν
340 1888 442 1914 παίδων
465 1890 497 1915 ὲκ
517 1889 567 1924 ’τῆς
582 1889 636 1916 τῶν
650 1889 775 1926 πατέρων

15 1931 76 1966 ovi;
85 1933 145 1962 τοῖς
155 1933 366 1968 φρονιμωτέροις
376 1933 421 1959 καὶ
438 1933 553 1968 βελτίοσι
572 1933 706 1960 δουλεύειν
714 1943 775 1960 κατ-

15 1976 187 2011 ικάοθησαν·
217 1978 251 2012 ἣν
275 1978 334 2004 οὐδὲ
354 1978 520 2013 καταδίκην,
537 1979 593 2005 ἀλλ’
616 1980 774 2015 εὐεργεσίαν

15 2030 55 2047 ποι
69 2030 116 2053 τις
135 2022 169 2048 ἃν
181 2021 283 2054 δίκαιος
296 2023 351 2050 τῶν
373 2024 523 2058 γινομένων
544 2023 699 2060 ἐξεταστὴς.
722 2025 774 2051 Τὸν

15 2075 36 2102 ιρ
51 2067 85 2094 δι’
104 2066 207 2093 ἔνδειαν
225 2067 271 2094 τοῦ
290 2070 397 2104 φρονεῖν
411 2069 461 2095 οὐκ
479 2068 574 2104 ἔχοντα
594 2069 623 2096 ἐν
639 2069 727 2104 ἑαυτῷ
743 2070 773 2096 τὸ

15 2112 54 2139 ιτά
79 2113 165 2147 φύσιν
179 2112 278 2148 ἄρχον,
302 2114 394 2140 τοῦτον
416 2114 510 2150 ἑτέρου
529 2116 621 2150 κτῆμα
645 2117 772 2150 γενέσθαι

15 2158 214 2193 σιτελὲστερον,
231 2158 295 2190 ηῖνα,
325 2158 363 2194 τῷ
387 2158 433 2185 τοῦ
461 2160 623 2195 κρατοῦντος
650 2161 773 2197 λογισμῷ

15 2204 199 2238 ιυθυνόμενος,
216 2204 308 2239 ὅμοιος
359 2205 462 2240 ἅρματι
478 2206 584 2241 ἡνίοχον
601 2207 770 2241 ἀναλαϐόντι,

17 2249 27 2273 ὶ
42 2250 132 2284 πλοίῳ
146 2249 314 2285 κυϐερνήτην
329 2250 416 2285 ἔχοντι
433 2251 478 2277 ἐπὶ
492 2252 591 2278 οἰάκων
606 2253 770 2288 καθήμενον.

15 2295 29 2320 ὰ
44 2295 128 2321 τοῦτο
154 2294 250 2321 Ἰακὼϐ
262 2295 356 2330 κύριος
369 2295 416 2322 τοῦ
437 2295 520 2322 Ἦσαῦ
534 2297 565 2323 ἐκ
582 2297 632 2332 τῆς
647 2297 771 2332 εὐλογίας

15 2340 26 2366 ὖ
44 2340 162 2376 πατρὸς,
177 2341 219 2366 ἳνα
231 2341 279 2366 καὶ
296 2341 333 2376 μὴ
352 2340 509 2376 βουλόμενος
524 2342 599 2377 παρά
617 2343 662 2369 τοῦ
676 2343 770 2380 φρονί-
788 2345 808 2372 D

15 2394 31 2411 ιυ
43 2386 87 2412 eos
94 2385 225 2421 ργετῆται
238 2387 252 2412 ὁ
264 2386 369 2421 ἄφρων,
381 2386 431 2413 οὐκ
442 2386 512 2422 ἔχων
525 2387 571 2414 τὸν
584 2389 681 2415 οἰκεῖον
693 2389 770 2424 κηδε-

15 2439 47 2456 να
63 2431 113 2457 τὸν
129 2430 201 2457 νοῦν.
220 2432 274 2457 Καὶ
289 2431 398 2458 Χαναὰν
414 2433 478 2463 παῖς
494 2433 602 2468 οἰκέτης
694 2434 770 2462 ἔσται

15 2476 36 2506 ῖς
51 2475 189 2509 ἀδελφοῖς,
202 2475 295 2512 ἐπειδὴ
313 2475 452 2508 ἀδίδακτος
464 2474 498 2512 ἦν
512 2477 561 2511 τῆς
569 2478 679 2513 ἀρετῆς,
690 2479 773 2506 ἀσύν-

15 2527 39 2546 ον
54 2520 127 2555 ἔχων
139 2520 184 2547 τὸν
199 2521 293 2547 ἑαυτοῦ
313 2522 418 2557 πατέρα
435 2522 480 2548 τὸν
496 2523 569 2558 Χάμ.
587 2520 649 2550 Ὧδε
663 2525 712 2560 μὲν
724 2523 771 2552 οὖν

15 2574 63 2597 τως
72 2567 99 2593 οἱ
109 2566 206 2592 δοῦλοι·
217 2566 353 2603 ἐλεύθεροι
366 2567 406 2600 δὲ,
415 2568 440 2594 οἱ
454 2568 629 2603 διαφυγόντες
643 2569 737 2596 πενίαν
753 2570 769 2606 ἢ

15 2610 138 2647 λεμον,ἢ
152 2611 201 2647 τῆς
218 2612 319 2648 ἑτέρων
333 2612 492 2648 κηδεμονίας
505 2613 673 2649 ἀπροσδεεῖς.
691 2614 769 2641 Ὥστε

15 2665 31 2681 ιν
41 2657 54 2682 ὁ
63 2658 114 2692 μὲν
127 2656 270 2691 δεσπότης,
284 2659 297 2684 ὁ
304 2657 332 2684 δὲ
340 2659 446 2694 οἰκέτης
453 2659 575 2695 λέγηται,
585 2659 642 2685 ἀλλ’
649 2657 695 2686 οὖν
703 2660 770 2687 πάν-

15 2710 24 2732 ς
38 2703 84 2729 καὶ
103 2702 176 2729 κατὰ
191 2703 240 2738 τὴν
260 2703 328 2738 πρὸς
347 2703 476 2739 ἀλλήλους
493 2705 648 2741 ὁμοτιμίαν,
671 2706 718 2733 καὶ
731 2706 770 2739 ὡς

15 2746 107 2780 ήματα
117 2747 172 2783 (76)
182 2747 229 2774 τοῦ
243 2749 420 2783 πεποιηκότος
435 2750 450 2784 ἠ
456 2750 518 2784 μᾶς,
534 2751 680 2785 ὁμόδουλοι.
698 2752 769 2779 ⁷Εκ;ῖ

16 2804 23 2818 ¹
47 2805 126 2847 lion).
152 2813 210 2847 Viti,
224 2807 269 2836 54.
307 2809 404 2847 '_i_bid.
442 2809 569 2847 ’Ephes.
587 2820 625 2847 ιν,
636 2812 681 2842 5οι
718 2813 730 2830 ⁵
746 2813 808 2844 Act.

17 2846 61 2872 vn,
79 2843 125 2869 37.
164 2842 175 2858 '
189 2842 256 2871 Gen.
268 2850 306 2876 ιι,
318 2844 365 2873 τε».

846 338 959 374 proinde
972 343 1104 373 quantum
1119 340 1143 367 is
1158 340 1203 375 qui
1220 342 1334 376 supplex
1357 347 1400 369 est
1411 363 1419 375 ,
1444 343 1568 372 beneficii
1584 353 1633 372 au-

846 387 923 411 ctore
942 383 1056 411 inferior
1069 388 1111 411 est
1121 405 1128 417 ,
1143 390 1248 412 tantum
1266 394 1376 421 quoque
1392 387 1511 422 Spiritus
1526 391 1632 418 ratione

845 427 988 463 dignitatis
999 436 1013 455 a
1031 428 1086 456 Deo
1099 434 1233 457 remotus.
1249 431 1283 456 At
1299 435 1326 457 tu
1342 433 1463 459 nomium
1481 433 1581 460 audisti
1597 434 1630 462 de

845 472 1003 508 Unigenito,
1017 473 1090 508 quod
1106 475 1129 502 is
1142 480 1182 502 est
1196 476 1223 502 in
1238 475 1349 504 dextera
1361 477 1419 510 Dei,
1433 481 1460 506 et
1476 479 1632 514 interpellat

847 526 897 554 pro
916 519 999 547 nobis
1023 519 1054 546 ’Τ
1072 520 1165 554 Itaque
1185 521 1248 556 quia
1275 522 1394 557 Spiritus
1419 524 1446 551 in
1471 528 1497 551 te
1521 529 1580 556 est,
1609 526 1632 553 si

843 567 935 591 tamen
950 564 1063 592 omnino
1081 566 1109 592 in
1134 570 1161 593 te
1174 569 1226 598 est,
1242 570 1269 593 et
1293 567 1355 601 quia
1372 575 1422 595 nos
1436 573 1585 597 excit-catos
1598 570 1632 597 ad

843 609 998 645 eligendum
1019 610 1091 645 quod
1108 611 1174 639 utile
1199 615 1240 639 est
1253 633 1259 644 ,
1281 613 1376 645 docet,
1392 613 1571 649 deduc-itque,
1597 624 1632 643 ne

843 662 902 683 eam
919 656 953 683 ob
969 664 1081 683 causam
1097 658 1168 692 piam
1191 665 1222 684 ac
1242 662 1364 684 sanctam
1378 658 1411 685 de
1426 667 1459 685 eo
1474 660 1630 694 opinionem

843 702 962 729 amittas.
978 702 1044 729 Nam
1062 703 1183 737 profecto
1200 711 1322 731 summus
1338 705 1419 731 fuerit
1435 706 1533 739 Ingrati
1545 706 1629 733 animi

842 748 953 783 gradus,
967 747 1163 776 benefacientis
1175 749 1371 776 humanitatem
1388 751 1420 777 ad
1433 750 1532 785 ingrati
1545 751 1628 778 anitni

841 793 1013 820 occasionem
1031 797 1148 822 vertere.
1172 793 1263 821 Nolite
1285 795 1368 829 igitur
1386 797 1550 823 contristare
1565 797 1628 831 Spi-

841 839 921 866 ritum
935 843 1058 865 sanctmn
1083 840 1104 866 ³.
1120 839 1218 866 Audite
1230 840 1295 874 quid
1311 840 1383 867 dicat
1399 846 1549 875 martyrum
1571 841 1629 876 pri‘

840 887 923 913 miliae
948 885 1124 921 Stephanus,
1153 885 1368 914 inobedientiam
1394 894 1426 914 ac
1449 887 1626 914 rebellionem

840 931 1009 966 exprobrans
1036 931 1147 965 populo.
1173 930 1241 962 Vos,
1263 931 1361 966 inquit.
1391 939 1493 964 semper
1515 931 1627 965 Spiritui

838 981 929 1004 sancto
945 977 1072 1004 resistitis
1101 976 1121 1004 ⁸.
1138 975 1171 1003 Et
1195 985 1304 1004 rursum
1319 977 1403 1005 lsaias
1418 987 1424 1004 :
1443 977 1622 1005 Exacerbaua-

837 1026 898 1048 runt
914 1021 1042 1056 Spiritum
1058 1027 1179 1048 sanctum
1190 1041 1197 1054 ,
1213 1027 1238 1049 et
1258 1031 1348 1049 versus
1365 1027 1402 1050 est
1420 1023 1475 1050 illis
1493 1024 1521 1050 in
1534 1024 1626 1050 inimi-

837 1067 927 1094 citiam
950 1066 971 1094 '.
991 1067 1023 1093 Et
1038 1067 1121 1099 alibi,
1142 1067 1338 1095 DomusJatob
1356 1068 1472 1095 irritavit
1494 1069 1624 1103 Spiritum

836 1112 944 1139 Domini
967 1112 990 1140 '.
1015 1113 1132 1145 Audite,
1155 1114 1282 1148 inquam,
1301 1121 1334 1141 an
1350 1122 1404 1142 non
1418 1115 1475 1142 haec
1489 1123 1623 1142 summam

836 1158 983 1193 petentiam
1006 1158 1164 1186 declarent?
1182 1158 1291 1186 Judicio
1315 1159 1462 1194 legentium
1484 1161 1621 1195 permitto,

1141 1253 1227 1288 Caput
1248 1254 1293 1282 20.

865 1297 959 1333 Neque
990 1305 1105 1331 servus,
1140 1299 1239 1334 inquit,
1278 1308 1366 1335 neque
1393 1302 1532 1337 dominus,
1569 1305 1615 1332 sed

832 1343 910 1370 liber.
949 1343 972 1371 0
994 1344 1094 1372 mirum
1120 1352 1271 1380 stuporem,
1305 1355 1322 1374 ο
1353 1348 1537 1376 miserandam
1567 1359 1617 1378 au-

830 1390 936 1418 daciam
973 1391 1025 1418 ista
1050 1391 1241 1426 loquentium!
1273 1392 1344 1427 Quid
1383 1395 1499 1430 amplius
1521 1397 1616 1432 deplo-

834 1444 889 1463 rem
911 1443 1035 1469 :.utrum
1067 1437 1216 1472 inscitiam,
1246 1446 1279 1467 an
1320 1441 1516 1475 blaSphcmiam
1549 1444 1617 1471 isto-

832 1484 911 1510 rum?
951 1484 997 1518 qui
1025 1484 1134 1517 quidem
1167 1485 1200 1511 de
1229 1484 1285 1513 Deo
1319 1487 1445 1521 dogmate
1486 1489 1613 1517 humanis

837 1529 973 1565 exemplis
1003 1530 1187 1560 dedecorant:
1214 1539 1246 1559 ac
1277 1532 1418 1560 hominum
1435 1536 1611 1561 consuetudi-

833 1583 906 1608 nem,
933 1583 982 1611 per
1006 1583 1088 1611 quam
1112 1577 1204 1612 dispar
1228 1582 1270 1605 est
1284 1578 1449 1613 dignitatum
1476 1581 1615 1608 excellen-

833 1622 880 1653 tia,
895 1622 927 1649 ad
937 1622 1054 1650 divinam
1074 1627 1101 1650 et
1128 1622 1290 1650 ineti‘abilem
1309 1628 1432 1651 naluratn
1459 1633 1614 1653 accommo-

832 1668 896 1695 dare
931 1668 1054 1696 nituntur
1078 1675 1087 1695 :
1113 1668 1184 1696 haud
1204 1674 1360 1704 reputantes
1393 1671 1462 1706 apud
1489 1671 1613 1700 homines

832 1715 939 1747 quidem
962 1715 1065 1742 nulltttn
1078 1723 1138 1743 esse
1153 1722 1248 1743 natura
1259 1725 1377 1744 servum.
1398 1717 1536 1745 Autenim
1562 1727 1613 1752 po-

830 1756 915 1782 tentia
933 1757 1068 1791 oppressi,
1082 1758 1134 1785 sttb
1151 1758 1249 1793 jugum
1272 1761 1413 1788 servitutis
1510 1762 1614 1790 inducti

829 1805 903 1832 sunt,
922 1802 995 1828 velut.
1011 1803 1039 1829 in
1062 1803 1133 1830 bello
1152 1805 1224 1838 capti
1244 1813 1250 1832 :
1270 1809 1316 1831 aut
1337 1805 1372 1832 ob
1392 1813 1564 1841 pauperatetn
1585 1807 1615 1835 in

828 1847 989 1874 servitutem
1005 1848 1094 1875 adacti
1111 1854 1187 1881 sunt,
1212 1851 1287 1877 velut
1307 1851 1429 1887 (Egyptii
1451 1853 1587 1880 Pharaoni
1603 1861 1612 1881 :

828 1897 875 1918 aut
887 1892 966 1926 juxta
978 1894 1129 1928 sapientem
1144 1896 1291 1930 quamdam
1312 1901 1339 1924 et
1354 1905 1483 1925 arcanam
1499 1899 1612 1934 dispen-

827 1938 975 1971 sationem,
991 1940 1037 1974 qui
1055 1940 1126 1968 inter
1139 1941 1210 1969 tilios
1221 1942 1372 1971 deteriores
1385 1949 1459 1977 sunt,
1470 1951 1612 1980 parentum

827 1991 910 2015 voce,
931 1985 1145 2019 sapientioribus
1164 1994 1196 2015 ac
1219 1989 1379 2017 melioribus
1400 1991 1427 2017 in
1453 1992 1612 2020 servitutem

826 2028 927 2055 addicti
939 2035 1018 2063 sunt;
1031 2038 1112 2066 quam
1125 2032 1335 2069 haudquaquam
1345 2037 1611 2071 condemnationem,

825 2074 872 2101 sed
889 2074 1050 2102 beneficium
1065 2077 1155 2111 potius
1168 2078 1268 2106 dixerit
1283 2087 1378 2115 aequus
1390 2089 1481 2108 rerum
1494 2083 1614 2110 aestima-

826 2121 880 2145 tor.
901 2118 968 2145 Nam
985 2120 1031 2154 qui
1045 2120 1080 2147 ob
1098 2129 1196 2149 sensus
1214 2123 1346 2158 inopiam,
1368 2133 1421 2153 non
1438 2126 1518 2155 habet
1533 2128 1559 2155 in
1574 2136 1614 2156 se-

825 2172 854 2191 sc
869 2164 895 2191 id
909 2165 981 2200 quod
999 2169 1094 2194 natura
1109 2168 1236 2203 imperat,
1250 2170 1314 2197 huic
1331 2172 1425 2200 utilius
1441 2179 1482 2201 est
1500 2176 1613 2205 alterius

825 2208 881 2235 ﬁeri
899 2210 1077 2245 mancipium,
1092 2217 1122 2238 ut
1139 2212 1203 2240 dum
1222 2214 1390 2245 dominantis
1403 2220 1547 2254 prudentia
1569 2222 1613 2249 di-

824 2253 933 2289 rigitnr,
948 2255 1048 2283 similis
1064 2257 1100 2284 sit
1114 2259 1208 2286 currui
1226 2261 1272 2294 qui
1285 2262 1407 2298 aurigam
1423 2266 1544 2300 recepit,
1563 2272 1611 2294 aut

823 2301 885 2328 navi
906 2308 967 2335 qua:
983 2303 1142 2330 nauclerum
1159 2305 1239 2332 habet
1254 2307 1332 2334 clavo
1347 2309 1522 2338 assidentem.
1535 2311 1611 2340 lianc

823 2345 858 2372 ob
874 2353 986 2374 causam
1012 2346 1096 2376 Jacob
1117 2350 1245 2378 dominus
1270 2351 1340 2380 Esau
1359 2361 1392 2381 ex
1417 2355 1611 2385 benedictione

823 2391 908 2426 patris
929 2394 955 2426 ⁷,
969 2397 999 2419 ιιι
1011 2393 1112 2421 stultus
1129 2402 1144 2421 a
1161 2396 1284 2430 sapiente
1299 2399 1339 2425 vel
1355 2399 1457 2428 invitus
1472 2401 1609 2430 beneﬁcio

822 2435 983 2470 adiceretur,
1007 2437 1109 2473 quippe
1135 2447 1190 2466 non
1208 2440 1313 2470 habens
1338 2446 1478 2479 proprium
1500 2451 1610 2475 curato-

823 2489 890 2514 rem,
903 2483 1030 2511 videlicet
1040 2488 1169 2513 mentem.
1186 2485 1218 2512 Et
1228 2486 1356 2516 Chanaan
1370 2489 1440 2518 ﬁlius
1452 2498 1547 2520 servus
1556 2494 1608 2521 erit

823 2529 954 2558 fratribus
969 2530 1027 2558 suis
1052 2534 1078 2564 ⁸,
1100 2533 1230 2566 quoniatu
1252 2534 1379 2564 indocilis
1394 2541 1452 2565 erat
1466 2539 1500 2566 ad
1517 2540 1607 2568 virtu-

821 2577 887 2607 tem,
905 2574 1103 2610 itnprudentem
1120 2577 1223 2606 habens
1234 2585 1349 2614 patrem,
1360 2582 1487 2610 videlicet
1503 2584 1602 2614 Cham.

820 2618 861 2645 Ad
876 2619 949 2646 hunc
967 2620 1050 2655 igitur
1065 2622 1175 2650 modum
1191 2623 1236 2651 hic
1252 2624 1320 2652 ﬁunt
1337 2627 1426 2660 servi;
1445 2628 1522 2656 liberi
1542 2638 1608 2658 vero

821 2668 896 2697 sunt,
911 2665 957 2700 qui
973 2666 1126 2702 cﬂugerunt
1144 2674 1344 2704 paupertatem,
1362 2677 1409 2699 aut
1425 2673 1538 2706 bellum,
1556 2681 1605 2704 aut

820 2709 866 2744 qui
893 2710 1009 2738 aliorum
1034 2719 1099 2739 cura
1116 2721 1172 2740 non
1194 2719 1284 2749 egent.
1303 2714 1396 2751 Itaque
1414 2721 1539 2752 quamvis
1562 2720 1606 2747 hic

819 2756 914 2789 herus,
930 2757 974 2785 ille
992 2765 1088 2786 servus
1102 2760 1262 2794 appelletur,
1280 2769 1375 2790 onmes
1391 2766 1482 2790 tatnen
1496 2767 1523 2791 et
1539 2772 1605 2799 qua~

823 2823 870 2851 vu,
883 2816 927 2845 5i.
965 2819 975 2836 ¹
991 2817 1043 2847 lsa.
1058 2825 1133 2853 mn,
1162 2818 1206 2848 ιο,
1245 2820 1340 2855 '_Psal.
1357 2827 1401 2856 αν,
1414 2821 1460 2850 52.
1499 2821 1510 2837 '
1529 2820 1598 2849 Gen.
