1891 3076
49 170 90 202 7ῖ7
506 170 691 202 PANOPLIA
713 172 811 202 DOGM

873 172 940 203 ιρι.
962 184 996 190 -
1012 173 1085 202 TlT.
1102 173 1168 204 xu.
1599 178 1635 210 ττ

46 224 191 261 φύγωςκαὶ
216 225 228 250 ὁ
260 225 414 260 πριφ’,της’
445 226 522 252 Διότι
554 225 612 260 ἐγὼ
651 225 811 261 potri);th

873 236 939 254 rueus
955 232 1009 254 stat
1026 229 1051 254 in
1064 229 1149 255 medio
1161 230 1239 256 ves/ri
1270 230 1288 255 '.
1307 229 1374 257 Eum
1393 237 1456 259 vero
1482 233 1528 268 qui
1543 235 1647 270 tibique

45 274 101 306 ειμι,
113 271 184 306 λέγει
199 271 317 305 Κύριος·
332 271 380 297 καί
394 271 428 298 τὸ
453 271 574 305 Πνεῦμά
597 281 656 307 μου
681 272 811 307 ἐμέο-τη-

873 278 916 306 est,
928 281 960 302 ac
973 281 1027 301 una
1043 283 1103 303 cum
1119 275 1173 302 Deo
1190 275 1279 308 adest,
1293 276 1372 310 cujus
1389 285 1453 306 csse
1466 284 1574 308 natura:
1587 289 1648 309 cre-

48 327 93 345 κεν
105 317 224 352 ἐνμέσῳ
240 317 336 352 ὑμῶν.
367 318 404 344 Ti:
417 317 446 345 δὲ
472 318 610 352 πανταχοῦ
624 317 666 350 ὃν,
680 318 727 345 καὶ
753 317 811 350 Θεῷ

873 320 929 348 lere
941 320 1070 355 oportet?
1091 325 1182 348 utrum
1204 323 1296 349 omnia
1307 323 1528 358 complectentis.
1540 334 1574 354 an
1590 335 1654 362 par-

45 364 180 399 σνμπαρδν,
194 364 243 398 τῆς
263 363 342 395 ποίας
369 364 504 400 προσήκει
533 364 660 398 νομίζειν
683 364 811 398 φύσεως;

877 367 1024 396 icularibus
1036 371 1147 396 arctatae
1164 369 1243 402 locis,
1260 369 1370 404 qualem
1382 377 1443 398 esse
1457 375 1585 400 naturam
1602 381 1654 401 an-

41 410 83 445 τῆς
97 410 177 436 πάντα
188 404 382 445 περιεχοόσης,
406 410 490 445 ἢτῆς
515 412 640 446 μερικοϊς
667 411 811 446 ἐμπεριει-

873 412 986 448 gelorum
1004 416 1078 449 patet
1088 421 1121 441 ex
1136 413 1217 441 dictis
1230 414 1242 441 Τ
1257 414 1357 442 Verum
1376 415 1428 444 hoc
1442 416 1543 445 dixerit
1560 426 1652 447 nemo.

42 454 69 489 λη
74 454 168 489 μμένης
175 455 294 489 χωρίοις,
304 455 401 482 ὁποίαν
414 455 465 490 τὴν
489 455 543 482 τῶν
567 455 693 489 ἀγγέλων
705 455 719 482 ό
735 456 811 489 λόγος

876 460 949 495 gitur
965 460 1012 495 qui
1027 463 1124 488 natura
1139 460 1249 489 divinus
1263 466 1316 494 est,
1338 462 1385 497 qui
1407 463 1595 499 magnitudine
1610 465 1654 493 in-
1678 482 1691 493 ρ

41 501 128 533 ἔδειξεν
143 506 150 533 ;
166 500 236 526 Ἀλλ’
245 501 295 527 οὑκ
304 500 337 527 ἄν
346 508 387 532 τις
401 500 486 528 εῐποι.
500 502 537 528 Τὸ
554 499 604 529 οὖν
616 502 689 529 Θεϊον
713 502 746 537 τῇ
761 501 813 535 φύ-

42 555 87 579 σει,
101 547 129 574 τὸ
143 546 283 582 ἀχώρητον
309 547 349 582 τῷ
365 548 486 582 μεγέθει,
513 549 544 574 τὸ
568 548 685 575 δυνατὸν
710 549 739 574 ὲν
754 549 813 580 ταῖς

38 593 185 626 ἐνεργείαις,
203 592 232 618 τὸ
247 592 350 626 ἀγαθὸν
363 593 392 619 ἑν
405 595 464 625 ταῖς
481 594 653 628 εὐεργεσίαις
669 594 705 629 μὴ
721 594 814 628 ὑπερ-

41 638 184 673 υᾷὠιομενς
208 639 246 674 μὴ
257 638 430 673 δοξάσομενς

37 695 92 722 Ὀτι
107 695 262 734 δοξολογζα
271 697 450 734 -Πνςεύμιιτός
467 698 554 725 ἐστιν
568 697 587 732 ἠ
604 698 663 726 τῶν
679 704 814 734 προσόν-

130 740 189 758 των
205 731 287 764 αὐτῷ
304 731 518 767 ἁπαρίθμησις.
537 731 648 769 Κερἁ.
667 731 721 771 κγ’.

69 778 134 811 Ἐγὼ
153 778 181 804 δὲ
202 778 264 805 οὐδὲ
286 778 350 806 ἄλλο
369 787 395 805 τι
414 781 463 812 τὴν
482 781 561 814 δόξαν
580 782 701 818 τίθεμαι,
721 785 737 819 ἢ
759 786 814 811 τῶν

36 824 177 857 προσόντων
189 823 265 859 αὺτῷ
279 823 426 858 θαυμάτων
438 824 488 859 τὴν
501 825 690 862 ἐξαρίθμησιν.
702 828 782 855 Ὥστε
795 828 811 865 ἢ

34 869 86 895 οὐδὲ
105 869 260 904 μεμνῆσθαι
279 871 354 904 ἡμᾶς
370 870 425 897 τῶν
443 870 508 906 παρ’
521 872 603 899 αὑτοῦ
625 873 734 907 ἀγαθῶν
751 875 812 901 ὲπι-

32 914 147 946 τάξουσιν
160 911 250 948 οὗτοι,
267 915 283 950 ἢ
299 916 409 947 πάντως
423 918 439 951 ἡ
456 917 510 943 τῶν
525 918 681 952 προσόντων
696 919 813 952 διέξοδος

29 960 71 995 τῆς
89 961 222 997 μεγίστης
243 962 302 988 ἐστὶ
322 962 477 997 δοξολογίας
497 963 648 999 πλήρωσις.
671 965 738 992 οὐδὲ
758 966 813 1001 γὰρ

30 1005 68 1031 τὸν
83 1006 145 1033 Θεὸν
162 1008 212 1033 καὶ
230 1007 339 1042 Πατέρα
355 1008 401 1034 τοῦ
421 1009 522 1043 Κυρίου
541 1009 620 1044 ἡμῶν
637 1010 725 1045 Ἰησοῦ
743 1011 812 1046 Χρι-

28 1052 98 1085 στοῦ,
115 1053 162 1079 καὶ
179 1053 227 1080 τὸν
247 1055 379 1089 μονογενῆ
399 1055 483 1082 αὐτοῦ
502 1055 565 1082 Υίλιν
584 1056 670 1087 ἄλλως
690 1056 812 1089 δοξάζειν

28 1098 127 1133 ἔχομεν,
144 1100 160 1135 ἦ
181 1099 214 1125 τὸ
232 1101 302 1127 κατὰ
321 1103 370 1136 τὴν
391 1102 531 1136 ἡμετέραν
550 1101 665 1138 δύναμιν
684 1102 813 1136 διεξιέναι

25 1144 98 1171 αὐτοῦ
114 1145 146 1172 τὰ
160 1146 303 1182 θαύματα.

25 1241 197 1285 Τορναύτοῦ.
219 1246 365 1285 ξΕέεγζος
376 1247 431 1285 τῇς
450 1249 576 1282 ἀτοπίας
590 1249 649 1276 τῶν
658 1249 701 1283 μὴ
717 1249 808 1285 δοξα-

53 1276 172 1318 ζύντέωί·
195 1281 240 1318 τό
251 1276 371 1316 Πνὲῧμὶι
385 1276 490 1318 ἐὶίτῆς
501 1276 576 1317 πρὸξ
590 1285 625 1310 τὰ
638 1276 672 1310 at}
691 1276 727 1318 τῇ
744 1276 805 1310 κτί⁴

50 1319 95 1339 σει
106 1313 247 1346 δοξαστὰ
259 1313 468 1351 παρᾶθέσεως.’
477 1313 591 1353 Roga).
609 1318 662 1346 κδ’.

53 1355 117 1383 Εἶτα
139 1359 208 1395 δόξῃ
227 1361 276 1395 μὲν
302 1362 346 1388 καὶ
374 1364 441 1398 τιμῇ
469 1364 656 1398 ἐστεφάνωται
685 1365 700 1391 ὁ
718 1364 806 1396 κοινὸς

19 1402 160 1440 ἄνθρωπος
172 1406 224 1442 ζ8),
236 1407 282 1433 καὶ
295 1407 358 1440 δόξα
372 1408 418 1435 καὶ
431 1408 497 1444 τιμὴ
509 1410 556 1436 καὶ
570 1410 664 1446 εἰρήνη
732 1414 810 1439 παντὶ

16 1449 53 1484 τῷ
74 1451 201 1478 ποιοῦντι
223 1451 253 1478 τὸ
276 1452 377 1487 ἁγαοὸν
401 1454 429 1480 ὲν
453 1454 629 1488 ἐπαγγελίαις
653 1455 806 1484 ἀπόκειται.

19 1494 94 1521 Ἔστι
121 1496 151 1522 δέ
180 1505 225 1528 τις
251 1497 297 1523 καὶ
323 1498 394 1529 ἰδίως
422 1498 469 1525 τοῦ
493 1500 600 1535 Ἰσραὴλ
622 1500 701 1533 δόξα·
727 1498 764 1528 ὧν
791 1504 807 1538 ὴ

16 1542 144 1575 υἱοθεσία,
166 1544 247 1579 φησὶ,
262 1545 308 1570 καὶ
323 1545 340 1580 ὴ
354 1545 426 1577 δόξα,
440 1546 487 1572 κα)¹
504 1547 520 1581 ὴ
540 1546 661 1581 λατρεία.
678 1547 733 1574 Καὶ
745 1549 809 1574 ἑαυ-

16 1587 58 1614 τοῦ
75 1597 137 1616 τινα
152 1589 236 1621 δόξαν
260 1590 273 1616 ό
286 1590 437 1625 Ψαλμῳδὸς
453 1591 542 1625 λέγειν·
559 1592 648 1619 ’Ὀταν
663 1593 746 1628 om"
761 1602 810 1620 σοι

15 1633 29 1666 ἡ
55 1633 133 1666 δόξα
161 1643 243 1668 μου·
273 1634 320 1661 καὶ
347 1635 442 1662 πάλιν·
465 1636 659 1672 Ἐξεγ-ἐρθητι,
686 1639 705 1673 ἠ
734 1639 810 1672 δόξα

17 1687 78 1710 μου.
97 1680 182 1706 Ἔστι
199 1679 229 1706 δέ
247 1688 288 1711 τις
373 1680 436 1713 δόξα
447 1681 535 1717 ἡλίου,
550 1683 597 1709 καὶ
619 1683 749 1720 σελήνης,
762 1686 809 1712 καὶ

15 1723 151 1760 ἱστέρων·
179 1724 256 1751 κατὰ
276 1724 305 1751 δὲ
330 1725 376 1753 τὸν
396 1726 557 1754 Ἀπόστολον
581 1728 627 1754 καὶ
648 1727 665 1763 ἠ
689 1728 810 1756 διακονία

17 1769 57 1803 τῆς
72 1770 276 1805 κατακρίσεως
289 1771 332 1798 διὰ
346 1770 433 1807 δόξης.
449 1772 590 1799 Τοσούτων
602 1771 648 1800 οὖν
666 1773 809 1810 δοξαζομέ-

14 1823 69 1847 tow,
84 1815 118 1842 τὸ
137 1815 259 1850 Πνεῦμα
275 1816 355 1851 μόνον
374 1817 427 1844 τῶν
441 1817 550 1844 πάντων
574 1818 720 1850 ἀδόξαστον
738 1816 809 1845 εἶναι

16 1860 118 1893 ίούλει;
154 1861 291 1895 Καίτοιγε
319 1862 349 1889 Ἠ
377 1861 514 1890 διακονία
542 1863 595 1891 τοῦ
625 1865 808 1899 Πνεύματος,

15 1906 99 1941 ιησὶν,
119 1907 218 1934 ἔστιν
233 1906 268 1934 ἐν
280 1906 366 1941 δόξῃ.
387 1907 450 1940 Πῶς
474 1906 521 1935 οὖν
545 1909 609 1936 αὐτὸ
633 1909 742 1943 ἀνάξιον
761 1911 808 1937 τοῦ

16 1951 175 1984 οξάζεσθαι
205 1961 214 1985 ;
301 1953 357 1980 Καὶ
378 1953 482 1989 μεγάλη
510 1955 559 1990 μὲν
584 1955 600 1990 ἡ
620 1954 681 1988 δόξα
704 1955 752 1982 τοῦ
770 1956 809 1982 δι-

14 1997 93 2029 αίου,
112 1997 194 2024 κατὰ
212 1995 259 2023 τὸν
274 1993 440 2032 Ψαλμῳδόψ
458 1996 522 2028 δόξα
538 1995 568 2022 δὲ
581 1994 626 2022 τοῦ
642 1990 808 2029 Πνεῦματος,

864 507 1088 541 comprehensus,
1104 507 1150 542 qui
1184 511 1280 542 potens
1297 509 1323 535 iu
1356 510 1572 544 operationibus,
1604 511 1650 547 qui

863 552 953 580 bonus
968 553 994 580 in
1009 553 1208 586 benellcentiis,
1225 554 1298 582 hunc
1313 561 1367 582 non
1385 562 1468 590 supra
1487 557 1598 585 modum
1611 557 1653 586 ef-

864 597 1002 626 feremus?
1013 606 1065 626 non
1085 606 1167 634 supra
1183 599 1293 627 modum
1310 599 1547 634 gioriﬁcabimus?

865 701 1002 737 Ejusdem.
1013 701 1130 730 Gloriam
1143 701 1257 736 Spiritus
1266 710 1321 730 esse
1330 704 1551 731 enumerationem
1561 712 1652 732 eorum

1041 746 1100 772 qua:
1117 738 1167 772 ipsi
1187 738 1298 765 adsunt.
1318 737 1405 773 Caput
1423 738 1468 766 25.

900 783 956 819 Ego
972 791 1035 812 vero
1062 784 1130 811 nihil
1159 784 1231 811 aliud
1249 791 1310 812 esse
1340 784 1454 819 gloriam
1469 791 1578 818 censeo,
1597 786 1649 812 nisi

867 838 970 862 rerum,
985 837 1047 865 qum
1066 830 1117 865 ipsi
1139 830 1250 863 adsunt,
1281 829 1486 858 admirabilium
1506 838 1652 859 enumera-

867 878 977 904 tionem.
1009 876 1193 910 Quamobrem
1222 878 1267 905 isti
1283 882 1329 905 aut
1345 886 1399 906 non
1419 879 1588 914 permittunt,
1624 885 1652 907 ut

864 923 1008 957 bonorum,
1037 931 1096 958 qua:
1111 923 1145 950 ab
1164 923 1225 959 ipso
1245 924 1466 959 proﬁciscuntur,
1494 926 1650 954 memineri-

863 976 934 1001 mus,
951 973 999 996 aut
1009 977 1103 997 eorum
1120 970 1199 1005 plane
1214 978 1275 1005 qua:
1291 971 1328 998 illi
1358 971 1468 1004 adsunt.
1480 973 1650 1000 enumeratio

864 1015 989 1042 maximae
1001 1015 1095 1050 gloria:
1109 1020 1151 1043 est
1165 1016 1312 1044 absolutio.
1346 1015 1570 1052 Quandoquidem
1597 1026 1648 1046 nec

864 1062 947 1089 Deum
979 1066 1006 1090 et
1035 1061 1142 1090 Patrem
1170 1062 1276 1090 Domini
1294 1063 1380 1090 nostri
1396 1063 1458 1090 Jesu
1480 1063 1593 1095 Christi.
1622 1071 1650 1092 et

865 1108 1033 1143 unigenitum
1049 1109 1121 1136 illius
1130 1107 1240 1139 Filium.
1259 1108 1336 1135 aliter
1353 1116 1499 1142 possumus
1509 1109 1648 1144 gitti-ilic:-

868 1163 906 1187 re,
925 1156 976 1183 nisi
994 1163 1043 1190 pro
1058 1156 1162 1183 viribus
1182 1162 1293 1190 operam
1310 1155 1417 1187 demus,
1434 1159 1464 1182 ut
1476 1154 1536 1189 ejus
1567 1155 1651 1182 mira»

865 1200 924 1227 cula
939 1207 1144 1228 reccuseamus.

862 1246 1001 1280 Eiusdem.
1012 1246 1173 1282 Redargutio
1185 1247 1360 1274 absurditatis
1373 1253 1463 1274 eorum
1473 1245 1519 1280 qui
1529 1253 1580 1272 non
1591 1246 1650 1281 glo-

897 1282 1001 1316 riﬁcam
1015 1281 1154 1316 Spiritum.
1166 1291 1197 1310 ea:
1210 1283 1351 1309 collatione
1362 1289 1452 1308 eorum
1463 1288 1522 1316 quia
1532 1282 1558 1308 in
1567 1288 1646 1309 crea-

897 1319 962 1343 turis
977 1319 1063 1352 gloria
1080 1317 1239 1352 afﬁciuntur.
1258 1317 1343 1351 Caput
1360 1316 1406 1344 24.

897 1363 998 1391 Deinde
1029 1371 1096 1390 uero
1126 1363 1212 1398 gloria
1245 1368 1273 1390 et
1299 1363 1404 1391 honore
1432 1367 1578 1391 coronatus
1605 1366 1649 1390 est

857 1409 972 1446 quilibet
987 1409 1080 1441 homo,
1096 1411 1123 1435 et
1139 1407 1224 1442 gloria
1238 1411 1266 1434 et
1279 1407 1368 1434 honor
1383 1410 1412 1435 et
1430 1414 1482 1441 pax
1502 1407 1590 1435 cuivis
1604 1407 1644 1434 ia-

860 1454 943 1482 cienti
957 1453 1059 1481 bonum
1078 1453 1089 1468 '
1106 1452 1133 1480 in
1148 1452 1293 1487 promissis
1307 1452 1426 1487 reposita
1442 1456 1517 1480 sunt.
1535 1451 1582 1480 Est
1596 1459 1644 1479 au-

861 1505 915 1528 tem
928 1505 955 1528 et
973 1499 1120 1535 peculiaris
1137 1498 1260 1534 quaedam
1276 1498 1417 1527 lsraelitici
1438 1498 1531 1534 populi
1547 1499 1645 1533 gloria,

862 1553 990 1580 quorum,
1005 1545 1104 1580 inquit,
1120 1549 1162 1572 est
1178 1544 1286 1579 adoptio
1301 1548 1328 1572 ct
1343 1544 1430 1579 gloria
1446 1547 1472 1571 et
1485 1545 1592 1571 cultura
1611 1546 1621 1561 ³
1637 1553 1645 1572 :

862 1595 889 1619 ct
918 1599 995 1619 suam
1023 1592 1111 1626 ipsius
1136 1591 1247 1626 gloriam
1278 1590 1422 1625 quamdam
1451 1594 1646 1618 commemorat

863 1637 1032 1665 Psalmorum
1059 1641 1155 1664 cantor
1182 1646 1189 1663 :
1213 1636 1282 1663 Dum
1311 1635 1455 1663 cantavcrit
1484 1635 1532 1662 tibi
1558 1635 1645 1670 gloria

862 1690 920 1710 mea
944 1684 975 1715 δ;
991 1686 1018 1709 et
1040 1689 1149 1714 rurSus,
1166 1681 1296 1716 Exsurge,
1313 1681 1400 1716 gloria
1417 1688 1474 1708 mea
1498 1683 1518 1706 '.
1531 1679 1579 1708 Est
1596 1688 1647 1708 au-

862 1731 916 1755 tem
934 1727 1057 1762 quaedam
1076 1727 1162 1762 gloria
1191 1727 1267 1758 solis,
1285 1727 1356 1753 lunae
1366 1730 1394 1754 et
1407 1725 1548 1753 stellarum
1572 1723 1592 1752 ⁸.
1605 1724 1645 1752 Ac

859 1773 937 1809 juxta
952 1772 1111 1807 Apostolum
1126 1773 1154 1799 iit
1170 1772 1251 1799 etiam
1274 1770 1474 1798 administratio
1489 1769 1644 1796 damnatio-

861 1819 905 1847 nis
921 1826 983 1846 cum
1005 1818 1089 1852 gloria
1114 1819 1134 1845 ⁷.
1146 1817 1238 1852 Itaque
1260 1824 1321 1844 cum
1335 1820 1391 1844 tam
1408 1816 1491 1842 multa
1514 1816 1569 1842 sint
1583 1822 1644 1850 qua

861 1865 947 1900 gloria
962 1864 1115 1898 potiuntur,
1141 1863 1182 1890 vis
1202 1862 1334 1898 Spiritum
1357 1870 1440 1889 unum
1464 1869 1496 1889 ex
1517 1860 1645 1888 omnibus

861 1910 1007 1945 inglorium
1025 1909 1104 1936 esse?
1119 1909 1151 1936 Et
1166 1913 1255 1935 tamen
1271 1907 1447 1940 Hinistratio,
1467 1907 1565 1942 inquit,
1582 1906 1646 1941 Spi-

861 1957 928 1982 ritus
944 1960 982 1982 est
997 1955 1026 1982 in
1043 1954 1130 1989 gloria
1151 1954 1171 1981 ⁸.
1183 1953 1235 1987 Qui
1255 1953 1283 1980 lit
1301 1954 1384 1989 igitur
1401 1957 1432 1980 ut
1453 1953 1499 1980 ille
1517 1953 1645 1987 indignus

854 1999 890 2028 sit
913 2000 959 2035 qui
985 1999 1171 2035 gloriﬁcatur!
1192 1998 1226 2026 Et
1248 2006 1345 2035 magna
1360 1999 1470 2035 quidem
1493 2003 1536 2028 est
1558 1999 1645 2034 gloria

18 2043 71 2068 ατὰ
97 2043 143 2074 σὲ,
169 2041 299 2076 οὐδεμία.
324 2042 387 2073 Πῶς
407 2039 454 2068 οὖν
474 2041 504 2067 οὐ
527 2040 660 2077 πρόδηλος
684 2040 698 2065 ὁ
722 2037 810 2065 κίνδυ-

873 2046 921 2072 ιειί
935 2046 1013 2079 juxta
1029 2044 1200 2072 Psalmorum
1219 2049 1358 2072 cautorem
1382 2047 1404 2072 ο.
1422 2045 1456 2072 At
1477 2044 1562 2080 gloria
1581 2044 1644 2079 Spi-

14 2095 42 2118 9;
67 2088 103 2114 ἐκ
130 2088 196 2114 τῶν
219 2086 348 2113 τοιούτων
367 2087 454 2121 λόγων
471 2086 520 2122 τὴν
539 2087 657 2121 ἄφυκτον
674 2083 809 2120 ἁμαρτίαν

873 2090 926 2118 itus
940 2090 1019 2125 juxta
1037 2093 1112 2117 tuam
1128 2090 1284 2125 opinionem
1300 2090 1374 2117 nulla
1391 2093 1443 2117 est.
1464 2089 1563 2117 Annon
1594 2090 1644 2125 igt-

16 2134 37 2166 p'
52 2134 182 2165 ἑαυτοὺς
203 2133 388 2166 emendarem;
402 2134 433 2160 Ei
444 2135 459 2159 δ

16 2178 43 2214 ξς
61 2179 259 2213 δικαιοσύνης
281 2178 368 2214 ἔργων
388 2175 541 2214 ἄνθρωπος,
560 2178 607 2204 καὶ
625 2177 687 2208 τοὺς
710 2175 809 2210 φοΰου-

14 2225 96 2256 ένους
122 2225 178 2251 τὸν
210 2224 313 2259 Κύριον
337 2223 461 2257 δοξάζει,
484 2223 611 2250 τοσούτου
639 2222 672 2249 ἂν
697 2223 751 2250 δέοι
779 2224 809 2251 τὲ

16 2271 111 2306 νεῦμα
135 2271 197 2306 τῆς
223 2270 400 2304 ὀφειλομένης
420 2269 498 2305 δόξης
518 2269 690 2304 ἀποστερεῖν.
707 2269 808 2302 Ἔστω,

15 2317 58 2352 ιτὶ
86 2336 96 2349 ,
199 2315 345 2349 δοξαστὸν,
369 2316 425 2342 ἀλλ’
450 2316 511 2351 οὐχὶ
537 2315 605 2350 μετὰ
634 2315 741 2347 Πατρδς
763 2315 810 2342 καὶ

14 2362 65 2388 τοῦ.
82 2362 150 2389 Καὶ
165 2362 239 2388 τίνα
252 2361 308 2396 ἔχει
321 2362 398 2396 λόγον
415 2361 513 2397 ἑτέραν
527 2360 620 2396 χώραν
636 2361 753 2387 ἐπινοεῖν
771 2361 810 2396 τῷ

15 2409 154 2444 νεύματι,
184 2408 240 2444 τὴν
260 2408 336 2443 παρὰ
358 2408 404 2435 τοῦ
419 2407 520 2443 Κυρίου
543 2407 712 2442 τεταγμένην
726 2415 809 2433 κατα-

17 2455 137 2487 τόντας,
173 2454 228 2481 καὶ
247 2454 296 2488 τῆς
315 2453 387 2480 κατὰ
406 2453 454 2488 τὴν
478 2453 557 2486 δόξαν
580 2453 721 2484 κοινωνίας
742 2453 810 2479 ἁπο-

13 2502 98 2537 ερεῖν
126 2501 165 2527 τὸ
193 2499 334 2535 πανταχοῦ
355 2498 559 2534 συναναληφθὲν
643 2500 673 2534 τῇ
691 2498 808 2534 θεότητι,

24 2548 63 2583 τῇ
89 2545 248 2582 ὁμολογίᾳ
266 2545 317 2580 τῆς
338 2545 465 2577 πίστεως,
485 2546 514 2571 ὲν
526 2544 564 2580 τῷ
580 2544 748 2580 βαπτίσματι
761 2545 809 2581 τῆς

15 2592 249 2627 ολυτρώσεως,
273 2591 302 2617 ἐν
325 2591 357 2626 τῇ
377 2590 504 2626 ἐνεργείᾳ
522 2590 577 2618 τῶν
601 2590 757 2626 δυνάμεων,
780 2591 809 2617 ὲν

20 2639 194 2673 ἐνοικήσει
216 2636 270 2663 τῶν
287 2637 382 2670 ἁγίων,
401 2637 430 2664 ὲν
442 2638 503 2669 ταῖς
521 2637 561 2668 είς
579 2636 610 2664 τὸ
627 2637 747 2672 ὑπήκοον
761 2637 809 2671 χά-

13 2694 71 2717 ειν;
102 2683 194 2711 Οὐδὲ
221 2683 274 2718 γάρ
301 2683 375 2709 ἐστιν
400 2682 468 2714 ὅλως
491 2682 581 2718 δωρεά
602 2691 643 2714 τις
673 2681 737 2709 ἄνευ
761 2681 809 2708 τοῦ

13 2731 55 2758 ἰου
74 2729 166 2757 Πνεύ
172 2735 267 2763 ματος
281 2728 321 2759 εἰς
341 2727 390 2763 τὴν
410 2728 498 2755 κτίσιν
517 2728 720 2763 ἀφικνουμένη·
742 2727 809 2755 ὃπου

548 2132 699 2167 σωζόμενος
713 2131 746 2157 ὲκ
755 2129 810 2156 τῶν

873 2143 903 2163 ur
916 2135 1031 2163 evidens
1043 2135 1195 2171 periculum
1210 2138 1252 2162 est
1263 2142 1298 2162 ne
1314 2135 1416 2163 talibus
1433 2135 1514 2163 dictis
1529 2135 1644 2162 inevita—

857 2179 910 2207 bile
927 2180 1031 2207 crimen
1052 2180 1080 2206 in
1097 2181 1281 2213 nosmetipsos
1297 2177 1495 2207 accersamus?
1512 2178 1541 2207 Si
1561 2179 1643 2206 homo

859 2226 903 2260 qui
918 2225 1010 2253 salvus
1030 2224 1058 2252 ﬁt
1075 2232 1108 2252 ex
1125 2224 1255 2259 operibus
1269 2224 1394 2258 justitiae,
1413 2225 1495 2252 etiam
1515 2224 1643 2252 timentes

860 2272 1004 2299 Dominum
1020 2270 1169 2306 'gloriticat,
1190 2271 1277 2298 multo
1301 2270 1391 2298 minus
1402 2270 1534 2305 Spiritum
1552 2270 1643 2298 debita

859 2318 945 2353 gloria
965 2317 1112 2344 iraudabit.
1137 2316 1189 2347 Sit,
1207 2317 1345 2351 inquiunt,
1364 2315 1570 2352 gloriﬁcandus.
1595 2317 1643 2343 sed

860 2370 913 2390 non
931 2370 994 2390 cum
1008 2362 1089 2390 Patre
1112 2366 1139 2390 et
1154 2361 1234 2389 Filio.
1252 2361 1285 2389 Et
1300 2362 1348 2397 qui
1365 2366 1580 2390 consentaneum
1601 2366 1644 2389 est

859 2408 969 2440 rationi,
985 2408 1069 2435 alium
1087 2407 1176 2435 locum
1192 2408 1387 2443 imaginatione
1400 2407 1546 2442 designare
1557 2406 1644 2442 Spiri—

858 2454 907 2487 tui,
923 2461 957 2482 eo
978 2454 1085 2486 relicto,
1109 2461 1190 2489 quem
1208 2454 1304 2481 statuit
1327 2453 1477 2487 Dominus;
1500 2457 1527 2481 et
1549 2453 1644 2489 gloriae

857 2499 998 2528 consortio
1013 2500 1133 2534 spoliare
1150 2507 1212 2527 eum
1233 2499 1281 2534 qui
1299 2499 1400 2534 ubique
1420 2499 1587 2534 coniunctus
1601 2503 1644 2526 est

857 2545 1006 2576 divinitati,
1032 2545 1059 2572 in
1077 2544 1250 2580 professione
1264 2544 1338 2577 ﬁdei.
1364 2545 1392 2572 in
1408 2545 1573 2580 baptismate
1597 2552 1643 2572 re-

856 2589 1033 2625 demptionis,
1046 2590 1073 2617 in
1084 2590 1394 2626 operationevirtutum.
1404 2590 1432 2617 in
1445 2588 1644 2617 inhabitatione

857 2639 1028 2669 sanctorum,
1046 2636 1074 2664 in
1094 2635 1237 2664 beneﬁciis
1252 2635 1280 2663 in
1302 2635 1428 2664 subditos
1448 2633 1645 2662 conferendis?

857 2681 951 2717 Neque
963 2682 1036 2710 enim
1055 2686 1098 2710 est
1114 2682 1199 2710 ullum
1214 2682 1327 2710 omnino
1343 2681 1446 2709 donum
1459 2680 1564 2715 absque
1578 2687 1642 2708 san-

856 2731 903 2756 cto
918 2727 1023 2763 Spiritu
1041 2728 1075 2756 ad
1099 2733 1254 2755 creaturam
1275 2727 1453 2762 perveniens;
1474 2725 1585 2760 quando
1608 2732 1644 2753 ne

32 2825 119 2851 ηας.
143 2823 185 2846 ιι,
206 2813 276 2851 5,-6.
303 2814 423 2851 A'ﬂllom,
439 2822 467 2846 ιι,
486 2815 529 2851 ιι).
568 2816 578 2831 ³
594 2816 673 2843 Rom.
695 2825 733 2850 lx,
752 2817 778 2845 4.

873 2819 914 2845 ial.
932 2825 1006 2850 uix,
1023 2818 1064 2845 13.
1103 2819 1113 2834 ⁵
1134 2818 1203 2845 l’sal.
1219 2816 1326 2848 cvtt,2.
1364 2815 1373 2830 '
1393 2816 1401 2842 l
1424 2814 1485 2842 Cor.
1515 2822 1561 2846 ιν,
1589 2812 1636 2843 ιι.

36 2848 120 2880 Cor.
156 2856 214 2880 ιιι,
238 2848 263 2876 9.
301 2849 394 2877 ‘ibid.
411 2850 438 2877 8.
476 2850 486 2866 '
503 2849 574 2878 Psal.
589 2859 634 2881 xx.
654 2851 679 2879 6.

164 2895 313 2925 ΡΑτιιοι.
335 2895 394 2925 Gn.
417 2895 466 2924 CX
475 2896 545 2926 ΧΧ.

1463 2896 1504 2927 25
