  <div class='ocr_page' id='page_1' title='image "/cluster/home/n/w/nwhite01/storage/ocr_20150623/130/njp.32101010942777/424.png"; bbox 0 0 1873 3076; ppageno 0'>
   <div class='ocr_carea' id='block_1_1' title="bbox 89 157 137 190">
    <p class='ocr_par' dir='ltr' id='par_1_1' title="bbox 89 157 137 190">
     <span class='ocr_line' id='line_1_1' title="bbox 89 157 137 190; baseline 0.021 -1"><span class='ocrx_word' id='word_1_1' title='bbox 89 157 137 190; x_wconf 81' lang='lat'><strong>785</strong></span> 
     </span>
    </p>
   </div>
   <div class='ocr_carea' id='block_1_2' title="bbox 564 155 1226 188">
    <p class='ocr_par' dir='ltr' id='par_1_2' title="bbox 564 155 1226 188">
     <span class='ocr_line' id='line_1_2' title="bbox 564 155 1226 188; baseline -0.003 0"><span class='ocrx_word' id='word_1_2' title='bbox 564 157 750 188; x_wconf 77' lang='lat' dir='ltr'><strong>I‘ANOPLIA</strong></span> <span class='ocrx_word' id='word_1_3' title='bbox 770 156 1000 187; x_wconf 68' lang='lat' dir='ltr'><strong>DOGMA‘HCA.</strong></span> <span class='ocrx_word' id='word_1_4' title='bbox 1015 168 1049 173; x_wconf 89' lang='lat'><strong>-</strong></span> <span class='ocrx_word' id='word_1_5' title='bbox 1062 157 1133 187; x_wconf 86' lang='lat' dir='ltr'><strong>TlT.</strong></span> <span class='ocrx_word' id='word_1_6' title='bbox 1156 155 1226 186; x_wconf 82' lang='lat' dir='ltr'><strong>XII.</strong></span> 
     </span>
    </p>
   </div>
   <div class='ocr_carea' id='block_1_3' title="bbox 1646 155 1699 188">
    <p class='ocr_par' dir='ltr' id='par_1_3' title="bbox 1646 155 1699 188">
     <span class='ocr_line' id='line_1_3' title="bbox 1646 155 1699 188; baseline -0.019 0"><span class='ocrx_word' id='word_1_7' title='bbox 1646 155 1699 188; x_wconf 59' lang='lat'><strong>7%</strong></span> 
     </span>
    </p>
   </div>
   <div class='ocr_carea' id='block_1_4' title="bbox 90 213 829 252">
    <p class='ocr_par' dir='ltr' id='par_1_4' title="bbox 90 214 829 252">
     <span class='ocr_line' id='line_1_4' title="bbox 90 214 829 252; baseline -0.004 -8"><span class='ocrx_word' id='word_1_8' title='bbox 90 220 135 252; x_wconf 76' lang='grc' dir='ltr'>τῆς</span> <span class='ocrx_word' id='word_1_9' title='bbox 147 217 290 252; x_wconf 78' lang='grc' dir='ltr'>συναφείας</span> <span class='ocrx_word' id='word_1_10' title='bbox 303 216 352 250; x_wconf 79' lang='grc' dir='ltr'>τὴν</span> <span class='ocrx_word' id='word_1_11' title='bbox 364 217 482 248; x_wconf 67' lang='grc' dir='ltr'>ἔννοιαν,</span> <span class='ocrx_word' id='word_1_12' title='bbox 494 215 617 250; x_wconf 70' lang='grc' dir='ltr'>γενέσθω</span> <span class='ocrx_word' id='word_1_13' title='bbox 626 216 691 250; x_wconf 71' lang='grc' dir='ltr'>ὑμῖν</span> <span class='ocrx_word' id='word_1_14' title='bbox 704 214 829 242; x_wconf 76' lang='grc' dir='ltr'>ένσπονδο</span> 
     </span>
    </p>
   </div>
   <div class='ocr_carea' id='block_1_5' title="bbox 957 213 1696 252">
    <p class='ocr_par' dir='ltr' id='par_1_5' title="bbox 961 213 1696 249">
     <span class='ocr_line' id='line_1_5' title="bbox 961 213 1696 249; baseline 0 -10"><span class='ocrx_word' id='word_1_15' title='bbox 961 222 984 239; x_wconf 81' lang='grc' dir='ltr'><strong>ιιι</strong></span> <span class='ocrx_word' id='word_1_16' title='bbox 998 213 1080 248; x_wconf 74' lang='lat' dir='ltr'><strong>igitur</strong></span> <span class='ocrx_word' id='word_1_17' title='bbox 1099 214 1317 242; x_wconf 73' lang='lat' dir='ltr'><strong>demonstratum</strong></span> <span class='ocrx_word' id='word_1_18' title='bbox 1333 218 1375 242; x_wconf 84' lang='lat' dir='ltr'><strong>est</strong></span> <span class='ocrx_word' id='word_1_19' title='bbox 1391 214 1608 249; x_wconf 66' lang='lat' dir='ltr'><strong>praipositionem</strong></span> <span class='ocrx_word' id='word_1_20' title='bbox 1638 222 1696 243; x_wconf 70' lang='lat' dir='ltr'><strong>cum</strong></span> 
     </span>
    </p>
   </div>
   <div class='ocr_carea' id='block_1_6' title="bbox 87 260 861 297">
    <p class='ocr_par' dir='ltr' id='par_1_6' title="bbox 87 260 861 297">
     <span class='ocr_line' id='line_1_6' title="bbox 87 260 861 297; baseline -0.005 -7"><span class='ocrx_word' id='word_1_21' title='bbox 87 265 112 290; x_wconf 72' lang='lat' dir='ltr'><strong>sl</strong></span> <span class='ocrx_word' id='word_1_22' title='bbox 123 265 197 295; x_wconf 73' lang='grc' dir='ltr'>ἶοκεῖ,</span> <span class='ocrx_word' id='word_1_23' title='bbox 213 263 261 290; x_wconf 77' lang='grc' dir='ltr'><strong>καὶ</strong></span> <span class='ocrx_word' id='word_1_24' title='bbox 284 262 426 290; x_wconf 74' lang='grc' dir='ltr'><strong>παύσασθε</strong></span> <span class='ocrx_word' id='word_1_25' title='bbox 440 261 488 288; x_wconf 79' lang='grc' dir='ltr'><strong>τοῦ</strong></span> <span class='ocrx_word' id='word_1_26' title='bbox 502 260 621 297; x_wconf 85' lang='grc' dir='ltr'>χαλεποῦ</span> <span class='ocrx_word' id='word_1_27' title='bbox 637 261 705 296; x_wconf 73' lang='grc' dir='ltr'>πρὸς</span> <span class='ocrx_word' id='word_1_28' title='bbox 718 260 861 295; x_wconf 75' lang='grc' dir='ltr'>αὐτὴνκαὶ</span> 
     </span>
    </p>
   </div>
   <div class='ocr_carea' id='block_1_7' title="bbox 89 307 859 344">
    <p class='ocr_par' dir='ltr' id='par_1_7' title="bbox 89 307 859 344">
     <span class='ocr_line' id='line_1_7' title="bbox 89 307 859 344; baseline -0.006 -8"><span class='ocrx_word' id='word_1_29' title='bbox 89 309 235 344; x_wconf 76' lang='grc' dir='ltr'><strong>ἀκηρύκτου</strong></span> <span class='ocrx_word' id='word_1_30' title='bbox 246 309 377 344; x_wconf 84' lang='grc' dir='ltr'>πολέμου.</span> <span class='ocrx_word' id='word_1_31' title='bbox 405 308 501 344; x_wconf 86' lang='grc' dir='ltr'>Ὅμως</span> <span class='ocrx_word' id='word_1_32' title='bbox 526 308 618 343; x_wconf 82' lang='grc' dir='ltr'>μέντοι</span> <span class='ocrx_word' id='word_1_33' title='bbox 632 307 718 339; x_wconf 76' lang='grc' dir='ltr'>οὕτως</span> <span class='ocrx_word' id='word_1_34' title='bbox 739 307 859 340; x_wconf 83' lang='grc' dir='ltr'><strong>εὐσήμου</strong></span> 
     </span>
    </p>
   </div>
   <div class='ocr_carea' id='block_1_8' title="bbox 89 354 861 392">
    <p class='ocr_par' dir='ltr' id='par_1_8' title="bbox 89 354 861 392">
     <span class='ocr_line' id='line_1_8' title="bbox 89 354 861 392; baseline -0.004 -10"><span class='ocrx_word' id='word_1_35' title='bbox 89 356 132 391; x_wconf 77' lang='grc' dir='ltr'>τῆς</span> <span class='ocrx_word' id='word_1_36' title='bbox 144 356 232 391; x_wconf 78' lang='grc' dir='ltr'>φωνῆς</span> <span class='ocrx_word' id='word_1_37' title='bbox 248 356 439 392; x_wconf 81' lang='grc' dir='ltr'><strong>ὑπαρχούσης,</strong></span> <span class='ocrx_word' id='word_1_38' title='bbox 460 356 488 383; x_wconf 84' lang='grc' dir='ltr'><strong>εί</strong></span> <span class='ocrx_word' id='word_1_39' title='bbox 500 364 538 391; x_wconf 80' lang='grc' dir='ltr'>τῳ</span> <span class='ocrx_word' id='word_1_40' title='bbox 553 355 630 390; x_wconf 81' lang='grc' dir='ltr'>φίλον</span> <span class='ocrx_word' id='word_1_41' title='bbox 645 356 673 382; x_wconf 81' lang='grc' dir='ltr'>ὲν</span> <span class='ocrx_word' id='word_1_42' title='bbox 695 354 861 388; x_wconf 82' lang='grc' dir='ltr'>δοξολογίαις</span> 
     </span>
    </p>
   </div>
   <div class='ocr_carea' id='block_1_9' title="bbox 90 396 865 434">
    <p class='ocr_par' dir='ltr' id='par_1_9' title="bbox 90 396 865 434">
     <span class='ocr_line' id='line_1_9' title="bbox 90 396 865 434; baseline -0.009 -7"><span class='ocrx_word' id='word_1_43' title='bbox 90 403 116 428; x_wconf 78' lang='grc' dir='ltr'><strong>ἐν</strong></span> <span class='ocrx_word' id='word_1_44' title='bbox 134 399 302 434; x_wconf 80' lang='grc' dir='ltr'>Εὑαγγελίοις</span> <span class='ocrx_word' id='word_1_45' title='bbox 321 398 367 426; x_wconf 77' lang='grc' dir='ltr'><strong>ὲπὶ</strong></span> <span class='ocrx_word' id='word_1_46' title='bbox 382 398 430 425; x_wconf 87' lang='grc' dir='ltr'><strong>τοῦ</strong></span> <span class='ocrx_word' id='word_1_47' title='bbox 446 398 634 434; x_wconf 75' lang='grc' dir='ltr'><strong>βαπτίσματος</strong></span> <span class='ocrx_word' id='word_1_48' title='bbox 657 396 865 431; x_wconf 82' lang='grc' dir='ltr'>μεμαθήκαμεν,</span> 
     </span>
    </p>
   </div>
   <div class='ocr_carea' id='block_1_10' title="bbox 91 438 867 481">
    <p class='ocr_par' dir='ltr' id='par_1_10' title="bbox 91 438 867 481">
     <span class='ocr_line' id='line_1_10' title="bbox 91 438 867 481; baseline -0.01 -9"><span class='ocrx_word' id='word_1_49' title='bbox 91 447 189 481; x_wconf 80' lang='grc' dir='ltr'><strong>Πατέρα</strong></span> <span class='ocrx_word' id='word_1_50' title='bbox 199 445 246 472; x_wconf 76' lang='grc' dir='ltr'>καὶ</span> <span class='ocrx_word' id='word_1_51' title='bbox 265 444 329 471; x_wconf 79' lang='grc' dir='ltr'>Υίὸν</span> <span class='ocrx_word' id='word_1_52' title='bbox 345 443 392 470; x_wconf 71' lang='grc' dir='ltr'><strong>καὶ</strong></span> <span class='ocrx_word' id='word_1_53' title='bbox 409 443 485 477; x_wconf 70' lang='grc' dir='ltr'>ἅγιον</span> <span class='ocrx_word' id='word_1_54' title='bbox 502 442 628 476; x_wconf 86' lang='grc' dir='ltr'>Πνεῦμα·</span> <span class='ocrx_word' id='word_1_55' title='bbox 643 441 690 467; x_wconf 69' lang='grc' dir='ltr'><strong>καὶ</strong></span> <span class='ocrx_word' id='word_1_56' title='bbox 707 440 778 467; x_wconf 80' lang='grc' dir='ltr'>οὓτω</span> <span class='ocrx_word' id='word_1_57' title='bbox 793 438 867 473; x_wconf 80' lang='grc' dir='ltr'>γινέ-</span> 
     </span>
    </p>
   </div>
   <div class='ocr_carea' id='block_1_11' title="bbox 90 486 867 525">
    <p class='ocr_par' dir='ltr' id='par_1_11' title="bbox 90 486 867 525">
     <span class='ocr_line' id='line_1_11' title="bbox 90 486 867 525; baseline -0.01 -7"><span class='ocrx_word' id='word_1_58' title='bbox 90 491 150 523; x_wconf 76' lang='grc' dir='ltr'>σθω,</span> <span class='ocrx_word' id='word_1_59' title='bbox 164 491 248 522; x_wconf 78' lang='grc' dir='ltr'>οὐδεὶς</span> <span class='ocrx_word' id='word_1_60' title='bbox 273 490 390 525; x_wconf 82' lang='grc' dir='ltr'><strong>ἀντερεῖ.</strong></span> <span class='ocrx_word' id='word_1_61' title='bbox 415 489 476 515; x_wconf 79' lang='grc' dir='ltr'><strong>Ἐπὶ</strong></span> <span class='ocrx_word' id='word_1_62' title='bbox 497 487 612 519; x_wconf 82' lang='grc' dir='ltr'>τούτοις,</span> <span class='ocrx_word' id='word_1_63' title='bbox 634 488 658 513; x_wconf 85' lang='grc' dir='ltr'><strong>εί</strong></span> <span class='ocrx_word' id='word_1_64' title='bbox 677 486 760 516; x_wconf 59' lang='grc' dir='ltr'>δοιεῖ,</span> <span class='ocrx_word' id='word_1_65' title='bbox 782 493 867 511; x_wconf 83' lang='grc' dir='ltr'>κατα-</span> 
     </span>
    </p>
   </div>
   <div class='ocr_carea' id='block_1_12' title="bbox 87 527 866 572">
    <p class='ocr_par' dir='ltr' id='par_1_12' title="bbox 87 527 866 572">
     <span class='ocr_line' id='line_1_12' title="bbox 87 527 866 572; baseline -0.013 -8"><span class='ocrx_word' id='word_1_66' title='bbox 87 537 199 572; x_wconf 80' lang='grc' dir='ltr'>θώμεθα.</span> <span class='ocrx_word' id='word_1_67' title='bbox 219 535 300 562; x_wconf 82' lang='grc' dir='ltr'>Ἀλλὰ</span> <span class='ocrx_word' id='word_1_68' title='bbox 321 535 370 566; x_wconf 88' lang='grc' dir='ltr'>τὰς</span> <span class='ocrx_word' id='word_1_69' title='bbox 385 534 511 568; x_wconf 82' lang='grc' dir='ltr'><strong>γλώσσας</strong></span> <span class='ocrx_word' id='word_1_70' title='bbox 531 533 564 560; x_wconf 83' lang='grc' dir='ltr'><strong>ἂν</strong></span> <span class='ocrx_word' id='word_1_71' title='bbox 581 532 704 567; x_wconf 81' lang='grc' dir='ltr'>πρόοιντο</span> <span class='ocrx_word' id='word_1_72' title='bbox 723 529 831 566; x_wconf 83' lang='grc' dir='ltr'>μᾶλλον,</span> 
     </span>
    </p>
   </div>
   <div class='ocr_carea' id='block_1_13' title="bbox 88 571 868 618">
    <p class='ocr_par' dir='ltr' id='par_1_13' title="bbox 88 571 868 618">
     <span class='ocr_line' id='line_1_13' title="bbox 88 571 868 618; baseline -0.013 -10"><span class='ocrx_word' id='word_1_73' title='bbox 88 571 133 618; x_wconf 75' lang='grc' dir='ltr'><strong>τὴν</strong></span> <span class='ocrx_word' id='word_1_74' title='bbox 151 580 237 616; x_wconf 77' lang='grc' dir='ltr'>φωνὴν</span> <span class='ocrx_word' id='word_1_75' title='bbox 254 579 356 615; x_wconf 85' lang='grc' dir='ltr'>ταύτην</span> <span class='ocrx_word' id='word_1_76' title='bbox 379 578 508 612; x_wconf 78' lang='grc' dir='ltr'>δέξαιντο.</span> <span class='ocrx_word' id='word_1_77' title='bbox 527 576 611 604; x_wconf 79' lang='grc' dir='ltr'>Τοῦτο</span> <span class='ocrx_word' id='word_1_78' title='bbox 629 576 677 611; x_wconf 82' lang='grc' dir='ltr'>μὲν</span> <span class='ocrx_word' id='word_1_79' title='bbox 691 572 737 601; x_wconf 81' lang='grc' dir='ltr'>οὖν</span> <span class='ocrx_word' id='word_1_80' title='bbox 757 575 840 604; x_wconf 81' lang='grc' dir='ltr'>ἐστιν,</span> <span class='ocrx_word' id='word_1_81' title='bbox 854 571 868 598; x_wconf 74' lang='grc' dir='ltr'>ὅ</span> 
     </span>
    </p>
   </div>
   <div class='ocr_carea' id='block_1_14' title="bbox 88 619 866 662">
    <p class='ocr_par' dir='ltr' id='par_1_14' title="bbox 88 619 866 662">
     <span class='ocr_line' id='line_1_14' title="bbox 88 619 866 662; baseline -0.012 -9"><span class='ocrx_word' id='word_1_82' title='bbox 88 627 131 654; x_wconf 76' lang='grc' dir='ltr'>τὸν</span> <span class='ocrx_word' id='word_1_83' title='bbox 145 627 294 662; x_wconf 80' lang='grc' dir='ltr'>ἀκήρυκτον</span> <span class='ocrx_word' id='word_1_84' title='bbox 306 625 372 660; x_wconf 81' lang='grc' dir='ltr'>ἡμῖν</span> <span class='ocrx_word' id='word_1_85' title='bbox 382 624 428 651; x_wconf 74' lang='grc' dir='ltr'>καὶ</span> <span class='ocrx_word' id='word_1_86' title='bbox 443 623 573 651; x_wconf 76' lang='grc' dir='ltr'>ἄσπονδον</span> <span class='ocrx_word' id='word_1_87' title='bbox 589 622 706 657; x_wconf 81' lang='grc' dir='ltr'>πόλεμον</span> <span class='ocrx_word' id='word_1_88' title='bbox 719 619 866 653; x_wconf 71' lang='grc' dir='ltr'>ἐπεγείρει,</span> 
     </span>
    </p>
   </div>
   <div class='ocr_carea' id='block_1_15' title="bbox 95 664 868 708">
    <p class='ocr_par' dir='ltr' id='par_1_15' title="bbox 95 664 868 708">
     <span class='ocr_line' id='line_1_15' title="bbox 95 664 868 708; baseline -0.012 -9"><span class='ocrx_word' id='word_1_89' title='bbox 95 674 136 699; x_wconf 88' lang='grc' dir='ltr'>Ἐν</span> <span class='ocrx_word' id='word_1_90' title='bbox 157 672 194 708; x_wconf 82' lang='grc' dir='ltr'>τῷ</span> <span class='ocrx_word' id='word_1_91' title='bbox 215 672 364 707; x_wconf 87' lang='grc' dir='ltr'>Πνεύματι,</span> <span class='ocrx_word' id='word_1_92' title='bbox 389 670 466 706; x_wconf 77' lang='grc' dir='ltr'>φησὶ,</span> <span class='ocrx_word' id='word_1_93' title='bbox 482 669 521 705; x_wconf 85' lang='grc' dir='ltr'>τῷ</span> <span class='ocrx_word' id='word_1_94' title='bbox 549 668 618 703; x_wconf 82' lang='grc' dir='ltr'>ἁγίῳ</span> <span class='ocrx_word' id='word_1_95' title='bbox 642 666 692 702; x_wconf 85' lang='grc' dir='ltr'>τὴν</span> <span class='ocrx_word' id='word_1_96' title='bbox 716 664 868 699; x_wconf 80' lang='grc' dir='ltr'>δοξολογίαν</span> 
     </span>
    </p>
   </div>
   <div class='ocr_carea' id='block_1_16' title="bbox 87 710 868 752">
    <p class='ocr_par' dir='ltr' id='par_1_16' title="bbox 87 710 868 752">
     <span class='ocr_line' id='line_1_16' title="bbox 87 710 868 752; baseline -0.013 -7"><span class='ocrx_word' id='word_1_97' title='bbox 87 718 225 746; x_wconf 76' lang='grc' dir='ltr'>ἀποδοτέον</span> <span class='ocrx_word' id='word_1_98' title='bbox 235 717 273 752; x_wconf 87' lang='grc' dir='ltr'>τῷ</span> <span class='ocrx_word' id='word_1_99' title='bbox 285 717 354 752; x_wconf 82' lang='grc' dir='ltr'>Θεῷ,</span> <span class='ocrx_word' id='word_1_100' title='bbox 369 716 430 751; x_wconf 68' lang='grc' dir='ltr'>οὐχ).</span> <span class='ocrx_word' id='word_1_101' title='bbox 445 715 473 742; x_wconf 84' lang='grc' dir='ltr'>δὲ</span> <span class='ocrx_word' id='word_1_102' title='bbox 490 713 584 749; x_wconf 78' lang='grc' dir='ltr'>καὶτῷ</span> <span class='ocrx_word' id='word_1_103' title='bbox 593 713 748 748; x_wconf 88' lang='grc' dir='ltr'>Πνεύματι·</span> <span class='ocrx_word' id='word_1_104' title='bbox 762 710 809 737; x_wconf 68' lang='grc' dir='ltr'><strong>καὶ</strong></span> <span class='ocrx_word' id='word_1_105' title='bbox 822 710 868 736; x_wconf 79' lang='grc' dir='ltr'><strong>ὲκ-</strong></span> 
     </span>
    </p>
   </div>
   <div class='ocr_carea' id='block_1_17' title="bbox 87 757 868 800">
    <p class='ocr_par' dir='ltr' id='par_1_17' title="bbox 87 757 868 800">
     <span class='ocr_line' id='line_1_17' title="bbox 87 757 868 800; baseline -0.012 -9"><span class='ocrx_word' id='word_1_106' title='bbox 87 764 219 800; x_wconf 75' lang='grc' dir='ltr'>ουμὸτατα</span> <span class='ocrx_word' id='word_1_107' title='bbox 241 763 291 798; x_wconf 85' lang='grc' dir='ltr'>τῆς</span> <span class='ocrx_word' id='word_1_108' title='bbox 305 763 396 798; x_wconf 77' lang='grc' dir='ltr'>φωνῆς</span> <span class='ocrx_word' id='word_1_109' title='bbox 420 761 522 797; x_wconf 77' lang='grc' dir='ltr'>ταύτης</span> <span class='ocrx_word' id='word_1_110' title='bbox 541 761 578 792; x_wconf 84' lang='grc' dir='ltr'>ὼς</span> <span class='ocrx_word' id='word_1_111' title='bbox 673 757 868 791; x_wconf 77' lang='grc' dir='ltr'>ταπεινωτιχῆς</span> 
     </span>
    </p>
   </div>
   <div class='ocr_carea' id='block_1_18' title="bbox 85 803 869 845">
    <p class='ocr_par' dir='ltr' id='par_1_18' title="bbox 85 803 869 845">
     <span class='ocr_line' id='line_1_18' title="bbox 85 803 869 845; baseline -0.013 -7"><span class='ocrx_word' id='word_1_112' title='bbox 85 811 132 837; x_wconf 79' lang='grc' dir='ltr'><strong>τοῦ</strong></span> <span class='ocrx_word' id='word_1_113' title='bbox 148 810 303 845; x_wconf 84' lang='grc' dir='ltr'>Πνεύματος</span> <span class='ocrx_word' id='word_1_114' title='bbox 328 808 510 844; x_wconf 75' lang='grc' dir='ltr'>περιέχονται.</span> <span class='ocrx_word' id='word_1_115' title='bbox 529 807 598 842; x_wconf 74' lang='grc' dir='ltr'>Περὶ</span> <span class='ocrx_word' id='word_1_116' title='bbox 610 803 644 842; x_wconf 84' lang='grc' dir='ltr'>ἧς</span> <span class='ocrx_word' id='word_1_117' title='bbox 661 805 710 831; x_wconf 83' lang='grc' dir='ltr'><strong>οὐκ</strong></span> <span class='ocrx_word' id='word_1_118' title='bbox 733 803 869 845; x_wconf 72' lang='grc' dir='ltr'>ἄχρηστον</span> 
     </span>
    </p>
   </div>
   <div class='ocr_carea' id='block_1_19' title="bbox 915 258 1697 294">
    <p class='ocr_par' dir='ltr' id='par_1_19' title="bbox 915 258 1697 294">
     <span class='ocr_line' id='line_1_19' title="bbox 915 258 1697 294; baseline -0.001 -7"><span class='ocrx_word' id='word_1_119' title='bbox 915 258 1163 293; x_wconf 76' lang='lat' dir='ltr'><strong>significantissime</strong></span> <span class='ocrx_word' id='word_1_120' title='bbox 1202 259 1316 287; x_wconf 81' lang='lat' dir='ltr'><strong>reddere</strong></span> <span class='ocrx_word' id='word_1_121' title='bbox 1352 259 1556 294; x_wconf 76' lang='lat' dir='ltr'><strong>coniunctionis</strong></span> <span class='ocrx_word' id='word_1_122' title='bbox 1594 259 1697 286; x_wconf 86' lang='lat' dir='ltr'><strong>intelli-</strong></span> 
     </span>
    </p>
   </div>
   <div class='ocr_carea' id='block_1_20' title="bbox 914 304 1694 340">
    <p class='ocr_par' dir='ltr' id='par_1_20' title="bbox 914 304 1694 340">
     <span class='ocr_line' id='line_1_20' title="bbox 914 304 1694 340; baseline 0.001 -9"><span class='ocrx_word' id='word_1_123' title='bbox 914 306 1045 340; x_wconf 73' lang='lat' dir='ltr'><strong>gentiam,</strong></span> <span class='ocrx_word' id='word_1_124' title='bbox 1074 305 1198 332; x_wconf 78' lang='lat' dir='ltr'><strong>inducias</strong></span> <span class='ocrx_word' id='word_1_125' title='bbox 1213 312 1227 332; x_wconf 89' lang='lat' dir='ltr'><strong>a</strong></span> <span class='ocrx_word' id='word_1_126' title='bbox 1249 305 1337 337; x_wconf 84' lang='lat' dir='ltr'><strong>vobis.</strong></span> <span class='ocrx_word' id='word_1_127' title='bbox 1355 304 1378 333; x_wconf 89' lang='lat' dir='ltr'><strong>si</strong></span> <span class='ocrx_word' id='word_1_128' title='bbox 1410 305 1527 336; x_wconf 84' lang='lat' dir='ltr'><strong>videtur.</strong></span> <span class='ocrx_word' id='word_1_129' title='bbox 1557 305 1694 340; x_wconf 81' lang='lat' dir='ltr'><strong>impetret,</strong></span> 
     </span>
    </p>
   </div>
   <div class='ocr_carea' id='block_1_21' title="bbox 913 350 1697 386">
    <p class='ocr_par' dir='ltr' id='par_1_21' title="bbox 913 350 1697 386">
     <span class='ocr_line' id='line_1_21' title="bbox 913 350 1697 386; baseline -0.003 -7"><span class='ocrx_word' id='word_1_130' title='bbox 913 360 944 379; x_wconf 88' lang='lat' dir='ltr'><strong>ac</strong></span> <span class='ocrx_word' id='word_1_131' title='bbox 969 352 1092 379; x_wconf 84' lang='lat' dir='ltr'><strong>desistite</strong></span> <span class='ocrx_word' id='word_1_132' title='bbox 1121 357 1199 378; x_wconf 76' lang='lat' dir='ltr'><strong>atrox</strong></span> <span class='ocrx_word' id='word_1_133' title='bbox 1226 354 1253 379; x_wconf 87' lang='lat' dir='ltr'><strong>et</strong></span> <span class='ocrx_word' id='word_1_134' title='bbox 1267 351 1438 386; x_wconf 77' lang='lat' dir='ltr'><strong>implacabile</strong></span> <span class='ocrx_word' id='word_1_135' title='bbox 1450 352 1549 378; x_wconf 91' lang='lat' dir='ltr'><strong>bellum</strong></span> <span class='ocrx_word' id='word_1_136' title='bbox 1568 359 1629 378; x_wconf 91' lang='lat' dir='ltr'><strong>cum</strong></span> <span class='ocrx_word' id='word_1_137' title='bbox 1652 350 1697 378; x_wconf 73' lang='lat' dir='ltr'><strong>illa</strong></span> 
     </span>
    </p>
   </div>
   <div class='ocr_carea' id='block_1_22' title="bbox 914 397 1698 434">
    <p class='ocr_par' dir='ltr' id='par_1_22' title="bbox 914 397 1698 434">
     <span class='ocr_line' id='line_1_22' title="bbox 914 397 1698 434; baseline -0.004 -8"><span class='ocrx_word' id='word_1_138' title='bbox 914 406 1018 434; x_wconf 81' lang='lat' dir='ltr'><strong>gerere.</strong></span> <span class='ocrx_word' id='word_1_139' title='bbox 1067 397 1121 426; x_wconf 86' lang='lat' dir='ltr'><strong>Sed</strong></span> <span class='ocrx_word' id='word_1_140' title='bbox 1156 403 1247 426; x_wconf 86' lang='lat' dir='ltr'><strong>tamen</strong></span> <span class='ocrx_word' id='word_1_141' title='bbox 1293 397 1420 434; x_wconf 84' lang='lat' dir='ltr'><strong>quamvis</strong></span> <span class='ocrx_word' id='word_1_142' title='bbox 1457 397 1516 425; x_wconf 77' lang='lat' dir='ltr'><strong>haec</strong></span> <span class='ocrx_word' id='word_1_143' title='bbox 1548 404 1600 424; x_wconf 78' lang='lat' dir='ltr'><strong>vox</strong></span> <span class='ocrx_word' id='word_1_144' title='bbox 1645 402 1698 424; x_wconf 79' lang='lat' dir='ltr'><strong>tam</strong></span> 
     </span>
    </p>
   </div>
   <div class='ocr_carea' id='block_1_23' title="bbox 913 441 1699 481">
    <p class='ocr_par' dir='ltr' id='par_1_23' title="bbox 913 441 1699 481">
     <span class='ocr_line' id='line_1_23' title="bbox 913 441 1699 481; baseline -0.005 -10"><span class='ocrx_word' id='word_1_145' title='bbox 913 450 977 481; x_wconf 78' lang='lat' dir='ltr'><strong>apta</strong></span> <span class='ocrx_word' id='word_1_146' title='bbox 992 445 1028 472; x_wconf 88' lang='lat' dir='ltr'><strong>sit</strong></span> <span class='ocrx_word' id='word_1_147' title='bbox 1047 444 1080 470; x_wconf 90' lang='lat' dir='ltr'><strong>ad</strong></span> <span class='ocrx_word' id='word_1_148' title='bbox 1102 442 1324 478; x_wconf 80' lang='lat' dir='ltr'><strong>signiﬁcandum,</strong></span> <span class='ocrx_word' id='word_1_149' title='bbox 1349 442 1372 470; x_wconf 94' lang='lat' dir='ltr'><strong>si</strong></span> <span class='ocrx_word' id='word_1_150' title='bbox 1397 442 1442 469; x_wconf 90' lang='lat' dir='ltr'><strong>cui</strong></span> <span class='ocrx_word' id='word_1_151' title='bbox 1460 441 1536 469; x_wconf 88' lang='lat' dir='ltr'><strong>cordi</strong></span> <span class='ocrx_word' id='word_1_152' title='bbox 1563 441 1646 468; x_wconf 75' lang='lat' dir='ltr'><strong>fuerit</strong></span> <span class='ocrx_word' id='word_1_153' title='bbox 1673 441 1699 467; x_wconf 90' lang='lat' dir='ltr'><strong>in</strong></span> 
     </span>
    </p>
   </div>
   <div class='ocr_carea' id='block_1_24' title="bbox 915 487 1700 526">
    <p class='ocr_par' dir='ltr' id='par_1_24' title="bbox 915 487 1700 526">
     <span class='ocr_line' id='line_1_24' title="bbox 915 487 1700 526; baseline -0.005 -9"><span class='ocrx_word' id='word_1_154' title='bbox 915 489 1160 526; x_wconf 81' lang='lat' dir='ltr'><strong>gloriﬁcationibus</strong></span> <span class='ocrx_word' id='word_1_155' title='bbox 1176 496 1225 524; x_wconf 92' lang='lat' dir='ltr'><strong>per</strong></span> <span class='ocrx_word' id='word_1_156' title='bbox 1251 488 1385 524; x_wconf 79' lang='lat' dir='ltr'><strong>syllabam</strong></span> <span class='ocrx_word' id='word_1_157' title='bbox 1399 494 1423 516; x_wconf 79' lang='lat' dir='ltr'><strong>et</strong></span> <span class='ocrx_word' id='word_1_158' title='bbox 1451 487 1562 515; x_wconf 88' lang='lat' dir='ltr'><strong>nomina</strong></span> <span class='ocrx_word' id='word_1_159' title='bbox 1595 494 1700 514; x_wconf 89' lang='lat' dir='ltr'><strong>conne-</strong></span> 
     </span>
    </p>
   </div>
   <div class='ocr_carea' id='block_1_25' title="bbox 916 533 1701 571">
    <p class='ocr_par' dir='ltr' id='par_1_25' title="bbox 916 533 1701 571">
     <span class='ocr_line' id='line_1_25' title="bbox 916 533 1701 571; baseline -0.006 -7"><span class='ocrx_word' id='word_1_160' title='bbox 916 543 990 564; x_wconf 77' lang='lat' dir='ltr'><strong>ctere</strong></span> <span class='ocrx_word' id='word_1_161' title='bbox 1008 539 1035 564; x_wconf 82' lang='lat' dir='ltr'><strong>et</strong></span> <span class='ocrx_word' id='word_1_162' title='bbox 1049 535 1202 571; x_wconf 82' lang='lat' dir='ltr'><strong>gloriﬁcare</strong></span> <span class='ocrx_word' id='word_1_163' title='bbox 1217 555 1225 567; x_wconf 83' lang='lat'><strong><em>.</em></strong></span> <span class='ocrx_word' id='word_1_164' title='bbox 1245 533 1474 570; x_wconf 83' lang='lat' dir='ltr'><strong>quemadmodum</strong></span> <span class='ocrx_word' id='word_1_165' title='bbox 1491 533 1519 561; x_wconf 91' lang='lat' dir='ltr'><strong>in</strong></span> <span class='ocrx_word' id='word_1_166' title='bbox 1533 533 1701 568; x_wconf 82' lang='lat' dir='ltr'><strong>Evangeliis.</strong></span> 
     </span>
    </p>
   </div>
   <div class='ocr_carea' id='block_1_26' title="bbox 917 578 1704 617">
    <p class='ocr_par' dir='ltr' id='par_1_26' title="bbox 917 578 1704 617">
     <span class='ocr_line' id='line_1_26' title="bbox 917 578 1704 617; baseline -0.006 -7"><span class='ocrx_word' id='word_1_167' title='bbox 917 582 963 610; x_wconf 85' lang='lat' dir='ltr'><strong>ubi</strong></span> <span class='ocrx_word' id='word_1_168' title='bbox 976 581 1009 610; x_wconf 90' lang='lat' dir='ltr'><strong>de</strong></span> <span class='ocrx_word' id='word_1_169' title='bbox 1024 581 1196 617; x_wconf 71' lang='lat' dir='ltr'><strong>baptismate,</strong></span> <span class='ocrx_word' id='word_1_170' title='bbox 1214 580 1372 612; x_wconf 86' lang='lat' dir='ltr'><strong>didicimus,</strong></span> <span class='ocrx_word' id='word_1_171' title='bbox 1391 579 1500 608; x_wconf 84' lang='lat' dir='ltr'><strong>Patrem</strong></span> <span class='ocrx_word' id='word_1_172' title='bbox 1517 583 1544 607; x_wconf 91' lang='lat' dir='ltr'><strong>et</strong></span> <span class='ocrx_word' id='word_1_173' title='bbox 1565 578 1664 606; x_wconf 85' lang='lat' dir='ltr'><strong>Filium</strong></span> <span class='ocrx_word' id='word_1_174' title='bbox 1676 582 1704 606; x_wconf 76' lang='lat' dir='ltr'><strong>et</strong></span> 
     </span>
    </p>
   </div>
   <div class='ocr_carea' id='block_1_27' title="bbox 918 623 1705 663">
    <p class='ocr_par' dir='ltr' id='par_1_27' title="bbox 918 623 1705 663">
     <span class='ocr_line' id='line_1_27' title="bbox 918 623 1705 663; baseline -0.006 -8"><span class='ocrx_word' id='word_1_175' title='bbox 918 627 1049 663; x_wconf 85' lang='lat' dir='ltr'><strong>Spiritum</strong></span> <span class='ocrx_word' id='word_1_176' title='bbox 1064 630 1189 655; x_wconf 89' lang='lat' dir='ltr'><strong>sanctum</strong></span> <span class='ocrx_word' id='word_1_177' title='bbox 1205 636 1213 660; x_wconf 83' lang='lat'><strong>;</strong></span> <span class='ocrx_word' id='word_1_178' title='bbox 1229 626 1310 654; x_wconf 85' lang='lat' dir='ltr'><strong>etiam</strong></span> <span class='ocrx_word' id='word_1_179' title='bbox 1329 625 1366 653; x_wconf 87' lang='lat' dir='ltr'><strong>ita</strong></span> <span class='ocrx_word' id='word_1_180' title='bbox 1387 625 1444 658; x_wconf 87' lang='lat' dir='ltr'><strong>ﬁat,</strong></span> <span class='ocrx_word' id='word_1_181' title='bbox 1460 632 1540 653; x_wconf 87' lang='lat' dir='ltr'><strong>nemo</strong></span> <span class='ocrx_word' id='word_1_182' title='bbox 1563 623 1705 652; x_wconf 83' lang='lat' dir='ltr'><strong>contradi-</strong></span> 
     </span>
    </p>
   </div>
   <div class='ocr_carea' id='block_1_28' title="bbox 917 672 1707 706">
    <p class='ocr_par' dir='ltr' id='par_1_28' title="bbox 917 672 1707 706">
     <span class='ocr_line' id='line_1_28' title="bbox 917 672 1707 706; baseline -0.005 -4"><span class='ocrx_word' id='word_1_183' title='bbox 917 679 1013 703; x_wconf 88' lang='lat' dir='ltr'><strong>cturus</strong></span> <span class='ocrx_word' id='word_1_184' title='bbox 1031 678 1084 703; x_wconf 86' lang='lat' dir='ltr'><strong>est.</strong></span> <span class='ocrx_word' id='word_1_185' title='bbox 1104 673 1161 701; x_wconf 81' lang='lat' dir='ltr'><strong>Hac</strong></span> <span class='ocrx_word' id='word_1_186' title='bbox 1189 674 1356 706; x_wconf 82' lang='lat' dir='ltr'><strong>conditione,</strong></span> <span class='ocrx_word' id='word_1_187' title='bbox 1372 673 1396 701; x_wconf 91' lang='lat' dir='ltr'><strong>si</strong></span> <span class='ocrx_word' id='word_1_188' title='bbox 1415 673 1534 706; x_wconf 86' lang='lat' dir='ltr'><strong>videtur,</strong></span> <span class='ocrx_word' id='word_1_189' title='bbox 1563 672 1635 700; x_wconf 86' lang='lat' dir='ltr'><strong>inter</strong></span> <span class='ocrx_word' id='word_1_190' title='bbox 1651 678 1707 699; x_wconf 80' lang='lat' dir='ltr'><strong>nos</strong></span> 
     </span>
    </p>
   </div>
   <div class='ocr_carea' id='block_1_29' title="bbox 919 717 1703 754">
    <p class='ocr_par' dir='ltr' id='par_1_29' title="bbox 919 717 1703 754">
     <span class='ocr_line' id='line_1_29' title="bbox 919 717 1703 754; baseline -0.005 -6"><span class='ocrx_word' id='word_1_191' title='bbox 919 721 1133 749; x_wconf 77' lang='lat' dir='ltr'><strong>consentiamus.</strong></span> <span class='ocrx_word' id='word_1_192' title='bbox 1163 719 1217 747; x_wconf 89' lang='lat' dir='ltr'><strong>Sed</strong></span> <span class='ocrx_word' id='word_1_193' title='bbox 1234 720 1279 748; x_wconf 84' lang='lat' dir='ltr'><strong>isti</strong></span> <span class='ocrx_word' id='word_1_194' title='bbox 1308 719 1391 747; x_wconf 82' lang='lat' dir='ltr'><strong>citius</strong></span> <span class='ocrx_word' id='word_1_195' title='bbox 1408 718 1559 754; x_wconf 84' lang='lat' dir='ltr'><strong>abjecerint</strong></span> <span class='ocrx_word' id='word_1_196' title='bbox 1582 717 1703 751; x_wconf 72' lang='lat' dir='ltr'><strong>linguas,</strong></span> 
     </span>
    </p>
   </div>
   <div class='ocr_carea' id='block_1_30' title="bbox 919 763 1709 802">
    <p class='ocr_par' dir='ltr' id='par_1_30' title="bbox 919 763 1709 802">
     <span class='ocr_line' id='line_1_30' title="bbox 919 763 1709 802; baseline -0.004 -9"><span class='ocrx_word' id='word_1_197' title='bbox 919 774 1000 802; x_wconf 88' lang='lat' dir='ltr'><strong>quam</strong></span> <span class='ocrx_word' id='word_1_198' title='bbox 1020 766 1092 793; x_wconf 89' lang='lat' dir='ltr'><strong>hanc</strong></span> <span class='ocrx_word' id='word_1_199' title='bbox 1110 773 1205 793; x_wconf 86' lang='lat' dir='ltr'><strong>vocem</strong></span> <span class='ocrx_word' id='word_1_200' title='bbox 1227 765 1372 800; x_wconf 80' lang='lat' dir='ltr'><strong>recipiant.</strong></span> <span class='ocrx_word' id='word_1_201' title='bbox 1394 764 1450 792; x_wconf 86' lang='lat' dir='ltr'><strong>Hoc</strong></span> <span class='ocrx_word' id='word_1_202' title='bbox 1464 765 1548 800; x_wconf 90' lang='lat' dir='ltr'><strong>igitur</strong></span> <span class='ocrx_word' id='word_1_203' title='bbox 1563 767 1616 795; x_wconf 87' lang='lat' dir='ltr'><strong>est,</strong></span> <span class='ocrx_word' id='word_1_204' title='bbox 1631 763 1709 798; x_wconf 52' lang='lat' dir='ltr'><strong>quodI</strong></span> 
     </span>
    </p>
   </div>
   <div class='ocr_carea' id='block_1_31' title="bbox 921 810 1704 840">
    <p class='ocr_par' dir='ltr' id='par_1_31' title="bbox 921 810 1704 840">
     <span class='ocr_line' id='line_1_31' title="bbox 921 810 1704 840; baseline -0.003 -1"><span class='ocrx_word' id='word_1_205' title='bbox 921 813 999 840; x_wconf 88' lang='lat' dir='ltr'><strong>nobis</strong></span> <span class='ocrx_word' id='word_1_206' title='bbox 1019 812 1184 839; x_wconf 87' lang='lat' dir='ltr'><strong>acerrimum</strong></span> <span class='ocrx_word' id='word_1_207' title='bbox 1212 819 1244 839; x_wconf 93' lang='lat' dir='ltr'><strong>ac</strong></span> <span class='ocrx_word' id='word_1_208' title='bbox 1272 811 1501 839; x_wconf 85' lang='lat' dir='ltr'><strong>irreconciliabile</strong></span> <span class='ocrx_word' id='word_1_209' title='bbox 1528 810 1628 838; x_wconf 87' lang='lat' dir='ltr'><strong>bellum</strong></span> <span class='ocrx_word' id='word_1_210' title='bbox 1658 817 1704 837; x_wconf 77' lang='lat' dir='ltr'><strong>ex-</strong></span> 
     </span>
    </p>
   </div>
   <div class='ocr_carea' id='block_1_32' title="bbox 86 844 866 890">
    <p class='ocr_par' dir='ltr' id='par_1_32' title="bbox 86 844 866 890">
     <span class='ocr_line' id='line_1_32' title="bbox 86 844 866 890; baseline -0.014 -7"><span class='ocrx_word' id='word_1_211' title='bbox 86 856 133 883; x_wconf 70' lang='grc' dir='ltr'><strong>καὶ</strong></span> <span class='ocrx_word' id='word_1_212' title='bbox 154 856 196 882; x_wconf 79' lang='grc' dir='ltr'>διὰ</span> <span class='ocrx_word' id='word_1_213' title='bbox 217 844 392 890; x_wconf 80' lang='grc' dir='ltr'>μακροτέρων</span> <span class='ocrx_word' id='word_1_214' title='bbox 413 854 509 880; x_wconf 81' lang='grc' dir='ltr'>είπεῖν.</span> <span class='ocrx_word' id='word_1_215' title='bbox 526 849 576 878; x_wconf 83' lang='grc' dir='ltr'>Ὧν</span> <span class='ocrx_word' id='word_1_216' title='bbox 595 849 760 878; x_wconf 83' lang='grc' dir='ltr'>ἀκούσαντες</span> <span class='ocrx_word' id='word_1_217' title='bbox 784 844 866 879; x_wconf 69' lang='grc' dir='ltr'>οὗτοι,</span> 
     </span>
    </p>
   </div>
   <div class='ocr_carea' id='block_1_33' title="bbox 84 891 869 937">
    <p class='ocr_par' dir='ltr' id='par_1_33' title="bbox 84 891 869 937">
     <span class='ocr_line' id='line_1_33' title="bbox 84 891 869 937; baseline -0.015 -8"><span class='ocrx_word' id='word_1_218' title='bbox 84 901 272 937; x_wconf 82' lang='grc' dir='ltr'>θαυμάσαιμεν</span> <span class='ocrx_word' id='word_1_219' title='bbox 288 900 331 932; x_wconf 79' lang='grc' dir='ltr'><strong>ἂν,</strong></span> <span class='ocrx_word' id='word_1_220' title='bbox 348 901 371 926; x_wconf 82' lang='grc' dir='ltr'><strong>εί</strong></span> <span class='ocrx_word' id='word_1_221' title='bbox 390 899 426 935; x_wconf 82' lang='grc' dir='ltr'>μὴ</span> <span class='ocrx_word' id='word_1_222' title='bbox 440 899 478 931; x_wconf 84' lang='grc' dir='ltr'>ὡς</span> <span class='ocrx_word' id='word_1_223' title='bbox 492 897 615 933; x_wconf 75' lang='grc' dir='ltr'>προδότιν</span> <span class='ocrx_word' id='word_1_224' title='bbox 634 895 728 929; x_wconf 80' lang='grc' dir='ltr'>αὐτὴν,</span> <span class='ocrx_word' id='word_1_225' title='bbox 743 891 869 928; x_wconf 72' lang='grc' dir='ltr'>καὶπρὸς</span> 
     </span>
    </p>
   </div>
   <div class='ocr_carea' id='block_1_34' title="bbox 84 937 869 983">
    <p class='ocr_par' dir='ltr' id='par_1_34' title="bbox 84 937 869 983">
     <span class='ocr_line' id='line_1_34' title="bbox 84 937 869 983; baseline -0.015 -8"><span class='ocrx_word' id='word_1_226' title='bbox 84 948 135 983; x_wconf 81' lang='grc' dir='ltr'><strong>τὴν</strong></span> <span class='ocrx_word' id='word_1_227' title='bbox 159 947 204 974; x_wconf 76' lang='grc' dir='ltr'><strong>τοῦ</strong></span> <span class='ocrx_word' id='word_1_228' title='bbox 220 947 377 982; x_wconf 82' lang='grc' dir='ltr'>Πνεύματος</span> <span class='ocrx_word' id='word_1_229' title='bbox 401 944 478 977; x_wconf 74' lang='grc' dir='ltr'>δόξαν</span> <span class='ocrx_word' id='word_1_230' title='bbox 505 940 706 977; x_wconf 80' lang='grc' dir='ltr'>αὐτομολοῦσαν</span> <span class='ocrx_word' id='word_1_231' title='bbox 729 937 869 972; x_wconf 79' lang='grc' dir='ltr'>ἀποκηρύ-</span> 
     </span>
    </p>
   </div>
   <div class='ocr_carea' id='block_1_35' title="bbox 82 994 172 1027">
    <p class='ocr_par' dir='ltr' id='par_1_35' title="bbox 82 994 172 1027">
     <span class='ocr_line' id='line_1_35' title="bbox 82 994 172 1027; baseline 0.022 -7"><span class='ocrx_word' id='word_1_232' title='bbox 82 994 160 1027; x_wconf 71' lang='grc' dir='ltr'>ξωσιν</span> <span class='ocrx_word' id='word_1_233' title='bbox 166 1017 172 1022; x_wconf 86' lang='grc'><strong>.</strong></span> 
     </span>
    </p>
   </div>
   <div class='ocr_carea' id='block_1_36' title="bbox 914 855 1705 892">
    <p class='ocr_par' dir='ltr' id='par_1_36' title="bbox 914 855 1705 892">
     <span class='ocr_line' id='line_1_36' title="bbox 914 855 1705 892; baseline -0.004 -9"><span class='ocrx_word' id='word_1_234' title='bbox 914 857 996 884; x_wconf 66' lang='lat' dir='ltr'><strong>citat.</strong></span> <span class='ocrx_word' id='word_1_235' title='bbox 1014 855 1041 883; x_wconf 85' lang='lat' dir='ltr'><strong>In</strong></span> <span class='ocrx_word' id='word_1_236' title='bbox 1063 855 1166 891; x_wconf 77' lang='lat' dir='ltr'><strong>Spiritu</strong></span> <span class='ocrx_word' id='word_1_237' title='bbox 1180 861 1276 884; x_wconf 90' lang='lat' dir='ltr'><strong>sancto</strong></span> <span class='ocrx_word' id='word_1_238' title='bbox 1289 876 1298 889; x_wconf 84' lang='lat'><strong>,</strong></span> <span class='ocrx_word' id='word_1_239' title='bbox 1319 856 1447 892; x_wconf 81' lang='lat' dir='ltr'><strong>inquiunt</strong></span> <span class='ocrx_word' id='word_1_240' title='bbox 1459 876 1466 888; x_wconf 87' lang='lat'><strong>,</strong></span> <span class='ocrx_word' id='word_1_241' title='bbox 1486 855 1575 883; x_wconf 89' lang='lat' dir='ltr'><strong>danda</strong></span> <span class='ocrx_word' id='word_1_242' title='bbox 1592 858 1634 882; x_wconf 85' lang='lat' dir='ltr'><strong>est</strong></span> <span class='ocrx_word' id='word_1_243' title='bbox 1651 855 1705 890; x_wconf 86' lang='lat' dir='ltr'><strong>glo-</strong></span> 
     </span>
    </p>
   </div>
   <div class='ocr_carea' id='block_1_37' title="bbox 921 901 1705 938">
    <p class='ocr_par' dir='ltr' id='par_1_37' title="bbox 921 901 1705 938">
     <span class='ocr_line' id='line_1_37' title="bbox 921 901 1705 938; baseline -0.004 -8"><span class='ocrx_word' id='word_1_244' title='bbox 921 903 961 930; x_wconf 83' lang='lat' dir='ltr'><strong>ria</strong></span> <span class='ocrx_word' id='word_1_245' title='bbox 983 903 1047 935; x_wconf 84' lang='lat' dir='ltr'><strong>Deo,</strong></span> <span class='ocrx_word' id='word_1_246' title='bbox 1068 910 1124 930; x_wconf 90' lang='lat' dir='ltr'><strong>non</strong></span> <span class='ocrx_word' id='word_1_247' title='bbox 1148 907 1238 930; x_wconf 88' lang='lat' dir='ltr'><strong>autem</strong></span> <span class='ocrx_word' id='word_1_248' title='bbox 1267 907 1294 930; x_wconf 88' lang='lat' dir='ltr'><strong>et</strong></span> <span class='ocrx_word' id='word_1_249' title='bbox 1309 902 1423 938; x_wconf 87' lang='lat' dir='ltr'><strong>Spiritui</strong></span> <span class='ocrx_word' id='word_1_250' title='bbox 1441 911 1447 929; x_wconf 93' lang='lat'><strong>:</strong></span> <span class='ocrx_word' id='word_1_251' title='bbox 1469 906 1550 937; x_wconf 90' lang='lat' dir='ltr'><strong>atque</strong></span> <span class='ocrx_word' id='word_1_252' title='bbox 1573 901 1705 928; x_wconf 81' lang='lat' dir='ltr'><strong>acerrime</strong></span> 
     </span>
    </p>
   </div>
   <div class='ocr_carea' id='block_1_38' title="bbox 921 944 1699 982">
    <p class='ocr_par' dir='ltr' id='par_1_38' title="bbox 921 944 1699 982">
     <span class='ocr_line' id='line_1_38' title="bbox 921 944 1699 982; baseline -0.006 -7"><span class='ocrx_word' id='word_1_253' title='bbox 921 948 986 976; x_wconf 84' lang='lat' dir='ltr'><strong>huic</strong></span> <span class='ocrx_word' id='word_1_254' title='bbox 1010 948 1070 976; x_wconf 86' lang='lat' dir='ltr'><strong>voci</strong></span> <span class='ocrx_word' id='word_1_255' title='bbox 1101 951 1234 982; x_wconf 81' lang='lat' dir='ltr'><strong>tanquam</strong></span> <span class='ocrx_word' id='word_1_256' title='bbox 1263 946 1395 982; x_wconf 87' lang='lat' dir='ltr'><strong>Spiritum</strong></span> <span class='ocrx_word' id='word_1_257' title='bbox 1429 945 1593 982; x_wconf 86' lang='lat' dir='ltr'><strong>deprimenti</strong></span> <span class='ocrx_word' id='word_1_258' title='bbox 1618 944 1699 971; x_wconf 35' lang='lat' dir='ltr'><strong>adhuc.</strong></span> 
     </span>
    </p>
   </div>
   <div class='ocr_carea' id='block_1_39' title="bbox 922 990 1705 1028">
    <p class='ocr_par' dir='ltr' id='par_1_39' title="bbox 922 990 1705 1028">
     <span class='ocr_line' id='line_1_39' title="bbox 922 990 1705 1028; baseline -0.005 -7"><span class='ocrx_word' id='word_1_259' title='bbox 922 998 1045 1022; x_wconf 87' lang='lat' dir='ltr'><strong>rescunt.</strong></span> <span class='ocrx_word' id='word_1_260' title='bbox 1060 993 1097 1020; x_wconf 90' lang='lat' dir='ltr'><strong>De</strong></span> <span class='ocrx_word' id='word_1_261' title='bbox 1114 1001 1168 1028; x_wconf 85' lang='lat' dir='ltr'><strong>qua</strong></span> <span class='ocrx_word' id='word_1_262' title='bbox 1180 1001 1236 1020; x_wconf 92' lang='lat' dir='ltr'><strong>non</strong></span> <span class='ocrx_word' id='word_1_263' title='bbox 1253 993 1349 1021; x_wconf 82' lang='lat' dir='ltr'><strong>inutile</strong></span> <span class='ocrx_word' id='word_1_264' title='bbox 1363 993 1445 1021; x_wconf 84' lang='lat' dir='ltr'><strong>fuerit</strong></span> <span class='ocrx_word' id='word_1_265' title='bbox 1459 991 1593 1027; x_wconf 79' lang='lat' dir='ltr'><strong>prolixius</strong></span> <span class='ocrx_word' id='word_1_266' title='bbox 1606 990 1705 1018; x_wconf 75' lang='lat' dir='ltr'><strong>dicere.</strong></span> 
     </span>
    </p>
   </div>
   <div class='ocr_carea' id='block_1_40' title="bbox 921 1039 1705 1075">
    <p class='ocr_par' dir='ltr' id='par_1_40' title="bbox 921 1039 1705 1075">
     <span class='ocr_line' id='line_1_40' title="bbox 921 1039 1705 1075; baseline -0.009 -6"><span class='ocrx_word' id='word_1_267' title='bbox 921 1042 989 1075; x_wconf 68' lang='lat' dir='ltr'><strong>Qua:</strong></span> <span class='ocrx_word' id='word_1_268' title='bbox 1016 1047 1078 1068; x_wconf 90' lang='lat' dir='ltr'><strong>cum</strong></span> <span class='ocrx_word' id='word_1_269' title='bbox 1098 1039 1235 1067; x_wconf 85' lang='lat' dir='ltr'><strong>audierint</strong></span> <span class='ocrx_word' id='word_1_270' title='bbox 1252 1040 1308 1072; x_wconf 89' lang='lat' dir='ltr'><strong>isti,</strong></span> <span class='ocrx_word' id='word_1_271' title='bbox 1340 1039 1508 1070; x_wconf 88' lang='lat' dir='ltr'><strong>demirabor,</strong></span> <span class='ocrx_word' id='word_1_272' title='bbox 1532 1039 1555 1066; x_wconf 89' lang='lat' dir='ltr'><strong>si</strong></span> <span class='ocrx_word' id='word_1_273' title='bbox 1573 1044 1628 1064; x_wconf 91' lang='lat' dir='ltr'><strong>non</strong></span> <span class='ocrx_word' id='word_1_274' title='bbox 1648 1043 1705 1063; x_wconf 83' lang='lat' dir='ltr'><strong>eam</strong></span> 
     </span>
    </p>
   </div>
   <div class='ocr_carea' id='block_1_41' title="bbox 924 1082 1705 1121">
    <p class='ocr_par' dir='ltr' id='par_1_41' title="bbox 924 1082 1705 1121">
     <span class='ocr_line' id='line_1_41' title="bbox 924 1082 1705 1121; baseline -0.008 -7"><span class='ocrx_word' id='word_1_275' title='bbox 924 1091 953 1114; x_wconf 92' lang='lat' dir='ltr'><strong>ut</strong></span> <span class='ocrx_word' id='word_1_276' title='bbox 972 1085 1150 1121; x_wconf 90' lang='lat' dir='ltr'><strong>proditricem</strong></span> <span class='ocrx_word' id='word_1_277' title='bbox 1170 1088 1197 1113; x_wconf 85' lang='lat' dir='ltr'><strong>et</strong></span> <span class='ocrx_word' id='word_1_278' title='bbox 1215 1085 1249 1112; x_wconf 88' lang='lat' dir='ltr'><strong>ad</strong></span> <span class='ocrx_word' id='word_1_279' title='bbox 1267 1084 1387 1120; x_wconf 84' lang='lat' dir='ltr'><strong>Spiritus</strong></span> <span class='ocrx_word' id='word_1_280' title='bbox 1403 1083 1517 1120; x_wconf 77' lang='lat' dir='ltr'><strong>gloriam</strong></span> <span class='ocrx_word' id='word_1_281' title='bbox 1532 1082 1605 1110; x_wconf 92' lang='lat' dir='ltr'><strong>ultro</strong></span> <span class='ocrx_word' id='word_1_282' title='bbox 1615 1085 1705 1109; x_wconf 87' lang='lat' dir='ltr'><strong>trans-</strong></span> 
     </span>
    </p>
   </div>
   <div class='ocr_carea' id='block_1_42' title="bbox 925 1131 1226 1168">
    <p class='ocr_par' dir='ltr' id='par_1_42' title="bbox 925 1131 1226 1168">
     <span class='ocr_line' id='line_1_42' title="bbox 925 1131 1226 1168; baseline 0 -10"><span class='ocrx_word' id='word_1_283' title='bbox 925 1132 1016 1168; x_wconf 73' lang='lat' dir='ltr'><strong>fugam</strong></span> <span class='ocrx_word' id='word_1_284' title='bbox 1034 1131 1226 1167; x_wconf 88' lang='lat' dir='ltr'><strong>repudiabunt.</strong></span> 
     </span>
    </p>
   </div>
   <div class='ocr_carea' id='block_1_43' title="bbox 918 1183 1704 1218">
    <p class='ocr_par' dir='ltr' id='par_1_43' title="bbox 918 1183 1704 1218">
     <span class='ocr_line' id='line_1_43' title="bbox 918 1183 1704 1218; baseline 0.003 -8"><span class='ocrx_word' id='word_1_285' title='bbox 918 1183 1057 1218; x_wconf 72' lang='lat' dir='ltr'><strong>Ejusdem.</strong></span> <span class='ocrx_word' id='word_1_286' title='bbox 1074 1184 1144 1217; x_wconf 81' lang='lat' dir='ltr'><strong>Quot</strong></span> <span class='ocrx_word' id='word_1_287' title='bbox 1159 1186 1244 1212; x_wconf 80' lang='lat' dir='ltr'><strong>modis</strong></span> <span class='ocrx_word' id='word_1_288' title='bbox 1255 1186 1354 1213; x_wconf 79' lang='lat' dir='ltr'><strong>dicitur</strong></span> <span class='ocrx_word' id='word_1_289' title='bbox 1365 1187 1433 1217; x_wconf 63' lang='lat' dir='ltr'><strong>«in.»</strong></span> <span class='ocrx_word' id='word_1_290' title='bbox 1451 1187 1559 1214; x_wconf 75' lang='lat' dir='ltr'><strong>totidem</strong></span> <span class='ocrx_word' id='word_1_291' title='bbox 1575 1185 1659 1213; x_wconf 70' lang='lat' dir='ltr'><strong>modia</strong></span> <span class='ocrx_word' id='word_1_292' title='bbox 1671 1186 1704 1212; x_wconf 72' lang='lat' dir='ltr'><strong>de</strong></span> 
     </span>
    </p>
   </div>
   <div class='ocr_carea' id='block_1_44' title="bbox 1121 1220 1496 1256">
    <p class='ocr_par' dir='ltr' id='par_1_44' title="bbox 1121 1220 1496 1256">
     <span class='ocr_line' id='line_1_44' title="bbox 1121 1220 1496 1256; baseline 0.003 -8"><span class='ocrx_word' id='word_1_293' title='bbox 1121 1220 1224 1256; x_wconf 82' lang='lat' dir='ltr'><strong>Spiritu</strong></span> <span class='ocrx_word' id='word_1_294' title='bbox 1236 1222 1335 1256; x_wconf 78' lang='lat' dir='ltr'><strong>accipi.</strong></span> <span class='ocrx_word' id='word_1_295' title='bbox 1351 1221 1435 1255; x_wconf 83' lang='lat' dir='ltr'><strong>Caput</strong></span> <span class='ocrx_word' id='word_1_296' title='bbox 1450 1223 1496 1249; x_wconf 76' lang='lat'><strong>26.</strong></span> 
     </span>
    </p>
   </div>
   <div class='ocr_carea' id='block_1_45' title="bbox 885 880 905 907">
    <p class='ocr_par' dir='ltr' id='par_1_45' title="bbox 885 880 905 907">
     <span class='ocr_line' id='line_1_45' title="bbox 885 880 905 907; baseline 0 0"><span class='ocrx_word' id='word_1_297' title='bbox 885 880 905 907; x_wconf 82' lang='grc' dir='ltr'><strong>Β</strong></span> 
     </span>
    </p>
   </div>
   <div class='ocr_carea' id='block_1_46' title="bbox 87 1182 869 1219">
    <p class='ocr_par' dir='ltr' id='par_1_46' title="bbox 87 1182 869 1219">
     <span class='ocr_line' id='line_1_46' title="bbox 87 1182 869 1219; baseline 0.003 -8"><span class='ocrx_word' id='word_1_298' title='bbox 87 1182 145 1212; x_wconf 78' lang='grc' dir='ltr'>ΐοῦ</span> <span class='ocrx_word' id='word_1_299' title='bbox 151 1183 453 1219; x_wconf 22' lang='grc' dir='ltr'>αὑτοῦκότινὸσαχῶς</span> <span class='ocrx_word' id='word_1_300' title='bbox 460 1183 577 1219; x_wconf 70' lang='grc' dir='ltr'>λέγεται</span> <span class='ocrx_word' id='word_1_301' title='bbox 586 1185 620 1212; x_wconf 79' lang='grc' dir='ltr'>τὸ</span> <span class='ocrx_word' id='word_1_302' title='bbox 633 1193 642 1210; x_wconf 82' lang='grc' dir='ltr'><strong>ι</strong></span> <span class='ocrx_word' id='word_1_303' title='bbox 654 1185 690 1212; x_wconf 75' lang='grc' dir='ltr'>ἐν</span> <span class='ocrx_word' id='word_1_304' title='bbox 701 1195 710 1212; x_wconf 69' lang='grc' dir='ltr'><strong><em>υ</em></strong></span> <span class='ocrx_word' id='word_1_305' title='bbox 722 1193 869 1213; x_wconf 80' lang='grc' dir='ltr'>τοσαυτα-</span> 
     </span>
    </p>
   </div>
   <div class='ocr_carea' id='block_1_47' title="bbox 124 1218 864 1255">
    <p class='ocr_par' dir='ltr' id='par_1_47' title="bbox 124 1218 864 1255">
     <span class='ocr_line' id='line_1_47' title="bbox 124 1218 864 1255; baseline 0.005 -11"><span class='ocrx_word' id='word_1_306' title='bbox 124 1218 180 1251; x_wconf 79' lang='grc' dir='ltr'>χῶς</span> <span class='ocrx_word' id='word_1_307' title='bbox 196 1219 257 1255; x_wconf 34' lang='grc' dir='ltr'>,καὶ</span> <span class='ocrx_word' id='word_1_308' title='bbox 287 1218 336 1255; x_wconf 52' lang='lat' dir='ltr'><strong>sui</strong></span> <span class='ocrx_word' id='word_1_309' title='bbox 367 1218 421 1246; x_wconf 82' lang='grc' dir='ltr'><strong>τοῦ</strong></span> <span class='ocrx_word' id='word_1_310' title='bbox 456 1218 631 1254; x_wconf 60' lang='lat' dir='ltr'><strong>Ila-summe</strong></span> <span class='ocrx_word' id='word_1_311' title='bbox 669 1220 864 1255; x_wconf 71' lang='grc' dir='ltr'>λαμϐάνεται.</span> 
     </span>
    </p>
   </div>
   <div class='ocr_carea' id='block_1_48' title="bbox 123 1253 306 1288">
    <p class='ocr_par' dir='ltr' id='par_1_48' title="bbox 123 1253 306 1288">
     <span class='ocr_line' id='line_1_48' title="bbox 123 1253 306 1288; baseline 0.005 -8"><span class='ocrx_word' id='word_1_312' title='bbox 123 1253 234 1288; x_wconf 73' lang='grc' dir='ltr'><em>Κεφὰλ,</em></span> <span class='ocrx_word' id='word_1_313' title='bbox 248 1253 306 1286; x_wconf 79' lang='grc' dir='ltr'>κς·’.</span> 
     </span>
    </p>
   </div>
   <div class='ocr_carea' id='block_1_49' title="bbox 128 1309 867 1349">
    <p class='ocr_par' dir='ltr' id='par_1_49' title="bbox 128 1311 867 1349">
     <span class='ocr_line' id='line_1_49' title="bbox 128 1311 867 1349; baseline 0.004 -11"><span class='ocrx_word' id='word_1_314' title='bbox 128 1311 248 1348; x_wconf 83' lang='grc' dir='ltr'>Ὁσαχῶς</span> <span class='ocrx_word' id='word_1_315' title='bbox 263 1311 374 1346; x_wconf 78' lang='grc' dir='ltr'>λέγεται</span> <span class='ocrx_word' id='word_1_316' title='bbox 392 1312 423 1339; x_wconf 73' lang='grc' dir='ltr'>τὸ</span> <span class='ocrx_word' id='word_1_317' title='bbox 439 1312 484 1346; x_wconf 77' lang='grc' dir='ltr'>ἐν,</span> <span class='ocrx_word' id='word_1_318' title='bbox 508 1313 685 1348; x_wconf 81' lang='grc' dir='ltr'>τοσαυταχῶς</span> <span class='ocrx_word' id='word_1_319' title='bbox 703 1313 867 1349; x_wconf 79' lang='grc' dir='ltr'>εὑρίσκομεν</span> 
     </span>
    </p>
   </div>
   <div class='ocr_carea' id='block_1_50' title="bbox 961 1309 1700 1349">
    <p class='ocr_par' dir='ltr' id='par_1_50' title="bbox 961 1309 1700 1344">
     <span class='ocr_line' id='line_1_50' title="bbox 961 1309 1700 1344; baseline 0.004 -7"><span class='ocrx_word' id='word_1_320' title='bbox 961 1309 1024 1344; x_wconf 63' lang='lat' dir='ltr'><strong>)uot</strong></span> <span class='ocrx_word' id='word_1_321' title='bbox 1037 1310 1125 1338; x_wconf 89' lang='lat' dir='ltr'><strong>modis</strong></span> <span class='ocrx_word' id='word_1_322' title='bbox 1144 1310 1245 1338; x_wconf 87' lang='lat' dir='ltr'><strong>dicitur</strong></span> <span class='ocrx_word' id='word_1_323' title='bbox 1259 1312 1298 1341; x_wconf 84' lang='lat' dir='ltr'><strong>in.</strong></span> <span class='ocrx_word' id='word_1_324' title='bbox 1315 1311 1426 1339; x_wconf 85' lang='lat' dir='ltr'><strong>totidem</strong></span> <span class='ocrx_word' id='word_1_325' title='bbox 1442 1312 1532 1340; x_wconf 79' lang='lat' dir='ltr'><strong>modis</strong></span> <span class='ocrx_word' id='word_1_326' title='bbox 1543 1311 1700 1341; x_wconf 83' lang='lat' dir='ltr'><strong>invenimus</strong></span> 
     </span>
    </p>
   </div>
   <div class='ocr_carea' id='block_1_51' title="bbox 83 1356 822 1395">
    <p class='ocr_par' dir='ltr' id='par_1_51' title="bbox 83 1358 822 1395">
     <span class='ocr_line' id='line_1_51' title="bbox 83 1358 822 1395; baseline 0.004 -11"><span class='ocrx_word' id='word_1_327' title='bbox 83 1359 147 1390; x_wconf 82' lang='grc' dir='ltr'>ταῖς</span> <span class='ocrx_word' id='word_1_328' title='bbox 169 1358 295 1394; x_wconf 74' lang='grc' dir='ltr'>περὶτοῦ</span> <span class='ocrx_word' id='word_1_329' title='bbox 320 1358 480 1393; x_wconf 84' lang='grc' dir='ltr'>Πνεύματος</span> <span class='ocrx_word' id='word_1_330' title='bbox 502 1358 618 1391; x_wconf 72' lang='grc' dir='ltr'>ἐννοίαις</span> <span class='ocrx_word' id='word_1_331' title='bbox 634 1360 822 1395; x_wconf 80' lang='grc' dir='ltr'>ὺπηρετούμεν</span> 
     </span>
    </p>
   </div>
   <div class='ocr_carea' id='block_1_52' title="bbox 962 1356 1701 1395">
    <p class='ocr_par' dir='ltr' id='par_1_52' title="bbox 962 1356 1701 1393">
     <span class='ocr_line' id='line_1_52' title="bbox 962 1356 1701 1393; baseline 0.005 -11"><span class='ocrx_word' id='word_1_332' title='bbox 962 1364 977 1383; x_wconf 81' lang='grc' dir='ltr'><strong>ιι</strong></span> <span class='ocrx_word' id='word_1_333' title='bbox 1000 1357 1128 1391; x_wconf 83' lang='lat' dir='ltr'><strong>syllabam</strong></span> <span class='ocrx_word' id='word_1_334' title='bbox 1141 1356 1320 1391; x_wconf 82' lang='lat' dir='ltr'><strong>conceptibus</strong></span> <span class='ocrx_word' id='word_1_335' title='bbox 1345 1357 1379 1384; x_wconf 90' lang='lat' dir='ltr'><strong>de</strong></span> <span class='ocrx_word' id='word_1_336' title='bbox 1400 1357 1504 1393; x_wconf 86' lang='lat' dir='ltr'><strong>Spiritu</strong></span> <span class='ocrx_word' id='word_1_337' title='bbox 1534 1357 1701 1386; x_wconf 84' lang='lat' dir='ltr'><strong>subservire.</strong></span> 
     </span>
    </p>
   </div>
   <div class='ocr_carea' id='block_1_53' title="bbox 82 1401 821 1442">
    <p class='ocr_par' dir='ltr' id='par_1_53' title="bbox 82 1403 820 1442">
     <span class='ocr_line' id='line_1_53' title="bbox 82 1403 820 1442; baseline 0.001 -10"><span class='ocrx_word' id='word_1_338' title='bbox 82 1405 200 1437; x_wconf 75' lang='grc' dir='ltr'>Λέγεται</span> <span class='ocrx_word' id='word_1_339' title='bbox 212 1404 262 1439; x_wconf 74' lang='grc' dir='ltr'>μὲν</span> <span class='ocrx_word' id='word_1_340' title='bbox 272 1404 319 1431; x_wconf 77' lang='grc' dir='ltr'><strong>οὖν</strong></span> <span class='ocrx_word' id='word_1_341' title='bbox 327 1405 357 1432; x_wconf 79' lang='grc' dir='ltr'>τὸ</span> <span class='ocrx_word' id='word_1_342' title='bbox 365 1403 435 1437; x_wconf 79' lang='grc' dir='ltr'>εἶδος</span> <span class='ocrx_word' id='word_1_343' title='bbox 443 1406 472 1432; x_wconf 82' lang='grc' dir='ltr'>ἐν</span> <span class='ocrx_word' id='word_1_344' title='bbox 479 1406 512 1440; x_wconf 81' lang='grc' dir='ltr'>τῇ</span> <span class='ocrx_word' id='word_1_345' title='bbox 522 1405 572 1441; x_wconf 83' lang='grc' dir='ltr'><strong>ὕλῃ</strong></span> <span class='ocrx_word' id='word_1_346' title='bbox 583 1404 663 1438; x_wconf 78' lang='grc' dir='ltr'>εἶναι,</span> <span class='ocrx_word' id='word_1_347' title='bbox 672 1407 719 1433; x_wconf 79' lang='grc' dir='ltr'><strong>καὶ</strong></span> <span class='ocrx_word' id='word_1_348' title='bbox 730 1407 820 1442; x_wconf 82' lang='grc' dir='ltr'>ήδύνα</span> 
     </span>
    </p>
   </div>
   <div class='ocr_carea' id='block_1_54' title="bbox 963 1401 1702 1442">
    <p class='ocr_par' dir='ltr' id='par_1_54' title="bbox 963 1401 1702 1436">
     <span class='ocr_line' id='line_1_54' title="bbox 963 1401 1702 1436; baseline 0.003 -9"><span class='ocrx_word' id='word_1_349' title='bbox 963 1409 985 1427; x_wconf 86' lang='grc' dir='ltr'><strong>ιιι</strong></span> <span class='ocrx_word' id='word_1_350' title='bbox 1000 1401 1086 1428; x_wconf 82' lang='lat' dir='ltr'><strong>forma</strong></span> <span class='ocrx_word' id='word_1_351' title='bbox 1101 1401 1200 1428; x_wconf 89' lang='lat' dir='ltr'><strong>dicitur</strong></span> <span class='ocrx_word' id='word_1_352' title='bbox 1212 1408 1274 1428; x_wconf 86' lang='lat' dir='ltr'><strong>esse</strong></span> <span class='ocrx_word' id='word_1_353' title='bbox 1286 1401 1311 1428; x_wconf 95' lang='lat' dir='ltr'><strong>in</strong></span> <span class='ocrx_word' id='word_1_354' title='bbox 1324 1402 1448 1433; x_wconf 85' lang='lat' dir='ltr'><strong>materia,</strong></span> <span class='ocrx_word' id='word_1_355' title='bbox 1460 1406 1485 1428; x_wconf 89' lang='lat' dir='ltr'><strong>et</strong></span> <span class='ocrx_word' id='word_1_356' title='bbox 1495 1403 1616 1436; x_wconf 84' lang='lat' dir='ltr'><strong>potentia</strong></span> <span class='ocrx_word' id='word_1_357' title='bbox 1630 1401 1657 1428; x_wconf 90' lang='lat' dir='ltr'><strong>in</strong></span> <span class='ocrx_word' id='word_1_358' title='bbox 1669 1408 1702 1428; x_wconf 87' lang='lat' dir='ltr'><strong>eo</strong></span> 
     </span>
    </p>
   </div>
   <div class='ocr_carea' id='block_1_55' title="bbox 79 1448 818 1490">
    <p class='ocr_par' dir='ltr' id='par_1_55' title="bbox 79 1448 818 1490">
     <span class='ocr_line' id='line_1_55' title="bbox 79 1448 818 1490; baseline 0.005 -15"><span class='ocrx_word' id='word_1_359' title='bbox 79 1451 111 1475; x_wconf 75' lang='grc' dir='ltr'>ἐν</span> <span class='ocrx_word' id='word_1_360' title='bbox 129 1448 166 1482; x_wconf 79' lang='grc' dir='ltr'><strong>τῷ</strong></span> <span class='ocrx_word' id='word_1_361' title='bbox 174 1448 302 1483; x_wconf 81' lang='grc' dir='ltr'>δεκτικῷ,</span> <span class='ocrx_word' id='word_1_362' title='bbox 314 1450 361 1475; x_wconf 76' lang='grc' dir='ltr'><strong>καὶ</strong></span> <span class='ocrx_word' id='word_1_363' title='bbox 370 1450 386 1484; x_wconf 86' lang='grc' dir='ltr'><strong>ἡ</strong></span> <span class='ocrx_word' id='word_1_364' title='bbox 394 1449 452 1490; x_wconf 73' lang='grc' dir='ltr'>ἕξις</span> <span class='ocrx_word' id='word_1_365' title='bbox 471 1451 500 1476; x_wconf 81' lang='grc' dir='ltr'>ὲν</span> <span class='ocrx_word' id='word_1_366' title='bbox 514 1450 553 1486; x_wconf 83' lang='grc' dir='ltr'>τῷ</span> <span class='ocrx_word' id='word_1_367' title='bbox 565 1451 625 1477; x_wconf 80' lang='grc' dir='ltr'>κατ’</span> <span class='ocrx_word' id='word_1_368' title='bbox 634 1451 718 1486; x_wconf 81' lang='grc' dir='ltr'>αὐτὴν</span> <span class='ocrx_word' id='word_1_369' title='bbox 726 1452 818 1485; x_wconf 36' lang='grc' dir='ltr'>διακει,</span> 
     </span>
    </p>
   </div>
   <div class='ocr_carea' id='block_1_56' title="bbox 960 1448 1699 1490">
    <p class='ocr_par' dir='ltr' id='par_1_56' title="bbox 960 1449 1699 1488">
     <span class='ocr_line' id='line_1_56' title="bbox 960 1449 1699 1488; baseline 0.007 -12"><span class='ocrx_word' id='word_1_370' title='bbox 960 1449 987 1477; x_wconf 80' lang='lat' dir='ltr'><strong>)d</strong></span> <span class='ocrx_word' id='word_1_371' title='bbox 1005 1449 1065 1482; x_wconf 84' lang='lat' dir='ltr'><strong>ejus</strong></span> <span class='ocrx_word' id='word_1_372' title='bbox 1079 1457 1165 1485; x_wconf 81' lang='lat' dir='ltr'><strong>capax</strong></span> <span class='ocrx_word' id='word_1_373' title='bbox 1184 1455 1237 1484; x_wconf 88' lang='lat' dir='ltr'><strong>est,</strong></span> <span class='ocrx_word' id='word_1_374' title='bbox 1253 1455 1280 1480; x_wconf 86' lang='lat' dir='ltr'><strong>et</strong></span> <span class='ocrx_word' id='word_1_375' title='bbox 1302 1452 1413 1480; x_wconf 81' lang='lat' dir='ltr'><strong>habitus</strong></span> <span class='ocrx_word' id='word_1_376' title='bbox 1433 1453 1461 1480; x_wconf 92' lang='lat' dir='ltr'><strong>in</strong></span> <span class='ocrx_word' id='word_1_377' title='bbox 1480 1460 1515 1481; x_wconf 90' lang='lat' dir='ltr'><strong>eo</strong></span> <span class='ocrx_word' id='word_1_378' title='bbox 1533 1453 1579 1488; x_wconf 85' lang='lat' dir='ltr'><strong>qui</strong></span> <span class='ocrx_word' id='word_1_379' title='bbox 1600 1461 1699 1482; x_wconf 85' lang='lat' dir='ltr'><strong>secun-</strong></span> 
     </span>
    </p>
   </div>
   <div class='ocr_carea' id='block_1_57' title="bbox 81 1494 820 1535">
    <p class='ocr_par' dir='ltr' id='par_1_57' title="bbox 81 1494 816 1532">
     <span class='ocr_line' id='line_1_57' title="bbox 81 1494 816 1532; baseline 0.008 -13"><span class='ocrx_word' id='word_1_380' title='bbox 81 1503 133 1528; x_wconf 76' lang='grc' dir='ltr'><strong>νῳ,</strong></span> <span class='ocrx_word' id='word_1_381' title='bbox 149 1495 197 1521; x_wconf 78' lang='grc' dir='ltr'>καὶ</span> <span class='ocrx_word' id='word_1_382' title='bbox 207 1494 293 1521; x_wconf 81' lang='grc' dir='ltr'>πολλὰ</span> <span class='ocrx_word' id='word_1_383' title='bbox 302 1495 425 1522; x_wconf 80' lang='grc' dir='ltr'>τοιαῦτα.</span> <span class='ocrx_word' id='word_1_384' title='bbox 433 1495 548 1529; x_wconf 80' lang='grc' dir='ltr'>Οὐκοῦν,</span> <span class='ocrx_word' id='word_1_385' title='bbox 558 1496 626 1523; x_wconf 74' lang='grc' dir='ltr'><strong>καθὸ</strong></span> <span class='ocrx_word' id='word_1_386' title='bbox 637 1498 686 1532; x_wconf 74' lang='grc' dir='ltr'>μὲν</span> <span class='ocrx_word' id='word_1_387' title='bbox 694 1498 816 1525; x_wconf 86' lang='grc' dir='ltr'>τελειωτι</span> 
     </span>
    </p>
   </div>
   <div class='ocr_carea' id='block_1_58' title="bbox 959 1494 1698 1535">
    <p class='ocr_par' dir='ltr' id='par_1_58' title="bbox 962 1495 1698 1535">
     <span class='ocr_line' id='line_1_58' title="bbox 962 1495 1698 1535; baseline 0.008 -13"><span class='ocrx_word' id='word_1_388' title='bbox 962 1504 978 1522; x_wconf 89' lang='grc' dir='ltr'><strong>ιι</strong></span> <span class='ocrx_word' id='word_1_389' title='bbox 1003 1495 1079 1523; x_wconf 89' lang='lat' dir='ltr'><strong>illum</strong></span> <span class='ocrx_word' id='word_1_390' title='bbox 1110 1497 1225 1525; x_wconf 77' lang='lat' dir='ltr'><strong>affectus</strong></span> <span class='ocrx_word' id='word_1_391' title='bbox 1260 1503 1322 1531; x_wconf 87' lang='lat' dir='ltr'><strong>est,</strong></span> <span class='ocrx_word' id='word_1_392' title='bbox 1350 1499 1458 1534; x_wconf 86' lang='lat' dir='ltr'><strong>aliaque</strong></span> <span class='ocrx_word' id='word_1_393' title='bbox 1482 1499 1565 1534; x_wconf 85' lang='lat' dir='ltr'><strong>hujus</strong></span> <span class='ocrx_word' id='word_1_394' title='bbox 1590 1500 1698 1535; x_wconf 66' lang='lat' dir='ltr'><strong>generis</strong></span> 
     </span>
    </p>
   </div>
   <div class='ocr_carea' id='block_1_59' title="bbox 80 1540 819 1581">
    <p class='ocr_par' dir='ltr' id='par_1_59' title="bbox 80 1540 819 1578">
     <span class='ocr_line' id='line_1_59' title="bbox 80 1540 819 1578; baseline 0.007 -12"><span class='ocrx_word' id='word_1_395' title='bbox 80 1542 112 1567; x_wconf 72' lang='grc' dir='ltr'><strong>τὸ</strong></span> <span class='ocrx_word' id='word_1_396' title='bbox 119 1540 196 1574; x_wconf 78' lang='grc' dir='ltr'>ἆγιον</span> <span class='ocrx_word' id='word_1_397' title='bbox 211 1541 324 1576; x_wconf 83' lang='grc' dir='ltr'>Πνεῦμα</span> <span class='ocrx_word' id='word_1_398' title='bbox 335 1541 389 1567; x_wconf 84' lang='grc' dir='ltr'><strong>τῶν</strong></span> <span class='ocrx_word' id='word_1_399' title='bbox 405 1541 531 1576; x_wconf 77' lang='grc' dir='ltr'>λογικῶν,</span> <span class='ocrx_word' id='word_1_400' title='bbox 547 1543 697 1578; x_wconf 77' lang='grc' dir='ltr'>ἀπαρτίζον</span> <span class='ocrx_word' id='word_1_401' title='bbox 718 1545 819 1571; x_wconf 58' lang='grc' dir='ltr'>αὑτῶνη</span> 
     </span>
    </p>
   </div>
   <div class='ocr_carea' id='block_1_60' title="bbox 961 1540 1700 1581">
    <p class='ocr_par' dir='ltr' id='par_1_60' title="bbox 964 1541 1700 1580">
     <span class='ocr_line' id='line_1_60' title="bbox 964 1541 1700 1580; baseline 0.008 -12"><span class='ocrx_word' id='word_1_402' title='bbox 964 1542 1012 1569; x_wconf 74' lang='lat' dir='ltr'><strong>lia.</strong></span> <span class='ocrx_word' id='word_1_403' title='bbox 1046 1541 1140 1578; x_wconf 72' lang='lat' dir='ltr'><strong>itaque</strong></span> <span class='ocrx_word' id='word_1_404' title='bbox 1171 1548 1308 1579; x_wconf 83' lang='lat' dir='ltr'><strong>quatenus</strong></span> <span class='ocrx_word' id='word_1_405' title='bbox 1345 1544 1464 1580; x_wconf 82' lang='lat' dir='ltr'><strong>Spiritus</strong></span> <span class='ocrx_word' id='word_1_406' title='bbox 1501 1550 1615 1574; x_wconf 87' lang='lat' dir='ltr'><strong>sanctus</strong></span> <span class='ocrx_word' id='word_1_407' title='bbox 1645 1546 1700 1574; x_wconf 85' lang='lat' dir='ltr'><strong>vim</strong></span> 
     </span>
    </p>
   </div>
   <div class='ocr_carea' id='block_1_61' title="bbox 80 1586 819 1625">
    <p class='ocr_par' dir='ltr' id='par_1_61' title="bbox 80 1586 819 1625">
     <span class='ocr_line' id='line_1_61' title="bbox 80 1586 819 1625; baseline 0.007 -13"><span class='ocrx_word' id='word_1_408' title='bbox 80 1587 232 1622; x_wconf 76' lang='grc' dir='ltr'>ἀκρότητα,</span> <span class='ocrx_word' id='word_1_409' title='bbox 246 1586 292 1613; x_wconf 75' lang='grc' dir='ltr'><strong>τὸν</strong></span> <span class='ocrx_word' id='word_1_410' title='bbox 318 1587 365 1613; x_wconf 78' lang='grc' dir='ltr'><strong>τοῦ</strong></span> <span class='ocrx_word' id='word_1_411' title='bbox 384 1587 471 1619; x_wconf 69' lang='grc' dir='ltr'>εἴδους</span> <span class='ocrx_word' id='word_1_412' title='bbox 486 1587 565 1621; x_wconf 85' lang='grc' dir='ltr'>λόγον</span> <span class='ocrx_word' id='word_1_413' title='bbox 581 1589 686 1624; x_wconf 74' lang='grc' dir='ltr'>ἐπέχει.</span> <span class='ocrx_word' id='word_1_414' title='bbox 704 1589 733 1616; x_wconf 88' lang='lat'><strong>&#39;0</strong></span> <span class='ocrx_word' id='word_1_415' title='bbox 745 1590 799 1625; x_wconf 82' lang='grc' dir='ltr'>γὰρ</span> <span class='ocrx_word' id='word_1_416' title='bbox 816 1600 819 1625; x_wconf 63' lang='grc' dir='ltr'><strong>ι</strong></span> 
     </span>
    </p>
   </div>
   <div class='ocr_carea' id='block_1_62' title="bbox 961 1586 1700 1625">
    <p class='ocr_par' dir='ltr' id='par_1_62' title="bbox 961 1589 1700 1624">
     <span class='ocr_line' id='line_1_62' title="bbox 961 1589 1700 1624; baseline 0.004 -9"><span class='ocrx_word' id='word_1_417' title='bbox 961 1592 996 1616; x_wconf 77' lang='lat' dir='ltr'><strong>iet</strong></span> <span class='ocrx_word' id='word_1_418' title='bbox 1027 1589 1187 1623; x_wconf 75' lang='lat' dir='ltr'><strong>perficiendi</strong></span> <span class='ocrx_word' id='word_1_419' title='bbox 1218 1594 1372 1618; x_wconf 82' lang='lat' dir='ltr'><strong>creaturam</strong></span> <span class='ocrx_word' id='word_1_420' title='bbox 1395 1591 1555 1618; x_wconf 84' lang='lat' dir='ltr'><strong>rationalem</strong></span> <span class='ocrx_word' id='word_1_421' title='bbox 1570 1610 1578 1624; x_wconf 93' lang='lat'><strong>,</strong></span> <span class='ocrx_word' id='word_1_422' title='bbox 1608 1591 1700 1619; x_wconf 87' lang='lat' dir='ltr'><strong>absol-</strong></span> 
     </span>
    </p>
   </div>
   <div class='ocr_carea' id='block_1_63' title="bbox 81 1631 820 1670">
    <p class='ocr_par' dir='ltr' id='par_1_63' title="bbox 81 1632 817 1670">
     <span class='ocr_line' id='line_1_63' title="bbox 81 1632 817 1670; baseline 0.005 -12"><span class='ocrx_word' id='word_1_423' title='bbox 81 1633 145 1658; x_wconf 80' lang='grc' dir='ltr'>κέτι</span> <span class='ocrx_word' id='word_1_424' title='bbox 164 1632 234 1659; x_wconf 77' lang='grc' dir='ltr'>κατὰ</span> <span class='ocrx_word' id='word_1_425' title='bbox 249 1633 337 1667; x_wconf 84' lang='grc' dir='ltr'>σάρκα</span> <span class='ocrx_word' id='word_1_426' title='bbox 353 1632 494 1666; x_wconf 75' lang='grc' dir='ltr'>ζῶν,ἁλλὰ</span> <span class='ocrx_word' id='word_1_427' title='bbox 516 1632 657 1668; x_wconf 85' lang='grc' dir='ltr'>Πνεύματι</span> <span class='ocrx_word' id='word_1_428' title='bbox 673 1634 740 1661; x_wconf 86' lang='grc' dir='ltr'><strong>Θεοῦ</strong></span> <span class='ocrx_word' id='word_1_429' title='bbox 766 1636 817 1670; x_wconf 82' lang='grc' dir='ltr'>ἁγό</span> 
     </span>
    </p>
   </div>
   <div class='ocr_carea' id='block_1_64' title="bbox 961 1631 1700 1670">
    <p class='ocr_par' dir='ltr' id='par_1_64' title="bbox 961 1631 1700 1668">
     <span class='ocr_line' id='line_1_64' title="bbox 961 1631 1700 1668; baseline 0.008 -10"><span class='ocrx_word' id='word_1_430' title='bbox 961 1639 982 1659; x_wconf 83' lang='grc' dir='ltr'><strong>ιε</strong></span> <span class='ocrx_word' id='word_1_431' title='bbox 1007 1631 1081 1659; x_wconf 91' lang='lat' dir='ltr'><strong>illius</strong></span> <span class='ocrx_word' id='word_1_432' title='bbox 1119 1632 1275 1668; x_wconf 80' lang='lat' dir='ltr'><strong>fastigium.</strong></span> <span class='ocrx_word' id='word_1_433' title='bbox 1310 1634 1405 1662; x_wconf 66' lang='lat' dir='ltr'><strong>formae</strong></span> <span class='ocrx_word' id='word_1_434' title='bbox 1423 1636 1558 1663; x_wconf 84' lang='lat' dir='ltr'><strong>rationem</strong></span> <span class='ocrx_word' id='word_1_435' title='bbox 1584 1635 1700 1664; x_wconf 80' lang='lat' dir='ltr'><strong>obtinet.</strong></span> 
     </span>
    </p>
   </div>
   <div class='ocr_carea' id='block_1_65' title="bbox 77 1676 816 1718">
    <p class='ocr_par' dir='ltr' id='par_1_65' title="bbox 77 1678 808 1717">
     <span class='ocr_line' id='line_1_65' title="bbox 77 1678 808 1717; baseline 0.004 -13"><span class='ocrx_word' id='word_1_436' title='bbox 77 1686 139 1710; x_wconf 75' lang='grc' dir='ltr'>νος,</span> <span class='ocrx_word' id='word_1_437' title='bbox 156 1678 202 1704; x_wconf 81' lang='grc' dir='ltr'><strong>καὶ</strong></span> <span class='ocrx_word' id='word_1_438' title='bbox 217 1678 273 1710; x_wconf 77' lang='grc' dir='ltr'>υίὸς</span> <span class='ocrx_word' id='word_1_439' title='bbox 287 1678 355 1705; x_wconf 91' lang='grc' dir='ltr'>Θεοῦ</span> <span class='ocrx_word' id='word_1_440' title='bbox 375 1679 564 1713; x_wconf 78' lang='grc' dir='ltr'>χρηματίζων,</span> <span class='ocrx_word' id='word_1_441' title='bbox 579 1681 627 1706; x_wconf 77' lang='grc' dir='ltr'><strong>καὶ</strong></span> <span class='ocrx_word' id='word_1_442' title='bbox 648 1681 808 1717; x_wconf 82' lang='grc' dir='ltr'>σύμμορφος</span> 
     </span>
    </p>
   </div>
   <div class='ocr_carea' id='block_1_66' title="bbox 961 1676 1700 1718">
    <p class='ocr_par' dir='ltr' id='par_1_66' title="bbox 961 1678 1700 1713">
     <span class='ocr_line' id='line_1_66' title="bbox 961 1678 1700 1713; baseline 0.008 -10"><span class='ocrx_word' id='word_1_443' title='bbox 961 1684 982 1703; x_wconf 81' lang='grc' dir='ltr'><strong>ιιι</strong></span> <span class='ocrx_word' id='word_1_444' title='bbox 1010 1678 1057 1712; x_wconf 88' lang='lat' dir='ltr'><strong>qui</strong></span> <span class='ocrx_word' id='word_1_445' title='bbox 1074 1678 1131 1712; x_wconf 85' lang='lat' dir='ltr'><strong>jam</strong></span> <span class='ocrx_word' id='word_1_446' title='bbox 1155 1686 1210 1706; x_wconf 91' lang='lat' dir='ltr'><strong>non</strong></span> <span class='ocrx_word' id='word_1_447' title='bbox 1227 1679 1293 1707; x_wconf 81' lang='lat' dir='ltr'><strong>vivit</strong></span> <span class='ocrx_word' id='word_1_448' title='bbox 1322 1680 1474 1708; x_wconf 87' lang='lat' dir='ltr'><strong>secundum</strong></span> <span class='ocrx_word' id='word_1_449' title='bbox 1503 1688 1625 1713; x_wconf 83' lang='lat' dir='ltr'><strong>carnem,</strong></span> <span class='ocrx_word' id='word_1_450' title='bbox 1653 1681 1700 1709; x_wconf 77' lang='lat' dir='ltr'><strong>sed</strong></span> 
     </span>
    </p>
   </div>
   <div class='ocr_carea' id='block_1_67' title="bbox 81 1722 820 1761">
    <p class='ocr_par' dir='ltr' id='par_1_67' title="bbox 81 1723 820 1761">
     <span class='ocr_line' id='line_1_67' title="bbox 81 1723 820 1761; baseline 0.005 -12"><span class='ocrx_word' id='word_1_451' title='bbox 81 1724 190 1755; x_wconf 81' lang='grc' dir='ltr'>εἰκόνος</span> <span class='ocrx_word' id='word_1_452' title='bbox 202 1723 251 1750; x_wconf 83' lang='grc' dir='ltr'><strong>τοῦ</strong></span> <span class='ocrx_word' id='word_1_453' title='bbox 263 1723 328 1750; x_wconf 79' lang='grc' dir='ltr'>Υἱοῦ</span> <span class='ocrx_word' id='word_1_454' title='bbox 343 1724 390 1751; x_wconf 84' lang='grc' dir='ltr'><strong>τοῦ</strong></span> <span class='ocrx_word' id='word_1_455' title='bbox 405 1725 474 1751; x_wconf 85' lang='grc' dir='ltr'>Θεοῦ</span> <span class='ocrx_word' id='word_1_456' title='bbox 489 1725 644 1760; x_wconf 83' lang='grc' dir='ltr'>γενόμενος,</span> <span class='ocrx_word' id='word_1_457' title='bbox 676 1735 820 1761; x_wconf 60' lang='grc' dir='ltr'>πνευματιῖ</span> 
     </span>
    </p>
   </div>
   <div class='ocr_carea' id='block_1_68' title="bbox 963 1722 1702 1761">
    <p class='ocr_par' dir='ltr' id='par_1_68' title="bbox 968 1722 1702 1759">
     <span class='ocr_line' id='line_1_68' title="bbox 968 1722 1702 1759; baseline 0.007 -10"><span class='ocrx_word' id='word_1_458' title='bbox 968 1723 1021 1750; x_wconf 88' lang='lat' dir='ltr'><strong>ritu</strong></span> <span class='ocrx_word' id='word_1_459' title='bbox 1041 1722 1089 1750; x_wconf 87' lang='lat' dir='ltr'><strong>Dei</strong></span> <span class='ocrx_word' id='word_1_460' title='bbox 1108 1723 1199 1758; x_wconf 88' lang='lat' dir='ltr'><strong>agitur</strong></span> <span class='ocrx_word' id='word_1_461' title='bbox 1215 1744 1223 1756; x_wconf 85' lang='lat'><strong>.</strong></span> <span class='ocrx_word' id='word_1_462' title='bbox 1240 1732 1272 1752; x_wconf 90' lang='lat' dir='ltr'><strong>ac</strong></span> <span class='ocrx_word' id='word_1_463' title='bbox 1298 1724 1384 1753; x_wconf 83' lang='lat' dir='ltr'><strong>Filius</strong></span> <span class='ocrx_word' id='word_1_464' title='bbox 1405 1725 1453 1753; x_wconf 87' lang='lat' dir='ltr'><strong>Dei</strong></span> <span class='ocrx_word' id='word_1_465' title='bbox 1468 1726 1626 1754; x_wconf 85' lang='lat' dir='ltr'><strong>nominatur</strong></span> <span class='ocrx_word' id='word_1_466' title='bbox 1639 1746 1646 1759; x_wconf 91' lang='lat'><strong>,</strong></span> <span class='ocrx_word' id='word_1_467' title='bbox 1675 1730 1702 1753; x_wconf 84' lang='lat' dir='ltr'><strong>et</strong></span> 
     </span>
    </p>
   </div>
   <div class='ocr_carea' id='block_1_69' title="bbox 79 1768 818 1809">
    <p class='ocr_par' dir='ltr' id='par_1_69' title="bbox 79 1768 818 1809">
     <span class='ocr_line' id='line_1_69' title="bbox 79 1768 818 1809; baseline 0.008 -15"><span class='ocrx_word' id='word_1_468' title='bbox 79 1768 258 1803; x_wconf 75' lang='grc' dir='ltr'>ὀνομάζεται.</span> <span class='ocrx_word' id='word_1_469' title='bbox 270 1771 325 1798; x_wconf 74' lang='grc' dir='ltr'><strong>Καὶ</strong></span> <span class='ocrx_word' id='word_1_470' title='bbox 336 1771 376 1803; x_wconf 80' lang='grc' dir='ltr'><strong>ὡς</strong></span> <span class='ocrx_word' id='word_1_471' title='bbox 388 1772 404 1807; x_wconf 85' lang='grc' dir='ltr'>ἡ</span> <span class='ocrx_word' id='word_1_472' title='bbox 418 1771 532 1808; x_wconf 83' lang='grc' dir='ltr'>δύναμις</span> <span class='ocrx_word' id='word_1_473' title='bbox 544 1773 591 1799; x_wconf 85' lang='grc' dir='ltr'><strong>τοῦ</strong></span> <span class='ocrx_word' id='word_1_474' title='bbox 608 1774 673 1809; x_wconf 80' lang='grc' dir='ltr'>δρᾷν</span> <span class='ocrx_word' id='word_1_475' title='bbox 690 1773 718 1799; x_wconf 82' lang='grc' dir='ltr'>ὲν</span> <span class='ocrx_word' id='word_1_476' title='bbox 732 1771 772 1808; x_wconf 85' lang='grc' dir='ltr'>τῷ</span> <span class='ocrx_word' id='word_1_477' title='bbox 784 1772 818 1806; x_wconf 77' lang='grc' dir='ltr'>ὖγ</span> 
     </span>
    </p>
   </div>
   <div class='ocr_carea' id='block_1_70' title="bbox 963 1768 1702 1809">
    <p class='ocr_par' dir='ltr' id='par_1_70' title="bbox 963 1768 1702 1807">
     <span class='ocr_line' id='line_1_70' title="bbox 963 1768 1702 1807; baseline 0.004 -12"><span class='ocrx_word' id='word_1_478' title='bbox 963 1768 1066 1796; x_wconf 74' lang='lat' dir='ltr'><strong>nformis</strong></span> <span class='ocrx_word' id='word_1_479' title='bbox 1079 1769 1191 1804; x_wconf 88' lang='lat' dir='ltr'><strong>imagini</strong></span> <span class='ocrx_word' id='word_1_480' title='bbox 1215 1769 1276 1798; x_wconf 86' lang='lat' dir='ltr'><strong>Filii</strong></span> <span class='ocrx_word' id='word_1_481' title='bbox 1296 1770 1343 1798; x_wconf 90' lang='lat' dir='ltr'><strong>Dei</strong></span> <span class='ocrx_word' id='word_1_482' title='bbox 1361 1771 1449 1800; x_wconf 79' lang='lat' dir='ltr'><strong>factus</strong></span> <span class='ocrx_word' id='word_1_483' title='bbox 1467 1775 1519 1804; x_wconf 86' lang='lat' dir='ltr'><strong>est,</strong></span> <span class='ocrx_word' id='word_1_484' title='bbox 1551 1771 1702 1807; x_wconf 90' lang='lat' dir='ltr'><strong>spiritualis</strong></span> 
     </span>
    </p>
   </div>
   <div class='ocr_carea' id='block_1_71' title="bbox 79 1813 818 1854">
    <p class='ocr_par' dir='ltr' id='par_1_71' title="bbox 79 1816 818 1854">
     <span class='ocr_line' id='line_1_71' title="bbox 79 1816 818 1854; baseline 0.005 -13"><span class='ocrx_word' id='word_1_485' title='bbox 79 1824 157 1842; x_wconf 81' lang='grc' dir='ltr'>νοντι</span> <span class='ocrx_word' id='word_1_486' title='bbox 173 1816 314 1853; x_wconf 83' lang='grc' dir='ltr'>ὀφθαλμῷ,</span> <span class='ocrx_word' id='word_1_487' title='bbox 328 1817 414 1850; x_wconf 73' lang='grc' dir='ltr'>οὕτως</span> <span class='ocrx_word' id='word_1_488' title='bbox 427 1818 444 1854; x_wconf 77' lang='grc' dir='ltr'><strong>ἡ</strong></span> <span class='ocrx_word' id='word_1_489' title='bbox 465 1819 590 1854; x_wconf 80' lang='grc' dir='ltr'>ἐνέργεια</span> <span class='ocrx_word' id='word_1_490' title='bbox 605 1818 652 1845; x_wconf 87' lang='grc' dir='ltr'><strong>τοῦ</strong></span> <span class='ocrx_word' id='word_1_491' title='bbox 668 1818 818 1854; x_wconf 69' lang='grc' dir='ltr'>Πνεύματος</span> 
     </span>
    </p>
   </div>
   <div class='ocr_carea' id='block_1_72' title="bbox 962 1813 1701 1854">
    <p class='ocr_par' dir='ltr' id='par_1_72' title="bbox 964 1814 1701 1851">
     <span class='ocr_line' id='line_1_72' title="bbox 964 1814 1701 1851; baseline 0.005 -10"><span class='ocrx_word' id='word_1_492' title='bbox 964 1814 1029 1841; x_wconf 87' lang='lat' dir='ltr'><strong>itur.</strong></span> <span class='ocrx_word' id='word_1_493' title='bbox 1048 1814 1081 1841; x_wconf 84' lang='lat' dir='ltr'><strong>Et</strong></span> <span class='ocrx_word' id='word_1_494' title='bbox 1101 1815 1173 1843; x_wconf 84' lang='lat' dir='ltr'><strong>sicut</strong></span> <span class='ocrx_word' id='word_1_495' title='bbox 1190 1816 1321 1843; x_wconf 86' lang='lat' dir='ltr'><strong>cernendi</strong></span> <span class='ocrx_word' id='word_1_496' title='bbox 1346 1817 1389 1844; x_wconf 83' lang='lat' dir='ltr'><strong>vis</strong></span> <span class='ocrx_word' id='word_1_497' title='bbox 1409 1821 1452 1845; x_wconf 88' lang='lat' dir='ltr'><strong>est</strong></span> <span class='ocrx_word' id='word_1_498' title='bbox 1469 1817 1496 1844; x_wconf 92' lang='lat' dir='ltr'><strong>in</strong></span> <span class='ocrx_word' id='word_1_499' title='bbox 1515 1817 1596 1845; x_wconf 91' lang='lat' dir='ltr'><strong>oculo</strong></span> <span class='ocrx_word' id='word_1_500' title='bbox 1612 1825 1680 1845; x_wconf 85' lang='lat' dir='ltr'><strong>sano</strong></span> <span class='ocrx_word' id='word_1_501' title='bbox 1692 1837 1701 1851; x_wconf 85' lang='lat'><strong>,</strong></span> 
     </span>
    </p>
   </div>
   <div class='ocr_carea' id='block_1_73' title="bbox 77 1860 816 1905">
    <p class='ocr_par' dir='ltr' id='par_1_73' title="bbox 77 1862 816 1905">
     <span class='ocr_line' id='line_1_73' title="bbox 77 1862 816 1905; baseline 0.004 -18"><span class='ocrx_word' id='word_1_502' title='bbox 77 1862 114 1896; x_wconf 80' lang='grc' dir='ltr'>τῇ</span> <span class='ocrx_word' id='word_1_503' title='bbox 131 1862 322 1905; x_wconf 48' lang='grc' dir='ltr'>κεκαθαρμένη</span> <span class='ocrx_word' id='word_1_504' title='bbox 335 1863 417 1899; x_wconf 77' lang='grc' dir='ltr'>ψυχῇ.</span> <span class='ocrx_word' id='word_1_505' title='bbox 435 1863 480 1890; x_wconf 80' lang='grc' dir='ltr'><strong>Διὺ</strong></span> <span class='ocrx_word' id='word_1_506' title='bbox 493 1864 539 1890; x_wconf 76' lang='grc' dir='ltr'><strong>καὶ</strong></span> <span class='ocrx_word' id='word_1_507' title='bbox 554 1863 658 1896; x_wconf 83' lang='grc' dir='ltr'>Παῦλος</span> <span class='ocrx_word' id='word_1_508' title='bbox 671 1863 779 1899; x_wconf 71' lang='grc' dir='ltr'>εὔχεται</span> <span class='ocrx_word' id='word_1_509' title='bbox 800 1863 816 1890; x_wconf 83' lang='grc' dir='ltr'><strong>Ἰ</strong></span> 
     </span>
    </p>
   </div>
   <div class='ocr_carea' id='block_1_74' title="bbox 964 1860 1703 1905">
    <p class='ocr_par' dir='ltr' id='par_1_74' title="bbox 987 1861 1703 1899">
     <span class='ocr_line' id='line_1_74' title="bbox 987 1861 1703 1899; baseline 0.004 -12"><span class='ocrx_word' id='word_1_510' title='bbox 987 1861 1110 1896; x_wconf 85' lang='lat' dir='ltr'><strong>operatio</strong></span> <span class='ocrx_word' id='word_1_511' title='bbox 1137 1861 1256 1896; x_wconf 86' lang='lat' dir='ltr'><strong>Spiritus</strong></span> <span class='ocrx_word' id='word_1_512' title='bbox 1292 1863 1319 1890; x_wconf 91' lang='lat' dir='ltr'><strong>in</strong></span> <span class='ocrx_word' id='word_1_513' title='bbox 1347 1862 1438 1890; x_wconf 89' lang='lat' dir='ltr'><strong>anima</strong></span> <span class='ocrx_word' id='word_1_514' title='bbox 1464 1868 1589 1899; x_wconf 84' lang='lat' dir='ltr'><strong>purgata.</strong></span> <span class='ocrx_word' id='word_1_515' title='bbox 1609 1863 1703 1898; x_wconf 86' lang='lat' dir='ltr'><strong>quue</strong></span> 
     </span>
    </p>
   </div>
   <div class='ocr_carea' id='block_1_75' title="bbox 77 1905 816 1945">
    <p class='ocr_par' dir='ltr' id='par_1_75' title="bbox 77 1907 816 1945">
     <span class='ocr_line' id='line_1_75' title="bbox 77 1907 816 1945; baseline 0.005 -13"><span class='ocrx_word' id='word_1_516' title='bbox 77 1907 164 1938; x_wconf 84' lang='grc' dir='ltr'>σίοις,</span> <span class='ocrx_word' id='word_1_517' title='bbox 179 1908 400 1944; x_wconf 83' lang='grc' dir='ltr'>πεφωτισμένους</span> <span class='ocrx_word' id='word_1_518' title='bbox 419 1909 575 1945; x_wconf 76' lang='grc' dir='ltr'>ὀφθαλμοὺς</span> <span class='ocrx_word' id='word_1_519' title='bbox 589 1909 678 1937; x_wconf 79' lang='grc' dir='ltr'>αὐτῶν</span> <span class='ocrx_word' id='word_1_520' title='bbox 699 1907 769 1936; x_wconf 77' lang='grc' dir='ltr'>εἶναι</span> <span class='ocrx_word' id='word_1_521' title='bbox 789 1909 816 1936; x_wconf 84' lang='grc' dir='ltr'>ἐν</span> 
     </span>
    </p>
   </div>
   <div class='ocr_carea' id='block_1_76' title="bbox 964 1905 1703 1945">
    <p class='ocr_par' dir='ltr' id='par_1_76' title="bbox 964 1907 1703 1943">
     <span class='ocr_line' id='line_1_76' title="bbox 964 1907 1703 1943; baseline 0.004 -10"><span class='ocrx_word' id='word_1_522' title='bbox 964 1907 1017 1934; x_wconf 83' lang='lat' dir='ltr'><strong>ilus</strong></span> <span class='ocrx_word' id='word_1_523' title='bbox 1036 1911 1110 1942; x_wconf 88' lang='lat' dir='ltr'><strong>optat</strong></span> <span class='ocrx_word' id='word_1_524' title='bbox 1131 1907 1271 1943; x_wconf 83' lang='lat' dir='ltr'><strong>Ephesiis,</strong></span> <span class='ocrx_word' id='word_1_525' title='bbox 1302 1912 1330 1935; x_wconf 90' lang='lat' dir='ltr'><strong>ut</strong></span> <span class='ocrx_word' id='word_1_526' title='bbox 1345 1908 1441 1936; x_wconf 90' lang='lat' dir='ltr'><strong>oculos</strong></span> <span class='ocrx_word' id='word_1_527' title='bbox 1466 1909 1583 1936; x_wconf 88' lang='lat' dir='ltr'><strong>habeant</strong></span> <span class='ocrx_word' id='word_1_528' title='bbox 1602 1909 1703 1936; x_wconf 90' lang='lat' dir='ltr'><strong>illumi-</strong></span> 
     </span>
    </p>
   </div>
   <div class='ocr_carea' id='block_1_77' title="bbox 74 1953 813 1993">
    <p class='ocr_par' dir='ltr' id='par_1_77' title="bbox 74 1953 813 1993">
     <span class='ocr_line' id='line_1_77' title="bbox 74 1953 813 1993; baseline 0.005 -13"><span class='ocrx_word' id='word_1_529' title='bbox 74 1953 221 1989; x_wconf 85' lang='grc' dir='ltr'>Πνεύματι</span> <span class='ocrx_word' id='word_1_530' title='bbox 234 1955 284 1991; x_wconf 85' lang='grc' dir='ltr'>τῆς</span> <span class='ocrx_word' id='word_1_531' title='bbox 304 1956 409 1991; x_wconf 84' lang='grc' dir='ltr'>σοφίας.</span> <span class='ocrx_word' id='word_1_532' title='bbox 423 1957 478 1984; x_wconf 74' lang='grc' dir='ltr'><strong>Καὶ</strong></span> <span class='ocrx_word' id='word_1_533' title='bbox 491 1957 529 1989; x_wconf 83' lang='grc' dir='ltr'>ὡς</span> <span class='ocrx_word' id='word_1_534' title='bbox 542 1957 558 1992; x_wconf 87' lang='grc' dir='ltr'>ὴ</span> <span class='ocrx_word' id='word_1_535' title='bbox 573 1957 654 1993; x_wconf 84' lang='grc' dir='ltr'>τέχνη</span> <span class='ocrx_word' id='word_1_536' title='bbox 674 1958 703 1984; x_wconf 89' lang='grc' dir='ltr'>ὲν</span> <span class='ocrx_word' id='word_1_537' title='bbox 720 1957 759 1993; x_wconf 82' lang='grc' dir='ltr'>τῷ</span> <span class='ocrx_word' id='word_1_538' title='bbox 771 1958 813 1985; x_wconf 74' lang='grc' dir='ltr'>ἀνι</span> 
     </span>
    </p>
   </div>
   <div class='ocr_carea' id='block_1_78' title="bbox 962 1953 1701 1993">
    <p class='ocr_par' dir='ltr' id='par_1_78' title="bbox 962 1953 1701 1993">
     <span class='ocr_line' id='line_1_78' title="bbox 962 1953 1701 1993; baseline 0.007 -14"><span class='ocrx_word' id='word_1_539' title='bbox 962 1960 997 1981; x_wconf 92' lang='lat' dir='ltr'><strong>.os</strong></span> <span class='ocrx_word' id='word_1_540' title='bbox 1016 1953 1044 1980; x_wconf 92' lang='lat' dir='ltr'><strong>in</strong></span> <span class='ocrx_word' id='word_1_541' title='bbox 1076 1953 1181 1989; x_wconf 86' lang='lat' dir='ltr'><strong>Spiritu</strong></span> <span class='ocrx_word' id='word_1_542' title='bbox 1214 1954 1354 1993; x_wconf 68' lang='lat' dir='ltr'><strong>sapientiae</strong></span> <span class='ocrx_word' id='word_1_543' title='bbox 1376 1957 1397 1982; x_wconf 76' lang='grc' dir='ltr'><strong>ι.</strong></span> <span class='ocrx_word' id='word_1_544' title='bbox 1423 1954 1456 1982; x_wconf 89' lang='grc' dir='ltr'>Ει</span> <span class='ocrx_word' id='word_1_545' title='bbox 1474 1955 1701 1990; x_wconf 78' lang='lat' dir='ltr'><strong>quemadmodum</strong></span> 
     </span>
    </p>
   </div>
   <div class='ocr_carea' id='block_1_79' title="bbox 70 1989 809 2039">
    <p class='ocr_par' dir='ltr' id='par_1_79' title="bbox 70 1989 809 2039">
     <span class='ocr_line' id='line_1_79' title="bbox 70 1989 809 2039; baseline 0.007 -14"><span class='ocrx_word' id='word_1_546' title='bbox 70 2000 155 2026; x_wconf 72' lang='grc' dir='ltr'>δόντι</span> <span class='ocrx_word' id='word_1_547' title='bbox 175 1989 271 2036; x_wconf 78' lang='grc' dir='ltr'>αὐτὴν,</span> <span class='ocrx_word' id='word_1_548' title='bbox 290 1989 376 2035; x_wconf 65' lang='grc' dir='ltr'>οὓτίυς</span> <span class='ocrx_word' id='word_1_549' title='bbox 397 2003 414 2038; x_wconf 83' lang='grc' dir='ltr'>ἡ</span> <span class='ocrx_word' id='word_1_550' title='bbox 434 2003 514 2039; x_wconf 79' lang='grc' dir='ltr'>χάρις</span> <span class='ocrx_word' id='word_1_551' title='bbox 529 1989 576 2030; x_wconf 79' lang='grc' dir='ltr'><strong>τοῦ</strong></span> <span class='ocrx_word' id='word_1_552' title='bbox 603 1989 762 2039; x_wconf 68' lang='grc' dir='ltr'>Πνέύματος</span> <span class='ocrx_word' id='word_1_553' title='bbox 786 2004 809 2030; x_wconf 73' lang='grc' dir='ltr'>ἐι</span> 
     </span>
    </p>
   </div>
   <div class='ocr_carea' id='block_1_80' title="bbox 962 1989 1701 2039">
    <p class='ocr_par' dir='ltr' id='par_1_80' title="bbox 962 1989 1701 2036">
     <span class='ocr_line' id='line_1_80' title="bbox 962 1989 1701 2036; baseline 0.001 -10"><span class='ocrx_word' id='word_1_554' title='bbox 962 2017 963 2021; x_wconf 59' lang='grc' dir='ltr'><strong>η</strong></span> <span class='ocrx_word' id='word_1_555' title='bbox 991 2002 1033 2027; x_wconf 82' lang='lat' dir='ltr'><strong>est</strong></span> <span class='ocrx_word' id='word_1_556' title='bbox 1053 1999 1080 2026; x_wconf 89' lang='lat' dir='ltr'><strong>in</strong></span> <span class='ocrx_word' id='word_1_557' title='bbox 1106 2007 1139 2027; x_wconf 90' lang='lat' dir='ltr'><strong>eo</strong></span> <span class='ocrx_word' id='word_1_558' title='bbox 1152 1999 1199 2035; x_wconf 91' lang='lat' dir='ltr'><strong>qui</strong></span> <span class='ocrx_word' id='word_1_559' title='bbox 1232 1999 1305 2027; x_wconf 92' lang='lat' dir='ltr'><strong>illam</strong></span> <span class='ocrx_word' id='word_1_560' title='bbox 1329 1989 1446 2035; x_wconf 50' lang='lat' dir='ltr'><strong>Iadeptus</strong></span> <span class='ocrx_word' id='word_1_561' title='bbox 1469 1989 1533 2032; x_wconf 83' lang='lat' dir='ltr'><strong>est,</strong></span> <span class='ocrx_word' id='word_1_562' title='bbox 1554 2002 1591 2028; x_wconf 89' lang='lat' dir='ltr'><strong>ita</strong></span> <span class='ocrx_word' id='word_1_563' title='bbox 1615 2001 1701 2036; x_wconf 86' lang='lat' dir='ltr'><strong>gratia</strong></span> 
     </span>
    </p>
   </div>
   <div class='ocr_carea' id='block_1_81' title="bbox 69 2043 808 2085">
    <p class='ocr_par' dir='ltr' id='par_1_81' title="bbox 69 2044 808 2085">
     <span class='ocr_line' id='line_1_81' title="bbox 69 2044 808 2085; baseline 0.007 -14"><span class='ocrx_word' id='word_1_564' title='bbox 69 2044 281 2082; x_wconf 80' lang='grc' dir='ltr'>ὑποδεξαμένῳ,</span> <span class='ocrx_word' id='word_1_565' title='bbox 297 2047 339 2074; x_wconf 77' lang='grc' dir='ltr'>ἀεὶ</span> <span class='ocrx_word' id='word_1_566' title='bbox 354 2048 403 2082; x_wconf 79' lang='grc' dir='ltr'>μὲν</span> <span class='ocrx_word' id='word_1_567' title='bbox 416 2048 608 2084; x_wconf 79' lang='grc' dir='ltr'>συμπαροῦσα,</span> <span class='ocrx_word' id='word_1_568' title='bbox 623 2049 683 2085; x_wconf 79' lang='grc' dir='ltr'>οὐχὶ</span> <span class='ocrx_word' id='word_1_569' title='bbox 693 2049 721 2076; x_wconf 84' lang='grc' dir='ltr'>δὲ</span> <span class='ocrx_word' id='word_1_570' title='bbox 735 2050 782 2076; x_wconf 81' lang='grc' dir='ltr'><strong>καὶ</strong></span> <span class='ocrx_word' id='word_1_571' title='bbox 795 2050 808 2076; x_wconf 80' lang='grc' dir='ltr'><strong>ὲ</strong></span> 
     </span>
    </p>
   </div>
   <div class='ocr_carea' id='block_1_82' title="bbox 960 2043 1699 2085">
    <p class='ocr_par' dir='ltr' id='par_1_82' title="bbox 960 2045 1699 2082">
     <span class='ocr_line' id='line_1_82' title="bbox 960 2045 1699 2082; baseline 0.003 -10"><span class='ocrx_word' id='word_1_572' title='bbox 960 2045 1038 2073; x_wconf 91' lang='lat' dir='ltr'><strong>iritus</strong></span> <span class='ocrx_word' id='word_1_573' title='bbox 1066 2045 1094 2073; x_wconf 92' lang='lat' dir='ltr'><strong>in</strong></span> <span class='ocrx_word' id='word_1_574' title='bbox 1119 2053 1152 2073; x_wconf 87' lang='lat' dir='ltr'><strong>eo</strong></span> <span class='ocrx_word' id='word_1_575' title='bbox 1170 2046 1218 2080; x_wconf 91' lang='lat' dir='ltr'><strong>qui</strong></span> <span class='ocrx_word' id='word_1_576' title='bbox 1247 2046 1349 2081; x_wconf 85' lang='lat' dir='ltr'><strong>recepit</strong></span> <span class='ocrx_word' id='word_1_577' title='bbox 1368 2054 1439 2078; x_wconf 84' lang='lat' dir='ltr'><strong>eam,</strong></span> <span class='ocrx_word' id='word_1_578' title='bbox 1460 2054 1568 2081; x_wconf 89' lang='lat' dir='ltr'><strong>semper</strong></span> <span class='ocrx_word' id='word_1_579' title='bbox 1590 2047 1699 2082; x_wconf 88' lang='lat' dir='ltr'><strong>quidem</strong></span> 
     </span>
    </p>
   </div>
   <div class='ocr_carea' id='block_1_83' title="bbox 67 2089 806 2130">
    <p class='ocr_par' dir='ltr' id='par_1_83' title="bbox 67 2089 806 2130">
     <span class='ocr_line' id='line_1_83' title="bbox 67 2089 806 2130; baseline 0.008 -14"><span class='ocrx_word' id='word_1_580' title='bbox 67 2089 165 2124; x_wconf 82' lang='grc' dir='ltr'>γοῦσα</span> <span class='ocrx_word' id='word_1_581' title='bbox 187 2091 328 2126; x_wconf 82' lang='grc' dir='ltr'>διηνεκῶς.</span> <span class='ocrx_word' id='word_1_582' title='bbox 353 2093 429 2119; x_wconf 80' lang='grc' dir='ltr'><strong>Ἐπεὶ</strong></span> <span class='ocrx_word' id='word_1_583' title='bbox 450 2093 498 2121; x_wconf 77' lang='grc' dir='ltr'>καὶ</span> <span class='ocrx_word' id='word_1_584' title='bbox 514 2095 531 2130; x_wconf 82' lang='grc' dir='ltr'><strong>ἡ</strong></span> <span class='ocrx_word' id='word_1_585' title='bbox 548 2094 628 2130; x_wconf 81' lang='grc' dir='ltr'>τέχνη</span> <span class='ocrx_word' id='word_1_586' title='bbox 649 2094 762 2130; x_wconf 82' lang='grc' dir='ltr'>δυνάμει</span> <span class='ocrx_word' id='word_1_587' title='bbox 777 2095 806 2130; x_wconf 81' lang='grc' dir='ltr'>μὲ</span> 
     </span>
    </p>
   </div>
   <div class='ocr_carea' id='block_1_84' title="bbox 962 2089 1701 2130">
    <p class='ocr_par' dir='ltr' id='par_1_84' title="bbox 962 2092 1701 2128">
     <span class='ocr_line' id='line_1_84' title="bbox 962 2092 1701 2128; baseline 0.003 -9"><span class='ocrx_word' id='word_1_588' title='bbox 962 2100 1050 2124; x_wconf 83' lang='lat' dir='ltr'><strong>csens,</strong></span> <span class='ocrx_word' id='word_1_589' title='bbox 1087 2096 1115 2119; x_wconf 82' lang='lat' dir='ltr'><strong>at</strong></span> <span class='ocrx_word' id='word_1_590' title='bbox 1142 2099 1195 2120; x_wconf 88' lang='lat' dir='ltr'><strong>non</strong></span> <span class='ocrx_word' id='word_1_591' title='bbox 1218 2096 1349 2128; x_wconf 82' lang='lat' dir='ltr'><strong>perpetuo</strong></span> <span class='ocrx_word' id='word_1_592' title='bbox 1366 2100 1494 2128; x_wconf 86' lang='lat' dir='ltr'><strong>operans.</strong></span> <span class='ocrx_word' id='word_1_593' title='bbox 1511 2092 1579 2120; x_wconf 87' lang='lat' dir='ltr'><strong>Nam</strong></span> <span class='ocrx_word' id='word_1_594' title='bbox 1607 2097 1634 2121; x_wconf 89' lang='lat' dir='ltr'><strong>et</strong></span> <span class='ocrx_word' id='word_1_595' title='bbox 1656 2100 1701 2121; x_wconf 88' lang='lat' dir='ltr'><strong>ars</strong></span> 
     </span>
    </p>
   </div>
   <div class='ocr_carea' id='block_1_85' title="bbox 63 2135 802 2176">
    <p class='ocr_par' dir='ltr' id='par_1_85' title="bbox 63 2135 799 2175">
     <span class='ocr_line' id='line_1_85' title="bbox 63 2135 799 2175; baseline 0.008 -14"><span class='ocrx_word' id='word_1_596' title='bbox 63 2135 113 2171; x_wconf 80' lang='grc' dir='ltr'>τῷ</span> <span class='ocrx_word' id='word_1_597' title='bbox 133 2136 245 2172; x_wconf 79' lang='grc' dir='ltr'>τεχνίτῃ</span> <span class='ocrx_word' id='word_1_598' title='bbox 258 2137 345 2164; x_wconf 80' lang='grc' dir='ltr'>ἐστίν·</span> <span class='ocrx_word' id='word_1_599' title='bbox 361 2139 486 2175; x_wconf 76' lang='grc' dir='ltr'>ἐνεργείᾳ</span> <span class='ocrx_word' id='word_1_600' title='bbox 497 2140 526 2167; x_wconf 84' lang='grc' dir='ltr'>δὲ</span> <span class='ocrx_word' id='word_1_601' title='bbox 544 2140 616 2173; x_wconf 89' lang='grc' dir='ltr'>τότε,</span> <span class='ocrx_word' id='word_1_602' title='bbox 634 2141 697 2169; x_wconf 78' lang='grc' dir='ltr'>ἵπαν</span> <span class='ocrx_word' id='word_1_603' title='bbox 711 2140 771 2167; x_wconf 85' lang='grc' dir='ltr'>κατ’</span> <span class='ocrx_word' id='word_1_604' title='bbox 782 2149 799 2167; x_wconf 90' lang='grc' dir='ltr'><strong>α</strong></span> 
     </span>
    </p>
   </div>
   <div class='ocr_carea' id='block_1_86' title="bbox 960 2135 1699 2176">
    <p class='ocr_par' dir='ltr' id='par_1_86' title="bbox 960 2138 1699 2173">
     <span class='ocr_line' id='line_1_86' title="bbox 960 2138 1699 2173; baseline 0.001 -8"><span class='ocrx_word' id='word_1_605' title='bbox 960 2138 1037 2165; x_wconf 63' lang='lat' dir='ltr'><strong>,entia</strong></span> <span class='ocrx_word' id='word_1_606' title='bbox 1063 2139 1173 2173; x_wconf 83' lang='lat' dir='ltr'><strong>quidem</strong></span> <span class='ocrx_word' id='word_1_607' title='bbox 1188 2143 1230 2167; x_wconf 89' lang='lat' dir='ltr'><strong>est</strong></span> <span class='ocrx_word' id='word_1_608' title='bbox 1246 2139 1274 2166; x_wconf 92' lang='lat' dir='ltr'><strong>in</strong></span> <span class='ocrx_word' id='word_1_609' title='bbox 1300 2139 1427 2173; x_wconf 79' lang='lat' dir='ltr'><strong>artiﬁce;</strong></span> <span class='ocrx_word' id='word_1_610' title='bbox 1449 2143 1511 2166; x_wconf 86' lang='lat' dir='ltr'><strong>actu</strong></span> <span class='ocrx_word' id='word_1_611' title='bbox 1537 2147 1603 2167; x_wconf 86' lang='lat' dir='ltr'><strong>vero</strong></span> <span class='ocrx_word' id='word_1_612' title='bbox 1623 2143 1699 2172; x_wconf 82' lang='lat' dir='ltr'><strong>tum,</strong></span> 
     </span>
    </p>
   </div>
   <div class='ocr_carea' id='block_1_87' title="bbox 62 2182 801 2223">
    <p class='ocr_par' dir='ltr' id='par_1_87' title="bbox 62 2182 801 2223">
     <span class='ocr_line' id='line_1_87' title="bbox 62 2182 801 2223; baseline 0.011 -16"><span class='ocrx_word' id='word_1_613' title='bbox 62 2182 188 2217; x_wconf 77' lang='grc' dir='ltr'>ἐνεργῇ.</span> <span class='ocrx_word' id='word_1_614' title='bbox 211 2183 288 2210; x_wconf 82' lang='grc' dir='ltr'>Οὕτω</span> <span class='ocrx_word' id='word_1_615' title='bbox 301 2184 350 2211; x_wconf 75' lang='grc' dir='ltr'><strong>καὶ</strong></span> <span class='ocrx_word' id='word_1_616' title='bbox 369 2185 400 2211; x_wconf 86' lang='grc' dir='ltr'>τὺ</span> <span class='ocrx_word' id='word_1_617' title='bbox 417 2185 530 2222; x_wconf 80' lang='grc' dir='ltr'>Πνεῦμα</span> <span class='ocrx_word' id='word_1_618' title='bbox 553 2187 597 2213; x_wconf 81' lang='grc' dir='ltr'><strong>ἀεὶ</strong></span> <span class='ocrx_word' id='word_1_619' title='bbox 619 2187 668 2222; x_wconf 81' lang='grc' dir='ltr'><strong>μὲν</strong></span> <span class='ocrx_word' id='word_1_620' title='bbox 694 2187 801 2223; x_wconf 67' lang='grc' dir='ltr'>συμπάε</span> 
     </span>
    </p>
   </div>
   <div class='ocr_carea' id='block_1_88' title="bbox 962 2182 1701 2223">
    <p class='ocr_par' dir='ltr' id='par_1_88' title="bbox 962 2183 1701 2219">
     <span class='ocr_line' id='line_1_88' title="bbox 962 2183 1701 2219; baseline 0.003 -9"><span class='ocrx_word' id='word_1_621' title='bbox 962 2191 978 2210; x_wconf 82' lang='grc' dir='ltr'><strong>ιι</strong></span> <span class='ocrx_word' id='word_1_622' title='bbox 1003 2183 1153 2211; x_wconf 87' lang='lat' dir='ltr'><strong>secundum</strong></span> <span class='ocrx_word' id='word_1_623' title='bbox 1178 2184 1252 2211; x_wconf 88' lang='lat' dir='ltr'><strong>illam</strong></span> <span class='ocrx_word' id='word_1_624' title='bbox 1282 2189 1436 2219; x_wconf 87' lang='lat' dir='ltr'><strong>operatur:</strong></span> <span class='ocrx_word' id='word_1_625' title='bbox 1455 2185 1549 2212; x_wconf 85' lang='lat' dir='ltr'><strong>itidem</strong></span> <span class='ocrx_word' id='word_1_626' title='bbox 1581 2184 1701 2219; x_wconf 88' lang='lat' dir='ltr'><strong>Spiritus</strong></span> 
     </span>
    </p>
   </div>
   <div class='ocr_carea' id='block_1_89' title="bbox 59 2219 798 2269">
    <p class='ocr_par' dir='ltr' id='par_1_89' title="bbox 59 2219 798 2269">
     <span class='ocr_line' id='line_1_89' title="bbox 59 2219 798 2269; baseline 0.011 -17"><span class='ocrx_word' id='word_1_627' title='bbox 59 2228 131 2258; x_wconf 78' lang='grc' dir='ltr'>τοῖς</span> <span class='ocrx_word' id='word_1_628' title='bbox 155 2227 251 2261; x_wconf 80' lang='grc' dir='ltr'>ἀξίοις,</span> <span class='ocrx_word' id='word_1_629' title='bbox 268 2229 374 2264; x_wconf 73' lang='grc' dir='ltr'>ἐνεργεῖ</span> <span class='ocrx_word' id='word_1_630' title='bbox 387 2230 415 2257; x_wconf 82' lang='grc' dir='ltr'>δὲ</span> <span class='ocrx_word' id='word_1_631' title='bbox 437 2219 508 2258; x_wconf 77' lang='grc' dir='ltr'>κατᾶ</span> <span class='ocrx_word' id='word_1_632' title='bbox 526 2232 574 2268; x_wconf 82' lang='grc' dir='ltr'><strong>τὴν</strong></span> <span class='ocrx_word' id='word_1_633' title='bbox 590 2219 695 2268; x_wconf 81' lang='grc' dir='ltr'>χρείαν,</span> <span class='ocrx_word' id='word_1_634' title='bbox 751 2219 798 2260; x_wconf 51' lang='grc' dir='ltr'><strong>ὲνἶ</strong></span> 
     </span>
    </p>
   </div>
   <div class='ocr_carea' id='block_1_90' title="bbox 962 2219 1701 2269">
    <p class='ocr_par' dir='ltr' id='par_1_90' title="bbox 962 2229 1701 2269">
     <span class='ocr_line' id='line_1_90' title="bbox 962 2229 1701 2269; baseline 0.001 -14"><span class='ocrx_word' id='word_1_635' title='bbox 962 2237 1024 2264; x_wconf 83' lang='lat' dir='ltr'><strong>npcr</strong></span> <span class='ocrx_word' id='word_1_636' title='bbox 1041 2229 1151 2264; x_wconf 88' lang='lat' dir='ltr'><strong>quidem</strong></span> <span class='ocrx_word' id='word_1_637' title='bbox 1180 2229 1257 2257; x_wconf 85' lang='lat' dir='ltr'><strong>adest</strong></span> <span class='ocrx_word' id='word_1_638' title='bbox 1286 2229 1376 2265; x_wconf 82' lang='lat' dir='ltr'><strong>dignis</strong></span> <span class='ocrx_word' id='word_1_639' title='bbox 1388 2250 1396 2262; x_wconf 87' lang='lat'><strong>,</strong></span> <span class='ocrx_word' id='word_1_640' title='bbox 1413 2230 1606 2265; x_wconf 86' lang='lat' dir='ltr'><strong>sed-operatur</strong></span> <span class='ocrx_word' id='word_1_641' title='bbox 1621 2233 1701 2269; x_wconf 79' lang='lat' dir='ltr'><strong>prout</strong></span> 
     </span>
    </p>
   </div>
   <div class='ocr_carea' id='block_1_91' title="bbox 59 2266 798 2315">
    <p class='ocr_par' dir='ltr' id='par_1_91' title="bbox 59 2266 798 2313">
     <span class='ocr_line' id='line_1_91' title="bbox 59 2266 798 2313; baseline 0.011 -16"><span class='ocrx_word' id='word_1_642' title='bbox 59 2272 214 2306; x_wconf 78' lang='grc' dir='ltr'>φητείαις.</span> <span class='ocrx_word' id='word_1_643' title='bbox 240 2273 256 2309; x_wconf 78' lang='grc' dir='ltr'>ἢ</span> <span class='ocrx_word' id='word_1_644' title='bbox 274 2275 302 2300; x_wconf 82' lang='grc' dir='ltr'>ὲν</span> <span class='ocrx_word' id='word_1_645' title='bbox 323 2274 444 2310; x_wconf 83' lang='grc' dir='ltr'>ίάμασιν,</span> <span class='ocrx_word' id='word_1_646' title='bbox 462 2276 478 2311; x_wconf 81' lang='grc' dir='ltr'>ἢ</span> <span class='ocrx_word' id='word_1_647' title='bbox 503 2277 534 2302; x_wconf 80' lang='grc' dir='ltr'><strong>ὲν</strong></span> <span class='ocrx_word' id='word_1_648' title='bbox 546 2266 635 2309; x_wconf 65' lang='grc' dir='ltr'>ἄλλοις</span> <span class='ocrx_word' id='word_1_649' title='bbox 648 2277 704 2304; x_wconf 55' lang='grc' dir='ltr'><strong>’τισί⁴</strong></span> <span class='ocrx_word' id='word_1_650' title='bbox 723 2266 798 2313; x_wconf 64' lang='grc' dir='ltr'><strong>ἑυνάι</strong></span> 
     </span>
    </p>
   </div>
   <div class='ocr_carea' id='block_1_92' title="bbox 962 2266 1701 2315">
    <p class='ocr_par' dir='ltr' id='par_1_92' title="bbox 963 2266 1701 2310">
     <span class='ocr_line' id='line_1_92' title="bbox 963 2266 1701 2310; baseline 0.004 -10"><span class='ocrx_word' id='word_1_651' title='bbox 963 2282 985 2302; x_wconf 84' lang='lat' dir='ltr'><strong>is</strong></span> <span class='ocrx_word' id='word_1_652' title='bbox 1004 2278 1056 2306; x_wconf 79' lang='lat' dir='ltr'><strong>est.</strong></span> <span class='ocrx_word' id='word_1_653' title='bbox 1079 2278 1125 2301; x_wconf 89' lang='lat' dir='ltr'><strong>aut</strong></span> <span class='ocrx_word' id='word_1_654' title='bbox 1153 2275 1180 2302; x_wconf 94' lang='lat' dir='ltr'><strong>in</strong></span> <span class='ocrx_word' id='word_1_655' title='bbox 1199 2275 1366 2310; x_wconf 82' lang='lat' dir='ltr'><strong>proplietiis,</strong></span> <span class='ocrx_word' id='word_1_656' title='bbox 1386 2279 1433 2302; x_wconf 87' lang='lat' dir='ltr'><strong>aut</strong></span> <span class='ocrx_word' id='word_1_657' title='bbox 1449 2275 1476 2302; x_wconf 92' lang='lat' dir='ltr'><strong>in</strong></span> <span class='ocrx_word' id='word_1_658' title='bbox 1494 2266 1701 2307; x_wconf 76' lang='lat' dir='ltr'><strong>sanatioxiibus.</strong></span> 
     </span>
    </p>
   </div>
   <div class='ocr_carea' id='block_1_93' title="bbox 56 2317 795 2359">
    <p class='ocr_par' dir='ltr' id='par_1_93' title="bbox 56 2317 795 2358">
     <span class='ocr_line' id='line_1_93' title="bbox 56 2317 795 2358; baseline 0.011 -16"><span class='ocrx_word' id='word_1_659' title='bbox 56 2317 274 2352; x_wconf 77' lang='grc' dir='ltr'>ὲνεργήμασιν.</span> <span class='ocrx_word' id='word_1_660' title='bbox 300 2319 359 2346; x_wconf 86' lang='grc' dir='ltr'>Ἔτι</span> <span class='ocrx_word' id='word_1_661' title='bbox 381 2320 418 2352; x_wconf 86' lang='grc' dir='ltr'>ὡς</span> <span class='ocrx_word' id='word_1_662' title='bbox 433 2320 463 2347; x_wconf 73' lang='grc' dir='ltr'>ἐν</span> <span class='ocrx_word' id='word_1_663' title='bbox 477 2321 599 2356; x_wconf 85' lang='grc' dir='ltr'>σώμασιν</span> <span class='ocrx_word' id='word_1_664' title='bbox 613 2322 713 2357; x_wconf 81' lang='grc' dir='ltr'>ὑγίεια,</span> <span class='ocrx_word' id='word_1_665' title='bbox 725 2323 742 2358; x_wconf 83' lang='grc' dir='ltr'><strong>ἢ</strong></span> <span class='ocrx_word' id='word_1_666' title='bbox 767 2323 795 2349; x_wconf 85' lang='grc' dir='ltr'>θε</span> 
     </span>
    </p>
   </div>
   <div class='ocr_carea' id='block_1_94' title="bbox 962 2317 1701 2359">
    <p class='ocr_par' dir='ltr' id='par_1_94' title="bbox 962 2320 1701 2356">
     <span class='ocr_line' id='line_1_94' title="bbox 962 2320 1701 2356; baseline 0.003 -10"><span class='ocrx_word' id='word_1_667' title='bbox 962 2320 1005 2346; x_wconf 51' lang='grc' dir='ltr'>ηἰιι</span> <span class='ocrx_word' id='word_1_668' title='bbox 1033 2320 1095 2347; x_wconf 84' lang='lat' dir='ltr'><strong>aliis</strong></span> <span class='ocrx_word' id='word_1_669' title='bbox 1116 2320 1310 2348; x_wconf 89' lang='lat' dir='ltr'><strong>miraculorum</strong></span> <span class='ocrx_word' id='word_1_670' title='bbox 1333 2320 1550 2356; x_wconf 79' lang='lat' dir='ltr'><strong>operationibus.</strong></span> <span class='ocrx_word' id='word_1_671' title='bbox 1566 2320 1701 2348; x_wconf 74' lang='lat' dir='ltr'><strong>Praeterea</strong></span> 
     </span>
    </p>
   </div>
   <div class='ocr_carea' id='block_1_95' title="bbox 55 2362 794 2402">
    <p class='ocr_par' dir='ltr' id='par_1_95' title="bbox 55 2362 794 2402">
     <span class='ocr_line' id='line_1_95' title="bbox 55 2362 794 2402; baseline 0.008 -13"><span class='ocrx_word' id='word_1_672' title='bbox 55 2371 132 2397; x_wconf 86' lang='grc' dir='ltr'>της,</span> <span class='ocrx_word' id='word_1_673' title='bbox 161 2362 179 2398; x_wconf 76' lang='grc' dir='ltr'><strong>ἢ</strong></span> <span class='ocrx_word' id='word_1_674' title='bbox 195 2363 262 2395; x_wconf 81' lang='grc' dir='ltr'>ὅλως</span> <span class='ocrx_word' id='word_1_675' title='bbox 278 2365 306 2391; x_wconf 80' lang='grc' dir='ltr'>αἱ</span> <span class='ocrx_word' id='word_1_676' title='bbox 333 2366 470 2402; x_wconf 79' lang='grc' dir='ltr'>εὐκίνητοι</span> <span class='ocrx_word' id='word_1_677' title='bbox 494 2367 648 2400; x_wconf 83' lang='grc' dir='ltr'>διαθέσεις·</span> <span class='ocrx_word' id='word_1_678' title='bbox 668 2368 739 2395; x_wconf 78' lang='grc' dir='ltr'>οὕτω</span> <span class='ocrx_word' id='word_1_679' title='bbox 764 2378 794 2395; x_wconf 84' lang='grc' dir='ltr'>κα</span> 
     </span>
    </p>
   </div>
   <div class='ocr_carea' id='block_1_96' title="bbox 962 2362 1701 2402">
    <p class='ocr_par' dir='ltr' id='par_1_96' title="bbox 962 2366 1701 2400">
     <span class='ocr_line' id='line_1_96' title="bbox 962 2366 1701 2400; baseline 0 -8"><span class='ocrx_word' id='word_1_680' title='bbox 962 2371 987 2393; x_wconf 91' lang='grc' dir='ltr'><strong>ιιι</strong></span> <span class='ocrx_word' id='word_1_681' title='bbox 1005 2366 1031 2392; x_wconf 91' lang='lat' dir='ltr'><strong>in</strong></span> <span class='ocrx_word' id='word_1_682' title='bbox 1058 2366 1220 2400; x_wconf 90' lang='lat' dir='ltr'><strong>corporibus</strong></span> <span class='ocrx_word' id='word_1_683' title='bbox 1245 2369 1288 2393; x_wconf 89' lang='lat' dir='ltr'><strong>est</strong></span> <span class='ocrx_word' id='word_1_684' title='bbox 1303 2366 1419 2400; x_wconf 83' lang='lat' dir='ltr'><strong>sanitas,</strong></span> <span class='ocrx_word' id='word_1_685' title='bbox 1433 2369 1481 2393; x_wconf 88' lang='lat' dir='ltr'><strong>aut</strong></span> <span class='ocrx_word' id='word_1_686' title='bbox 1501 2366 1587 2398; x_wconf 87' lang='lat' dir='ltr'><strong>calor,</strong></span> <span class='ocrx_word' id='word_1_687' title='bbox 1608 2369 1654 2393; x_wconf 91' lang='lat' dir='ltr'><strong>aut</strong></span> <span class='ocrx_word' id='word_1_688' title='bbox 1674 2366 1701 2393; x_wconf 94' lang='lat' dir='ltr'><strong>in</strong></span> 
     </span>
    </p>
   </div>
   <div class='ocr_carea' id='block_1_97' title="bbox 52 2407 791 2450">
    <p class='ocr_par' dir='ltr' id='par_1_97' title="bbox 52 2407 791 2448">
     <span class='ocr_line' id='line_1_97' title="bbox 52 2407 791 2448; baseline -0.003 -6"><span class='ocrx_word' id='word_1_689' title='bbox 52 2407 146 2442; x_wconf 68' lang='grc' dir='ltr'>ψυχῇ</span> <span class='ocrx_word' id='word_1_690' title='bbox 171 2407 302 2441; x_wconf 82' lang='grc' dir='ltr'>πολλάκις</span> <span class='ocrx_word' id='word_1_691' title='bbox 320 2410 435 2446; x_wconf 76' lang='grc' dir='ltr'>ὑπάρχει</span> <span class='ocrx_word' id='word_1_692' title='bbox 453 2412 484 2438; x_wconf 85' lang='grc' dir='ltr'><strong>τδ</strong></span> <span class='ocrx_word' id='word_1_693' title='bbox 505 2413 627 2448; x_wconf 85' lang='grc' dir='ltr'>Πνεῦμα,</span> <span class='ocrx_word' id='word_1_694' title='bbox 640 2415 696 2445; x_wconf 87' lang='grc' dir='ltr'>τοῖς</span> <span class='ocrx_word' id='word_1_695' title='bbox 715 2414 759 2441; x_wconf 81' lang='grc' dir='ltr'>διὰ</span> <span class='ocrx_word' id='word_1_696' title='bbox 771 2414 791 2440; x_wconf 72' lang='grc' dir='ltr'>τὶ</span> 
     </span>
    </p>
   </div>
   <div class='ocr_carea' id='block_1_98' title="bbox 961 2407 1700 2450">
    <p class='ocr_par' dir='ltr' id='par_1_98' title="bbox 961 2410 1700 2444">
     <span class='ocr_line' id='line_1_98' title="bbox 961 2410 1700 2444; baseline -0.001 -5"><span class='ocrx_word' id='word_1_697' title='bbox 961 2419 1016 2439; x_wconf 82' lang='lat' dir='ltr'><strong>lere</strong></span> <span class='ocrx_word' id='word_1_698' title='bbox 1030 2411 1189 2439; x_wconf 76' lang='lat' dir='ltr'><strong>aﬂ‘ectiones</strong></span> <span class='ocrx_word' id='word_1_699' title='bbox 1215 2410 1294 2438; x_wconf 79' lang='lat' dir='ltr'><strong>facile</strong></span> <span class='ocrx_word' id='word_1_700' title='bbox 1309 2411 1444 2444; x_wconf 87' lang='lat' dir='ltr'><strong>mobiles;</strong></span> <span class='ocrx_word' id='word_1_701' title='bbox 1465 2411 1506 2439; x_wconf 92' lang='lat' dir='ltr'><strong>sic</strong></span> <span class='ocrx_word' id='word_1_702' title='bbox 1522 2416 1549 2439; x_wconf 87' lang='lat' dir='ltr'><strong>et</strong></span> <span class='ocrx_word' id='word_1_703' title='bbox 1564 2412 1592 2439; x_wconf 93' lang='lat' dir='ltr'><strong>in</strong></span> <span class='ocrx_word' id='word_1_704' title='bbox 1610 2411 1700 2438; x_wconf 87' lang='lat' dir='ltr'><strong>anima</strong></span> 
     </span>
    </p>
   </div>
   <div class='ocr_carea' id='block_1_99' title="bbox 51 2451 790 2495">
    <p class='ocr_par' dir='ltr' id='par_1_99' title="bbox 51 2451 790 2495">
     <span class='ocr_line' id='line_1_99' title="bbox 51 2451 790 2495; baseline 0.012 -18"><span class='ocrx_word' id='word_1_705' title='bbox 51 2451 187 2487; x_wconf 79' lang='grc' dir='ltr'>γνώμης</span> <span class='ocrx_word' id='word_1_706' title='bbox 201 2454 339 2490; x_wconf 79' lang='grc' dir='ltr'>ἀνίδρυτον</span> <span class='ocrx_word' id='word_1_707' title='bbox 358 2457 484 2490; x_wconf 75' lang='grc' dir='ltr'>εὐκόλως,</span> <span class='ocrx_word' id='word_1_708' title='bbox 502 2458 534 2493; x_wconf 84' lang='grc' dir='ltr'>ἢν</span> <span class='ocrx_word' id='word_1_709' title='bbox 548 2459 670 2492; x_wconf 73' lang='grc' dir='ltr'>ἐδέξαντο</span> <span class='ocrx_word' id='word_1_710' title='bbox 691 2459 770 2495; x_wconf 86' lang='grc' dir='ltr'>χάριν</span> <span class='ocrx_word' id='word_1_711' title='bbox 787 2471 790 2485; x_wconf 75' lang='grc' dir='ltr'><strong>ι</strong></span> 
     </span>
    </p>
   </div>
   <div class='ocr_carea' id='block_1_100' title="bbox 962 2451 1701 2495">
    <p class='ocr_par' dir='ltr' id='par_1_100' title="bbox 962 2456 1701 2493">
     <span class='ocr_line' id='line_1_100' title="bbox 962 2456 1701 2493; baseline 0.001 -9"><span class='ocrx_word' id='word_1_712' title='bbox 962 2461 1074 2492; x_wconf 80' lang='lat' dir='ltr'><strong>quenter</strong></span> <span class='ocrx_word' id='word_1_713' title='bbox 1095 2461 1138 2485; x_wconf 84' lang='lat' dir='ltr'><strong>est</strong></span> <span class='ocrx_word' id='word_1_714' title='bbox 1159 2456 1294 2492; x_wconf 86' lang='lat' dir='ltr'><strong>Spiritus,</strong></span> <span class='ocrx_word' id='word_1_715' title='bbox 1313 2457 1340 2484; x_wconf 93' lang='lat' dir='ltr'><strong>in</strong></span> <span class='ocrx_word' id='word_1_716' title='bbox 1353 2457 1386 2485; x_wconf 90' lang='lat' dir='ltr'><strong>iis</strong></span> <span class='ocrx_word' id='word_1_717' title='bbox 1408 2457 1455 2492; x_wconf 92' lang='lat' dir='ltr'><strong>qui</strong></span> <span class='ocrx_word' id='word_1_718' title='bbox 1472 2462 1584 2493; x_wconf 87' lang='lat' dir='ltr'><strong>propter</strong></span> <span class='ocrx_word' id='word_1_719' title='bbox 1604 2458 1701 2485; x_wconf 82' lang='lat' dir='ltr'><strong>mentis</strong></span> 
     </span>
    </p>
   </div>
   <div class='ocr_carea' id='block_1_101' title="bbox 51 2497 790 2539">
    <p class='ocr_par' dir='ltr' id='par_1_101' title="bbox 51 2497 787 2539">
     <span class='ocr_line' id='line_1_101' title="bbox 51 2497 787 2539; baseline 0.012 -17"><span class='ocrx_word' id='word_1_720' title='bbox 51 2497 227 2532; x_wconf 83' lang='grc' dir='ltr'>θουμένοις,</span> <span class='ocrx_word' id='word_1_721' title='bbox 242 2499 280 2535; x_wconf 81' lang='grc' dir='ltr'>μὴ</span> <span class='ocrx_word' id='word_1_722' title='bbox 289 2502 445 2537; x_wconf 79' lang='grc' dir='ltr'>παραμένον</span> <span class='ocrx_word' id='word_1_723' title='bbox 460 2502 526 2538; x_wconf 80' lang='grc'><strong>(59),</strong></span> <span class='ocrx_word' id='word_1_724' title='bbox 544 2500 599 2535; x_wconf 73' lang='grc' dir='ltr'>οἶος</span> <span class='ocrx_word' id='word_1_725' title='bbox 622 2502 655 2539; x_wconf 81' lang='grc' dir='ltr'>ἦν</span> <span class='ocrx_word' id='word_1_726' title='bbox 672 2505 686 2530; x_wconf 88' lang='grc' dir='ltr'>ὁ</span> <span class='ocrx_word' id='word_1_727' title='bbox 702 2504 787 2532; x_wconf 81' lang='grc' dir='ltr'>Σαοὺλ</span> 
     </span>
    </p>
   </div>
   <div class='ocr_carea' id='block_1_102' title="bbox 960 2497 1699 2539">
    <p class='ocr_par' dir='ltr' id='par_1_102' title="bbox 963 2501 1699 2538">
     <span class='ocr_line' id='line_1_102' title="bbox 963 2501 1699 2538; baseline 0 -9"><span class='ocrx_word' id='word_1_728' title='bbox 963 2502 1122 2530; x_wconf 86' lang='lat' dir='ltr'><strong>tabilitatem</strong></span> <span class='ocrx_word' id='word_1_729' title='bbox 1150 2501 1231 2529; x_wconf 78' lang='lat' dir='ltr'><strong>facile</strong></span> <span class='ocrx_word' id='word_1_730' title='bbox 1246 2503 1360 2538; x_wconf 80' lang='lat' dir='ltr'><strong>gratiam</strong></span> <span class='ocrx_word' id='word_1_731' title='bbox 1383 2507 1522 2538; x_wconf 86' lang='lat' dir='ltr'><strong>acceptam</strong></span> <span class='ocrx_word' id='word_1_732' title='bbox 1541 2504 1699 2538; x_wconf 83' lang='lat' dir='ltr'><strong>expellunt,</strong></span> 
     </span>
    </p>
   </div>
   <div class='ocr_carea' id='block_1_103' title="bbox 49 2541 788 2593">
    <p class='ocr_par' dir='ltr' id='par_1_103' title="bbox 49 2541 774 2582">
     <span class='ocr_line' id='line_1_103' title="bbox 49 2541 774 2582; baseline 0.008 -14"><span class='ocrx_word' id='word_1_733' title='bbox 49 2543 87 2569; x_wconf 72' lang='grc' dir='ltr'>οἳ</span> <span class='ocrx_word' id='word_1_734' title='bbox 104 2541 303 2577; x_wconf 67' lang='grc' dir='ltr'>ἑϐδομήκοντα</span> <span class='ocrx_word' id='word_1_735' title='bbox 319 2543 504 2580; x_wconf 79' lang='grc' dir='ltr'>πρεσὸύτερσι</span> <span class='ocrx_word' id='word_1_736' title='bbox 513 2545 567 2573; x_wconf 88' lang='grc' dir='ltr'><strong>τῶν</strong></span> <span class='ocrx_word' id='word_1_737' title='bbox 577 2546 642 2573; x_wconf 83' lang='grc' dir='ltr'>υἱῶν</span> <span class='ocrx_word' id='word_1_738' title='bbox 654 2546 774 2582; x_wconf 76' lang='grc' dir='ltr'>Ἰσραὴλ,</span> 
     </span>
    </p>
   </div>
   <div class='ocr_carea' id='block_1_104' title="bbox 962 2541 1701 2593">
    <p class='ocr_par' dir='ltr' id='par_1_104' title="bbox 962 2546 1701 2585">
     <span class='ocr_line' id='line_1_104' title="bbox 962 2546 1701 2585; baseline -0.001 -9"><span class='ocrx_word' id='word_1_739' title='bbox 962 2555 1087 2584; x_wconf 71' lang='grc' dir='ltr'>ιιιοίιιιιιιιι</span> <span class='ocrx_word' id='word_1_740' title='bbox 1111 2556 1308 2585; x_wconf 66' lang='grc' dir='ltr'>,ρει-ηιοιιοιιει</span> <span class='ocrx_word' id='word_1_741' title='bbox 1349 2547 1439 2583; x_wconf 88' lang='lat' dir='ltr'><strong>qualis</strong></span> <span class='ocrx_word' id='word_1_742' title='bbox 1469 2552 1528 2576; x_wconf 89' lang='lat' dir='ltr'><strong>erat</strong></span> <span class='ocrx_word' id='word_1_743' title='bbox 1570 2546 1649 2580; x_wconf 87' lang='lat' dir='ltr'><strong>Saul.</strong></span> <span class='ocrx_word' id='word_1_744' title='bbox 1672 2550 1701 2576; x_wconf 72' lang='lat' dir='ltr'><strong>et</strong></span> 
     </span>
    </p>
   </div>
   <div class='ocr_carea' id='block_1_105' title="bbox 44 2587 783 2631">
    <p class='ocr_par' dir='ltr' id='par_1_105' title="bbox 44 2587 769 2627">
     <span class='ocr_line' id='line_1_105' title="bbox 44 2587 769 2627; baseline 0.007 -13"><span class='ocrx_word' id='word_1_745' title='bbox 44 2587 112 2615; x_wconf 78' lang='grc' dir='ltr'><strong>τοῦ</strong></span> <span class='ocrx_word' id='word_1_746' title='bbox 130 2587 230 2615; x_wconf 82' lang='grc' dir='ltr'>Ἐλδὰδ</span> <span class='ocrx_word' id='word_1_747' title='bbox 245 2589 291 2616; x_wconf 75' lang='grc' dir='ltr'>καὶ</span> <span class='ocrx_word' id='word_1_748' title='bbox 308 2588 404 2617; x_wconf 74' lang='grc' dir='ltr'><strong>Μωδὰδ</strong></span> <span class='ocrx_word' id='word_1_749' title='bbox 428 2589 543 2624; x_wconf 81' lang='grc' dir='ltr'>(τούτοις</span> <span class='ocrx_word' id='word_1_750' title='bbox 556 2591 609 2627; x_wconf 77' lang='grc' dir='ltr'>γὰρ</span> <span class='ocrx_word' id='word_1_751' title='bbox 629 2592 720 2626; x_wconf 87' lang='grc' dir='ltr'>μόνοις</span> <span class='ocrx_word' id='word_1_752' title='bbox 737 2593 769 2620; x_wconf 79' lang='grc' dir='ltr'><strong>ὲκ</strong></span> 
     </span>
    </p>
   </div>
   <div class='ocr_carea' id='block_1_106' title="bbox 960 2587 1699 2631">
    <p class='ocr_par' dir='ltr' id='par_1_106' title="bbox 960 2592 1699 2631">
     <span class='ocr_line' id='line_1_106' title="bbox 960 2592 1699 2631; baseline -0.003 -10"><span class='ocrx_word' id='word_1_753' title='bbox 960 2595 1086 2631; x_wconf 70' lang='lat' dir='ltr'><strong>ituaginta</strong></span> <span class='ocrx_word' id='word_1_754' title='bbox 1103 2595 1229 2623; x_wconf 84' lang='lat' dir='ltr'><strong>seniores</strong></span> <span class='ocrx_word' id='word_1_755' title='bbox 1261 2595 1378 2622; x_wconf 83' lang='lat' dir='ltr'><strong>ﬁliorum</strong></span> <span class='ocrx_word' id='word_1_756' title='bbox 1398 2594 1491 2627; x_wconf 85' lang='lat' dir='ltr'><strong>Israel,</strong></span> <span class='ocrx_word' id='word_1_757' title='bbox 1522 2597 1624 2628; x_wconf 62' lang='lat' dir='ltr'><strong>praeter</strong></span> <span class='ocrx_word' id='word_1_758' title='bbox 1655 2592 1699 2620; x_wconf 84' lang='lat' dir='ltr'><strong>El-</strong></span> 
     </span>
    </p>
   </div>
   <div class='ocr_carea' id='block_1_107' title="bbox 41 2633 780 2676">
    <p class='ocr_par' dir='ltr' id='par_1_107' title="bbox 41 2633 780 2671">
     <span class='ocr_line' id='line_1_107' title="bbox 41 2633 780 2671; baseline 0.005 -12"><span class='ocrx_word' id='word_1_759' title='bbox 41 2641 118 2660; x_wconf 74' lang='grc' dir='ltr'>·εων</span> <span class='ocrx_word' id='word_1_760' title='bbox 132 2633 265 2667; x_wconf 78' lang='grc' dir='ltr'>φαίνεται</span> <span class='ocrx_word' id='word_1_761' title='bbox 281 2635 454 2669; x_wconf 83' lang='grc' dir='ltr'>παραμεῖναν</span> <span class='ocrx_word' id='word_1_762' title='bbox 469 2635 499 2662; x_wconf 69' lang='grc' dir='ltr'>τὸ</span> <span class='ocrx_word' id='word_1_763' title='bbox 512 2635 649 2671; x_wconf 80' lang='grc' dir='ltr'>Πνεῦμα),</span> <span class='ocrx_word' id='word_1_764' title='bbox 676 2637 724 2664; x_wconf 80' lang='grc' dir='ltr'><strong>καὶ</strong></span> <span class='ocrx_word' id='word_1_765' title='bbox 748 2637 780 2665; x_wconf 68' lang='grc' dir='ltr'>ὄλ</span> 
     </span>
    </p>
   </div>
   <div class='ocr_carea' id='block_1_108' title="bbox 959 2633 1698 2676">
    <p class='ocr_par' dir='ltr' id='par_1_108' title="bbox 959 2638 1698 2676">
     <span class='ocr_line' id='line_1_108' title="bbox 959 2638 1698 2676; baseline -0.003 -9"><span class='ocrx_word' id='word_1_766' title='bbox 959 2641 965 2667; x_wconf 96' lang='grc' dir='ltr'><strong>Ι</strong></span> <span class='ocrx_word' id='word_1_767' title='bbox 984 2646 1010 2669; x_wconf 90' lang='lat' dir='ltr'><strong>et</strong></span> <span class='ocrx_word' id='word_1_768' title='bbox 1037 2640 1237 2674; x_wconf 79' lang='lat' dir='ltr'><strong>Modad’(nam</strong></span> <span class='ocrx_word' id='word_1_769' title='bbox 1261 2641 1331 2676; x_wconf 91' lang='lat' dir='ltr'><strong>apud</strong></span> <span class='ocrx_word' id='word_1_770' title='bbox 1345 2641 1396 2669; x_wconf 87' lang='lat' dir='ltr'><strong>hos</strong></span> <span class='ocrx_word' id='word_1_771' title='bbox 1419 2640 1492 2668; x_wconf 89' lang='lat' dir='ltr'><strong>solos</strong></span> <span class='ocrx_word' id='word_1_772' title='bbox 1513 2647 1545 2666; x_wconf 80' lang='lat' dir='ltr'><strong>ex</strong></span> <span class='ocrx_word' id='word_1_773' title='bbox 1572 2638 1698 2666; x_wconf 84' lang='lat' dir='ltr'><strong>omnibus</strong></span> 
     </span>
    </p>
   </div>
   <div class='ocr_carea' id='block_1_109' title="bbox 40 2678 779 2721">
    <p class='ocr_par' dir='ltr' id='par_1_109' title="bbox 40 2678 774 2718">
     <span class='ocr_line' id='line_1_109' title="bbox 40 2678 774 2718; baseline 0.008 -14"><span class='ocrx_word' id='word_1_774' title='bbox 40 2687 104 2710; x_wconf 71' lang='grc' dir='ltr'><strong>τις</strong></span> <span class='ocrx_word' id='word_1_775' title='bbox 124 2678 239 2711; x_wconf 84' lang='grc' dir='ltr'>τούτοις</span> <span class='ocrx_word' id='word_1_776' title='bbox 253 2680 303 2714; x_wconf 85' lang='grc' dir='ltr'>τὴν</span> <span class='ocrx_word' id='word_1_777' title='bbox 320 2680 488 2716; x_wconf 85' lang='grc' dir='ltr'>’προαιρεσιν</span> <span class='ocrx_word' id='word_1_778' title='bbox 512 2682 718 2718; x_wconf 78' lang='grc' dir='ltr'>παραπλήσιος.</span> <span class='ocrx_word' id='word_1_779' title='bbox 756 2684 774 2710; x_wconf 80' lang='grc' dir='ltr'>Κ</span> 
     </span>
    </p>
   </div>
   <div class='ocr_carea' id='block_1_110' title="bbox 987 2678 1726 2721">
    <p class='ocr_par' dir='ltr' id='par_1_110' title="bbox 992 2682 1726 2721">
     <span class='ocr_line' id='line_1_110' title="bbox 992 2682 1726 2721; baseline -0.004 -9"><span class='ocrx_word' id='word_1_780' title='bbox 992 2690 1048 2712; x_wconf 85' lang='lat' dir='ltr'><strong>tum</strong></span> <span class='ocrx_word' id='word_1_781' title='bbox 1066 2685 1200 2713; x_wconf 88' lang='lat' dir='ltr'><strong>mansisse</strong></span> <span class='ocrx_word' id='word_1_782' title='bbox 1221 2686 1353 2721; x_wconf 84' lang='lat' dir='ltr'><strong>apparet),</strong></span> <span class='ocrx_word' id='word_1_783' title='bbox 1370 2689 1398 2712; x_wconf 93' lang='lat' dir='ltr'><strong>et</strong></span> <span class='ocrx_word' id='word_1_784' title='bbox 1412 2685 1439 2712; x_wconf 93' lang='lat' dir='ltr'><strong>in</strong></span> <span class='ocrx_word' id='word_1_785' title='bbox 1452 2691 1560 2719; x_wconf 79' lang='lat' dir='ltr'><strong>genere,</strong></span> <span class='ocrx_word' id='word_1_786' title='bbox 1587 2683 1610 2710; x_wconf 88' lang='lat' dir='ltr'><strong>si</strong></span> <span class='ocrx_word' id='word_1_787' title='bbox 1636 2683 1699 2717; x_wconf 75' lang='lat' dir='ltr'><strong>quis</strong></span> <span class='ocrx_word' id='word_1_788' title='bbox 1723 2682 1726 2685; x_wconf 90' lang='grc'><em>’</em></span> 
     </span>
    </p>
   </div>
   <div class='ocr_carea' id='block_1_111' title="bbox 36 2724 775 2765">
    <p class='ocr_par' dir='ltr' id='par_1_111' title="bbox 36 2724 775 2764">
     <span class='ocr_line' id='line_1_111' title="bbox 36 2724 775 2764; baseline 0.009 -15"><span class='ocrx_word' id='word_1_789' title='bbox 36 2724 64 2750; x_wconf 72' lang='grc' dir='ltr'><strong><em>ὁ</em></strong></span> <span class='ocrx_word' id='word_1_790' title='bbox 97 2724 188 2759; x_wconf 80' lang='grc' dir='ltr'>λόγος</span> <span class='ocrx_word' id='word_1_791' title='bbox 211 2725 239 2752; x_wconf 70' lang='grc' dir='ltr'>δὲ</span> <span class='ocrx_word' id='word_1_792' title='bbox 258 2726 289 2752; x_wconf 83' lang='grc' dir='ltr'>ὲν</span> <span class='ocrx_word' id='word_1_793' title='bbox 318 2725 403 2761; x_wconf 78' lang='grc' dir='ltr'>ψυχῇ,</span> <span class='ocrx_word' id='word_1_794' title='bbox 436 2727 501 2754; x_wconf 83' lang='grc' dir='ltr'>ποτὲ</span> <span class='ocrx_word' id='word_1_795' title='bbox 522 2726 572 2762; x_wconf 83' lang='grc' dir='ltr'>μὲν</span> <span class='ocrx_word' id='word_1_796' title='bbox 604 2728 643 2760; x_wconf 81' lang='grc' dir='ltr'>ὡς</span> <span class='ocrx_word' id='word_1_797' title='bbox 660 2729 691 2755; x_wconf 83' lang='grc' dir='ltr'>τὸ</span> <span class='ocrx_word' id='word_1_798' title='bbox 716 2729 775 2764; x_wconf 77' lang='grc' dir='ltr'>ὲγκι</span> 
     </span>
    </p>
   </div>
   <div class='ocr_carea' id='block_1_112' title="bbox 958 2724 1697 2765">
    <p class='ocr_par' dir='ltr' id='par_1_112' title="bbox 981 2729 1697 2765">
     <span class='ocr_line' id='line_1_112' title="bbox 981 2729 1697 2765; baseline -0.004 -8"><span class='ocrx_word' id='word_1_799' title='bbox 981 2729 1041 2758; x_wconf 87' lang='lat' dir='ltr'><strong>istis</strong></span> <span class='ocrx_word' id='word_1_800' title='bbox 1057 2729 1141 2757; x_wconf 89' lang='lat' dir='ltr'><strong>animi</strong></span> <span class='ocrx_word' id='word_1_801' title='bbox 1157 2733 1295 2765; x_wconf 60' lang='lat' dir='ltr'><strong>propisito</strong></span> <span class='ocrx_word' id='word_1_802' title='bbox 1316 2729 1478 2758; x_wconf 83' lang='lat' dir='ltr'><strong>consimilis.</strong></span> <span class='ocrx_word' id='word_1_803' title='bbox 1508 2729 1573 2756; x_wconf 85' lang='lat' dir='ltr'><strong>Item</strong></span> <span class='ocrx_word' id='word_1_804' title='bbox 1603 2735 1697 2763; x_wconf 80' lang='lat' dir='ltr'><strong>quem-</strong></span> 
     </span>
    </p>
   </div>
   <div class='ocr_carea' id='block_1_113' title="bbox 96 2858 694 2895">
    <p class='ocr_par' dir='ltr' id='par_1_113' title="bbox 96 2858 694 2895">
     <span class='ocr_line' id='line_1_113' title="bbox 96 2858 694 2895; baseline 0.01 -12"><span class='ocrx_word' id='word_1_805' title='bbox 96 2859 105 2874; x_wconf 77' lang='grc'><strong>·</strong></span> <span class='ocrx_word' id='word_1_806' title='bbox 128 2858 238 2892; x_wconf 65' lang='lat' dir='ltr'><strong>Epiros.</strong></span> <span class='ocrx_word' id='word_1_807' title='bbox 254 2866 271 2890; x_wconf 81' lang='grc' dir='ltr'><strong>ι,</strong></span> <span class='ocrx_word' id='word_1_808' title='bbox 286 2858 328 2891; x_wconf 79' lang='grc'><strong>17,</strong></span> <span class='ocrx_word' id='word_1_809' title='bbox 346 2859 388 2888; x_wconf 77' lang='grc'><strong>18.</strong></span> <span class='ocrx_word' id='word_1_810' title='bbox 426 2861 437 2877; x_wconf 75' lang='grc'><strong>⁸</strong></span> <span class='ocrx_word' id='word_1_811' title='bbox 451 2860 528 2888; x_wconf 83' lang='grc' dir='ltr'>Νιιιιι.</span> <span class='ocrx_word' id='word_1_812' title='bbox 541 2869 577 2895; x_wconf 67' lang='grc' dir='ltr'>χι,</span> <span class='ocrx_word' id='word_1_813' title='bbox 589 2862 633 2893; x_wconf 70' lang='lat'><strong>25,</strong></span> <span class='ocrx_word' id='word_1_814' title='bbox 649 2862 694 2889; x_wconf 79' lang='lat'><strong>‘26.</strong></span> 
     </span>
    </p>
   </div>
  </div>
