1873 3076
66 158 116 190 789

69 230 142 262 αὐτὸς
157 229 229 263 λέγει
240 237 247 246 ο
267 230 304 256 Ἢ
322 229 450 264 δοκιμὴν

67 275 227 307 λαλοῦντος
245 274 392 308 Χριστοῦ;
413 273 484 300 οὕτω
499 274 547 300 καὶ
567 275 595 300 ἐν
614 274 753 309 Πνεύματι
771 273 846 300 λαλεῖ

67 320 102 347 τὰ
116 321 257 356 μυστήρια,
274 320 321 346 καὶ
335 320 365 346 τὺ
379 319 491 356 Πνεῦμα
505 319 586 346 πάλιν
600 319 675 346 λαλεῖ
687 321 715 346 ἐν
726 318 809 354 αὐτῷ.

153 367 196 393 Ἐν
207 365 255 401 μὲν
266 363 311 393 οὖν
322 366 378 397 τοῖς
389 366 527 401 γεννητοῖς
605 364 676 391 οὕτω
687 363 846 398 πολυμερῶς

67 411 113 437 καὶ
127 410 298 446 πολυτρόπως
308 411 406 437 ἐνεῖναι
417 410 524 444 λέγεται
534 409 564 436 τὸ
572 409 684 445 Πνεῦμα
695 418 702 424 ·
719 409 804 444 Πατρὶ
817 407 846 434 δὲ
868 427 872 430 .

66 457 112 483 καὶ
124 456 178 491 Υιῷ
196 456 256 491 οὐχὶ
274 456 373 484 ἐνεῖναι
398 456 508 491 μᾶλλον,
525 455 593 482 ἀλλὰ
618 456 736 482 συνεῖναι
759 454 846 480 εἰπεῖν

67 502 260 537 εὐσεϐέστερον.
278 502 310 528 Ἢ
326 501 375 537 μὲν
397 501 452 537 γὰρ
473 501 538 536 παρ’
551 500 632 527 αὑτοῦ
647 500 726 535 χάρις
741 498 847 526 οἰκοῦν-

65 555 109 578 τος
123 547 149 573 ὲν
165 548 220 578 τοῖς
237 546 332 579 ἀξίοις,
356 546 403 572 καὶ
427 544 600 581 ἐνεργοῦντος
615 545 650 571 τὰ
670 544 777 576 ἑαυτοῦ,
797 552 848 570 κα-

66 590 117 622 λῶς
135 590 297 625 ἐνυπάρχειν
317 590 374 620 τοῖς
394 589 527 620 δεκτικοῖς
545 588 626 615 αὑτοῦ
644 588 769 623 λέγεται·
784 589 801 624 ἡ
819 588 847 615 δέ

66 636 220 671 προαιώνιος
242 635 375 671 ὒπαρξις,
403 636 450 662 καὶ
475 636 612 667 ἄπαυστος
638 635 763 670 διαμονὴ,
788 634 846 670 μεθ’

66 680 127 707 Υἱοῦ
143 681 189 707 καὶ
204 680 310 717 Πατρδς
330 680 502 716 θεωρουμένη
513 700 520 711 ,
541 680 591 712 τὰς
607 680 656 715 τῆς
681 680 766 707 ἀϊδίου
784 688 847 706 συν-

66 727 158 761 αφείας
255 727 440 762 προσηγορίας
463 725 596 765 ἐπιζητεῖῚ
613 726 650 752 Τὸ
670 725 725 760 γὰρ
744 725 846 760 κυρίως

65 772 111 798 καὶ
124 771 228 807 ἀληθῶς
249 771 456 805 συνυπάρχειν
479 772 525 797 ἐπὶ
545 771 599 797 τῶν
622 771 782 806 ἁχωρίστως
802 771 847 797 ἁλ-

65 817 152 852 λήλοις
167 818 299 844 συνόντων
317 817 435 851 λέγεται.
446 816 500 852 Τὴν
512 817 566 852 γὰρ
583 817 738 852 θερμότητα
748 816 787 852 τῷ
799 817 847 852 μὲν

65 863 266 898 πυρακτωθέντι
292 862 392 898 σιδήρῳ
416 862 579 897 ἐνυπάρχειν
601 862 690 897 φαμέν
705 872 713 878 ·
729 862 803 897 αὐτῷ
820 862 848 888 δὲ

65 908 102 943 τῷ
117 908 181 942 πυρὶ
203 907 394 942 συνυπάρχειν.
411 907 464 932 Καὶ
479 907 528 940 τὴν
547 907 594 941 μὲν
622 907 727 940 ὑγίειαν
742 907 780 941 τῷ
797 906 848 932 σώ-

67 962 129 989 ματι
144 953 314 988 ἐνυπάρχειν,
330 952 379 987 τὴν
391 952 418 978 δὲ
433 951 505 986 ζωὴν
522 952 554 986 τῇ
570 951 641 986 ψυχῇ
655 951 847 987 συνυπάρχειν.

66 999 145 1025 Ὥστε
159 999 226 1025 ὅπου
245 999 293 1034 μὲν
306 998 394 1024 οἰκεία
411 998 457 1024 καὶ
469 997 594 1032 συμφυὴς
611 997 656 1023 καὶ
669 996 818 1033 ἀχώριστος
832 998 849 1032 ἡ

66 1043 198 1074 κοινωνία,
211 1042 437 1078 σημαντικωτέρα
450 1041 525 1076 φωνὴ
538 1042 554 1076 ὴ
566 1041 626 1068 σὺν
645 1059 654 1073 ,
720 1042 769 1077 τῆς
779 1042 850 1077 ἀχω-

67 1090 157 1125 ρίστου
172 1089 313 1119 κοινωνίας
327 1088 375 1123 τὴν
390 1088 506 1114 διάνοιαν
524 1087 726 1114 ὑποϐάλλουσα·
741 1088 807 1114 ὅπου
821 1087 850 1113 δὲ

67 1135 259 1172 προσγίνεσθαι
281 1136 297 1170 ὴ
319 1135 366 1161 ἀπ’
381 1133 463 1160 αὑτοῦ
488 1134 567 1169 χάρις
590 1135 638 1160 καὶ
655 1134 734 1160 πάλιν
754 1133 851 1167 ἀπογί-

67 1182 158 1208 νεσθαι
175 1181 306 1215 πέιρυκεν,
322 1179 427 1210 οἰκείως
446 1179 494 1205 καὶ
511 1179 618 1214 ἀληθῶς
638 1179 668 1205 τδ
687 1179 850 1214 ἐνυπάρχειν

66 1227 183 1261 λέγεται,
199 1226 250 1253 κᾶν
265 1227 321 1257 τοῖς
334 1225 488 1260 δεξαμένοις
501 1225 630 1256 πολλάκις
644 1224 688 1251 διὰ
703 1224 733 1250 τὸ
745 1224 850 1259 ἑδραῖον

66 1272 117 1306 τῆς
142 1272 206 1306 περὶ
231 1271 262 1296 τὸ
286 1270 367 1296 καλὸν
393 1269 538 1301 διαθέσεως
564 1270 580 1304 ἡ
604 1270 650 1296 ἀπ’
667 1269 749 1296 αὐτοῦ
772 1270 850 1304 χάρις

66 1317 178 1352 διαρκὴς
196 1316 351 1351 παραμένῃ.
369 1315 447 1341 Ὥστε
461 1315 524 1341 ὅταν
540 1314 589 1349 μὲν
599 1314 647 1350 τὴν
660 1315 761 1341 οἰκείαν
774 1314 851 1346 ἀξίαν

65 1362 114 1388 τοῦ
143 1361 297 1396 [ivstitia-ro;
322 1360 472 1395 ἐννοῶμεν,
499 1360 567 1395 μετὰ
593 1360 698 1395 Πατρὺς
722 1360 767 1386 καὶ
787 1360 851 1386 Υίοῦ

66 1408 133 1434 αὐτο
147 1406 301 1441 θεωροῦμεν
310 1414 316 1420 ·
333 1407 396 1432 ὅταν
408 1406 435 1431 δὲ
447 1406 494 1440 τὴν
510 1406 549 1437 εἰς
560 1406 623 1437 τοὺς
637 1406 765 1440 μετόχους
778 1406 852 1441 ἐνερ-

66 1450 201 1484 γουμένην
216 1449 295 1485 χάριν
309 1449 514 1484 ἐνθυμηθῶμεν,
525 1450 554 1475 ἐν
566 1451 631 1485 ἡμῖν
642 1448 710 1476 εἶναι
722 1450 752 1476 τὺ
766 1450 852 1476 Πνεῦ-

68 1505 107 1530 μα
121 1496 244 1530 λέγομεν.
262 1495 316 1521 Καὶ
328 1495 345 1529 ἥ
365 1502 396 1528 γε
421 1495 612 1529 προσαγομένη
633 1495 770 1529 δοξολογία
787 1495 852 1530 παρ’

66 1539 147 1573 ἡμῶν
162 1540 189 1565 ἐν
202 1538 240 1573 τῷ
257 1538 394 1573 Πνεύματι
412 1538 471 1573 οὐχὶ
486 1539 535 1573 τῆς
550 1538 653 1565 ἐκείνου
670 1539 746 1571 ἀξίας
758 1539 852 1574 ὁμολο-

64 1584 130 1617 γίαν
148 1583 213 1617 ἔχει,
230 1582 297 1608 ἀλλὰ
309 1583 358 1617 τῆς
375 1582 512 1617 ἡμετέρας
533 1582 621 1609 αὐτῶν
645 1582 785 1614 ἀσθενείας
810 1581 852 1614 ἐξ·

63 1628 239 1663 ομολὸγησιν·
254 1627 424 1658 δεικνύντων,
437 1627 477 1653 ὃτι
493 1626 553 1654 οὗτε
569 1627 678 1660 δοξάσαι
690 1628 734 1661 ἀφ’
750 1627 852 1654 ἑαυτῶν

65 1673 155 1700 ἱκανοί
171 1674 263 1707 ἐσμεν,
276 1671 333 1698 ἀλλ’
348 1673 364 1707 ἡ
385 1671 510 1705 ἱκανότης
522 1671 600 1706 ἡμῶν
621 1672 649 1697 ὲν
665 1671 704 1705 τῷ
717 1670 853 1706 Πνεύματι

62 1719 107 1754 τῷ
125 1718 204 1753 ἁγίῳ,
226 1719 255 1744 ἐν
272 1714 293 1751 ᾦ
310 1717 522 1752 δυναμωθὲντες,
541 1717 590 1751 τὴν
610 1716 679 1752 ὑπὲρ
691 1713 728 1743 ὧν
741 1717 853 1752 εὐηργε-

64 1764 199 1799 ιτήθημεν,
216 1762 255 1797 τῷ
271 1762 329 1798 Θεῷ
345 1762 423 1798 ὴμῶν
439 1761 612 1797 εὐχαριστίαν
626 1761 850 1797 ἀποπληροῦμεν·

64 1809 140 1836 κατὰ
152 1809 182 1835 τὸ
197 1808 296 1843 μέτρον
311 1808 360 1842 τῆς
374 1808 427 1834 ἀπὸ
442 1807 539 1838 κακίας
554 1807 746 1842 καθαρότητος,
762 1807 853 1842 ἕτερος

63 1855 162 1890 ἐτέρου
251 1853 330 1879 πλέον
346 1854 362 1888 ἢ
385 1853 495 1879 ἔλαττον
515 1852 565 1886 τῆς
584 1853 617 1878 ἐκ
633 1851 679 1878 τοῦ
697 1851 854 1886 Πνεύματος

65 1899 194 1934 βοηθείας
219 1897 481 1933 μεταλαμϐάνοντες,
507 1898 546 1928 εἰς
566 1897 596 1922 τὸ
624 1896 786 1932 προσφέρειν
806 1897 854 1928 τὰς

63 1945 163 1976 θυσίας
178 1944 228 1978 τῆς
245 1944 373 1974 αἰνέσεως
391 1942 429 1978 τῷ
447 1942 512 1976 Θεῷ.
531 1942 598 1968 Καθ’
613 1942 661 1968 ἕνα
675 1941 724 1976 μὲν
734 1939 779 1968 οὖν
791 1941 853 1976 τρό-

58 2008 118 2027 πον
143 2000 228 2032 οὕτως
252 2000 372 2032 εὐσεϐῶς
396 2001 425 2026 ἐν
443 2001 583 2035 Πνεύματι
604 1999 652 2034 τὴν
685 1998 859 2033 εὐχαριστίαν

57 2045 289 2081 ἁποπληροῦμεν.
314 2046 410 2072 Καίτοι
432 2046 478 2071 καὶ
496 2045 575 2071 τοῦτο
589 2045 638 2071 οὐκ
653 2044 764 2078 ἀϐαρὲς,
780 2043 860 2069 αὐτόν

57 2100 126 2118 ¹τινα
143 2091 232 2126 ἐαυτῷ
252 2093 410 2127 μαρτυρεῖν,
429 2091 470 2118 ὅτι
485 2091 597 2125 Πνεῦμα
609 2089 675 2116 Θεοῦ
690 2090 718 2115 ἐν
731 2089 802 2124 ἐμοὶ,
815 2089 862 2114 καὶ

57 2137 110 2164 διὰ
128 2137 178 2172 τῆς
204 2137 344 2163 ἀπἀὐτοῦ
371 2136 480 2172 χάριτος
500 2135 638 2170 σοφισθεὶς
664 2134 792 2169 ἀναφέρω
812 2133 861 2168 τὴν

57 2183 157 2215 δόξαν.
194 2182 292 2217 Παύλῳ
313 2182 366 2217 γὰρ
391 2181 532 2217 πρέπουσα
553 2181 569 2215 ὴ
599 2180 691 2215 φωνή·
710 2177 791 2204 dum?)
807 2178 861 2212 γὰρ

524 158 708 190 PANOPLIA
733 159 959 189 DOGMATICA.
975 172 1008 178 —
1020 157 1092 189 TIT.
1112 156 1177 189 XII.

1623 154 1681 188 ’ΝΟ

537 228 646 263 ζητεῖτε
665 228 717 255 τοῦ
732 228 767 254 ἐν
780 228 844 262 ἐμοὶ
858 228 881 254 Α
894 227 1012 261 ιικιονὶιὶι
1037 227 1084 262 qui
1107 226 1223 262 loquitur
1248 227 1276 254 in

937 227 1012 254 vritis
1037 227 1084 262 qui
1107 226 1223 262 loquitur
1248 227 1276 254 in
1298 236 1338 255 me
1357 227 1456 256 Christi
1478 230 1486 244 ¹
1503 229 1516 256 ’1
1550 229 1590 257 sic
1606 229 1676 257 etin

895 270 999 306 Spiritu
1014 271 1136 307 loquitur
1151 273 1281 308 mysteria
1291 292 1299 305 ,
1316 280 1348 300 ac
1364 273 1483 308 Spiritus
1502 282 1612 303 rursum
1634 276 1676 304 lo-

895 319 988 354 quitur
1003 319 1029 345 in
1047 325 1089 346 eo.

1000 364 1030 392 in
1055 364 1137 392 rebus
1166 371 1232 399 ergo
1257 362 1377 391 conditis
1405 363 1439 391 ad
1467 364 1541 391 hunc
1567 363 1689 392 modum‘

896 409 1073 438 multifariam
1098 410 1235 445 variisque
1262 409 1416 438 rationibus
1433 409 1534 438 dicitur
1557 410 1689 446 Spiritus,

894 456 984 485 inesse
1020 465 1029 483 :
1092 463 1186 483 verum
1210 456 1298 490 magis
1317 455 1393 490 pium
1418 459 1461 483 est
1482 454 1590 487 dicere,
1614 463 1675 482 eum

896 508 958 528 esse
979 508 1041 528 cum
1057 500 1139 528 Patre
1163 504 1190 528 et
1211 500 1291 532 Filio,
1309 508 1391 536 quam
1414 501 1468 528 illis
1491 501 1593 528 inesse.
1610 499 1690 527 Nam

897 547 984 582 gratia
1013 547 1046 574 ab
1063 554 1096 574 eo
1112 553 1239 578 manans,
1263 546 1403 574 habitante
1427 546 1454 573 in
1477 546 1511 573 iis
1536 546 1584 581 qui
1604 546 1678 580 digni

897 595 971 624 sunt,
994 599 1027 619 ac
1045 598 1110 619 suas
1126 591 1300 626 operationes
1318 591 1346 618 in
1362 591 1416 619 illis
1430 595 1585 624 exercente,
1603 595 1691 618 recte

897 638 998 665 dicitur
1016 639 1106 665 inesse
1125 638 1158 664 iis
1173 637 1219 672 qui
1235 642 1299 665 sunt
1319 637 1398 665 illius
1410 645 1537 672 capaces.
1555 637 1588 664 At
1605 638 1679 665 illius

898 683 1077 710 subsistentia
1101 689 1161 717 quae
1177 681 1228 710 fuit
1250 687 1313 709 ante
1328 682 1440 714 samum,
1458 690 1490 710 ac
1510 682 1679 717 perpetuitas

898 735 1037 763 nunquam
1053 727 1176 755 desitura
1190 734 1253 754 cum
1266 726 1336 755 Filio
1354 730 1381 755 et
1395 727 1477 755 Patre
1493 727 1678 759 considerata,

899 773 1072 808 sempiternae
1096 772 1304 806 coniunctionis
1329 772 1446 807 requirit
1471 771 1677 807 appellationes.

897 817 966 845 Nam
982 826 1067 845 cocue
1084 818 1194 854 proprie
1209 825 1241 845 ac
1254 825 1317 846 vere
1333 817 1435 846 dicitur
1446 818 1480 846 de
1495 818 1540 851 iis,
1556 825 1616 853 qua
1628 817 1678 844 sibi

899 864 1015 892 invicem
1028 863 1249 899 inseparabiliter
1265 864 1375 891 adsunt.
1391 863 1459 890 Nam
1473 863 1592 891 calorem
1609 862 1682 890 ferro

899 911 1010 946 quidem
1028 911 1113 946 ignito
1131 911 1222 938 inesse
1239 910 1378 939 dicimus:
1396 915 1425 937 at
1445 917 1500 937 una
1516 910 1597 937 simul
1619 916 1681 936 cum

900 957 960 992 ipso
976 957 1038 992 igne
1053 963 1124 984 esse.
1140 956 1206 983 Item
1220 955 1331 991 corpori
1346 955 1493 984 sanitatem
1509 955 1600 983 inesse
1613 954 1682 981 dici-

901 1011 973 1035 mus,
990 1003 1072 1030 vitam
1094 1007 1185 1031 autem
1209 1003 1290 1031 simul
1303 1011 1367 1031 eum
1388 1004 1479 1031 anima
1499 1011 1570 1031 esse.
1593 1002 1684 1036 Quare

901 1047 948 1074 ubi
978 1047 1087 1082 propria
1113 1051 1141 1075 et
1164 1048 1353 1076 connaturalis
1385 1053 1465 1083 atque
1490 1047 1682 1082 inseparabilis

902 1092 1058 1120 communio
1078 1096 1131 1125 est,
1147 1092 1205 1120 haec
1219 1100 1273 1120 vox
1296 1100 1355 1119 cum
1372 1092 1570 1128 signiticantior
1586 1097 1638 1124 est,
1655 1096 1684 1118 ut

903 1145 963 1172 quae
978 1138 1172 1172 inseparabilis
1187 1138 1392 1172 coniunctionis
1410 1138 1604 1173 cogitationem
1621 1145 1686 1172 sug-
1724 1128 1725 1133 ί

903 1188 979 1220 gerat
1001 1183 1162 1211 intellectui.
1179 1183 1231 1211 Ubi
1250 1187 1342 1211 autem
1366 1183 1453 1218 gratia
1475 1183 1509 1210 ab
1532 1183 1592 1218 ipso
1608 1182 1687 1217 proﬁ-

904 1229 1022 1262 ciscens,
1039 1229 1169 1257 accedere
1192 1236 1225 1256 ac
1248 1236 1345 1256 rursus
1361 1228 1493 1256 decedere
1506 1231 1607 1263 potest,
1623 1235 1686 1262 pro-

904 1274 964 1311 prie
978 1278 1005 1302 et
1021 1282 1085 1302 vere
1102 1275 1193 1302 inesse
1205 1274 1326 1306 dicitur;
1343 1274 1451 1301 etiamsi
1467 1274 1541 1301 illius
1557 1273 1644 1306 gratia
1659 1273 1686 1299 in

906 1322 940 1349 iis
950 1322 997 1357 qui
1013 1327 1187 1356 receperunt,
1202 1327 1391 1355 swpenumero
1403 1322 1514 1354 propter
1529 1318 1643 1345 affectus
1659 1319 1688 1344 iu

905 1367 977 1394 bono
990 1366 1223 1402 perseverantiam
1238 1368 1369 1400 perpetua
1381 1369 1549 1399 permaneat.
1569 1363 1688 1392 Proinde

906 1413 1015 1447 quoties
1031 1412 1170 1447 propriam
1187 1410 1308 1446 Spiritus
1320 1410 1480 1445 dignitatem
1497 1410 1695 1445 intelligimus,

907 1466 970 1487 cum
987 1459 1068 1486 Patre
1080 1463 1107 1486 et
1121 1458 1192 1486 Filio
1208 1458 1297 1493 ipsum
1313 1456 1531 1491 contemplamur
1543 1465 1551 1483 :
1565 1456 1610 1482 ubi
1622 1463 1697 1482 vero-

907 1505 1022 1540 gratiam
1036 1505 1064 1531 in
1085 1511 1143 1535 eos,
1160 1502 1207 1538 qui
1224 1503 1298 1530 illius
1312 1505 1376 1530 sunt
1389 1501 1548 1536 participes,
1569 1507 1688 1535 operan-

908 1554 962 1578 tem
986 1555 1155 1585 reputamus,
1181 1549 1209 1575 in
1225 1548 1304 1575 nobis
1325 1555 1388 1575 esse
1411 1546 1543 1581 Spiritum
1559 1545 1688 1573 dicimus.

908 1597 941 1624 Et
952 1603 1013 1631 quae
1029 1603 1044 1622 a
1058 1595 1138 1622 nobis
1150 1593 1272 1622 defertur
1284 1592 1447 1628 glorificatio
1460 1592 1488 1619 in
1505 1590 1620 1626 Spiritu,
1635 1598 1690 1618 non

909 1643 991 1670 habet
1013 1640 1211 1676 professionem
1236 1638 1378 1674 dignitatis
1405 1637 1490 1668 illius.
1517 1636 1565 1664 sed
1588 1639 1690 1663 nostrae

909 1689 1032 1724 ipsorum
1051 1685 1248 1714 imbecillitatis
1263 1684 1476 1716 confessionem,
1490 1682 1555 1710 dum
1569 1681 1691 1710 ostendi-

909 1741 972 1761 mus
991 1740 1042 1760 nos
1059 1739 1092 1759 ex
1106 1731 1186 1758 nobis
1198 1730 1266 1765 ipsis
1281 1730 1315 1757 ad
1331 1728 1537 1764 gloriﬁcandum
1555 1727 1691 1755 suliicien-

909 1783 951 1806 tes
972 1785 1027 1805 non
1049 1785 1122 1808 esse,
1152 1776 1199 1804 sed
1220 1775 1408 1803 sutlicientiam
1434 1778 1556 1801 nostram
1581 1780 1642 1800 esse
1663 1772 1691 1798 in

910 1824 1014 1859 Spiritu
1032 1826 1137 1854 sancto,
1165 1822 1192 1848 in
1210 1828 1265 1856 quo
1285 1819 1472 1852 corroborati,
1490 1826 1538 1854 pro
1555 1817 1697 1845 beneficiis

910 1869 1029 1904 acceptis
1043 1868 1098 1896 Deo
1114 1871 1212 1895 nostro
1224 1865 1324 1901 gratias
1340 1864 1506 1892 absolvimus
1517 1863 1609 1897 :juxta
1621 1861 1700 1897 quod

910 1921 925 1941 a
946 1913 1049 1940 malitia
1071 1912 1177 1948 purgati
1201 1918 1315 1943 smnus;
1338 1909 1440 1944 quippe
1465 1908 1540 1935 alius
1561 1907 1615 1934 alio
1633 1907 1701 1941 plus

911 1965 957 1987 aut
972 1959 1074 1990 minus,
1097 1957 1201 1984 auxilio
1217 1956 1337 1990 Spiritus
1355 1954 1441 1988 adjuli
1465 1953 1499 1980 ad
1524 1952 1704 1980 oﬂ‘erendum

910 1997 1014 2024 bestias
1040 1996 1128 2023 laudis
1150 1996 1214 2022 Dex).
1239 1994 1394 2022 Secundum
1424 1999 1507 2018 unum
1528 1991 1609 2025 igitur
1637 1997 1696 2016 mo-

911 2043 974 2069 dum
992 2041 1033 2068 sic
1048 2041 1091 2075 pie
1106 2041 1256 2075 gratiarum
1273 2037 1409 2064 actionem
1427 2036 1452 2062 in
1470 2034 1573 2069 Spiritu
1591 2032 1705 2068 persol—.

910 2089 1009 2115 vimus.
1022 2087 1182 2120 Quanquam
1200 2089 1227 2112 et
1241 2085 1294 2110 hoc
1311 2082 1412 2110 invidia
1427 2088 1481 2108 non
1495 2083 1582 2110 caret,
1600 2082 1630 2105 ut
1647 2078 1697 2106 ali;

910 2134 973 2168 quis
987 2134 1021 2160 de
1038 2132 1131 2166 Seipso
1152 2130 1324 2160 testiﬁcetur,
1342 2128 1470 2161 dicatque
1488 2135 1494 2153 :
1515 2125 1636 2160 Spiritus
1650 2123 1697 2150 Dei

911 2178 938 2204 in
956 2184 998 2203 me
1013 2180 1065 2207 est,
1081 2178 1108 2203 et
1126 2183 1174 2210 per
1193 2174 1307 2209 gratiam
1323 2172 1397 2199 illius
1418 2171 1527 2206 sapiens
1542 2170 1632 2197 factus
1653 2176 1697 2195 rc-

58 2229 149 2263 κιὶγὼ
162 2228 283 2262 Πνεῦμα
304 2227 378 2254 Θεοῦ
397 2228 495 2260 ἔχειν·
511 2227 557 2252 καὶ
571 2225 651 2251 πάλιν
661 2233 667 2239 ·
687 2225 750 2259 Tim
763 2232 797 2250 κα

959 2231 968 2249 )
985 2222 1111 2257 gloriam.
1127 2220 1196 2248 Nam
1211 2220 1269 2247 baro
1284 2226 1336 2246 vox
1354 2217 1469 2244 Paulum
1484 2216 1562 2244 decet
1576 2225 1583 2242 :
1604 2215 1698 2241 Videor

57 2273 324 2308 παρακαταθήκην
348 2272 487 2307 φύλαξον
511 2271 561 2298 διὰ
584 2270 755 2304 Πνεύματος
777 2269 862 2302 ἁγίου

56 2320 120 2347 τοῦ
136 2319 327 2351 ἐνοικοῦντος
339 2318 374 2344 ἐν
388 2317 473 2351 ἡμῖν·
490 2316 537 2342 καὶ
550 2315 614 2351 περὶ
629 2315 676 2341 τοῦ
688 2315 787 2349 Δανιὴλ
800 2323 805 2329 ·
821 2315 862 2340 ὅτι

58 2363 182 2398 Πνεῦμα
197 2362 265 2389 Θεοῦ
284 2363 360 2397 ἆγιον
380 2363 409 2389 ἐν
421 2361 512 2397 αὐτῷ·
530 2361 577 2388 καὶ
595 2361 673 2393 εἴτις
687 2360 801 2391 ἐκείνοις
812 2359 861 2394 τὴν

55 2411 173 2445 ἀρετὴν
192 2408 393 2444 παραπλήσιος.

163 2496 295 2531 Δεύτερος
311 2496 339 2522 δὲ
353 2495 426 2527 νοῦς,
447 2495 507 2522 οὐδὲ
526 2494 606 2526 αὐτὸς
624 2493 776 2528 ἀπόϐλητος
788 2501 795 2507 ’
819 2493 862 2518 ὅτι

54 2541 164 2576 ὥσπερ
177 2541 206 2567 ἐν
220 2540 259 2576 τῷ
274 2540 331 2575 Υίῷ
347 2540 444 2575 ὁρᾶται
463 2539 478 2564 ὁ
495 2538 604 2574 Πατὴρ,
626 2538 712 2569 οὕτως
728 2538 741 2563 ὁ
760 2537 822 2568 Υἱὸς
834 2537 863 2563 ὲν

56 2585 103 2620 τῷ
121 2585 273 2620 Πνεύματι.
289 2585 323 2612 'H
341 2585 430 2612 τοίνυν
447 2585 476 2611 ἐν
491 2584 530 2619 τῷ
549 2584 689 2619 Πνεύματι
707 2582 862 2618 προσκύνη-

55 2641 110 2664 at;
128 2633 180 2667 τὴν
196 2632 233 2663 ὡς
259 2632 288 2658 ἐν
312 2632 381 2665 φωτὶ
410 2631 555 2666 γινομένην
576 2630 626 2666 τῆς
648 2629 765 2660 διανοίας
785 2628 863 2664 ἡμῶν

54 2679 213 2713 ἐνέργειαν
227 2677 381 2709 ὑποϐάλλει,
393 2676 431 2708 ὡς
446 2678 478 2703 ἐκ
493 2676 547 2703 τῶν
558 2675 625 2711 πρὸς
637 2675 685 2711 τὴν
698 2675 863 2710 Σαμαρεῖτιν

52 2723 224 2759 εἰρημένων
238 2722 271 2749 ἂν
291 2723 396 2758 μάθοις.
406 2723 450 2749 Ἐν
470 2722 544 2756 τόπῳ
561 2721 616 2756 γὰρ
631 2718 699 2748 εἶναι
715 2720 764 2756 τὴν
780 2727 864 2754 προσ-

51 2769 186 2803 κύνησιν
199 2769 231 2795 ἐκ
251 2768 301 2803 τῆς
323 2768 458 2804 ἐγχωρίου
481 2767 623 2802 συνηθείας
646 2765 826 2802 ὴπατημένην
849 2765 864 2791 ὀ

910 2274 933 2296 et
955 2268 1021 2295 milii
1044 2266 1176 2302 Spiritum
1199 2265 1248 2292 Ilei
1273 2263 1367 2291 habere
1387 2266 1419 2297 ';
1435 2267 1462 2290 et
1480 2269 1594 2293 rursus,
1618 2259 1700 2295 Egre-

910 2315 983 2350 gium
998 2313 1147 2347 depositum
1164 2319 1240 2339 serva
1254 2318 1300 2346 per
1314 2309 1444 2344 Spiritum
1460 2312 1582 2335 sanciunt
1595 2306 1639 2342 qui
1654 2306 1697 2332 Im-

913 2361 982 2387 bitat
1007 2359 1035 2386 in
1056 2357 1131 2385 nobis
1153 2359 1175 2385 ³.
1190 2356 1257 2384 item
1276 2355 1310 2383 dc
1324 2354 1438 2382 Daniele
1451 2353 1568 2388 legimus
1590 2355 1612 2382 ι,
1628 2351 1700 2386 quod

913 2405 1033 2440 Spiritus
1050 2404 1098 2431 Dei
1119 2406 1233 2430 sanctus
1253 2400 1335 2429 fuerit
1354 2400 1382 2427 in
1398 2406 1447 2431 eo;
1474 2401 1502 2426 et
1524 2397 1548 2426 si
1571 2397 1634 2432 quis
1647 2396 1701 2424 illis

912 2449 1044 2478 assimilis
1059 2449 1096 2476 sit
1111 2449 1223 2476 virtute.

1013 2495 1087 2522 Alter
1113 2497 1205 2520 autem
1230 2491 1389 2520 intellectus
1410 2493 1464 2523 est,
1480 2496 1532 2516 nec
1549 2488 1609 2523 ipse
1634 2487 1702 2523 reji-

912 2539 1037 2572 ciendus,
1061 2538 1134 2574 quod
1158 2537 1231 2565 sicut
1257 2537 1285 2563 in
1310 2534 1381 2562 Filio
1403 2534 1524 2562 cernitur
1548 2532 1640 2564 Pater,
1662 2532 1702 2558 sic

912 2584 999 2612 Filius
1016 2583 1139 2612 cernitur
1156 2582 1184 2609 in
1201 2580 1316 2617 Spiritu.
1333 2579 1427 2615 Itaque
1447 2577 1571 2606 adoratio
1584 2584 1646 2612 quae
1667 2577 1703 2604 sit

913 2630 941 2657 in
957 2629 1072 2664 Spiritu,
1096 2627 1196 2655 mentis
1214 2629 1316 2653 nostrae
1336 2623 1522 2659 operationem
1548 2626 1578 2648 ut
1595 2621 1622 2648 in
1642 2620 1703 2647 luce

915 2675 1015 2703 factam
1035 2674 1149 2707 indicat,
1164 2677 1195 2701 ut
1209 2673 1317 2700 discere
1334 2671 1398 2698 licet
1412 2677 1446 2697 ex
1460 2668 1493 2696 iis
1508 2675 1568 2703 qua:
1581 2666 1703 2694 Samari-

903 2752 907 2759 ,η
915 2725 986 2749 tame
1000 2720 1074 2748 dicta
1087 2723 1161 2748 sunt.
1177 2718 1246 2745 Nam
1259 2725 1320 2744 cum
1336 2716 1382 2744 illa
1397 2713 1597 2742 consuetudine
1613 2711 1704 2747 regio-

915 2767 958 2795 nis
972 2767 1086 2800 decepta
1106 2764 1278 2793 existimaret
1294 2762 1322 2790 in
1340 2762 1400 2790 loco
1419 2768 1481 2788 esse
1496 2758 1710 2790 adorationem;,

108 2878 116 2892 '
141 2875 166 2904 11
182 2876 242 2904 Cur.
263 2885 318 2910 λιιι,
337 2878 362 2906 5.
402 2880 412 2895 ’
431 2877 441 2905 l
458 2878 520 2907 Cor.
535 2878 639 2912 “1,40.
678 2879 688 2894 ³
706 2877 726 2906 11
743 2877 813 2905 Tim.
830 2885 847 2911 ι,

402 2880 412 2895 ⁸
431 2877 441 2905 l
458 2878 520 2907 Cor.
535 2878 639 2912 “1,40.
678 2879 688 2894 ³
706 2877 726 2906 11
743 2877 813 2905 Tim.
830 2885 848 2911 l,
865 2878 907 2906 M.
947 2878 956 2894 ³
971 2876 1039 2906 Dan.
1059 2885 1084 2904 v.
1099 2875 1141 2903 11.
