1873 3076
156 141 203 174 ’101

768 134 955 166 ΕΗΤΠΫΜΗ
978 134 1157 165 ZIGABE'NI

1732 134 1787 166 792

156 209 287 237 Dominus
302 213 361 235 eam
378 204 517 234 dedocens
530 203 599 230 dixit
615 201 642 228 in
663 199 770 236 Spiritu
787 202 814 226 et
828 199 946 226 veritate

1054 207 1091 230 ιος
1103 197 1182 233 ἡμῶν
1193 197 1406 233 μεταδιδάσκων,
1419 199 1447 224 ὲν
1461 197 1599 234 Πνεύματι
1610 198 1657 224 καὶ
1668 198 1787 234 ἀληθεία

154 255 271 282 adorare
293 254 423 287 oportere
442 251 451 268 ⁸
472 258 478 276 :
501 247 634 276 nimirum
659 245 782 281 seipsum
805 244 947 280 appellans

155 301 309 328 veritatem.
334 294 572 330 Quemadmodum
592 292 674 328 igitur
699 291 727 318 in
745 289 815 317 Filio
830 289 947 317 dicimus

156 344 357 375 adorationem,
368 342 443 368 velut
455 340 482 367 in
495 337 614 373 imagine
630 336 677 364 Dei
692 343 724 363 ac
736 335 826 362 Patris
843 343 850 362 :
868 334 909 363 sic
920 337 947 361 et

156 391 185 418 in
203 389 308 424 Spiritu
333 391 466 421 tanquam
492 384 519 411 in
546 383 638 418 seipso
653 381 763 409 Domini
777 379 947 408 divinitatem

156 435 338 471 exprimente.
362 431 442 459 Unde
467 434 495 458 et
518 430 548 457 in
568 428 734 456 adoratione
755 424 948 471 inseparabilis

157 470 201 510 est
215 488 228 507 a
244 479 324 506 Patre
347 481 374 506 et
392 476 461 504 Filio
481 475 601 510 Spiritus
627 476 752 501 sanctus.
779 470 848 499 Nam
865 471 888 498 si
906 471 946 498 sis

157 531 235 555 extra
258 525 344 556 illum,
368 522 445 550 nullo
470 524 550 557 pacto
573 528 604 548 es
631 519 798 547 adoraturus
813 526 820 544 :
838 520 946 548 contra.

158 572 182 598 si
268 569 296 595 in
313 567 361 594 illo
383 565 478 598 fueriS,
501 564 579 592 nullo
594 564 675 591 modo
689 570 751 591 eum
769 561 912 598 separabis
932 568 947 588 a

158 615 224 646 Deo,
240 614 326 641 nihilo
343 611 467 648 profecto
490 610 579 646 magis
596 616 677 645 quam
689 609 781 635 lumen
803 606 947 642 separabis

159 662 194 689 ab
217 661 250 688 iis
267 667 328 695 qua:
341 658 411 686 visui
423 661 516 693 patent
533 665 539 683 :
556 654 726 691 impossibile
750 653 886 688 siquidem
905 656 949 680 est

159 713 272 734 cernere
294 704 441 739 imaginem
462 702 509 730 Dei
536 701 694 732 invisibilis,
717 699 771 727 nisi
795 699 823 726 in
844 698 949 726 lumine

162 751 293 787 Spiritus.
311 749 342 776 Et
355 748 402 784 qui
419 748 543 775 intuetur
555 746 714 781 imaginem.
736 744 809 772 hunc
820 744 949 779 impossi-

161 798 214 825 bile
226 801 268 825 est
285 797 377 824 lumen
396 795 431 822 ab
445 793 564 829 imagine
578 799 716 827 separare.
734 790 812 823 Quod
829 790 904 818 enim
920 792 949 815 ut

161 844 253 871 videas
270 843 297 870 in
315 848 400 869 causa
421 843 473 872 est,
491 839 518 866 id
536 845 649 866 necesse
668 841 722 869 est.
738 840 767 864 ut
789 835 871 864 simul
887 841 948 862 cum

989 243 1088 279 χρῆναι
1105 245 1267 280 προσκυνεῖν
1279 243 1389 279 ἔφησεν,
1408 244 1504 270 ἑαυτὸν
1518 244 1604 278 λέγων
1617 244 1721 280 δηλαδὴ
1736 245 1787 280 τὴν

988 289 1126 325 ἀλήθειαν.
1140 290 1245 325 Ὠσπερ
1254 287 1300 316 οὖν
1318 290 1346 316 ὲν
1365 289 1405 324 τῷ
1426 289 1482 324 Υἱῴ
1501 289 1688 325 προσκύνησιν
1706 289 1788 324 λέγο-

990 343 1051 371 μεν,
1066 335 1114 371 τὴν
1132 335 1169 367 ὡς
1188 336 1218 362 ἐν
1235 335 1319 361 εἰκόνι
1337 335 1384 361 τοῦ
1408 335 1477 362 Θεοῦ
1499 335 1546 362 καὶ
1568 336 1688 371 Πατρὸς,
1714 336 1788 363 οὕτω

989 381 1037 408 καὶ
1053 381 1082 408 tv
1098 381 1138 417 τῷ
1154 381 1304 417 Πνεύματι,
1318 381 1357 412 ὡς
1373 382 1402 407 ὲν
1417 381 1506 416 ἑαυτῷ
1518 381 1653 408 δεικνύντι
1672 382 1723 417 τὴν
1739 382 1788 408 τοῦ

990 426 1093 462 Κυρίου
1108 426 1233 462 θεότητα.
1249 426 1294 453 Διὸ
1308 426 1355 453 καὶ
1375 427 1404 452 ἐν
1420 428 1453 461 τῇ
1479 429 1664 462 προσκυνήσει
1683 428 1790 463 ἀχώρι-

991 481 1052 500 στον
1063 473 1117 499 ἀπὸ
1132 472 1239 508 Πατρὸς
1253 473 1300 499 καὶ
1314 472 1378 499 Υἱοῦ
1392 473 1422 498 τὺ
1440 473 1550 508 Πνεῦμα
1562 473 1592 499 τὸ
1606 473 1698 507 ἅγιον.
1714 474 1789 505 Ἐξω

991 518 1040 553 μὲν
1055 518 1108 553 γὰρ
1122 518 1253 553 ὑπάρχων
1270 518 1362 549 αὑτοῦ,
1386 518 1445 545 οὐδὲ
1467 520 1670 554 προσκυνήσεις
1690 520 1723 545 τὸ
1737 529 1789 545 πα-

992 563 1097 598 ράπαν
1121 564 1151 591 ὲν
1179 564 1252 599 αὐτῷ
1275 564 1304 591 δὲ
1326 564 1470 599 γενόμενος
1496 565 1586 591 οὐδενὶ
1693 565 1788 599 τρόπῳ

990 609 1171 645 ἀποχωρίσεις
1185 609 1239 637 ἀπὸ
1256 609 1323 636 Θεοῦ
1339 619 1345 624 ·
1363 610 1392 636 οὖ
1411 610 1509 644 μᾶλλόν
1523 618 1564 644 γε.
1579 610 1595 645 ἢ
1611 610 1667 636 τῶν
1678 610 1787 645 ὁρατῶν

991 654 1154 690 ἀποστήσεις
1168 654 1199 681 τὸ
1218 654 1276 689 φῶς
1288 662 1295 669 ·
1320 654 1450 681 ἀδύνατον
1469 655 1523 690 γὰρ
1541 655 1604 681 ἰδεῖν
1622 654 1673 690 τὴν
1694 655 1787 682 εἰκόνα

990 698 1036 725 τοῦ
1048 698 1116 725 Θεοῦ
1130 698 1176 725 τοῦ
1191 699 1319 734 ἀοράτου,
1336 699 1373 734 μὴ
1388 700 1416 725 ὲν
1428 698 1467 734 τῷ
1486 699 1618 735 φωτισμῷ
1632 700 1681 726 τοῦ
1702 700 1787 727 Πνεῦ-

992 753 1087 780 ματος.
1102 745 1158 772 Καὶ
1170 744 1215 772 τὸν
1231 744 1419 775 ὲνατενίζοντα
1433 746 1465 780 τῇ
1480 746 1564 771 εἰκόνι
1583 746 1728 780 ἀμήχανον
1740 746 1788 781 τῆς

990 789 1093 823 εἰκόνος
1105 789 1276 825 ἀποχωρίσαι
1289 789 1319 816 τδ
1336 789 1403 824 φῶς.
1422 790 1459 816 Τὺ
1472 789 1527 825 γὰρ
1543 789 1591 816 τοῦ
1611 791 1680 825 όρᾷν
1704 791 1788 817 αἴτιον

991 833 1022 867 ἐξ
1038 835 1161 870 ἀνάγκης
1173 834 1375 870 συγκαθορᾶται
1387 836 1444 866 τοῖς
1454 835 1571 870 ὁρατοῖς.
1583 835 1667 861 Ὥστε
1678 836 1789 867 οἰκείως

161 889 194 916 iis
220 895 280 923 quse
309 890 472 917 cernuntur,
498 884 636 912 videatur.
667 883 763 917 Itaque
789 881 901 917 proprie
922 883 949 908 et

1054 866 1265 912 ἀκολούθως-διὰ
1283 866 1332 916 μὲν
1346 880 1393 907 τοῦ
1408 866 1549 916 φωτίσμοῦ
1564 881 1612 907 τοῦ
1626 866 1788 916 Πνεύματος

159 936 344 968 congruenter
358 938 406 966 per
423 929 654 957 illuminationem
670 927 791 963 Spiritus
811 926 950 961 conspici-

161 985 223 1005 mus
243 977 416 1012 splendorem
432 975 526 1010 glorire
539 974 606 1007 Dei;
626 980 675 1010 per
695 973 882 1001 characterem
899 978 950 998 au-

160 1027 216 1052 tem
236 1023 269 1050 ad
285 1029 358 1054 eum.
375 1021 456 1056 cujus
480 1024 523 1049 est
544 1021 689 1048 character
710 1023 738 1047 et
753 1019 857 1054 aequale
874 1017 949 1053 sigil-

161 1069 229 1099 lum.
247 1067 437 1095 subvehimur.

195 1111 283 1144 Quam
309 1110 392 1145 igitur
424 1109 461 1137 ob
480 1115 603 1141 causam,
628 1107 768 1142 inquiunt,
792 1115 852 1135 cum
886 1114 949 1142 pro-

164 1156 223 1191 prie
236 1155 381 1184 conveniat
401 1155 458 1183 haec
485 1154 603 1190 syllaba,
623 1155 664 1187 in,
677 1153 807 1189 Spiritui,
823 1160 855 1180 ac
869 1152 949 1181 nobis

164 1203 198 1230 ad
220 1201 426 1237 exprimendum
444 1201 568 1237 quemvis
589 1201 622 1228 de
637 1199 750 1235 :Spiritu
782 1199 949 1227 intellectum

163 1248 289 1280 adliciat,
304 1255 353 1275 vos
365 1254 466 1274 novam
482 1247 564 1275 istam
577 1246 708 1282 syllabam
725 1245 885 1278 induxistis,
903 1244 949 1279 qui

163 1293 266 1325 dicitis,
278 1292 344 1320 Cum
358 1291 475 1325 Spiritu,
493 1298 561 1324 non,
572 1290 605 1318 In
620 1290 722 1325 Spiritu
747 1295 858 1323 sancto;
880 1289 949 1316 alio-

163 1339 230 1373 quin
250 1346 299 1366 nec
312 1337 486 1370 necessariis,
498 1344 549 1365 nec
565 1337 599 1364 ab
609 1336 729 1365 Ecclesia
757 1335 880 1372 probatis
900 1342 951 1363 voc

164 1384 243 1412 cibus
265 1384 396 1412 utentes?

167 1452 240 1482 Unde
255 1453 360 1481 initium
375 1453 458 1488 habet
469 1453 581 1487 syllaba,
596 1461 696 1485 «cum.»
713 1459 736 1480 et
748 1462 826 1488 quam
837 1454 888 1480 vim
899 1454 950 1481 Ira-

147 1520 152 1525 φ
203 1488 278 1525 treat;
295 1488 339 1525 ubi
353 1493 377 1515 et
393 1488 425 1515 de
435 1487 559 1516 Ecclesia:
574 1488 674 1523 legibus
688 1487 762 1515 nullo
774 1489 874 1523 scripto
888 1497 951 1524 pro-

202 1523 275 1550 ditis.
290 1523 375 1558 Caput
392 1525 438 1551 27.

202 1569 280 1603 Quod
311 1569 392 1604 igitur
416 1569 475 1596 hac
501 1570 617 1604 syllaba,
656 1569 696 1601 in,
727 1567 841 1603 Spiritui
885 1575 950 1596 san-

166 1623 211 1642 cio
244 1622 298 1642 non
329 1614 356 1641 in
381 1619 482 1642 sortem
523 1616 632 1649 proprie
662 1615 764 1646 cessit,
789 1614 837 1642 sed
864 1613 952 1642 Patris

166 1657 281 1692 Filiique
298 1659 451 1686 communis
465 1663 517 1692 est,
532 1660 558 1686 in
577 1660 765 1694 superioribus
779 1659 881 1687 dictum
899 1663 951 1687 est.

170 1705 296 1732 Arbitror
309 1708 402 1731 autcm
415 1705 515 1732 etillud
540 1707 607 1733 satis
623 1705 850 1740 demonstratum,
880 1706 953 1742 quod

166 1750 193 1776 in
208 1757 262 1777 non
277 1749 368 1777 solum
382 1750 451 1778 nihil
466 1751 583 1779 detrahit
599 1752 723 1786 dignitati
741 1752 876 1788 Spiritus,
905 1760 950 1780 ve-

169 1801 230 1821 rum
245 1794 327 1822 etiam
341 1795 375 1822 ad
393 1802 526 1823 summam
543 1796 732 1825 celsitudinem
747 1797 829 1832 erigit
842 1797 950 1833 cogita-

165 1836 255 1865 tiones
265 1845 371 1871 eorum,
382 1839 429 1874 qui
443 1846 499 1866 non
511 1847 625 1875 prorsus
640 1843 732 1868 mente
742 1840 862 1875 corrupti
876 1843 951 1867 sunt.

166 1880 300 1918 Superest
328 1889 419 1911 autem
445 1884 582 1912 disserere
607 1885 641 1912 de
665 1885 768 1920 syllaba
789 1893 859 1918 cum,
882 1886 955 1913 unde

165 1928 293 1962 ceperit,
317 1932 345 1955 et
360 1936 443 1963 quam
458 1929 512 1956 vim
538 1930 646 1962 habeat,
672 1936 699 1957 et
718 1930 856 1965 quomodo
878 1929 956 1958 Scri-

168 1975 255 2009 ptum
268 1974 429 2002 concordet.

268 2020 308 2046 Ex
325 2020 473 2048 asservatis
488 2021 515 2048 in
528 2020 649 2049 Ecclesia
662 2022 836 2057 dogmatibus
849 2026 876 2050 et
886 2030 955 2058 prae-

166 2064 362 2098 dicationibus,
378 2066 431 2092 alia
442 2066 552 2101 quidem
568 2067 703 2095 habemus
714 2075 729 2095 e
743 2067 869 2095 doctrina
885 2069 955 2096 scri-

166 2113 214 2145 pto
236 2110 363 2145 prodita;
386 2111 440 2138 alia
465 2119 531 2139 vero
548 2113 628 2140 nobis
650 2114 678 2139 in
704 2113 834 2149 mysterio
854 2114 954 2141 tradita

165 2156 320 2190 recepimus
353 2164 387 2184 ex
418 2157 565 2186 traditione
597 2158 785 2193 apostolorum
811 2167 954 2194 :quorum

992 925 1022 952 τδ
1036 925 1205 962 ἀπαύγασμα
1224 925 1274 961 τῆς
1290 925 1369 961 δόξης
1385 926 1431 953 τοῦ
1452 926 1518 952 Θεοῦ
1543 926 1728 961 καθορῶμεν·
1747 927 1790 953 διὰ

992 970 1021 997 δὲ
1032 971 1079 997 τοῦ
1090 971 1262 1006 χαρακτῆρος
1276 970 1323 997 ἐπὶ
1338 971 1388 1005 τὴν
1406 968 1435 997 οῦ
1452 972 1525 997 ἐστιν
1544 972 1558 997 ὸ
1576 972 1728 1007 χαρακτὴρ
1745 972 1791 998 καὶ

993 1017 1009 1048 ἠ
1031 1016 1155 1048 ίσότυπος
1172 1017 1291 1052 σφραγὶς
1306 1016 1475 1050 ἀναγόμεοα.

1039 1107 1118 1140 Τίνος
1132 1106 1178 1135 οὖν
1187 1107 1293 1141 ἓνεκεν,
1323 1108 1416 1142 φασὶν,
1437 1107 1510 1139 ἰδίως
1536 1110 1741 1145 προσηκούσης
1753 1111 1791 1144 τῷ

1003 1153 1147 1188 Πνεύματι
1160 1154 1209 1187 τῆς
1228 1152 1263 1179 ἐν
1288 1152 1437 1186 συλλα6ἧς,
1463 1153 1512 1179 καὶ
1535 1154 1576 1185 εἰς
1603 1155 1702 1181 πᾶσαν
1727 1157 1793 1190 ἡμῖν

1001 1199 1050 1235 τὴν
1064 1201 1127 1235 περὶ
1141 1199 1223 1226 αὑτοῦ
1237 1199 1341 1225 ἔννοιαν
1352 1198 1521 1234 ἑξαρκούσης
1531 1200 1580 1234 τὴν
1609 1201 1717 1235 καινὴν
1732 1201 1794 1227 ταύ-

1000 1254 1050 1279 την
1065 1246 1143 1279 ὑμεῖς
1160 1244 1295 1279 συλλαϐὴν
1310 1245 1520 1280 ἐπεισηγάγετε,
1551 1245 1612 1272 σὺν
1637 1245 1680 1278 τῷ
1703 1247 1796 1273 Πνεύ-

998 1299 1070 1327 ματι
1082 1291 1219 1326 λέγοντες,
1237 1291 1285 1317 καὶ
1295 1291 1356 1324 οὐκ,
1372 1291 1407 1318 ἐν
1418 1290 1458 1323 τῷ
1476 1291 1628 1325 Πνεύματι
1647 1291 1691 1324 τῷ
1711 1293 1795 1326 ἁγίῳ,

1001 1338 1064 1365 οὔτε
1077 1337 1165 1369 ἄλλως
1181 1338 1327 1371 ἀναγκαῖα,
1345 1337 1407 1364 οὔτε
1423 1339 1607 1374 νενομισμένα
1639 1339 1706 1370 ταῖς
1736 1339 1796 1366 Ἐκ-

1000 1383 1129 1420 κλησίαις
1146 1383 1331 1418 φθεγγόμενοι
1348 1391 1356 1416 ;

1005 1452 1060 1480 Τοῦ
1073 1452 1177 1480 αὑτοῦ.
1198 1452 1293 1479 Πόθεν
1313 1453 1331 1486 ἠ
1353 1461 1363 1478 ι
1377 1451 1438 1479 σὺν
1453 1462 1462 1478 ι
1494 1451 1611 1486 ᾕρεατο
1636 1453 1795 1484 συλλαϐὴ,

1038 1488 1087 1514 καὶ
1098 1489 1190 1514 ποίαν
1205 1487 1333 1522 δύναμιν
1346 1487 1409 1522 ἔχει
1421 1496 1428 1503 ·
1441 1488 1475 1514 ἐν
1490 1485 1514 1522 ᾧ
1527 1487 1575 1514 καὶ
1592 1487 1629 1514 τὰ
1644 1489 1718 1520 περὶ
1738 1487 1795 1513 τῶν

965 1532 986 1560 ρ
1037 1523 1177 1557 ἀγράφων
1196 1522 1252 1556 τῆς
1262 1523 1443 1556 Ἐκκλησίας
1452 1523 1598 1558 νομίμων.
1609 1522 1731 1556 Κεφάλ.
1746 1522 1796 1552 κζ’.

1046 1569 1090 1600 Ὠς
1118 1568 1168 1604 μὲν
1211 1567 1258 1594 οὖν
1283 1568 1344 1603 οὐχὶ
1371 1568 1606 1604 ἁποκληρωτικῶς
1644 1568 1685 1602 τῷ
1725 1569 1797 1602 ἁγίῳ

1004 1615 1144 1649 Πνεύματι
1170 1614 1187 1649 ἡ
1216 1613 1252 1640 ἐν
1277 1613 1396 1649 ωλλαὸὴ
1422 1613 1586 1649 διενήνοχεν,
1621 1613 1695 1640 ἀλλὰ
1716 1612 1798 1646 κοινή

1005 1661 1110 1695 Πατρός
1139 1661 1197 1687 εστι
1228 1659 1275 1686 καὶ
1300 1658 1377 1692 Υἱοῦ,
1414 1660 1444 1686 ὲν
1471 1660 1528 1691 τοῖς
1557 1660 1673 1686 κατόπιν
1716 1659 1800 1694 εἴρη-

1003 1713 1058 1733 ται.
1073 1703 1156 1740 Οἶμαι
1169 1704 1197 1731 δὲ
1214 1705 1326 1732 κάκεῖνο
1345 1703 1503 1740 ἀρκούντως
1520 1704 1656 1739 εἰρῆσθαι,
1683 1703 1732 1730 ὅτι
1766 1705 1797 1730 οὗ

1006 1752 1086 1786 μόνον
1115 1751 1165 1777 οὐκ
1191 1751 1352 1786 ἀφαιρεῖται
1374 1759 1400 1777 τι
1429 1751 1478 1786 τῆς
1497 1750 1576 1783 ἀξίας
1597 1750 1644 1776 τοῦ
1661 1750 1801 1784 Πνεύμα-

1004 1804 1059 1830 τος,
1073 1795 1142 1822 ἀλλὰ
1157 1796 1204 1824 καὶ
1223 1796 1291 1831 πρὸς
1303 1797 1334 1823 τὸ
1353 1797 1481 1831 μέγιστον
1494 1795 1560 1830 ὕψος
1577 1796 1631 1822 τῶν
1647 1795 1688 1830 μὴ
1702 1795 1802 1829 πάντη

1003 1839 1203 1873 ἐνδιαστρόφων
1217 1839 1280 1870 τοὺς
1297 1838 1443 1872 λογισμοὺς
1465 1839 1606 1872 ἐπανάγει.
1623 1838 1804 1872 Λειπόμενον

1005 1885 1032 1912 δὲ
1046 1886 1103 1912 ἐστι
1118 1885 1182 1920 περὶ
1197 1885 1246 1919 τῆς
1259 1885 1329 1918 σὺν,
1353 1885 1451 1912 ὁπόθεν
1473 1884 1583 1920 ἠρξατο,
1602 1884 1650 1910 καὶ
1667 1884 1736 1910 τίνα
1754 1885 1805 1912 δύη

1005 1939 1087 1966 ναμιν
1102 1930 1168 1965 ἔχει,
1185 1931 1232 1957 καὶ
1245 1931 1320 1963 ὅπως
1407 1930 1550 1965 σύμφωνός
1565 1930 1623 1956 ὲστι
1634 1931 1667 1964 τῇ
1684 1930 1803 1967 Γραφῇ,

1004 1974 1196 2010 διηγήσασθαι.

1095 2021 1154 2047 Τῶν
1169 2022 1197 2047 ὲν
1212 2022 1244 2057 τῇ
1262 2020 1410 2056 Ἐκκλησία
1420 2021 1634 2056 πεφυλαγμένων
1648 2020 1804 2055 δογμάτων

1004 2066 1052 2092 καὶ
1068 2067 1251 2102 κηρυγμάτων
1271 2067 1305 2093 τὰ
1326 2067 1375 2102 μὲν
1396 2068 1427 2093 ἐκ
1445 2067 1496 2101 τῆς
1513 2066 1650 2102 ἐγγράφου
1667 2066 1803 2095 διδασκα-

1004 2112 1064 2143 λίας
1080 2112 1187 2147 ἔχομεν,
1202 2112 1236 2139 τὰ
1255 2112 1283 2139 δὲ
1306 2113 1338 2139 ὲκ
1356 2113 1405 2148 τῆς
1424 2113 1478 2140 τῶν
1498 2113 1653 2139 ἀποστόλων
1674 2114 1805 2148 παραδό-

1005 2167 1073 2191 σεως
1094 2158 1248 2185 διαδοθέντα
1272 2160 1339 2194 ἡμῖν
1364 2160 1394 2186 ὲν
1409 2159 1550 2195 μυστηρίῳ
1572 2159 1801 2195 παρεδεξὰμεθα·

166 2205 282 2236 utraque
296 2202 350 2228 vim
378 2203 501 2231 eamdem
517 2203 620 2231 habent
637 2203 670 2230 ad
687 2204 832 2238 pietatem;
846 2212 897 2231 nec
919 2204 949 2232 iis

1054 2212 1075 2239 ;ρ
1089 2205 1231 2240 ἀμφότερα
1252 2204 1300 2240 τὴν
1316 2204 1400 2240 αὐτὴν
1422 2205 1498 2240 ισχὺν
1519 2204 1575 2240 ἔχει
1596 2204 1663 2240 πρὸς
1679 2205 1735 2241 τὴν
1758 2207 1804 2233 εὐ-

166 2245 310 2281 quisquam
331 2247 502 2276 contradicet
518 2257 526 2276 :
543 2249 636 2276 nullus
657 2253 742 2282 certe,
758 2249 805 2284 qui
820 2249 862 2276 vel
880 2250 954 2276 tenui

164 2291 334 2326 experientia
363 2293 469 2320 noverit
494 2301 554 2329 qum
578 2293 634 2321 sint
661 2292 790 2321 Ecclesia:
816 2294 952 2321 instituta.

165 2336 234 2363 Nam
263 2337 286 2364 si
314 2337 532 2365 consuetudines
549 2345 609 2373 qua),
635 2337 738 2372 scripto
761 2338 876 2373 prodita:
899 2346 954 2365 non

165 2387 239 2415 sunt,
253 2388 382 2418 tanquam
395 2382 469 2410 haud
479 2384 596 2411 multum
613 2383 746 2411 habentes
762 2384 891 2410 momenti
907 2391 954 2418 ag-

165 2429 322 2464 grediamur
353 2430 483 2465 rejiccre,
508 2429 696 2464 imprudentes
721 2429 898 2464 Evangelium
927 2430 952 2457 in

165 2476 233 2510 ipsis
249 2475 333 2503 rebus
350 2475 495 2510 praecipuis
510 2474 651 2507 lardemus,
677 2475 733 2502 imo
749 2474 840 2510 potius
857 2475 954 2510 przrdi-

165 2521 300 2548 cntionem
326 2520 360 2547 ad
385 2521 489 2548 nudum
513 2528 612 2547 nomen
640 2520 846 2548 contrahemus.
870 2519 952 2547 Verbi

165 2566 263 2601 gratia,
279 2569 308 2593 ut
322 2566 382 2600 ejus
399 2566 472 2602 quod
489 2566 608 2601 primum
628 2570 670 2594 est
692 2570 719 2594 et
734 2566 951 2601 vulgatissimum

166 2612 253 2647 primo
267 2611 328 2639 loco
339 2619 551 2640 commemorem
565 2621 571 2639 :
588 2615 617 2639 ut
633 2611 711 2648 signo
726 2612 820 2640 crucis
837 2619 886 2640 eos
905 2612 951 2647 qui

165 2664 240 2690 spem
261 2656 397 2684 collocant
419 2657 446 2683 in
461 2656 573 2684 Christo
595 2657 747 2692 signemus,
764 2657 826 2692 quis
849 2657 952 2692 scripto

165 2703 273 2730 docuit?
291 2702 325 2730 Ut
342 2703 376 2730 ad
398 2703 531 2730 orientem
550 2703 622 2731 versi
642 2710 797 2738 precemur,
821 2711 881 2739 quae
901 2711 952 2731 nos

205 2843 214 2860 ⁸
238 2842 316 2872 dit-ID.
339 2852 374 2877 tv,
391 2845 439 2873 2t.

1005 2250 1122 2278 σέϐειαν.
1133 2251 1188 2277 Καὶ
1198 2250 1303 2281 τούτοις
1311 2251 1398 2282 οὐδεὶς
1409 2251 1527 2286 ἀντερεῖ,
1541 2250 1638 2276 οὐκοῦν
1727 2252 1803 2283 ὅστις

1004 2304 1035 2330 γε
1058 2296 1129 2323 κατὰ
1151 2296 1247 2331 μικρὸν
1270 2296 1336 2330 γοῦν
1360 2296 1468 2331 Θεσμῶν
1493 2296 1735 2332 ἐκκλησιαστικῶν
1757 2307 1803 2325 πε-

1005 2343 1142 2379 πείραται.
1167 2343 1199 2369 Εἰ
1224 2342 1277 2378 γὰρ
1301 2343 1527 2378 ἐπιχειρήσαιμεν
1548 2342 1582 2368 τὰ
1608 2342 1727 2378 ἄγραφα.
1749 2345 1804 2370 τῶν

1005 2387 1073 2414 ἐθῶν
1087 2387 1123 2419 ὡς
1143 2388 1179 2422 μὴ
1196 2387 1315 2423 μεγάλην
1339 2387 1434 2422 ἔχοντα
1452 2387 1502 2422 τὴν
1519 2387 1635 2422 δύναμιν
1652 2391 1804 2423 παραιτεῖ-

1006 2434 1077 2467 σθαι,
1089 2433 1217 2469 λάθοιμεν
1229 2433 1262 2460 ἂν
1279 2433 1319 2465 είς
1339 2433 1408 2460 αὐτὰ
1422 2433 1457 2460 τὰ
1477 2433 1571 2468 καίρια
1586 2433 1759 2468 ζημιοῦντες
1773 2435 1804 2461 τὸ

1005 2479 1169 2514 Εὐαγγέλιον
1179 2487 1186 2493 ·
1202 2479 1302 2514 μᾶλλον
1313 2478 1342 2505 δὲ
1360 2479 1399 2510 εις
1412 2478 1497 2513 ὄνομα
1509 2478 1586 2513 ψιλὸν
1601 2480 1803 2514 περιιστῶιτες

1004 2525 1033 2551 τὸ
1049 2525 1187 2560 κήρυγμα.
1209 2521 1284 2556 Οἷον.
1307 2524 1351 2551 ίνα
1366 2523 1413 2551 τοῦ
1435 2523 1543 2559 πρώτου
1565 2523 1614 2550 καὶ
1639 2527 1800 2552 atoue-ritu:

1003 2570 1109 2606 πρῶτον
1125 2569 1244 2606 μνησθῶ,
1330 2568 1369 2605 τῷ
1383 2569 1461 2604 τύπῳ
1482 2568 1528 2596 τοῦ
1546 2570 1664 2605 σταυροῦ
1680 2571 1747 2603 τοὺς
1763 2572 1801 2602 είς

1002 2617 1032 2644 τὸ
1043 2617 1127 2653 ὄνομα
1142 2616 1189 2644 τοῦ
1207 2617 1310 2653 Κυρίου
1321 2617 1399 2653 ἡμῶν
1417 2616 1504 2652 Ἰησοῦ
1515 2616 1637 2652 Χριστοῦ
1648 2617 1799 2652 ﬁli-axon;

1003 2663 1253 2698 κατασημαίνεσθαι
1275 2662 1316 2693 τίς
1339 2663 1353 2688 ό
1368 2661 1412 2688 διὰ
1432 2661 1597 2698 γράμματος
1621 2661 1798 2695 διδάξαςςτῦ

1003 2707 1069 2742 πρὸς
1084 2707 1213 2739 ἀνατολὰς
1229 2706 1378 2742 τετράφθαι
1397 2705 1469 2734 κατὰ
1480 2706 1530 2742 τὴν
1549 2707 1711 2744 προσευχὴν
1726 2709 1796 2735 ποῖον
