1873 3076
47 148 105 179 793

511 148 698 180 PANOPLIA
720 149 946 181 DDGMATICA.
966 162 1000 170 —
1019 151 1094 182 TIT.
1116 151 1187 183 ΧΠ.

1622 155 1675 186 791

46 220 168 253 ἐδίδαξεν
181 220 254 255 ἡμᾶς
269 219 402 254 γράμμα;
427 218 467 245 Τὰ
481 218 529 253 τῆς
547 216 714 252 ἐπικλήσεως
731 217 785 252 ρήμ

935 221 981 247 ruit
995 219 1155 254 Scriptura?
1169 219 1353 248 lnvocationis
1364 220 1447 248 verba
1457 228 1519 248 cum
1531 220 1674 248 coniicitur

47 267 95 293 ἐπὶ
110 268 142 301 τῇ
157 265 290 298 ἀναδείξει
374 265 421 290 τοῦ
440 264 522 298 ἀρτου
536 263 585 299 τῆς
597 263 778 298 Εὔχαριστίας
793 263 840 289 καὶ

45 314 96 340 τοῦ
114 313 244 348 ποτηρίου
258 312 308 346 τῆς
328 311 453 345 εὐλογίας
468 311 510 342 τίς
528 310 582 336 τῶν
597 310 681 344 ἁγίων
695 309 841 345 ἐγγράφως

47 361 116 395 ἡμῖν
136 359 345 389 καταλέλοιπεν;
363 358 400 384 Οὐ
421 357 476 393 γὰρ
497 356 528 393 δὴ
545 356 649 387 τούτοις
671 354 841 392 ἀρκούμεθα.

47 403 86 432 ὦν
105 405 120 431 ὁ
139 402 325 438 ’Δπόστολοςῆ
345 402 376 429 τὸ
398 402 562 437 Εὐαγγέλιον
583 401 753 436 ἐπεμνήσθη.
775 400 842 427 ἀλλὰ

48 450 96 476 καὶ
111 449 280 484 προλέγομεν
302 448 348 474 καὶ
369 448 531 482 ὲπιλέγομεν
548 447 639 483 ἕτερα,
661 447 698 478 ὡς
721 446 842 482 μεγάλην

47 495 145 530 ἔχοντα
159 494 227 530 πρὸς
236 494 267 520 τὸ
282 494 430 529 μυστήριον
440 493 488 528 τὴν
507 493 593 527 ἰσχὺν,
610 493 642 519 ἐκ
655 493 704 527 τῆς
719 492 841 526 ἀγράφου

46 540 222 571 διδασκαλίας
236 539 446 574 παραλαϐόντες.
460 538 630 573 Εὑλογοῠμεν
643 538 670 564 δὲ
684 537 714 563 τό
726 545 756 563 τε
771 536 843 572 ὓδωρ

47 585 97 612 τοῦ
115 585 313 620 βαπτίσματος,
339 585 386 610 καὶ
413 584 443 610 τὺ
462 584 549 610 ἔλαιον
573 583 622 618 τῆς
648 583 779 618 χρίσεως,
796 582 842 609 καὶ

50 632 164 666 προσέτι
176 631 257 658 αὑτὸν
270 631 315 657 τὸν
332 630 538 665 βαπτιζόμενον.
559 629 625 656 Ἀπὸ
640 629 724 655 ποίων
741 628 843 665 ἐγγρά-

51 686 129 713 (pom;
145 677 202 704 Οὐκ
219 677 272 704 ἀπὸ
284 677 334 712 τῆς
349 676 529 712 σιωπωμένης
546 675 593 702 καὶ
609 675 742 711 μυστικῆς
755 683 844 711 παρα-

49 724 167 756 δόσεως;
183 723 214 749 Τί
228 723 275 756 δέ;
290 722 374 759 αὐτὴν
466 721 515 748 τοῦ
529 721 617 748 ὲλαίου
630 720 679 756 τὴν
699 720 789 757 χρίσιν
801 721 844 753 τίς

49 770 130 803 λόγος
143 769 332 805 γεγραμμένος
347 767 448 799 ἐδίδαξε
462 777 469 784 ⁸
487 767 524 794 Τὸ
538 767 566 794 δὲ
586 767 647 803 τρὶς
665 767 842 802 βαπτίζεσθαι

49 815 96 841 τὸν
110 814 251 849 ἄνθρωπον
267 814 347 841 πόθεν
358 822 365 847 ;
378 814 462 839 Ἀλλα
474 812 502 840 δὲ
514 813 564 840 ὅσα
576 821 608 838 πε
613 812 639 847 pl
648 812 678 838 τὺ
691 811 841 848 βάπτισμα,

50 859 253 886 ἀποτάσσεσθαι
265 868 302 893 τῳ
317 858 422 893 Σατανᾷ
439 858 553 889 καὶτοῖς
565 857 690 892 ἀγγέλοις
701 856 795 889 αὑτοῦ,
810 857 844 884 ὲκ
857 877 877 904 Β

52 905 133 936 ποίας
150 904 207 930 ἐστὶ
220 904 326 939 γραφῆς
337 911 345 935 ;
362 903 419 930 Οὐκ
431 903 464 930 ὲκ
476 904 525 939 τῆς
534 903 729 939 ἀδημοσιεύτου
743 903 843 939 ταύτης

52 950 101 976 καὶ
117 950 273 986 ἀπορρήτου
286 948 470 982 διδασκαλίας,
482 950 515 985 ἣν
527 950 556 976 ὲν
570 949 843 985 ἀπολυπραγμονὴτῳ

52 995 101 1022 καὶ
116 994 323 1031 ἀπεριεργάπῳ
413 996 475 1031 σιγῇ
500 995 524 1022 oi.
546 995 662 1031 πατέρες
681 995 758 1031 ἡμῶν
779 995 844 1030 ἐφύ-

51 1035 145 1067 λσξαν,
163 1036 253 1067 καλῶς
278 1038 366 1063 ὲκεῖνο
388 1037 582 1072 δεδιδαγμένοι,
607 1039 660 1065 τῶν
685 1039 842 1075 μυστηρίων

49 1081 82 1108 τὸ
107 1081 205 1117 σεμνὸν
311 1084 400 1119 σιωπῇ
425 1082 625 1117 summam;
646 1085 680 1111 ’Δ
705 1084 761 1120 γὰρ
784 1085 844 1112 οὐδὲ

50 1127 214 1154 ἐποπτεύειν
229 1127 318 1160 ἔξεστι
337 1129 393 1160 τοῖς
407 1129 552 1165 ἀμυήτοις,
569 1129 672 1157 τούτων
692 1131 751 1162 πῶς
764 1130 797 1158 ἀν
811 1128 845 1166 ἦν

51 1173 128 1204 εἰκὸς
143 1172 193 1208 τὴν
207 1173 379 1201 διδασκαλίαν
393 1174 604 1210 ὲκθριαμὸεύειν
621 1177 650 1202 ὲν
664 1176 844 1212 γράμμασιν;

52 1217 70 1252 ἦ
85 1218 177 1244 τίποτε
197 1218 358 1254 βουλόμενος
370 1221 384 1247 ὁ
401 1220 488 1255 μέγας
510 1221 642 1256 Μωῡσῆς,
661 1221 692 1248 οὐ
709 1222 776 1248 πᾶσι
799 1221 846 1256 βά-

54 1271 124 1300 enim.
136 1261 205 1293 εἶναι
221 1264 256 1292 τὰ
272 1265 320 1292 τοῦ
335 1265 408 1302 ιεροῠ
423 1265 512 1292 πάντα
535 1266 701 1301 πεποίηκεν;
724 1267 781 1293 ἀλλ’
794 1265 847 1299 ἔξω

53 1312 106 1347 μὲν
119 1311 203 1346 ἁγίων
220 1312 318 1348 ἔστησε
341 1311 492 1348 περιϐόλων
505 1312 568 1344 τοὺς
593 1312 733 1348 βεῦήλους,
750 1312 800 1344 τὰς
819 1312 847 1339 δὲ

52 1355 165 1391 πρώτας
175 1357 259 1389 αὐλὰς
270 1359 326 1390 τοῖς
343 1358 545 1394 καθαρωτέροις
558 1359 643 1392 ἀνείς,
654 1359 717 1390 τοὺς
732 1359 847 1391 Λευῖτας

55 1403 155 1439 μόνους
171 1404 262 1437 ἀξίους
276 1404 366 1439 ἔκρινε
384 1404 431 1431 τοῦ
447 1404 519 1431 θείου
538 1404 709 1440 θεραπευτάς
721 1413 728 1420 ”
745 1405 849 1439 σφάγια

53 1449 100 1481 δὲ,
124 1449 170 1476 καὶ
196 1449 402 1483 ὁλοκαυτώσεις,
427 1451 474 1477 καὶ
502 1449 550 1486 τὴν
572 1450 669 1485 λοιπὴν
694 1451 848 1487 ἱερουργίαν

53 1497 113 1526 τοῖς
129 1494 247 1530 ἱερεῦσιν
264 1495 474 1531 ἀποκληρώσας,
489 1495 537 1522 ἕνα
551 1496 606 1522 τῶν
626 1496 734 1523 πάντων
755 1496 849 1532 ἔκκρι-

54 1550 103 1568 τον

53 1589 102 1616 διὰ
119 1589 229 1621 παντὸς,
243 1589 311 1616 ἀλλὰ
324 1589 395 1616 κατά
412 1589 475 1624 μίαν
487 1589 571 1624 μόνην
584 1589 630 1616 τοῦ
643 1590 768 1617 ἐνιαυτοῦ
782 1589 851 1626 ἡμέ-

58 1643 120 1670 ραν,
137 1635 181 1661 καὶ
193 1635 295 1670 ταύτης
307 1635 382 1671 ὥραν
397 1635 499 1671 τακτὴν
520 1636 654 1671 εἰσιτητὸν
676 1635 751 1671 αὐτῴ
765 1645 850 1664 κατα-

58 1682 172 1716 στήσας,
183 1682 253 1708 ὥστε
266 1682 308 1709 διὰ
317 1681 347 1708 τὸ
360 1681 563 1717 ἀπεξενωμένον
578 1682 625 1709 καὶ
637 1682 719 1717 ἀηοες
732 1681 852 1717 θαμὸού-

60 1735 141 1761 μενον
158 1727 318 1753 ἐποπτεύειν
335 1728 370 1753 τὰ
379 1727 462 1761 ’Ἀγια
478 1726 531 1753 τῶν
549 1727 643 1761 ἀγίωψ
659 1725 688 1754 εὖ
705 1727 783 1759 είδὼς
800 1727 852 1754 ὑπὸ

59 1772 157 1806 σοφίας
170 1771 209 1806 τῷ
226 1772 275 1806 μὲν
292 1772 477 1807 πεπατημένῳ
494 1772 540 1798 καὶ
552 1771 664 1799 αὐτόθεν
679 1772 773 1807 ληπτῷ
785 1772 851 1808 πρό-

58 1825 152 1852 χειρον
159 1815 242 1843 οὖσαν
254 1817 303 1852 τὴν
315 1817 528 1852 καταφρόνησιν,
537 1817 576 1852 τῷ
586 1816 615 1843 δὲ
628 1816 852 1852 ἀνακεχωρηκότι

59 1863 108 1890 καὶ
131 1863 236 1897 σπανίῳ
251 1862 374 1897 φυσικῶς
399 1871 458 1894 πως
483 1863 704 1898 παρεζευγμὲνον
725 1863 755 1889 τὺ
775 1871 853 1898 περι-

60 1908 238 1935 σπούδαστον.
252 1908 330 1935 Κατὰ
341 1908 387 1935 τὸν
399 1907 481 1935 αὑτὸν
492 1909 524 1944 δὴ
536 1909 637 1944 τρόπον
650 1909 697 1935 καὶ
708 1909 733 1935 οἱ
744 1908 779 1934 τὰ
790 1907 854 1943 περὶ

59 1955 111 1987 τὰς
124 1955 287 1990 Ἐκκλησίας
361 1954 479 1990 ἐξαρχῆς
486 1954 781 1990 διαθεσμοθετήσαντες
791 1954 855 1981 ἀπό-

62 2001 153 2028 στολοι
165 2001 214 2027 καὶ
222 2001 343 2036 Πατέρες
358 2001 386 2027 ὲν
399 2000 438 2035 τῷ
451 2001 637 2036 κεκρυμμένῳ
650 2001 697 2027 καὶ
708 1999 854 2034 ἀφθέγκτῳ

59 2048 92 2073 τὸ
109 2047 208 2082 σεμνὸν
219 2047 276 2077 τοῖς
287 2046 447 2081 μυστηρίοις
459 2046 620 2080 ἐφύλασσον.
637 2045 705 2071 Οὐδὲ
718 2045 772 2081 γὰρ
786 2045 855 2076 ὅλως

63 2093 212 2127 μυστήριον
226 2091 257 2118 τδ
277 2093 316 2123 εἰς
332 2091 382 2127 τὴν
396 2091 506 2127 δημώδη
525 2091 571 2118 καὶ
592 2091 699 2118 εἰκαίαν
714 2090 798 2126 ἀκοὴν
811 2090 856 2116 ἕκ-

61 2146 156 2172 φορον.
176 2135 259 2168 Οὗτος
280 2138 294 2164 ό
315 2137 392 2171 λόγος
417 2137 468 2171 τῆς
493 2138 547 2164 τῶν
575 2137 707 2173 ἀγράιρων
736 2136 855 2172 παραδό-

62 2191 145 2214 σεως,
158 2183 195 2213 ὡς
211 2182 248 2218 μὴ
263 2183 498 2219 καταμεληθεῖσαν
584 2183 638 2210 τῶν
649 2183 793 2218 δογμάτων
806 2182 856 2218 τὴν

63 2227 167 2262 γνῶσιν
190 2228 428 2265 εὐκαταφρόνητον
452 2230 509 2260 τοῖς
533 2229 640 2260 πολλοῖς
663 2228 790 2263 γενέσθαι
813 2228 857 2255 διὰ

64 2274 221 2309 συνήθειαν.
241 2275 322 2301 Ἄλλο
333 2275 387 2309 γὰρ
399 2275 498 2310 δόγμα,
517 2275 564 2301 καὶ
581 2274 644 2301 ἄλλο
657 2275 791 2310 κήρυγμα
819 2274 856 2300 Τὸ

66 2319 119 2356 μὲν
135 2320 189 2355 γὰρ
206 2321 340 2347 σιωπᾶται
359 2339 368 2353 ,
440 2321 474 2347 τὰ
497 2321 525 2347 δὲ
544 2321 710 2356 κηρύγματα
808 2320 856 2356 δη-

66 2365 232 2400 μοσιεύεται.
249 2366 358 2402 Σιωπῆς
373 2366 400 2393 δὲ
414 2364 483 2398 εἶδος
496 2367 542 2393 καὶ
555 2367 572 2402 ὴ
584 2366 714 2401 ἀσάφεια,
757 2365 858 2401 κέχρη-

64 2419 114 2438 ται
136 2412 152 2446 ἡ
182 2412 296 2447 Γραφὴ,
320 2411 506 2448 δυσθεώρητον
530 2412 775 2444 κατασκευάζουσα
794 2411 857 2439 τῶν

65 2457 210 2492 δογμάτων
227 2459 270 2485 τὸν
286 2458 349 2486 νοῦν
365 2459 433 2494 πρὸς
452 2459 484 2485 τὸ
506 2458 560 2486 τῶν
576 2459 795 2494 ἐντυγχανόντων
812 2458 859 2485 λυ-

67 2503 174 2535 σιτελές
200 2504 301 2530 Τούτου
316 2505 396 2540 χάριν
411 2504 514 2536 πάντες
532 2504 581 2540 μὲν
598 2504 706 2541 ὁρῶμεν
721 2505 782 2531 κατ’
795 2504 859 2531 ἀνα-

67 2549 150 2581 τολὰς
164 2550 210 2576 ἐπὶ
223 2551 277 2577 τῶν
303 2551 476 2587 προσευχῶν
492 2551 577 2586 ὀλίγοι
596 2551 624 2577 δὲ
648 2551 737 2587 ἴσμεν,
753 2551 794 2577 ὅτι
809 2550 859 2586 τὴν

69 2601 192 2637 ἀρχαίαν
207 2599 390 2634 ἐπιζητοῦμεν
407 2597 535 2633 πατρίδα,
561 2596 607 2622 τὸν
625 2595 803 2632 παράδεισον,
827 2594 857 2622 ὃν

69 2648 220 2681 ὲφύτευσεν
245 2647 259 2672 ό
276 2646 341 2677 Θεὸς
368 2645 490 2679 ἑνἘδὲμ
516 2643 574 2670 κατ’
598 2641 741 2674 ἀνατολάς.
762 2639 855 2675 ’ὒροοὶ

72 2693 126 2727 μὲν
141 2691 299 2726 π).ηροῦμεν
313 2690 362 2722 τὰς
379 2690 460 2726 εὺχάς
476 2690 504 2715 ὲν
519 2690 552 2723 τῇ
572 2689 622 2723 μιᾷ
635 2687 683 2714 τοῦ
699 2686 853 2714 Σαὸὃάτου·

70 2739 122 2764 τὶν
136 2737 165 2763 δὲ
180 2737 258 2770 λόγον
277 2737 308 2762 οὺ
322 2737 424 2766 πάντες
450 2734 573 2769 οῖδαμεν.
596 2734 634 2760 0-3
648 2733 702 2768 γὰρ
726 2732 806 2768 μόνον
820 2732 858 2764 ὡς

71 2782 291 2814 συναναστάντες
298 2781 417 2817 Χριστῷ,
429 2780 518 2807 καὶτὰ
526 2780 582 2807 ἀνω
593 2780 684 2814 ζητεῖν
694 2779 860 2815 ὀφείλοντες,

889 267 968 302 panis
1054 265 1234 293 Eucbaristia:
1257 270 1283 293 et
1312 265 1441 300 poculum
1462 265 1673 298 benedictionis,

889 313 950 347 quis
962 316 1122 340 sanctorum
1140 312 1166 338 in
1183 311 1286 346 scriplo
1302 311 1380 339 nobis
1392 311 1515 346 reliquit?
1533 311 1587 340 Nec
1601 313 1673 339 enim

890 358 931 385 bis
954 357 1076 385 contenti
1094 365 1201 390 sumus,
1221 365 1281 392 quae
1307 362 1504 385 commemorat
1525 359 1673 392 Apostolus

889 409 934 431 aut
954 404 1140 439 Evangelium,
1156 411 1250 431 verum
1265 404 1319 430 alia
1335 412 1444 439 quoque
1454 409 1481 431 et
1495 409 1557 432 ante
1572 410 1598 432 et
1614 409 1676 439 post

887 449 1018 482 dicimus,
1044 453 1175 484 tanqttatn
1199 450 1315 476 multum
1335 449 1461 477 habentia
1488 451 1620 477 momenti
1641 450 1676 477 ad

888 495 1062 530 mysterium,
1079 502 1140 529 qua
1153 502 1186 522 ex
1202 494 1351 522 traditione
1373 502 1427 521 non
1447 495 1550 530 scripta
1568 495 1677 530 accepi-

889 549 960 568 mus.
979 540 1171 568 Benedieimtts
1187 545 1279 569 autem
1294 546 1321 568 et
1338 549 1436 576 aquant
1453 542 1635 577 baptismatis,
1649 545 1677 569 et

888 585 978 614 oleum
999 586 1149 619 unctionis,
1169 586 1224 613 ittto
1237 587 1326 621 ipsum
1341 587 1423 614 etiam
1444 587 1490 622 qui
1509 586 1675 622 baptismum

890 631 998 665 accipit.
1016 631 1055 657 Ex
1073 631 1174 666 quibus
1188 632 1318 666 scriptis?
1336 631 1432 659 Nonne
1451 639 1466 658 a
1481 633 1562 659 tacita
1585 640 1676 660 secre-

890 680 971 711 taque
989 677 1156 704 traditione?
1173 677 1262 712 Ipsam
1280 685 1342 705 vero
1357 678 1409 705 olei
1424 678 1595 709 unctionem,
1612 679 1676 713 quis

890 730 981 751 sermo
1006 723 1108 758 scriplo
1123 723 1248 758 proditus
1272 723 1386 750 docuit?
1401 722 1460 750 Jam
1487 727 1528 750 ter
1552 723 1676 757 immeriti

890 768 1039 801 hominem,
1056 769 1128 796 unde
1143 768 1290 796 haustum?
1307 768 1420 804 Reliqua
1435 772 1524 795 autem
1537 776 1597 802 qua:
1609 769 1678 795 ﬁunt

891 814 920 841 in
942 813 1089 849 baptismo,
1107 814 1189 841 veluti
1212 813 1372 841 renuntiare
1395 813 1503 841 Satanae
1529 819 1556 841 et
1572 814 1678 849 angelis

890 859 960 894 ejus,
976 867 1010 887 ex
1023 867 1075 894 qua
1088 859 1226 894 scriptun
1239 859 1394 886 habemus?
1410 858 1505 886 Nonne
1521 867 1553 886 ex
1566 859 1678 886 minitne

891 905 1032 940 publicata
1045 909 1073 933 et
1087 912 1187 932 arcana
1199 909 1251 932 hac
1267 905 1404 938 doctrina,
1421 913 1502 940 quam
1522 909 1614 940 patres
1628 912 1680 932 no-

891 951 941 978 stri
961 951 1069 979 silentio
1084 951 1178 986 quieto
1196 951 1362 986 minimeque
1377 951 1489 979 curioso
1516 951 1680 979 servarunt?

892 996 998 1031 Quippe
1016 997 1084 1024 illud
1101 997 1185 1032 probe
1204 997 1366 1030 didicerant,
1393 998 1585 1034 mysteriorum
1602 1005 1678 1025 reve<

894 1042 1012 1069 rentiam
1027 1042 1137 1070 silentio
1157 1043 1327 1070 conservari.
1342 1042 1410 1070 Nam
1426 1051 1488 1078 quae
1512 1050 1563 1071 nec
1580 1043 1680 1070 intueri

893 1084 936 1113 fas
951 1090 994 1115 est
1015 1095 1070 1115 non
1097 1087 1223 1121 initiatis,
1239 1088 1286 1123 qui
1312 1089 1490 1116 conveniebat
1514 1088 1612 1116 borum
1633 1088 1682 1116 do-

894 1133 1014 1160 ctrinam
1029 1133 1141 1168 scriptis
1155 1134 1283 1169 vulgari?
1294 1138 1342 1161 aut
1355 1134 1422 1169 quid
1439 1134 1549 1162 tandem
1565 1134 1619 1162 sibi
1635 1142 1683 1162 vc-

895 1179 945 1206 luit
961 1187 1077 1214 magnus
1095 1180 1140 1208 ille
1159 1180 1276 1215 Moyses,
1293 1181 1339 1215 qui
1357 1188 1411 1208 non
1423 1181 1514 1208 omnia
1527 1189 1588 1216 quae
1604 1185 1683 1208 erant

895 1225 924 1252 in
956 1225 1059 1260 templo
1088 1232 1187 1260 passus
1211 1226 1247 1253 sit
1281 1226 1410 1254 omnibus
1444 1234 1505 1254 esse
1536 1227 1628 1261 pervia
1653 1226 1684 1254 ’ἲ

896 1270 944 1298 sed
967 1269 1097 1304 profanos
1121 1276 1199 1298 extra
1225 1277 1322 1298 sacros
1346 1270 1483 1298 cancellos
1510 1271 1626 1301 statuit;
1652 1277 1684 1297 ac

897 1315 987 1350 priora
1005 1315 1114 1350 quidem
1130 1315 1200 1342 atria
1216 1315 1374 1350 purioribus
1385 1315 1558 1350 permittens,
1574 1314 1684 1342 Levitas

897 1361 971 1389 solos
985 1361 1082 1396 dignos
1095 1361 1202 1389 censuit
1217 1361 1341 1388 numinis
1361 1361 1514 1388 ministerio
1531 1363 1541 1378 '
1559 1370 1566 1389 :
1580 1362 1685 1387 macta-

897 1406 987 1433 tiones
1011 1409 1103 1439 autem
1131 1406 1438 1440 holocautomatumque
1462 1405 1633 1438 oblationes,
1658 1407 1685 1432 et

898 1452 1003 1487 reliqua
1019 1459 1080 1488 quae
1095 1451 1130 1479 ad
1145 1459 1201 1479 rem
1219 1458 1326 1479 sacram
1343 1452 1480 1486 pertinent
1494 1450 1685 1480 sacerdotibus

899 1497 1050 1534 assignavit
1070 1500 1081 1515 ³
1095 1506 1103 1531 ;
1122 1502 1204 1533 atque
1215 1504 1300 1524 unum
1317 1505 1350 1524 ex
1365 1496 1494 1524 omnibus
1511 1496 1643 1525 selectum
1658 1496 1687 1523 in

193 1543 233 1574 είς
248 1542 282 1569 τὰ
297 1542 382 1569 ἄδυτα
398 1543 597 1578 παραδέχεται·
621 1543 667 1569 καὶ
680 1543 741 1570 οὐδὲ
755 1543 849 1571 τοῦτον
864 1548 884 1577 c
899 1542 932 1569 ad

946 1546 980 1569 rta
1002 1541 1115 1570 admisit
1133 1542 1159 1575 ⁵,
1176 1545 1203 1570 et
1226 1549 1260 1569 ne
1276 1541 1351 1570 hunc
1370 1540 1481 1576 quidem
1496 1548 1614 1576 semper,
1637 1539 1685 1568 sed

900 1595 956 1615 uno
976 1591 1082 1616 tantum
1106 1587 1150 1616 die
1175 1587 1345 1623 quotannis:
1372 1587 1438 1622 quin
1465 1591 1492 1615 et
1529 1587 1612 1622 hujus
1634 1586 1688 1614 diei

900 1638 1004 1663 certam
1030 1634 1127 1662 horam
1151 1642 1205 1670 qua
1230 1633 1271 1662 fas
1296 1638 1370 1661 esset
1387 1633 1504 1669 ingredi,
1528 1633 1688 1669 praestituit,

902 1689 956 1716 quo
979 1684 1093 1716 propter
1111 1681 1261 1708 novitatem
1285 1682 1312 1707 et
1327 1679 1516 1714 insolentiam,
1539 1686 1602 1706 cum
1626 1682 1687 1706 stu-

902 1733 967 1761 pore
981 1726 1135 1754 intueretur
1153 1726 1253 1753 Sancta
1269 1729 1427 1753 sanctorum
1448 1729 1458 1745 ι
1476 1725 1581 1760 :probe
1598 1724 1690 1752 sciens

903 1779 953 1807 pro
972 1779 1022 1799 sua
1043 1772 1189 1807 sapientia,
1208 1779 1253 1799 res
1275 1779 1327 1798 usu
1344 1771 1423 1798 tritas
1439 1775 1466 1798 et
1481 1778 1514 1798 ex
1537 1778 1568 1798 se
1584 1769 1691 1801 obvias,

902 1817 1043 1852 expositas
1058 1825 1120 1846 esse
1138 1817 1308 1852 contemptui
1323 1826 1329 1844 :
1347 1817 1430 1844 rebus
1451 1824 1518 1844 vero
1534 1823 1596 1851 qua;
1613 1821 1693 1849 sepo-

903 1863 962 1890 sita:
981 1867 1046 1891 sunt
1066 1870 1098 1890 ac
1120 1870 1190 1890 rarae
1218 1862 1420 1897 quodammodo
1445 1861 1608 1888 naturaliter
1629 1867 1695 1887 con-

900 1908 1025 1944 junctam
1040 1915 1101 1937 esse
1124 1916 1260 1936 summam
1285 1908 1494 1936 admirationem
1511 1914 1543 1934 ac
1557 1905 1692 1934 studium.

905 1955 945 1982 Ad
965 1955 1091 1982 eutndem
1107 1953 1232 1990 profecto
1247 1954 1370 1987 modum,
1389 1957 1416 1981 et
1432 1952 1480 1988 qui
1505 1951 1584 1979 initio
1599 1954 1694 1979 certos

904 2001 1124 2030 EcclesiaeJitus
1144 2001 1376 2036 praescripserunt
1398 1998 1516 2035 apostoli
1541 2001 1568 2026 et
1586 1997 1693 2029 Patres.

905 2048 932 2075 in
959 2048 1070 2076 occulto
1094 2047 1260 2081 silentioque
1286 2045 1425 2080 mysteriis
1447 2051 1525 2072 suam
1550 2049 1696 2070 servavere

904 2094 1077 2129 dignitatem.
1103 2092 1197 2128 Neque
1223 2092 1296 2120 enim
1319 2091 1433 2119 omnino
1460 2089 1621 2125 mysterium
1642 2092 1695 2121 est,

904 2139 980 2175 quod
1012 2140 1046 2167 ad
1076 2139 1224 2174 populares
1251 2145 1284 2165 ac
1311 2138 1440 2173 vulgares
1463 2143 1544 2163 aures
1572 2133 1695 2162 eli’ertur.

906 2186 968 2213 Haec
991 2187 1034 2213 est
1047 2185 1129 2217 ratio,
1155 2191 1206 2211 cur
1220 2183 1344 2219 quaedam
1372 2183 1440 2210 citra
1461 2181 1593 2216 scriptum
1611 2178 1698 2206 tradi-

907 2237 933 2260 ta
954 2232 1028 2262 sint,
1051 2239 1086 2258 ne
1108 2230 1268 2266 dogmatum
1296 2220 1397 2256 notitia.
1415 2228 1539 2263 neglecta
1553 2246 1560 2259 ,
1586 2228 1698 2261 propter

906 2277 1112 2306 assuetudinem
1134 2277 1216 2312 vulgo
1231 2275 1337 2303 veniret
1357 2275 1384 2302 in
1402 2277 1600 2308 contemptum.
1616 2269 1699 2298 Aliud

907 2323 1005 2359 utique
1017 2326 1059 2350 est
1080 2321 1190 2357 dogma,
1208 2321 1283 2348 aliud
1298 2319 1466 2356 praedicatio.
1485 2318 1553 2346 Nam
1570 2318 1699 2352 dogmata

908 2368 1037 2399 silentur,
1061 2366 1272 2402 praedicationes
1294 2372 1360 2392 vero
1384 2364 1570 2399 publicantur.
1590 2361 1638 2390 Est
1653 2368 1701 2388 au-

910 2418 964 2441 tem
979 2413 1082 2440 silentii
1105 2412 1212 2447 species
1239 2411 1322 2439 etiam
1348 2411 1506 2438 obscuritas
1532 2417 1586 2445 qua
1612 2408 1700 2436 utitur

912 2459 1064 2494 Scriptura,
1145 2457 1286 2485 intellectu
1302 2456 1438 2485 diﬂicilem
1451 2455 1569 2484 reddens
1584 2454 1699 2488 dogma-

912 2510 968 2532 tum
995 2503 1171 2535 sententiam,
1201 2503 1284 2538 idque
1313 2502 1346 2529 ad
1373 2502 1518 2537 legentium
1543 2500 1699 2528 utilitatem.

914 2550 990 2577 lianc
1007 2548 1042 2575 ob
1059 2554 1172 2575 causam
1196 2554 1292 2575 omnes
1319 2550 1476 2582 spectamus
1491 2545 1525 2572 ad
1555 2544 1700 2573 orientem,

913 2601 974 2622 cum
1007 2600 1160 2629 precamur,
1179 2591 1259 2627 pauci
1287 2597 1377 2619 tamen
1405 2591 1541 2624 novimus,
1570 2590 1644 2625 quod
1668 2590 1696 2617 id

912 2640 1045 2669 facientes
1072 2635 1211 2674 antiquam
1231 2637 1394 2672 requirimus
1409 2637 1524 2672 patriam
1537 2657 1544 2669 ,
1568 2635 1695 2663 ﬁdelior:

911 2687 1166 2722 paradisum,quem
1184 2685 1313 2720 plantavit
1328 2685 1398 2712 Deus
1418 2685 1446 2712 in
1460 2684 1533 2711 Eden
1551 2684 1583 2711 ad
1604 2682 1697 2710 orien-

912 2737 966 2760 tem
984 2733 1002 2758 ⁸.
1033 2732 1122 2760 Erecti
1150 2731 1242 2759 itidem
1262 2731 1418 2765 perlicimus
1438 2729 1645 2764 deprecationes
1667 2729 1694 2754 in

915 2786 968 2805 una
995 2777 1118 2810 Sabbati,
1145 2778 1192 2805 sed
1220 2777 1353 2804 rationem
1370 2783 1424 2803 non
1442 2782 1538 2803 omnes
1560 2774 1697 2802 novimus.

107 2879 114 2894 '
131 2877 213 2905 Num.
230 2885 264 2908 ιν,
283 2876 328 2903 20.
366 2877 375 2892 ¹
390 2875 473 2904 Num.
495 2881 571 2906 mn,
596 2872 641 2906 2|,
657 2871 700 2900 22.
743 2873 751 2888 ³
771 2872 837 2900 ibid.
854 2873 878 2900 7.
919 2872 928 2887 ‘
946 2872 1032 2900 Exod.
1062 2879 1127 2904 xxx,
1159 2871 1204 2899 lo.
1241 2871 1251 2887 '
1268 2869 1354 2898 Levit.
1367 2876 1424 2906 ut,
1438 2869 1465 2897 2.
1505 2870 1514 2886 ‘
1530 2869 1598 2898 Gen.
1618 2877 1648 2903 tt,
1665 2868 1694 2898 8.
