1873 3076
182 159 235 191 795

802 155 990 188 ΕΗΤΗΥΜΗ
1013 155 1098 186 ΖῐίῖᾹ
1107 154 1192 185 BEN!

1768 151 1818 184 7'6

187 230 246 257 Non
261 229 335 258 enim
357 230 445 257 solum
467 228 541 264 quod
567 228 648 256 veluti
675 227 756 255 simul
780 234 842 254 cum
861 227 926 253 Chri

1074 228 1097 262 :ﬁ
1114 225 1290 261 ἀναστασίμῳ
1309 225 1399 261 ἡμέρᾳ
1413 224 1463 260 τῆς
1483 223 1629 259 δεδομένης
1645 225 1714 259 ἡμῖν
1740 224 1813 258 1&9»:-

187 276 355 308 resuscitati,
371 284 431 311 quae
453 283 562 302 sursum
584 278 649 302 sunt
671 281 793 308 quaerere
815 273 971 305 debeamus,

188 323 215 349 in
247 322 292 349 die
321 321 531 348 resurrectionis
557 320 627 347 data).
654 320 733 347 nobis
759 319 852 354 gratiae
874 319 973 346 stando

189 373 334 404 precantes
350 368 533 402 nosmetipsos
553 366 823 398 commonefacimus,
840 365 887 393 sed
900 365 972 400 quod

189 415 214 440 is
228 414 287 440 dies
302 414 428 440 videatur
441 413 531 448 aliquo
547 412 627 439 modo
639 412 728 447 imago
744 411 851 439 venturi
867 411 971 438 saeculi.

189 455 282 496 quue
299 468 359 487 cum
385 460 420 487 sit
442 459 605 494 principium
628 458 744 491 dierum,
767 466 821 485 non
837 458 943 492 primus
958 464 973 483 a

190 507 292 542 Moyse,
305 507 351 533 sed
367 514 437 533 unus
450 506 602 540 appellatus
613 509 666 532 est.
682 503 768 530 Facta
782 508 821 531 est
837 503 917 535 enim,
931 503 973 529 in-

189 553 259 587 quit,
286 559 399 586 vespera,
417 556 441 578 et
461 551 561 585 factum
578 556 616 577 est
637 558 729 581 mane,
756 549 812 576 dies
838 557 906 576 unus
933 553 940 567 ³
963 556 969 574 ;

189 604 318 634 tanquam
341 597 387 632 qui
409 605 479 632 saepe
501 601 633 624 recurrat.
648 596 733 630 lgitur
752 603 823 622 unus
844 598 886 622 est
902 593 972 622 idem

189 649 217 671 et
243 648 374 674 octavus,
401 650 484 669 unum
511 642 586 669 illum
623 642 788 676 singularem
815 647 847 668 ac
877 647 971 667 verum

190 694 327 720 octavum.
343 689 423 723 cujus
437 692 464 715 et
477 688 621 715 Psalmista
636 688 663 714 in
679 686 842 721 quibusdam
855 685 975 713 Psalmo-

190 744 250 763 rum
269 734 494 770 inscriptionibus
517 734 640 761 meminit
656 736 678 765 ³,
696 740 744 768 per
760 740 789 760 se
804 732 973 767 significans,

191 787 291 810 statum
329 781 453 808 videlicet
479 780 532 806 hoc
560 785 667 813 tempus
699 782 873 809 secuturum,
904 777 975 804 diem

191 836 246 855 non
260 827 422 858 desiturum,
441 833 560 860 vespera:
584 825 718 856 nescium,
741 823 910 850 successoris
929 830 976 850 ex-

191 879 307 910 pertem.
323 881 408 900 arvum
438 871 504 898 illud
524 878 663 905 nunquam
689 869 836 896 ﬁniendum
854 876 904 896 nec
926 877 976 895 un-

191 927 274 955 quam
295 926 449 947 senesccns.
471 916 632 944 Necessario
647 916 731 950 igitur
751 916 777 942 in
801 915 852 942 hoc
872 915 915 942 die
931 914 977 942 Ec-

191 967 276 994 clesia
297 973 361 993 suos
382 965 507 991 alumnos
533 963 632 994 docet,
659 969 755 996 preces
785 969 850 988 suas
879 960 976 987 stando

192 1012 354 1041 absolvere,
377 1014 406 1037 ut
434 1009 544 1036 assidua
569 1007 784 1035 eommonitione
809 1007 871 1034 vita:
902 1006 977 1033 illius

193 1061 334 1089 nunquam
351 1053 489 1084 desiturae,
508 1059 563 1079 non
579 1051 748 1086 negligamus
765 1051 798 1078 ad
813 1059 873 1078 eam
894 1051 978 1078 demi-

193 1101 342 1136 grationem
369 1106 468 1134 parare
485 1098 626 1126 viaticum.
653 1097 724 1130 Quin
749 1101 777 1124 et
800 1101 887 1124 totum
910 1096 977 1123 illud

193 1145 392 1181 quinquaginta
418 1144 523 1171 dierum
544 1147 652 1178 tempus
665 1143 815 1170 admonitio
829 1147 871 1170 est
886 1150 974 1170 resur-

194 1192 343 1224 rectionis,
369 1198 450 1226 quam
483 1190 511 1217 in
537 1190 622 1217 altero
643 1189 742 1216 smculo
775 1193 976 1224 exspectamus.

194 1237 261 1265 Nam
279 1246 350 1265 unus
364 1238 410 1264 ille
425 1242 452 1264 et
464 1236 570 1271 primus
583 1235 641 1262 dies
655 1235 756 1269 septies
771 1234 977 1269 multiplicatus,

195 1287 298 1318 septem
321 1290 406 1310 sacra:
433 1281 609 1308 Pentecostes
639 1279 825 1307 hebdomadas
850 1279 976 1307 absolvit.

194 1330 217 1357 A
240 1330 326 1364 primo
344 1328 415 1355 enim
438 1327 580 1362 incipiens,
599 1325 627 1352 in
652 1325 775 1352 eumdem
797 1324 907 1355 desinit,
929 1331 976 1359 per

196 1375 309 1406 similes,
325 1374 369 1408 qui
396 1373 422 1399 in
447 1372 536 1399 medio
559 1371 741 1400 intercedunt.
765 1370 823 1397 dies
847 1369 978 1404 quinqua-

195 1422 252 1456 gies
274 1420 408 1448 evolutus.
447 1417 523 1444 Unde
546 1420 572 1444 et
598 1416 778 1442 aeternitatem
801 1415 980 1442 similitudine

197 1467 291 1498 refert,
309 1466 374 1492 dum
389 1464 463 1491 velut
485 1464 512 1490 in
530 1467 603 1488 motu
620 1461 759 1493 circulari,
775 1461 809 1487 ab
822 1461 919 1488 iisdem
935 1469 981 1488 or-

197 1521 245 1540 sus
261 1511 346 1547 signis
371 1511 399 1536 in
416 1509 510 1536 eadem
525 1507 636 1534 desinit.
655 1506 716 1539 Quo
737 1507 764 1533 in
785 1506 840 1539 die,
856 1507 981 1542 corporis

1022 280 1066 304 τος
1087 272 1131 298 διὰ
1151 272 1200 306 τῆς
1221 271 1290 296 κατὰ
1308 270 1356 305 τὴν
1376 270 1528 305 προσευχὴν
1549 269 1673 300 στάσεως
1697 270 1814 299 ἑαυτοὺς

1022 317 1282 352 ὑπομιμνήσκομεν·
1301 316 1358 342 ἀλλ’
1374 316 1415 341 ὅτι
1439 315 1512 341 δοκεῖ
1534 324 1593 346 πως
1618 315 1668 340 τοῦ
1696 314 1814 349 προσδο-

1022 363 1144 397 κωμένου
1159 362 1255 394 αἰῶνος
1268 359 1336 387 εἶναι
1349 360 1440 388 εἰκών.
1458 361 1502 386 Διὸ
1516 360 1562 387 καὶ
1574 360 1646 395 ἀρχὴ
1660 358 1733 386 οὖσα
1750 361 1816 393 ἡμε-

1024 409 1088 445 ρῶν,
1104 408 1164 443 οὐχὶ
1181 409 1275 444 πρώτη
1295 407 1370 442 παρὰ
1384 406 1533 437 Μωῦσέως,
1552 406 1619 432 ἀλλὰ
1633 405 1685 440 μία
1702 405 1815 439 ὠνόμα-

1024 463 1094 481 σται.
1126 453 1256 488 Ἐγένετο
1277 453 1348 487 γὰρ,
1367 451 1460 486 φησὶν,
1476 451 1599 485 ἑσπέρα,
1616 450 1668 477 καὶ
1691 449 1815 484 ἐγένετο

1024 500 1098 534 πρωῒ
1108 519 1116 532 ,
1140 499 1233 534 ἡμέρα
1246 498 1300 533 μία
1311 507 1318 513 ·
1335 498 1373 530 ὡς
1389 497 1438 532 τῆς
1460 497 1542 531 αὐτῆς
1567 497 1814 531 ἀνακυκλουμέν-ῃς

1024 544 1162 576 πολλάκις.
1180 544 1235 570 Καὶ
1255 543 1303 578 μία
1327 543 1416 569 τοίνυν
1437 543 1454 577 ἡ
1475 541 1544 576 αὑτὴ
1555 561 1562 573 ,
1577 542 1625 568 καὶ
1643 541 1731 575 ὀγδόη
1744 561 1751 571 ,

1025 591 1090 626 μίαν
1110 590 1193 622 ὅντως
1216 589 1324 624 ἐκείνην
1338 589 1383 615 καὶ
1405 588 1533 623 ἀληθινὴν
1549 588 1657 622 ὀγδόην,
1673 585 1709 621 ἧς
1733 587 1783 613 καὶ
1802 588 1815 612 ὀ

1025 636 1173 672 Ψαλμῳδδς
1189 636 1217 662 ἓν
1236 644 1306 662 τισιν
1318 635 1483 670 ἐπιγραφαῖς
1493 634 1546 661 τῶν
1556 634 1672 668 ψαλμῶν
1693 634 1815 667 ἐπεμνη-

1026 683 1088 716 σθη,
1101 683 1133 708 δι’
1155 682 1254 717 ἑαυτῆς
1275 681 1479 717 ἐμφανίζουσα,
1493 680 1541 715 τὴν
1563 679 1633 714 μετὰ
1652 679 1701 705 τὸν
1720 679 1813 714 χρόνον

1024 730 1117 756 τοῦτον
1138 727 1314 760 κατάστασιν,
1332 728 1381 763 τὴν
1404 727 1547 754 ἄπαυστον
1561 725 1683 761 ἡμέραν,
1698 725 1750 760 τὴν
1770 726 1814 751 άν-

1025 776 1157 810 έσπερον,
1185 774 1233 809 τὴν
1258 773 1415 808 ἁδιάδοχον,
1439 772 1484 799 τὸν
1504 772 1620 807 ἄληκτον
1641 772 1753 797 ἐκεῖνον
1769 770 1815 795 καὶ

1025 820 1121 854 ἀγήρω
1131 819 1224 845 αἰῶνα.
1245 818 1413 852 Ἀναγκαίως
1423 815 1468 843 οὖν
1478 816 1526 848 τὰς
1535 817 1563 842 ὲν
1575 817 1641 850 αὐτῇ
1656 816 1816 850 πφπυχὰς

1026 864 1145 895 ἑστῶτας
1165 863 1338 898 ἀποπληροῦν
1350 863 1413 893 τοὺς
1430 862 1528 896 ἑαυτῆς
1541 861 1696 895 τροφίμους
1712 861 1731 894 ἡ
1758 860 1816 885 Ἐκ-

1025 909 1124 945 κλησία
1136 908 1268 940 παιδεύει,
1284 908 1327 934 ἵνα
1343 908 1375 942 τῇ
1397 907 1501 941 συνεχεῖ
1517 906 1671 941 ὑπομνήσει
1687 906 1740 940 τῆς
1757 906 1817 931 ἁτε-

1025 956 1154 990 λευτήτου
1176 953 1250 988 ζωῆς
1273 953 1325 979 τῶν
1351 951 1420 987 πρὸς
1441 951 1490 987 τὴν
1514 951 1683 986 μετάστασιν
1706 950 1817 983 ἐκείνην

1026 1001 1137 1036 ἐφοδίων
1162 1000 1199 1035 μὴ
1222 998 1378 1034 ἁμλῶμεν.
1395 997 1450 1024 Καὶ
1471 997 1544 1023 πᾶσα
1559 995 1587 1022 δὲ
1605 996 1622 1031 ἡ
1639 996 1818 1030 πεντηκοπὴ

1025 1046 1076 1081 τῆς
1097 1046 1125 1072 ὲν
1146 1045 1184 1080 τῷ
1203 1044 1281 1072 αίῶνι
1383 1041 1611 1077 προσδοκωμένης
1637 1040 1819 1071 avsa-155560;

1027 1092 1100 1118 ἐστιν
1126 1091 1284 1126 ὑπόμνημα.
1310 1089 1342 1116 Ἦ
1369 1088 1423 1124 γὰρ
1453 1087 1502 1122 μία
1523 1087 1614 1122 ἐκείνη
1640 1087 1692 1113 καὶ
1720 1086 1819 1121 πρώτη

1026 1137 1134 1173 ἡμέρα,
1156 1136 1269 1167 ἑπτάκις
1289 1133 1573 1165 ἐπταπλασιασθεῖσα,
1596 1132 1646 1164 τὰς
1673 1132 1749 1158 ἑπτὰ
1773 1133 1821 1168 τῆς

1029 1185 1103 1220 ἱερᾶς
1120 1183 1305 1219 πεντηκοστῆς
1320 1181 1468 1217 ἑϐδομάδας
1482 1180 1617 1207 ἀποτελεῖ.
1639 1179 1691 1206 Ἐκ
1706 1178 1821 1214 πρώτης

1028 1230 1082 1265 γὰρ
1097 1229 1246 1265 ἀρχομένη,
1263 1229 1303 1259 είς
1319 1227 1368 1262 τὴν
1383 1226 1467 1261 αὐτὴν
1483 1225 1645 1260 καταλήγει,
1665 1225 1702 1252 δι’
1718 1225 1822 1260 ὁμοίων

1027 1275 1082 1302 τῶν
1103 1276 1131 1301 ὲν
1154 1274 1193 1310 τῷ
1217 1273 1291 1309 μέσῳ
1307 1271 1495 1306 ὲξελιττομένη
1520 1270 1753 1306 πεντηκοντάκις.
1778 1266 1822 1295 Διὸ

1029 1324 1076 1349 καὶ
1090 1322 1175 1349 αἰῶνα
1263 1321 1385 1356 μιμεῖται
1399 1320 1432 1353 τῇ
1446 1317 1595 1353 ὁμοιότητι,
1614 1317 1714 1352 ὥσπερ
1731 1318 1763 1343 ἐν
1778 1326 1823 1343 ι’)-

1029 1373 1110 1408 κλικῇ
1132 1371 1236 1406 κινήσει
1260 1369 1314 1396 ἀπὺ
1335 1368 1390 1394 τῶν
1409 1368 1497 1394 αὐτῶν
1520 1365 1660 1402 ἀρχομένη
1687 1365 1822 1401 σημείων,

1029 1419 1077 1447 καὶ
1091 1420 1130 1450 εὶς
1145 1418 1178 1444 τὰ
1191 1416 1261 1444 αὐτὰ
1275 1415 1475 1450 καταλήγουσα.
1497 1414 1541 1440 Ἐν
1578 1413 1608 1439 τὺ
1621 1412 1718 1447 spem
1732 1413 1824 1447 σχῆμα

1029 1466 1079 1500 τῆς
1096 1462 1250 1499 προσευχῆς
1272 1461 1406 1496 προτιμᾷν
1420 1460 1444 1486 οἱ
1462 1458 1558 1493 θεσμοὶ
1575 1458 1626 1492 τῆς
1655 1457 1824 1491 Ἐκκλτγσὶας

1031 1511 1103 1545 ἡμᾶς
1124 1508 1333 1541 ὲξεπαίδευσαν,
1356 1507 1388 1532 ὲκ
1410 1505 1459 1540 τῆς
1479 1503 1610 1538 ἐναργοῦς
1637 1502 1824 1537 ὑπομνήσεως

197 1561 289 1585 erecto
313 1556 407 1583 habitu
429 1553 536 1590 precari
561 1553 653 1588 potius
678 1559 728 1579 nos
756 1551 885 1578 Ecclesia:
911 1552 933 1578 ri

1087 1557 1110 1582 εὶ
1131 1554 1327 1590 μετοικίζοντες
1339 1551 1417 1588 ἡμῶν
1435 1551 1480 1577 τὸν
1495 1549 1556 1576 νοῦν
1574 1548 1630 1576 ἀπὸ
1643 1548 1704 1574 τῶν
1724 1547 1823 1582 περόνη

198 1605 358 1633 docuerunt,
383 1601 511 1628 nimirum
537 1606 584 1634 per
610 1598 764 1626 evidentem
788 1599 981 1625 commonitio-

199 1657 260 1677 nem
273 1648 353 1683 quasi
365 1646 562 1674 transferentes
571 1649 687 1672 mentem
700 1648 823 1671 nostram
835 1651 849 1670 a
867 1652 983 1678 [mesen-

199 1696 273 1722 tibus
289 1694 320 1720 ad
342 1693 442 1720 futura.
452 1691 565 1726 Insuper
578 1695 604 1718 et
619 1691 725 1725 quoties
740 1697 826 1724 genua
838 1689 981 1722 flectimus,

199 1746 226 1767 et
252 1748 347 1767 rursus
368 1739 510 1774 erigimur,
533 1738 592 1772 ipso
614 1736 685 1763 factu
710 1735 890 1766 ostendimus,
910 1734 981 1769 quod

200 1786 236 1813 ob
249 1789 388 1820 peccatum
414 1784 440 1810 in
456 1786 558 1810 terram
577 1781 680 1816 delapsi
705 1788 810 1812 sumus,
822 1785 848 1807 et
864 1789 912 1815 per
931 1781 984 1807 hu-

203 1829 359 1856 manitatem
375 1827 434 1863 ejus
451 1827 496 1862 qui
518 1827 621 1853 creavit
640 1833 690 1853 nos
709 1826 736 1852 in
751 1825 850 1852 coelum
866 1825 984 1852 revocati

201 1881 309 1902 sumus.

307 1919 417 1946 Deﬁciet
439 1925 482 1944 me
502 1917 571 1950 dies,
592 1916 615 1944 si
639 1914 770 1942 Ecclesia:
795 1915 924 1948 mysteria
947 1915 986 1941 ei-

207 1971 249 1993 tra
276 1967 411 2001 scriptum
439 1964 538 1991 tradita
568 1970 678 1998 pergam
707 1969 861 1991 recensere.
888 1959 989 1986 Omitto

199 2015 296 2037 cetera
334 2019 341 2038 :
416 2010 502 2044 ipsam
523 2009 584 2036 fidei
608 2008 808 2043 professionem
829 2008 855 2032 in
880 2006 988 2032 Patrem

201 2059 229 2083 et
254 2054 352 2082 Filium
378 2058 405 2082 et
421 2053 553 2089 Spiritum
578 2059 713 2083 sanctum,
740 2060 755 2079 e
780 2052 880 2086 quibus
904 2051 987 2078 habe—

202 2108 264 2127 mus
290 2099 422 2134 scriptis?
456 2098 562 2125 Etenim
591 2098 613 2125 si
643 2097 773 2132 quoniam
800 2105 832 2124 ex
858 2097 987 2130 baptismi

201 2145 360 2176 traditione,
373 2145 450 2179 juxta
469 2145 579 2179 pietatis
593 2143 832 2174 consecutionem,
849 2146 877 2168 ut
900 2142 989 2176 bapti-

202 2198 307 2219 zamur.
322 2191 359 2217 ita
381 2195 408 2217 et
429 2191 540 2217 credere
562 2189 704 2220 debemus,
721 2189 836 2216 similem
853 2188 989 2222 baptismo

202 2236 400 2270 professionem
415 2236 576 2262 exhibemus
599 2242 606 2260 :
629 2235 780 2261 concedant
794 2234 876 2261 etiam
897 2233 987 2264 nobis,

202 2287 232 2308 ut
254 2281 331 2315 juxta
353 2281 475 2308 eamdem
502 2280 727 2315 consequentiam
762 2279 989 2314 glorificationem

202 2327 263 2353 lidci
279 2326 450 2353 consimilem
472 2327 669 2361 persolvamns.
686 2325 764 2358 Quod
781 2326 803 2352 si
819 2324 988 2359 glorificandi

201 2373 313 2399 modum
330 2372 410 2399 veluti
435 2373 539 2407 scripto
554 2380 607 2398 non
623 2372 752 2398 traditmn
769 2371 908 2406 rejiciunt,
925 2379 988 2406 pro-

202 2418 291 2444 ferant
315 2417 396 2444 nobis
427 2421 454 2444 et
480 2417 662 2451 professionis
689 2417 751 2443 fidei
777 2420 804 2444 et
829 2422 989 2445 cteterorum

201 2470 262 2497 quae
283 2462 557 2489 commemoravimus
581 2461 768 2495 probationem
791 2469 806 2488 e
829 2461 988 2497 Scripturis.

201 2507 302 2534 Adhaac
321 2515 386 2535 cum
410 2510 465 2533 tam
490 2506 576 2532 multa
597 2506 653 2532 sint
669 2514 730 2541 qua:
754 2507 857 2541 scripto
881 2508 989 2541 prodita

202 2562 257 2581 non
281 2557 355 2587 sunt,
370 2557 398 2581 et
421 2557 526 2580 tantum
551 2552 651 2579 habent
673 2553 802 2580 momenti
825 2552 858 2580 ad
881 2554 990 2588 pietatis

203 2600 365 2635 mysterium
383 2618 390 2631 ,
417 2599 527 2626 unicam
554 2598 750 2625 dictiunculam
779 2607 840 2634 quae
864 2607 879 2626 a
903 2599 990 2635 majo-

202 2645 279 2672 ribus
294 2644 327 2671 ad
341 2651 392 2671 nos
407 2643 526 2675 devenit,
544 2650 597 2670 non
613 2644 775 2676 concedent,
792 2652 874 2679 quam
889 2653 940 2672 nos
954 2653 988 2673 ex

202 2691 359 2718 inaffectata
384 2689 584 2717 consuetudine
617 2690 645 2717 in
674 2689 820 2721 Ecclesiis,
845 2698 905 2725 quae
927 2698 989 2725 per—

201 2745 288 2765 versa
300 2741 329 2764 et
344 2740 481 2770 corruptae
503 2743 558 2763 non
573 2742 647 2768 sunt,
663 2741 867 2771 permanentem
883 2737 988 2764 inveni-

202 2788 276 2811 mus,
294 2780 367 2807 haud
390 2779 557 2807 mediocrem
572 2780 707 2807 rationem
722 2779 878 2812 habentem,
897 2788 988 2815 neque

202 2823 340 2852 mediocre
356 2825 543 2859 adjumcntum
559 2824 592 2851 ad
607 2824 727 2859 mysterii
743 2824 795 2851 vim
811 2825 989 2852 alfercntem?

249 2873 337 2900 ’Gcn.
359 2882 377 2907 ι,
394 2874 420 2901 5.
459 2875 468 2889 ¹
484 2873 556 2901 Psal.
574 2880 598 2899 vr
618 2876 644 2900 et
663 2880 710 2900 xu.

1031 1611 1084 1628 των
1099 1602 1146 1628 ἐπὶ
1156 1602 1190 1627 τὰ
1205 1600 1344 1636 μέλλοντα.
1367 1598 1421 1624 Καὶ
1437 1597 1498 1624 καθ’
1515 1595 1635 1636 ἑκάστην
1648 1595 1679 1621 δὲ
1696 1594 1824 1628 γονυχλι-

1034 1649 1092 1675 σίαν
1113 1647 1159 1674 καὶ
1181 1647 1353 1672 διανάστασιν
1369 1644 1440 1678 ἔργῳ
1465 1642 1622 1676 δείκνυμεν,
1638 1641 1683 1666 ὅτι
1710 1640 1757 1666 διὰ
1785 1639 1825 1664 Eri

1032 1695 1081 1729 τῆς
1096 1692 1231 1728 ἁμαρτίας
1247 1692 1286 1722 είς
1298 1690 1350 1724 γῆν
1363 1688 1564 1723 κατεῤῥύημεν,
1579 1687 1626 1712 καὶ
1637 1686 1683 1712 διὰ
1702 1686 1755 1720 τῆς
1771 1685 1827 1718 τιλ-

1033 1739 1190 1773 ανΟρωπίας
1206 1737 1253 1764 τοῦ
1272 1737 1414 1767 κτίσαντος
1428 1735 1501 1770 ἡμᾶς
1516 1734 1555 1764 εἰς
1569 1732 1690 1767 οὐρανὸν
1712 1732 1827 1765 ἀνεκλή-

1034 1785 1130 1818 Οημεν.

1141 1913 1288 1948 Ἐπιλείψει
1307 1920 1340 1946 με
1360 1911 1377 1946 ἡ
1403 1909 1503 1945 ἡμέρα,
1518 1908 1553 1934 τὰ
1573 1908 1690 1942 ἄγραφα.
1784 1908 1831 1941 τῆς

1040 1962 1200 1997 Ἑκκλησίας
1216 1961 1353 1997 μυστήρια
1367 1957 1553 1994 διηγούμενον.
1583 1955 1637 1982 Ἐὦ
1652 1956 1746 1982 τᾶλλα
1756 1965 1763 1970 ·
1789 1956 1828 1981 αὑ-

1033 2009 1081 2044 τὴν
1096 2009 1123 2035 δὲ
1146 2008 1195 2043 τὴν
1217 2006 1360 2043 ὁμολογίαν
1382 2005 1431 2039 τῆς
1446 2003 1565 2033 πίστεως
1659 2003 1703 2032 εἰς
1720 2002 1829 2035 Πατέρα

1033 2056 1080 2082 καὶ
1102 2054 1164 2080 Υἰὺν
1187 2054 1233 2080 καὶ
1254 2053 1330 2086 ἆγιον
1353 2049 1464 2084 Πνεῦμα
1485 2049 1516 2074 ὲκ
1539 2047 1622 2074 ποίων
1649 2048 1830 2081 γραμμάτων

1035 2100 1151 2135 ἕχομενς
1174 2099 1205 2124 Εἰ
1229 2098 1278 2132 μὲν
1293 2097 1347 2132 γὰρ
1368 2097 1400 2122 ἐκ
1419 2094 1469 2129 τῆς
1487 2092 1534 2119 τοῦ
1559 2092 1761 2127 βαπτίσματος
1785 2100 1830 2116 παι

1036 2145 1181 2180 ραδόσεως,
1198 2142 1269 2169 κατὰ
1285 2142 1315 2168 τὸ
1328 2141 1378 2176 τῆς
1395 2138 1534 2170 εὐσεὸείας
1549 2137 1714 2167 ἀκόλουθον,
1733 2138 1772 2168 ὡς
1789 2138 1830 2171 ρε-

1036 2189 1187 2224 πτιζόμεοα
1201 2188 1271 2214 οὕτω
1286 2187 1334 2213 καὶ
1348 2185 1486 2212 πιστεύειν
1501 2183 1666 2218 ὀφείλοντες,
1681 2183 1784 2208 οὐσίαν
1798 2181 1829 2214 τιξι

1037 2235 1204 2270 βαπτίσματι
1295 2232 1343 2267 τὴν
1358 2231 1500 2266 ὁμολογίαν
1523 2228 1748 2263 κατατιθέμεοα,
1770 2236 1829 2260 συγ-

1036 2281 1241 2316 χωρησάτωσαν
1265 2278 1310 2304 καὶ
1337 2278 1402 2313 ἡμῖν
1429 2277 1459 2302 ὲκ
1482 2275 1531 2310 τῆς
1555 2275 1640 2308 αὐτῆς
1664 2274 1830 2303 ἀκολουθίας

1036 2326 1131 2360 ὁμοίαν
1152 2326 1185 2360 τῇ
1211 2324 1301 2350 πίστει
1321 2322 1371 2358 τὴν
1392 2321 1470 2354 δόξαν
1487 2319 1657 2347 ἀποδιδόναι·
1680 2320 1709 2345 εἰ
1740 2319 1770 2345 δὲ
1792 2319 1830 2344 τὶι

1036 2370 1134 2406 τρόπον
1153 2370 1202 2404 τῆς
1226 2367 1380 2401 δοξολογιας
1405 2366 1442 2397 ὡς
1463 2364 1585 2400 ἄγραφον
1609 2363 1830 2398 παραιτοῦνται.

1036 2417 1154 2443 δότωσαν
1168 2415 1233 2450 ἡμῖν
1251 2413 1301 2448 τῆς
1315 2421 1345 2439 τε
1359 2410 1430 2438 κατὰ
1445 2411 1495 2446 τὴν
1510 2409 1600 2436 πίστιν
1614 2409 1772 2443 ὁμολογίας
1790 2409 1830 2435 1:".

1037 2461 1090 2488 τῶν
1115 2459 1226 2492 λοιπῶν,
1244 2456 1281 2485 ὧν
1301 2455 1570 2492 ἁπηριθμησάμεθα,
1597 2455 1765 2489 ἐγγράφους
1787 2455 1831 2481 τὰς

1038 2505 1197 2538 ἀποδείξεις.
1218 2501 1283 2530 Εἶτα
1298 2501 1433 2528 τοσούτων
1446 2500 1531 2526 ὄντων
1546 2499 1692 2535 ἁγρὰιξων,
1715 2500 1768 2525 x3).
1792 2507 1830 2524 το-

1039 2551 1139 2585 σαύτην
1152 2549 1268 2585 ὲχόντων
1286 2547 1334 2582 τὴν
1351 2546 1427 2580 ἰσχὺν
1444 2545 1484 2577 είς
1500 2544 1530 2571 τὺ
1544 2544 1594 2578 τῆς
1613 2543 1766 2575 εὐσεϐείας
1787 2552 1831 2577 μυ-

1038 2598 1157 2632 στήριον,
1174 2595 1237 2630 μίαν
1250 2593 1321 2625 λέξιν
1335 2594 1401 2628 ἡμῖν
1416 2592 1448 2618 ἐκ
1460 2590 1585 2624 πατέρων
1598 2589 1637 2620 εἰς
1651 2590 1732 2623 ἡμᾶς
1747 2588 1829 2615 £1355-

1039 2651 1088 2669 σαν
1111 2641 1140 2667 οὔ
1164 2639 1399 2675 συγχωρήσουσιν,
1424 2637 1458 2672 ἣν
1482 2636 1563 2670 ἡμεῖς
1586 2634 1618 2660 ἐχ
1633 2635 1683 2668 τῆς
1700 2634 1829 2665 ἀνεπιτη-

1038 2687 1131 2715 δεύτου
1149 2685 1291 2721 συνηθείας
1307 2683 1366 2714 ταῖς
1383 2681 1572 2716 ἀδιαστρόφοις
1588 2679 1644 2706 τῶν
1663 2678 1829 2713 Ἐκκλησιὲιν

1040 2733 1257 2768 ὲναπομείνασαν
1270 2730 1395 2765 εὕρομεν,
1407 2727 1438 2754 οὐ
1453 2726 1550 2762 μικρὸν
1559 2725 1605 2752 τὸν
1615 2725 1694 2759 λόγον
1706 2725 1827 2760 ἔχουσαν.

1039 2781 1100 2807 οὐδὲ
1127 2779 1253 2814 βραχεῖαν
1283 2774 1440 2802 συντέλειαν
1466 2773 1506 2804 εἰς
1531 2772 1583 2808 τὴν
1607 2771 1656 2799 τοῦ
1681 2769 1827 2806 μυστηρίου

1040 2826 1155 2860 δύναμιν
1171 2821 1368 2858 εἰσφερομένην
1385 2832 1391 2855 ;
