1873 3076
31 158 83 188 797

508 154 699 185 PANOPLIA
719 153 951 186 DOGMATICA.
968 167 1004 174 —
1018 156 1093 189 TIT.
1114 156 1184 189 ΧΗ.

1608 163 1662 196 798

68 201 189 248 Εἴρηται
197 211 244 247 μὲν
258 208 314 243 οὖν,
326 210 368 237 δτι
380 209 476 236 «ια-κόν
490 210 548 236 ἐστι
565 210 633 244 προς
649 209 770 236 διάνοιαν
780 210 803 235 εἰ

911 211 1016 239 Dictum
1044 217 1087 239 est
1114 213 1224 247 quidem
1238 213 1306 242 nihil
1332 214 1436 244 referre
1469 216 1502 244 ad
1529 224 1654 251 sensum,

33 261 103 292 πεῖν,
120 259 191 292 Δόξα
205 259 290 293 Πατρὶ
301 258 347 284 καὶ
361 257 419 292 Υίῷ
446 258 492 283 καὶ
506 257 576 291 ἁγίῳ
593 257 746 290 Πνεὺματι·
774 256 821 282 καὶ

33 306 99 338 Δόξα
117 305 205 339 Πατρὶ
215 304 261 330 καὶ
273 303 329 337 Υἱῷ
345 303 392 329 σὺν
402 303 439 336 τῷ
447 303 518 338 ἁγίῳ
529 303 678 337 Πνεύματι.
692 301 760 328 Οὔτε
774 302 821 328 οὖν

33 352 79 385 τὴν
95 351 143 378 καὶ
162 349 298 384 συλλαὸὴν
313 349 342 381 ἐξ
354 349 439 383 αὐτῆς
448 349 495 375 τοῦ
505 350 609 382 Κυρίου
620 349 711 383 φωνῆς
723 348 821 383 προελ-

36 398 135 423 ίιοῦσαν
149 396 284 430 ἀθετῆσαι
298 404 352 421 ’τινι
374 395 564 429 ἧδιαγραφειν
584 393 641 420 οἷόν
656 403 696 427 τε,
711 396 757 422 καὶ
771 395 821 430 τὴν

36 441 248 476 ίςοδυναμοῢσαν
285 442 354 475 αὐτῇ
383 441 460 467 οὐδὲν
477 441 508 466 τὸ
532 440 637 467 κωλύον
653 442 820 477 καταδεχθῆ-

35 495 89 514 ναι·
118 487 152 522 ἢν
181 488 254 518 ὅπως
277 486 334 521 ἔχει
363 486 429 519 πρὸς
449 486 557 520 ἐκείνην
584 487 716 521 διαφορᾶς
732 497 761 514 τε
773 489 818 515 καὶ

34 533 204 568 ὁμοιότητος,
227 533 265 566 ἐν)
276 533 333 563 τοῖς
349 532 464 557 κατόπιν
487 531 640 566 ἐδείξαμεν.
666 532 776 560 Β;6αιοῖ
790 533 818 560 δὲ

34 581 98 614 ἡμῖν
121 579 168 605 τὸν
181 579 260 612 λόγον
273 579 320 604 καὶ
342 579 356 604 ό
365 578 525 609 ’Λπόστολος
538 578 692 612 ἀδιαφόρως
702 580 822 615 ἑκατέρᾳ

35 628 65 661 τῇ
76 626 152 660 φωνῇ
163 624 345 660 κεχρημένος,
358 624 404 650 νῦν
415 623 465 658 μὲν
473 623 570 657 λέγων,
581 623 634 651 Ἐν
646 624 685 657 τῷ
697 624 819 660 ὀνόματι

36 673 85 699 τοῦ
98 672 208 705 Κυρίου
229 670 327 704 Ἰησοῦ
347 670 488 703 Χριστοῦ,
513 670 561 696 καὶ
573 669 609 696 ἐν
619 670 659 703 τῷ
672 671 822 705 Πνεύματι

37 717 86 745 τοῦ
99 716 173 744 Θεοῦ
184 715 279 750 ἡμῶν·
296 715 375 742 πάλιν
392 715 431 747 δὲ,
450 715 666 749 Συναχθέντων
678 716 762 750 ὑμῶν
772 717 821 743 καὶ

35 763 84 789 τοῦ
95 762 167 796 ἐμοῦ
183 762 357 796 Πνεύματος
367 761 428 788 σὺν
442 761 616 796 τῇβυνάμει
632 762 685 789 τοῦ
711 763 821 797 Κυρίου

41 808 149 841 Ἰησοῦ·
173 808 252 834 οὐδὲν
281 807 422 843 διαφέρειν
441 807 604 842 ἡγούμενος,
623 809 661 842 τῷ
678 810 820 844 συνδέσμῳ

37 855 51 889 ἦ
67 856 98 889 τῇ
117 854 266 889 προσθέσει
282 855 351 889 πρὸς
368 854 417 889 τὴν
437 854 490 881 τῶν
504 853 645 889 ὀνομάτων
659 856 820 891 συμπλοκὴν

36 899 257 934 ἁποφρήσασθαι,

39 945 87 972 Τοῦ
103 946 209 982 αὐτοῦ.
226 946 288 972 ’Ὁτι
300 945 319 973 ἁ
338 945 404 980 ,περὶ
422 945 482 972 τῶν·
507 946 670 981 ἀνθρώπων
694 947 773 982 λέγει
797 950 816 982 ἠ

69 981 171 1015 Γραρὴ
200 981 240 1013 ὡς
264 982 554 1014 συμϐασιλευόντων
577 982 704 1015 Χριστῷ,
724 981 818 1010 ταῦτα

74 1017 135 1049 περὶ
148 1016 202 1042 τοῦ
212 1015 384 1050 Ηνεύματος
392 1017 428 1051 οὺ
450 1018 664 1051 συγχωροῦσιν
684 1019 710 1044 οι
736 1019 816 1044 ἀντι-

69 1052 218 1084 ⁹ιιὲγοντες.
236 1051 349 1084 Κεφάλ.
363 1049 417 1077 xd’.

70 1097 181 1132 Ἴδωμεν
202 1097 232 1122 δὲ
249 1097 296 1123 καὶ
327 1097 354 1122 εἴ
369 1105 428 1124 τινα
450 1097 601 1133 ἀπολογίαν
626 1099 682 1130 τοῖς
705 1099 814 1135 πατρά-

36 1141 161 1175 σινήμῶν
174 1141 225 1176 τῆς
242 1143 365 1178 χρήσεως
377 1143 478 1179 ταύτης
503 1145 691 1181 ὲπινοήσομεν.
709 1147 740 1174 οι
761 1147 815 1184 γὰρ

34 1184 79 1219 τὴν
94 1185 179 1221 ἀρχὴν
192 1188 378 1222 παρασχόντες
395 1188 432 1222 τῷ
451 1189 522 1224 λόγῳ
538 1190 635 1224 μᾶλλον
656 1193 671 1227 ἡ
677 1192 734 1226 μῶν
748 1193 814 1219 ὑπό-

36 1239 132 1257 κεινται
147 1233 204 1263 τοῖς
222 1232 384 1268 ἐγκλήμασι.
404 1234 509 1266 Παῦλος
525 1236 615 1262 τοίνυν
630 1237 813 1265 Κολοσσαεῦσι

35 1277 149 1312 γράσων·
161 1279 217 1305 Καὶ
232 1278 322 1313 ὑμᾶς,
344 1279 422 1314 φησὶ,
442 1281 565 1314 νεκροὺς
580 1282 668 1315 ὄντας
682 1284 744 1316 τοῖς
759 1293 814 1310 πα-

31 1322 259 1357 ⁴(ιιιπτώμιισικαὶ
274 1324 310 1358 τῇ
323 1325 514 1359 ἀκροϐυστίᾳ,
527 1326 763 1362 συνεζωοποίησε
774 1329 813 1362 τῷ

34 1369 153 1402 Χριστῷ.
239 1369 312 1406 Ἀρα
331 1369 379 1398 οὖν
393 1371 450 1406 λαῷ
466 1372 514 1407 μὲν
536 1373 588 1408 ὅλῳ
601 1375 647 1400 καὶ
668 1375 814 1411 Ἐκκλησία

35 1415 172 1449 ἐχαρίσατο
186 1416 201 1442 ὁ
214 1415 280 1448 Θεὸς
296 1417 345 1452 τὴν
365 1418 413 1444 σὺν
430 1418 540 1454 Χριστῷ
553 1419 633 1455 ζωὴν,
651 1420 688 1455 τῷ
703 1421 730 1447 δὲ
744 1421 813 1457 ἁγίῳ

35 1460 163 1496 Πνεὺματι
190 1463 252 1497 οὐχὶ
276 1463 323 1489 σὺν
351 1463 500 1500 Χριστῷτὴ
527 1465 600 1501 Coiﬁ;
626 1467 656 1492 Et
683 1467 710 1493 δὲ
734 1467 812 1495 τοῦτο

33 1505 74 1531 καὶ
162 1506 269 1542 διανοίᾳ
292 1507 383 1533 Ααὸεῖν
399 1508 505 1540 ἀσεϐὲς,
525 1509 583 1540 πῶς
599 1509 647 1544 οὺχ
667 1509 749 1542 ὅσιον,
774 1510 812 1542 ὡς

33 1550 83 1585 ἔχει
102 1551 218 1586 φύσεως,
239 1552 311 1579 οὕτω
333 1553 380 1579 καὶ
397 1554 446 1589 τὴν
465 1554 608 1589 ὁμολογίαν
632 1556 811 1590 συνημμένως

33 1596 194 1630 ἀποδιδόναι;
222 1597 288 1624 Εἶτα
299 1618 305 1630 ,
322 1598 380 1629 πῶς
397 1599 427 1624 οὐ
447 1599 497 1634 τῆς
512 1600 628 1634 ἐσχάτης
646 1600 811 1635 ἀναλγησίας

32 1643 88 1673 τοὺς
109 1644 156 1678 μὲν
168 1644 264 1677 ἁγίους
284 1644 423 1679 ὁμολογεῖν
444 1644 491 1671 σὺν
507 1645 617 1680 Χριστῷ
629 1643 698 1672 εἶναι
712 1646 809 1683 (εἴπερ

31 1686 58 1722 δὴ
72 1689 169 1720 Παῦλος
185 1690 340 1725 ἐκδημήσας
354 1691 407 1716 ἀπὸ
421 1690 468 1716 τοῦ
490 1691 615 1726 σώματος
701 1692 810 1727 ὲνδημεῖ

32 1734 92 1767 πρὸς
99 1735 142 1760 τὸν
152 1735 265 1770 Κύριον,
277 1737 322 1763 καὶ
331 1737 466 1768 ἀναλύσας
476 1737 523 1763 σὺν
534 1737 643 1772 Χριστῷ
653 1738 726 1764 ἐστιν
735 1739 808 1774 ἤδη),

31 1777 65 1812 τῷ
79 1779 105 1805 δὲ
119 1779 256 1815 Πνεύματι
273 1780 384 1812 τούτους
400 1782 465 1817 μηδὲ
482 1783 538 1812 τοῖς
553 1782 705 1817 ἀνθρώποις
719 1783 808 1816 ἐξίσου

33 1825 93 1856 μετὰ
113 1824 230 1860 Χριστοῦ
248 1824 326 1858 εἶναι,
353 1827 414 1860 τόγε
433 1828 472 1857 είς
491 1828 589 1859 αὐτοὺς
607 1826 684 1864 ἦχον,
701 1829 806 1863 μεταᾶι-

30 1866 110 1901 eam;
125 1871 179 1897 Καὶ
195 1871 299 1903 Παῦλος
321 1872 387 1898 Θεοῦ
407 1873 454 1907 μὲν
475 1873 601 1908 συνεργὸν
618 1874 710 1900 ἑαυτὸν
731 1876 759 1900 ὲν
774 1876 807 1910 τῇ

30 1914 157 1951 οἰκονομίᾳ
175 1916 221 1942 τοῦ
244 1917 408 1951 Εὑαγγελίοι)
431 1918 521 1944 καλεῖ·
543 1919 573 1944 τὸ
595 1919 623 1945 δὲ
648 1919 759 1955 Πνεῦμα
778 1921 807 1946 τὸ

31 1958 107 1991 ἅγιον,
121 1961 152 1986 δι’
169 1958 199 1987 οὗ
216 1962 244 1987 ὲν
262 1962 336 1998 πάσῃ
347 1963 433 1989 κτίσει
446 1965 478 1998 τῇ
489 1964 540 1990 ὑπὸ
551 1964 595 1990 τὸν
610 1965 724 2000 οὖρανδν
741 1974 807 2002 καρ-

31 2007 177 2039 πγρορεῐται
197 2007 228 2032 τὸ
251 2007 429 2041 Εὑαγγέλιον,
455 2008 502 2034 ἐὰν
525 2010 654 2044 συνεργὸν
675 2010 805 2046 εἴπωμεν,

31 2049 159 2078 κάνταῦθα
246 2053 371 2084 ἀσεϐείας
385 2053 493 2088 γραφὴν
512 2054 572 2080 καθ’
595 2055 672 2090 ἡμῶν
691 2056 806 2091 ἀπενέγ-

30 2103 128 2129 irazvto;
150 2098 205 2125 Καὶ
222 2098 258 2130 ὡς
284 2099 380 2131 ἔοικεν,
405 2101 420 2135 ἡ
446 2101 493 2135 μὲν
508 2100 563 2136 ζωὴ
578 2102 631 2127 τῶν
654 2101 805 2136 ἡλπικὸτων

30 2139 70 2165 ἐπὶ
82 2142 177 2177 Κύριον
188 2143 340 2179 κέκρυπται
355 2146 402 2172 σὺν
414 2145 451 2181 τῷ
465 2146 573 2181 Χριστῷ
585 2148 612 2172 ἐν
621 2147 658 2181 τῷ
668 2147 739 2182 Θεῷ·
758 2148 804 2175 καὶ

29 2185 83 2210 ίταν
106 2187 119 2213 ὁ
138 2189 254 2223 Χριστὸς
274 2191 416 2226 φανερωθῇ
429 2192 466 2226 ,ὴ
493 2191 548 2227 ζωὴ
573 2193 660 2228 ἡμῶν,
678 2193 738 2219 τότε
757 2194 804 2220 καὶ

29 2229 95 2256 αὐτοὶ
111 2233 156 2259 σὺν
170 2234 245 2268 αὐτῴ
257 2235 492 2270 φανερωθήσονται
508 2237 536 2262 ὲν
551 2237 614 2272 δόξῃ
626 2245 633 2252 ·
647 2237 712 2263 αὐτὸ
731 2237 758 2264 δὲ
773 2238 804 2265 τὸ

29 2274 129 2311 Πνεῦμα
139 2277 188 2312 τῆς
206 2278 288 2313 ζωῆς,
302 2280 331 2305 τὸ
348 2280 532 2316 ὲλευθερῶσαν
546 2282 618 2316 ἡμᾶς
634 2282 686 2308 ἀπὸ
698 2282 745 2309 τοῦ
760 2283 803 2310 νό-

27 2328 72 2352 μου
85 2322 132 2356 τῆς
152 2324 300 2359 ἁμαρτίας,
320 2325 445 2360 οὐδαμῶς
465 2327 523 2352 ἐστι
541 2327 589 2353 σὺν
605 2326 724 2362 Χριστῷ,
741 2326 802 2354 οὔτε

29 2371 54 2398 ὲν
66 2372 230 2410 λανθανούσῃ
244 2375 292 2401 καὶ
304 2374 482 2411 κεκρυμμένῃ
503 2375 551 2402 σὺν
571 2375 645 2410 αὐτῷ
663 2373 730 2410 ζωῇ,
747 2373 809 2400 οὕτε

29 2418 53 2443 ἐν
66 2419 97 2454 τῇ
111 2419 263 2455 φανερώσει
276 2421 326 2455 τῆς
344 2420 433 2455 δόξης,
449 2421 482 2456 ἢν
496 2421 577 2455 ἡμεῖς
592 2420 638 2446 ἐπὶ
647 2421 703 2451 τοῖς
721 2419 809 2453 ἁγίοις

30 2461 223 2499 ἐκφανήσεσθαι
250 2464 458 2500 προσδοκῶμεν;
478 2463 648 2501 κληρονόμοι
666 2464 744 2497 Θεοῦ,
761 2465 809 2491 καὶ

31 2508 234 2545 συγκληρονόμοι
253 2510 369 2546 Χριστοῦ
392 2511 489 2546 ἡμεῖς·
507 2510 538 2537 τὸ
559 2511 588 2537 δὲ
607 2509 717 2545 Πνεῦμα
734 2510 809 2537 ἁπό-

31 2551 121 2588 κληρον
138 2556 184 2581 καὶ
199 2556 313 2591 ἄμοιρον
333 2556 382 2591 τῆς
396 2556 538 2588 κοινωνίας
557 2556 603 2583 τοῦ
618 2556 685 2583 Θεοῦ
699 2556 746 2583 καὶ
760 2556 806 2582 τοῦ

30 2596 136 2632 Χριστοῦ
152 2601 247 2633 αὐτοῦ;
262 2601 317 2628 Καὶ
341 2602 406 2628 αὐτὸ
433 2602 483 2637 μὲν
497 2602 527 2628 τὺ
544 2602 656 2638 Πνεῦμα
681 2611 808 2638 συμμαρ-

30 2646 99 2678 τυρεῖ
114 2646 151 2680 τῷ
171 2647 306 2682 πνεύματι
329 2647 418 2683 ἡμῶν,
445 2648 486 2674 ὅτι
514 2648 597 2683 ἐσμὲν
617 2648 699 2674 τέκνα
722 2647 805 2674 Θεοῦ’

30 2688 102 2722 ἡμεῖς
117 2690 144 2717 δὲ
158 2691 195 2726 τῷ
209 2692 350 2728 Πνεύματι
364 2692 423 2719 οὐδὲ
442 2693 476 2728 ἧν
491 2692 566 2728 παρὰ
581 2692 628 2719 τοῦ
642 2693 744 2728 Κυρίου
759 2701 807 2728 με·

60 2826 143 2863 ιουτ.
163 2839 199 2863 v1,
222 2832 262 2859 ll.

30 2860 40 2876 ο
57 2861 130 2891 nom.
146 2860 201 2900 vm’,
220 2868 262 2895 t7.
302 2868 311 2883 ⁷
330 2869 398 2896 Ibid.
419 2860 461 2896 toi

875 259 932 286 sive
941 259 1026 291 dicas,
1045 258 1136 285 Gloria
1151 259 1223 286 Patri
1235 264 1262 287 et
1278 259 1347 288 Filio
1361 267 1387 289 et
1405 262 1521 296 Spiritui
1549 270 1657 298 sancto,

873 305 931 332 sive
944 305 1030 338 dicas,
1051 305 1143 332 Gloria
1160 306 1232 333 Patri
1250 311 1277 333 et
1294 307 1364 335 Filio
1385 315 1448 335 cum
1473 314 1569 337 sancto
1595 311 1658 346 Spi-

873 352 939 379 ritu.
965 350 1024 378 Non
1043 352 1126 386 igitur
1136 351 1179 379 ius
1204 356 1246 379 est
1259 352 1389 387 cuiquam
1413 354 1542 389 syllabam
1562 361 1597 388 et,
1625 364 1658 383 ex

873 405 920 425 ore
945 398 1052 425 Domini
1080 398 1241 432 proiectam,
1268 400 1382 434 rejicere
1406 404 1454 427 aut
1481 408 1658 437 expungere:

873 451 924 471 nec
937 444 1085 479 quidquam
1099 448 1171 471 vetat
1184 444 1298 471 alteram
1317 452 1379 479 qua:
1391 445 1462 473 idetu
1479 447 1572 481 pollet,
1590 449 1660 476 reci-

873 498 955 525 pere;
983 497 1044 524 quae
1069 491 1207 525 quomodo
1221 498 1282 518 cum
1309 491 1354 518 illa
1379 493 1420 519 vel
1447 494 1594 521 conveniat
1617 495 1658 522 vel

873 538 1017 572 discrepet,
1048 537 1175 572 superius
1217 537 1476 567 demonstravimus.
1505 539 1657 568 Confirmat

873 587 963 610 autem
996 583 1158 609 sententiam
1197 582 1276 609 nobis
1302 585 1330 609 et
1361 581 1519 617 Apostolus,
1546 582 1658 611 indiffe-

874 632 965 654 renter
978 632 1094 660 utraque
1115 634 1182 654 voce
1199 631 1277 654 utens
1300 626 1435 654 interdum
1463 627 1500 654 ita
1524 628 1659 662 loquens:

873 670 906 698 In
919 673 1022 699 nomine
1038 671 1144 698 Domini
1158 670 1223 698 Iesu
1254 670 1368 704 Cltristt',
1394 677 1418 698 et
1450 673 1477 699 in
1491 672 1594 707 Spiritu
1612 671 1661 699 Dei

872 719 955 745 nostri
970 719 1042 752 l;ac
1062 727 1170 749 rursus.
1190 718 1362 754 Cougregatis
1380 718 1452 746 vobis
1474 723 1500 745 et
1518 727 1572 745 mea
1588 717 1652 752 Spi-

872 765 925 790 ritu
947 772 1006 791 cum
1030 764 1125 791 virtute
1152 764 1258 790 Domini
1281 763 1344 791 Iesu
1363 764 1392 798 ';
1424 764 1491 790 nihil
1520 764 1655 791 interesse

874 813 960 841 ratus,
977 809 1032 836 sive
1042 808 1247 842 conjunctione.
1263 809 1320 835 sive
1337 808 1529 843 praepositione
1555 809 1588 836 ad
1609 817 1657 836 no-

876 856 980 882 tninum
1000 855 1224 889 eoujunctionem
1240 854 1337 882 utaris.

872 945 1010 976 Eiusdem.
1029 944 1106 978 Quod
1129 953 1188 979 qua:
1214 946 1245 972 de
1270 945 1419 972 hominibus
1439 945 1502 972 dicit
1519 944 1658 979 Scriptura

908 988 1033 1015 tanquam
1065 988 1119 1006 una
1147 988 1206 1007 cunt
1231 980 1334 1008 Christo
1363 981 1542 1015 regnantibus,
1571 988 1602 1007 ea
1623 981 1656 1007 de

907 1017 1009 1079 Spiritsu
1036 1016 1089 1043 dici
1123 1024 1175 1043 mm
1211 1017 1354 1043 concedunt
1393 1016 1551 1042 adversarii.
1599 1015 1655 1042 Ca-

907 1060 948 1079 tmt
1003 1071 1012 1079 .

902 1060 948 1087 put
965 1060 1012 1080 ιδ.

906 1098 1052 1129 Videamus
1091 1105 1173 1133 porro
1216 1104 1250 1124 an
1299 1097 1486 1125 defensionem
1532 1097 1650 1132 aliquam

861 1144 988 1179 patribus
1014 1144 1118 1171 nostris
1140 1151 1223 1178 super
1247 1143 1406 1178 hujusmodi
1431 1151 1484 1173 usu
1509 1144 1649 1178 possimus

860 1190 1025 1224 excogitare.
1053 1189 1119 1216 Nam
1145 1189 1192 1223 qui
1215 1189 1293 1216 nobis
1317 1186 1361 1216 ita
1386 1189 1514 1224 loquendi
1539 1189 1649 1217 fuerunt

861 1239 998 1267 auctores,
1031 1235 1117 1270 magis
1146 1242 1227 1269 quam
1256 1242 1308 1262 nos
1334 1235 1440 1262 haerent
1467 1235 1494 1262 in
1521 1236 1646 1263 crimine.

859 1280 962 1308 Paulus
990 1280 1073 1315 igitur
1100 1280 1313 1308 Colossensibus
1339 1280 1464 1308 scribens
1494 1291 1499 1308 :
1530 1280 1563 1307 Et
1587 1289 1645 1313 vos,

861 1326 959 1361 inquit,
990 1333 1049 1352 cum
1075 1326 1167 1353 essetis
1199 1326 1298 1352 mortui
1322 1325 1426 1352 delictis
1449 1333 1481 1352 ac
1503 1327 1645 1360 pra’pulio,

860 1371 1002 1405 viviﬁcavit
1025 1371 1105 1397 simul
1129 1378 1188 1397 cum
1214 1370 1321 1398 Christo
1352 1374 1372 1397 ³.
1397 1370 1467 1397 Νυιιι
1491 1372 1573 1406 igitur
1597 1372 1646 1398 toti

861 1417 961 1452 populo
982 1420 1010 1443 et
1030 1416 1159 1444 Ecclesiae
1183 1416 1295 1444 donavit
1322 1415 1394 1444 Deus
1415 1418 1498 1444 vitam
1522 1425 1582 1452 quae
1605 1423 1646 1445 est

861 1469 924 1488 cum
944 1461 1064 1494 Christo,
1087 1465 1183 1489 sancto
1205 1466 1296 1489 autem
1315 1461 1428 1497 Spiritui
1450 1470 1504 1490 non
1526 1467 1568 1490 est
1592 1464 1647 1490 vita

861 1515 925 1535 cum
945 1504 1075 1535 Christo?
1092 1508 1170 1541 Quod
1183 1509 1206 1536 si
1232 1508 1305 1536 istud
1330 1509 1371 1536 vel
1393 1509 1484 1536 animo
1504 1509 1648 1544 concipere

835 1548 972 1588 2impium
997 1558 1059 1587 est,
1084 1561 1176 1582 annon
1213 1554 1287 1590 pium
1320 1554 1414 1587 fuerit,
1436 1558 1466 1581 ut
1492 1554 1572 1582 habet
1600 1562 1648 1581 na-

860 1602 932 1631 tura,
959 1599 996 1626 ita
1021 1600 1102 1626 etiam
1123 1599 1322 1634 professionem
1350 1600 1517 1634 conjunctim
1547 1600 1648 1634 persol-

859 1645 940 1672 vere?
966 1644 1067 1671 Adhzec
1086 1665 1094 1678 ,
1122 1652 1213 1672 annon
1245 1645 1359 1672 extremi
1389 1645 1510 1680 stuporis
1534 1649 1586 1678 est,
1612 1645 1649 1672 ia-

860 1690 911 1717 teri
939 1695 1051 1718 sanctos
1077 1698 1138 1718 esse
1162 1698 1224 1717 cum
1245 1690 1355 1718 Christo
1380 1691 1525 1726 (siquidem
1545 1690 1647 1718 Paulus

859 1737 1038 1771 peregrinaris
1070 1744 1085 1763 a
1111 1743 1227 1770 corpore
1257 1744 1377 1771 prmsens
1399 1741 1442 1764 est
1461 1737 1531 1772 apud
1559 1736 1648 1764 Domi-

861 1788 926 1807 num
944 1783 976 1813 ⁸;
993 1785 1020 1807 et
1046 1780 1091 1807 ubi
1110 1780 1263 1815 emigravit,
1276 1781 1332 1814 jam
1357 1789 1418 1808 cum
1434 1780 1544 1808 Christo
1565 1781 1618 1815 est)
1638 1789 1645 1808 :

862 1825 914 1852 hos
927 1833 990 1852 vero
1003 1825 1127 1860 Spiritui,
1139 1830 1270 1860 quantum
1285 1825 1394 1860 quidem
1411 1827 1438 1853 in
1454 1826 1520 1861 ipsis
1534 1830 1586 1858 est,
1600 1834 1649 1853 ne-

861 1878 913 1905 que
932 1871 984 1897 hoc
1001 1871 1138 1902 tribuere,
1157 1877 1185 1898 ut
1204 1879 1281 1906 aeque
1303 1872 1398 1899 saltem
1417 1875 1499 1906 atque
1523 1872 1648 1899 homines

860 1924 921 1953 cum
939 1917 1050 1944 Christo
1067 1917 1119 1944 sit?
1130 1917 1201 1950 Quin
1216 1922 1242 1945 et
1263 1917 1364 1945 Paulus
1379 1918 1499 1953 seipsum
1517 1918 1562 1945 Dei
1581 1926 1647 1945 coo-

862 1967 1012 1997 peratorem
1028 1963 1147 1998 appellat
1171 1963 1199 1990 in
1216 1964 1455 1991 administratione
1477 1963 1616 1999 Evangelii
1639 1973 1645 1990 :

860 2008 907 2034 sed
921 2007 1054 2041 Spiritum
1069 2013 1208 2040 sanctum,
1224 2017 1272 2043 per
1286 2017 1366 2044 quem
1387 2009 1413 2036 in
1432 2009 1504 2036 omni
1522 2013 1646 2036 creatura

860 2061 921 2088 quae
937 2054 988 2081 sub
1000 2055 1069 2081 caelo
1085 2059 1137 2086 est,
1151 2055 1298 2082 iructiticat
1312 2055 1499 2090 Evangelium.
1514 2056 1536 2083 si
1552 2063 1646 2089 coope-

859 2104 976 2126 ratorcm
991 2100 1168 2134 appellemus,
1184 2101 1228 2127 hic
1243 2108 1351 2135 quoque
1362 2101 1508 2135 impietatis
1520 2109 1568 2128 nos
1585 2108 1644 2128 reos

860 2145 1005 2179 peragent?
1020 2144 1052 2171 Et
1062 2150 1091 2172 ut
1106 2146 1222 2177 videtur,
1240 2146 1293 2172 vita
1308 2148 1475 2180 sperantium
1489 2147 1516 2173 in
1530 2146 1643 2173 Domino

861 2189 1021 2217 abscondita
1033 2195 1075 2218 est
1092 2198 1153 2217 cum
1170 2190 1280 2218 Christo
1295 2192 1322 2218 in
1341 2191 1410 2224 Deo,
1430 2200 1547 2227 cumque
1564 2191 1645 2218 Chri-

861 2239 920 2262 stus
934 2235 1093 2269 apparuerit
1103 2235 1159 2262 vita
1173 2239 1277 2267 nostra,
1294 2239 1350 2262 tum
1363 2239 1390 2263 et
1403 2237 1453 2271 ipsi
1470 2244 1532 2264 cum
1548 2244 1580 2264 eo
1596 2244 1645 2271 ap-

861 2280 995 2315 parebunt
1010 2280 1038 2307 in
1053 2281 1139 2316 gloria
1155 2283 1165 2298 ⁵
1182 2280 1259 2315 :ipse
1274 2286 1365 2309 autent
1381 2281 1500 2316 Spiritus
1515 2282 1585 2314 vitae,
1599 2276 1645 2316 qui

860 2325 985 2353 liberavit
999 2333 1049 2352 nos
1064 2333 1079 2352 a
1094 2326 1153 2360 lege
1163 2326 1267 2360 peccati
1286 2330 1312 2359 ⁸,
1330 2334 1501 2362 nequaquam
1522 2333 1564 2356 est
1582 2336 1645 2355 cum

858 2373 985 2406 Christo,
1006 2382 1093 2409 neque
1107 2374 1135 2401 in
1154 2374 1209 2402 vita
1230 2374 1331 2401 latente
1349 2377 1377 2401 et
1401 2374 1561 2402 abscondita
1582 2383 1647 2403 cum

858 2419 916 2450 illo,
934 2427 1021 2454 neque
1039 2420 1066 2446 in
1081 2418 1300 2447 manifestatione
1313 2419 1418 2455 glorior,
1440 2427 1522 2455 quam
1543 2427 1593 2448 nos
1616 2421 1645 2448 in

858 2465 961 2492 sanctis
978 2464 1193 2500 patefaciendam
1211 2472 1274 2493 esse
1290 2466 1496 2500 exspectamus?
1515 2465 1645 2494 Haeredes

857 2509 906 2536 Dei
922 2513 950 2537 et
973 2509 1130 2537 cohtnredes
1148 2509 1253 2538 Christi
1273 2517 1324 2537 nos
1342 2517 1438 2538 sumus
1460 2514 1469 2529 ⁷
1493 2520 1501 2537 :
1525 2509 1645 2546 Spiritus

857 2562 922 2582 vero
939 2555 1062 2582 exhzcres
1084 2559 1143 2589 est,
1168 2559 1195 2583 et
1216 2563 1312 2583 exsors
1333 2556 1535 2584 communionis
1550 2556 1598 2584 Dei
1616 2561 1645 2584 et

857 2600 958 2628 Christi
977 2601 1056 2636 ejus?
1068 2601 1100 2628 Et
1118 2602 1177 2636 ipse
1192 2601 1301 2636 quidem
1318 2601 1438 2636 Spiritus
1455 2602 1642 2630 testimonium

856 2648 978 2682 perhibet
1004 2648 1112 2683 spiritui
1128 2653 1232 2681 nostro,
1250 2649 1328 2684 'quod
1349 2649 1435 2676 simus
1451 2648 1498 2675 iilii
1522 2648 1568 2675 Dei
1591 2651 1603 2667 ⁸
1629 2655 1640 2677 :

856 2701 908 2721 nos
919 2701 983 2721 vero
1000 2693 1124 2728 Spiritui.
1139 2701 1173 2722 ne
1188 2694 1249 2728 ejus
1264 2693 1373 2729 quidem
1391 2694 1543 2727 societatis,
1559 2701 1642 2729 quam

303 2833 311 2870 ξ
331 2831 417 2870 lCor.
435 2841 461 2870 γ,
480 2835 506 2863 ι.
545 2836 555 2851 ¹
572 2836 677 2865 Coloss.
699 2845 729 2870 tt,
749 2837 791 2866 l5.

907 2838 954 2866 ior.
968 2846 994 2870 ν,
1020 2838 1048 2865 8.
1086 2834 1309 2868 δυοιοεε.ιυ,5,
1324 2835 1353 2862 Α.
1388 2834 1399 2851 ⁸
1414 2833 1494 2862 Rom.
1519 2841 1581 2868 vnt,
1607 2834 1637 2864 2.
