1873 3076
197 155 254 190 ⁷379

827 158 1018 192 EUTllYMlI
1037 158 1218 190 ZIGABENI

1783 158 1822 191 τ’Βῦ

198 229 314 263 simplex
330 228 441 264 quidem
454 228 568 256 verbum
588 228 615 255 in
628 228 835 256 defensionibus
847 237 897 264 pro
908 229 937 257 Cl

1092 230 1152 257 οὐδὲ
1172 231 1247 266 ῥῆμα
1264 230 1341 264 ψιλὸν
1362 229 1391 256 ὲν
1414 230 1473 262 ταῖς
1493 230 1562 266 ὑπὲρ
1587 230 1708 266 Χριστοῦ
1732 231 1820 257 ἀπολο-

198 280 244 302 sto
253 275 315 310 quis
325 276 414 310 possit
420 273 523 306 dicere,
536 274 590 302 uisi
601 274 750 309 adiuvante
761 273 877 309 Spiritu,
890 283 986 310 quem-

198 321 346 348 admodum
364 321 392 348 in
406 320 561 356 Evangeliis
573 328 588 347 a
601 320 717 349 Domino
736 325 763 349 et
779 321 924 350 Servatore
938 330 987 350 no-

198 370 257 394 stro
272 365 420 393 didicimus
446 367 467 393 ι.
483 366 568 393 Porro
590 371 620 394 ut
639 367 682 395 his
697 367 825 395 omnibus
842 368 985 402 neglectis,

199 415 281 446 atque
299 419 331 439 ea
357 412 560 445 communione,
584 419 666 447 quam
695 413 723 440 in
747 413 874 440 omnibus
895 414 985 445 habet,

199 456 329 484 oblivioni
345 456 455 488 tradita,
467 465 482 484 a
498 457 578 485 Patre
592 462 620 485 et
635 458 705 484 Filio
719 459 808 493 ipsum
823 459 985 490 avellnmus,

199 503 292 530 nescio
313 510 347 530 an
363 503 509 538 quisquam
532 504 620 531 sancti
643 503 763 538 Spiritus
784 505 923 539 particeps
939 512 985 531 as-

199 556 331 576 sensurus
346 549 392 577 sit.
415 548 443 576 lu
458 557 513 584 quo
533 550 616 586 igitur
629 550 725 577 ordine
742 550 817 576 illum
840 551 986 578 r-ollocabi-

198 594 276 622 mus?
295 595 504 622 creaturarum?
518 595 553 622 At
569 595 700 623 universa
725 599 851 622 creatum
875 597 959 623 servit
977 606 984 623 ε

199 639 319 675 Spiritus
401 645 492 668 autem
513 641 628 668 liberum
645 640 748 669 reddit:
768 640 818 668 Ubi
837 642 906 668 enim
924 641 986 676 Spi-

197 687 264 713 ritus
282 686 402 719 Domini,
421 686 458 713 ibi
475 686 584 714 libertas
607 686 627 714 '.
642 687 731 722 Atque
746 694 809 714 cum
828 687 914 714 multa
929 688 985 714 sint

197 738 258 766 quas
271 732 374 766 possim
395 732 438 758 hic
458 738 687 764 commemorare,
706 739 787 767 quam
809 739 864 759 non
883 740 984 760 conve-

197 778 256 805 niat
268 777 404 812 Spiritum
425 781 553 804 sanctum
572 785 754 804 annumerarc
774 777 856 805 rebus
872 778 982 810 creatis,

197 822 291 854 dehis
305 823 487 850 diceremune
510 822 703 857 supersedebo.
721 822 788 850 Nam
810 823 842 851 si'
855 823 983 857 incipiam

1037 274 1109 307 γίαις
1139 273 1249 300 δυνατὸν
1279 273 1393 309 λαλῆσαι
1425 275 1462 310 μὴ
1491 277 1725 310 συνεργουμένους
1755 277 1821 311 παρὰ

1036 319 1083 345 τοῦ
1110 319 1277 353 Πνεύματος,
1294 319 1332 351 ὡς
1350 320 1378 346 ὲν
1401 320 1578 354 Εὖαγγελίοις
1601 321 1675 355 παρὰ
1702 321 1752 348 τοῦ
1774 323 1820 348 Κυ-

1039 364 1095 399 ρίου
1116 365 1162 390 καὶ
1181 364 1306 399 Σωτῆρος
1330 364 1408 399 ήμῶν
1432 363 1640 399 μεμαθήκαμεν.
1657 365 1786 391 ’Δπαντα
1799 365 1821 391 δὲ

1035 409 1121 435 ταῦτα
1145 409 1316 444 παριδόντας,
1336 409 1383 435 καὶ
1407 410 1456 444 τῆς
1474 411 1503 435 ὲν
1523 411 1590 436 πᾶσι
1609 411 1752 442 κοινωνίας
1773 412 1822 436 ἐπε·
1872 426 1873 444 ξ

1035 455 1208 490 λαϐομὲνους,
1233 455 1287 481 ἀπὸ
1311 456 1417 490 Πατρὸς
1450 456 1497 481 καὶ
1528 455 1593 482 Tia-3
1619 456 1738 491 διασπᾷν
1752 477 1762 489 ,
1783 457 1821 482 οὐκ

1036 499 1092 527 οῖδα
1113 501 1140 527 εἴ
1165 509 1206 532 τις
1233 501 1346 536 μέτοχος
1371 501 1530 536 ΙΙνεύματος
1552 502 1629 536 ἁγίου
1653 503 1820 536 συνῡήσετςιι.

1036 547 1091 573 Ποῦ
1108 548 1196 574 τοίνυν
1216 547 1343 582 φέροντες
1365 547 1429 574 αὐτὸ
1451 547 1587 582 τάξομεν;
1611 547 1679 582 μετὰ
1701 548 1754 582 τῆς
1774 549 1822 574 κτί-

1037 601 1121 625 σεως;
1141 593 1237 629 “Α).λ’ή
1259 593 1346 624 κτίσις
1369 594 1444 619 πᾶσα
1463 593 1598 619 δουλεύει·
1614 593 1643 620 τὸ
1664 594 1692 620 δὲ
1715 594 1822 629 Πνεῦμα

1036 639 1180 674 ἐλευθεροῖ.
1198 637 1239 667 Οὗ
1252 639 1306 674 γὰρ
1315 639 1348 665 τὸ
1359 639 1480 673 Πνεῦμα
1491 640 1613 673 Kvpt'cv,
1630 639 1694 666 ἐκεῖ
1707 640 1821 667 ἐλευθε-

1031 686 1092 719 ρία.
1117 685 1171 710 Καὶ
1190 684 1294 711 πολλῶν
1313 685 1424 711 ἐνόντων
1442 687 1539 717 εἰπεῖν,
1558 687 1632 716 ὅπως
1644 685 1674 711 οὑ
1692 687 1821 721 προςήκει

1034 732 1066 765 τῇ
1098 731 1192 766 κτιστῇ
1219 730 1298 764 φύσει
1323 731 1353 757 τὸ
1375 731 1487 765 Πνεῦμα
1509 731 1539 757 τὸ
1563 731 1638 763 ᾱγιον
1660 739 1821 766 50711:sz-

1035 776 1122 809 θμεῖν,
1137 776 1181 803 τὸν
1197 777 1260 812 περὶ
1274 777 1376 803 τούτων
1390 777 1436 803 νῦν
1526 777 1713 811 ὑπερϐήσομαι
1736 777 1820 811 λόγον.

1034 822 1064 848 Εἰ
1080 822 1134 857 γὰρ
1151 821 1294 856 μέλλοιμεν
1308 822 1375 857 πρὸς
1397 822 1476 854 ἀξίαν
1499 822 1546 848 τοῦ
1569 822 1762 857 προϐλήματος
1780 824 1821 853 τὰς

197 876 249 904 pro
265 868 418 903 argumenti
435 868 577 904 dignitate,
592 872 620 896 et
635 875 696 903 quae
710 875 759 903 pro
773 868 852 896 nobis
868 868 936 895 l‘aciu

1086 867 1150 902 παρ’
1164 867 1267 893 ἑαυτῶν
1286 868 1457 899 κατασκευὰς
1483 868 1606 901 ἐπάγειν,
1626 869 1672 894 καὶ
1690 869 1724 894 τὰ
1750 869 1821 903 παρὰ

198 913 372 949 probationes
391 913 537 945 adducere.
554 919 581 942 et
598 922 659 949 quae
675 915 709 942 ab
729 914 894 942 adversariis
914 914 986 949 obji-

198 959 321 990 ciuntur,
336 958 456 991 diluere,
471 959 578 993 prolixo
592 966 719 986 sermone
726 958 778 986 erit
791 965 871 993 opus,
887 958 985 993 loqua-

198 1004 334 1039 citateque
341 1004 491 1032 voluminis
504 1003 705 1032 deterrebimus
723 1004 850 1032 lectores.
867 1004 983 1037 idcirco,

198 1050 252 1077 hoc
279 1049 359 1077 alteri
382 1049 495 1084 proprio
514 1049 644 1077 tractatui
666 1054 818 1082 reservato,
835 1049 984 1084 propositis

197 1095 396 1124 adhaereamus.

300 1140 514 1168 Consideremus
533 1140 618 1176 igitur
633 1141 802 1176 singulatim.
818 1140 921 1168 Natura
937 1141 984 1168 ho-

199 1194 252 1214 nus
263 1189 316 1220 est,
330 1189 360 1213 ut
376 1185 465 1214 bonus
479 1185 573 1218 Pater,
597 1190 624 1213 et
639 1186 728 1214 bonus
741 1186 836 1213 Filius.
851 1186 983 1214 Creatura

197 1239 264 1260 vero
284 1239 332 1267 per
346 1230 508 1259 electionem
532 1231 593 1266 ejus
608 1232 681 1267 quod
701 1232 803 1260 bonum
818 1236 871 1265 est,
898 1233 983 1267 parti-

197 1285 264 1313 ceps
276 1281 318 1306 est
333 1277 473 1305 bonitatis.
492 1277 632 1305 Profunda
653 1277 701 1305 Dei
724 1278 822 1305 novit:
838 1277 886 1305 sed
906 1285 983 1305 crea-

198 1327 260 1350 tura
275 1330 323 1358 per
336 1322 467 1357 Spiritum
480 1323 581 1358 accipit
593 1330 757 1350 arcanorum
770 1324 980 1350 reserationem.

200 1368 322 1396 Viviﬁcat
343 1375 406 1395 eum
428 1367 484 1395 Deo
503 1369 549 1403 qui
571 1368 691 1396 viviﬁcat
713 1368 817 1398 omnia.
834 1376 895 1396 cum
913 1368 982 1395 Filio

199 1415 245 1449 qui
261 1414 307 1441 dat
321 1413 416 1440 vitam.
432 1413 483 1446 Qui
497 1414 566 1441 enim
581 1414 716 1446 excitavit,
733 1414 830 1449 inquit,
846 1413 982 1442 Christum

200 1468 217 1486 a
240 1459 362 1490 mortuis,
390 1459 532 1493 vim‘ﬁcabit
557 1463 582 1486 et
606 1459 732 1486 mortalia
752 1466 864 1493 corpora
883 1463 980 1491 vestra,

200 1513 244 1532 per
263 1506 347 1540 ipsius
361 1505 490 1540 Spiritum
502 1505 546 1539 qui
563 1504 696 1531 inhabitat
712 1505 739 1531 in
760 1504 832 1531 vobis
855 1505 884 1537 ³;
901 1509 982 1540 atque

1034 913 1087 939 τῶν
1107 912 1235 939 ἐναντίων
1257 912 1461 948 προὸαλλόμενα
1487 913 1613 946 διαλύειν,
1631 913 1737 939 πολλῶν
1761 915 1822 948 ἡμῖν

1033 958 1122 994 δεήσει
1147 958 1244 992 λόγων,
1268 959 1315 985 καὶ
1337 959 1552 994 ἀποκναίσαιμεν
1650 960 1682 994 τῇ
1699 959 1821 994 πολυφω-

1033 1004 1078 1039 νίᾳ
1091 1004 1140 1039 τῆς
1155 1003 1244 1038 βίϐλου
1258 1005 1320 1036 τοὺς
1333 1005 1556 1039 ἐντυγχάνοντας.
1570 1006 1670 1040 Διόπερ
1686 1005 1740 1041 ἰδίᾳ
1757 1014 1822 1041 πρι-

1033 1050 1152 1085 γματείᾳ
1176 1051 1265 1076 ἐκεῖνο
1289 1050 1522 1085 ταμιευσάμενοι,
1549 1050 1604 1076 τῶν
1636 1052 1823 1086 προκειμένων

1034 1094 1170 1129 ἐχώμεθα.

1135 1139 1302 1174 Σκεψώμεθα
1323 1137 1369 1166 οὖν
1392 1140 1426 1166 τὰ
1450 1139 1626 1167 καθέκαστον.
1647 1141 1731 1168 Φύσει
1753 1143 1823 1168 ἐστὶν

1032 1185 1144 1219 ἀγαθὸν,
1164 1186 1203 1217 ὡς
1223 1185 1325 1219 ἀγαθὸς
1343 1187 1357 1212 ό
1384 1185 1477 1220 Πατὴρ
1489 1205 1495 1217 ,
1519 1185 1565 1211 καὶ
1595 1186 1695 1220 ἀγαθὸς
1715 1187 1731 1212 ὁ
1750 1187 1822 1219 176;.

1039 1232 1071 1258 'H
1089 1232 1177 1263 κτίσις
1193 1232 1221 1258 δὲ
1236 1233 1264 1258 ὲν
1281 1233 1315 1267 τῇ
1333 1232 1431 1267 ἐκλογῇ
1450 1231 1497 1258 τοῦ
1519 1232 1621 1266 ἀγαθοῦ
1635 1233 1753 1267 μέτοχος
1769 1234 1824 1259 ἐστι

1031 1277 1080 1311 τῆς
1096 1276 1270 1311 ἁγαοότητος.
1285 1275 1344 1303 Οἵδε
1358 1277 1393 1304 τὰ
1408 1277 1476 1313 βάθη
1493 1277 1539 1304 τοῦ
1557 1276 1624 1304 Θεοῦ
1643 1283 1651 1290 ⁸
1731 1280 1749 1313 ἡ
1769 1278 1825 1304 κτί-

1033 1331 1074 1354 σις
1092 1323 1120 1349 δὲ
1141 1323 1274 1358 λαμῦάνει
1293 1323 1342 1358 τὴν
1359 1323 1511 1359 φανέρωσιν
1528 1323 1582 1350 τῶν
1598 1324 1769 1359 ἀπορρήτων
1782 1325 1825 1351 διὰ

1031 1366 1078 1392 τοῦ
1105 1367 1271 1401 Πνεύματος.
1299 1369 1429 1394 Ζωοποιεῖ
1453 1368 1523 1403 μετὰ
1543 1368 1590 1394 τοῦ
1619 1368 1687 1395 Θεοῦ
1719 1369 1770 1395 τοῦ
1792 1370 1825 1395 τα

1031 1412 1120 1440 πάντα
1131 1413 1337 1447 ζωογονοῦντος,
1357 1414 1425 1449 μετὰ
1521 1414 1568 1441 τοῦ
1592 1414 1656 1440 1⁸ῑοῦ
1679 1414 1723 1441 τοῦ
1742 1415 1826 1441 διῶνσ

1031 1466 1077 1489 τος
1088 1458 1170 1493 ζωήν.
1190 1459 1220 1485 '0
1238 1459 1292 1493 pop
1309 1459 1425 1493 ἐγείρας
1437 1459 1565 1493 Χριστὸν
1580 1459 1614 1486 ἐκ
1628 1459 1747 1493 νεκρῶν
1764 1460 1827 1490 ζωο-

1034 1504 1162 1536 ποιήσει,
1188 1504 1263 1539 φησὶ,
1290 1504 1337 1530 καὶ
1365 1504 1400 1531 τὰ
1422 1505 1514 1537 θνητὰ
1536 1504 1619 1538 ὑμῶν
1699 1506 1825 1540 σώματα

202 1548 302 1575 iterum
317 1547 400 1574 :0ves
418 1554 483 1574 mea
499 1554 587 1574 vocem
604 1554 691 1574 meam
706 1547 828 1578 audiunt,
842 1551 868 1573 et
884 1554 929 1582 ego

1088 1546 1143 1573 τοῦ
1165 1546 1356 1579 ἐνοικοῦντος
1377 1546 1471 1573 αὐτοῦ
1495 1547 1666 1579 Πνεὺμιιτος
1683 1545 1720 1570 ἐν
1736 1545 1823 1579 ὑμῖν·

200 1598 256 1620 tam
272 1597 400 1620 retentam
418 1591 452 1619 do
469 1592 525 1619 illis
552 1590 573 1620 ‘.
592 1591 646 1620 Sed
663 1591 784 1627 Spiritus
797 1599 907 1627 quoque
925 1592 991 1620 vivi-

199 1639 272 1672 llcat,
290 1638 381 1673 inquit
402 1640 425 1665 '.
441 1637 481 1666 Ac
494 1646 606 1666 rursum
622 1648 628 1665 :
645 1638 762 1673 Spiritus
775 1643 873 1672 autem,
888 1639 988 1674 inquit,

198 1684 253 1711 vita
272 1688 378 1719 propter
389 1684 528 1718 Justitiam
551 1684 572 1711 '.
588 1684 660 1718 Quin
676 1689 704 1713 et
722 1684 854 1713 Dominus
873 1689 991 1714 testatur

199 1729 332 1764 Spiritum
345 1736 406 1757 esse
424 1729 472 1764 qui
486 1729 616 1757 viviﬁcat.
632 1729 703 1758 Caro
724 1739 776 1757 non
791 1730 897 1764 prodest
912 1732 990 1766 quid-

198 1783 278 1811 quum
302 1779 322 1803 ⁷.
349 1775 494 1809 Quomodo
520 1776 605 1811 igitur
632 1775 766 1812 Spiritum
793 1784 809 1803 a
834 1776 991 1806 viviﬁcandi

198 1825 336 1858 potestate
355 1823 550 1851 submoventes
567 1830 630 1850 eum
648 1827 754 1850 naturae
775 1822 988 1859 conjungemus,

197 1877 259 1904 qua:
278 1869 337 1904 ipsa
356 1869 412 1896 vita
425 1868 526 1904 egeat?
541 1867 610 1902 Quis
624 1868 693 1896 adeo
711 1870 912 1901 contentiosus,
926 1869 990 1904 quis

197 1914 268 1941 adeo
285 1921 382 1942 exsors
399 1914 463 1941 doni
484 1914 616 1946 caelestis,
632 1919 660 1941 et
680 1914 784 1949 absque
800 1920 882 1950 gustu
900 1915 987 1944 bono-

200 1967 260 1987 rum
283 1959 328 1987 Dei
344 1960 500 1991 verborum,
516 1959 579 1995 quis
593 1960 663 1987 adeo
680 1960 737 1995 spei
754 1965 864 1988 aeternae
878 1969 988 1996 expers,

199 2011 229 2032 ut
244 2003 379 2040 Spiritum
392 2013 407 2031 a
420 2004 528 2034 Deitate
537 2005 701 2033 distractum
713 2010 848 2034 creaturae
859 2007 990 2042 copulet?

304 2137 333 2165 In
360 2137 453 2170 nobis,
474 2138 616 2174 inquiunt,
645 2139 764 2176 Spiritus
790 2144 833 2168 est
858 2145 989 2176 tanquam

200 2182 303 2209 donum
324 2189 339 2209 a
365 2181 432 2210 Deo.
457 2183 491 2210 At
505 2183 608 2211 donum
626 2191 800 2220 nequaquam
821 2185 919 2213 iisdem
941 2186 989 2214 ho-

1022 1591 1070 1618 καὶ
1085 1590 1184 1629 ⁸πάλιν·
1204 1590 1242 1618 Τὰ
1264 1592 1398 1624 πρόϐατα
1421 1591 1458 1617 τὰ
1483 1589 1540 1625 ἐμὰ
1557 1590 1612 1624 τῆς
1631 1589 1739 1624 φωνῆς
1763 1599 1824 1624 μου

1022 1636 1138 1669 ἀκούει,
1159 1636 1241 1671 κάγὼ
1258 1635 1334 1670 ζωὴν
1352 1635 1472 1662 αἰώνιον
1485 1635 1588 1669 διδωμι
1610 1634 1724 1667 αὐτοῖς.
1743 1635 1825 1661 *Δλλᾱ

1023 1684 1072 1710 καὶ
1091 1683 1122 1709 τὺ
1141 1682 1264 1718 Πνεῦμα,
1283 1683 1360 1718 φησὶ,
1378 1682 1515 1714 ζωοποιεῖ.
1542 1681 1597 1708 Καὶ
1615 1680 1710 1707 πάλιν·
1736 1682 1771 1708 Τὸ
1791 1680 1827 1707 δὲ

1024 1728 1155 1763 Πνεῦμα,
1180 1728 1257 1764 φησὶ,
1281 1728 1336 1762 ζωὴ
1361 1727 1411 1754 διὰ
1432 1727 1640 1760 δικαιοσύνην.
1732 1727 1790 1753 Καὶ
1813 1728 1827 1753 ὁ

1024 1774 1126 1810 Κύριος
1143 1775 1277 1810 μαρτυρεῖ
1292 1774 1320 1800 τὸ
1336 1774 1449 1808 Πνεῦμα
1465 1771 1536 1800 εἶναι
1552 1772 1583 1799 τὺ
1601 1772 1770 1804 ζωοποιοῦν·
1796 1773 1828 1799 Ἡ

1025 1818 1104 1853 σὰρξ
1116 1820 1172 1846 οὐκ
1193 1818 1303 1853 ὠφελεῖ
1316 1818 1416 1846 οὐδέν.
1439 1818 1501 1850 Πῶς
1525 1816 1582 1849 οὖν,
1612 1818 1663 1852 τῆς
1688 1818 1827 1850 ζωοποιοῦ

1024 1865 1166 1900 δυνάμεως
1181 1865 1403 1899 ἁποξενὼσαντες
1418 1865 1448 1891 τὸ
1464 1864 1588 1900 Πνεῦμα,
1606 1865 1639 1899 τῇ
1661 1865 1829 1900 ὲττιδεομένῃ

1024 1912 1074 1947 τῆς
1089 1911 1162 1947 ζωῆς
1177 1912 1257 1946 φύσει
1274 1911 1538 1949 προσοικειὼσομενς
1555 1911 1604 1941 Τίς
1617 1910 1690 1937 οὕτω
1701 1911 1827 1946 δύσερις,

1026 1959 1067 1990 τίς
1083 1958 1154 1986 οὕτω
1169 1958 1274 1994 δωρεᾶς
1290 1958 1451 1994 ἐπουρανίου
1467 1958 1610 1993 ἀμέτοχος,
1628 1958 1677 1984 καὶ
1699 1958 1758 1984 τῶν
1774 1967 1829 1984 κα-

1026 2004 1079 2033 λῶν
1093 2005 1139 2032 τοῦ
1151 2005 1218 2032 Θεοῦ
1238 2005 1368 2041 ῥημάτων
1387 2004 1528 2038 ἄγευστος,
1544 2003 1586 2035 τίς
1605 2003 1693 2035 οὓτως
1709 2004 1828 2030 ἐλπίδων

1026 2051 1142 2078 αἰωνίων
1250 2051 1375 2086 ἄμοιρος,
1404 2050 1442 2081 ὡς
1463 2051 1496 2085 τῇ
1524 2049 1619 2088 κτίσει
1640 2049 1774 2081 συντάξαι
1797 2050 1831 2075 τὸ

1029 2096 1149 2132 Πνεῦμα,
1164 2097 1213 2132 τῆς
1228 2096 1359 2132 Θεότητος
1373 2096 1548 2131 timetque;

1129 2143 1173 2169 Ἐν
1192 2144 1268 2178 ἡμῖν,
1295 2143 1372 2177 φησὶ,
1396 2142 1426 2168 τὸ
1449 2141 1573 2175 Πνεῦμα,
1598 2140 1636 2171 ὡς
1660 2140 1750 2176 δῶρόν
1767 2141 1831 2167 ἐστι

1027 2187 1103 2222 παρὰ
1116 2188 1162 2214 τοῦ
1178 2188 1255 2214 Θεοῦ.
1274 2187 1311 2214 Οὐ
1324 2187 1411 2222 δήπου
1428 2186 1455 2213 δὲ
1470 2185 1501 2212 τὺ
1514 2185 1599 2220 δῶρον
1617 2185 1681 2216 ταῖς
1696 2186 1770 2216 ἴσαις
1782 2193 1830 2211 τι-

198 2227 314 2255 noribus
330 2226 460 2260 alIicitur,
475 2228 576 2263 quibus
599 2230 624 2257 is
638 2229 686 2264 qui
701 2229 785 2257 dedit.
807 2230 912 2258 Donum
928 2240 937 2259 (

1133 2233 1151 2268 ᾧ
1174 2232 1299 2260 δεδωκότι
1320 2232 1491 2267 σεμνύνεται.
1517 2230 1608 2266 Δῶρον
1625 2231 1677 2265 μὲν
1692 2229 1742 2257 οὖν
1756 2230 1829 2257 Θεοῦ

195 2271 258 2298 dem
279 2271 327 2299 Dei
345 2271 465 2307 Spiritus
482 2277 534 2304 est,
557 2274 604 2302 sed
625 2273 727 2302 donum
740 2275 813 2303 vitae.
833 2275 889 2303 Leu:
908 2278 988 2310 enim,

197 2317 297 2352 inquit,
313 2316 430 2351 Spiritus
443 2318 505 2346 vitta
517 2317 638 2346 liberavit
660 2327 708 2347 nos
734 2322 754 2349 '.
771 2319 805 2348 Et
818 2320 922 2348 donum
940 2329 989 2356 po-

197 2363 312 2390 tentiae:
328 2363 470 2398 Accipietis
492 2365 562 2392 enim
570 2365 691 2392 uirtutem
708 2365 824 2400 Spiritus
841 2367 927 2394 sancti
942 2375 988 2394 su—

196 2409 369 2443 perrenientis
387 2410 414 2436 in
432 2418 477 2438 vos
500 2411 521 2438 '.
535 2410 605 2438 Num
617 2411 702 2447 igitur
715 2412 751 2440 ob
765 2413 792 2440 id
808 2417 975 2441 contemnen

197 2454 250 2482 dus
274 2455 338 2483 est?
365 2455 462 2483 Annon
481 2461 508 2483 et
525 2455 626 2484 Filium
644 2457 719 2485 dedit
734 2458 909 2487 hominibus?
925 2459 987 2493 Qui,

197 2500 299 2536 inquit,
312 2502 419 2536 proprio
433 2500 507 2530 Filio
525 2510 577 2530 non
588 2503 714 2538 pepercit,
727 2504 772 2530 sed
782 2511 830 2539 pro
841 2505 916 2532 nobis
932 2513 980 2532 om-

197 2545 276 2573 nibus
296 2546 409 2574 tradidit
432 2547 522 2580 illum,
541 2549 673 2583 quomodo
690 2549 771 2576 etiam
788 2558 841 2577 non
861 2559 914 2578 una
928 2559 988 2578 cum

197 2599 227 2619 eo
244 2592 334 2620 omnia
363 2593 438 2620 nobis
464 2592 575 2621 donabit
588 2594 628 2621 ὀἳ
652 2594 685 2622 Et
708 2594 796 2623 alibi:
812 2594 845 2623 Ut
871 2597 988 2625 sciamus

197 2646 256 2672 quia
280 2647 296 2665 a
310 2637 366 2666 Deo
387 2638 462 2666 nobis
484 2639 585 2668 donata
609 2643 714 2675 sunt",
736 2642 769 2669 de
793 2643 925 2679 mysterio
942 2651 988 2671 as-

198 2684 300 2718 sumpti
316 2683 437 2712 hominis
448 2684 576 2720 loquens.
593 2686 687 2722 itaque
699 2687 745 2722 qui
763 2687 815 2716 ista
826 2688 987 2724 loquuntur,

197 2737 292 2757 annon
315 2729 472 2758 Judeorum
489 2729 626 2766 ingratum
648 2733 769 2760 animum
786 2735 988 2770 amentiamque

197 2780 339 2810 superant,
348 2776 397 2812 qui
415 2775 521 2804 scilicet
535 2778 725 2806 excellentiam
741 2779 842 2808 divinae
855 2780 986 2810 bonitatis

1026 2281 1058 2308 τὸ
1071 2279 1193 2314 Πνεῦμα,
1206 2278 1274 2306 ἀλλὰ
1291 2279 1376 2314 δῶρον
1398 2278 1479 2313 ζωῆς.
1501 2278 1531 2304 '0
1552 2278 1608 2312 γὰρ
1623 2278 1731 2312 νόμος.
1746 2277 1826 2311 φητὶν

1026 2326 1080 2354 τοῦ
1095 2326 1267 2360 Πνεύματος
1279 2324 1336 2358 τῆς
1348 2323 1422 2359 ζωῆς
1436 2324 1646 2359 ἠλευθέρωσεν

1028 2373 1083 2399 Καὶ
1102 2371 1188 2407 δῶρον
1207 2370 1347 2406 δυνάμεως
1363 2378 1370 2385 ³
1391 2370 1534 2404 Λήψεσθε
1547 2370 1603 2404 ’μὰρ
1623 2369 1758 2403 δύναμιν·
1772 2368 1831 2394 ἐκ·

1027 2419 1169 2450 ελθόντος
1181 2417 1235 2444 τοῦ
1248 2417 1335 2451 ἁγίου
1348 2416 1521 2450 Ιινεύματος
1533 2415 1578 2449 ἐφ’
1595 2412 1685 2449 ὑμᾶς.
1701 2412 1766 2449 'Ap'
1775 2410 1833 2439 οὖν

1028 2465 1072 2491 διὰ
1097 2463 1176 2490 τοῦτο
1204 2461 1459 2496 εὐκαταφρόνητον;
1486 2460 1502 2495 ἢ
1527 2459 1587 2495 οὐχὶ
1612 2460 1661 2486 καὶ
1684 2459 1733 2485 τὸν
1761 2458 1832 2484 Titii

1028 2510 1174 2545 ἐχαρίσατο
1190 2510 1246 2540 τοῖς
1261 2507 1430 2543 ἀνθρώποις
1448 2507 1503 2540 ’⁷ος
1521 2514 1566 2540 γε,
1579 2506 1656 2540 φησὶ,
1677 2505 1733 2532 τσῦ
1749 2504 1832 2531 ἰδίου

1033 2556 1101 2583 Tini)
1117 2556 1173 2583 οὐκ
1186 2555 1339 2590 ἐφείσατο,
1352 2553 1421 2581 ἀλλ’
1432 2552 1510 2586 ὑπὲρ
1520 2551 1606 2586 ἡμῶν
1617 2550 1743 2577 πάντων
1756 2557 1832 2582 κφ-

1028 2602 1140 2629 ἐδωκεν
1151 2600 1256 2633 αὐτὸν,
1269 2599 1333 2633 πῶς
1346 2599 1414 2634 οὐχ)
1428 2598 1476 2626 καὶ
1496 2598 1558 2625 σὺν
1574 2596 1656 2630 αὐτῷ
1671 2597 1708 2623 τὰ
1727 2596 1834 2623 πάντα

1029 2648 1102 2683 ’ἡμῖν
1126 2647 1282 2682 χαρίσεται
1289 2654 1299 2678 ;
1315 2646 1371 2672 Καὶ
1396 2644 1528 2680 ἑτέρωθι·
1545 2644 1610 2670 Ἵνα
1637 2642 1763 2677 διδῶμεν
1785 2642 1835 2666 ra

1739 2321 1828 2357 ήμᾶς-
1872 2334 1873 2340 π

1029 2694 1088 2722 ὑπὸ
1105 2693 1159 2721 τοῦ
1176 2692 1251 2721 Θεοῦ
1265 2692 1447 2727 χαρισθέντα
1463 2690 1536 2723 ἡμῖν
1548 2697 1555 2704 ε
1572 2688 1637 2725 περὶ
1660 2688 1708 2714 τοῦ
1725 2693 1833 2722 pacm.
1870 2715 1871 2718 η

1030 2741 1089 2777 ρίου
1103 2740 1152 2775 τῆς
1164 2738 1398 2775 ὲνανθρωπήσεως
1416 2736 1515 2770 λέγων.
1536 2736 1618 2762 ’Ὥστε
1630 2735 1690 2766 πῶς
1704 2734 1730 2760 oi
1742 2731 1835 2760 ταῦτ-ι

1029 2787 1153 2820 λέγοντες
1169 2786 1229 2820 οὐχὶ
1247 2785 1298 2819 τὴν
1317 2782 1467 2817 Ἰουδαῖκὴν
1484 2781 1680 2817 ἀγνωμοσύνην
1703 2777 1833 2814 nupsit;-

233 2840 242 2856 '
256 2838 351 2867 Matth.
363 2847 391 2871 χ.
411 2839 454 2867 i9.
486 2839 503 2874 κ’
522 2838 542 2866 ll
554 2839 616 2867 Cor.
631 2846 671 2870 in.
693 2839 749 2874 i7,
776 2839 786 2855 ³
802 2839 879 2866 Rom.
893 2847 949 2871 riu.
968 2839 1011 2866 il.
1050 2840 1060 2855 ‘
1078 2839 1159 2868 Joan.
1177 2850 1204 2872 Χ.
1224 2841 1269 2869 27.
1307 2842 1318 2858 ⁸
1333 2841 1413 2869 Joan.
1429 2849 1466 2874 Vl,
1478 2841 1523 2869 65.
1564 2841 1574 2857 '
1593 2840 1673 2869 Rom.
1689 2849 1748 2873 vni,
1771 2839 1829 2868 to-

196 2873 208 2890 '
224 2874 304 2902 Joan.
320 2874 415 2910 “,64.
455 2874 465 2891 ⁸
482 2873 562 2902 Rom.
575 2882 633 2908 vni,
648 2874 676 2901 2.
715 2875 725 2891 ’
738 2873 797 2901 Acl.
817 2882 834 2907 I,
853 2874 879 2901 8.
920 2875 935 2890 ¹¹

715 2875 725 2891 ’
738 2873 797 2901 Act.
817 2882 834 2907 ι,
853 2874 879 2901 8.
920 2875 941 2890 "
955 2874 1034 2902 Itoni.
1052 2883 1108 2910 nn,
1123 2878 1167 2904 δὲ.
1207 2877 1226 2892 ¹¹
1244 2877 1251 2903 l
1270 2876 1334 2905 Cor.
1352 2885 1381 2910 ιι,
1408 2876 1448 2904 ιε.
