1873 3076
88 163 130 196 731
254 176 257 181 ι
543 156 734 188 PANOPLIA
751 155 1028 187 DOG.\IAT1CA.—
1043 157 1120 188 TlT.
1138 157 1208 187 XII.

1643 158 1696 192 7:1!

86 222 171 248 ὶύθασι
189 218 236 254 τὴν
249 216 402 254 ὑπερϐολὴν
418 217 467 252 τῆς
482 216 668 252 χρηστότητος
687 215 795 249 ἐφόδιον
811 216 851 246 εἰς

944 218 1015 242 rtant
1029 214 1056 241 in
1071 216 1244 242 occasionem
1258 214 1452 250 blaSphemiaet
1470 217 1607 246 Accusant
1619 226 1691 246 eum

87 266 248 302 βλασφημίαν
278 264 489 300 λαμϐάνοντες;
523 262 686 297 Ἑγκαλοῦσι
731 261 786 296 γὰρ
814 261 853 296 τῷ

86 313 221 346 Πνεῦματι,
237 311 277 337 ὅτι
290 309 450 344 παῤῥησίαν
462 309 528 343 ἡμῖν
546 307 739 334 Nouatum).st
747 307 855 341 πατέρα

85 359 181 386 ὲιιυτῶν
194 358 238 384 τὸν
251 357 328 384 Θεόν.
355 355 572 388 Ἐξαπέστειλε
600 355 656 390 γὰρ
681 355 698 381 ό
720 354 792 386 Θεὸς
820 353 853 380 τὸ

83 404 194 438 Πνεῦμα
206 403 257 430 τοῦ
281 402 350 430 Υὶοῦ
364 401 459 429 αὑτοῦ
484 402 528 434 εἰς
542 402 595 434 τὰς
611 400 737 434 καρδίας
760 399 856 434 ἡμῶν,

83 450 189 485 κρᾶζον,
202 448 290 477 Ἀϐὄᾶ
302 451 317 476 ό
333 449 446 482 Πατὴρ,
463 448 506 474 ἶνα
523 448 655 482 ὴὲκείνου
685 447 762 482 φωνὴ
803 447 856 473 τῶν

81 496 224 531 δεξαμένων
240 495 292 522 ἰδία
307 496 430 529 γένηται.

82 553 140 580 'On
152 552 189 586 τῇ
201 561 210 576 ι
227 552 261 578 ἐν
272 560 282 577 ι
298 550 441 586 συλλέλϐῇ
455 550 521 577 ἀντὶ
536 549 588 584 τῆς
610 550 697 586 (σὺν
715 560 723 576 ι
745 551 763 584 ἡ
777 551 853 584 Γρα-

111 588 150 622 ερὴ
164 583 313 621 ῡὲἒχρηται·
326 587 361 612 ἐν
373 583 397 619 ᾦ
412 583 460 613 ubi
476 586 521 612 ὅτι
532 586 549 620 ἠ
566 595 575 611 ι
588 585 635 611 καὶ
649 595 658 611 ι
677 586 855 620 lucidum]st

110 622 144 656 τῇ
163 624 255 648 (σύν.
276 630 285 646 ι
304 622 418 655 Κεφάλ.
432 625 486 647 κε’.

111 681 170 711 Πῶς
190 677 247 711 οὖν,
281 678 373 712 φησὶν,
392 679 408 712 ἡ
436 678 531 713 Γραφὴ
561 678 681 713 οὐδαμοῦ
701 678 857 709 συνδοζαζτ-

73 734 145 761 μενον
158 725 244 761 Iluth
267 726 313 752 καὶ
329 725 386 760 Υἱῷ
405 725 436 752 τὺ
457 724 571 759 Πνεῦμα
596 723 764 759 παρέδωκεν,
785 724 853 750 ἀλλὰ

71 771 278 806 πεςρυλαγμένως
301 771 420 804 ἐξέκλινε
443 770 483 801 τὸ,
506 771 567 797 σὺν
582 770 622 803 τῷ
638 770 796 803 Πνεύμίιτι,
815 770 854 795 εξ-

69 819 139 850 πεῐν;
159 816 296 852 πανταχοῦ
316 816 344 843 δὲ
368 817 398 842 τὺ
425 818 453 842 ὲν
477 816 551 851 αὐτῷ
572 816 692 848 δοξάζειν
710 815 747 846 ὡς
768 815 854 850 ἁρμο-

909 261 1053 295 Spiritum,
1075 261 1147 295 quod
1167 260 1245 288 nobis
1268 261 1314 288 dat
1339 262 1466 289 ﬁduciam
1484 262 1567 291 Deum
1596 272 1649 299 app
1661 265 1691 290 Ἰ-

910 306 982 333 laudi
1002 310 1105 341 patrem
1126 311 1259 334 nostrum.
1274 306 1373 334 Emisit
1389 308 1459 334 enim
1477 308 1543 336 Deut
1560 309 1692 343 Spiritum

909 347 974 375 Filii
998 349 1040 375 sui
1063 349 1092 375 in
1118 350 1198 376 corda
1223 354 1313 377 nostra
1343 351 1514 383 clamantem,
1537 353 1621 386 Abba,
1639 353 1693 380 Pa~

906 399 944 420 ter
961 395 981 425 ι,
1000 398 1029 421 ut
1045 394 1120 422 illius
1147 402 1199 422 vox
1216 396 1324 430 propria
1343 396 1389 423 ﬁat
1415 404 1510 424 eorum
1540 400 1586 433 qui
1603 399 1691 434 ipsum

907 445 1080 476 acceperunt.

908 551 984 584 Quod
993 551 1130 585 Scriptura
1139 551 1188 579 hac
1200 551 1303 587 syllaba
1319 561 1329 578 ι
1339 553 1367 580 t'n
1380 562 1389 578 ι
1405 561 1452 587 pro
1466 563 1476 579 ‹
1488 562 1546 581 cum
1560 564 1569 580 ›
1584 559 1675 582 utatur
1684 563 1694 583 :

944 588 987 625 ubi
1001 588 1080 625 etiam
1095 587 1222 618 probatur
1239 593 1292 615 tet;
1310 587 1380 615 idem
1392 589 1490 623 pollere
1504 593 1572 625 quod
1587 599 1690 617 (cunno

945 623 1029 657 Caput
1045 621 1092 649 25.

945 679 995 711 Qui
1030 679 1059 706 ﬁt
1090 680 1190 714 igitur,
1219 680 1365 713 inquiunt,
1397 686 1425 708 ut
1457 681 1597 716 Scriptura
1630 691 1692 710 nus,

903 728 985 755 quam
1011 722 1099 749 tradat
1118 722 1249 756 Spiritum
1265 723 1412 758 gloriﬁcari
1431 731 1492 751 cum
1508 724 1589 753 Patre
1603 730 1630 753 et
1649 726 1693 755 Fi.

905 767 952 799 lio,
969 768 1016 795 sed
1039 768 1162 796 studiose
1185 770 1251 796 vitet
1274 778 1308 796 ue
1333 770 1418 801 dicat,
1445 778 1504 797 cum
1529 771 1642 806 Spiritu,
1660 781 1693 801 ac

904 813 1005 847 ubique
1022 814 1098 840 malit
1123 814 1277 849 gloriﬁcare
1304 815 1331 842 in
1359 815 1428 850 ipso,
1447 817 1525 850 quasi
1552 817 1603 845 hoc
1625 827 1692 846 con-

67 861 186 898 διώτερον
201 862 401 898 προετίμησεν;
424 861 494 896 Ἐγὼ
506 862 534 888 δὲ
549 862 602 888 οὐδ’
621 861 653 888 ἂν
673 861 753 892 αὐτὸς
770 861 852 895 φαίην

946 859 1226 894 ientinsjudicet?At
1243 869 1292 895 ego
1305 869 1476 897 nequaquam
1492 862 1608 890 dixerim
1621 864 1691 892 hanc

67 907 223 943 ἀτιμοτέρας
235 906 307 934 εἶναι
321 908 440 940 διανοίας
458 907 664 944 παραστατικὴν
676 907 725 942 τὴν
735 908 770 934 ἐν
785 907 849 933 συλ-

65 953 150 989 λαϐὴν,
166 954 224 980 ἀλλ’
249 954 333 988 ὑγιῶς
359 954 601 990 ὲκλαμόανομένην
626 953 694 989 πρὸς
718 952 748 980 τὸ
773 954 850 989 μέγι-

64 1007 120 1025 στον
136 999 202 1033 ὕψος
221 999 336 1033 ἀνάγειν
359 999 408 1031 τὰς
429 999 564 1030 διανοίας·
587 998 652 1025 ὅπου
672 1007 704 1033 γε
721 999 766 1025 καὶ
789 999 848 1025 ἀντὶ

63 1044 107 1080 τῆς
131 1046 192 1072 σὺν
215 1045 351 1081 πολλαχοῦ
379 1045 507 1080 κειμένην
532 1045 617 1079 αὐτὴν
646 1045 848 1080 τετηρήκαμεν.

64 1091 104 1122 Ὠς
118 1092 157 1123 τὺ,
176 1092 400 1126 Εἰσελεύσομαι
425 1092 468 1123 εὶς
486 1090 538 1117 τὸν
556 1089 641 1117 οἶκόν
653 1098 714 1117 σου
727 1090 762 1116 ἐν
781 1090 850 1116 ὀλο-

61 1131 252 1165 κίιυτώμασιν
262 1141 268 1147 ·
285 1133 343 1159 ἀντὶ
357 1133 413 1164 τοῦ,
422 1132 498 1167 μετὰ
517 1131 776 1167 ὁλοκαυτωμάτων.
791 1132 847 1159 Καὶ

59 1174 202 1211 ἐξήγαγεν
220 1177 333 1210 αὐτοὺς
353 1178 387 1204 ἐν
408 1179 537 1214 ἀργιφίφ
557 1178 606 1205 καὶ
627 1179 752 1212 χρυσίῳ,
770 1188 846 1206 τουτ-

60 1217 122 1251 έστι,
142 1221 218 1255 μετὰ
243 1221 386 1256 ἀργυρίου
409 1223 457 1249 καὶ
484 1222 628 1257 χρυσίουο
649 1223 696 1249 καὶ
715 1223 764 1255 τὸ,
786 1225 846 1250 Οὐκ

56 1265 200 1302 ἐξελεύσῃ
292 1268 328 1295 ἐν
340 1268 403 1301 ταῖς
418 1268 584 1302 δυνάμεσιν
600 1268 695 1303 ἡμῶν,
708 1268 769 1295 ἀντὶ
787 1269 844 1300 τοῦ.

56 1311 113 1337 σὺν
132 1312 199 1344 ταῖς
221 1312 390 1347 δυνάμεσιν
415 1313 514 1347 ἡμῶν,
539 1313 586 1340 καὶ
612 1313 696 1348 μυρία
724 1313 846 1340 τοιαῦτα.

55 1356 139 1387 Ὀλως
156 1357 185 1383 δὲ
200 1358 290 1393 ἡδέως
309 1358 342 1384 ἂν
367 1358 480 1394 μάθοιμι
494 1358 571 1394 παρὰ
589 1359 637 1393 τῆς
657 1359 720 1390 νέας
741 1358 846 1392 σοφίας,

54 1401 130 1428 ποίαν
145 1402 306 1437 δοξολογίαν
318 1404 333 1430 ὁ
353 1404 513 1435 Ἀπόστολος
530 1404 574 1431 διὰ
589 1404 648 1436 τοῦ,
665 1405 710 1437 ἐν,
725 1405 847 1439 ῥήματος

52 1447 249 1484 ἀεπλήρωσε,
266 1449 337 1476 κατὰ
350 1449 395 1476 τὸν
406 1449 490 1477 τύπον
505 1450 534 1477 ὃν
551 1447 623 1476 οὗτοι
635 1450 683 1476 νῦν
696 1449 733 1482 ὡς
751 1450 784 1476 ὲκ
798 1450 847 1485 τῆς

52 1492 161 1528 Γμφῆς
172 1495 368 1530 ἀναφέρουσιν.
390 1495 515 1531 Οὐδαμοῦ
530 1495 585 1531 γὰρ
602 1493 680 1532 εὖρον
701 1495 847 1530 λεγόμενον

901 906 1034 941 syllabam
1054 907 1080 933 in
1103 906 1233 934 exhibere
1253 915 1364 934 sensum
1385 908 1477 935 minus
1495 908 1688 943 honoriﬁcum,

901 953 956 979 imo
971 953 1071 987 potius,
1090 953 1111 980 si
1127 960 1194 980 sane
1217 953 1378 988 accipiatur,
1393 953 1426 980 ad
1442 954 1587 982 maximam
1610 957 1690 984 celsi-

902 998 1022 1026 tudinem
1038 999 1143 1033 erigere
1165 1002 1296 1030 mentem,
1319 999 1540 1034 quandoquidem
1559 1000 1690 1029 observa~

902 1045 991 1072 vimus
1018 1044 1090 1071 hanc
1113 1044 1270 1078 frequenter
1289 1045 1417 1080 usurpari
1440 1053 1490 1080 pro
1511 1054 1580 1074 cum.
1609 1046 1686 1080 Quod

901 1097 986 1124 genus
1004 1094 1046 1117 est
1064 1089 1141 1120 illud,
1156 1088 1297 1123 Ingrediar
1311 1089 1419 1118 domum
1435 1096 1507 1119 tuam
1519 1093 1547 1120 in
1564 1092 1687 1120 holocau-

902 1127 1044 1154 tomalibus
1067 1129 1077 1143 ³
1096 1135 1166 1162 :pro
1184 1129 1227 1155 his
1239 1130 1363 1162 vocibus,
1389 1138 1447 1156 cum
1466 1131 1685 1159 Itolocautomuii-

901 1171 958 1199 bus.
985 1172 1017 1199 Et
1032 1173 1122 1200 eduxit
1142 1182 1185 1202 eos
1205 1175 1232 1202 in
1259 1180 1366 1210 argento
1383 1181 1407 1202 et
1425 1184 1491 1203 auro
1512 1179 1537 1209 ³,
1556 1177 1608 1204 hoc
1629 1183 1682 1209 est,

901 1225 959 1244 cum
976 1223 1083 1253 argento
1098 1223 1123 1246 et
1146 1228 1223 1248 auro.
1241 1220 1306 1248 Item
1320 1221 1397 1254 illud,
1418 1221 1479 1249 Non
1495 1223 1636 1257 egredieris
1656 1224 1683 1249 in

901 1264 1040 1291 virtutibus
1062 1265 1162 1292 nostris
1185 1266 1209 1298 ⁸,
1236 1274 1297 1300 pro,
1322 1274 1382 1293 cum
1408 1267 1549 1294 virtutibus
1572 1268 1683 1299 nostris,

901 1310 1008 1344 aliaque
1030 1311 1112 1346 hujus
1127 1312 1236 1346 generis
1261 1312 1479 1339 innumerabilia.
1502 1312 1619 1340 Omnino
1642 1313 1684 1339 lu-

903 1355 969 1382 bens
987 1356 1022 1383 ab
1039 1356 1091 1384 ista
1100 1364 1169 1384 nova
1186 1357 1321 1392 sapientia
1336 1356 1467 1389 didicero,
1480 1359 1586 1392 qualem
1600 1358 1682 1393 glori-

902 1400 1056 1428 ticationem
1068 1402 1216 1436 Apostolus
1230 1401 1377 1429 absolverit
1390 1410 1438 1436 per
1452 1402 1521 1429 hanc
1535 1403 1682 1444 dictionem

900 1445 938 1477 in,
952 1446 1029 1480 juxta
1047 1446 1160 1474 formam
1174 1454 1256 1482 quam
1278 1447 1323 1475 isti
1341 1455 1413 1474 nunc
1431 1452 1559 1483 tanquam
1576 1457 1592 1475 e
1606 1448 1683 1475 Scri-

901 1495 979 1526 ptura
1005 1492 1157 1527 proferunt.
1177 1493 1313 1527 Nusquam
1343 1492 1416 1519 enim
1446 1494 1535 1520 inveni
1555 1493 1656 1520 dictum
1674 1504 1680 1521 :

49 1538 88 1569 τὸ,
98 1540 144 1565 Σοὶ
160 1540 201 1574 τῷ
218 1541 310 1576 Πατρὶ
325 1542 342 1576 ὴ
357 1541 425 1577 τιμὴ
439 1541 488 1568 καὶ
510 1542 526 1576 ἠ
547 1541 610 1574 δόξα
629 1541 673 1568 διὰ
695 1540 742 1567 τοῦ
770 1549 847 1576 μονο-

944 1538 963 1564 >ἰ
982 1537 1056 1565 Patri
1077 1538 1164 1565 honor
1180 1542 1206 1566 et
1223 1538 1310 1573 gloria
1329 1545 1376 1572 per
1396 1538 1565 1574 unigenitqu
1583 1538 1681 1566 Filium

50 1585 143 1617 γενοῦς
159 1594 209 1612 σου
227 1587 297 1613 Υἱοῦ
315 1587 342 1613 ἐν
359 1587 396 1622 τῷ
411 1586 482 1622 ἁγίῳ
496 1587 648 1621 Πνεύματι·
664 1587 731 1622 ὅπερ
742 1587 848 1618 τούτοις

48 1630 104 1656 ἐστὶ
133 1631 183 1658 νῦν
207 1633 259 1658 καὶ
275 1632 369 1667 αὐτῆς,
391 1633 428 1664 ὡς
445 1634 544 1664 εἰπεῖν,
559 1633 608 1668 τῆς
625 1632 763 1667 ἀναπνοῆς
785 1641 848 1658 συν-

48 1676 207 1712 ηθέστερον.
229 1677 444 1713 Διεσπςισμένως
466 1677 514 1712 μὲν
529 1678 583 1713 γὰρ
609 1677 711 1704 τούτων
732 1677 848 1704 ἕκαστον

46 1721 119 1747 ἔστιν
141 1722 258 1758 εὑρεῖν·
283 1722 461 1758 συνημμένως
484 1720 512 1749 δὲ
532 1723 561 1749 ὲν
585 1724 618 1758 τῇ
727 1722 849 1754 συντάξει

46 1765 132 1802 ταύτῃ
146 1767 275 1801 οὐδαμοῦ
292 1767 422 1794 δεικνύειν
436 1766 551 1798 ἕξουσιν.
565 1767 648 1793 Ὥστε
660 1767 684 1793 ει
702 1767 752 1802 μὲν
769 1767 847 1802 ἀκριι

43 1808 226 1845 ϐολογοῦνται
242 1811 309 1847 περὶ
326 1811 360 1839 τὰ
379 1811 514 1847 ἔγγραφα,
529 1812 693 1844 δειξάτωσαν
709 1812 790 1839 πόθεν
804 1812 848 1839 λέ-

45 1865 154 1889 γουσιν·
180 1858 206 1883 εἰ
231 1857 263 1884 δὲ
289 1857 457 1893 συγχωροῦσι
470 1858 503 1893 τῇ
524 1857 662 1890 συνηθείᾳ,
686 1857 753 1892 μηδὲ
773 1858 848 1892 ἡμᾶς

41 1901 193 1938 ἐξειργέτω
197 1911 262 1931 σαν.

143 1949 250 1984 Ἡμεῖς
278 1947 347 1983 γὰρ,
373 1948 529 1984 ἀμφοτέρας
555 1949 583 1974 ἐν
608 1949 641 1984 τῇ
665 1948 718 1974 τῶν
743 1948 847 1975 πιστῶν

38 1993 136 2028 χρήσει
148 1993 417 2028 καταλαμὸάνοντες
499 1993 547 2025 τὰς
562 1994 666 2029 ῥήσεις,
679 1994 847 2029 ἀμφοτέραις

37 2040 223 2075 κεχρήμεθα.-
245 2039 297 2074 τὴν
314 2039 363 2074 μὲν
377 2039 456 2071 δόξαν
469 2038 508 2074 τῷ
524 2039 662 2074 Πνεύματι
683 2039 783 2074 ὁμοίως
798 2040 845 2074 ἀφ’

34 2083 179 2120 ἑκατέρας
205 2083 381 2119 πληροῦσθαι
404 2083 625 2114 πεπιστευκότες,
651 2083 714 2114 τοὺς
738 2083 766 2109 δὲ
792 2092 844 2110 κα-

34 2130 233 2165 κουργοῦντας
261 2129 311 2164 τὴν
340 2129 468 2165 ἀλήθειαν
495 2128 718 2164 ἐπιστομίζεσθαι
746 2129 846 2164 μᾶλλον

30 2175 75 2202 διὰ
92 2176 145 2212 τῆς
157 2175 357 2212 προκειμένης
373 2174 481 2207 λέξεως,
502 2175 574 2210 ἥτις,
593 2174 642 2209 τὴν
663 2174 776 2209 δύναμιν
791 2174 846 2201 τῶν

31 2206 153 2255 Γρειφῶν
179 2206 387 2256 ἱπαραλτληέίαν
408 2206 519 2255 εχουσαξ
540 2206 631 2246 οὐκέτι
654 2206 737 2246 ἐστὶν.
746 2219 846 2254 ὁμοίως
861 2206 880 2233 D

29 2267 87 2297 τοῖς
98 2265 250 2296 ἐναντίοις
262 2263 466 2299 εὐεπιχείρητος
477 2263 546 2298 (ἔστι
560 2263 588 2290 δὲ
602 2262 671 2297 αὕτη
686 2263 702 2298 ἡ
714 2263 847 2297 ἀντιλεγο-

28 2311 99 2346 μένη
115 2310 169 2336 νῦν
186 2309 275 2345 παρὰ
288 2307 401 2342 τούτων)
416 2308 476 2334 ἀντὶ
487 2306 534 2334 τοῦ
551 2307 601 2334 καὶ
617 2307 763 2342 συνδέσμου
776 2315 846 2341 παρ-

24 2356 206 2391 ειλημμένη.
226 2355 305 2380 Ἴσον
319 2353 373 2389 γάρ
392 2354 465 2380 ἐστιν
481 2353 567 2380 εἰπεῖν
577 2360 584 2368 ³
599 2352 720 2384 Παῦλος
734 2352 782 2379 καὶ
798 2354 848 2380 Σι-

24 2401 170 2433 λουανὸς
184 2399 244 2427 καὶ
263 2400 408 2433 Τιμόθεος,
420 2399 476 2432 καὶ,
489 2399 593 2430 Παῦλος
605 2399 653 2425 σὺν
664 2399 788 2434 Τιμοθέῳ
800 2399 846 2425 καὶ

25 2446 187 2482 Σι).ουανῷ.
215 2444 253 2471 Ἠ
271 2444 326 2479 γὰρ
343 2444 486 2479 συμπλοκὴ
504 2444 558 2471 τῶν
571 2444 710 2479 ὀνομάτων
732 2444 765 2470 δι’
782 2445 846 2471 ἑκα-

20 2494 110 2528 τέρας
133 2491 255 2527 ὁμοίως
272 2490 321 2525 τῆς
340 2490 521 2524 ὲκφωνήσεως
543 2489 667 2521 σώζεται.
695 2490 725 2516 Et
746 2489 844 2521 τοίνυν,

20 2538 69 2564 τοῦ
102 2537 226 2573 Κυρίου
259 2535 382 2566 εἰπόντος
401 2534 510 2569 Πατέρα
535 2535 582 2561 καὶ
607 2534 669 2560 Υἰδν
697 2535 743 2561 καὶ
769 2535 845 2568 ἅγιον

17 2584 163 2620 Πνεῦμα,
189 2581 285 2612 αὐτὸς
311 2580 416 2615 εἴποιμι
439 2580 549 2615 Πατέρα
572 2580 619 2606 καὶ
643 2580 706 2607 Υἰὸν
733 2581 781 2607 σὺν
805 2580 844 2615 τῷ

16 2630 93 2665 ἁγίῳ
111 2628 288 2663 Πνεῦματι,
303 2625 366 2653 ἄλλο
387 2634 412 2652 τι
513 2624 632 2661 εἰρηκὼς
647 2625 718 2652 κατὰ
735 2625 784 2661 τὴν
797 2625 843 2652 δύ-

14 2685 103 2712 ναμιν
116 2675 234 2710 ἔσομαι
249 2681 259 2703 ;
274 2672 328 2707 Τῆς
341 2672 369 2698 δὲ
380 2671 423 2698 διὰ
433 2671 480 2698 τοῦ
496 2671 546 2698 καὶ
560 2671 707 2706 συνδέσμου
725 2671 843 2706 συμπλο-

15 2723 70 2758 ιῆς
94 2722 158 2748 τῶν
180 2718 336 2753 ὀνομάτων
362 2718 446 2744 πολλὰ
469 2718 503 2744 τὰ
531 2717 677 2753 μαρτύρια.
705 2718 735 2745 Ἡ
758 2718 843 2752 χάρις

60 2859 194 2889 'Galat.
210 2860 260 2888 tv,
290 2855 316 2883 6.
354 2856 366 2872 ⁸
381 2854 453 2884 Psal.
467 2861 532 2887 va,
551 2855 598 2883 i3.
632 2855 642 2870 ²
663 2854 735 2881 ΡελιΙ.
755 2860 810 2886 cw,
826 2852 868 2880 5⁵1.

901 1587 977 1609 tuum
993 1584 1020 1610 in
1035 1583 1140 1618 Spiritu
1160 1589 1255 1611 sancto
1272 1593 1278 1610 :
1295 1583 1342 1618 qui
1358 1591 1448 1611 sermo
1464 1592 1537 1612 nunc
1553 1585 1613 1613 istis
1629 1587 1684 1613 usi-

900 1629 983 1655 tatior
997 1633 1039 1656 est
1055 1629 1123 1664 ipsa,
1142 1634 1171 1656 ut
1187 1629 1224 1656 ita
1241 1630 1347 1664 loquar.
1369 1629 1565 1664 respiratione.
1581 1630 1683 1658 [lorum

900 1673 1009 1708 quidem
1033 1674 1140 1709 singula
1164 1675 1310 1709 separatim
1336 1675 1459 1703 invenire
1474 1675 1548 1709 licet,
1566 1677 1683 1711 conjune

900 1719 964 1745 ctim
992 1726 1057 1746 vero
1080 1719 1169 1753 posita
1190 1720 1218 1747 in
1236 1720 1286 1747 hac
1314 1721 1521 1748 constructione
1547 1729 1683 1757 nusquam

900 1768 1030 1798 poterunt
1044 1765 1197 1792 ostendere.
1214 1765 1307 1800 Itaque
1324 1766 1347 1793 si
1360 1769 1455 1793 exacte
1468 1770 1565 1802 urgent
1577 1775 1609 1795 ea
1623 1775 1684 1802 qua:

901 1809 927 1834 in
943 1807 1091 1843 Seripturis
1111 1810 1255 1842 habentur,
1271 1810 1417 1838 ostendant
1427 1810 1500 1839 unde
1510 1812 1563 1839 ista
1576 1811 1680 1840 dicant.

900 1853 976 1886 Quod
996 1854 1018 1881 si
1037 1855 1192 1882 concedunt
1208 1856 1399 1883 consuetudini
1413 1876 1421 1889 ,
1435 1864 1524 1892 neque
1539 1865 1589 1885 nos
1601 1859 1635 1886 ab
1651 1866 1683 1886 ea

900 1899 1054 1927 excludant.

999 1943 1054 1972 Nos
1075 1945 1147 1972 enim
1172 1945 1268 1973 ambas
1288 1946 1424 1974 dictiones
1447 1947 1474 1974 in
1492 1947 1612 1974 ﬁdelium
1630 1955 1683 1976 usu

899 1989 1152 2024 deprehendentes,
1181 1991 1315 2020 ambabus
1341 1992 1461 2019 utimur:
1481 1993 1595 2028 gloriam
1621 1993 1683 2028 qui-

899 2035 960 2062 dem
977 2035 1091 2070 Spiritui
1113 2044 1146 2064 ex
1163 2044 1241 2071 aequo
1254 2045 1303 2071 per
1317 2042 1464 2072 utramque
1479 2039 1596 2073 persolvi
1616 2039 1681 2072 rati,

898 2081 939 2109 eis
955 2089 1019 2108 vero
1036 2081 1081 2116 qui
1099 2081 1248 2116 depravant
1264 2083 1416 2116 veritatem,
1438 2083 1574 2112 credimus
1589 2085 1681 2120 magis

898 2134 929 2154 os
941 2127 1062 2154 obturari
1076 2134 1125 2161 per
1139 2135 1197 2154 eam
1213 2128 1445 2162 praepositionem,
1463 2137 1524 2163 quae
1539 2137 1601 2157 cum
1622 2138 1683 2158 sen-

899 2179 960 2198 sum
981 2171 1010 2198 in
1031 2171 1181 2206 Scripturis
1201 2172 1317 2199 similem
1340 2173 1448 2206 habent,
1473 2181 1527 2201 non
1547 2175 1584 2201 ita
1602 2175 1682 2203 facile

898 2216 932 2244 ab
957 2216 1122 2244 adversariis
1151 2217 1299 2252 expugnari
1320 2222 1408 2252 potest
1429 2219 1484 2254 (est
1509 2224 1600 2247 autem
1621 2221 1681 2256 ipsa

898 2262 943 2289 illa
967 2263 1011 2289 cui
1036 2270 1109 2290 nunc
1127 2262 1161 2290 ab
1187 2263 1248 2290 istis
1269 2264 1479 2299 contradicitur)
1503 2269 1597 2300 utpote
1621 2274 1682 2302 quae

897 2316 946 2344 pro
963 2313 988 2336 et
1013 2308 1205 2343 conjunctione
1232 2313 1365 2336 sumatur.
1387 2309 1455 2337 Nam
1480 2310 1553 2339 idem
1579 2316 1622 2340 est
1643 2313 1682 2340 dia

897 2360 969 2385 cere,
994 2351 1096 2380 Paulus
1121 2358 1146 2380 et
1167 2353 1305 2385 Silvanus,
1322 2358 1348 2381 et
1370 2354 1524 2383 Timotheus
1541 2360 1569 2389 ⁸,
1585 2362 1680 2393 atque,

897 2396 997 2425 Paulus
1015 2405 1077 2424 cum
1093 2397 1236 2426 Timotheo
1255 2402 1281 2426 et
1304 2399 1425 2427 Silvano.
1440 2399 1587 2429 Nominum
1607 2403 1679 2430 enim

897 2443 1048 2474 connexio,
1083 2447 1198 2479 utraque
1227 2445 1453 2479 pronuntiatione
1479 2447 1605 2476 similiter
1623 2457 1682 2477 ser-

896 2493 985 2515 vatur.
1005 2488 1099 2524 Itaque
1124 2489 1146 2517 si
1171 2497 1233 2517 cum
1251 2489 1383 2520 Dominus
1404 2492 1504 2521 dixerit
1528 2493 1635 2523 Patrem
1655 2501 1683 2525 et

897 2533 994 2560 Filium
1010 2538 1037 2561 et
1061 2539 1186 2562 sanctum
1209 2534 1351 2570 Spiritum,
1377 2537 1436 2572 ipse
1457 2538 1558 2572 dicam,
1574 2539 1682 2569 Patrem

897 2583 923 2606 et
947 2578 1045 2607 Filium
1075 2587 1136 2608 cum
1166 2580 1270 2616 Spiritu
1300 2587 1417 2616 sancto;
1451 2584 1578 2618 aliudue,
1608 2588 1682 2621 quod

898 2625 931 2652 ad
952 2625 1094 2653 sententiae
1110 2626 1164 2653 vim
1187 2626 1294 2660 attinet,
1310 2627 1427 2656 dixero?
1449 2628 1536 2656 Porro
1553 2637 1601 2665 per
1614 2638 1682 2657 con-

896 2671 1064 2706 iunctionem
1085 2677 1110 2700 et
1137 2673 1262 2700 connecli
1286 2674 1407 2706 nomina,
1437 2674 1532 2702 multis
1555 2675 1680 2703 testimon

899 2717 951 2743 uiis
970 2717 1077 2751 probari
1100 2721 1199 2752 potest.
1226 2717 1320 2745 Gratia
1341 2720 1421 2751 alim,
1448 2719 1547 2754 inquit,
1573 2720 1680 2747 Domini
1732 2734 1736 2738 »

908 2855 918 2868 ⁸
937 2851 1009 2879 Psal.
1031 2857 1108 2885 mn,
1127 2851 1170 2879 to.
1210 2848 1244 2877 ⁸1
1260 2847 1390 2882 Themi,
1404 2848 1427 2878 Ι.
