1873 3076
102 157 147 191 785

572 157 758 188 I‘ANOPLIA
778 157 1007 187 DOGMA'HCA.
1023 168 1056 174 —
1069 157 1140 187 ΤΙΤ.
1164 155 1233 186 XII.

1654 156 1706 188 7%

103 220 145 253 τῆς
157 217 298 252 συναφείας
310 217 360 250 τὴν
373 217 490 249 ἔννοιαν,
502 216 624 251 γενέσθω
634 216 698 251 ὑμῖν
711 215 866 247 ἔνσπονδος,

961 222 991 240 nn
1005 214 1088 248 igitur
1106 215 1324 242 demonstratum
1341 218 1383 242 est
1398 214 1615 249 praepositionem
1645 222 1704 244 tum

100 265 123 290 ιι
134 265 205 296 laxet,
221 264 269 290 καὶ
292 263 434 290 παύσασθε
448 262 496 290 τοῦ
510 261 629 297 χαλεποῦ
645 262 713 296 πρὸς
726 260 868 296 αὐτὴνκαὶ

101 310 243 345 ἀκηρύκτου
254 309 385 344 πολέμου.
413 308 509 344 Ὅμως
533 307 725 343 μέντοιοῦτως
747 307 867 340 εὐσήμου

102 357 143 392 τῆς
153 357 240 392 φωνῆς
256 356 446 392 ὑπαρχούσης,
467 356 496 383 εί
507 365 546 391 τῳ
561 356 638 391 φίλον
653 356 681 382 ἐν
703 354 868 388 δοξολογίαις

103 403 127 428 ὲν
145 400 310 434 Εὑαγγελίοις
329 399 375 426 ἐπὶ
390 399 437 426 τοῦ
454 398 641 434 βαπτίσματος
665 396 873 432 μεμαθήκαμεν,

104 447 197 482 Πατέρα
207 446 254 472 καὶ
273 445 336 471 Υἱδν
353 444 400 471 καὶ
416 444 492 478 ἆγιον
510 443 635 477 Πνεῦμα·
651 441 697 467 καὶ
715 440 786 467 οὕτω
801 438 874 473 γινέ-

103 492 159 523 σθω,
173 491 255 523 οὐδεὶς
281 491 398 525 ἀντερεῖ.
422 489 483 515 Ἐπὶ
505 488 620 519 τούτοις,
642 488 666 513 εί
685 486 768 516 δοκεῖ,
789 492 874 511 κατα-

100 537 207 573 θώμεοα.
227 536 308 562 Ἀλλὰ
329 535 377 567 τὰς
393 534 518 568 γλώσσας
539 533 571 560 ἂν
588 532 712 568 πρόοιντο
731 530 839 566 μᾶλλον,

101 583 144 618 τὴν
160 581 246 617 φωνὴν
262 580 364 616 ταύτην
387 579 516 612 δέξαιντο.
534 577 619 604 Τοῦτο
637 576 685 612 μὲν
699 573 744 601 οὖν
765 575 848 604 ἐστιν,
862 571 876 598 ὃ

100 628 141 654 τὸν
154 628 302 662 ἀκήρυκτον
314 625 380 661 ἡμῖν
390 625 436 652 καὶ
450 624 580 652 ἄσπονδον
596 622 713 657 πόλεμον
727 619 874 654 ἐπεγείρει.

107 674 145 700 Ἐν
167 673 202 708 τῷ
222 672 372 707 Πνεύματι,
397 671 474 707 φησὶ,
490 669 529 705 τῷ
556 668 626 703 ἁγίῳ
650 667 699 703 τὴν
724 664 876 699 δοξολογίαν

99 718 233 746 ἀποδοτέον
243 718 282 753 τῷ
293 717 362 753 Θεῷ,
376 717 438 752 οὐχ).
452 716 481 742 δὲ
498 714 591 750 καὶτῷ
600 713 740 748 Πνεύματι
749 721 755 727 ·
770 711 817 737 καὶ
830 711 876 737 ὲκ-

99 765 227 800 θυμότατα
249 764 299 799 τῆς
313 764 404 798 φωνῆς
428 761 530 797 ταύτης
549 761 586 793 ὡς
681 757 876 792 ταπεινωτικῆς

97 811 142 838 τοῦ
157 811 310 846 Πνεύματος
336 809 518 845 περιέχονται.
537 807 606 842 Περὶ
618 803 652 842 ἧς
669 805 718 832 οὐκ
741 803 877 846 ἄχρηστον

98 857 142 883 καὶ
163 857 204 883 διὰ
225 845 400 891 μακροτέρων
421 855 517 880 εἰπεῖν.
534 849 584 878 ’Ὧν
603 849 768 879 ἀκούσαντες
791 845 873 880 οὗτοι,

97 880 379 937 δᾶᾁμᾎξαῖεξένέιιξέε
398 900 434 935 μὴ
448 900 486 931 ὼς
500 897 623 933 προδότιν
641 895 735 930 αὐτὴν,
751 892 876 928 καὶπρὸς
893 880 913 907 Β

96 949 144 984 τὴν
167 948 211 975 τοῦ
227 947 385 983 Πνεῦματος
409 945 486 977 δόξαν
513 941 715 977 αὐτομολοῦσαν
737 937 877 972 ἀποκηρύ-

94 995 180 1028 ξωσιν.

98 1183 153 1212 Τοῦ
161 1183 331 1212 αὐτοῦ.¹οτι
341 1183 461 1217 ὁσαχῶς
467 1183 585 1219 ,λέγεται
594 1185 629 1212 τὸ
641 1194 650 1211 ι
662 1185 697 1213 ἐν
709 1196 718 1212 ν
730 1193 877 1213 τοσαυτα-

132 1219 188 1252 χῶς
204 1220 265 1256 ’καὶ
295 1219 344 1256 ἐπὶ
375 1219 430 1246 τοῦ
464 1220 639 1254 Πνεύματος
677 1221 872 1256 λαμϐάνεται.

132 1253 242 1288 Κεφάλ.
255 1254 314 1287 κςα

137 1311 257 1348 Ὀσαχῶς
271 1312 382 1347 λέγεται
399 1313 430 1339 τὸ
447 1313 492 1346 ἐν,
515 1314 692 1349 τοσαυταχῶς
711 1314 876 1350 εὑρίσκομεν

93 1359 155 1390 ταῖς
178 1359 303 1395 περὶτοῦ
328 1359 489 1394 Πνεὺματος
510 1359 626 1391 ἐννοίαις
641 1361 876 1396 ὕπηρετούμενον.

91 1406 209 1438 Λέγεται
221 1405 270 1439 μὲν
280 1405 327 1432 οῦν
335 1405 364 1432 τὸ
373 1403 443 1437 εἶδος
450 1407 479 1432 ὲν
487 1407 520 1440 τῇ
530 1405 580 1441 ὕλῃ
591 1404 671 1439 εἶναι,
681 1408 727 1434 καὶ
737 1408 754 1442 ἡ
763 1407 877 1443 δύναμις

89 1452 120 1475 ὲν
137 1448 174 1483 τῷ
182 1449 310 1484 δεκτικῷ,
322 1450 369 1476 καὶ
378 1451 394 1485 ἡ
402 1450 460 1493 ἕξις
479 1451 508 1477 ἐν
522 1450 561 1486 τῷ
573 1451 633 1478 κατ’
642 1452 726 1487 αὐτὴν
733 1452 876 1488 διακειμέ-

90 1503 141 1528 νῳ,
157 1496 205 1521 καὶ
215 1495 302 1522 πολλὰ
310 1496 433 1523 τοιαῦτα.
441 1496 556 1530 Οὐκοῦν,
566 1497 634 1524 καθὸ
645 1499 694 1533 μὲν
702 1499 876 1526 τελειωτικδν

923 258 1171 293 signiﬁcantissime
1210 259 1323 287 reddere
1360 259 1564 294 coniunctionis
1601 259 1704 286 intelli-

922 306 1052 340 gentiam,
1082 305 1205 333 inducias
1220 312 1235 332 a
1256 305 1345 337 vobis,
1362 305 1386 333 si
1417 305 1535 336 videtur,
1564 305 1702 340 impetret,

920 361 952 380 ac
976 352 1099 380 desistite
1129 357 1206 379 atrox
1234 355 1260 379 et
1275 351 1445 386 implacabile
1457 352 1556 379 bellum
1575 359 1637 378 cum
1659 351 1704 378 illa

921 406 1025 435 gerere.
1075 397 1128 426 Sed
1164 403 1254 426 tamen
1300 397 1428 434 quamvis
1465 397 1524 425 haec
1555 404 1608 424 vox
1652 402 1705 424 tam

921 450 984 481 apta
1000 445 1036 472 sit
1054 444 1087 471 ad
1109 442 1331 478 signiﬁcandum,
1357 442 1380 470 si
1405 442 1450 469 cui
1468 441 1544 469 cordi
1571 441 1653 468 fuerit
1680 441 1706 467 in

923 490 1167 527 gloriﬁcationibus
1184 497 1233 524 per
1259 488 1393 524 syllabam
1407 494 1431 515 ει
1459 487 1570 515 nomina
1603 494 1707 514 cottae-

923 543 998 564 ctere
1016 539 1043 564 et
1056 535 1210 571 gloriﬁcare
1225 555 1233 568 ,
1253 533 1481 570 quemadmodum
1499 534 1526 561 in
1541 533 1708 568 Evangeliis.

925 582 970 610 ubi
983 581 1017 610 de
1031 582 1204 617 baptismate,
1222 580 1380 612 didicimus,
1399 579 1508 608 Patrem
1524 583 1552 607 et
1573 579 1671 605 Filium
1683 582 1712 606 et

926 627 1056 663 Spiritum
1072 630 1197 655 sanctum
1213 635 1221 661 ;
1237 626 1318 655 etiam
1337 626 1374 653 ita
1395 625 1451 658 ﬁat,
1468 632 1548 652 nemo
1571 624 1712 652 contradi-

925 680 1021 703 cturus
1039 679 1092 703 est.
1112 674 1169 702 llac
1197 674 1363 706 conditione,
1380 673 1404 701 si
1423 673 1541 705 videtur,
1571 672 1643 700 inter
1659 678 1714 699 nos

926 721 1140 749 consentiamus.
1171 720 1224 748 Sed
1242 719 1286 748 isti
1316 719 1398 747 cilius
1416 718 1567 754 abjecerint
1591 718 1711 751 linguas,

926 774 1008 802 quam
1028 766 1100 793 hanc
1118 773 1213 794 vocem
1234 765 1379 800 recipiant.
1401 764 1458 792 Hoc
1472 765 1556 800 igitur
1570 766 1624 796 est,
1639 763 1717 798 quod:

929 813 1007 840 nobis
1027 812 1192 840 acerrimum
1219 819 1252 840 ac
1279 811 1509 840 irreconciliabile
1536 810 1636 838 bellum
1666 817 1712 838 ει-

923 857 1004 884 citat.
1022 856 1049 883 In
1071 855 1174 891 Spiritu
1187 861 1284 884 sancto
1297 876 1305 889 ,
1327 856 1455 892 inquiunt
1467 876 1474 889 ,
1494 855 1583 883 danda
1599 857 1642 883 est
1658 855 1713 890 glo-

929 904 969 930 ria
990 903 1055 935 Deo,
1076 910 1131 930 non
1156 907 1246 930 autem
1275 908 1302 930 et
1317 903 1431 938 Spiritui
1449 911 1455 928 :
1476 906 1559 938 atque
1581 901 1713 929 acerrime

929 948 994 976 huic
1018 948 1078 976 voci
1110 952 1242 983 tanquam
1271 946 1403 982 Spiritum
1437 945 1600 982 deprimenti
1626 944 1707 971 adlne

930 998 1053 1022 rescunt.
1067 993 1105 1021 De
1123 1001 1176 1029 qua
1188 1001 1243 1021 non
1260 994 1356 1021 inutile
1371 993 1453 1021 fuerit
1467 991 1600 1027 prolixius
1614 991 1713 1018 dicere.

929 1042 998 1075 Quae
1024 1048 1086 1068 cum
1106 1039 1243 1068 audierint
1260 1040 1316 1073 isti,
1348 1039 1515 1071 demirabor,
1540 1039 1563 1065 si
1581 1044 1636 1064 non
1655 1043 1713 1063 eam

931 1091 962 1114 ut
980 1085 1157 1122 proditricem
1177 1088 1205 1113 et
1223 1085 1257 1112 ad
1275 1084 1396 1120 Spiritus
1411 1083 1525 1120 gloriam
1540 1082 1613 1111 ultro
1623 1085 1714 1109 trans-

933 1132 1024 1168 fugam
1042 1132 1234 1167 repudiabunt.

927 1183 1066 1218 Ejusdem.
1082 1185 1152 1218 Quot
1167 1186 1252 1213 modis
1263 1186 1361 1213 dicitur
1373 1187 1440 1217 «in.»
1458 1187 1567 1214 totidem
1583 1185 1667 1213 modis
1679 1186 1712 1213 de

1129 1220 1232 1256 Spiritu
1244 1223 1342 1256 accipi.
1359 1221 1443 1255 Caput
1458 1223 1503 1249 26.

961 1310 1032 1344 Quot
1046 1310 1133 1338 modis
1152 1310 1253 1338 dicitur
1267 1312 1306 1342 in.
1323 1311 1435 1340 totidem
1449 1312 1540 1341 modis
1551 1312 1709 1341 invenimus

926 1364 985 1384 eam
1008 1357 1136 1392 syllabam
1149 1356 1328 1391 conceptibus
1353 1357 1387 1384 de
1408 1357 1512 1393 Spiritu
1541 1358 1710 1386 subservire.

926 1401 993 1429 Nam
1008 1401 1094 1429 forma
1109 1401 1208 1429 dicitur
1220 1408 1281 1428 esse
1293 1401 1319 1428 in
1332 1402 1455 1433 materia,
1468 1406 1493 1429 et
1503 1403 1624 1436 potentia
1638 1401 1665 1428 in
1676 1408 1711 1428 eo

922 1450 995 1484 quod
1014 1450 1073 1482 ejus
1087 1457 1173 1486 capax
1192 1455 1245 1485 est,
1261 1455 1288 1480 et
1310 1452 1421 1481 habitus
1442 1453 1469 1480 in
1488 1460 1522 1481 eo
1541 1453 1587 1488 qui
1608 1461 1708 1482 secun-

921 1495 986 1523 dum
1011 1496 1087 1523 illum
1118 1497 1233 1526 alIectus
1268 1503 1330 1531 est,
1358 1499 1466 1534 aliaque
1490 1499 1573 1535 hujus
1598 1500 1708 1535 generis

89 1542 120 1568 τὸ
127 1541 204 1575 ἅγιον
220 1541 332 1576 Πνεῦμα
344 1541 397 1568 τῶν
413 1542 538 1576 λογικῶν,
555 1543 705 1578 ἀπαρτίζον
726 1545 815 1572 αὐτῶν
827 1545 872 1581 τὴν

963 1542 1020 1569 ulta.
1054 1542 1147 1578 itaque
1179 1548 1316 1580 quatenus
1353 1545 1472 1580 Spiritus
1509 1550 1623 1574 sanctus
1653 1546 1708 1574 vim

88 1587 240 1622 ἀκρότητα,
253 1587 300 1614 τὸν
326 1587 373 1614 τοῦ
392 1587 479 1619 εἴδους
494 1588 572 1622 λόγον
588 1589 694 1624 ἐπέχει.
712 1589 741 1616 '0
753 1590 807 1626 γὰρ
825 1600 877 1626 μη-

89 1634 152 1659 κέτι
171 1633 242 1659 κατὰ
257 1634 345 1668 σάρκα
361 1632 502 1667 ζῶν,ἀλλὰ
524 1633 665 1669 Πνεῦματι
680 1634 748 1662 Θεοῦ
774 1636 877 1670 ἀγόμε-

85 1687 146 1710 νος,
163 1678 211 1704 καὶ
225 1679 281 1710 υίὸς
295 1679 363 1705 Θεοῦ
384 1679 572 1714 χρηματίζων,
587 1681 635 1707 καὶ
656 1681 816 1717 σύμμορφος
827 1683 876 1718 τῆς

88 1725 198 1755 εἰκόνος
210 1724 259 1750 τοῦ
271 1724 336 1751 Υεοῦ
351 1724 398 1751 τοῦ
413 1725 482 1752 Θεοῦ
497 1726 652 1761 γενόμενος,
684 1727 874 1762 πνευματικὸς

86 1769 266 1804 ὀνομάζεται.
278 1771 333 1798 Καὶ
345 1771 384 1803 ὡς
396 1773 412 1807 ἡ
426 1772 540 1808 δύναμις
552 1773 600 1800 τοῦ
616 1774 681 1809 ὁρᾷν
698 1774 726 1799 ὲν
741 1773 780 1808 τῷ
792 1771 879 1807 ὑγιαίι

86 1824 164 1842 νοντι
181 1817 322 1853 ὀφθαλμῷ,
337 1817 422 1850 οὕτως
435 1819 452 1854 ἡ
473 1819 598 1854 ἐνέργεια
613 1819 660 1846 τοῦ
676 1818 834 1854 Πνεύματος
850 1819 880 1845 ὲν

84 1863 120 1897 τῇ
138 1863 330 1905 κεκαθαρμένη
343 1864 426 1900 ψυχῇ,
443 1864 488 1891 Διὸ
502 1864 547 1891 καὶ
562 1864 666 1896 Παῦλος
679 1863 787 1900 εὒχεται
808 1864 881 1897 Ἐφε-

84 1907 171 1939 σίοις,
187 1909 408 1944 πεφωτισμένους
427 1909 583 1945 ὀφθαλμοὺς
597 1910 687 1937 αὐτῶν
707 1908 777 1936 εἶναι
797 1909 826 1937 ὲν
839 1909 879 1945 τῷ

81 1954 229 1990 Πνεύματι
242 1956 292 1991 τῆς
312 1957 417 1991 σοφίας.
431 1957 486 1984 Καὶ
499 1957 537 1989 ὠς
550 1958 566 1993 ἡ
581 1958 663 1993 τέχνη
683 1958 711 1984 ὲν
728 1957 767 1993 τῷ
779 1958 878 1986 ἀναλα-

78 2001 162 2027 ϐόντι
184 2001 279 2037 αὐτὴν,
299 2001 384 2035 οὕτως
405 2003 423 2039 ἡ
442 2003 522 2039 χάρις
537 2003 584 2031 τοῦ
611 2004 770 2040 Πνεύματος
794 2005 823 2031 ὲν
839 2004 878 2040 τῷ

77 2045 290 2083 ὑποδεξαμένῳ,
305 2048 347 2074 ἀεὶ
362 2048 412 2083 μὲν
425 2049 616 2084 συμπαροῦσα,
632 2050 691 2085 οὐχὶ
701 2050 730 2077 δὲ
743 2050 790 2077 καὶ
803 2050 877 2086 ἐνερ-

74 2090 173 2124 γοῦσα.
196 2091 336 2127 διηνεκῶς.
361 2093 437 2120 Ἐπεὶ
459 2094 506 2121 καὶ
522 2096 539 2130 ἠ
556 2094 636 2131 τέχνη
658 2095 770 2130 δυνάμει
785 2095 834 2131 μὲν
848 2096 875 2122 ὲν

70 2136 120 2172 τῷ
140 2137 254 2173 τεχνίτῃ
266 2138 353 2164 ἐστίν·
369 2140 494 2175 ἐνεργείᾳ
505 2141 533 2167 δὲ
552 2141 624 2174 τότε,
642 2142 705 2168 ὁταν
719 2141 779 2168 κατ’
790 2141 875 2177 αὐτὴν

69 2182 197 2217 ἐνεργῇ.
219 2183 358 2211 οὕτωκαὶ
378 2185 408 2211 τδ
426 2185 538 2222 Πνεῦμα
562 2187 605 2214 ἀεὶ
627 2187 677 2223 μὲν
702 2187 874 2224 συμπάρεστι

923 1588 1005 1616 habet
1036 1589 1195 1624 perﬁciendi
1225 1594 1380 1618 creaturam
1403 1591 1586 1624 rationalem,
1616 1591 1709 1619 absol-

922 1639 990 1659 vens
1015 1631 1089 1660 illius
1127 1632 1283 1669 fastigium,
1318 1634 1413 1662 formae
1432 1636 1565 1663 rationem
1592 1636 1708 1664 obtinet.

922 1676 990 1705 Nam
1019 1678 1065 1712 qui
1082 1678 1138 1712 jam
1163 1687 1218 1706 non
1235 1680 1301 1707 vivit
1330 1680 1483 1708 secundum
1511 1688 1633 1713 carnem.
1662 1681 1709 1710 sed

924 1723 1029 1759 Spiritu
1050 1722 1097 1751 Dei
1116 1724 1207 1759 agitur
1223 1745 1231 1756 ,
1249 1732 1280 1752 ac
1306 1724 1392 1753 Filius
1413 1725 1461 1754 Dei
1476 1727 1634 1754 nominatur
1647 1746 1654 1759 ,
1682 1730 1711 1754 et

924 1768 1074 1797 conformis
1087 1769 1200 1804 imagini
1224 1770 1284 1798 Filii
1305 1771 1351 1799 Dei
1368 1771 1457 1800 factus
1475 1775 1527 1803 est,
1559 1771 1711 1807 spiritualis

925 1813 1038 1842 dicitur.
1056 1814 1089 1842 Et
1109 1816 1181 1843 sicut
1197 1816 1329 1844 cernendi
1354 1817 1397 1844 vis
1417 1821 1460 1845 est
1477 1818 1504 1844 in
1523 1817 1604 1845 oculo
1620 1825 1688 1845 sano
1700 1837 1710 1851 ,

926 1861 968 1888 sic
996 1862 1118 1896 operatio
1145 1861 1264 1897 Spiritus
1301 1863 1327 1890 in
1355 1863 1446 1890 anima
1473 1868 1597 1898 purgata.
1618 1863 1712 1899 quue

925 1906 1026 1935 Paulus
1045 1911 1119 1942 optat
1139 1908 1280 1943 Ephesiis,
1310 1913 1338 1936 ut
1353 1909 1449 1936 oculos
1474 1909 1592 1937 habeant
1610 1909 1712 1937 illumi—

925 1957 1005 1981 natos
1025 1953 1052 1980 in
1085 1953 1189 1989 Spiritu
1222 1955 1363 1990 sapientia:
1384 1957 1405 1982 ¹.
1431 1954 1463 1982 Ει
1482 1955 1710 1990 quemadmodum

925 2006 971 2026 ars
999 2003 1041 2027 est
1062 1999 1088 2027 in
1115 1999 1207 2035 coqui
1241 2000 1313 2027 illam
1337 1989 1454 2035 'adeptus
1477 1989 1518 2028 est
1534 2020 1541 2032 ,
1563 2002 1599 2027 ita
1623 2001 1710 2036 gratia

926 2043 1046 2080 Spiritus
1074 2046 1102 2073 in
1128 2054 1160 2073 eo
1179 2046 1227 2080 qui
1255 2046 1357 2081 recepit
1376 2054 1447 2079 eam,
1469 2055 1576 2082 semper
1599 2047 1709 2082 quidem

926 2099 1058 2128 pra-sons,
1096 2097 1123 2120 at
1150 2099 1204 2120 non
1226 2096 1357 2128 perpetuo
1374 2100 1502 2128 operans.
1519 2092 1586 2120 Nam
1615 2098 1642 2121 et
1665 2101 1711 2121 ars

925 2139 1046 2174 potentia
1072 2139 1181 2174 quidem
1197 2144 1238 2167 est
1255 2140 1282 2167 in
1309 2140 1435 2173 artiﬁce;
1457 2143 1519 2166 actu
1545 2147 1611 2168 vero
1630 2143 1688 2166 tum
1700 2159 1708 2171 ,

925 2192 986 2212 cum
1011 2184 1161 2212 secundum
1187 2185 1261 2211 illam
1291 2190 1444 2220 operatur:
1464 2185 1557 2212 itidem
1590 2184 1710 2219 Spiritus

65 2228 138 2259 τοῖς
162 2227 260 2261 ἀξίοις,
276 2230 382 2264 ἐνεργεῖ
395 2230 424 2258 δὲ
446 2219 516 2258 κατᾶ
534 2233 583 2268 τὴν
598 2219 703 2269 χρείαν,
759 2219 872 2270 ἐν’προ-

961 2238 1031 2264 mper
1049 2229 1159 2264 quidem
1188 2229 1265 2258 adest
1295 2219 1384 2265 dignis
1397 2250 1404 2262 ,
1422 2229 1614 2264 sed-operatur
1630 2233 1710 2269 prout

66 2272 223 2307 φητείαις,
248 2274 264 2309 ἢ
282 2275 310 2301 ἐν
331 2274 452 2310 ῑάμασιν,
470 2276 487 2312 ἦ
512 2277 542 2303 ὲν
554 2277 643 2309 ἄλλοις
656 2278 712 2305 τισὶ
731 2278 874 2314 δυνάμεων

60 2317 282 2352 ἐνεργήμασιν.
308 2319 368 2346 Ἔτι
390 2320 427 2353 ὡς
441 2321 471 2348 ὲν
485 2321 607 2357 σώμασιν
621 2323 721 2357 ὑγίεια,
733 2323 750 2358 ἢ
775 2323 875 2359 θερμόν

59 2371 139 2397 της,
168 2362 187 2399 ἢ
203 2364 270 2396 ὅλως
286 2366 314 2392 αἱ
341 2366 478 2402 εὐκίνητοι
503 2368 657 2400 διαθέσεις·
676 2369 747 2396 οὕτω
772 2370 819 2396 καὶ
843 2371 872 2396 ὲν

56 2407 152 2443 ψυχῇ
179 2408 310 2441 πολλάκις
328 2411 444 2447 ὑπάρχει
462 2413 492 2439 τὺ
513 2414 635 2449 Πνεῦμα,
648 2415 704 2445 τοῖς
724 2414 767 2441 διὰ
779 2414 809 2441 τὸ
822 2414 872 2450 τῆς

54 2452 196 2488 γνώμης
209 2454 347 2490 ἀνίδρυτον
366 2457 492 2490 εὐκόλως.
510 2458 543 2494 ἢν
557 2459 678 2492 ἐδέξαντο
700 2459 779 2495 χάριν
795 2460 871 2487 ἀπω-

53 2497 235 2533 θουμένοις,
251 2499 288 2536 μὴ
297 2502 453 2537 παραμένον
468 2503 534 2538 (59),
553 2501 608 2536 οἶος
630 2502 664 2540 ἦν
681 2505 694 2530 ὀ
711 2505 806 2538 Σαοὺλ,
821 2505 870 2532 καὶ

925 2283 994 2309 opus
1013 2278 1064 2306 est,
1087 2279 1134 2301 aut
1161 2275 1189 2302 in
1208 2275 1374 2310 prophetiis,
1395 2275 1485 2302 autin
1502 2275 1710 2307 sanationibus,

925 2313 971 2347 aut
986 2320 1013 2346 in
1041 2320 1103 2347 aliis
1124 2321 1318 2348 miraculorum
1342 2320 1558 2355 operationibus.
1574 2320 1710 2348 Praeterea

925 2366 995 2393 sicut
1013 2367 1040 2393 in
1067 2366 1228 2401 corporibus
1253 2370 1296 2393 est
1312 2366 1428 2400 sanitas,
1442 2369 1489 2393 aut
1510 2366 1595 2398 calor,
1615 2369 1663 2392 aut
1682 2366 1710 2392 in

925 2419 1024 2447 genere
1038 2411 1197 2439 aﬁ'ectiones
1224 2410 1303 2439 facile
1318 2411 1452 2444 mobiles;
1473 2411 1514 2439 sic
1531 2415 1556 2438 et
1572 2412 1600 2439 in
1618 2411 1709 2438 anima

925 2457 1082 2493 frequenter
1104 2461 1146 2485 est
1167 2456 1303 2491 Spiritus,
1322 2457 1348 2484 in
1362 2457 1395 2485 iis
1416 2457 1464 2492 qui
1481 2461 1592 2493 propter
1611 2457 1711 2484 mentis

925 2502 1130 2530 instabilitatem
1158 2501 1239 2529 facile
1255 2503 1369 2537 gratiam
1391 2507 1530 2538 acceptam
1549 2503 1687 2538 expellunt
1701 2523 1708 2534 ,

50 2542 92 2569 οἶ
109 2542 312 2578 ἐϐδομήκοντα
327 2544 576 2580 πρεσϐύτερσιτῶν
585 2546 650 2573 υἱῶν
662 2546 783 2582 Ἰσραὴλ,
801 2548 871 2583 πλὴν

45 2586 117 2615 τοῦ
137 2587 239 2615 Ἐλδὰδ
254 2589 300 2616 καὶ
316 2589 413 2617 Musas
436 2590 552 2624 (τούτοις
564 2592 618 2627 γὰρ
637 2592 729 2627 μόνοις
745 2593 777 2620 ὲκ
800 2594 870 2620 πάν-

42 2641 123 2659 τιαν
139 2633 273 2667 φαίνεται
290 2635 463 2669 παραμεῖναν
477 2635 507 2662 τὸ
520 2635 658 2671 Πνεῦμα),
685 2637 733 2664 καὶ
756 2638 825 2670 ὅλως
846 2638 872 2665 εἴ

41 2687 108 2710 τις
129 2678 247 2711 τούτοις
262 2680 312 2715 τὴν
328 2681 496 2716 ’προαιρεσιν
520 2682 726 2718 παραπλήσιος.
765 2684 819 2711 Καὶ
832 2683 870 2716 ὡς

36 2725 63 2752 ὁ
100 2724 197 2758 λόγος
220 2725 248 2752 δὲ
267 2726 297 2753 ὲν
327 2725 411 2761 ψυχῇ,
444 2727 510 2754 ποτὲ
531 2727 581 2762 μὲν
613 2728 651 2760 ὡς
669 2729 699 2756 τὸ
724 2729 869 2766 ἐγκάρδιον

925 2556 1095 2584 nequaquam
1120 2556 1317 2585 ,permanens:
1357 2548 1448 2583 qualis
1477 2553 1536 2576 erat
1578 2546 1657 2579 Saul,
1681 2550 1710 2576 et

923 2595 1094 2631 septuaginta
1110 2595 1238 2623 seniores
1269 2595 1387 2622 ﬁliorum
1407 2594 1500 2626 Israel.
1530 2598 1632 2628 praeter
1664 2592 1708 2620 El-

923 2641 974 2668 dad
992 2646 1019 2668 et
1045 2640 1246 2674 Modad'(nam
1270 2641 1339 2676 apud
1354 2641 1404 2669 hos
1428 2640 1501 2668 solos
1522 2647 1553 2666 ex
1581 2638 1707 2666 omnibus

923 2685 1057 2719 Spiritum
1074 2685 1209 2713 mansisse
1229 2685 1361 2721 apparet),
1378 2689 1406 2713 et
1421 2685 1448 2712 in
1461 2691 1569 2719 genere,
1595 2683 1618 2710 si
1645 2682 1707 2716 quis
1731 2682 1736 2686 ’

922 2734 965 2758 est
990 2729 1050 2758 istis
1066 2729 1150 2758 animi
1165 2737 1233 2765 prop
1244 2732 1304 2757 nsito
1325 2729 1487 2758 consimilis.
1516 2729 1582 2756 Item
1611 2734 1706 2763 quom-

96 2860 107 2874 ι
132 2857 247 2893 Ephos.
262 2866 280 2890 ι,
295 2858 336 2892 l7,
355 2859 396 2888 18.
435 2861 445 2877 ³
459 2860 536 2888 Νιιιιι.
550 2870 585 2895 Χι,
597 2862 642 2894 25,
657 2862 702 2890 26.
