1873 3076
149 165 202 199 ’187

764 162 951 194 ΕΗΤΠῩΜΗ
973 162 1148 194 ΖΣΟΑΒΕΝΙ

1725 167 1781 200 783

146 237 292 265 admodum
327 237 440 266 verbum
468 240 512 266 est
539 236 567 264 in
600 236 711 270 animo,
735 236 872 264 interdum

1043 241 1083 265 ια,
1096 232 1161 261 ποτὲ
1171 233 1198 261 δὲ
1211 233 1250 266 ὡς
1261 234 1276 261 ὁ
1290 234 1493 271 προφερόμενος
1502 235 1547 263 διὰ
1559 235 1698 274 γλώσσης.
1709 238 1782 266 οὕτω

146 283 173 310 in
199 283 282 311 corde
302 284 469 319 cogitatum,
497 282 635 311 interdum
664 287 693 310 ut
719 282 812 318 lingua
847 282 939 317 prola-

146 334 203 356 tum
224 339 231 358 :
248 331 289 357 sic
315 335 342 357 et
367 329 488 365 Spiritus
505 334 632 363 sanctus,
658 330 702 357 vel
781 336 843 356 cum
864 328 940 356 testi-

147 378 268 403 monium
284 377 386 411 praebet
402 376 510 412 spiritui
528 380 634 409 nostro,
650 380 677 404 et
696 375 797 403 clamat
808 375 836 402 in
852 374 939 402 cordi-

147 423 198 449 bus
219 423 320 450 nostris
335 442 343 454 ,
364 423 449 456 Abba,
471 421 555 449 Pater
578 421 600 454 ‘,
618 422 660 450 vel
675 429 736 449 eum
753 421 876 456 loquitur
890 427 941 456 pro

147 468 238 500 nobis,
259 469 337 503 juxta
369 469 396 495 id
416 468 490 503 quod
517 468 621 495 dictum
648 472 709 500 est,
735 467 797 495 Non
811 475 855 494 vos
877 466 941 494 estis

147 515 192 549 qui
208 514 365 548 loquimini,
399 513 445 541 sed
473 513 591 547 Spiritus
615 513 726 545 Patris,
754 513 799 548 qui
824 513 942 548 loquitur

147 561 174 586 in
189 561 259 587 vobis
284 557 305 587 ’.
322 560 381 587 Jam
401 567 466 587 vero
479 563 506 587 et
523 564 552 587 ut
573 564 659 586 totum
681 559 709 586 in
728 559 863 594 partibus,
879 558 943 593 Spi-

147 606 218 633 ritus
244 606 407 641 intelligitur
426 606 506 641 juxta
538 606 673 633 donorum
708 605 940 632 distributionem.

148 651 248 679 Omnes
272 652 346 679 enim
378 651 496 679 invicem
525 659 622 680 sumus
653 651 795 682 membra,
825 649 874 678 sed
893 650 944 677 ha-

148 696 242 723 bentes
270 696 342 723 dona
366 695 519 723 secundum
545 694 592 722 Dei
616 695 731 729 gratiam
755 693 834 720 nobis
850 691 943 719 datam

148 742 266 770 diversa.
288 743 325 770 Ea
346 748 457 778 propter
479 741 542 768 Non
563 745 648 776 potest
668 740 754 767 dicere
778 739 869 766 oculus
886 746 943 764 ma-

148 789 218 815 nui:
252 788 312 815 Non
333 797 398 823 opus
426 788 508 816 habeo
525 793 568 820 te;
601 791 648 814 aut
670 794 765 813 rursus
794 789 874 819 caput
899 791 945 818 pe-

149 833 242 860 dibus:
263 833 324 860 Non
351 838 390 860 est
405 833 470 860 mihi
484 833 556 861 vobis
573 841 638 868 opus
665 831 685 859 '.
705 831 758 859 Sed
776 830 868 858 omnia
880 829 943 865 qui-

150 878 213 905 dem
245 878 328 905 simul
357 878 497 913 complent
521 885 622 912 corpus
657 876 761 904 Christi
785 875 813 903 in
839 875 945 902 unitate

983 278 1014 305 τὺ
1033 278 1146 314 Πνεῦμα
1160 280 1190 306 τὸ
1205 280 1298 315 ἅγιον·
1315 280 1362 307 νῦν
1381 281 1430 315 μὲν
1451 281 1514 308 ὅταν
1538 286 1726 320 συμμαρτυρῇ
1742 286 1783 323 τῷ

983 325 1135 361 Πνεύματι.
1153 327 1200 354 καὶ
1217 327 1282 354 ὅταν
1298 328 1385 363 κράζῃ
1405 329 1435 355 ἐν
1454 330 1513 361 ταῖς
1536 330 1664 365 καρδίαις
1681 331 1762 366 ἡμῶν
1774 340 1780 346 ·

990 370 1072 398 Ὰϐσᾶ
1088 372 1104 398 ὀ
1116 371 1231 405 Πατήρ·
1245 372 1294 399 νῦν
1307 372 1335 399 δὲ
1353 373 1417 400 ὅταν
1431 373 1498 409 λαλῇ
1514 375 1583 410 ὑπὲρ
1599 376 1693 411 ἡμῶν,
1707 377 1780 405 κατὰ

983 415 1013 442 τὸ
1035 416 1190 452 εἰρημένον,
1216 417 1257 444 ὃτι
1275 419 1337 453 Οὐχ
1357 418 1442 453 ὑμεῖς
1457 420 1528 446 ἐστε
1553 423 1580 447 ol
1596 422 1781 455 λαλοῦντες,

983 461 1065 489 ἀλλὰ
1080 463 1112 489 τὸ
1129 463 1250 499 Πνεῦμα
1265 463 1318 490 τοῦ
1333 465 1448 499 Πατρὸς
1460 466 1492 492 τὸ
1507 467 1625 494 λαλοῦν
1641 468 1679 494 ἐν
1699 469 1780 502 ι’·μῖισ.

986 508 1056 544 ’Ἤδη
1073 509 1102 536 δὲ
1122 509 1168 536 καὶ
1190 509 1228 541 ὡς
1244 510 1302 536 ὅλον
1323 510 1352 537 ἐν
1373 511 1480 546 μέρεσι,
1497 514 1597 539 νοεῖται
1615 514 1646 539 τὸ
1667 514 1783 549 Πνεῦμα

984 556 1056 582 κατὰ
1082 556 1131 592 τὴν
1151 555 1206 583 τῶν
1227 557 1405 592 χαρισμάτων
1427 558 1567 594 διανομήν.
1596 561 1704 591 Πάντες
1728 562 1782 595 γὰρ

984 601 1107 637 ἀλλήλων
1123 602 1206 638 ὲσμὲν
1220 603 1298 638 μέλη,
1310 603 1424 638 ,ἔχοντες
1434 603 1462 631 δὲ
1475 605 1631 640 χαρίσματα
1647 606 1722 633 κατὰ
1734 608 1781 641 τὴν

984 648 1063 683 χάριν
1076 648 1122 675 τοῦ
1136 648 1203 676 Θεοῦ
1217 649 1266 685 τὴν
1280 649 1403 676 δοθεῖσαν
1414 651 1480 685 ἡμῖν
1490 651 1617 687 διάφορα.
1635 653 1687 678 Διὰ
1701 654 1781 679 τοῦτο

984 695 1026 721 Οὐ
1042 694 1167 722 δύναται
1183 696 1200 722 ό
1217 695 1370 730 ὀφθαλμὸς
1383 697 1479 723 εἰπεῖν
1500 697 1538 731 τῇ
1559 699 1647 732 χειρὶ,
1670 700 1781 733 Χρείαν

982 749 1041 769 σου
1064 742 1120 769 οὐκ
1146 742 1223 777 ἔχω·
1248 743 1267 777 ἢ
1287 742 1382 770 πάλιν
1409 743 1428 776 ἡ
1455 744 1571 778 κεφαλὴ
1601 745 1664 778 τοῖς
1691 748 1779 777 ποσὶ,

983 788 1091 822 Χρείαν
1102 788 1186 824 ὑμῶν
1204 790 1260 817 οὐκ
1275 789 1343 824 ἔχω.
1366 790 1445 816 Ἀλλὰ
1459 790 1547 817 πάντα
1559 790 1608 825 μὲν
1624 792 1695 826 ὁμοῦ
1711 801 1781 827 συμ-

984 833 1084 869 πληροῖ
1093 834 1124 860 τὸ
1139 834 1218 870 σῶμα
1229 834 1277 861 τοῦ
1291 835 1410 871 Χριστοῦ
1424 835 1453 863 ἐν
1468 837 1501 871 τῇ
1512 836 1619 871 ὲνότητι
1636 837 1683 864 τοῦ
1697 839 1722 864 Π
1732 838 1781 864 ‘55-

985 887 1083 916 ματος·
1100 879 1227 916 ἀλλήλοις
1242 880 1271 906 δὲ
1294 881 1448 916 ἀναγκαίαν
1464 881 1512 918 τὴν
1527 883 1558 908 ἐκ
1570 882 1623 908 τῶν
1637 884 1782 917 χαριτμὰ-

153 922 289 957 Spiritus;
307 923 494 950 necessariam
524 926 615 949 autem
633 921 779 949 utilitatem
802 920 855 947 sibi
874 920 892 946 ir

1052 924 1220 952 ἀντιδίδωσιν
1234 924 1377 960 ὠφέλειαν.
1398 926 1428 953 '0
1444 927 1492 962 μὲν
1503 926 1556 962 γὰρ
1570 927 1635 959 Θεὸς
1655 928 1735 954 ἔθετο
1748 929 1781 955 τὶ

151 977 210 995 cum
244 968 363 996 reddunt
385 977 417 996 ex
437 968 528 996 donis.
553 968 625 996 Deus
656 967 729 995 enim
750 967 842 1002 posuit
859 973 946 994 mem-

152 1015 201 1041 lzra
217 1014 242 1041 in
269 1006 385 1050 ('o'rpor-e
397 1013 649 1049 “unumquodque
670 1013 779 1040 illorum
801 1016 830 1039 ut
847 1011 943 1039 voluit.

153 1057 272 1085 Dlemhra
289 1065 379 1086 autem
399 1058 522 1086 eamdem
544 1059 644 1085 habent
668 1065 717 1093 pro
735 1065 764 1085 se
783 1061 876 1084 rnntuo
891 1056 947 1084 sol-

153 1104 324 1135 licitudinem
338 1125 345 1137 ,
366 1104 445 1138 juxta
468 1103 642 1139 spiritualem
669 1108 771 1130 mutuae
794 1101 947 1130 affectionis

154 1150 221 1185 ipsis
252 1150 341 1177 insita:
369 1150 603 1177 communionem.
636 1148 730 1183 quue
758 1148 817 1176 Siue
844 1147 948 1182 patitur

154 1204 235 1223 unum
266 1195 430 1227 membrum,
457 1203 512 1221 una
535 1202 596 1221 cum
624 1202 653 1220 eo
686 1194 826 1227 patiuntur
856 1193 946 1220 omnia

153 1241 271 1269 membra
290 1250 299 1268 :
324 1241 376 1268 sive
403 1240 572 1276 gloriﬁcatur
601 1247 684 1266 unum
710 1238 875 1271 membrum,
908 1238 948 1265 si-

155 1288 211 1314 mul
237 1286 352 1322 gaudent
378 1287 469 1314 omnia
489 1285 607 1312 membra
634 1282 654 1312 ⁵.
687 1283 796 1311 Rursus
814 1282 946 1318 quemad-

157 1334 269 1361 modum
293 1337 385 1368 partcs
405 1335 470 1359 sunt
490 1332 517 1358 in
533 1335 601 1364 toto,
620 1331 658 1357 ita
680 1330 780 1365 singuli
797 1336 893 1357 sumus
918 1329 947 1356 in

156 1379 273 1414 Spiritu,
300 1386 333 1406 eo
354 1378 427 1413 quod
446 1384 543 1404 omnes
562 1377 589 1403 in
612 1383 667 1403 uno
687 1383 803 1411 corpore
819 1376 846 1402 in
861 1381 947 1401 unum

156 1425 289 1460 Spiritum
304 1423 435 1458 baptizati
449 1430 555 1450 sumus.

255 1469 341 1496 Porro
366 1469 440 1504 quod
460 1469 561 1495 mirum
592 1467 668 1494 dictu
695 1467 842 1499 videbitur,
861 1466 948 1494 nihilo

156 1520 247 1542 tamen
274 1516 366 1542 minus
392 1522 487 1541 verum
517 1517 580 1546 est;
602 1513 684 1540 etiam
699 1512 783 1540 veluti
801 1512 879 1539 locus
897 1519 945 1539 eo-

155 1570 216 1589 rum
232 1561 278 1597 qui
302 1560 529 1593 sanetiticantur,
549 1566 738 1594 saepenumero
769 1558 869 1586 dicitur
886 1557 947 1593 Spi-

156 1595 248 1635 ritus;
262 1606 295 1633 Et
323 1607 459 1634 constabit
473 1614 508 1633 ne
534 1606 587 1633 hoc
608 1606 718 1640 quidem
743 1604 872 1640 loquendi
900 1595 977 1639 θεοῦ

157 1662 222 1682 nere
253 1653 369 1680 diminui
402 1653 553 1687 Spiritum,
587 1652 636 1680 sed
667 1651 813 1687 gloriﬁcari
845 1650 947 1685 potius.

158 1700 223 1727 Nam
248 1700 358 1727 nomina
377 1699 529 1734 corporalia
556 1698 639 1726 etiam
659 1698 692 1725 ad
723 1697 878 1733 spirituaies
904 1697 947 1724 in-

159 1745 333 1781 telligentias,
347 1745 491 1773 evidentiae
507 1745 606 1780 gratia,
627 1744 784 1780 frequenter
805 1743 949 1778 Scriptura

157 1791 300 1819 transfert.
319 1790 533 1819 Observavimus
554 1790 636 1825 igitur
663 1793 690 1817 et
710 1789 886 1817 Psalmodum
914 1787 949 1815 de

159 1837 216 1865 Deo
236 1838 391 1872 loquentem
408 1857 415 1870 ,
445 1836 510 1864 Esto
544 1836 608 1863 mihi
624 1837 650 1863 in
665 1835 749 1863 Deum
763 1839 947 1870 protectorem,

159 1889 184 1912 et
211 1885 238 1911 in
262 1885 348 1911 locum
380 1884 531 1914 munitum,
559 1886 588 1909 ut
615 1882 718 1909 salvum
742 1889 782 1908 me
814 1881 899 1916 [arias
925 1882 947 1907 '.

160 1929 198 1958 De
215 1930 318 1964 Spiritu
338 1937 420 1962 vero,
450 1928 518 1956 Ecce
537 1928 611 1955 locus
624 1948 631 1960 ,
659 1927 766 1962 inquit,
795 1926 865 1960 apud
888 1933 947 1959 me,

160 1981 184 2003 et
202 1981 245 2002 sta
269 1983 348 2010 super
377 1979 479 2010 petram
506 1978 516 1993 ⁸
546 1981 553 2000 :
579 1973 644 2008 quid
663 1973 736 2000 aliud
752 1973 891 2007 appellans
906 1972 948 1998 lo-

161 2029 241 2053 cum,
270 2021 324 2048 nisi
349 2021 480 2048 visionem
500 2020 526 2046 in
547 2019 671 2053 Spiritu,
701 2019 727 2045 in
749 2025 802 2053 qua
826 2025 888 2044 cum
905 2025 949 2045 es-

162 2071 203 2096 set
219 2067 331 2102 Moyses,
347 2066 436 2101 potuit
453 2065 545 2092 videre
566 2064 650 2091 Deum
671 2063 812 2091 evidenter
831 2063 883 2098 ipsi
898 2069 947 2097 ap-

158 2111 388 2148 pzu-entemiﬂic
415 2114 458 2138 est
488 2111 565 2138 locus
591 2117 661 2137 verae
689 2109 859 2137 adorationis
885 2115 949 2143 pro-

159 2160 245 2194 prius.
271 2157 382 2184 Attende
404 2157 485 2188 enim,
515 2156 625 2191 inquit,
658 2163 690 2182 ne
711 2155 807 2189 offeras
821 2153 948 2180 holocau-

159 2209 261 2232 tomata
288 2208 333 2230 tua
363 2203 391 2229 in
407 2202 498 2238 quovis
514 2202 582 2236 loco,
613 2201 658 2228 sed
684 2202 711 2228 in
734 2201 791 2228 loco
810 2208 950 2236 quemcun-

985 973 1053 1009 μέλη
1074 973 1103 999 ὲν
1119 972 1160 1007 τῷ
1179 973 1297 1008 σώματι,
1316 973 1344 1000 ἓν
1361 973 1478 1000 ἕκαστον
1498 974 1587 1000 αὐτῶν
1606 974 1699 1006 καῡὼς
1717 975 1783 1009 ilbi-

983 1019 1059 1055 λησε.
1076 1019 1116 1045 Τὰ
1134 1018 1226 1054 μέντοι
1241 1018 1309 1054 μέλη
1322 1019 1353 1045 τὸ
1369 1019 1435 1046 αὑτδ
1453 1019 1623 1055 μεριμνῶσιν
1640 1019 1714 1055 ὑπὲρ
1734 1021 1783 1046 άλ-

983 1064 1083 1099 λήλων,
1107 1063 1178 1091 κατὰ
1191 1064 1242 1100 τὴν
1268 1064 1457 1100 πνευματικὴν
1479 1065 1621 1091 κοινωνίαν
1640 1066 1690 1100 τῆς
1712 1074 1784 1099 συμ-

984 1110 1098 1142 παθείας
1110 1110 1202 1142 αὐτοῖς
1218 1110 1404 1147 ὑπαρχούσης.
1421 1110 1522 1146 Διόπερ
1538 1111 1606 1137 Εἴτε
1617 1111 1733 1145 πάσχει
1748 1112 1785 1138 ἓν

981 1156 1086 1191 μέλος,
1098 1156 1275 1191 συμπάσχει
1287 1156 1386 1185 πάντα
1397 1157 1433 1184 τὰ
1442 1157 1521 1192 μέλη
1531 1167 1537 1173 ι
1552 1158 1611 1184 εἶτε
1624 1157 1783 1190 δοξάζεται

983 1204 1018 1230 ἐν
1030 1202 1133 1237 μέλος,
1149 1195 1307 1239 συγχαίξοει
1321 1203 1419 1231 πάντα
1432 1204 1468 1230 τὰ
1480 1203 1569 1238 μέλη.
1584 1205 1638 1231 Καὶ
1650 1204 1687 1236 ὡς
1707 1206 1783 1239 μέρη

984 1248 1013 1275 δὲ
1028 1249 1057 1275 ὲν
1073 1248 1136 1283 ὅλῳ,
1154 1249 1179 1276 οἱ
1203 1248 1263 1276 καθ’
1287 1249 1334 1276 ἕνα
1354 1250 1436 1285 ἐσμὲν
1454 1251 1483 1276 ὲν
1503 1250 1541 1285 τῷ
1564 1251 1719 1285 Πνεύματι·
1741 1253 1785 1278 ὅτι

984 1295 1010 1322 0i.
1033 1294 1134 1327 πάντες
1156 1296 1185 1323 ὲν
1211 1296 1253 1324 ἐν).
1271 1295 1389 1332 σώματι,
1412 1297 1453 1328 εἰς
1475 1296 1504 1323 ἓν
1526 1297 1636 1333 Πνεῦμα
1663 1298 1785 1324 ἐϐαπτί-

986 1341 1036 1379 σθη
1040 1351 1096 1378 μεν.

1086 1474 1119 1501 Ὃ
1133 1474 1162 1500 δὲ
1176 1473 1328 1509 παράδοξον
1345 1473 1394 1510 μὲν
1408 1474 1505 1506 εἰπεῖν,
1520 1474 1618 1510 ἀληθὲς
1629 1474 1657 1501 δὲ
1669 1476 1784 1509 οὐδενὸς

984 1519 1095 1547 ἔλαττον
1117 1540 1124 1551 ,
1190 1519 1230 1546 ὅτι
1243 1520 1290 1547 καὶ
1300 1520 1337 1552 ὡς
1350 1519 1426 1556 χώρα
1440 1519 1494 1547 τῶν
1509 1520 1696 1556 ἁγιαζομένων
1714 1523 1784 1549 πολ-

983 1566 1062 1598 λάκις
1076 1566 1106 1593 τὺ
1120 1565 1235 1602 Πνεῦμα
1253 1567 1371 1602 λέγεται.
1388 1567 1443 1593 Καὶ
1458 1568 1608 1602 φανήσεται
1624 1568 1684 1593 οὐδὲ
1699 1566 1784 1601 οὗτος

984 1613 998 1639 ὁ
1012 1613 1113 1648 τρόπος
1201 1612 1431 1648 κατασμικρύνων
1446 1611 1476 1638 τὸ
1489 1611 1610 1645 Πνεῦμα,
1623 1612 1690 1638 ἀλλὰ
1710 1614 1785 1648 μᾶλ-

984 1658 1029 1686 λον
1053 1658 1182 1691 δοξάζων.
1201 1657 1242 1685 Τὰ
1261 1658 1315 1694 γάρ
1339 1667 1380 1685 τοι
1401 1658 1545 1693 σωματικὰ
1567 1658 1620 1684 τῶν
1636 1659 1784 1694 ὀνομάτων

985 1705 1031 1731 καὶ
1051 1705 1097 1730 ὲπὶ
1113 1704 1162 1736 τὰς
1177 1704 1366 1740 πνευματικὶις
1390 1705 1494 1736 ἐννοίας
1517 1705 1661 1740 ἐναργείας
1682 1705 1785 1732 ἕνεκεν

985 1751 1115 1783 πολλάκις
1131 1751 1145 1777 ὁ
1160 1750 1238 1785 λόγος
1251 1751 1437 1786 μετακομίζει.
1454 1751 1653 1787 Τετηρήκαμεν
1668 1749 1717 1778 οὖν
1732 1753 1785 1778 καὶ

984 1798 1031 1824 ἐπὶ
1047 1798 1093 1825 τοῦ
1110 1797 1177 1825 Θεοῦ
1193 1798 1239 1824 τὸν
1252 1797 1406 1833 Ψαλμῳδδν
1421 1797 1549 1831 λέγοντα·
1562 1797 1659 1824 Γενοῦ
1671 1806 1725 1832 μοι
1738 1800 1785 1832 εἰς

986 1844 1061 1872 Θεὸν
1079 1843 1323 1878 ὐπερασπιστὴγ,
1343 1843 1393 1870 καὶ
1414 1844 1458 1876 εις
1477 1843 1570 1870 τόπον
1593 1843 1704 1878 ὀχυρὰν
1727 1844 1785 1871 τοῦ

984 1890 1084 1917 σῶσαι
1096 1898 1145 1925 με,
1171 1890 1239 1926 Περὶ
1256 1889 1285 1916 δὲ
1306 1889 1355 1916 τοῦ
1379 1889 1549 1924 Πνεύματος,
1576 1889 1653 1916 Ἰδοὺ
1673 1890 1783 1923 τόπος.

985 1936 1063 1972 φησὶ,
1089 1937 1158 1970 παρ’
1176 1935 1252 1970 ἐμοὶ,
1276 1935 1326 1963 καὶ
1350 1935 1439 1970 στῆθι
1453 1935 1503 1962 ἐπὶ
1525 1934 1581 1968 τῆς
1596 1934 1728 1968 πέτρας·
1757 1936 1786 1962 τί

986 1981 1049 2009 ἄλλο
1065 1981 1152 2015 λέγων
1172 1981 1218 2008 τὸν
1233 1981 1316 2008 τόπον
1337 1981 1353 2017 ἢ
1368 1980 1418 2016 τὴν
1439 1981 1468 2006 ὲν
1483 1980 1623 2015 Πνεύματι
1648 1979 1784 2015 Θεωρίαν,

985 2028 1015 2054 ὲν
1066 2028 1222 2063 γενόμενος,
1237 2027 1347 2054 ἐδύνατο
1363 2027 1428 2054 ἰδεῖν
1447 2026 1575 2061 Ἡωστῶς
1592 2025 1786 2061 ὲμφανιζόμε-

986 2082 1032 2101 νον
1045 2073 1120 2108 αὐτῷ
1134 2074 1181 2100 τὸν
1198 2073 1263 2100 Θεὸν
1282 2074 1296 2100 ὁ
1318 2073 1437 2108 Μωῦσῆς
1451 2080 1458 2105 ;
1478 2069 1561 2104 Οὗτός
1583 2073 1657 2098 ἐστιν
1668 2074 1682 2099 ὁ
1695 2072 1784 2104 τόπος

987 2121 1002 2146 ὁ
1017 2121 1066 2156 τῆς
1088 2120 1217 2156 ἀληθινῆς
1235 2119 1362 2155 λατρείας
1380 2119 1457 2151 ἴδιος.
1556 2119 1693 2153 Πρόσεχε
1712 2120 1783 2154 γὰρ,

988 2167 1066 2202 φησὶ,
1086 2165 1129 2201 μὴ
1154 2164 1320 2199 ἀνενέγκῃς
1341 2164 1377 2191 τὰ
1399 2163 1632 2198 ὁλοκαυτώματα
1657 2172 1718 2191 σου
1749 2166 1785 2193 ἐτ-

987 2211 1076 2240 παντὶ
1091 2213 1182 2244 τόπῳ,
1204 2211 1272 2238 ἀλλ’
1286 2211 1321 2238 ὲν
1343 2209 1383 2243 τῷ
1401 2210 1491 2244 τόπῳ,
1508 2206 1533 2242 ᾧ
1556 2209 1595 2236 ἂν
1620 2209 1786 2244 ἐκλέξηται

157 2258 206 2286 que
225 2249 329 2284 elegerit
359 2248 484 2275 Dominus
521 2247 591 2274 Deus
617 2251 677 2273 tuus
702 2248 724 2273 ⁷.
752 2246 831 2279 Quod
866 2246 896 2281 ig‘

1045 2267 1094 2291 νιος
1112 2259 1128 2285 ό
1153 2257 1225 2290 Sed;
1242 2264 1311 2284 σου.
1335 2256 1415 2282 Ποῖον
1438 2253 1485 2283 οὖν
1508 2256 1582 2283 ἐστιν
1598 2255 1784 2291 ὁλοκαύτωμσ

156 2300 199 2325 est
224 2295 415 2322 holocantoma
442 2291 602 2327 spiritnaie?
625 2291 797 2319 Sacriﬁcium
814 2291 924 2319 laudis8
938 2312 947 2323 .

156 2338 217 2373 Quo
244 2341 271 2367 in
301 2340 361 2368 loco
378 2340 430 2368 hoc
452 2340 598 2368 offeremus
612 2361 620 2373 ,
641 2341 694 2369 nisi
713 2341 740 2369 in
757 2341 859 2377 Spiritu
877 2349 941 2369 san-

156 2385 223 2412 cto?
246 2384 297 2413 Ubi
322 2386 372 2412 hoc
396 2385 568 2413 didicimus?
595 2385 635 2412 Ab
657 2386 716 2420 ipso
736 2385 852 2414 Domino
900 2386 941 2414 di-

158 2433 237 2457 cente
249 2450 256 2460 ,
282 2429 341 2457 Veri
355 2429 510 2457 adoratores
538 2430 686 2456 adorabunt
720 2430 826 2457 Patrem
841 2431 869 2457 in
885 2430 945 2465 Spi-

158 2475 212 2501 ritu
239 2479 264 2501 et
291 2466 399 2502 veritate
422 2480 443 2502 ν.
473 2474 551 2502 Hunc
574 2475 665 2502 locum
682 2482 744 2502 cum
772 2476 884 2503 vidisset
898 2475 945 2502 Ja-

159 2518 211 2545 eob
228 2519 296 2546 dixit
315 2527 321 2545 :
340 2519 470 2547 Dominus
484 2524 523 2547 est
539 2521 566 2547 in
585 2520 641 2547 loco
659 2520 707 2547 hoc
721 2521 750 2549 ".
767 2520 860 2556 itaque
884 2520 946 2556 Spi-

162 2565 231 2590 ritus
247 2571 309 2592 vere
328 2564 406 2592 locus
429 2570 471 2593 est
487 2569 655 2592 sanctorum.
683 2564 800 2594 Sanctus
830 2566 922 2593 itidem
936 2586 943 2598 ,

163 2610 239 2637 loeus
255 2609 430 2644 est.Spiritui
448 2611 576 2645 proprius
594 2630 600 2641 ,
630 2619 662 2638 ac
690 2612 793 2646 prabet
822 2612 942 2645 seipsnm

164 2657 193 2679 ut
219 2653 350 2680 inhabitet
377 2661 440 2680 eum
462 2654 515 2681 Deo
530 2674 536 2686 ,
567 2662 599 2681 ac
615 2655 745 2690 templum
775 2655 850 2682 illius
867 2662 948 2682 voca-

165 2705 217 2726 tur.
250 2700 326 2727 Sieut
342 2699 414 2727 enim
439 2699 465 2727 in
485 2700 594 2727 Christo
619 2700 740 2735 loquitur
764 2699 948 2732 Paulus,Ca-

165 2753 222 2772 ram
242 2744 308 2775 Deo,
328 2745 431 2779 inquit,
450 2745 476 2771 in
495 2744 600 2772 Christo
624 2745 755 2779 loquimur
768 2745 787 2762 ¹¹
808 2748 855 2771 :et
868 2743 948 2770 Chri-

166 2793 224 2816 stus
241 2789 267 2816 in
292 2788 377 2817 Paulo
389 2809 397 2822 ,
428 2790 502 2817 velut
531 2791 590 2825 ipse
604 2790 662 2822 ait,
685 2790 726 2817 An
743 2789 948 2823 experimentum

197 2842 206 2857 ¹
222 2841 302 2868 Rom.
316 2848 374 2874 VIII,
389 2840 432 2872 16,
454 2841 498 2867 l5.
549 2842 560 2856 '
584 2842 681 2871 Matth.
701 2852 728 2874 x,
746 2845 790 2872 20.

843 2845 853 2861 ³
878 2845 957 2873 ICor
981 2853 1031 2878 ιιι,
1065 2846 1110 2875 2i.
1149 2847 1159 2862 ⁸
1183 2846 1246 2874 ibid.
1268 2847 1313 2874 ‘26.
1351 2847 1362 2864 ⁵
1387 2845 1459 2873 Psal.
1480 2855 1544 2876 xxx.
1577 2845 1605 2872 5.

986 2302 1186 2339 πνευματικόνς
1211 2302 1242 2328 Ἡ
1260 2301 1340 2328 Θυσία
1361 2300 1411 2336 τῆς
1427 2300 1567 2332 αἰνέσεως.
1590 2300 1731 2339 ’ῐξνᾼποίιρ
1755 2303 1785 2329 δὲ

990 2337 1065 2378 τάπῴ
1087 2344 1187 2378 ταύτην
1208 2342 1410 2377 προσφέρομεν,
1427 2339 1444 2375 ἢ
1537 2339 1567 2365 ἑν
1587 2337 1626 2372 τῷ
1640 2337 1785 2372 Πνεῦματι

988 2388 1033 2423 ,τῷ
1046 2388 1130 2423 thyio);
1152 2387 1206 2414 Ποῦ
1222 2387 1300 2414 τοῦτο
1322 2385 1536 2421 μεμαθήκαμεν;
1549 2383 1617 2417 Παρ*
1629 2381 1713 2408 αὑτοῦ
1737 2382 1787 2408 τοῦ

995 2434 1096 2470 Κυρίου
1112 2433 1235 2468 λέγοντος
1246 2453 1253 2464 ,
1267 2433 1307 2459 ὅτι
1324 2433 1356 2458 Ol
1369 2429 1506 2464 ἀληθινοὶ
1527 2427 1737 2463 προσκυνηταὶ
1752 2428 1788 2453 ἐν·

995 2479 1142 2513 Πνεύματι
1158 2478 1208 2505 καὶ
1227 2477 1351 2510 ἀληθείᾳ
1364 2473 1616 2510 προσκυνήσουσι
1628 2472 1669 2504 τῷ
1680 2473 1787 2507 Πατρι.

995 2524 1094 2551 Τοῦτον
1113 2524 1158 2550 τὸν
1175 2523 1257 2550 τόπον
1281 2521 1342 2548 ἰδὼν
1361 2523 1375 2548 ό
1401 2519 1506 2552 Ἰακὼϐ,
1527 2519 1590 2555 ἔφη,
1614 2518 1655 2544 ὅτι
1677 2518 1789 2552 Κύριος

994 2569 1030 2596 ἐν
1042 2568 1081 2602 τῷ
1094 2570 1174 2600 τόπῳ
1185 2569 1288 2600 τούτῳ.
1306 2567 1386 2593 Ὥστε
1401 2565 1432 2592 τὸ
1451 2564 1562 2599 Πνεῦμα
1577 2563 1659 2593 τόπος
1676 2562 1789 2597 ἀληθῶς

995 2614 1049 2641 τῶν
1064 2614 1158 2648 ἁγίων.
1177 2613 1232 2640 Καὶ
1247 2614 1262 2639 ὁ
1276 2613 1352 2646 ἅγιος
1370 2610 1450 2643 τόπος
1464 2609 1563 2639 οἰκεῖος
1648 2606 1689 2640 τῷ
1704 2605 1791 2632 [Iv-zz}-

998 2669 1063 2696 ματι
1083 2659 1247 2697 ἐμπαρέχων
1271 2657 1366 2684 ἑαυτδν
1394 2655 1462 2692 πρὸς
1481 2654 1620 2688 ἐνοίκησιν
1637 2652 1688 2686 τὴν
1717 2651 1789 2686 μετὰ

997 2705 1074 2737 Θεοῦ,
1091 2705 1137 2731 καὶ
1150 2704 1212 2735 ναὸς
1233 2702 1314 2730 αὐτοῦ
1333 2701 1521 2738 χρηματίζων.
1542 2699 1587 2733 Ὡς
1601 2697 1656 2738 γὰρ
1675 2697 1703 2722 ὲν
1720 2697 1790 2730 Χρι-

998 2750 1052 2786 στῷ
1076 2750 1150 2776 λαλεῖ
1173 2749 1292 2780 Παῦλος·
1312 2745 1502 2775 Κατενώπιον
1518 2743 1585 2778 γὰρ,
1608 2743 1688 2777 φησὶ,
1711 2740 1788 2768 Θεοῦ

996 2795 1031 2822 ἐν
1044 2794 1159 2828 Χριστῷ
1178 2794 1346 2828 λαλοῦμεν
1364 2792 1410 2819 καὶ
1433 2790 1549 2826 Χριστὸς
1565 2789 1594 2815 ὲν
1613 2788 1726 2822 Παύλῳ,
1751 2786 1789 2818 ὡς

1658 2847 1670 2864 ⁸
1702 2846 1786 2875 Exod.

161 2883 259 2909 sum,
281 2876 327 2904 21.
364 2877 373 2892 ⁷
392 2875 471 2902 Dent.
492 2883 542 2908 xu,
565 2876 608 2904 l3.
646 2878 657 2893 '
676 2878 746 2906 Psal.
763 2888 835 2913 xux,
857 2881 900 2908 Η.
937 2875 1039 2908 'Joaii.
1069 2890 1104 2914 ιν,
1120 2881 1165 2908 95.
1204 2881 1224 2897 ¹⁰
1245 2882 1312 2909 Gen.
1336 2889 1430 2914 xxrnt,
1449 2882 1490 2909 ιδ.
1530 2875 1549 2899 ιλ
1564 2880 1585 2908 ll
1605 2881 1671 2909 Cor.
1688 2889 1717 2914 ιι.
1745 2882 1788 2912 i7.
