1873 3076
74 157 120 190 789

76 228 145 260 αὐτὸς
159 227 226 261 λέγει
237 235 245 243 θ
264 227 302 254 Ἠ
319 226 447 262 δοκιμὴν

73 273 225 304 λαλοῦντος
243 272 389 306 Χριστοῦ;
411 271 482 298 οὕτω
497 272 544 298 καὶ
565 273 593 298 ὲν
612 272 750 307 Πνεύματι
769 271 844 298 λαλεῖ

73 318 103 344 τὰ
118 318 255 354 μυστήρια,
272 318 318 344 καὶ
332 317 362 344 τὸ
376 317 488 353 Πνεῦμα
503 317 583 344 πάλιν
598 317 672 344 λαλεῖ
685 319 713 344 ἐν
724 316 806 352 αὐτῷ.

155 364 194 390 Ἐν
205 363 253 398 μὲν
263 360 308 391 οὖν
319 364 375 395 τοῖς
386 364 525 398 γεννητοῖς
603 362 673 389 οὕτω
684 361 843 397 πολυμερῶς

71 408 113 435 καὶ
128 408 295 444 πολυτρόπως
306 409 404 435 ἐνεῖναι
415 408 521 442 λέγεται
531 407 561 434 τὸ
570 407 682 443 Πνεῦμα
693 416 699 422 ·
716 407 802 442 Πατρὶ
815 405 843 432 δὲ
865 426 869 429 η

70 455 111 480 καὶ
125 454 177 488 Υίῷ
194 454 253 489 οὐχὶ
271 454 370 481 ἐνεῖναι
395 454 505 489 μᾶλλον,
522 453 591 480 ἀλλὰ
614 454 733 480 συνεῖναι
756 453 844 478 εἰπεῖν

70 500 258 534 εὐσεϐέστερον.
276 499 308 526 Ἦ
323 499 373 534 μέν
394 499 449 534 γὰρ
470 499 534 534 παρ’
547 497 629 525 αὐτοῦ
644 498 724 533 χάρις
739 497 844 524 οἰκοῦν-

68 552 109 575 τος
122 545 148 570 ἐν
164 545 217 576 τοῖς
233 544 329 576 ἀξίοις,
352 544 400 570 καὶ
424 542 596 579 ἐνεργοῦντος
612 543 647 570 τὰ
667 542 774 574 ἑαυτοῦ,
794 551 845 568 κα-

68 587 116 620 λῶς
134 588 294 623 ἐνυπάρχειν
313 588 370 619 τοῖς
390 587 524 618 δεκτικοῖς
542 586 623 614 αὐτοῦ
641 586 766 621 λέγεται·
781 587 798 622 ἡ
816 586 844 613 δέ

68 633 217 668 προαιώνιος
239 633 372 669 ὖπαρξις,
400 634 447 660 καὶ
473 633 609 665 ἄπαυστος
635 633 759 668 διαμονὴ,
785 633 843 668 μεθ’

67 678 125 704 Υῐοῦ
141 679 186 705 καὶ
200 678 307 714 Πατρὸς
327 678 499 714 θεωρουμένη
510 698 517 709 ,
538 678 588 710 τὰς
604 678 653 713 τῆς
677 678 762 704 ἀϊδίου
781 687 844 705 συν-

67 724 155 758 αφείας
252 725 437 760 προσηγορίας
460 723 591 759 ἐπιζητεῖ.
610 724 646 750 Τὸ
667 723 721 758 γὰρ
742 723 843 758 κυρίως

66 769 108 794 xz).
121 769 225 804 ἀληθῶς
246 769 453 803 συνυπάρχειν
476 769 522 795 ἐπὶ
542 760 596 796 τῶν
619 770 779 804 ἀχωρίστως
798 770 844 796 ἀλ-

66 814 148 849 λήλοις
163 815 296 842 συνόντων
314 815 431 849 λέγεται.
443 815 497 849 Τὴν
508 815 562 850 γὰρ
580 815 735 850 θερμότητα
745 815 784 850 τῷ
796 815 844 850 μὲν

65 860 263 895 πυρακτωθέντι
289 861 389 895 σιδήρῳ
413 860 576 895 ἐνυπάρχειν
598 860 687 895 φαμέν
703 870 709 876 ·
726 860 799 895 αὑτῷ
817 860 845 886 δὲ

64 905 99 940 τῷ
113 905 177 940 πυρὶ
199 905 391 940 συνυπάρχειν.
407 905 460 930 Καὶ
476 905 524 938 τὴν
544 905 591 939 μὲν
618 904 724 938 ὑγίειαν
739 905 777 940 τῷ
794 904 845 931 σώ-

65 959 124 985 ματι
139 950 311 986 ἐνυπάρχειν,
327 950 375 985 τὴν
387 950 415 976 δὲ
430 949 502 984 ζωὴν
518 951 551 985 τῇ
567 949 638 984 ψυχῇ
652 950 844 985 συνυπάρχειν.

65 996 139 1022 Ὥστε
153 996 222 1023 ὅπου
241 996 290 1031 μὲν
303 996 390 1022 οἰκεία
408 996 454 1022 καὶ
466 995 591 1030 συμφυὴς
607 995 654 1021 καὶ
666 995 815 1031 ἀχώριστος
829 996 846 1031 ἡ

63 1041 192 1072 κοινωνία,
208 1040 434 1076 σημαντικωτέρα
447 1040 521 1075 φωνὴ
535 1040 551 1074 ἡ
562 1039 622 1066 σὺν
641 1057 650 1071 ,
717 1040 765 1075 τῆς
775 1041 846 1075 ἀχω-

65 1086 150 1121 ρίστου
165 1086 309 1117 κοινωνίας
323 1086 372 1121 τὴν
386 1085 503 1112 διάνοιαν
520 1085 722 1112 ὑποὸἀλλουσα·
737 1086 803 1112 ὅπου
817 1085 846 1112 δὲ

63 1133 256 1168 προσγίνεσθαι
277 1133 293 1167 ὴ
316 1133 362 1158 ἀπ’
377 1131 460 1158 αὐτοῦ
485 1131 563 1167 χάρις
587 1133 634 1158 καὶ
652 1132 731 1158 πάλιν
751 1131 847 1166 ἀπογι-

62 1178 151 1205 νεσθαι
169 1179 303 1212 πέφυκεν,
318 1177 424 1208 οἰκείως
443 1177 490 1203 καὶ
507 1177 615 1212 άληθῶς
634 1177 665 1203 τὸ
683 1177 847 1212 ἐνυπάρχειν

61 1223 176 1258 λέγεται.
193 1224 247 1250 κᾶν
262 1225 318 1255 τοῖς
330 1223 484 1257 δεξαμένοις
497 1223 626 1254 πολλάκις
640 1222 685 1249 διὰ
700 1223 730 1249 τὺ
742 1223 847 1257 ἑδραῖον

61 1268 108 1302 τῆς
134 1270 200 1303 περὶ
228 1268 258 1294 τὸ
283 1267 363 1294 καλὸν
389 1267 534 1299 διαθέσεως
560 1268 577 1302 ἡ
600 1268 646 1294 ἀπ’
663 1267 745 1294 αὑτοῦ
768 1268 847 1303 χάρις

59 1313 170 1349 διαρκὴς
189 1313 347 1349 παραμένῃ.
365 1313 444 1339 Ὥστε
457 1313 520 1339 ὅταν
536 1312 585 1348 μὲν
595 1313 644 1348 τὴν
657 1313 757 1340 οἰκείαν
770 1313 847 1344 ἀξίαν

59 1359 103 1384 τοῦ
133 1358 293 1393 Πνεῦματος
318 1358 468 1392 ἐννοῶμεν,
495 1358 563 1393 μετὰ
589 1358 694 1394 Πατρὺς
718 1358 764 1384 καὶ
783 1359 847 1385 Υίοῦ

58 1405 122 1430 αὐτὸ
137 1404 312 1439 θεωροῦμεν·
329 1405 392 1430 ὅταν
404 1403 431 1429 δέ
443 1405 491 1439 τὴν
506 1405 545 1435 εἰς
557 1404 619 1435 τοὺς
633 1404 761 1439 μετόχους
774 1404 848 1440 ἐνερ-

58 1448 194 1482 γουμένην
212 1447 291 1483 χάριν
305 1447 510 1482 ἐνθυμηθῶμεν,
521 1448 550 1474 ἐν
562 1449 627 1483 ἡμῖν
638 1446 748 1474 εἶναιτὸ
762 1448 848 1474 Πνεῦ-

58 1501 94 1526 μα
109 1493 240 1527 λέγομεν.
257 1492 312 1518 Καὶ
324 1492 341 1527 ’ἡ
361 1500 393 1526 γε
417 1492 608 1528 προπαγομένη
629 1493 766 1527 δοξολογία.
783 1494 848 1528 παρ’

57 1536 135 1569 ἡμῶν
151 1538 181 1563 ἐν
196 1536 236 1570 τῷ
253 1535 390 1570 Πνεύματι
407 1536 467 1571 οὐχὶ
481 1537 531 1572 τῆς
546 1537 649 1563 ἐκείνου
666 1537 741 1569 ἀξίας
753 1538 848 1573 ὁμολο-

56 1563 118 1613 ὶίίαν
137 1580 209 1615 ἔχει,
223 1563 292 1606 ,ἀλλὰ
306 1563 354 1615 της
371 1563 617 1615 ἡμετὲραςμαὺτῶν
641 1563 781 1612 ἀσθενείας
797 1563 848 1613 ἐξα
865 1563 886 1591 c

54 1626 234 1661 ομολόγησιν·
250 1625 419 1656 δεικνύντων,
433 1625 473 1651 ὅτι
489 1624 549 1652 οὔτε
565 1625 673 1658 δοξάσαι
685 1626 730 1660 ἀφ’
745 1626 848 1653 ἑαυτῶν

56 1671 144 1696 ἱκανοί
161 1672 259 1705 ἐσμεν,
272 1669 329 1696 ἀλλ’
344 1671 360 1705 ἡ
381 1669 505 1704 ἱκανότης
518 1669 596 1704 ἡμῶν
616 1670 645 1695 ὲν
660 1668 699 1704 τῷ
712 1668 849 1704 Πνεύματι

52 1716 92 1750 τῷ
111 1716 198 1751 ἁγίῳ,
221 1716 250 1741 ἐν
268 1712 289 1748 ᾧ
305 1715 518 1750 δυναμωθέντες,
537 1715 586 1749 τὴν
605 1714 675 1749 ὑπὲρ
687 1711 724 1741 ὧν
736 1715 849 1750 εὐηργε-

53 1761 193 1796 τήθημεν,
211 1759 250 1795 τῷ
266 1760 325 1795 Θεῷ
341 1759 419 1795 ἡμῶν
434 1759 608 1795 εὐχαριστίαν
621 1759 846 1795 ἀποπληροῦμεν·

52 1807 126 1833 κατὰ
139 1807 172 1832 τὸ
190 1806 292 1841 μέτρον
307 1806 356 1840 τῆς
369 1805 423 1832 ἀπὸ
438 1805 534 1836 κακίας
550 1805 742 1840 καθαρότητος,
757 1805 849 1840 ἕτερος

52 1853 150 1887 ἐτέρου
246 1851 325 1877 πλέον
341 1851 357 1885 ἤ
381 1851 491 1876 ἔλαττον
510 1850 560 1884 τῆς
580 1851 612 1876 ἐκ
628 1850 675 1876 τοῦ
693 1849 850 1884 Πνεύματος

51 1897 187 1932 βοηθείας
214 1895 476 1931 μεταλαμϐάνοντες,
502 1896 542 1926 εἰς
562 1895 592 1920 τὸ
619 1895 782 1930 προσφέρειν
802 1895 849 1926 τὰς

20 1956 22 1958 τ
51 1942 151 1974 Θυσίας
167 1942 223 1975 τῆς
241 1941 368 1972 αἰνέσεως
386 1940 425 1976 τῷ
443 1940 508 1974 Θεῷ.
527 1940 594 1966 Καθ’
608 1939 656 1966 ἕνα
671 1940 719 1974 μὲν
730 1937 775 1967 οὖν
786 1939 849 1975 τρό-

535 226 643 261 (linire
663 227 715 253 τοῦ
730 227 764 253 ἐν
778 226 841 260 ἐμοὶ
856 227 878 252 Α

45 2006 100 2025 πον
128 1998 224 2029 οὕτως
247 1998 367 2030 εὐσεϐῶς
391 1999 420 2024 ἐν
439 1999 578 2033 Πνεύματι
599 1997 648 2032 τὴν
680 1996 854 2032 εὐχαριστίαν

44 2043 284 2079 ἀποπληροῦμεν.
309 2044 405 2070 Καίτοι
427 2044 473 2069 καὶ
491 2043 570 2069 τοῦτο
584 2043 634 2069 οὐκ
649 2042 760 2077 ἁῦαρές,
775 2041 856 2067 αὐτόν

42 2098 108 2116 τινα
127 2089 227 2124 ἑαυτῷ
248 2091 405 2125 μαρτυρεῖν,
424 2089 465 2115 ὅτι
480 2089 592 2123 Πνεῦμα
603 2087 670 2114 Θεοῦ
685 2088 713 2114 ἐν
726 2088 797 2122 ἐμοὶ,
810 2088 857 2113 καὶ

43 2134 92 2161 διὰ
110 2136 168 2170 τῆς
199 2135 340 2161 ὰπάὑτοῦ
366 2134 476 2170 χάριτος
495 2133 633 2168 σοφισθεὶς
659 2133 787 2168 ἀναφέρω
808 2132 856 2167 τὴν

41 2181 143 2214 δόξαν.
187 2180 287 2215 Παύλῳ
308 2179 362 2214 γὰρ
387 2179 527 2214 πρέπουσα
549 2180 564 2213 ἡ
594 2178 686 2213 φωνή·
706 2176 786 2203 Δοκῶ
802 2176 856 2210 γὰρ

522 157 705 188 PANOPLM
731 157 956 188 DOGMATICA.
972 170 1006 176 -
1018 156 1090 187 Tl‘l‘.
1109 155 1175 188 ΧΠ.

1620 154 1678 187 790

891 225 1010 259 queritis
1035 226 1081 260 qui
1105 225 1220 260 loquitur
1246 226 1273 253 iu
1295 235 1336 254 me
1354 226 1454 255 Chrim'
1476 230 1483 244 ¹
1500 228 1513 255 ἒ
1547 229 1588 256 sic
1603 233 1630 256 et
1646 229 1685 257 in,

893 269 996 305 Spiritu
1012 270 1133 306 loquitur
1148 271 1296 307 mysteria,
1314 279 1346 299 ac
1362 272 1480 308 Spiritus
1499 281 1610 302 rursum
1632 275 1674 303 lo-

892 317 985 352 quitur
1000 318 1027 344 in
1044 324 1086 344 eo.

997 362 1027 391 In
1052 363 1134 391 rebus
1163 370 1230 398 ergo
1255 361 1374 390 conditis
1403 363 1436 390 ad
1465 363 1538 390 hunc
1564 363 1687 391 modum‘

894 409 1071 436 multifariam
1095 408 1232 444 variisque
1258 409 1413 436 rationibus
1430 409 1531 437 dicitur
1555 409 1675 445 Spiritus

892 455 981 483 inesse
1017 463 1026 482 :
1089 461 1184 481 verum
1207 454 1295 489 magis
1315 454 1390 489 pium
1415 458 1458 482 est
1479 454 1586 486 dicere.
1611 462 1673 482 eum

893 507 955 527 esse
976 507 1038 526 cum
1055 499 1136 527 Patre
1160 503 1187 527 et
1207 499 1288 531 Filio,
1307 507 1388 534 quam
1411 500 1465 528 illis
1488 500 1590 528 inesse.
1607 499 1687 526 Nam.

894 545 982 580 gratia
1009 545 1044 572 ab
1060 552 1092 572 eo
1109 552 1236 577 manans,
1259 545 1400 572 habitante
1424 545 1452 572 in
1474 545 1508 572 iis
1533 546 1581 580 qui
1601 545 1675 579 digni

895 594 968 622 sunt,
991 597 1024 618 ac
1042 597 1107 618 suas
1123 590 1296 625 operationes
1315 590 1343 617 in
1359 590 1412 618 illis
1427 594 1582 623 exercente,
1600 595 1677 618 recte

894 636 996 664 dicitur
1014 637 1103 664 inesse
1121 636 1155 663 iis
1170 636 1216 671 qui
1231 641 1296 664 sunt
1316 636 1395 664 illius
1407 644 1533 671 capaces.
1551 636 1584 664 At
1602 637 1676 665 illius

895 681 1074 709 subsistentia
1098 688 1158 715 qua:
1173 680 1225 708 fuit
1247 686 1309 708 attte
1326 681 1437 713 saecula,
1455 689 1487 709 ac
1507 681 1676 716 perpetuitas

895 733 1034 761 nunquam
1050 726 1173 754 desitura
1187 733 1249 753 cum
1263 725 1333 754 Filio
1351 729 1378 754 et
1392 725 1474 754 Patre
1490 726 1675 758 considerata,

896 772 1069 806 sempiterna:
1093 770 1301 805 coniunctionis
1327 771 1443 805 requirit
1468 771 1674 806 appellationes.

893 815 963 844 Nam
979 825 1064 844 come
1080 817 1191 852 proprie
1206 824 1238 844 ac
1251 824 1314 844 vere
1330 816 1432 844 dicitur
1443 817 1476 845 de
1491 817 1537 850 iis,
1553 824 1612 852 qua:
1625 817 1675 844 sibi

895 863 1012 890 invicem
1025 862 1245 898 inseparabiliter
1262 863 1371 890 adsunt.
1388 862 1455 889 Nam
1470 862 1589 890 calorem
1605 861 1678 890 ferro

896 910 1006 945 quidem
1024 910 1109 944 ignito
1128 910 1219 937 inesse
1235 909 1353 938 dicimus
1368 918 1375 936 :
1393 913 1421 936 at
1442 916 1496 936 una
1512 909 1594 936 simul
1615 915 1677 935 cuin

897 955 957 990 ipso
973 956 1035 990 igne
1049 962 1120 982 esse.
1136 954 1202 982 item
1217 954 1328 989 corpori
1343 955 1489 983 sanitatem
1506 954 1596 982 inesse
1610 953 1679 980 diei-

898 1009 970 1034 ntus,
986 1002 1069 1029 vitam
1091 1005 1182 1029 autem
1206 1001 1286 1030 simul
1300 1010 1364 1030 cum
1385 1003 1475 1030 anima
1495 1010 1567 1030 esse.
1590 1001 1681 1035 Quare

898 1046 945 1073 ubi
974 1046 1084 1080 propria
1109 1050 1138 1073 et
1161 1047 1350 1075 connaturalis
1381 1052 1462 1082 atque
1486 1046 1678 1081 inseparabilis

899 1091 1055 1118 communio
1075 1094 1128 1124 est,
1144 1091 1202 1118 haec
1216 1099 1269 1119 vox
1292 1099 1352 1118 cum
1368 1091 1567 1127 signiticantior
1582 1097 1634 1123 est,
1651 1095 1681 1117 ιιι

899 1144 960 1170 quae
975 1137 1168 1170 inseparabilis
1183 1137 1389 1172 conjunctionis
1406 1137 1600 1172 cogitationem
1617 1145 1682 1171 sug-
1719 1128 1722 1132 ’

900 1187 975 1218 gerat
997 1182 1157 1210 intellectui.
1176 1181 1227 1210 Ubi
1246 1186 1338 1210 autem
1363 1183 1449 1217 gratia
1471 1182 1506 1209 ab
1528 1182 1588 1217 ipso
1605 1181 1684 1216 proli-

901 1228 1019 1260 ciscens,
1035 1228 1166 1255 accedere
1188 1235 1221 1255 ac
1244 1235 1342 1255 rursus
1357 1227 1489 1255 decedere
1503 1231 1603 1262 potest,
1619 1235 1683 1261 pro-

900 1273 960 1309 prie
974 1277 1002 1300 et
1018 1281 1081 1301 vere
1098 1273 1189 1301 inesse
1201 1273 1322 1305 dicitur;
1340 1273 1447 1300 etiamsi
1463 1273 1537 1300 illius
1553 1272 1641 1305 gratia
1655 1272 1682 1298 in

902 1321 936 1348 iis
946 1320 994 1355 qui
1010 1325 1183 1354 receperunt,
1198 1326 1387 1354 saepenumero
1399 1321 1510 1353 propter
1525 1317 1639 1345 allectus
1655 1317 1684 1344 in

901 1365 974 1393 bono
986 1365 1219 1400 perseverantiam
1234 1368 1365 1399 perpetua
1377 1368 1545 1398 permaneat.
1565 1363 1685 1391 Proinde

902 1411 1012 1446 quoties
1026 1411 1166 1446 propriam
1183 1409 1304 1445 Spiritus
1316 1409 1476 1444 dignitatem
1493 1409 1691 1444 intelligimus,

904 1465 966 1485 cum
983 1457 1064 1485 Patre
1076 1461 1103 1485 et
1118 1456 1188 1484 Filio
1203 1457 1293 1491 ipsum
1309 1456 1546 1490 contemplamur:
1561 1455 1606 1482 ubi
1619 1463 1693 1482 vero-

903 1503 1017 1539 gratiam
1033 1503 1060 1530 in
1081 1510 1139 1534 eos,
1156 1501 1203 1537 qui
1220 1501 1294 1528 illius
1308 1504 1372 1529 sunt
1385 1500 1544 1535 participes,
1565 1507 1684 1534 operan-

903 1552 958 1577 tem
982 1553 1151 1584 reputamus,
1177 1548 1205 1574 in
1221 1547 1300 1574 nobis
1321 1554 1384 1574 esse
1407 1545 1540 1581 Spiritum
1555 1545 1683 1572 dicimus.

904 1595 937 1622 Et
948 1602 1009 1630 qua:
1024 1601 1040 1621 a
1054 1593 1134 1621 nobis
1145 1592 1268 1620 defertur
1280 1591 1443 1627 glorificatio
1456 1591 1485 1618 in
1500 1590 1616 1626 Spiritu,
1631 1597 1685 1617 non

905 1641 987 1669 habet
1009 1639 1208 1675 professionem
1232 1637 1374 1673 dignitatis
1401 1636 1486 1668 illius.
1513 1635 1561 1663 sed
1584 1639 1686 1663 nostra:

905 1688 1028 1722 ipsorum
1046 1684 1244 1713 imbecillitatis
1259 1683 1472 1715 confessionem,
1486 1682 1551 1709 dum
1565 1681 1686 1709 ostendi-

905 1739 968 1760 mus
987 1738 1038 1758 nos
1055 1738 1088 1758 ex
1102 1730 1181 1757 nobis
1194 1729 1262 1764 ipsis
1277 1729 1311 1756 ad
1326 1727 1533 1763 glorificandum
1551 1726 1686 1754 sufficien-

906 1782 947 1805 tes
968 1784 1023 1804 non
1045 1783 1118 1808 esse,
1148 1775 1195 1802 sed
1216 1774 1403 1802 sutIicientiam
1429 1777 1551 1800 nostram
1576 1779 1637 1799 esse
1659 1772 1686 1798 in

905 1823 1009 1858 Spiritu
1027 1825 1133 1853 sancto,
1160 1821 1188 1847 in
1205 1827 1261 1855 quo
1281 1819 1467 1851 corroborati,
1485 1825 1533 1853 pro
1550 1817 1691 1844 beneficiis

905 1867 1025 1903 acceptis
1039 1867 1093 1894 Deo
1110 1870 1207 1894 nostro
1219 1865 1319 1900 gratias
1335 1863 1502 1891 absolvimus
1512 1872 1523 1890 :.
1528 1863 1605 1896 juxta
1616 1861 1695 1896 quod

906 1920 921 1939 a
941 1911 1045 1939 malitia
1067 1911 1172 1946 purgati
1197 1917 1310 1942 sumus;
1334 1908 1435 1943 quippe
1460 1908 1533 1935 alius
1556 1907 1611 1934 alio
1628 1906 1695 1940 plus

906 1963 953 1985 aut
967 1958 1070 1988 minus.
1092 1956 1196 1983 auxilio
1213 1955 1333 1989 Spiritus
1351 1954 1437 1987 adjuli
1460 1953 1495 1979 ad
1520 1952 1689 1979 offerendum

906 1995 1010 2022 hostias
1035 1995 1123 2022 laudis
1146 1995 1210 2021 Duo.
1234 1993 1390 2020 Secundum
1419 1998 1502 2018 unum
1524 1990 1605 2024 igitur
1632 1996 1691 2016 mo-

906 2041 970 2067 dum
988 2040 1028 2067 sic
1043 2039 1087 2074 pie
1101 2040 1252 2074 gratiarum
1268 2037 1405 2064 actionem
1422 2035 1448 2061 in
1466 2034 1569 2068 Spiritu
1587 2031 1699 2068 pet'sol-a

905 2088 1004 2114 vimus.
1017 2087 1178 2119 Quanquam
1195 2087 1222 2111 et
1237 2084 1289 2109 hoc
1307 2081 1407 2109 invidia
1422 2087 1477 2107 non
1490 2083 1577 2110 caret,
1596 2081 1625 2105 ut
1642 2077 1693 2106 ali;

905 2133 968 2167 quis
982 2133 1016 2159 de
1034 2131 1126 2165 Seipso
1147 2129 1319 2160 tcSIiticetur,
1337 2127 1465 2160 dicatque
1483 2135 1489 2152 :
1511 2124 1631 2159 Spiritus
1646 2122 1693 2150 Dei

906 2176 933 2202 in
951 2184 993 2202 mc
1008 2179 1060 2206 est,
1075 2177 1104 2201 ct
1122 2182 1169 2208 per
1188 2172 1303 2208 gratiam
1318 2171 1392 2198 illius
1413 2170 1522 2205 sapiens
1537 2170 1627 2196 factus
1648 2176 1692 2194 rc-

43 2211 133 2261 :td'ﬁb
148 2211 279 2260 Πνεῦμα
299 2211 372 2252 Geo?)
391 2211 490 2258 ἔχειν·
506 2211 646 2250 καὶ-πάλιν
656 2211 668 2237 ἠ
682 2223 744 2256 Ti‘p;
758 2231 782 2248 κς

954 2229 963 2248 )
981 2221 1106 2256 gloriam.
1122 2219 1191 2246 Nam
1206 2219 1264 2246 lucc
1279 2225 1332 2245 vox
1349 2216 1464 2243 Paulum
1479 2215 1557 2243 decet
1571 2224 1578 2241 :
1599 2214 1693 2240 Videor

40 2270 319 2307 παρακαταθήκην
344 2270 482 2304 φύλαξον
506 2269 556 2295 διὰ
579 2268 750 2302 [Iusti/tato;-
772 2267 857 2301 ἁγίου

40 2318 100 2344 τοῦ
117 2316 322 2348 ἐνοικοῦντος
335 2315 369 2342 ἐν
383 2315 468 2349 ἡμῖν·
485 2314 532 2340 καὶ
545 2313 609 2349 περὶ
624 2313 782 2348 τοῦΔανιήλ
795 2321 800 2327 ·
816 2313 857 2338 ὅτι

39 2362 171 2397 Πνεῦμα
192 2360 260 2387 Θεοῦ
279 2361 355 2394 ἆγιον
375 2361 403 2386 ἐν
416 2359 490 2395 αὐτῷ
501 2369 507 2374 ·
525 2359 572 2386 καὶ
589 2359 615 2385 εί
627 2367 668 2391 τις
682 2358 796 2389 ἐκείνοις
807 2358 856 2393 τὴν

37 2409 161 2443 ἀρετὴν
184 2406 388 2442 παραπλήσιος.

149 2493 290 2529 Δεύτερος
305 2493 334 2520 δὲ
347 2493 420 2525 νοῦς,
442 2493 502 2519 οὐδὲ
521 2493 601 2524 αὐτὸς
619 2491 771 2526 ἀπόϐλητος
783 2499 790 2506 ’
814 2491 857 2517 ὅτι

33 2539 149 2574 ὡσπερ
165 2539 200 2564 ὲν
215 2537 254 2574 τῷ
269 2538 326 2573 Υίῷ
342 2539 438 2573 ὁρᾶται
458 2537 472 2563 ὁ
489 2537 598 2572 Πατὴρ,
621 2536 706 2567 οὕτως
723 2536 736 2561 ὁ
754 2535 817 2566 Υἱὸς
829 2535 857 2562 ἐν

35 2585 80 2620 τῷ
99 2583 268 2617 Πνεύματι.
284 2583 317 2609 Ἠ
335 2583 425 2609 τοίνυν
442 2583 470 2609 ἐν
485 2583 524 2618 τῷ
544 2582 683 2617 Πνεύματι
702 2580 857 2617 προσκύνη-

33 2640 86 2664 σις
105 2631 170 2667 τὴν
190 2629 228 2661 ὼς
254 2630 283 2656 ἐν
307 2629 376 2663 φωτὶ
405 2629 550 2665 γινομένην
571 2628 620 2664 τῆς
642 2627 759 2658 διανοίας
780 2626 858 2662 ἡμῶν

32 2679 207 2713 ἐνέργειαν
221 2675 376 2707 ὑποϐάλλει,
388 2674 425 2706 ὠς
441 2676 472 2701 ἐκ
487 2675 541 2701 τῶν
552 2674 620 2709 πρὸς
631 2674 679 2709 τὴν
693 2673 858 2708 Σαμαρεῖτιν

28 2722 219 2760 εἰρημένων
233 2720 266 2747 ἂν
286 2721 444 2756 μάθοις.Ἐν
464 2720 538 2755 τόπῳ
556 2719 610 2754 γὰρ
625 2717 693 2745 εἶναι
710 2718 758 2754 τὴν
775 2726 858 2753 προσ-

28 2770 177 2802 κύνησιν
194 2765 225 2792 ὲκ
245 2766 295 2800 τῆς
318 2766 452 2802 ἐγχωρίου
475 2765 618 2800 συνηθείας
641 2763 820 2799 ἠπατημένην
844 2763 859 2790 ὁ

82 2878 90 2892 ¹
119 2874 150 2902 ΙΙ
172 2873 238 2901 Cor.
257 2882 312 2907 λιιι.
331 2876 357 2904 5.

905 2273 929 2294 et
950 2267 1016 2294 mihi
1039 2265 1171 2300 Spiritum
1194 2264 1243 2291 liei
1267 2262 1362 2290 habere
1382 2265 1392 2279 ¹
1405 2270 1414 2296 ;
1429 2266 1457 2289 et
1475 2268 1590 2292 rursus,
1613 2258 1694 2294 Egre-

905 2314 978 2349 gium
993 2311 1142 2347 depositum
1159 2318 1235 2338 serva
1249 2317 1295 2344 per
1309 2308 1440 2343 Spiritum
1455 2311 1577 2334 sanctum
1590 2305 1634 2341 qui
1649 2305 1692 2331 hu-

908 2359 977 2385 bitat
1003 2358 1030 2384 in
1050 2356 1126 2384 nobis
1148 2357 1170 2383 ³.
1185 2355 1252 2383 item
1271 2354 1305 2382 de
1319 2353 1432 2381 Daniele
1446 2351 1563 2387 legimus
1585 2354 1607 2381 δ.
1623 2350 1696 2385 quod

908 2403 1028 2438 Spiritus
1045 2402 1092 2429 Dei
1114 2404 1227 2429 sanctus
1248 2399 1331 2428 fuerit
1349 2399 1377 2426 in
1393 2405 1441 2430 eo;
1469 2401 1496 2425 et
1519 2397 1543 2425 si
1566 2396 1629 2432 quis
1643 2395 1696 2424 illis

907 2448 1039 2477 assimilis
1054 2448 1090 2475 sit
1106 2447 1217 2474 virtute.

1007 2494 1082 2521 Alter
1107 2496 1200 2520 autem
1225 2490 1384 2518 intellectus
1405 2492 1459 2522 est,
1475 2495 1527 2515 nec
1545 2487 1604 2523 ipse
1629 2487 1696 2522 reji-

907 2538 1032 2572 ciendus,
1056 2536 1129 2573 quod
1153 2536 1226 2564 sicut
1252 2535 1280 2562 in
1305 2533 1376 2561 Filio
1398 2533 1519 2561 cernitur
1543 2531 1635 2563 Pater,
1657 2531 1697 2558 sic

907 2583 994 2611 Filius
1011 2582 1133 2610 cernitur
1151 2581 1179 2608 in
1195 2579 1311 2615 Spiritu.
1329 2578 1421 2614 Itaque
1441 2576 1566 2605 adoratio
1579 2583 1640 2611 quae
1661 2576 1698 2603 sit

908 2629 936 2656 in
952 2627 1067 2663 Spiritu,
1091 2625 1190 2653 mentis
1208 2628 1310 2652 nostrae
1331 2622 1517 2659 operationem
1542 2625 1572 2648 ut
1589 2620 1617 2647 in
1636 2620 1698 2646 luce

909 2674 1010 2702 factam
1030 2673 1143 2706 indicat,
1158 2676 1189 2699 ut
1204 2671 1312 2699 discere
1329 2670 1393 2697 licet
1406 2676 1441 2696 ex
1454 2668 1488 2696 iis
1502 2674 1563 2702 qua:
1575 2665 1698 2693 Samari-

899 2724 981 2757 tante
994 2719 1068 2747 dicta
1082 2722 1155 2746 sunt.
1172 2717 1240 2744 Nam
1253 2724 1315 2744 cum
1331 2715 1376 2743 illa
1391 2712 1592 2742 consuetudine
1608 2710 1698 2746 regio-

909 2766 953 2793 nis
967 2765 1080 2799 decepta
1101 2762 1273 2792 existimaret
1289 2761 1317 2789 in
1333 2761 1394 2788 loco
1413 2767 1476 2787 esse
1491 2757 1705 2789 adorationum,

396 2877 406 2892 ⁸
426 2875 436 2903 Ι
452 2876 514 2905 Cor.
529 2885 576 2911 ut,
590 2877 633 2905 40.
673 2877 682 2892 ³
699 2876 721 2904 ιι
738 2876 808 2904 Titii.
825 2883 843 2909 ι,
859 2876 901 2905 Η.
941 2877 950 2893 ³
966 2875 1034 2905 Dan.
1053 2883 1078 2902 v.
1093 2874 1136 2902 ll.
