1873 3076
150 151 198 183 ’μη

762 144 949 175 ΕΗΤΠῨΜΗ
972 143 1152 173 ZlGABENI

1726 142 1782 174 79?.

151 219 282 247 Dominus
296 223 356 245 eam
373 214 511 243 dedocens
525 212 594 240 dixit
610 210 638 238 in
658 208 764 245 Spiritu
781 211 808 236 et
823 208 940 236 veritate

1049 215 1085 238 ιος
1097 208 1113 242 ὴ
1118 206 1176 242 μῶν
1188 206 1400 241 μεταδιδάσκων,
1413 207 1441 233 ὲν
1455 205 1593 242 Πνεύματι
1604 207 1651 233 καὶ
1662 207 1781 242 ἀληθείᾳ

149 265 266 293 adorare
288 264 417 297 oportere
437 261 446 277 ⁸
466 268 473 285 :
496 257 629 285 nimirum
654 255 777 290 seipsum
799 253 941 289 appellans

150 311 304 337 veritatem.
329 303 567 340 Quemadmodum
587 302 669 337 igitur
693 301 722 328 in
740 298 810 327 Filio
824 299 942 326 dicimus

150 354 351 384 adorationem,
362 351 437 378 velut
449 349 476 376 in
489 347 609 383 imagine
624 346 671 374 Dei
686 352 719 373 ac
730 344 821 372 Patris
837 352 845 372 ε
863 343 904 372 sic
915 346 942 370 et

150 401 179 428 in
198 399 302 434 Spiritu
327 400 461 430 tanquam
486 394 514 420 in
540 393 633 428 seipso
648 390 758 418 Domini
772 389 942 417 divinitatem

151 433 332 481 exprimente.
356 441 436 469 Unde
461 443 489 467 et
513 439 542 467 in
563 437 729 465 adoratione
750 433 943 481 inseparabilis

151 479 196 519 est
209 498 223 517 a
238 489 318 516 Patre
341 490 368 515 et
385 486 456 513 Filio
476 485 596 520 Spiritus
622 485 747 510 sanctus.
773 479 843 508 Nam
860 480 883 507 si
900 480 941 507 sis

151 541 229 565 extra
252 535 339 566 illum,
363 532 439 560 nullo
465 534 545 566 pacto
568 537 599 557 es
626 529 814 556 adoraturus:
832 529 942 557 contra,

152 582 176 608 si
263 579 291 605 in
308 577 356 604 illo
377 576 473 608 fueris,
496 574 574 602 nullo
589 574 669 601 modo
684 579 745 601 eum
763 571 907 607 separabis
927 578 942 597 a

152 626 219 657 Deo,
235 623 321 651 nihilo
339 621 462 658 profecto
485 620 573 655 magis
590 626 672 654 quam
684 618 776 645 lumen
798 615 942 651 separabis

155 672 189 699 ab
212 671 245 698 iis
263 677 323 705 qua:
336 669 406 696 visui
418 671 511 703 patent
528 675 534 693 :
551 664 720 701 impossibile
745 663 882 698 siquidem
900 665 944 690 est

155 723 267 744 cernere
289 714 436 750 imaginem
457 712 503 740 Dei
531 710 688 742 invisibilis,
712 709 765 737 nisi
789 709 818 736 in
839 708 944 736 lumine

157 761 288 797 Spiritus.
306 759 337 786 Et
351 758 397 794 qui
414 757 538 784 intuetur
550 755 708 791 imaginem.
730 754 803 781 hunc
815 753 944 788 impossi-

156 808 210 835 bile
222 811 263 835 est
281 807 372 833 lumen
391 805 426 832 ab
440 803 559 839 imagine
573 808 712 837 separare.
729 800 807 833 Quod
824 799 898 827 enim
915 801 944 825 ut

156 853 249 881 videas
266 853 292 880 in
311 859 395 879 causa
417 853 468 882 est,
486 849 513 876 id
531 855 644 876 necesse
663 850 716 878 est,
732 850 762 873 ut
784 845 865 873 simul
881 851 942 872 curu

156 899 190 926 iis
215 905 276 933 quae
305 899 468 927 cernuntur,
493 894 631 921 videatur.
661 893 758 927 Itaque
784 891 896 926 proprie
916 893 945 917 et

155 946 339 978 congruenter
353 948 401 975 per
419 939 649 967 illuminationem
665 937 785 972 Spiritus
806 935 945 971 conspici-

156 994 218 1014 mus
239 986 412 1022 splendorem
427 984 521 1019 gloriae
535 983 601 1017 Dei;
620 990 670 1019 per
690 982 877 1010 characterem
894 988 945 1008 au-

156 1037 212 1061 tem
231 1032 264 1060 ad
281 1039 353 1063 eum,
370 1031 451 1066 cujus
475 1034 518 1058 est
539 1030 684 1057 character
705 1033 734 1056 ct
747 1028 852 1064 aequale
869 1027 944 1062 sigil-

156 1079 224 1109 lum.
243 1076 432 1104 subvehimur.

190 1120 279 1154 Quam
303 1119 387 1155 igitur
419 1119 456 1146 ob
476 1124 598 1150 causam,
623 1117 762 1152 inquiunt,
787 1124 847 1144 cum
881 1123 944 1152 pro-

159 1166 218 1201 prie
231 1165 376 1193 conveniat
396 1164 453 1192 bate
481 1163 598 1199 syllaba,
618 1165 659 1197 in,
673 1162 802 1198 Spiritui,
818 1169 850 1190 ac
865 1161 944 1189 nobis

159 1212 193 1240 ad
215 1211 421 1246 exprimendum
439 1210 564 1246 quemvis
584 1210 617 1237 de
632 1209 745 1245 iSpiritu
777 1209 943 1236 intellectum

158 1257 285 1290 sufficiat,
299 1264 348 1285 vos
361 1263 461 1284 novam
478 1256 559 1284 istam
572 1255 703 1291 syllabam
720 1254 880 1287 induxistis,
898 1253 945 1288 qui

159 1303 262 1334 dicitis,
273 1301 338 1330 Cum
354 1300 470 1335 Spiritu,
488 1307 556 1334 non,
567 1299 600 1327 In
615 1299 718 1334 Spiritu
743 1304 853 1332 sancto,-
875 1298 945 1325 alio—

158 1349 225 1382 quin
245 1355 295 1375 nec
307 1347 481 1379 necessariis.
493 1354 544 1374 nec
560 1346 594 1374 ab
604 1345 724 1374 Ecclesia
753 1344 875 1381 probatis
895 1352 946 1373 vo-

160 1394 239 1421 cibus
261 1393 391 1421 utentes?

162 1462 235 1491 Uude
250 1462 354 1490 initium
371 1462 454 1498 habet
464 1462 577 1497 syllaba,
591 1470 691 1494 «cuin,»
708 1468 732 1489 el
743 1471 822 1498 quam
832 1464 884 1490 vim
895 1464 945 1490 Ira-

143 1529 148 1534 .
199 1498 273 1534 heat;
290 1498 335 1534 ubi
349 1501 373 1524 et
389 1497 420 1524 de
430 1496 555 1524 Ecclesia:
570 1497 669 1532 legibus
684 1496 757 1524 nullo
770 1499 870 1533 scripto
884 1506 946 1533 pro-

197 1532 270 1560 ditis.
286 1532 371 1567 Caput
387 1534 434 1560 27.

198 1578 276 1612 Quod
306 1579 387 1613 igitur
412 1578 470 1606 haec
497 1578 612 1614 syllaba,
651 1578 692 1610 in.
722 1576 836 1612 Spiritui
880 1585 945 1605 san-

161 1632 206 1651 cto
240 1631 293 1651 non
323 1623 351 1650 in
377 1628 478 1651 sortem
518 1625 628 1658 proprie
658 1624 759 1656 cessit,
785 1623 832 1652 sed
859 1623 948 1651 Patris

162 1667 276 1702 Filiique
294 1668 447 1695 communis
461 1672 513 1700 est,
528 1669 554 1695 in
573 1669 761 1703 superioribus
775 1669 876 1696 dictum
894 1673 947 1696 est.

165 1714 292 1741 Arbitror
305 1717 397 1740 autem
410 1714 510 1741 etillud
535 1715 603 1742 satis
619 1715 846 1750 demonstratum,
875 1715 948 1751 quod

161 1759 188 1786 in
203 1766 258 1786 non
273 1758 364 1786 solum
378 1759 446 1787 nihil
461 1760 579 1787 detrahit
594 1761 719 1796 dignitati
737 1761 872 1797 Spiritus,
901 1769 946 1789 ve-

165 1810 225 1830 rum
241 1803 322 1831 etiam
336 1804 370 1831 ad
388 1811 521 1832 summam
539 1806 727 1834 celsitudinem
743 1806 825 1841 erigit
837 1807 946 1842 cogita-

160 1845 251 1874 tiones
260 1853 367 1880 eorum,
378 1848 425 1883 qui
439 1855 494 1876 non
507 1856 621 1884 prorsus
635 1852 727 1877 mente
737 1850 858 1884 corrupti
872 1851 947 1876 sunt.

161 1890 295 1927 Superest
324 1899 414 1920 autem
441 1893 578 1921 disserere
603 1894 636 1921 de
660 1894 764 1929 syllaba
784 1902 855 1927 cuni,
877 1895 952 1922 unde

160 1937 288 1971 cmperit.
313 1941 341 1964 et
355 1945 438 1972 quam
454 1938 508 1965 vim
534 1939 642 1971 habeat,
667 1944 694 1966 et
713 1939 851 1974 quomodo
874 1939 952 1967 Scri-

163 1985 251 2017 pturze
264 1983 424 2011 concordet.

265 2029 304 2055 Ex
321 2029 469 2057 asaervatis
483 2030 511 2057 in
524 2029 645 2058 Ecclesia
657 2031 832 2066 dogmatibus
844 2035 872 2059 et
882 2039 951 2067 prae-

161 2073 357 2107 dicationibus,
374 2075 427 2101 alia
438 2075 548 2110 quidem
564 2076 698 2104 habemus
710 2083 725 2104 e
738 2076 865 2104 doctrina
880 2078 951 2105 scri-

162 2123 210 2154 pto
231 2119 359 2154 prodita;
382 2120 436 2147 alia
460 2128 527 2148 vero
544 2121 624 2149 nobis
646 2123 674 2149 in
700 2122 829 2158 mysterio
850 2123 950 2150 tradita

161 2165 316 2199 recepimus
349 2173 383 2193 ex
414 2166 561 2194 traditione
593 2167 780 2202 apostolorum
806 2176 949 2203 :quorum

983 252 1082 288 χρῆναι
1100 253 1261 288 προσκυνεῖν
1273 252 1383 288 ἔφησεν,
1403 253 1498 279 ἑαυτὸν
1512 252 1599 286 λέγων
1611 252 1716 288 δηλαδὴ
1731 254 1782 288 τὴν

982 298 1121 334 ἀλήθειαν.
1135 299 1239 334 Ὠσπερ
1249 295 1294 325 οὖν
1313 299 1341 324 ἐν
1360 297 1400 333 τῷ
1421 297 1477 333 Υἱῴ
1496 297 1683 333 προσκύνησιν
1701 298 1782 332 λέγο-

985 352 1046 380 μεν,
1061 344 1108 380 τὴν
1127 344 1164 376 ὡς
1183 345 1212 370 ὲν
1229 343 1314 370 εἰκόνι
1331 343 1379 369 τοῦ
1403 343 1471 370 Θεοῦ
1494 344 1540 370 καὶ
1562 344 1682 380 Πατρὸς,
1709 344 1783 371 οὕτω

984 390 1032 418 καὶ
1048 391 1077 417 ἰν
1092 390 1133 425 τῷ
1148 389 1299 425 Πνεύματι,
1314 389 1352 421 ὡς
1368 390 1396 416 ὲν
1412 389 1501 425 ἑαυτῴ
1513 390 1649 417 δεικνύντι
1667 390 1720 425 τὴν
1734 390 1782 416 τοῦ

984 435 1087 471 Κυρίου
1102 435 1228 471 θεότητα.
1243 435 1288 461 Διὺ
1302 435 1350 461 καὶ
1370 436 1399 461 ὲν
1416 437 1448 470 τῇ
1474 437 1659 471 προσκυνήσει
1678 436 1783 471 ἀχώρι-

986 489 1047 508 στον
1058 482 1111 508 ἀπὸ
1127 481 1234 517 Πατρὺς
1248 481 1295 508 καὶ
1308 480 1373 508 Υἰοῦ
1387 481 1417 507 τὸ
1435 481 1545 516 Πνεῦμα
1557 482 1588 508 τὸ
1601 482 1694 515 ἅγιον.
1710 483 1784 513 Ἐξω

985 527 1035 562 μὲν
1049 527 1102 562 γὰρ
1117 527 1248 562 ὑπάρχων
1265 526 1357 558 αὑτοῦ,
1381 527 1440 553 οὐδὲ
1463 528 1666 563 προσκυνήσεις
1686 528 1719 554 τὸ
1733 537 1784 554 πα-

987 572 1092 608 ράπαν’
1116 573 1146 600 ὲν
1173 573 1247 608 αὑτῷ
1269 573 1299 600 δὲ
1321 573 1465 608 γενόμενος
1492 573 1581 600 οὐδενὶ
1674 574 1783 607 πτρόπῳ

984 619 1166 654 ἁποχωρίσεις
1180 618 1234 645 ἀπὸ
1250 618 1318 645 Θεοῦ
1334 627 1340 633 ’
1358 618 1387 644 οὐ
1406 618 1504 653 μᾶλλόν
1518 626 1559 652 γε,
1574 619 1591 654 ἧ
1606 618 1663 644 τῶν
1673 618 1782 654 ὁρατῶν

985 663 1149 698 ἀποστήσεις
1163 663 1194 689 τὸ
1213 663 1271 698 φῶς
1283 671 1290 677 ·
1315 663 1445 690 ἀδύνατον
1465 663 1518 699 γὰρ
1536 664 1600 689 ἰδεῖν
1616 663 1668 698 τὴν
1688 663 1782 690 εἰκόνα

985 707 1031 734 τοῦ
1043 707 1111 734 Θεοῦ
1125 707 1171 734 τοῦ
1186 707 1315 743 ἀοράτου,
1331 707 1368 743 μὴ
1383 708 1411 734 ὲν
1423 707 1462 743 τῷ
1481 707 1613 743 φωτισμῷ
1626 708 1676 734 τοῦ
1695 708 1782 735 [Ινεὺ-

987 761 1082 790 ματος.
1097 753 1152 780 Καὶ
1165 753 1210 780 τὸν
1226 753 1414 784 ὲνατενίζοντα
1428 754 1461 788 τῇ
1475 754 1559 780 εἰκόνι
1578 754 1724 788 ἀμήχανον
1735 754 1783 789 τῆς

985 799 1088 832 εἰκόνος
1101 798 1271 834 ἀποχωρίσαι
1284 798 1314 825 τὺ
1331 798 1398 833 φῶς.
1417 798 1454 825 Τὸ
1468 798 1522 833 γὰρ
1539 798 1586 824 τοῦ
1606 799 1674 833 ὁρᾷν
1697 799 1784 825 αἴτιον

986 842 1017 877 ἐξ
1033 843 1156 880 ἀνάγκης
1168 842 1370 878 συγκαθορᾶται
1383 845 1439 875 τοῖς
1449 844 1566 878 ὁρατοῖς.
1578 844 1661 869 Ὥστε
1671 844 1784 875 οἰκείως

986 890 1034 916 καὶ
1047 889 1201 921 ἀκολούθως
1216 889 1260 916 διὰ
1278 889 1327 925 μὲν
1341 889 1388 915 τοῦ
1404 889 1544 924 φωτισμοῦ
1559 889 1606 915 τοῦ
1619 890 1783 924 Πνεῦματος

986 935 1017 962 τδ
1031 935 1200 971 ἀπαύγασμα
1219 934 1269 970 τῆς
1286 933 1364 969 δόξης
1381 934 1427 962 τοῦ
1447 934 1514 961 Θεοῦ
1538 934 1719 970 καθορῶμεν·
1740 935 1785 961 διὰ

987 979 1015 1006 δὲ
1027 980 1074 1006 τοῦ
1085 980 1258 1016 χαρακτῆρος
1271 979 1318 1005 ἐπὶ
1334 980 1384 1014 τὴν
1401 977 1431 1006 οὗ
1448 980 1520 1006 ἐστιν
1540 981 1554 1006 ὁ
1571 980 1719 1015 χαρακτὴρ
1737 980 1785 1006 καὶ

987 1026 1004 1057 ἠ
1026 1025 1150 1058 ἰσότυπος
1167 1025 1287 1061 σφραγὶς
1302 1025 1471 1060 ἁναγόμεθα.

1034 1116 1113 1149 Τίνος
1127 1115 1172 1144 οὖν
1182 1116 1288 1149 ινεκεν,
1318 1117 1412 1152 φασὶν,
1432 1116 1506 1148 ἰδίως
1532 1118 1732 1153 προσηκούσης
1744 1119 1785 1153 τῷ

998 1162 1142 1197 Πνεῦματι
1156 1163 1204 1197 τῆς
1223 1161 1258 1188 ἐν
1283 1161 1433 1195 ωλλαῦἧς,
1459 1162 1508 1188 καὶ
1530 1163 1571 1194 εἰς
1597 1164 1689 1189 πᾶσαν
1716 1165 1787 1199 ἡμῖν

995 1209 1045 1244 τὴν
1059 1210 1122 1245 περὶ
1137 1208 1218 1235 αὑτοῦ
1232 1208 1336 1234 ἔννοιαν
1348 1207 1517 1243 ἐξαρκούσης
1526 1209 1575 1243 τὴν
1604 1209 1705 1243 καινὴν
1721 1210 1789 1236 ταύ-

995 1264 1045 1288 την
1061 1255 1138 1288 ὑμεῖς
1155 1254 1291 1288 συλλαὸὴν
1306 1254 1516 1289 ὲπεισηγάγετε,
1546 1253 1607 1280 σὺν
1629 1253 1669 1286 τῷ
1689 1255 1790 1282 Πνεύ-

993 1309 1066 1336 ματι
1077 1301 1215 1335 λέγοντες,
1233 1300 1351 1333 καὶούκ,
1368 1300 1403 1327 ἐν
1414 1299 1453 1332 τῷ
1472 1299 1622 1334 Πνεύματι
1639 1299 1679 1332 τῷ
1698 1301 1789 1334 ἁγίῳ,

996 1347 1060 1374 οὔτε
1072 1346 1161 1378 ἄλλως
1176 1347 1323 1380 ἀναγκαῖα,
1340 1346 1403 1373 οὗτε
1418 1347 1602 1382 νενομισμένα
1631 1347 1693 1378 ταῖς
1724 1347 1791 1374 Ἔκ-

996 1392 1125 1429 κλησίαις
1142 1393 1327 1427 φθεγγόμενοι
1344 1400 1352 1426 ;

1000 1462 1056 1490 Τοῦ
1068 1462 1173 1489 αὑτοῦ.
1193 1461 1289 1488 Πόθεν
1308 1462 1327 1494 ἠ
1349 1470 1358 1487 ι
1373 1460 1434 1488 σὺν
1449 1470 1458 1487 ι
1490 1459 1606 1493 ἤρξατο
1630 1461 1787 1493 συλλαϐὴ,

1033 1497 1082 1524 καὶ
1093 1498 1185 1523 ποίαν
1201 1496 1329 1531 δύναμιν
1342 1496 1404 1530 ἔχει
1417 1505 1424 1512 ·
1436 1497 1471 1523 ἐν
1486 1495 1510 1531 ᾧ
1523 1495 1571 1523 καὶ
1588 1496 1623 1522 τὰ
1637 1496 1705 1531 περὶ
1726 1495 1788 1531 τῶν·

961 1541 982 1569 ρ
1032 1532 1173 1566 ἀγράφων
1192 1531 1247 1564 τῆς
1258 1530 1439 1565 Ἑκκλησίας
1448 1532 1593 1567 νομίμων.
1604 1530 1719 1565 Κεράλ.
1734 1530 1788 1560 κζ’.

1041 1577 1086 1609 Ὦς
1114 1577 1164 1612 μὲν
1206 1576 1254 1603 οὖν
1279 1577 1340 1612 οὐχ).
1367 1577 1602 1613 ἀποκληρωτιχῶς
1638 1576 1676 1610 τῷ
1713 1576 1789 1611 ἁγίῳ

999 1623 1140 1658 Πνεύματι
1165 1623 1183 1658 ὴ
1212 1622 1248 1649 ἐν
1273 1621 1392 1658 συλλαϐὴ
1418 1622 1581 1658 διενήνοχεν,
1617 1621 1684 1648 ἀλλὰ
1704 1621 1789 1655 κοινὴ

1000 1669 1106 1704 Πατρός
1134 1670 1192 1696 ἐστι
1223 1668 1271 1694 καὶ
1295 1667 1373 1700 Υἱοῦ,
1410 1668 1440 1694 ἐν
1467 1669 1524 1700 τοῖς
1553 1668 1668 1695 κατόπιν
1705 1668 1791 1702 εἰρη-

999 1723 1054 1742 ται.
1068 1712 1152 1749 Οἶμαι
1164 1713 1192 1740 δὲ
1209 1714 1322 1740 κάκεῖνο
1341 1713 1498 1749 ἀρκούντως
1515 1713 1651 1747 εἰρῆσθαι,
1677 1712 1722 1738 ὅτι
1756 1713 1789 1738 οὐ

1001 1761 1081 1796 μόνον
1110 1760 1160 1787 οὐκ
1187 1760 1348 1795 ἀφαιρεῖται
1369 1768 1396 1786 τι
1425 1759 1475 1794 τῆς
1493 1759 1572 1791 ἀξίας
1593 1759 1639 1785 τοῦ
1657 1759 1791 1793 Πνεῦμα-

999 1813 1055 1839 τος,
1069 1805 1137 1832 ἀλλὰ
1152 1805 1199 1833 καὶ
1219 1805 1287 1840 πρὸς
1299 1806 1329 1832 τὸ
1349 1805 1477 1840 μέγιστον
1490 1804 1556 1839 ὕψος
1574 1805 1627 1830 τῶν
1642 1803 1682 1838 μὴ
1693 1804 1793 1837 πάντη

999 1848 1198 1882 ἐνδιαστρόφων
1213 1848 1276 1879 τοὺς
1293 1847 1439 1882 λογισμοὺς
1461 1847 1602 1881 ἐπανάγει.
1619 1846 1795 1881 [λειπόμενον

1001 1893 1029 1920 δέ
1042 1895 1099 1920 ἐστι
1113 1894 1177 1929 περὶ
1193 1894 1241 1928 τῆς
1254 1894 1325 1926 σὺν,
1349 1894 1446 1920 ὁπόθεν
1469 1893 1579 1928 ἡρξατο,
1599 1893 1646 1918 καὶ
1664 1892 1728 1918 τινα
1747 1893 1795 1919 δύο

1001 1947 1083 1974 ναμιν
1098 1939 1164 1973 ἔχει,
1180 1940 1227 1966 καὶ
1241 1940 1315 1971 ὅπως

1000 1983 1190 2018 διηγήσασθαι.

1090 2030 1149 2056 Τῶν
1165 2031 1193 2056 ὲν
1207 2031 1239 2065 τῇ
1257 2029 1405 2065 Ἐκκλησία
1416 2029 1631 2064 πεφυλαγμένων
1644 2029 1795 2063 δογμάτων
1813 2021 1816 2024 ’

1000 2074 1047 2101 καὶ
1063 2075 1246 2111 κηρυγμάτων
1267 2076 1301 2102 τὰ
1321 2076 1370 2111 μὲν
1391 2077 1423 2102 ὲκ
1441 2076 1492 2111 τῆς
1509 2075 1646 2111 ἐγγράφου
1664 2076 1794 2103 διδασκα-

1000 2121 1060 2152 λίας
1076 2121 1183 2156 ἔχομεν,
1198 2121 1233 2148 τὰ
1250 2121 1279 2148 δὲ
1302 2122 1334 2148 ἐκ
1351 2121 1401 2157 τῆς
1420 2121 1474 2149 τῶν
1493 2121 1648 2148 ἀποστόλων
1671 2122 1795 2156 παραδό-

1402 1939 1545 1974 σύμφωνός
1561 1938 1620 1964 ἐστι
1631 1939 1664 1973 τῇ
1680 1938 1794 1974 Γραφῇ,

1001 2176 1069 2200 σεως
1090 2167 1244 2194 διαδοθέντα
1268 2169 1335 2202 ἡμῖν
1360 2168 1389 2195 ὲν
1405 2168 1546 2203 μυστηρίῳ
1568 2167 1792 2204 παρεδεξὰμεθα·

161 2213 277 2245 utraque
292 2211 345 2238 vim
374 2212 498 2240 eamdem
513 2212 616 2240 habent
633 2212 666 2239 ad
683 2213 828 2247 pietatem;
842 2220 893 2240 nec
915 2214 944 2241 iis

1049 2221 1071 2249 ;p
1084 2213 1227 2249 ἀμφότερα
1248 2213 1295 2249 τὴν
1312 2213 1396 2248 αὐτὴν
1418 2214 1494 2248 ἰσχὺν
1515 2213 1571 2248 ἔχει
1592 2213 1660 2248 πρὸς
1750 2215 1794 2240 εὖ-

161 2254 306 2290 quisquam
327 2256 499 2284 contradicet
514 2266 522 2285 :
540 2258 632 2285 nullus
653 2261 738 2291 certe,
754 2257 800 2293 qui
817 2257 858 2285 vel
876 2259 950 2285 tenui

160 2301 329 2335 experientia
358 2302 465 2329 noverit
490 2309 551 2337 quae
574 2302 630 2329 sint
656 2301 786 2329 Ecclesia:
812 2303 948 2330 instituta.

161 2345 230 2372 Nam
258 2346 282 2372 si
309 2346 528 2374 consuetudines
545 2354 606 2381 quae
631 2346 733 2381 scripto
757 2346 872 2382 proditae
895 2354 949 2374 non

161 2395 235 2423 sunt,
248 2397 377 2427 tanquam
391 2391 465 2420 haud
476 2393 592 2420 multum
609 2392 742 2420 habentes
757 2392 887 2419 momenti
903 2399 950 2427 ag-

161 2437 317 2473 grediamur
348 2438 479 2473 rejicere,
504 2438 692 2473 imprudentes
717 2437 895 2473 Evangelium
923 2439 948 2465 iu

161 2484 229 2518 ipsis
246 2484 329 2512 rebus
345 2484 492 2519 praecipuis
506 2483 647 2516 latdemus,
673 2483 729 2510 imo
745 2483 836 2518 potius
853 2483 950 2518 pra-di-

161 2529 295 2557 cationem
322 2529 355 2556 ad
381 2530 485 2556 nudum
510 2536 608 2556 nomen
636 2529 841 2556 contrahemus.
866 2528 948 2556 Verbi

162 2574 259 2609 gratia,
274 2577 304 2601 ut
318 2575 378 2609 ejus
395 2575 468 2610 quod
485 2575 604 2610 primum
624 2579 666 2602 est
688 2578 715 2602 et
730 2574 947 2610 uulgatissimum

162 2620 250 2656 primo
263 2620 324 2648 loco
335 2628 547 2648 commemorem
561 2630 567 2648 :
584 2625 613 2648 ut
628 2620 707 2656 signo
722 2621 816 2648 crucis
833 2628 882 2648 eos
901 2620 947 2655 qui

162 2672 236 2699 spem
257 2665 393 2692 collocant
415 2665 442 2692 in
457 2665 569 2693 Christo
591 2665 744 2701 signemus,
760 2665 822 2701 quis
845 2665 948 2700 scripto

162 2711 270 2739 docuit?
287 2710 321 2738 Ut
338 2711 372 2738 ad
394 2711 528 2739 orientem
547 2711 618 2740 versi
638 2719 793 2747 precemur,
817 2719 877 2748 quae
897 2719 948 2740 nos

201 2852 209 2868 ⁸
234 2851 312 2881 Juan.
335 2861 370 2887 Iv,
388 2853 435 2882 24.

1001 2259 1118 2287 σέϐειαν.
1128 2260 1184 2286 Καὶ
1194 2259 1299 2290 τούτοις
1307 2259 1394 2290 οὐδεὶς
1405 2259 1523 2294 ἀντερεῖ,
1537 2258 1634 2285 οὐκοῦν
1717 2260 1795 2291 ὅστις

1000 2313 1031 2339 γε
1054 2305 1124 2332 κατὰ
1147 2305 1243 2340 μικρὸν
1266 2305 1331 2339 γοῦν
1355 2304 1464 2340 θεσμῶν
1488 2305 1725 2340 ὲκκλησιαστικῶν
1748 2315 1796 2333 πε-

1001 2351 1137 2387 πείραται.
1163 2352 1194 2378 Εἰ
1220 2351 1273 2387 γὰρ
1297 2351 1523 2386 ἐπιχειρήσαιμεν
1544 2351 1578 2377 τὰ
1605 2350 1718 2386 ἄγραφα
1741 2352 1796 2378 τῶν

1001 2395 1069 2422 ἐθῶν
1083 2396 1120 2428 ὡς
1138 2396 1175 2431 μὴ
1192 2395 1311 2431 μεγάλην
1334 2395 1429 2430 ἔχοντα
1448 2395 1497 2430 τὴν
1515 2395 1631 2431 δύναμιν
1647 2398 1796 2431 παραιτεῖ-

1002 2442 1073 2475 σθαι,
1085 2442 1212 2477 λάθοιμεν
1225 2441 1258 2468 ἂν
1275 2442 1314 2473 εἰς
1335 2441 1404 2468 αὐτὰ
1418 2441 1452 2468 τὰ
1473 2441 1567 2477 καίρια
1583 2441 1751 2476 ζημιοῦντες
1766 2442 1796 2468 τδ

1001 2487 1165 2522 Εὐαγγέλιον
1175 2495 1182 2501 ·
1198 2487 1298 2522 μᾶλλον
1309 2486 1338 2513 δὲ
1356 2487 1395 2518 εἰς
1408 2486 1492 2521 δνομα
1505 2486 1582 2521 ψιλὸν
1597 2487 1795 2522 περιιστῶντες

1000 2533 1030 2560 τὸ
1045 2533 1183 2568 κήρυγμα.
1205 2530 1280 2564 Οἷον,
1303 2532 1347 2559 ῐνσ.
1362 2531 1408 2559 τοῦ
1431 2531 1539 2567 πρώτου
1561 2531 1610 2558 καὶ
1635 2533 1793 2559 κοινοτάτου

999 2579 1105 2614 πρῶτον
1121 2577 1240 2614 μνησθῶ.
1326 2577 1365 2613 τῷ
1379 2577 1456 2612 τύπῳ
1477 2576 1524 2604 τοῦ
1541 2577 1657 2613 σταυροῦ
1675 2578 1739 2610 τοὺς
1755 2579 1794 2610 εἰς

998 2625 1028 2652 τὸ
1039 2625 1124 2662 ὄνομα
1138 2625 1184 2652 τοῦ
1203 2625 1306 2661 Κυρίου
1317 2625 1395 2661 ἡμῶν
1413 2624 1500 2660 Ἰησοῦ
1511 2624 1632 2660 Χριστοῦ
1642 2624 1792 2659 ὴλπικότεις

999 2671 1248 2706 κατασημαίνεσθαι
1271 2670 1312 2702 τίς
1335 2671 1348 2697 ό
1364 2669 1408 2697 διὰ
1428 2669 1593 2706 γράμματος
1616 2669 1742 2703 διδάξας
1757 2669 1792 2696 Τδ

999 2715 1065 2750 πρὸς
1080 2715 1209 2747 ἀνατολὰς
1225 2714 1374 2750 τετράφθαι
1393 2714 1464 2742 κατὰ
1477 2714 1527 2750 τὴν
1545 2715 1703 2751 προσευχὴν
1716 2717 1790 2742 ποῖον
