1873 3076
64 146 110 178 793

61 218 166 250 ἐδίδαξεν
178 216 248 251 ἡμᾶς
262 215 396 251 γράμμα;
420 215 460 241 Τὰ
474 214 523 249 τῆς
540 213 707 248 ἐπικλήσεως
724 213 833 248 ῥήματα
849 215 869 241 Α

60 265 100 290 ἐπὶ
113 265 142 298 τῇ
155 261 284 294 ἀναδείξει
367 261 414 287 τοῦ
433 261 515 295 ἄρτου
529 259 578 295 τῆς
589 259 771 295 Εὐχαριστίας
787 259 833 286 καὶ

59 312 100 338 τοῦ
116 310 237 345 ποτηρίου
252 309 301 343 τῆς
321 307 446 341 εὐλογίας
461 307 503 338 τίς
521 307 575 333 τῶν
590 306 675 340 ἁγίων
688 306 834 341 ἐγγράφως

59 359 117 392 ἡμῖν
135 355 338 385 καταλέλοιπεν;
357 354 393 380 Οὐ
415 353 470 389 γὰρ
490 353 521 389 δὴ
538 352 642 384 τούτοις
664 351 834 388 ἀρκούμεθα,

59 400 91 429 ὧν
107 402 120 428 6
137 399 319 435 Ἀπόστολοςῆ
338 398 369 425 τδ
391 398 556 434 Εὑαγγέλιον
577 397 746 433 ἐπεμνήσθη,
768 396 836 423 ἀλλὰ

59 447 99 473 καὶ
112 446 273 481 προλέγομεν
295 444 342 470 καὶ
362 444 524 478 ὲπιλέγομεν
541 443 632 479 ἕτερα,
654 443 691 474 ὡς
714 443 835 478 μεγάλην

57 493 142 527 ἔχοντα
156 490 221 526 πρὸς
230 490 260 516 τὸ
275 490 423 525 μυστήριον
433 490 482 524 τὴν
500 490 586 524 ἰσχὺν,
603 490 635 515 ἐκ
649 489 697 524 τῆς
712 489 834 523 ἀγράφου

58 536 216 568 διδασκαλίας
229 535 439 570 παραλαϐόντες.
453 534 623 569 Εὐλογοῦμεν
636 534 663 560 δὲ
678 532 708 560 τό
719 542 749 559 τε
765 532 836 568 ὕδωρ

57 581 98 608 τοῦ
113 581 306 616 βαπτίσματος,
332 580 379 606 καὶ
407 580 437 607 τὸ
455 580 543 607 ἔλαιον
566 580 615 615 τῆς
642 579 773 614 χρίσεως,
789 578 836 606 καὶ

59 627 159 663 προσέτι
171 627 250 654 αὑτὸν
263 627 308 653 τὸν
325 626 532 662 βαπτιζόμενον,
552 625 618 652 Ἀπὸ
633 625 717 652 ποίων
734 624 836 661 ὲγγρά-

59 683 126 709 ιρωνς
141 674 196 700 Οὐκ
212 673 266 700 ἀπὸ
279 673 327 708 τῆς
342 672 522 708 σιωπωμένης
539 671 586 699 καὶ
602 672 736 707 μυστικῆς
749 679 838 707 παρα-

58 720 162 752 δόσεως;
176 719 208 746 Τί
221 719 269 752 δέ;
284 718 368 755 αὐτὴν
460 717 508 745 τοῦ
522 717 611 744 ἐλαίου
624 717 673 753 τὴν
692 717 782 753 χρίσιν
795 717 837 750 τίς

57 765 126 799 λόγος
137 765 326 801 γεγραμμένος
341 763 441 795 ἐδίδαξε
455 773 462 780 ·
480 763 517 791 Τὸ
531 764 560 790 δὲ
579 764 640 799 τρὶς
658 763 835 798 βαπτίζεσθαι

57 811 95 836 τὸν
107 810 245 846 ἄνθρωπον
261 810 341 837 πόθεν
351 818 359 843 ;
371 809 455 835 ’Λλλα
468 809 496 836 δὲ
507 809 557 836 ὅσα
569 809 632 844 περὶ¹
642 808 672 835 τὸ
684 808 835 844 βάπτισμα,

57 855 247 882 ἀποτάσσεσθαι
258 864 296 889 τῳ
311 855 416 889 Σατανᾷ
433 854 479 880 καὶ
491 855 547 885 τοῖς
559 853 684 888 ἀγγέλοις
694 853 788 885 αὑτοῦ,
804 854 837 881 ὲκ
850 873 871 901 Β

57 900 128 932 ποίας
143 901 201 927 ἐστὶ
213 901 320 936 γραφῆς
331 908 339 931 ;
355 899 412 926 Οὐκ
425 900 457 926 ἐκ
470 900 519 935 τῆς
528 899 723 935 ἀδημοσιεύτου
736 900 837 935 ταύτης

57 945 98 971 καὶ
112 946 267 982 ἀπορρήτου
280 945 463 978 διδασκαλίας,
476 947 508 981 ἣν
520 946 549 972 ὲν
564 945 836 981 ἀπολυπραγμονήτῳ

57 991 97 1017 καὶ
111 991 317 1027 ἁπεριεργάστῳ
407 992 468 1027 σιγῇ
493 992 518 1018 oi
539 992 655 1028 πατέρες
674 992 752 1027 ἡμῶν
772 991 838 1027 ἐφύ-

54 1030 138 1063 λαξαν,
155 1032 247 1064 καλῶς
272 1034 360 1060 ἐκεῖνο
381 1033 576 1069 δεδιδαγμένοι,
600 1035 654 1061 τῶν
679 1035 836 1071 μυστηρίων

53 1076 80 1103 τὸ
101 1078 198 1113 σεμνὸν
304 1080 393 1116 σιωπῇ
419 1079 618 1114 διασώζεσθαις
639 1082 673 1108 ’Δ
699 1081 754 1117 γὰρ
777 1081 838 1108 οὐδὲ

53 1123 208 1151 ἑποπτεύειν
222 1123 312 1157 ἔξεστι
330 1126 386 1156 τοῖς
401 1126 546 1161 ἀμυήτοις,
563 1125 666 1153 τούτων
685 1127 744 1158 πῶς
758 1126 790 1154 ἂν
804 1124 838 1162 ἦν

53 1168 120 1200 εἰκὸς
135 1168 184 1205 τὴν
200 1170 372 1197 διδασκαλίαν
386 1171 597 1207 ὲκοριαμὸεύειν
614 1173 643 1199 ὲν
658 1172 837 1208 γράμμασιν;

53 1212 167 1248 ἤτίποτε
188 1215 352 1250 βουλόμενος
364 1217 377 1243 6
395 1216 482 1252 μέγας
504 1217 636 1253 Μωῦσῆς,
654 1218 686 1244 οὺ
703 1219 770 1244 πᾶσι
792 1217 840 1253 βά-

55 1266 115 1295 cum
127 1257 198 1289 εἶναι.
215 1260 250 1289 τὰ
266 1261 313 1289 τοῦ
329 1262 401 1298 ἱεροῦ
417 1262 506 1289 πάντα
529 1263 695 1298 πεποίηκεν;
718 1263 775 1290 ἀλλ’
787 1262 840 1295 ἔξω

53 1307 98 1341 μὲν
110 1308 196 1342 ἁγίων
213 1308 311 1344 ἔστησε
334 1308 485 1344 περιϐόλων
498 1309 561 1341 τοὺς
587 1308 726 1345 βεϐήλους,
743 1309 793 1341 τὰς
812 1309 840 1335 δὲ

51 1352 155 1386 πρώτας
166 1354 253 1386 αὐλὰς
264 1355 320 1386 τοῖς
336 1354 538 1390 καθαρωτέροις
552 1355 636 1388 ἀνεὶς,
647 1355 711 1387 τοὺς
725 1356 841 1387 Λευῖτας

53 1399 146 1433 μόνους
161 1400 256 1433 ἀξίους
269 1400 360 1436 ἔκρινε
377 1400 424 1428 τοῦ
440 1401 512 1428 θείου
531 1400 703 1437 Θεραπευτάς
715 1410 721 1416 ·
738 1401 842 1436 σφάγια

51 1444 92 1476 δὲ,
115 1446 160 1472 καὶ
187 1445 395 1480 ὁλοκαυτώσεις,
421 1447 468 1473 καὶ
495 1446 544 1482 τὴν
566 1447 662 1481 λοιπὴν
688 1448 842 1484 ἱερουργίαν

51 1492 104 1522 τοῖς
119 1491 240 1526 ἱερεῦσιν
258 1491 467 1528 ἀποκληρώσας,
483 1492 531 1519 ἕνα
545 1492 599 1518 τῶν
620 1492 727 1520 πάντων
749 1493 842 1529 ἐκκρι-

51 1545 94 1563 τον

51 1583 93 1610 διὰ
109 1585 223 1617 παντὸς,
237 1585 304 1612 ἀλλὰ
318 1585 389 1612 κατά
406 1585 469 1621 μίαν
481 1585 564 1620 μόνην
578 1585 624 1612 τοῦ
637 1586 761 1613 ἐνιαυτοῦ
776 1585 844 1622 ἠμέ-

54 1638 110 1665 ρειν,
126 1631 172 1658 καὶ
185 1631 288 1667 ταύτης
301 1631 375 1667 ὤραν
391 1632 493 1667 τακτὴν
514 1633 648 1668 εἰσιτητὺν
670 1632 745 1668 αὐτῷ
759 1641 844 1660 κατα-

53 1677 162 1712 στήσας,
174 1678 247 1704 ὥστε
259 1678 302 1705 διὰ
311 1678 341 1704 τὸ
354 1678 557 1713 ἀπεξενωμένον
572 1679 619 1706 καὶ
631 1679 713 1713 ἄηθες
726 1678 845 1714 θαμὸού-

54 1730 130 1756 μενον
148 1723 312 1750 ἐποπτεύειν
329 1724 365 1749 τά
373 1723 456 1757 ’Ἅγια
472 1723 525 1750 τῶν
543 1724 635 1757 ἁγίων·
652 1722 681 1750 εὖ
699 1724 777 1755 είδὼς
793 1723 846 1750 ὑπὸ

54 1768 147 1802 σοφίας
161 1768 202 1803 τῷ
220 1768 269 1803 μὲν
286 1768 471 1804 πεπατημένῳ
487 1769 534 1795 καὶ
546 1768 657 1795 αὐτόθεν
672 1768 767 1804 ληπτῷ
779 1768 845 1804 πρό-

52 1821 141 1846 χειρον
149 1811 235 1839 οὖσαν
248 1813 297 1848 τὴν
308 1813 522 1848 καταφρόνησιν,
531 1813 570 1848 τῷ
580 1813 609 1839 δὲ
622 1813 846 1848 ἀνακεχωρηκότι

53 1859 98 1884 καὶ
120 1859 230 1894 σπανίῳ
244 1858 368 1893 φυσικῶς
393 1867 452 1890 πως
477 1858 698 1894 παρεζευγμένον
718 1859 749 1885 τὸ
768 1867 847 1894 περι-

52 1905 232 1932 σπούδαστον.
245 1904 324 1931 Κατὰ
335 1904 381 1931 τὸν
393 1904 474 1931 αὐτὸν
486 1904 518 1940 δὴ
530 1904 630 1940 τρόπον
643 1905 690 1931 καὶ¹
702 1905 727 1931 οι
738 1904 773 1931 τά
784 1904 848 1940 περὶ¹

52 1950 100 1983 τὰς
113 1952 216 1987 Ἐκκλη
221 1951 280 1983 σίας
355 1950 473 1986 ὲξαρχῆς
480 1950 775 1986 διαθεσμοθετήσαντες
785 1951 849 1978 ἀπό-

53 1998 142 2024 στολοι
155 1997 207 2024 καὶ
216 1997 337 2032 Πατέρες
351 1998 380 2023 ὲν
393 1996 432 2032 τῷ
445 1997 631 2032 κεκρυμμένῳ
644 1997 692 2023 καὶ
702 1996 848 2031 ἀφθέγκτῳ

51 2043 81 2068 τὸ
98 2043 200 2078 σεμνὴν
213 2043 269 2074 τοῖς
281 2041 440 2078 μυστηρίοις
454 2041 614 2076 ἐφύλασσον.
631 2041 699 2068 Οὐδὲ
712 2042 766 2077 γὰρ
781 2041 849 2073 ὅλως

53 2089 205 2123 μυστήριον
220 2087 251 2114 τδ
271 2089 310 2119 εἰς
326 2087 375 2123 τὴν
390 2087 500 2124 δημώδη
519 2087 565 2115 καὶ
586 2087 693 2114 εἰκαίαν
709 2087 792 2122 ἀκοὴν
805 2087 850 2113 ἔκ-

51 2142 145 2168 φορον.
167 2132 253 2165 Οὗτος
274 2135 288 2160 6
308 2133 386 2168 λόγος
412 2133 462 2167 τῆς
487 2134 541 2160 τῶν
569 2133 701 2169 ἀγράφων
730 2132 849 2168 παραδό-

51 2187 133 2211 σεως,
147 2179 188 2210 ὡς
205 2179 242 2214 μὴ
257 2179 492 2216 καταμεληθεῖσαν
578 2179 633 2206 τῶν
644 2179 787 2214 δογμάτων
800 2179 850 2214 τὴν

52 2224 157 2257 γνῶσιν
184 2224 422 2261 εὐκαταφρόνητον
446 2226 503 2257 τοῖς
526 2225 635 2256 πολλοῖς
658 2224 784 2259 γενέσθαι
806 2224 851 2252 διὰ

51 2271 215 2306 συνήθειαν.
235 2271 316 2297 Ἀλλο
327 2271 382 2306 γὰρ
393 2271 492 2307 δόγμα,
511 2271 559 2298 καὶ
575 2271 638 2297 ἄλλο
651 2271 784 2306 κήρυγμα
813 2270 851 2296 Τὸ

53 2315 104 2351 μὲν
122 2317 182 2352 γὰρ
199 2318 334 2344 σιωπᾶται
352 2336 362 2349 ,
434 2317 468 2344 τά
491 2317 519 2343 δὲ
538 2317 703 2353 κηρύγματα
802 2316 850 2352 δη-

52 2362 226 2396 μοτιεύεται.
243 2363 352 2398 Σιωπῆς
367 2362 394 2389 δὲ
408 2360 478 2394 εἶδος
490 2363 536 2390 καὶ
549 2363 566 2398 ἠ
578 2363 708 2398 ἀσάφεια,
751 2361 852 2397 κέχρη-

50 2415 99 2434 ται
123 2409 140 2442 ἡ
173 2408 290 2443 Γραφὴ,
314 2407 500 2444 δυσθεώρητον
524 2408 769 2440 κατασκευάζουσα
787 2407 851 2435 «τῶν

50 2452 204 2488 δογμάτων
221 2454 265 2481 τὺν
280 2454 343 2482 νοῦν
359 2454 427 2491 πρὸς
447 2455 478 2482 τὸ
500 2455 554 2482 τῶν
570 2455 789 2490 ἐντυγχανόντων
806 2454 853 2481 λυ-

52 2500 165 2531 σιτελές
194 2499 295 2527 Τούτου
310 2500 390 2536 χάριν
406 2500 508 2532 πάντες
526 2500 575 2536 μὲν
592 2500 700 2537 ορῶμεν
715 2501 776 2528 κατ’
789 2501 853 2527 ἀνα-

51 2546 138 2578 τολὰς
154 2547 204 2573 ἐπὶ
217 2547 271 2573 τῶν
297 2547 470 2583 προσευχῶνο
486 2547 571 2582 ὀλίγοι
590 2547 618 2574 δὲ
642 2548 732 2583 ἴσμεν,
747 2547 788 2574 ὅτι
804 2546 852 2582 τὴν

53 2598 186 2633 ἀρχαίαν
201 2595 383 2630 ἐπιζητοῦμεν
401 2593 529 2629 πατρίδα,
555 2592 601 2619 τὸν
618 2592 797 2628 παράδεισον,
821 2590 851 2618 ὃν

52 2644 215 2678 ὲφῡτευσεν
240 2643 254 2668 6
270 2642 336 2673 Θεὸς
362 2641 484 2676 ὲνἘδὲμ
510 2640 569 2666 κατ’
592 2638 734 2670 ἀνατολάς.
756 2635 849 2672 Ὀρϐοὶ

56 2689 110 2723 μὲν
127 2687 293 2721 πληροῢμεν
307 2687 356 2718 τὰς
373 2686 455 2722 εὐχὰς
471 2687 498 2712 ὲν
513 2686 546 2720 τῇ
566 2685 616 2720 μιᾷ
630 2683 678 2710 τοῦ
694 2683 847 2710 Σαϐϐάτου·

53 2735 106 2761 τὸν
122 2733 156 2759 δὲ
174 2733 252 2766 λόγον
271 2733 302 2758 οὺ
316 2734 417 2763 πάντες
444 2731 568 2765 οἴδαμεν.
590 2730 627 2756 0’4
642 2729 697 2764 γὰρ
720 2729 799 2764 μόνον
814 2727 852 2759 ὡς

54 2777 285 2810 συναναστάντες
292 2777 411 2813 Χριστῷ,
423 2777 468 2803 καὶ
477 2776 512 2803 τὰ
520 2776 576 2803 ἀνω
587 2776 678 2810 ζητεῖν
689 2775 854 2811 ὀφείλοντες,

91 2875 98 2890 ¹
117 2873 207 2901 Nunt.
224 2881 258 2904 μ’,
277 2873 322 2899 20.
360 2873 369 2888 ¹
385 2871 467 2900 Num.
489 2877 565 2902 mu,
590 2868 635 2902 21,
651 2867 695 2896 22.
737 2870 746 2884 ³
765 2869 830 2896 ibid.
848 2868 872 2896 7.

504 144 692 176 PANOPLIA
713 145 940 177 DOGMATICA.
959 159 993 166 —
1013 147 1088 177 TIT.
1109 147 1181 179 XII.

1615 151 1668 182 7‘3!

882 216 974 243 docuit
988 215 1130 250 Scriptura
1136 217 1148 242 ’ί
1162 215 1346 244 lnvocationis
1357 216 1440 244 verba
1451 224 1512 244 cum
1524 216 1668 244 coniicitur

882 263 961 298 panis
1047 262 1228 289 Eucharistize
1250 266 1277 289 et
1305 261 1434 297 poculum
1455 262 1666 294 benedictionis.

883 309 943 343 quis
955 312 1115 335 sanctorum
1133 309 1159 334 in
1176 307 1280 342 scripto
1295 307 1374 335 nobis
1385 307 1508 343 reliquit?
1526 307 1581 335 Nec
1594 309 1666 335 enim

883 354 925 381 his
948 353 1069 381 contenti
1087 361 1194 386 sumus,
1214 361 1274 388 quae
1301 358 1497 381 commemorat
1518 355 1666 389 Apostolus

882 406 927 427 aut
947 400 1134 435 Evangelium,
1149 408 1243 427 verum
1259 400 1312 426 alia
1329 408 1437 435 quoque
1448 405 1475 427 ct
1488 405 1550 428 ante
1565 406 1592 428 ct
1607 405 1669 436 post

881 445 1011 479 dicimus,
1037 449 1168 480 tanquam
1193 446 1309 472 multum
1328 446 1455 473 habentia
1481 447 1613 473 momenti
1634 446 1669 473 ad

882 491 1056 526 mysterium,
1072 498 1133 525 qua:
1146 498 1179 518 ex
1196 491 1344 518 traditione
1366 498 1421 517 non
1441 491 1544 526 scripta
1561 491 1670 526 accepi-

882 545 954 564 mus.
972 537 1164 565 Benedicimus
1181 541 1272 564 autem
1288 542 1314 565 et
1332 545 1429 573 aquam
1447 538 1629 572 baptismatis,
1643 541 1670 565 et

882 581 972 610 oleum
993 582 1142 615 unctionis,
1163 583 1217 609 imo
1230 583 1319 617 ipsum
1334 584 1417 610 etiam
1437 583 1483 618 qui
1503 583 1668 618 baptismum

883 627 992 661 occipit.
1010 627 1048 654 Ex
1066 627 1167 662 quibus
1182 628 1312 662 scriptis?
1329 627 1425 656 Nonne
1445 636 1460 655 ιι
1475 629 1556 655 tacita
1578 636 1669 656 secre—

884 677 964 708 taque
982 673 1149 701 traditione?
1167 673 1255 708 Ipsam
1273 681 1336 701 vero
1351 674 1403 701 olei
1418 674 1588 705 unctionem,
1605 674 1669 708 quis

883 726 974 747 sermo
999 719 1102 754 scripto
1117 719 1241 754 proditus
1265 718 1453 746 docuit?Jam
1480 724 1521 746 ter
1545 719 1669 753 innuergi

884 764 1033 797 hominem,
1049 765 1121 792 unde
1137 765 1284 792 haustum?
1300 764 1413 799 Reliqua
1429 769 1518 791 autem
1530 772 1591 799 qua:
1603 765 1671 791 ﬁunt.

885 810 913 837 in
935 810 1083 845 baptismo,
1100 810 1182 837 veluti
1206 810 1365 838 renuntiare
1388 810 1496 837 Satanat
1522 815 1549 837 et
1566 810 1671 845 angelis

884 855 954 890 ejus,
970 864 1003 883 ex
1016 863 1069 890 qua
1081 856 1219 890 scripturi
1232 855 1388 882 habemus?
1403 854 1498 882 Nonne
1514 863 1546 882 ex
1559 855 1672 882 minimc

885 901 1024 937 publicata
1039 905 1066 929 et
1080 908 1181 928 arcana
1193 905 1244 928 hac
1260 901 1397 933 doctrina,
1414 909 1496 936 quam
1515 905 1607 936 patres
1621 908 1673 928 no-

885 947 935 974 stri
954 947 1062 975 silentio
1077 947 1171 982 quieto
1189 947 1355 982 minimeque
1371 947 1482 975 curioso
1509 947 1673 975 servarunt?

885 992 991 1028 Quippe
1010 993 1077 1020 illud
1094 993 1178 1028 probe
1197 993 1359 1026 didicerant,
1386 994 1578 1030 mysteriorum
1596 1001 1671 1022 reve<

889 1038 1005 1065 rentiam
1020 1038 1131 1066 silentio
1151 1039 1320 1066 conservari.
1336 1038 1403 1066 Nam
1419 1047 1481 1074 quae
1505 1046 1556 1066 nec
1574 1039 1673 1066 intueri

887 1081 930 1109 fas
944 1086 987 1111 est
1008 1091 1064 1111 non
1091 1083 1216 1117 initiatis,
1233 1084 1280 1119 qui
1305 1085 1484 1112 conveniebat
1507 1084 1606 1112 horum
1627 1084 1675 1112 do-

888 1129 1007 1157 ctrinam
1024 1130 1135 1165 scriptis
1148 1130 1276 1165 vulgari?
1288 1134 1335 1157 aut
1349 1131 1416 1165 quid
1432 1130 1543 1159 tandem
1559 1130 1612 1158 sibi
1629 1138 1676 1158 vc-

888 1175 939 1203 luit
954 1183 1071 1210 magnus
1088 1176 1134 1203 ille
1153 1175 1270 1211 Moyses,
1286 1177 1332 1211 qui
1351 1184 1405 1204 non
1417 1177 1508 1205 omnia
1521 1185 1582 1212 quae
1598 1181 1676 1204 erant

889 1221 918 1248 in
949 1221 1052 1256 templo
1082 1229 1180 1256 passus
1204 1222 1241 1249 sit
1275 1223 1403 1250 omnibus
1437 1230 1499 1250 esse
1530 1223 1622 1258 pervia
1647 1222 1678 1249 ’ἲ

890 1266 937 1294 sed
961 1265 1091 1300 profanos
1115 1272 1193 1293 extra
1218 1273 1315 1294 sacros
1340 1266 1477 1294 cancellos
1504 1267 1619 1297 statuit;
1645 1273 1678 1293 ac

890 1312 981 1346 priora
998 1311 1107 1346 quidem
1123 1312 1193 1338 atria
1209 1310 1368 1346 purioribus
1378 1311 1552 1346 permittens,
1568 1310 1678 1338 Levitas

890 1357 965 1385 solos
979 1357 1076 1392 dignos
1089 1357 1196 1385 censuit
1211 1357 1334 1384 numinis
1355 1357 1508 1384 ministerio
1525 1359 1535 1374 ²
1553 1366 1560 1384 :
1574 1358 1679 1383 macta-

891 1402 982 1430 tiones
1005 1406 1096 1435 autem
1124 1402 1431 1436 holocautomatumque
1455 1401 1626 1434 oblationes,
1651 1404 1679 1428 et

891 1448 997 1483 reliqua
1012 1455 1074 1484 qua?
1089 1447 1124 1475 ad
1139 1455 1195 1475 rem
1213 1454 1319 1475 sacram
1338 1448 1474 1482 pertinent
1488 1447 1679 1476 sacerdotibus

892 1494 1044 1530 assignavit
1064 1495 1074 1511 ³
1089 1503 1096 1528 ;
1115 1497 1198 1529 atque
1209 1500 1294 1520 unum
1311 1501 1343 1520 ex
1359 1493 1488 1520 omnibus
1504 1492 1637 1520 selectum
1651 1492 1681 1519 in

184 1539 227 1571 είς
241 1538 276 1566 τὰ
291 1539 376 1566 ἄδυτα
391 1539 591 1574 παραδέχεται·
615 1540 661 1566 καὶ
673 1539 734 1566 οὐδὲ
749 1539 834 1566 τοῦτοπ

914 1538 974 1574 rlyta
996 1538 1108 1566 admisit
1126 1538 1153 1571 δ,
1169 1542 1197 1566 et
1220 1545 1254 1565 ne
1269 1537 1344 1565 hunc
1363 1536 1474 1572 quidem
1490 1544 1608 1572 semper,
1631 1535 1680 1563 sed

893 1591 949 1612 uno
970 1587 1076 1612 tantum
1099 1584 1144 1612 die
1169 1584 1339 1619 quotannis:
1365 1584 1432 1619 quin
1458 1587 1486 1611 et
1523 1583 1606 1618 hujus
1627 1582 1682 1610 diei

894 1634 998 1659 certam
1024 1630 1121 1658 horam
1145 1638 1199 1666 qua
1223 1630 1264 1658 fas
1289 1634 1364 1657 esset
1380 1629 1498 1665 ingredi,
1521 1628 1682 1664 praestituit,

895 1685 950 1712 quo
974 1680 1086 1712 propter
1105 1677 1254 1704 novitatem
1279 1679 1306 1703 et.
1321 1675 1509 1709 insolentiam,
1533 1683 1596 1702 cum
1619 1678 1681 1702 stu-

896 1730 961 1757 pore
975 1723 1129 1750 intueretur
1146 1721 1246 1750 Sancta
1262 1725 1422 1749 sanetorum
1441 1724 1452 1740 σ
1469 1721 1574 1756 :probe
1592 1720 1684 1748 sciens

896 1776 947 1804 pro
966 1775 1015 1796 sua
1037 1768 1184 1803 sapientia,
1201 1776 1247 1796 res
1269 1775 1321 1795 usu
1338 1767 1417 1794 tritas
1433 1771 1459 1795 et
1475 1774 1507 1794 ex
1531 1774 1562 1794 se
1577 1765 1685 1796 obvias,

896 1814 1037 1849 expositas
1052 1821 1114 1842 esse
1131 1813 1301 1848 contemptui
1316 1821 1323 1840 :
1340 1813 1424 1840 rebus
1444 1820 1511 1839 vero
1528 1819 1590 1847 quas
1606 1818 1687 1846 sepo-

897 1860 956 1886 sitas
975 1863 1040 1887 sunt
1060 1866 1092 1886 ac
1114 1866 1184 1886 rarae
1212 1858 1414 1894 quodammodo
1439 1857 1602 1884 naturaliter
1623 1863 1690 1883 con-

895 1905 1018 1940 junctam
1034 1912 1095 1933 esse
1118 1912 1253 1933 summam
1279 1904 1487 1932 admirationem
1504 1910 1537 1930 ac
1551 1901 1686 1930 studium.

899 1951 939 1978 Ad
959 1951 1084 1978 eumdem
1101 1950 1226 1986 profecto
1240 1951 1363 1983 modum,
1383 1954 1410 1977 et
1426 1949 1473 1984 qui
1498 1947 1578 1975 initio
1593 1951 1688 1975 certos

898 1998 1118 2026 EcclesiazJitus
1139 1997 1370 2032 prescripserunt
1392 1994 1510 2030 apostoli
1535 1997 1562 2022 et
1579 1993 1688 2025 Patres.

899 2045 925 2071 in
953 2043 1064 2071 occulto
1088 2043 1254 2078 silentioque
1279 2041 1419 2076 mysteriis
1440 2048 1518 2068 suam
1543 2045 1689 2066 servavere

899 2091 1071 2125 dignitatem.
1097 2088 1190 2124 Neque
1217 2089 1290 2116 enim
1312 2087 1426 2115 omnino
1454 2085 1615 2121 mysterium
1636 2088 1689 2117 est,

898 2135 973 2172 quod
1006 2135 1040 2163 ad
1071 2135 1218 2170 populares
1245 2141 1277 2161 ac
1305 2134 1433 2169 vulgares
1456 2139 1538 2159 aures
1565 2129 1690 2158 ell'ertur.

900 2182 962 2209 Haec
985 2184 1027 2209 est
1042 2181 1122 2212 ratio,
1149 2187 1199 2207 cur
1214 2179 1338 2215 quaedam
1365 2179 1433 2206 citra
1455 2177 1587 2212 scriptum
1605 2174 1692 2202 tradi-

900 2233 927 2256 ta
947 2228 1022 2258 sint,
1045 2235 1080 2254 ne
1102 2226 1262 2262 dogmatum
1289 2217 1390 2252 notitia.
1409 2224 1532 2259 neglecta
1547 2242 1554 2255 ,
1580 2224 1692 2256 propter

900 2273 1105 2302 assuetudinem
1128 2273 1210 2308 vulgo
1225 2272 1331 2299 veniret
1351 2271 1378 2298 in
1395 2273 1594 2304 contemptum.
1610 2265 1693 2295 Aliud

901 2320 999 2354 utique
1010 2322 1052 2346 cst
1074 2318 1184 2353 dogma,
1203 2317 1276 2344 aliud
1292 2315 1460 2352 praedicatio.
1479 2314 1546 2341 Nam
1563 2313 1693 2348 dogmata

902 2365 1031 2395 silentur,
1055 2362 1267 2398 praedicationes
1288 2368 1353 2388 vero
1378 2360 1564 2395 publicantur.
1584 2357 1632 2386 Est
1647 2363 1695 2383 au-

903 2414 958 2437 tem
973 2409 1075 2436 silentii
1099 2408 1206 2444 species
1233 2408 1316 2435 etiam
1342 2406 1499 2434 obscuritas
1526 2413 1580 2441 qua
1606 2403 1694 2432 utitur

906 2455 1058 2490 Scriptura,
1139 2453 1280 2480 intellectu
1296 2452 1431 2481 difﬁcilem
1445 2451 1563 2479 reddens
1578 2449 1693 2483 dogma~

905 2506 962 2528 tum
988 2499 1165 2531 scntentiam,
1195 2499 1278 2534 idque
1307 2498 1340 2525 ad
1367 2497 1512 2533 legentium
1537 2495 1693 2524 utilitatem.

908 2546 984 2572 Hanc
1001 2544 1036 2571 ob
1053 2550 1165 2571 causam
1190 2550 1286 2571 omnes
1312 2546 1469 2578 spectamus
1485 2540 1518 2568 ad
1549 2539 1694 2569 orientem,

906 2597 968 2617 cum
1001 2596 1154 2624 precamur.
1173 2587 1253 2623 pauci
1281 2593 1370 2615 tamen
1399 2587 1536 2620 novimus,
1563 2586 1638 2621 quod
1662 2586 1691 2613 id

906 2636 1039 2665 facientes
1065 2631 1205 2670 antiquam
1225 2633 1388 2668 requirimus
1403 2633 1518 2668 patriam
1531 2653 1538 2665 ,
1562 2631 1690 2659 videlicet.

905 2682 1159 2718 paradisum,quem
1178 2681 1307 2716 plantavit
1322 2681 1392 2708 Deus
1412 2681 1439 2708 in
1454 2679 1528 2708 Eden
1545 2680 1578 2707 ad
1599 2678 1690 2706 orien-

906 2733 960 2755 tem
978 2729 996 2754 '.
1027 2727 1116 2755 Erecti
1144 2727 1236 2754 itidem
1257 2726 1412 2761 perticimus
1432 2725 1639 2760 deprecatioues
1661 2724 1688 2750 in

909 2782 962 2801 una
989 2773 1112 2805 Sabbati,
1139 2773 1186 2800 sed
1214 2772 1347 2799 rationem
1365 2779 1419 2799 non
1437 2778 1532 2799 omnes
1555 2771 1691 2797 novimus.

914 2868 922 2883 ⁵
940 2867 1026 2896 Exod.
1056 2875 1121 2900 xxx,
1153 2867 1197 2894 10.
1235 2866 1245 2883 ⁸
1262 2865 1349 2894 Levit.
1362 2864 1459 2901 “1,2.
1499 2866 1509 2882 ⁸
1525 2864 1592 2894 Gen.
1612 2872 1642 2898 ιι,
1659 2863 1688 2894 8.
