1873 3076
173 155 225 188 795

792 151 981 183 EUTIIYMII
1003 151 1088 182 ΖΠΗ
1097 150 1182 181 BENI

1759 149 1806 182 7'6

177 226 236 254 Non
252 227 326 254 enim
347 226 436 254 solum
457 224 531 260 quod
558 224 638 252 veluti
665 223 747 251 simul
770 230 832 250 cum
852 223 916 249 Chri

1062 225 1087 258 τῇ
1104 221 1280 257 ἁναστασίμῳ
1299 222 1390 258 ήμέρᾳ
1404 221 1454 256 τῆς
1474 220 1620 256 δεδομένης
1635 222 1704 256 ἡμῖν
1730 221 1801 256 χάμ-

177 273 346 304 rcsuscitati,
361 280 421 307 qua:
443 279 551 299 sursum
575 274 639 298 sunt
661 277 783 304 quaerere
805 269 961 301 debeamus,

179 319 206 345 in
238 318 282 345 die
311 317 521 345 resurrectionis
547 316 617 343 datae
644 316 723 343 nobis
749 315 842 350 gratiae
864 315 962 342 stando

180 370 324 400 precantes
340 364 523 398 nosmetipsos
543 362 814 393 commonefacimus,
830 361 877 389 sed
891 361 962 396 quod

180 411 203 437 is
218 410 277 436 dies
293 410 417 436 rideatur
432 409 522 444 aliquo
537 409 617 436 modo
630 409 718 444 imago
734 407 841 434 venturi
857 407 961 434 saeculi.

179 457 272 492 quue
289 465 349 483 cum
375 457 410 483 sit
433 455 596 491 principium
619 453 734 487 dierum,
757 462 812 482 non
828 453 933 488 primus
948 460 963 479 a

180 503 282 538 Moyse,
295 503 341 530 sed
357 510 427 529 unus
440 502 592 537 appellatus
603 505 656 528 est.
673 500 758 526 Facta
772 504 811 527 est
827 500 907 531 enim,
921 499 963 525 in-

179 549 249 584 quit,
276 556 389 582 vespera,
407 552 431 574 et
451 547 551 581 factum
568 552 607 573 est
627 554 719 578 mane,
747 545 802 572 dies
828 553 896 572 unus
923 549 930 563 ι
953 552 960 570 :

180 600 309 630 tanquam
331 594 377 629 qui
399 601 470 628 saepe
491 597 623 620 recurrat.
638 592 723 627 igitur
742 599 813 619 unus
834 594 876 618 est
892 590 963 618 idem

179 645 207 668 et
233 644 364 671 octavus,
391 647 475 665 unum
502 639 576 665 illum
613 638 778 672 singularem
805 643 837 664 ac
867 643 962 664 verum

180 691 317 717 octavum,
333 686 413 720 cujus
427 689 454 712 et
466 684 611 711 Psalmista
626 683 653 711 in
670 682 832 718 quibusdam
846 681 965 709 Psalmo-

180 740 240 759 rum
259 731 484 766 inscriptionibus
507 730 631 757 meminit
646 733 669 762 ι,
687 737 734 764 per
750 737 779 756 se
795 729 963 763 significans,

181 783 282 806 statum
319 777 443 804 videlicet
470 777 522 803 hoc
550 780 658 809 tempus
689 778 863 806 secuturum,
894 773 965 800 diem

181 832 236 851 non
250 823 412 854 desiturum,
432 829 550 856 vespera:
574 821 708 852 nescium,
732 819 900 847 successoris
919 827 966 846 ex-

181 874 297 906 pertem.
313 877 398 895 mvum
428 868 494 894 illud
515 874 654 901 nunquam
679 866 826 892 finiendum
845 872 895 892 nec
916 873 966 892 un-
982 884 1002 910 Β

182 924 264 951 quam
286 921 440 942 senescens.
461 912 622 940 Necessario
638 912 721 947 igitur
741 911 767 938 in
791 911 843 938 hoc
863 911 905 938 dic
921 911 967 938 Ec—

181 963 266 990 clesia
287 969 352 988 suos
372 961 497 986 alumnos
524 959 622 990 docet,
649 965 745 992 preces
775 965 840 984 suas
869 956 967 983 stando

182 1007 344 1037 absolvere,
367 1009 397 1032 ut
425 1005 535 1032 assidua
560 1003 774 1030 commonitione
799 1003 861 1030 vita:
892 1002 967 1029 illius

183 1057 324 1084 nunquam
341 1049 479 1080 desituraa,
498 1055 553 1075 non
569 1047 738 1082 negligemus
756 1047 788 1074 ad
804 1054 863 1074 eam
884 1046 968 1074 demi-

183 1097 333 1131 grationem
360 1102 458 1130 parare
476 1093 616 1121 viaticum.
643 1093 714 1126 Quin
740 1097 767 1120 et
791 1096 877 1120 totum
900 1092 967 1119 illud

183 1141 382 1176 quinquaginta
408 1140 514 1167 dierum
534 1143 642 1174 tempus
655 1138 804 1166 admonitio
819 1143 861 1166 est
876 1146 964 1166 resur-

184 1188 332 1219 rectionis,
359 1193 440 1222 quam
473 1185 501 1212 in
526 1186 612 1212 altero
633 1185 732 1212 saeculo
766 1188 966 1219 exspectamus.

183 1233 251 1261 Nam
268 1241 340 1261 unus
354 1233 400 1260 ille
415 1237 442 1259 et
455 1232 560 1266 primus
573 1231 631 1258 dies
645 1230 745 1265 septies
760 1230 967 1265 multiplicatus,

184 1283 287 1314 septem
311 1285 396 1306 sacra:
423 1277 598 1304 Pentecostes
628 1275 815 1303 hebdomadas
840 1275 967 1303 absolvit.

184 1325 206 1352 A
229 1325 316 1360 primo
334 1324 405 1351 enim
427 1323 569 1357 incipiens,
589 1321 617 1348 in
641 1321 765 1348 eumdem
787 1320 897 1351 desinit,
919 1328 966 1355 per

185 1370 298 1401 similes,
315 1369 359 1404 qui
385 1368 412 1394 in
437 1368 526 1394 medio
548 1366 731 1396 intercedunt.
754 1365 813 1393 dies
837 1365 968 1400 quinqua-

185 1417 242 1452 gies
263 1415 398 1443 evolutus.
437 1412 513 1440 Unde
535 1416 562 1440 et
588 1412 768 1438 aeternitatem
791 1411 970 1438 similitudine

186 1463 281 1494 refert,
299 1461 363 1488 dum
379 1460 453 1487 velut
474 1459 502 1486 in
518 1463 592 1484 motu
610 1457 749 1489 circulari,
765 1457 799 1484 ab
812 1457 909 1484 iisdem
925 1465 970 1484 or-

186 1516 234 1535 sus
251 1507 336 1542 signis
361 1506 388 1531 in
406 1504 500 1531 eadem
515 1503 626 1530 desinit.
644 1502 705 1535 Quo
726 1503 753 1529 in
775 1502 830 1535 die,
846 1503 970 1538 corporis

1012 277 1056 300 τος
1077 268 1121 294 διὰ
1142 268 1190 302 τῆς
1211 266 1280 293 κατὰ
1298 267 1347 302 τὴν
1367 266 1519 302 προσευχὴν
1539 267 1663 297 στάσεως
1690 267 1802 297 ἑαυτοὺς

1012 313 1272 348 ὑπομιμνήσκομεν-
1292 312 1348 338 ἀλλ’
1365 312 1406 338 ὅτι
1430 311 1503 338 δοκεί
1526 320 1583 343 πως
1609 312 1658 337 τοῦ
1688 311 1803 346 προσδο-

1011 359 1134 394 κωμένου
1150 358 1246 390 αἰῶνος
1259 356 1327 384 εἶναι
1340 357 1430 385 εἰκών.
1449 357 1493 383 Διὸ
1506 357 1553 383 καὶ
1565 357 1637 392 ἀρχὴ
1650 355 1723 383 οὖσα
1740 358 1804 391 ἤμει

1014 405 1079 441 ρῶν,
1094 404 1155 440 οὐχὶ
1171 405 1265 440 πρώτη
1286 403 1361 438 παρὰ
1374 403 1524 433 Μωῡσέως,
1542 402 1610 428 ma
1624 402 1677 436 μία
1694 401 1803 436 ὠνόμα-

1014 459 1084 477 σται.
1116 449 1246 484 Ἐγένετο
1267 450 1339 483 γὰρ,
1358 448 1451 483 φησὶν,
1467 447 1589 481 ἑσπέρα,
1608 446 1659 473 καὶ
1684 446 1803 480 ἐγένετο

1014 496 1088 530 πρωῒ
1098 515 1106 528 ,
1130 495 1224 530 ἡμέρα
1236 495 1290 529 μία
1301 503 1309 510 ·
1326 495 1363 526 ὡς
1380 493 1428 528 τῆς
1450 494 1534 528 αὐτῆς
1557 493 1803 527 ἀνακυκλουμέντςς

1014 541 1153 572 πολλάκις.
1171 540 1226 566 Καὶ
1246 539 1294 574 μία
1318 539 1406 565 τοίνυν
1428 539 1445 573 ὴ
1466 537 1534 573 αὐτὴ
1546 557 1553 569 ,
1569 538 1616 564 καὶ
1635 537 1722 572 ὀγδόη
1735 557 1742 568 ,
1759 537 1804 571 τὴν

1016 587 1080 622 μίαν
1100 586 1184 617 ὅντως
1207 585 1314 621 ἐκείνην
1328 585 1374 611 καὶ
1395 584 1524 620 ἀληθινὴν
1539 584 1648 619 ὀγδόην,
1664 582 1702 617 ἧς
1724 584 1774 610 καὶ
1792 584 1804 608 ὁ

1014 633 1164 668 Ψαλμῳδὸς
1179 632 1208 658 ἔν
1227 640 1296 658 τισιν
1308 631 1474 666 ἐπιγραφαῖς
1484 630 1536 657 τῶν
1547 630 1663 665 ψαλμῶν
1685 630 1804 664 sum.

1017 679 1078 713 σοη,
1091 678 1124 705 δι’
1146 678 1245 713 ἑαυτῆς
1266 677 1451 713 ἐμφανίζουσα
1463 696 1470 709 ,
1484 676 1532 711 τὴν
1554 676 1625 711 μετὰ
1643 675 1694 701 τὸν
1712 676 1803 710 χρόνον

1014 726 1107 752 τοῦτον
1129 724 1304 756 κατάστασιν,
1323 724 1372 759 τὴν
1394 723 1537 751 ἄπαυστονη
1552 722 1674 757 ἡμέραν,
1690 722 1741 756 τὴν
1761 723 1803 748 ἁν‹

1015 772 1147 806 έσπερον,
1175 771 1224 805 τὴν
1249 770 1405 804 ἀδιάδοχον,
1430 769 1475 795 τὸν
1495 768 1612 803 ἄληκτον
1633 768 1744 793 ἐκεῖνον
1760 767 1804 792 καὶ

1015 816 1111 851 ἀγήρω
1121 815 1214 842 αἰῶνα.
1235 814 1403 848 Ἀναγκαίως
1413 811 1459 840 οὖν
1469 812 1517 844 τὰς
1526 814 1554 838 ὲν
1566 813 1634 847 αὐτῇ
1647 813 1805 847 προσευχὰς

1016 860 1135 891 ἑστῶτας
1155 859 1329 894 ἀποπληροῦν
1341 859 1404 889 τοὺς
1420 858 1518 892 ἑαυτῆς
1532 858 1689 892 τροφίμους
1705 858 1723 891 ἡ
1749 857 1805 882 Ἐκ-

1015 905 1115 941 κλησία
1127 904 1258 936 παιδεύει,
1274 905 1317 931 ἵνα
1333 905 1366 938 τῇ
1388 904 1491 937 συνεχεί
1507 903 1661 937 ὑπομνήσει
1678 902 1731 936 τῆς
1748 903 1806 928 ἁτε-

1016 952 1144 986 λευτήτου
1166 950 1240 984 ζωῆς
1263 949 1316 975 τῶν
1342 948 1411 984 πρὸς
1431 948 1480 983 τὴν
1505 947 1674 982 μετάστασιν
1699 948 1806 981 ἐκείνην

1016 997 1128 1032 ἐφοδίων
1153 996 1189 1032 μὴ
1212 994 1368 1030 ἀμελῶμεν.
1385 993 1440 1021 Καὶ
1461 993 1535 1019 πᾶσα
1550 992 1578 1019 δὲ
1595 993 1613 1028 ἡ
1631 992 1806 1027 πεντηκοστὴ

1015 1043 1066 1077 τῆς
1088 1042 1116 1068 ὲν
1136 1041 1175 1076 τῷ
1193 1040 1271 1068 αἰῶνι
1373 1037 1601 1074 προσδοκωμένης
1628 1037 1807 1068 ἀναστάσεως

1017 1089 1091 1114 ἐστιν
1117 1087 1274 1122 ὑπόμνημα.
1300 1086 1332 1112 Ἠ
1359 1084 1414 1120 γὰρ
1443 1084 1492 1119 μία
1513 1083 1604 1119 ἐκείνη
1632 1083 1683 1110 καὶ
1714 1083 1807 1118 πμὶιτη

1016 1133 1124 1169 ἡμέρα,
1146 1133 1259 1163 ἑπτάκις
1279 1129 1563 1161 έπταπλασιασθείσα,
1587 1129 1638 1161 τὰς
1663 1129 1741 1155 ἑπτὰ
1764 1129 1809 1164 τῆς

1019 1181 1094 1217 ἱερᾶς
1111 1179 1295 1215 πεντηκοστῆς
1310 1177 1458 1213 ἑϐδομάδας
1472 1176 1606 1203 ἀποτελεῖ.
1631 1176 1682 1202 Ἐκ
1698 1175 1809 1211 πρώτης

1018 1226 1072 1261 γὰρ
1088 1225 1236 1261 ἀρχομένη,
1254 1225 1293 1255 είς
1309 1223 1358 1259 τὴν
1373 1223 1457 1258 αὐτὴν
1473 1222 1637 1257 καταλήγει,
1656 1222 1694 1248 δι’
1711 1222 1810 1257 ὁμοίων

1017 1271 1072 1298 τῶν
1093 1272 1121 1297 έν
1144 1270 1183 1305 τῷ
1207 1270 1281 1305 μέσῳ
1297 1267 1484 1303 ὲξελιττομένη
1509 1267 1744 1302 πεντηκοντάδιις.
1768 1263 1810 1292 Διὸ

1019 1319 1066 1345 καὶ
1080 1318 1165 1345 αἰῶνα
1253 1316 1375 1351 μιμεῖται
1388 1316 1422 1350 τῇ
1436 1314 1585 1349 ὁμοιότητι,
1604 1313 1706 1349 ὥσπερ
1724 1314 1753 1340 ὲν
1768 1323 1810 1340 κυ-

1020 1369 1099 1403 κλικῇ
1122 1367 1226 1402 κινήσει
1250 1365 1304 1392 ἀπὸ
1325 1364 1379 1391 τῶν
1398 1364 1488 1390 αὐτῶν
1511 1361 1651 1398 ἀρχομένη
1676 1362 1810 1397 σημείων,

1019 1415 1067 1443 καὶ
1081 1416 1120 1446 εἰς
1135 1414 1168 1441 τὰ
1181 1413 1251 1440 αὐτὰ
1265 1411 1465 1446 καταλήγουσα.
1487 1410 1531 1436 Ἐν
1568 1410 1598 1435 τὸ
1609 1409 1709 1444 ὄρθιον

1019 1462 1069 1496 τῆς
1086 1459 1239 1495 προσευχῆς
1262 1457 1396 1492 προτιμᾷν
1411 1457 1434 1482 οἱ
1453 1455 1547 1490 θεσμοὶ
1565 1455 1615 1489 τῆς
1646 1453 1813 1488 Ἐκκλητίιις

1021 1507 1093 1541 ἡμᾶς
1114 1504 1322 1537 ἑξεπαίδευσαν,
1346 1503 1378 1528 ὲκ
1400 1501 1449 1536 τῆς
1468 1500 1600 1535 ἐναργοῦς
1625 1499 1812 1533 ὑπομνήσεως

186 1556 278 1580 erecto
303 1551 396 1578 habitu
420 1549 524 1585 precari
551 1549 643 1583 potius
668 1555 718 1575 nos
746 1547 874 1575 Ecclesia:
901 1548 923 1575 ri

1073 1553 1100 1578 ‘el.
1121 1550 1316 1587 μετοικίζοντες
1329 1548 1407 1584 ἡμῶν
1424 1547 1469 1574 τὸν
1485 1546 1547 1573 νοῦν
1564 1545 1618 1572 ἀπὸ
1632 1545 1692 1571 τῶν
1712 1543 1812 1579 παρήν-

187 1601 348 1628 docuerunt,
372 1597 500 1623 nimirum
526 1602 573 1629 per
599 1594 753 1621 evidentem
778 1595 971 1621 commonitioc

188 1653 250 1672 nem
262 1644 342 1679 quasi
355 1642 551 1669 transferentes
560 1645 677 1667 mentem
690 1644 812 1667 nostram
825 1647 839 1666 a
857 1648 973 1674 pnesen-

188 1691 261 1718 tibus
278 1689 310 1716 ad
332 1688 431 1715 fultura.
441 1687 554 1722 Insuper
567 1691 593 1714 et
609 1686 715 1721 quoties
729 1693 816 1720 genua
828 1685 970 1717 flectimus,

188 1741 216 1763 ct
241 1743 336 1762 rursus
357 1734 499 1769 erigimur,
522 1733 581 1767 ipso
603 1732 675 1759 facto
699 1731 880 1762 ostendimus,
900 1730 971 1765 quod

189 1782 225 1808 ob
238 1784 377 1815 peccatum
403 1779 430 1805 in
445 1782 547 1805 terram
567 1777 669 1812 delapsi
694 1784 799 1808 sumus,
812 1781 838 1803 et
854 1785 901 1811 per
921 1777 973 1803 hu-

192 1825 348 1851 munitatem
363 1823 423 1858 ejus
440 1823 486 1858 qui
507 1823 610 1849 creavit
629 1829 680 1849 nos
698 1822 725 1848 in
740 1821 839 1848 cmlum
855 1821 973 1848 revocati

191 1876 298 1897 smnus.

295 1914 405 1942 Deficiet
428 1921 470 1940 me
491 1913 560 1946 dies,
581 1912 605 1940 si
628 1909 759 1938 Ecclesiae
785 1911 913 1944 mysteria
936 1911 976 1937 ci-

196 1966 237 1988 tra
266 1963 399 1996 scriptum
428 1960 526 1987 tradita
557 1965 668 1994 pergam
695 1964 850 1988 recensere.
877 1955 978 1982 Omitto

187 2010 284 2032 caetera
324 2015 330 2033 :
404 2006 491 2040 ipsam
512 2005 572 2032 ﬁdei
597 2004 797 2039 professionem
818 2004 844 2028 in
869 2002 977 2028 Patrem

190 2055 218 2078 et
243 2050 340 2077 Filium
367 2054 393 2077 et
410 2049 541 2085 Spiritum
566 2054 703 2080 sanctum,
729 2056 744 2075 e
770 2048 869 2082 quibus
893 2048 976 2074 habe-

191 2103 252 2123 mus
278 2095 411 2129 scriptis?
445 2094 550 2121 Etenim
579 2095 602 2122 si
632 2093 762 2128 quoniam
789 2102 821 2120 ex
846 2092 975 2127 baptismi

190 2141 348 2173 traditione,
361 2141 439 2174 juxta
458 2141 568 2175 pietatis
582 2140 821 2170 consecutionem,
838 2142 867 2165 ut
889 2138 978 2173 bapti-

190 2194 296 2215 zamur.
311 2187 347 2212 ita
369 2191 396 2213 et
418 2187 528 2213 credere
551 2185 692 2217 debemus,
710 2186 825 2212 similem
842 2184 977 2218 baptismo

190 2231 388 2266 professionem
403 2232 564 2259 exhibemus
588 2239 594 2256 :
617 2231 769 2257 concedant
783 2230 865 2257 etiam
887 2229 976 2261 nobis.

191 2282 221 2303 ut
242 2277 319 2311 juxta
341 2277 464 2304 eamdem
490 2276 715 2311 consequentiam
750 2275 977 2309 glorificationem

190 2322 251 2349 fidei
267 2322 438 2349 consimilem
460 2323 657 2357 persolvamns.
674 2321 753 2354 Quod
769 2322 791 2348 si
807 2320 977 2356 gloriﬁcandi

190 2369 301 2395 modum
318 2368 399 2394 \eluti
424 2369 527 2403 scripto
542 2376 595 2395 non
612 2368 741 2395 traditum
757 2367 897 2402 rejiciunt,
914 2375 977 2402 pro-

191 2414 280 2441 ferant
303 2413 384 2440 nobis
415 2417 442 2440 et
468 2413 650 2447 professionis
677 2413 739 2440 fidei
765 2416 793 2440 et
817 2417 977 2441 ceterorum

189 2466 249 2493 quae
271 2458 545 2485 commemoravimus
569 2457 757 2492 probationem
779 2465 795 2485 e
817 2457 976 2493 Scripturis.

189 2503 289 2530 Adhaec
309 2510 374 2530 cum
398 2507 453 2529 tam
478 2503 563 2529 multa
585 2503 640 2529 sint
657 2510 718 2537 qua).
742 2503 846 2536 scripto
870 2503 978 2537 prodita

190 2557 245 2577 non
269 2553 343 2583 sunt,
358 2554 386 2577 et
409 2553 514 2576 tantum
539 2549 639 2575 habent
661 2548 791 2576 momenti
814 2548 847 2575 ad
870 2549 979 2584 pietatis

191 2596 377 2631 mysterium,
405 2595 515 2622 unicam
542 2595 738 2622 dictiuneulam
768 2603 829 2630 qum
852 2603 868 2622 a
892 2595 979 2630 majo-

190 2641 267 2668 ribus
282 2640 315 2667 ad
329 2647 379 2667 nos
395 2639 514 2671 devenit,
532 2647 585 2666 non
600 2640 763 2671 concedent,
780 2648 863 2675 quam
878 2649 928 2668 nos
942 2649 976 2669 ex

190 2687 346 2714 inaffectata
372 2685 572 2713 consuetudine
605 2685 633 2713 in
662 2685 808 2718 Ecclesiis,
833 2695 893 2722 qua:
916 2694 977 2722 per-

189 2741 277 2761 versa:
289 2737 316 2760 et
332 2736 469 2767 corruptae
491 2740 545 2759 non
561 2737 634 2764 sunt,
650 2737 856 2767 permanentem
871 2733 977 2760 inveni-

190 2783 263 2807 mus,
282 2776 354 2803 haud
377 2775 545 2803 mediocrem
560 2776 695 2804 rationein
710 2776 867 2808 habentem,
886 2784 976 2811 neque

190 2819 328 2848 mediocre
344 2821 530 2855 adjumentum
547 2821 580 2847 ad
595 2821 715 2856 mystcrii
730 2821 783 2848 vim
798 2821 978 2849 atl‘creutcm?

237 2868 325 2897 'Gcn.
347 2878 365 2904 ι,
381 2871 408 2898 5.
447 2871 456 2885 ²
472 2869 544 2898 Psal.
562 2877 586 2896 vt
605 2873 632 2897 ct
651 2877 697 2897 χιι.

1020 1607 1074 1625 των
1089 1598 1135 1624 ἐπὶ
1146 1597 1180 1623 τὰ
1194 1596 1334 1632 μέλλοντα.
1356 1595 1411 1621 Καὶ
1426 1593 1487 1620 καθ’
1505 1592 1623 1632 ἑκάστην
1636 1591 1665 1618 δὲ
1682 1590 1813 1625 γονυκλι-

1024 1645 1082 1670 σίαν
1103 1643 1149 1670 καὶ
1171 1643 1342 1668 διανάστασιν
1358 1640 1430 1674 ἔργῳ
1455 1639 1609 1672 δείκνυμεν,
1626 1637 1668 1663 ὅτι
1697 1636 1746 1663 διὰ
1774 1635 1814 1661 διὰ

1022 1691 1070 1725 τῆς
1085 1688 1220 1724 ἁμαρτίας
1237 1688 1276 1719 εἱς
1288 1687 1339 1721 γῆν
1352 1684 1554 1720 κατερῤύημεν,
1568 1683 1613 1709 καὶ
1624 1683 1668 1708 διὰ
1687 1683 1744 1716 τῆς
1761 1682 1817 1715 ’,ξελ-

1023 1735 1179 1769 ανΟρωπίας
1196 1733 1243 1760 τοῦ
1262 1733 1403 1763 κτίσαντος
1418 1731 1492 1767 ἡμᾶς
1506 1730 1546 1761 είς
1558 1729 1673 1764 οὐρανὸν
1697 1728 1815 1762 ἀνεκλή-

1023 1781 1120 1815 θημεν.

1131 1909 1277 1944 Ἐπιλείψει
1296 1917 1329 1943 με
1350 1908 1366 1943 ἠ
1391 1906 1492 1942 ἡμέρα,
1508 1905 1542 1931 τὰ
1562 1905 1672 1939 ἅγραψα
1772 1905 1820 1938 τῆς

1029 1959 1190 1994 Ἐκκλησίας
1205 1958 1342 1993 μυστήρια
1356 1954 1542 1990 διηγούμενον.
1571 1952 1623 1979 Ἐῶ
1638 1952 1732 1979 τᾶλλα
1742 1961 1750 1967 -
1777 1953 1818 1979 αὐ-

1022 2005 1070 2040 τὴν
1085 2005 1112 2031 δὲ
1135 2004 1185 2040 τὴν
1206 2003 1350 2039 ὁμολογίαν
1371 2001 1420 2036 τῆς
1436 2000 1554 2030 πίστεως
1644 1999 1684 2028 είς
1704 1999 1818 2032 Πατέρα

1023 2052 1069 2078 καὶ
1091 2050 1153 2076 Υίὸν
1176 2050 1222 2077 καὶ
1243 2049 1319 2082 ἅγιον
1341 2046 1453 2080 Πνεῦμα
1474 2046 1506 2071 ὲκ
1528 2044 1610 2070 ποίων
1635 2045 1819 2078 γραμμάτων

1024 2096 1140 2131 ἔχομεν;
1164 2095 1194 2121 Εἰ
1218 2095 1267 2129 μὲν
1281 2093 1336 2128 γὰρ
1357 2093 1389 2118 ὲκ
1408 2091 1458 2126 τῆς
1475 2089 1522 2116 τοῦ
1549 2089 1745 2123 βαπτίσματος
1770 2097 1819 2113 7:1-

1025 2141 1170 2176 ραδόσεως,
1187 2138 1259 2166 κατὰ
1274 2138 1304 2164 τὸ
1316 2137 1367 2173 τῆς
1384 2135 1523 2166 εὐσεϐείας
1538 2133 1696 2163 ἀκόλουθον,
1715 2134 1757 2164 ὡς
1775 2134 1819 2167 ῥα-

1025 2185 1175 2220 πτιζόμεοα
1190 2184 1260 2210 οὕτω
1275 2183 1322 2209 καὶ
1336 2181 1475 2208 πιστεύειν
1489 2181 1652 2215 ὀφείλοντες,
1667 2179 1770 2205 οὐσίαν
1784 2179 1820 2212 τῷ

1026 2231 1192 2266 βαπτίσματι
1284 2228 1331 2263 τὴν
1346 2227 1489 2262 ὁμολογίαν
1512 2224 1732 2259 κατατιθέμεοα,
1754 2234 1819 2258 πτ-

1025 2277 1229 2312 χωρησάτωσαν
1254 2274 1300 2301 καὶ
1326 2275 1391 2308 ἡμῖν
1417 2274 1448 2299 ὲκ
1471 2272 1520 2307 τῆς
1544 2271 1628 2305 αὐτῆς
1652 2271 1820 2301 ἀκολουθίας

1025 2322 1120 2356 ὁμοίαν
1141 2322 1173 2356 τῇ
1200 2320 1290 2346 πίστει
1310 2319 1360 2354 τὴν
1381 2318 1459 2351 δόξαν
1476 2316 1644 2343 ἁποδιδὸναι⁶
1668 2317 1693 2341 εὶ
1723 2316 1755 2341 δὲ
1777 2316 1820 2341 τὸν

1024 2367 1123 2402 τρόπον
1142 2366 1191 2400 τῆς
1215 2363 1369 2397 δοξολογιας
1394 2362 1432 2394 ὡς
1452 2361 1574 2396 ἄγραφον
1598 2360 1819 2395 παραιτοῦνται,

1025 2413 1143 2439 δότωσαν
1156 2411 1222 2446 ἡμῖν
1239 2409 1290 2444 τῆς
1303 2417 1333 2436 τε
1348 2407 1419 2435 κατὰ
1434 2407 1484 2442 τὴν
1498 2406 1589 2433 πίστιν
1604 2405 1758 2440 ὁμολογίας
1776 2407 1820 2432 καὶ

1026 2457 1078 2484 τῶν
1104 2455 1215 2488 λοιπῶν,
1234 2453 1271 2482 ὢν
1289 2451 1560 2489 ἀπηριθμησάμεθα,
1586 2451 1751 2486 ἐγγράφους
1773 2452 1820 2479 τὰς

1027 2501 1185 2534 ἀποδείξεις.
1207 2498 1272 2526 Εῐτα
1287 2498 1422 2525 τοσούτων
1435 2497 1520 2523 ὄντων
1536 2496 1679 2531 ἀγράςεων,
1699 2497 1754 2522 καὶ
1779 2504 1820 2521 το-

1028 2547 1128 2581 σαύτην
1141 2545 1257 2581 ὲχόντων
1274 2543 1323 2579 τὴν
1340 2543 1416 2577 ἰσχὺν
1433 2542 1473 2574 εἰς
1489 2541 1520 2568 τὸ
1533 2541 1583 2575 τῆς
1602 2540 1751 2571 εὐσεῧείας
1772 2549 1819 2573 μ’δο

1027 2594 1146 2628 στήριον,
1163 2591 1226 2627 μίαν
1239 2589 1310 2621 λέξιν
1324 2590 1390 2624 ἡμῖν
1405 2589 1437 2614 ἐκ
1449 2586 1574 2621 πατέρων
1587 2586 1626 2617 εἰς
1639 2586 1715 2620 ἡμᾶς
1730 2585 1818 2611 59°5-

1028 2647 1077 2665 σαν
1095 2638 1129 2664 ὀὺ
1153 2635 1387 2671 συγχωρήσουσιν,
1413 2634 1447 2668 ἣν
1470 2633 1552 2667 ἡμεῖς
1575 2631 1607 2657 ὲκ
1621 2631 1671 2665 τῆς
1687 2630 1817 2663 ἀνεπιτη-

1027 2684 1120 2711 δεύτου
1137 2681 1279 2717 συνηθείας
1295 2680 1355 2710 ταῖς
1371 2677 1561 2713 ἀδιαστρόφοις
1577 2676 1632 2702 τῶν
1651 2674 1818 2709 Ἑκκλησιῶν

1029 2728 1246 2765 έναπομείνασαν
1258 2726 1384 2761 εὕρομεν,
1396 2723 1426 2751 οὐ
1442 2723 1538 2758 μικρὸν
1547 2722 1592 2749 τὺν
1603 2722 1682 2755 λόγον
1693 2721 1756 2756 ἔχου
1762 2730 1815 2747 σαν.

1028 2777 1088 2803 οὐδὲ
1115 2775 1242 2811 βραχεῖαν
1272 2770 1429 2798 συντέλειαν
1454 2770 1494 2801 είς
1520 2768 1571 2804 τὴν
1595 2768 1644 2796 τοῦ
1669 2767 1816 2803 μυστηρίου

1029 2823 1143 2857 δύναμιν
1159 2817 1357 2855 εἰσφερομένην
1373 2828 1380 2851 ;
