1873 3076
33 157 95 188 797

521 152 712 184 PANOPLIA
732 151 964 183 DOGMATICA.
981 164 1016 171 —
1030 153 1106 186 TIT.
1127 153 1197 185 ΧΗ.

1621 158 1674 191 798

78 200 257 247 Εἴρηταιμὲν
271 207 327 242 οὖν,
339 209 380 236 δτι
392 207 488 235 ταυτόν
503 209 561 234 ἐστι
578 208 646 242 προς
662 207 783 234 διάνοιαν
793 207 831 232 εί-

923 208 1029 236 Dictum
1057 213 1101 236 est
1127 209 1237 244 quitlem
1251 209 1319 238 nihil
1345 210 1449 240 referre
1482 211 1516 239 ad
1542 219 1667 246 sensum,

35 260 117 291 πεῖν,
134 258 202 291 Δόξα
217 258 304 292 Πατρὶ
314 257 359 284 καὶ
374 256 432 291 Υίῷ
459 256 505 282 καὶ
519 255 589 290 ἁγίῳ
607 255 676 281 [1νεὺ
682 261 759 288 ματι·
787 253 834 279 καὶ

35 305 113 337 Δόξα
132 305 217 338 Πατρὶ
228 303 275 329 καὶ
285 302 342 336 Υίῷ
358 302 406 328 σὺν
415 302 452 335 τῷ
460 301 531 336 ἁγίῳ
543 301 692 335 [ινεύματι.
705 299 773 326 Οὗτε
787 299 834 326 οὖν

35 351 94 385 τὴν
110 351 157 378 καὶ
175 349 311 384 συλλασὴν
326 348 355 381 ἐξ
367 347 452 382 αὐτῆς
461 347 508 374 τιιῦ
518 348 622 380 Κυρίου
633 347 724 381 φωνῆς
737 346 834 381 προσ).-

39 397 149 422 ῡοῦσαν
162 395 298 429 ἀθετῆσαι
312 403 365 420 τινι
388 393 577 428 ἣδιαγρὰφειν
598 391 654 418 οἷον
669 401 709 424 τε,
725 394 771 419 καὶ
785 392 834 427 τὴν

38 441 262 476 ἰσοδυναμοῦσαν
299 440 368 474 αὐτῇ
396 439 474 465 οὐδὲν
491 439 521 465 τὺ
546 438 650 465 χωλύον
668 440 834 474 καταδεχθῆ-

37 495 105 513 ναι*
133 487 168 522 ἢν
194 487 268 518 ὅπως
291 485 348 520 ἔχει
376 484 443 518 πρὸς
462 485 571 519 ἐκείνην
598 485 730 519 διαφορᾶς
746 487 832 512 τεκαὶ

37 533 218 568 ὁμοιότητος,
240 532 348 565 ὲν1τοίς
362 530 478 556 κατόπιν
501 529 654 564 ἐδείξαμεν.
679 530 790 557 Βεὸαιοῐ
803 531 832 558 δὲ

36 581 113 614 ⁴ἡμῖν
138 579 182 605 τὸν
195 578 273 611 λόγον
287 577 334 603 καὶ
356 578 369 603 ὁ
379 576 539 607 ’Λπόστοὶος
551 576 706 610 ἀδιαφόρως
716 577 836 613 ἑκατέρᾳ

37 627 78 661 τῇ
89 626 167 660 φωνῇ
178 623 359 659 κεχρημένος,
371 623 418 649 νῦν
429 622 479 657 μὲν
487 621 584 655 λέγων,
595 621 648 648 Ἐν
660 622 699 655 τῷ
711 622 833 657 ὀνόματι

40 672 100 699 τοῦ
114 671 223 704 Κυρίου
243 669 342 703 Ἰησοῦ
362 668 502 702 Χριστοῦ,
527 668 575 694 καὶ
588 667 623 694 ἐν
633 668 673 701 τῷ
686 669 836 703 Πνεύματι

41 717 102 744 τοῦ
116 715 189 744 Θεοῦ
200 715 294 749 ἡμῶν·
310 714 389 741 πάλιν
407 714 445 746 δὲ,
464 713 680 747 Συναχθέντων
692 713 776 748 ὑμῶν
787 714 835 741 καὶ

38 762 99 789 τοῦ
110 762 183 796 ἐμοῦ
199 761 371 795 Πνεύματος
382 759 443 786 σὺν
456 759 631 794 τῇιδυνάμει
647 760 699 787 τοῦ
726 761 836 794 Κυρίου

47 807 166 841 Ἰησοῦ·
189 807 266 833 οὐδὲν
296 806 437 842 διαφέρειν
456 805 619 841 ἡγούμενος,
637 807 676 840 τῷ
693 808 835 841 συνδέσμῳ

41 855 61 889 ἦ
79 855 115 889 τῇ
134 853 281 889 προσθέσει
296 853 365 888 πρὸς
383 853 432 888 τὴν
451 852 505 879 τῶν
518 851 660 887 ὀνομάτων
673 854 834 888 συμπλοκὴν

40 898 271 933 ἀποφρήσασθαι.

43 945 102 972 Τοῦ
120 945 224 972 αὐτοῦ.
241 945 303 972 Ὅτι
316 944 335 971 d
353 944 419 978 περὶ
437 944 497 971 τῶν
522 945 698 980 ἀνθρώπωνγ
709 945 789 980 λέγει
812 947 831 979 ἡ

81 981 189 1014 Γραφὴ
217 980 256 1012 ὡς
279 980 569 1014 συμϐασιλευόντων
593 979 719 1013 Χριστῷ,
739 981 833 1007 ταῦτα

87 1016 153 1049 περὶ
166 1015 218 1042 τοῦ
228 1015 399 1048 Ιινεύματος
407 1016 443 1041 οὐ
465 1015 679 1049 συγχωροῦσιν
699 1017 725 1042 οἱ
751 1016 831 1042 ἀντι-

82 1051 234 1084 λέγοντες.
251 1050 365 1083 Κεφάλ.
379 1049 432 1076 κθ¹.

83 1097 199 1131 Ἴδωμεν
219 1096 247 1122 δὲ
264 1096 312 1122 καὶ
343 1095 370 1122 εί
384 1104 444 1122 τινα
466 1096 616 1131 ἀπολογίαν
642 1097 697 1128 τοῖς
720 1096 829 1132 πατρά-

38 1149 86 1166 σιν
99 1140 179 1175 ἡμῶν
192 1140 241 1175 τῆς
258 1142 381 1177 χρήσεως
393 1142 494 1178 ταύτης
519 1144 707 1179 ὲπινοήσομεν.
725 1145 756 1171 Οί
777 1145 831 1181 γὰρ

38 1184 93 1220 τὴν
111 1185 197 1220 ἀρχὴν
210 1187 394 1221 παρασχόντες
410 1187 448 1221 τῷ
467 1188 538 1222 λόγῳ
553 1188 651 1223 μᾶλλον
672 1190 749 1224 ἡμῶν
764 1191 830 1216 ὑπό-

38 1240 150 1257 κεινται
166 1232 221 1262 τοῖς
238 1231 400 1267 ἐγκλήμασι.
420 1232 525 1264 Παῦλος
541 1234 631 1260 τοίνυν
646 1235 829 1262 Κολοσσαεῦσι

37 1277 168 1312 γράφων·
180 1278 234 1305 Καὶ
248 1277 338 1312 ὑμᾶς,
361 1278 438 1313 φησὶ,
458 1279 582 1313 νεκροὺς
596 1279 684 1313 ὄντας
698 1281 760 1314 τοῖς
776 1290 830 1308 πα-

33 1333 47 1356 ι
60 1322 275 1356 απτώμασικαὶ
291 1323 326 1357 τῇ
339 1324 530 1357 ἀκροϐυστίᾳ,
543 1325 779 1360 συνεζωοποίησε
790 1327 830 1359 τῷ

37 1368 172 1402 Χριστῷ.
256 1368 328 1405 ’Λρα
347 1368 395 1397 οὖν
410 1370 466 1405 λαῷ
483 1370 531 1405 μὲν
552 1371 604 1407 ὅλῳ
617 1372 663 1398 καὶ
684 1372 830 1408 ἘκκλησίαΙ

38 1415 191 1449 ἐχαρίσατο
205 1416 218 1441 ὁ
231 1415 297 1447 Θεὸς
313 1416 361 1451 τὴν
382 1416 430 1442 σὺν
447 1416 557 1452 Χριστῷ
569 1418 650 1453 ζωὴν,
667 1418 705 1453 τῷ
719 1418 746 1445 δὲ
761 1419 829 1454 ἁγίῳ

39 1461 184 1496 Πνεύματι
208 1462 268 1497 οὐχὶ
293 1463 340 1488 σὺν
367 1462 517 1499 Χριστῷτὴ
545 1463 617 1499 ζωή;
642 1465 673 1490 Εἰ
700 1464 727 1491 δὲ
751 1465 829 1493 τοῦτο

37 1506 91 1532 καὶ
183 1506 286 1541 διανοίᾳ
309 1506 400 1532 Ααὸεῖν
416 1507 522 1538 ἀσεϐὲς,
542 1507 600 1538 πῶς
616 1508 664 1542 οὺχ
684 1508 766 1539 ὅσιον,
791 1508 828 1540 ὡς

36 1551 100 1586 ἔχει
121 1551 236 1585 φύσεως,
257 1551 328 1578 οὕτω
349 1552 396 1578 καὶ
414 1552 463 1587 τὴν
482 1552 626 1587 ὁμολογίαν
649 1553 828 1588 συνημμένως

36 1597 212 1629 ἁποὸιδόναις
239 1596 305 1623 Εἶτα
316 1617 323 1629 ,
339 1597 397 1628 πῶς
414 1597 444 1624 οὑ
465 1598 514 1632 τῆς
529 1598 645 1633 ἐσχάτης
663 1598 828 1633 ἀναλγησίας

35 1643 105 1674 τοὺς
128 1643 176 1677 μὲν
188 1643 282 1677 ἁγίους
301 1643 440 1678 ὁμολογεῖν
462 1643 509 1669 σὺν
524 1643 634 1679 Χριστῷ
647 1641 716 1670 εἶναι
729 1643 738 1679 (
749 1644 827 1680 εἴπερ

35 1688 72 1722 δὴ
88 1688 190 1720 Παῦλος
203 1689 358 1724 ἐκδημήσας
372 1689 425 1715 ἀπὸ
439 1688 486 1715 τοῦ
507 1689 632 1724 σώματος
718 1690 778 1724 ἐνδη
784 1691 827 1724 μεῖ

36 1734 110 1768 πρὸς
118 1734 163 1760 τὸν
172 1734 283 1769 Κύριον,
294 1736 340 1761 καὶ
349 1735 484 1767 ἀναλύσας
494 1735 541 1761 σὺν
552 1735 660 1770 Χριστῷ
671 1736 743 1762 ἐστιν
753 1736 825 1770 ήδη),

33 1778 78 1813 τῷ
95 1779 124 1805 δὲ
138 1778 274 1814 Πνεύματι
291 1779 402 1810 τούτους
418 1780 483 1815 μηδὲ
500 1782 555 1810 τοῖς
571 1780 722 1816 ἀνθρώποις
736 1780 826 1814 ἐξίσου

36 1825 111 1858 μετά
131 1824 248 1859 Χριστοῦ
266 1823 345 1856 εἶναι,
371 1825 432 1858 τόγε
451 1826 490 1856 είς
509 1826 606 1858 αὐτοὺς
625 1824 702 1862 ἧκον,
719 1827 824 1860 μεταδιο

32 1868 130 1901 ὀῦναη
144 1870 197 1896 Καὶ
213 1870 318 1902 Παῦλος
339 1870 405 1897 Θεοῦ
425 1871 472 1906 μὲν
493 1871 619 1906 συνεργὸν
636 1872 728 1898 ἑαυτὸν
749 1873 778 1898 ἐν
792 1873 825 1907 τῇ

32 1915 178 1950 οἰκονομίᾳ
193 1915 239 1941 τοῦ
262 1916 427 1950 Εὑαγγελῑου
449 1916 539 1943 καλεῖ·
561 1917 591 1942 τὸ
613 1917 641 1942 δὲ
666 1917 777 1952 Πνεῦμα
796 1918 825 1944 τὸ

33 1961 126 1993 ἅγιον,
140 1961 172 1986 δι’
189 1957 218 1986 οὗ
234 1962 263 1986 ὲν
280 1961 355 1997 πάσῃ
366 1962 451 1988 κτίσει
465 1963 496 1996 τῇ
508 1962 559 1988 ὑπὸ
570 1962 614 1988 τὸν
629 1963 742 1998 οὐρανὸν
759 1972 825 2000 καρ-

33 2006 197 2039 ποφορεῖται
216 2006 246 2032 τὺ
270 2006 448 2040 Εὑαγγέλιον,
473 2006 521 2032 ἐὰν
544 2008 672 2042 συνεργὸν
694 2008 823 2043 εἴπωμεν,

33 2050 178 2077 κάνταῦθα
264 2052 390 2083 ἀσεϐείας
404 2052 512 2087 γραφὴν
530 2052 591 2078 καθ’
614 2053 691 2088 ήμῶν
710 2054 824 2088 ἀπενέγ-

32 2105 147 2129 xxv-to;
171 2097 224 2124 Kal
240 2097 277 2129 ὡς
303 2098 399 2130 ἔοικεν,
423 2099 439 2134 ἠ
465 2099 512 2133 μὲν
527 2098 582 2134 ζωὴ
597 2099 649 2125 τῶν
672 2099 824 2134 ὴλπιχότων

32 2142 84 2167 ἐπὶ
97 2141 197 2177 Κύριον
207 2143 358 2178 κέκρυπται
374 2145 421 2170 σὺν
433 2144 470 2180 τῷ
484 2144 592 2180 Χριστῷ
604 2146 631 2170 ἐν
639 2145 677 2180 τῷ
686 2144 758 2180 Θεῷ·
777 2146 823 2172 καὶ

31 2188 99 2213 ἐταν
124 2187 138 2213 ὁ
158 2188 273 2222 Χριστὸς
292 2190 435 2225 φανερωθῇ
448 2191 485 2225 ,ἡ
511 2190 567 2225 ζωὴ
592 2191 679 2226 ἡμῶν,
697 2191 756 2217 τότε
776 2191 823 2218 καὶ

30 2231 113 2257 αὐτοὶ
130 2233 176 2258 σὺν
190 2233 264 2267 αὐτῷ
275 2234 511 2269 φανερωθήσονται
527 2236 555 2261 ὲν
570 2235 634 2271 δόξῃ
645 2243 652 2250 ·
666 2235 731 2262 αὐτὸ
750 2235 777 2262 δὲ
792 2235 823 2262 τὸ

30 2276 148 2311 Πνεῦμα
159 2277 208 2311 τῆς
225 2277 306 2313 ζωῆς,
321 2279 350 2304 τὸ
367 2279 551 2315 ὲλευΟερῶσαν
565 2280 637 2315 ἡμᾶς
653 2280 706 2306 ἀπὸ
718 2280 764 2306 τοῦ
779 2280 822 2307 νό-

29 2331 87 2357 μου
102 2323 152 2357 τῆς
172 2323 319 2358 ἁμαρτίας,
340 2324 464 2360 οὐδαμῶς
485 2326 542 2351 ἐστι
560 2326 608 2351 σὺν
625 2324 744 2360 Χριστῷ,
760 2324 822 2352 οὕτε

32 2376 67 2403 ἐν
80 2373 249 2410 λανθανούσῃ
264 2375 312 2401 καὶ
323 2373 502 2410 κεκρυμμένῃ
523 2374 571 2400 σὺν
590 2373 664 2408 αὐτῷ
682 2372 749 2408 ζωῇ,
766 2371 828 2398 οὔτε

32 2422 66 2447 ἐν
81 2421 116 2455 τῇ
130 2419 283 2454 φανερώσει
296 2421 345 2454 τῆς
364 2419 453 2454 δόξης,
469 2420 501 2454 ἥν
516 2420 596 2454 ἡμεῖς
611 2418 657 2444 ἐπὶ
667 2419 722 2449 τοῖς
741 2417 829 2451 ἁγίοις

33 2463 243 2499 ἐκφανήσεσθαι
270 2463 478 2499 προσδοκῶμεν;
498 2463 668 2499 κληρονόμοι
685 2462 763 2495 Θεοῦ,
781 2463 828 2489 καὶ

34 2509 254 2545 συγκληρονόμοι
273 2509 389 2545 Χριστοῦ
412 2510 509 2544 ἡμεῖς’
527 2508 558 2535 τδ
579 2509 608 2535 δὲ
627 2508 737 2543 Πνεῦμα
754 2508 829 2535 ἀπό-

34 2555 141 2590 κληρον
158 2556 205 2582 καὶ
219 2555 333 2590 ἄμοιρον
354 2555 403 2590 τῆς
416 2555 557 2586 κοινωνίας
577 2554 622 2581 τοῦ
638 2553 705 2581 Θεοῦ
719 2554 766 2580 καὶ
781 2553 826 2580 τοῦ

33 2601 156 2635 Χριστοῦ
172 2600 268 2633 αὐτοῦ;
283 2601 338 2627 Καὶ
362 2601 426 2627 αὐτὸ
454 2601 503 2636 μὲν
518 2601 548 2627 τὸ
563 2600 676 2635 Πνεῦμα
701 2609 828 2636 συμμαρ-

31 2647 117 2682 τυρεῖ
133 2646 170 2681 τῷ
191 2647 327 2681 πνεύματι
350 2646 438 2681 ἡμῶν,
465 2647 506 2673 ὅτι
533 2646 617 2681 ἐσμὲν
637 2645 719 2672 τέκνα
742 2645 825 2671 Θεοῦο

33 2692 120 2725 ἡμεῖς
135 2690 163 2717 δὲ
177 2691 215 2726 τῷ
230 2691 370 2727 Πνεύματι
384 2691 443 2718 οὐδὲ
462 2691 496 2726 ἢν
511 2690 586 2726 παρὰ
602 2690 648 2717 τοῦ
662 2691 764 2726 Κυρίου
779 2699 827 2725 με-

888 256 945 283 sive
954 255 1039 288 dicas,
1058 255 1149 282 Gloria
1164 255 1236 282 Patri
1248 260 1275 283 et
1291 255 1360 284 Filio
1373 262 1400 285 et
1418 258 1534 292 Spiritui
1563 265 1670 293 sancto,

887 303 944 330 sive
957 302 1043 335 dicas,
1064 301 1156 329 Gloria
1174 302 1245 329 Patri
1264 307 1290 329 et
1307 302 1377 331 Filio
1399 311 1461 331 cum
1486 309 1582 332 sancto
1609 306 1672 341 Spi-

887 350 952 376 ritu.
979 347 1038 374 Non
1056 348 1139 383 igitur
1150 347 1192 375 fas
1218 352 1260 376 est
1272 348 1402 383 cuiquam
1427 349 1556 384 syllabam
1576 356 1611 383 ιιι,
1638 358 1672 378 ex

886 403 934 422 ore
958 395 1065 422 Domini
1094 394 1255 429 profectam,
1281 396 1395 430 rejicere
1420 400 1468 423 aut
1494 403 1672 432 expungere:

887 448 938 468 nec
951 441 1098 476 quidquam
1113 444 1185 468 vetat
1199 440 1312 467 alteram
1331 448 1392 475 qua:
1405 441 1476 468 idem
1493 442 1585 476 pollet.
1604 443 1673 470 reci-

887 495 968 522 pere;
997 494 1058 521 quae
1083 487 1221 522 quomodo
1235 494 1297 514 cum
1323 487 1368 514 illa
1392 489 1434 515 vel
1461 489 1608 516 conveniat
1631 489 1672 517 vel

887 535 1030 569 discrepet.
1062 534 1189 569 superius
1231 533 1490 562 demonstravimus.
1520 535 1671 563 Confirmat

887 584 978 606 autem
1010 579 1172 606 sententiam
1211 578 1290 605 nobis
1316 581 1344 605 et
1375 577 1533 612 Apostolus,
1559 577 1673 606 indil'l‘e-

888 629 979 651 rcnter
992 629 1108 657 utraque
1129 630 1196 651 voce
1213 628 1291 650 utens
1314 622 1450 650 interdum
1477 623 1514 650 ita
1538 623 1673 657 loquens:

888 668 921 696 In
933 669 1036 696 nomine
1052 668 1158 695 Domini
1172 666 1238 694 Josu
1269 666 1382 700 Christi,
1409 672 1432 694 et
1464 668 1491 694 in
1506 667 1608 702 Spiritu
1627 666 1675 694 Dei

886 716 970 742 nostri
984 716 991 730 ‘
1003 724 1010 749 ;
1024 723 1057 742 ac
1077 723 1184 746 rursus.
1205 714 1377 750 Cougregatis
1394 713 1466 741 vobis
1489 718 1514 741 et
1532 722 1587 740 meo
1602 712 1666 747 Spi-

887 762 939 788 ritu
961 769 1021 788 cum
1044 761 1139 787 virtute
1166 760 1272 787 Domini
1295 759 1359 786 Jesu
1378 760 1407 793 ’;
1439 759 1506 786 nihil
1535 759 1669 786 interesse

888 810 975 838 ratus,
991 806 1047 833 sive
1056 805 1262 839 conjunctione,
1278 805 1335 832 sive
1351 803 1544 838 praepositione
1569 804 1603 830 ad
1624 812 1671 831 uo-

891 853 995 879 miuqu
1015 852 1239 886 coniunctionem
1254 850 1353 878 utaris.

887 942 1025 973 Eiusdem.
1044 941 1121 975 Quod
1145 949 1203 975 qum
1229 942 1260 968 de
1285 940 1434 968 hominibus
1453 940 1517 967 dicit
1534 939 1673 974 Scriptura

923 985 1048 1012 tanquam
1080 984 1134 1002 una
1163 984 1221 1003 cum
1246 976 1349 1004 Christo
1379 976 1557 1012 regnantibus,
1586 976 1671 1012 aaddc

922 1010 1024 1076 Spii‘étsu
1051 1013 1104 1040 dici
1138 1020 1190 1039 non
1226 1013 1369 1039 concedunt
1408 1010 1567 1038 adversarii.
1614 1010 1670 1037 Ca-

922 1057 963 1076 nut
1018 1067 1027 1076 .

918 1057 963 1084 put
981 1057 1027 1076 zu.

922 1095 1067 1126 Videamus
1107 1101 1189 1130 porro
1232 1100 1266 1121 an
1315 1093 1501 1121 defensionem
1547 1093 1665 1127 aliquam

877 1141 1004 1176 patribus
1030 1140 1134 1168 nostris
1156 1147 1239 1174 super
1263 1139 1422 1174 huiusmodi
1447 1147 1499 1167 usu
1525 1139 1664 1173 possimus

876 1187 1041 1221 excogitare.
1069 1185 1135 1213 Nam
1161 1185 1207 1220 qui
1231 1185 1309 1212 nobis
1333 1182 1377 1212 ita
1402 1185 1530 1220 loquendi
1555 1184 1664 1212 fuerunt

877 1236 1014 1263 auctores,
1047 1232 1133 1267 magis
1161 1238 1243 1265 quam
1272 1238 1324 1258 nos
1351 1230 1456 1258 liazrent
1482 1231 1510 1257 in
1537 1231 1662 1258 crimine.

875 1277 978 1306 Paulus
1006 1277 1089 1312 igitur
1117 1276 1329 1304 Colossensibus
1355 1276 1480 1303 scribens
1510 1287 1515 1303 :
1546 1275 1579 1302 Et
1603 1284 1661 1307 vos,

877 1323 975 1358 inquit,
1006 1330 1065 1349 cum
1091 1323 1183 1349 essetis
1215 1321 1314 1348 mortui
1338 1320 1442 1347 delictis
1466 1328 1497 1347 ac
1519 1323 1661 1355 pnrptttio,

876 1368 1018 1402 siviﬁcatvit
1042 1367 1121 1394 simul
1145 1375 1205 1394 cum
1230 1366 1337 1394 Christo
1368 1369 1389 1393 ⁸.
1414 1365 1483 1392 Num
1507 1367 1590 1401 igitur
1613 1367 1662 1393 toti

878 1413 977 1449 populo
999 1417 1027 1440 et
1047 1413 1176 1440 Ecclesiae
1199 1412 1312 1440 donavit
1339 1411 1410 1440 Deus
1431 1413 1515 1439 vitam
1539 1420 1598 1447 quae
1621 1417 1663 1440 est

878 1467 940 1486 cum
961 1458 1080 1490 Christo,
1104 1462 1200 1485 sancto
1221 1462 1312 1485 autem
1332 1457 1445 1493 Spiritui
1467 1465 1521 1485 non
1543 1462 1585 1485 est
1609 1459 1664 1485 vita

878 1512 942 1532 cum
961 1500 1092 1532 Christo?
1109 1504 1187 1537 Quod
1200 1505 1223 1532 si
1249 1504 1321 1532 istud
1346 1505 1388 1532 vel
1410 1504 1501 1532 animo
1521 1504 1665 1539 concipere

840 1545 860 1573 (ἓ
877 1551 990 1586 impium
1014 1555 1076 1583 est,
1101 1558 1193 1578 annon
1229 1551 1304 1586 pium
1337 1549 1430 1583 fuerit,
1454 1553 1483 1576 ut
1509 1550 1589 1577 habet
1617 1557 1664 1576 na-

878 1600 950 1628 tura,
976 1596 1013 1623 ita
1038 1597 1119 1623 etiam
1140 1595 1339 1631 professionem
1367 1595 1534 1630 conjunctim
1563 1595 1666 1629 persol-

877 1642 958 1669 vere?
983 1641 1084 1668 Adhaec
1103 1662 1111 1674 ,
1140 1648 1230 1668 annon
1262 1641 1376 1668 extremi
1406 1641 1527 1676 stuporis
1552 1644 1603 1673 est,
1629 1640 1666 1666 fa-

877 1688 928 1714 teri
957 1691 1068 1715 sanctos
1095 1695 1156 1715 esse
1179 1695 1241 1714 cum
1262 1687 1372 1714 Christo
1397 1687 1542 1722 (siquidem
1563 1685 1665 1714 Paulus

877 1734 1055 1768 peregrinaris
1087 1740 1103 1759 a
1129 1739 1245 1767 corpore
1274 1740 1395 1767 prmsens
1416 1737 1459 1760 est
1479 1732 1549 1767 apud
1576 1731 1666 1759 Domi-

878 1785 943 1804 num
962 1780 993 1810 ⁸;
1011 1781 1038 1804 et
1063 1777 1109 1803 ubi
1127 1776 1280 1811 emigravit,
1294 1776 1350 1810 jam
1375 1784 1436 1804 cum
1452 1776 1562 1803 Christo
1584 1776 1636 1809 est)
1656 1785 1663 1803 :

880 1822 932 1849 hos
945 1829 1008 1849 vero
1021 1821 1145 1857 Spiritui,
1157 1826 1288 1857 quantum
1302 1821 1412 1856 quidem
1429 1822 1456 1849 in
1472 1822 1538 1856 ipsis
1552 1825 1604 1852 est,
1618 1829 1666 1848 ne-

879 1875 932 1902 que
950 1868 1002 1894 hoc
1019 1867 1156 1899 tribuere,
1175 1873 1203 1894 ut
1221 1875 1299 1902 teque
1320 1867 1417 1895 saltem
1436 1871 1517 1902 atque
1541 1867 1666 1894 homines

878 1921 939 1950 cum
957 1913 1067 1941 Christo
1086 1913 1137 1941 sit?
1148 1913 1219 1946 Quin
1234 1917 1260 1941 et
1281 1913 1382 1941 Paulus
1397 1914 1517 1948 seipsum
1535 1913 1580 1940 Dei
1599 1921 1665 1940 coo-

880 1963 1030 1994 peratorem
1046 1960 1165 1994 appellat
1190 1960 1218 1986 in
1235 1959 1473 1987 administratione
1495 1959 1634 1993 Evangelii
1657 1968 1663 1986 :

879 2005 925 2032 sed
940 2003 1072 2039 Spiritum
1087 2009 1226 2036 sanctum,
1243 2013 1290 2040 per
1305 2013 1384 2040 quem
1405 2005 1432 2032 in
1450 2005 1523 2031 enini
1540 2008 1664 2031 creatura

879 2058 939 2086 quae
955 2051 1006 2078 sub
1017 2051 1087 2078 ccelo
1103 2055 1156 2082 est,
1170 2051 1317 2078 fructilicat
1331 2051 1517 2085 Evangelium,
1533 2051 1554 2078 si
1570 2058 1665 2085 coope-

878 2101 995 2123 ratorcm
1009 2097 1187 2131 appellemus,
1203 2096 1247 2123 hic
1261 2104 1370 2131 quoque
1381 2097 1526 2131 impietatis
1539 2104 1586 2123 nos
1603 2104 1663 2123 reos

879 2141 1024 2176 peragent?
1039 2141 1071 2167 Et
1081 2147 1110 2168 ut
1125 2142 1241 2173 videtur,
1259 2142 1311 2168 vita
1327 2143 1494 2176 sperantium
1508 2142 1534 2168 in
1549 2141 1662 2168 Domino

879 2186 1039 2214 abscondita
1052 2192 1094 2214 est
1110 2194 1172 2213 cum
1189 2187 1299 2214 Christo
1314 2187 1341 2214 in
1360 2187 1428 2219 Deo,
1449 2195 1566 2222 cumque
1583 2186 1664 2214 Chri-

879 2237 939 2259 stus
953 2231 1112 2266 apparuerit
1122 2231 1178 2258 vita
1191 2236 1297 2263 nostra,
1314 2235 1370 2258 tum
1382 2235 1408 2259 et
1422 2232 1472 2266 ipsi
1489 2239 1551 2259 cum
1567 2239 1599 2259 eo
1616 2238 1664 2266 ap-

880 2277 1014 2312 parebunt
1029 2277 1057 2304 in
1072 2277 1158 2312 gloria
1174 2279 1184 2295 σ
1201 2276 1278 2311 :ipse
1293 2282 1384 2304 autem
1400 2277 1519 2312 Spiritus
1534 2277 1604 2308 vitae,
1619 2271 1664 2312 qui

879 2322 1004 2350 liberavit
1019 2329 1068 2349 nos
1084 2330 1098 2349 a
1114 2323 1172 2357 lege
1182 2322 1287 2357 peccati
1305 2326 1330 2354 ',
1350 2330 1520 2357 nequaquam
1541 2328 1583 2350 est
1602 2331 1665 2350 cum

877 2371 1004 2403 Christo,
1025 2378 1113 2406 neque
1127 2371 1155 2398 in
1174 2370 1229 2398 vita
1249 2370 1351 2397 latente
1369 2373 1397 2397 et
1420 2369 1581 2397 abscondita
1602 2377 1666 2398 cum

878 2416 936 2448 illo,
953 2424 1041 2451 neque
1058 2417 1085 2443 in
1100 2415 1319 2443 manifestatione
1333 2415 1437 2451 gloriae,
1459 2423 1541 2450 quam
1563 2422 1614 2443 nos
1636 2416 1665 2443 in

878 2462 981 2489 sanctis
998 2461 1213 2496 patefaciendam
1231 2468 1293 2488 esse
1309 2461 1516 2495 exspectamus?
1534 2460 1665 2490 Haeredes

877 2506 925 2533 Dei
942 2511 969 2534 et
993 2506 1150 2534 cohaeredes
1168 2506 1273 2534 Christi
1293 2513 1344 2533 nos
1362 2513 1458 2533 sumus
1480 2509 1489 2525 τ
1513 2515 1521 2533 :
1545 2504 1665 2541 Spiritus

877 2560 942 2579 vero
960 2552 1082 2580 ethres
1104 2556 1163 2585 est,
1187 2555 1215 2579 et
1235 2559 1332 2579 exsors
1354 2551 1555 2579 communionis
1570 2551 1618 2579 Dei
1637 2556 1665 2579 et

877 2597 978 2625 Christi
997 2598 1076 2633 ejus?
1089 2597 1121 2624 Et
1138 2598 1197 2633 ipse
1212 2597 1322 2633 quidem
1338 2597 1458 2632 Spiritus
1474 2597 1662 2625 testimonium

877 2645 998 2680 perhibet
1024 2644 1133 2680 spiritui
1148 2649 1252 2677 nostro,
1270 2644 1349 2679 'quod
1370 2645 1455 2672 simus
1472 2643 1519 2670 lilii
1542 2642 1589 2671 Dei
1612 2646 1623 2662 ⁸
1650 2649 1660 2672 ε

876 2697 927 2718 nos
939 2697 1004 2718 vero
1020 2689 1144 2724 Spiritui.
1159 2697 1193 2717 ne
1208 2690 1269 2725 ejus
1284 2689 1393 2725 quidem
1411 2689 1563 2722 societatis,
1580 2696 1662 2724 quam

71 2830 83 2868 l
99 2830 162 2857 Cor.
182 2839 219 2862 νι,
243 2831 284 2868 ll.
324 2831 332 2868 ξ
353 2830 437 2859 lCor.
455 2840 482 2868 γ,
501 2833 527 2861 6.
566 2835 576 2850 ¹
593 2834 698 2863 Coloss.
720 2843 750 2868 ιι,
769 2835 812 2864 l5.

922 2835 1015 2867 lor.v,
1041 2835 1069 2862 8.
1107 2829 1373 2864 'Coloss.m,5,l.
1409 2829 1515 2858 'Rom.
1540 2836 1602 2863 vui,
1628 2829 1658 2858 ι.

30 2867 44 2882 ⁶
66 2865 149 2893 Itoni.
165 2874 222 2900 vnt,
242 2867 284 2894 l7.
323 2867 332 2882 ⁷
351 2868 419 2894 Ibid.
440 2867 482 2894 16.
