1873 3076
211 140 265 172 79;)

831 145 1023 175 EUTIIYMH
1046 145 1226 175 ZIGABENI
1804 143 1842 170 ἔοι

208 215 246 242 illi
259 221 322 241 cum
337 212 393 240 Deo
402 219 464 240 esse
477 219 492 238 a
504 211 620 239 Domino
635 210 793 242 didicimus,
809 210 947 238 testimoni

1105 212 1217 247 tﬁxapzv
1232 211 1282 246 τῆς
1302 211 1368 246 πρὸς
1383 210 1449 238 Θεδν
1464 211 1608 243 κοινωνίας
1621 209 1676 246 τὴν
1694 212 1844 246 μαρτυρίιῆ

208 259 381 294 praebemus?
396 258 482 285 Porro
495 257 567 293 quod
580 261 622 285 est
636 257 762 284 amentiae
776 260 868 291 caput,
885 264 935 283 nos
951 264 999 291 per

209 307 288 334 Iidem
301 306 330 333 in
342 305 481 333 Christum
493 311 554 339 quae
566 308 607 331 est
624 303 651 330 in
669 302 782 338 Spiritu,
794 307 998 330 resurrecturus

209 360 270 378 cum
286 351 333 377 illo
349 355 376 378 et
387 351 468 377 simul
487 357 549 377 cum
566 350 614 376 illo
628 355 755 375 sessuros
768 355 830 375 esse
851 348 878 374 in
899 354 997 381 super-

209 397 369 424 ctelcstibus
389 403 542 431 speramus,
558 403 619 422 cum
635 394 872 422 transformaverit
897 401 998 428 corpus

211 443 370 469 humilitatis
382 446 483 469 nostra:
495 440 528 468 ab
542 441 652 468 animali
663 441 695 467 ad
712 440 864 475 spirituale;
885 440 998 474 Spiritui

211 496 274 515 vero
288 497 342 514 non
358 495 534 520 consessum,
552 494 606 513 non
619 486 810 521 gloriam,non
827 485 901 513 aliud
918 485 999 520 quid-

212 542 292 569 quam
302 541 396 561 eorum
410 541 470 567 quae
483 533 517 560 ab
533 533 592 567 ipso
603 533 745 563 habemus,
758 532 941 566 impertimus?
951 531 999 559 sed

212 581 312 615 quibus
330 587 380 606 nos
469 579 543 613 ipsos
557 585 617 605 esse
628 577 736 613 dignos,
752 585 786 605 ex
797 577 858 612 ejus
875 578 920 612 qui
937 585 999 612 pro-

211 625 286 652 misit
304 632 357 651 non
384 624 510 651 mendaci
532 631 656 655 munere,
671 623 822 655 credimus,
838 623 935 650 horum
956 622 1000 649 ni-

211 671 248 697 hil
269 670 383 705 Spiritui
399 674 505 701 sancto,
517 669 594 704 quasi
608 674 738 703 superent
752 669 826 696 illius
841 668 1000 704 dignitatem

211 716 401 743 concedimus?
414 713 510 741 Eftibi
524 714 632 749 quidem
647 721 697 748 pro
708 714 803 741 merito
818 713 881 740 licet
894 720 1000 747 semper

211 769 273 787 esse
286 769 348 787 cum
366 760 482 787 Domino
499 769 505 786 :
524 763 550 786 et
566 763 723 793 exspectas,
743 762 772 785 ut
788 762 884 793 raptus
907 759 934 784 in
949 765 1000 784 nu-

212 808 293 835 bibus
306 807 332 834 iu
349 814 495 834 occursum
516 807 543 833 in
559 813 666 837 aerem,
684 813 792 840 semper
808 806 846 833 sis
866 813 927 833 cum
945 805 1000 832 Do-

212 853 308 880 mino‘
339 861 346 879 :
369 851 500 886 Spiritum
525 855 616 879 autem
637 858 712 878 nunc
726 859 788 878 esse
805 858 866 878 cum
889 851 1000 878 Christo

212 898 312 933 negas?
331 897 382 930 Qui
402 898 507 925 scilicet
523 905 596 930 eum,
614 897 661 933 qui
676 897 765 932 ipsum
788 904 850 924 cum
867 896 946 924 Patre
968 905 1001 925 ac

213 942 282 970 Filio
298 947 422 970 numerat
433 951 464 970 ac
479 943 561 974 locat,
580 943 695 977 expellis
709 947 735 970 et
750 942 840 977 ejicis,
860 943 934 970 velut
953 943 1000 977 qui

212 989 378 1024 impietatem
393 996 447 1015 non
464 988 601 1016 ferendam
618 988 770 1016 admiserit.

304 1033 391 1061 Pudet
405 1035 509 1069 reliqua
527 1033 686 1068 adiungere;
702 1033 774 1068 quod
791 1037 820 1060 tu
832 1033 941 1068 quidem
957 1041 1000 1061 ex-

213 1083 321 1113 spectas
336 1078 403 1110 lore,
420 1083 448 1105 ut
461 1086 522 1105 cum
537 1078 648 1105 Christo
661 1077 821 1112 gloriﬁccris
841 1087 848 1104 :
864 1077 999 1113 siquidem

213 1125 295 1152 simul
311 1124 465 1159 aﬁligimur,
481 1128 510 1151 ut
522 1124 604 1150 simul
619 1131 729 1158 quoque
744 1123 930 1158 gloriﬁcemur
960 1126 971 1141 ³
990 1134 998 1152 :

214 1170 347 1205 Spiritum
358 1175 446 1197 autem
460 1169 687 1197 sanctiﬁcationis
702 1177 755 1196 non
772 1169 908 1204 gloriﬁcas
918 1169 1000 1197 simul

210 1225 272 1244 cun
292 1218 412 1250 Christo,
430 1217 508 1252 quasi
525 1224 559 1244 ne
580 1217 639 1252 pari
657 1216 766 1252 quidem
791 1220 880 1244 tecum
897 1217 1000 1245 honore

210 1263 332 1298 dignum.
350 1263 380 1290 Et
397 1270 424 1291 tu
439 1264 550 1298 quidem
569 1271 663 1298 speras
681 1267 707 1291 te
731 1271 793 1291 cum
817 1271 850 1291 eo
872 1268 1000 1300 regnatu-

210 1317 282 1341 rum,
303 1309 434 1344 Spiritum
450 1316 514 1337 vero
527 1310 623 1344 gratia:
635 1310 722 1337 allicis
733 1310 910 1343 contumelia,
928 1310 999 1338 servi

211 1355 360 1390 famulique
383 1356 473 1382 locutu
496 1355 536 1383 illi
557 1355 711 1390 assignans.
734 1356 823 1391 Atque
846 1356 903 1384 haec
920 1356 998 1389 dico,

210 1407 265 1426 non
283 1404 313 1426 ut
329 1400 462 1428 duntaxat
476 1401 620 1428 ostendam
637 1402 804 1429 tantumdem
825 1401 938 1429 honoris
953 1402 1001 1429 dc-

211 1445 268 1472 beri
282 1445 394 1480 Spiritui
410 1446 436 1472 in
447 1446 655 1481 glorilicatione,
672 1447 719 1475 sed
730 1451 759 1474 ut
775 1448 883 1475 illorum
890 1449 999 1476 demen-

211 1491 275 1517 tiam
293 1490 465 1526 redarguam,
481 1492 528 1526 qui
545 1500 579 1519 ne
592 1493 644 1519 hoc
656 1493 765 1527 quidem
780 1493 819 1520 illi
832 1494 997 1527 concedunt,

1050 255 1269 292 κατατιθέμεθα;
1291 257 1327 282 Τὸ
1347 256 1374 282 δὲ
1397 256 1544 291 κεφάλαιον
1568 257 1617 292 τῆς
1638 256 1755 287 ἀνοίας,

1051 303 1100 337 μὲν
1115 302 1159 328 διὰ
1181 302 1230 337 τῆς
1254 302 1294 333 είς
1308 302 1424 337 Χριστὸν
1445 303 1561 334 πίστεως
1582 303 1632 338 τῆς
1660 304 1692 328 ἐν
1714 302 1844 336 “vadum

1052 348 1299 384 συνεγερθήσεσθαι
1326 349 1399 383 αὐτῷ
1423 350 1469 375 καὶ
1493 349 1728 383 σεδ-(καθεδεῖσθαι
1824 350 1844 374 ἐν
1871 348 1873 384 ξ

1049 395 1106 425 τοῖς
1120 395 1291 430 ἐπουρανίοις
1306 394 1461 429 ἐλπίζομεν,
1484 395 1547 420 ὅταν
1572 394 1812 430 με·ττιο“χτ;ι.›.ιιτὶπι’⁸
1823 396 1845 420 τι

1051 440 1132 475 σῶμα
1145 440 1196 474 τῆς
1212 439 1404 470 ταπεινώσεως
1423 439 1500 475 ἡμῶν
1513 440 1566 467 ἀπὸ
1579 440 1627 466 τοῦ
1643 440 1773 475 ψυχικοῦ
1791 435 1846 480 τρεῖς

1048 485 1079 512 τὸ
1103 485 1287 520 πνευματικόν
1298 493 1304 500 ·
1321 485 1361 520 τῷ
1379 485 1407 512 δὲ
1433 485 1574 521 Πνεὺματι
1592 486 1623 512 οὺ
1639 487 1803 521 συνεδρίας,
1815 483 1844 511 '5;

1048 530 1138 565 δόξης,
1152 531 1201 557 οὐχ
1215 530 1295 557 ἄλλου
1309 530 1392 562 τινὸς,
1405 527 1443 558 ὦν
1456 530 1554 566 ἔχομεν
1570 532 1636 566 παρ’
1647 531 1754 563 αὐτοῦ,
1771 539 1844 566 μετι-

1048 575 1175 610 δίδομεν;
1194 575 1251 602 ἀλλ’
1276 572 1313 602 ὧν
1335 576 1449 607 ἑαυτοὺς
1476 576 1568 609 ἀξίους
1596 574 1682 608 εἶναι,
1705 577 1781 602 κατὰ
1805 577 1844 611 τὴν

1048 621 1150 657 ἀψευδῆ
1160 622 1207 648 τοῦ
1225 621 1459 657 ἐπαγιγειλαμένου
1475 622 1590 657 δωρεὰν,
1605 623 1842 657 πεπιστεύκαμεν,
1872 626 1873 643 l

1049 667 1151 694 τούτων
1164 667 1270 699 οὐδενὸς
1289 667 1327 702 τῷ
1351 667 1488 702 Πνεύματι
1509 667 1548 702 τῷ
1573 667 1644 702 ἁγίῳ
1659 668 1703 698 ὼς
1718 668 1842 703 ὑπερδιιί-

1049 720 1139 743 νοντος
1152 713 1235 739 αὑτοῦ
1246 712 1295 748 τὴν
1310 712 1388 744 ἀξίαν
1403 712 1642 749 παραχωροῦμεν;
1665 713 1726 739 Καὶ
1748 714 1789 738 ad:
1803 715 1841 747 ph

1050 758 1120 785 κατὰ
1134 758 1184 794 τὴν
1199 757 1278 790 ἀξίαν
1300 759 1358 784 ἐστὶ
1379 759 1493 786 πάντοτε
1512 756 1581 785 εἶναι
1598 759 1650 785 σὺν
1677 758 1720 793 τῷ
1747 759 1841 793 Κυρίῳ,

1051 803 1097 830 καὶ
1115 803 1276 839 προσδοκᾷς.
1294 803 1429 838 ἁρπαγεὶς
1447 805 1476 830 ἐν
1489 804 1614 838 νεφέλαις
1629 805 1673 835 εἰς
1697 804 1842 838 ἀπάντησιν

1051 849 1091 880 εις
1101 849 1178 884 ἀέρα,
1191 850 1305 876 πάντοτε
1318 848 1475 876 συνέσεσθαι
1489 849 1527 884 τῷ
1539 850 1652 884 Κυρίῳ·
1670 850 1704 876 τὸ
1723 851 1754 876 δὲ
1771 850 1842 876 11-ιεί-

1052 903 1090 930 μα
1104 894 1150 921 νῦν
1167 894 1317 928 ἀντιλέγεις
1415 893 1483 921 εἶναι
1508 895 1555 921 σὺν
1571 894 1611 930 τῷ
1629 896 1652 921 Χ
1657 895 1768 930 ριστῷ;
1783 896 1842 928 an:

1048 939 1095 966 τὸν
1108 939 1326 975 συναριομοῦντα
1341 939 1407 966 αὐτὸ
1424 940 1470 966 καὶ
1492 939 1680 967 συντάσσοντα
1702 940 1792 976 Πατρὶ
1805 942 1842 966 καὶ

1051 985 1107 1021 Υῑῷ
1130 985 1267 1021 ἐξόριστον
1291 985 1406 1019 τίθεσαι,
1429 985 1466 1016 ὡς
1489 985 1614 1020 ἀφόρητα
1643 986 1837 1012 δυσσεὸοὖντι.

1148 1031 1313 1066 Αἰσχύνομαι
1340 1032 1487 1066 ἐπαγαγεῖν
1504 1031 1537 1058 τὰ
1563 1031 1732 1066 λειπόμενα,
1756 1032 1796 1058 ὅτι
1817 1033 1840 1058 rb

1050 1076 1100 1112 μὲν
1118 1076 1380 1112 συνδοξασθήσεσθαι
1397 1076 1507 1112 Χριστῷ
1519 1076 1677 1111 προσδοκᾷς
1690 1078 1783 1112 (εἴπερ
1798 1078 1840 1112 γὰρ

1049 1121 1248 1157 συμπάσχομεν
1265 1122 1308 1148 ἵνα
1322 1122 1370 1148 καὶ
1383 1122 1628 1156 συνδοξασθῶμεν)·
1645 1123 1677 1149 τὸ
1695 1123 1725 1148 δὲ
1743 1123 1841 1157 Πνεῦμα

1048 1168 1098 1202 τῆς
1115 1167 1270 1202 ἁγιωσύνης
1281 1167 1319 1194 ⁸οὺ
1339 1167 1506 1202 συνδοξάζεις
1527 1168 1653 1203 Χριστῷ,
1672 1168 1715 1200 ὡς
1733 1169 1794 1195 οὐδὲ
1810 1171 1841 1194 τοὶ

1049 1213 1102 1239 τῶν
1117 1213 1182 1239 ἴσων
1195 1213 1339 1248 τυγχάνειν
1352 1213 1436 1246 ἄξιον.
1530 1214 1584 1240 Καὶ
1599 1214 1634 1239 σὺ
1656 1213 1711 1248 μὲν
1729 1214 1840 1245 sia-.53;

1050 1259 1260 1294 συμϐασιλεύειν
1269 1267 1276 1273 ·
1289 1259 1318 1285 τὸ
1326 1259 1353 1285 δὲ
1369 1259 1480 1294 Πνεῦμα
1491 1258 1541 1294 τῆς
1551 1259 1667 1294 χάριτος
1681 1259 1838 1294 ἐνυὸρίζεις,

1049 1304 1097 1340 τὴν
1109 1304 1201 1331 δούλου
1213 1304 1287 1340 αὐτῷ
1300 1305 1344 1331 καὶ
1362 1305 1498 1340 ὑπηρέτου
1512 1304 1588 1337 τάξιν
1598 1304 1785 1340 ἀποκληρῶν.
1797 1306 1839 1330 Καὶ

1047 1349 1134 1377 ταῦτα
1161 1350 1243 1384 λέγω,
1270 1351 1319 1386 οὐχ
1347 1350 1390 1377 ἵνα
1416 1350 1540 1377 τοσοῦτον
1564 1351 1647 1383 δείξω
1671 1352 1839 1386 ὀφειλόμενοτ

1048 1395 1118 1422 εἶναι
1134 1397 1174 1427 είς
1186 1396 1339 1430 δοξολογὶαν
1352 1396 1392 1431 τῷ
1402 1395 1540 1431 Πνεύματι
1551 1405 1558 1412 ⁸
1570 1396 1629 1423 ἀλλ’
1643 1397 1690 1422 ἵνα
1700 1397 1754 1432 τὴν
1765 1399 1840 1430 ἀγνω-

1049 1442 1168 1478 μοσύνην
1186 1442 1287 1477 ἐλέγξω
1306 1442 1360 1468 τῶν
1385 1442 1451 1478 μηδὲ
1466 1442 1593 1468 τοσοῦτον
1618 1442 1768 1474 διδόντων,

1046 1487 1085 1519 ὡς
1110 1488 1236 1515 ἀσέὸειαν
1262 1487 1417 1522 φευγόντων
1438 1488 1488 1523 τὴν
1514 1487 1560 1514 τοῦ
1587 1488 1760 1522 Πνεύματος
1784 1487 1840 1523 πςὴς

211 1537 259 1564 sed
275 1537 346 1564 velut
359 1537 525 1571 impietatem
547 1537 676 1570 horrent,
702 1537 819 1572 Spiritus
841 1547 902 1566 cttm
917 1539 950 1567 Pa

1099 1541 1112 1559 ν
1128 1533 1174 1559 καὶ
1192 1532 1304 1568 Πατέρα
1324 1532 1465 1559 κοινωνίαν
1488 1532 1538 1567 τῆς
1559 1532 1651 1567 δόξης.
1672 1533 1729 1564 Τίς
1742 1534 1838 1559 eam—.1:

211 1586 239 1609 et
255 1581 324 1608 Filio
335 1583 363 1609 in
378 1582 465 1617 gloria
481 1584 662 1611 consortium.
675 1583 742 1616 Quis
761 1588 850 1619 potest
866 1585 922 1613 haec
936 1587 999 1614 abs-

212 1634 265 1661 que
279 1627 379 1661 gemitu
399 1629 631 1656 commemorare?
643 1628 740 1655 Annon
761 1629 934 1657 manifestum
946 1635 998 1664 est,

212 1672 250 1698 ita
268 1676 297 1697 ut
312 1671 352 1699 vel
370 1679 438 1706 puer
453 1673 597 1708 intelligat,
613 1681 644 1701 ea
662 1681 723 1709 quae
735 1682 810 1701 nunc
825 1675 892 1702 ﬁunt
908 1683 998 1710 prow-

213 1717 267 1742 mia
280 1724 340 1744 esse
358 1716 522 1746 defectionis
538 1719 598 1746 tidei
610 1739 617 1751 ,
634 1726 717 1754 quam
737 1721 858 1748 minatus
881 1725 922 1749 est
945 1723 998 1749 Do-

212 1761 323 1789 minus?
347 1762 450 1795 Quibus
466 1764 616 1791 contradici
638 1764 680 1792 fas
699 1772 754 1792 non
775 1769 852 1798 erat,
878 1773 909 1793 ea
927 1766 999 1794 facta

213 1811 279 1834 sunt
299 1807 436 1842 ambigua.
459 1808 602 1836 Credimus
627 1808 655 1836 in
678 1808 828 1844 Spiritum,
850 1814 877 1837 et
896 1811 999 1838 nostris

214 1853 333 1885 ipsorum
358 1854 575 1888 professionibus
595 1861 791 1890 repugnamus.
811 1855 997 1890 Baptizamur,

211 1901 239 1924 et
255 1905 364 1925 rursum
380 1906 544 1933 pugnamus.
559 1898 594 1926 Ut
607 1899 668 1926 vita:
677 1903 816 1927 auctorem
826 1900 997 1932 invocamus,

212 1946 240 1969 et
264 1947 292 1969 ut
308 1951 471 1971 conservum
492 1944 669 1979 despicimus.
692 1945 761 1972 Cum
786 1945 868 1973 Patre
885 1951 912 1973 et
929 1946 998 1974 Filio

214 1987 346 2022 Spiritum
367 1989 537 2024 accepimus,
560 1993 587 2018 et
606 1998 668 2018 eum
689 1994 719 2018 ut
740 1995 873 2018 creatura:
893 1996 996 2026 partem

212 2034 380 2067 contemptui
403 2034 545 2062 habemus.
570 2036 616 2063 Isti
632 2040 722 2063 autent
735 2055 742 2067 ,
763 2036 828 2070 quid
849 2043 929 2064 orare
952 2037 998 2063 de—

208 2076 290 2102 beant
305 2075 459 2102 nescientes
487 2079 510 2109 ³,
526 2076 550 2103 si
571 2083 603 2103 eo
625 2076 799 2104 adducuntur
812 2096 819 2109 ,
841 2081 871 2103 ut
895 2077 998 2111 aliquid

207 2122 289 2148 etiam
304 2120 446 2156 magniﬁce
461 2121 609 2156 loquantur
619 2123 652 2150 de
661 2121 776 2157 Spiritu,
793 2122 905 2157 perinde
920 2123 998 2157 quasi

1048 1578 1134 1605 ταῦτα
1150 1579 1297 1604 ἀστενακτὶ
1310 1577 1454 1613 παρελθεῖν
1467 1585 1474 1610 ;
1487 1578 1522 1603 ’Ἡ
1542 1577 1596 1613 γὰρ
1608 1578 1672 1612 οὐχ).
1705 1578 1840 1613 προόᾔέις

1049 1623 1119 1650 ὥστε
1213 1623 1266 1649 κᾶν
1286 1623 1362 1649 παιδὶ
1377 1622 1502 1656 γενέσθαι
1523 1621 1672 1657 γνώριμον,
1700 1623 1756 1657 τὴν
1774 1623 1841 1649 ἀπει-

1047 1669 1175 1704 ληθεῖσαν
1183 1668 1232 1704 τῆς
1241 1668 1358 1699 πίστεως
1368 1667 1486 1701 ἔκλειψιν
1495 1667 1725 1702 προοιμιάζονται
1738 1667 1774 1694 τὰ
1785 1675 1842 1701 παρ-

1049 1715 1127 1747 όντα;
1147 1713 1295 1750 ’Δμφίὸολα
1307 1713 1402 1747 γέγονε
1420 1712 1453 1739 τὰ
1468 1712 1663 1747 ἁναντίρῤητα.
1675 1713 1842 1748 Πιπεπμεῖ

1049 1761 1090 1792 είς
1105 1760 1135 1787 τὸ
1146 1759 1258 1795 Πνεῦμα
1268 1767 1274 1774 ·
1288 1760 1336 1785 καὶ
1345 1761 1403 1791 ταῖς
1412 1758 1558 1794 ἡμετέραις
1571 1758 1662 1785 αὐτῶν
1686 1759 1843 1794 ὁμολογίας
1872 1773 1873 1789 ;

1049 1805 1268 1841 ζυγομαχοῢμεν.
1290 1803 1496 1839 Βαπτιζόμεθα·
1524 1803 1570 1830 καὶ
1586 1803 1668 1830 πάλιν
1688 1805 1843 1840 μαχόμεθα.

1055 1852 1099 1883 Ὧς
1121 1850 1243 1887 ἀρχηγὸν
1258 1850 1308 1885 τῆς
1328 1849 1401 1885 ζωῆς
1413 1848 1629 1884 ἐπικαλούμεθα·
1649 1849 1701 1875 καὶ
1721 1850 1764 1881 ὡς
1790 1851 1844 1884 ὀμο-

1049 1897 1142 1924 δούλου
1159 1895 1393 1931 καταφρονοῦμεν.
1409 1894 1486 1921 Μετὰ
1507 1893 1612 1928 Πατρὸς
1628 1894 1675 1920 καὶ
1695 1894 1768 1921 Υἱοῦ
1785 1903 1844 1930 παρ-

1049 1941 1190 1975 ελάϐομεψ
1211 1940 1257 1966 καὶ
1270 1940 1308 1972 ὡς
1325 1939 1407 1975 μέρος
1421 1939 1469 1974 τῆς
1483 1939 1598 1970 κτίσεως
1616 1938 1809 1974 ἅτιμάζομεν,
1821 1940 1844 1965 ῡὶ

1050 1986 1088 2017 δὲ,
1101 1986 1127 2012 τί
1140 1985 1333 2021 προσεύξονται
1347 1984 1384 2020 μὴ
1396 1983 1504 2016 εἰδότες.
1514 1983 1562 2010 ἐὰν
1574 1993 1600 2010 τι
1612 1983 1659 2010 καὶ
1675 1984 1841 2019 φθέγξασθε

1051 2031 1147 2065 σεμνὸν
1172 2030 1234 2064 περ),
1260 2029 1307 2056 τοῦ
1335 2028 1491 2064 Πνεύματος
1595 2028 1792 2063 προαχθῶσιν,
1814 2030 1843 2059 ὡς

1047 2077 1236 2113 ἐφικνούμενοι
1248 2077 1298 2112 τῆς
1308 2076 1395 2110 ἀξίας,
1412 2076 1555 2107 κολάζουσι
1569 2075 1615 2102 τοῦ
1628 2075 1716 2108 λόγου
1729 2076 1764 2102 τὸ
1775 2077 1845 2111 ξιτ-ἐρ’

1050 2124 1148 2149 πῖπτον
1170 2122 1219 2158 τὴν
1243 2122 1423 2157 συμμετρίαν.
1449 2121 1503 2153 Οὓς
1530 2121 1612 2157 ἐχρῆν
1627 2120 1787 2155 ὀδύρεσθαι
1804 2122 1843 2155 τὴν

208 2166 370 2202 dignitatem
385 2167 472 2201 ipsius
487 2174 689 2202 assequamur;
704 2168 777 2204 quod
799 2169 826 2195 in
845 2168 927 2195 dictis
940 2176 946 2194 I

1135 2177 1192 2195 ειαν
1203 2177 1209 2184 ’
1230 2169 1271 2195 ὅτι
1286 2165 1323 2195 ὧν
1340 2168 1413 2203 ἔργῳ
1435 2169 1586 2203 πάσχομεν,
1600 2167 1691 2200 λόγοις
1710 2168 1843 2201 ἀντιπλη-

208 2212 273 2240 dum
291 2213 418 2246 excedit,
442 2213 604 2247 reprimunt.
623 2214 698 2247 Quos
716 2222 794 2241 suam
813 2214 998 2241 inﬁrmitatem

207 2257 349 2292 deplorare
371 2258 514 2292 oportebat
539 2267 546 2286 :
565 2259 694 2293 quoniam
712 2259 803 2286 idonei
818 2267 871 2286 non
891 2267 998 2291 sumus,

209 2302 257 2337 qui
276 2310 326 2337 pro
343 2303 494 2335 beneﬁciis,
511 2304 612 2338 quibus
630 2305 720 2339 reipsa
736 2304 884 2337 aﬁicimur,
907 2305 999 2332 verbis

208 2349 310 2384 gratias
325 2355 448 2383 agamus.
474 2348 591 2383 Superat
615 2350 687 2376 enim
709 2357 818 2378 omnem
833 2350 1000 2378 intellectum

208 2401 242 2420 ac
261 2394 397 2421 sermonis
414 2398 541 2421 naturam
559 2395 716 2430 redarguit,
734 2402 796 2422 cum
816 2396 849 2422 ea
869 2403 904 2423 ne
922 2396 1002 2423 titini-

209 2446 281 2466 mam
297 2439 407 2474 quidem
418 2439 559 2474 dignitatis
574 2440 647 2468 illius
663 2444 766 2476 partem
778 2441 912 2476 adaequet,
923 2441 1000 2476 juxta

209 2483 292 2510 verba
320 2483 382 2510 libri
407 2484 453 2518 qui
485 2483 646 2511 inscribitur
670 2485 810 2519 Sapientia
842 2495 849 2513 :
874 2485 1002 2513 Exallate

211 2529 282 2555 enim
294 2548 302 2560 ,
319 2528 407 2563 inquit
423 2547 430 2560 ,
446 2532 675 2564 quantumcunque
696 2530 835 2564 potueritis
859 2538 868 2557 :
893 2535 999 2565 supcrat

208 2574 278 2600 enim
291 2578 316 2600 et
329 2573 427 2604 adhuc;
437 2579 461 2600 et
475 2574 622 2602 exultantes
634 2583 693 2601 eum
707 2575 892 2609 multiplicate.
908 2575 998 2603 Nolite

209 2619 330 2646 laborare
346 2627 355 2646 :
372 2627 423 2646 non
440 2620 509 2646 enim
523 2621 698 2655 assequentini
729 2623 748 2648 ⁸.
765 2620 894 2649 Profecto
915 2622 996 2648 terri-

1052 2215 1115 2251 ροῦν
1125 2215 1174 2250 τὴν
1185 2215 1264 2250 χάριν
1276 2215 1325 2241 οὺχ
1339 2214 1518 2250 ἐξαρχοῦμεν.
1535 2214 1678 2248 ’Υπερέχει
1690 2213 1752 2248 γὰρ
1761 2214 1842 2241 πάντα

1051 2260 1124 2293 νοῦν,
1139 2261 1186 2287 καὶ
1203 2261 1282 2294 λόγου
1306 2259 1386 2294 φύσιν
1399 2260 1517 2295 ἐλέγχει,
1532 2259 1591 2285 οὐδὲ
1608 2258 1755 2293 πολλοστῷ
1774 2260 1842 2295 μέρει
1872 2271 1873 2294 ι

1051 2305 1101 2340 τῆς
1118 2305 1196 2338 ἀξίας
1217 2305 1421 2341 παρισουμένην
1534 2304 1603 2331 κατὰ
1621 2304 1667 2330 τὸν
1689 2303 1779 2338 λόγον
1805 2303 1843 2337 τῆς

1051 2351 1273 2387 ἐπιγραφομένης
1285 2351 1395 2387 Σοφίας·
1417 2350 1566 2384 Ὺψώσατε
1587 2350 1651 2385 γὰρ,
1675 2350 1761 2384 φησὶ,
1784 2351 1842 2376 aa}—

1050 2399 1127 2424 ὀσον
1147 2396 1185 2424 ἂν
1209 2397 1359 2430 δύνησθε·
1394 2395 1533 2431 ὑπερέχει
1555 2396 1609 2430 γὰρ
1627 2395 1676 2422 καί
1701 2395 1750 2422 ἐτι
1763 2403 1772 2410 ·
1803 2394 1840 2421 καὶ

1051 2443 1203 2477 ὺψοῦγτες
1217 2442 1311 2470 αὑτὸν
1324 2442 1507 2476 πληθύνατε.
1518 2441 1566 2474 Μὴ
1579 2440 1718 2468 κοπιᾶτε·
1743 2443 1781 2468 οὐ
1800 2442 1840 2475 τίτί

1048 2488 1091 2522 μὴ
1115 2489 1269 2523 ἐφίκησθε.
1295 2485 1333 2515 Ἦ
1350 2497 1399 2514 που
1428 2487 1543 2523 φοϐεραὶ
1561 2487 1624 2522 ὑμῖν
1639 2487 1668 2512 αἱ
1695 2487 1775 2522 ὑπὲρ
1798 2486 1841 2512 τπῖνέ

1051 2542 1178 2560 τοιουτων
1202 2533 1287 2568 λόγων
1313 2533 1425 2560 εὐθῦναι
1453 2534 1509 2564 τοῖς
1536 2532 1612 2568 παρὰ
1638 2531 1687 2558 τοῦ
1713 2531 1841 2566 ἀψευδοῦς

1051 2579 1181 2614 ἀκηκοόσι
1193 2579 1259 2606 Θεοῦ
1272 2578 1466 2615 ἀσυγχώρητον
1481 2576 1550 2606 εἶναι
1568 2577 1618 2613 τὴν
1631 2578 1673 2609 εἰς
1686 2577 1720 2604 τὸ
1735 2578 1839 2611 Πνεῦμι

1050 2625 1079 2650 τὸ
1091 2625 1167 2659 ἅγιον
1185 2625 1370 2660 βλασφημίαν.

208 2666 278 2694 biles
289 2666 367 2694 vobis
383 2667 540 2694 istiusmodi
571 2674 727 2695 sermonum
758 2668 902 2696 reddendae
918 2671 1035 2697 rationes
1054 2672 1100 2707 qui
1120 2680 1134 2699 a
1160 2672 1215 2700 Deo
1234 2673 1344 2700 mentiri
1367 2672 1460 2700 nescio
1476 2672 1606 2706 audistis,
1625 2670 1836 2699 irremissihilvm

208 2720 270 2740 esse
281 2713 477 2747 blasphemiam
490 2713 517 2740 in
534 2713 666 2740 Soiritum
683 2718 808 2742 sanctum
840 2717 861 2742 '.

257 2758 328 2787 Sane
349 2766 443 2788 contra
470 2760 496 2788 id
529 2761 602 2796 quod
631 2761 746 2794 dicunt,
772 2761 996 2796 gloriﬁcationcm

253 2861 262 2876 ι
279 2860 289 2888 l
304 2860 400 2889 Thess.
415 2869 452 2895 IV,
471 2861 514 2890 i6.
554 2862 564 2876 '
583 2861 660 2889 Rom.
676 2869 736 2893 vni,
754 2861 794 2887 l7.

1090 2761 1161 2796 Πρός
1185 2769 1215 2796 γε
1240 2760 1293 2795 μὴν
1313 2761 1343 2787 τὸ
1354 2760 1514 2795 ἀμάρτυρον
1543 2761 1590 2787 καὶ
1626 2760 1758 2795 ἄγραφον
1777 2757 1835 2785 tiu:
1872 2735 1873 2766 ί

837 2862 845 2877 ³
859 2862 936 2889 Rom.
963 2867 1019 2894 vnl,
1040 2862 1085 2889 ‘26.
1126 2861 1134 2876 ³
1156 2861 1238 2888 Eccli.
1261 2868 1329 2894 xm,
1349 2860 1392 2893 55,
1410 2861 1453 2888 ﬁt.
1493 2862 1502 2876 '
1519 2860 1586 2888 Luc.
1605 2860 1715 2894 xu,10.
