1873 3076
20 112 85 145 8ὓὶ

517 113 705 145 ΡΑΝΟΡῘᾸΑ
725 111 952 143 DOGMATICA.
969 123 1004 128 —
1022 111 1097 141 TlT.
1118 109 1188 140 ΧΗ.

1609 112 1662 145 802

17 188 81 224 τὴν
96 187 160 215 σὺν
185 186 225 220 τῷ
244 187 391 221 Πνεύματι
414 183 565 218 δοξολογίαν
590 185 677 210 ἐκεῖνο
694 183 824 218 λέγομεν·

915 193 932 211 n
957 184 1058 219 Spiritu
1080 192 1171 211 carere
1196 184 1440 218 tcslimonio,nec
1461 186 1487 213 in
1512 185 1664 222 Scripturis

19 235 86 266 δτι,
102 234 128 260 εἰ
147 232 196 268 μὲν
212 231 294 267 μηδὲν
305 231 398 266 ἕτερον
411 231 542 266 ἄγραφον,
561 228 627 264 μηδὲ
643 229 721 255 τοῦτο
738 236 826 262 παρα-

19 280 159 315 saxeam
169 288 175 293 -
201 278 226 304 εἰ
240 277 268 304 δὲ
284 277 319 303 τὰ
335 276 447 303 πλεῖστα
468 275 522 301 τῶν
544 273 681 310 μυστικῶν
697 273 827 308 ἀγράιςως

21 327 101 360 ἡμῖν
119 322 336 360 ἐμπολιτεὺεται,
363 321 432 357 μετὰ
453 320 558 347 πολλῶν
579 320 633 346 τῶν
661 319 762 354 ἐτέρων
781 319 827 344 καὶ

20 371 116 397 τοῦτο
134 367 351 404 παραδεξόμεθα.
443 365 631 393 ’Δποστολικὺν
648 365 675 390 δὲ
687 362 762 399 θ’μαι
780 361 827 389 καὶ

21 417 60 442 τὸ
76 417 140 448 ταῖς
164 415 299 451 ἀγράφοις
315 412 481 449 παραδόσεσι
502 411 679 447 παραμένειν.
700 407 828 436 Ἐπαινῶ

22 462 103 496 γὰρ,
123 461 217 496 φησιν,
231 458 319 494 ὑμᾶς,
337 459 380 485 ὅτι
397 458 495 485 πάντα
511 466 571 491 μου
593 456 756 491 μέμνησθε,
779 453 828 481 καὶ

24 507 138 540 καθὼς
154 505 310 539 παρέδωκα
319 503 400 539 ὑμῖν,
414 505 467 536 τὰς
482 501 661 537 παραδόσεις
671 501 810 534 κατέχετε
819 506 828 515 ·

25 553 86 580 καὶ
102 552 144 584 τὸ,
170 550 308 585 Κρατεῑτε
324 549 377 582 τὰς
393 548 574 583 παραδόσεις
597 547 633 580 ἃς
649 546 830 581 παρελάϐετε

27 599 99 625 εἴτε
115 597 165 624 διὰ
183 597 288 631 λόγου,
305 595 365 622 εἶτε
387 595 424 621 δι’
444 593 628 627 ἐπιστολῆςο
646 589 683 620 ὧν
782 591 829 625 μία

28 645 98 671 ἐστί
112 644 159 671 καὶ
173 644 190 679 ἡ
210 642 334 678 παροῦσα
353 641 433 676 αὕτη,
447 640 480 676 ἢν
501 642 524 667 οἱ
544 640 573 672 ἐξ
596 640 684 675 ἀρχῆς
703 639 831 673 διαταξά-

30 697 116 724 μενοι
133 687 324 723 παραδιδόντες
351 687 406 718 τοῖς
430 684 540 720 ἐφεξῆς,
565 684 767 720 συμπροῖούσης
786 682 830 710 ἀεὶ

28 735 75 770 τῷ
90 734 179 770 χρόνῳ
199 734 249 768 τῆς
271 733 406 768 χρήσεως,
426 732 470 758 διὰ
488 732 596 767 μακρᾶς
620 731 671 766 τῆς
688 730 827 766 συνηθείας

26 783 97 812 ταῖς
112 779 285 815 Ἑκκλησίαις
300 777 546 813 ἐγκατεῤῥίζωσαν.
557 774 619 812 ’Ἆρ’
633 774 679 802 οὖν
695 776 730 807 εἰ,
747 775 784 806 ὼς
800 775 829 802 ὲν

26 826 205 862 δικαστηρίῳ
224 825 273 860 τῆς
289 824 332 850 διὰ
347 823 400 850 τῶν
416 823 562 859 ἐγγράφων
578 821 741 855 ἀποδείξεως
762 821 830 847 ἁπο-
842 837 863 864 Β

30 872 159 907 ροῦντες,
170 870 314 907 μαρτύρων
322 870 386 905 ὑμῖν
393 870 493 905 πλῆθος
569 869 807 904 παραστησαιμεθα
817 886 827 901 ,

28 919 89 944 οὐκ
106 917 140 944 ἂν
160 917 211 952 τῆς
236 915 363 950 ἀφιείσης
389 915 452 950 παρ’
472 914 549 950 ὑμῶν
574 914 665 950 ψήφου
681 912 828 948 τύχοιμεν;

36 963 117 998 Ἐγὼ
131 963 179 999 μὲν
189 963 276 995 οὕτως
292 961 382 998 οἶμαι·
404 960 470 988 Ἐπὶ
485 961 633 995 στόματος
645 959 699 994 γὰρ
710 958 764 985 δύο
780 957 828 984 καί

29 1009 129 1044 τριῶν
143 1009 300 1044 μαρτύρων
312 1007 494 1040 σταθήσεται
508 1006 569 1034 πᾶν
583 1005 673 1040 ῥῆμα.
690 1005 722 1031 Εἰ
739 1004 767 1031 δὲ
782 1003 829 1030 καὶ

31 1055 85 1081 τὸν
103 1054 185 1080 πολὺν
195 1055 290 1090 χρόνον
305 1053 372 1089 πρὸς
387 1052 465 1088 ἡμῶν
478 1051 542 1078 ὄντα
559 1051 681 1087 ἐναργῶς
700 1051 763 1085 ὑμῖν
779 1049 829 1075 ἐπ’

29 1099 206 1134 εδείκνυμεν,
224 1098 274 1125 οὐκ
290 1097 321 1125 ἂν
335 1097 463 1132 ἐδόξαμεν
482 1097 546 1131 ὑμῖν
563 1095 654 1122 εἰκότα
670 1094 768 1129 λέγειν,
789 1096 827 1130 μὴ

29 1144 110 1171 εἶναι
125 1144 183 1171 καθ’
195 1143 273 1179 ἡμῶν
287 1143 336 1178 τὴν
349 1143 425 1178 δίκην
438 1140 621 1176 εἰσαγώγιμον
629 1140 745 1176 ταύτην;
759 1141 829 1166 Δυσ-

29 1190 168 1225 ωπητικὰ
187 1189 242 1225 γάρ
260 1197 319 1220 πως
339 1188 374 1215 τὰ
394 1187 497 1215 παλαιὰ
510 1187 564 1214 τῶν
580 1187 732 1222 δογμάτων,
746 1186 827 1213 οἱονεὶ

29 1234 121 1270 πολιᾷ
136 1244 188 1261 τινι
202 1235 236 1270 τῇ
246 1234 413 1269 ’ἀρχαιότητι
435 1233 466 1260 τὺ
483 1232 619 1267 αἰδέσιμον
636 1231 740 1266 ἔχοντα.
763 1232 827 1257 Ἀπ-

29 1277 347 1317 αριϐμήσομαιοῦνύμῖν
357 1279 420 1311 τοὺς
435 1278 587 1314 προστάτας
600 1276 646 1303 τοῦ
659 1277 825 1311 λόγου(συμ-

29 1327 257 1362 παραμετρεῖται
272 1326 300 1352 δὲ
317 1326 425 1356 πάντως
435 1324 505 1351 κατὰ
515 1324 546 1350 τὸ
562 1322 735 1359 σιωπώμενον
754 1323 799 1349 καὶ
812 1323 826 1349 ὁ

32 1388 97 1425 Τοῦ
112 1391 217 1417 αὑτοῦ.
236 1390 448 1425 ἎπαρΙθμησις
461 1391 520 1418 τῶν
532 1392 566 1417 ἐν
594 1391 632 1425 τῇ
649 1392 821 1425 Ἐκκλησία

74 1423 238 1463 διαφανῷν,
253 1423 319 1463 derat
329 1423 520 1463 extimum
533 1427 568 1453 ἐν
586 1423 650 1461 τοῖς
670 1423 824 1463 αυτ-γράμ-

71 1467 168 1494 μασιν
180 1460 296 1488 ἑαυτῶν
305 1460 341 1496 τῇ
354 1460 439 1496 sorori;
454 1463 555 1490 «σύγ-,ι
575 1460 689 1497 Κεφᾶλ.
702 1460 757 1491 κσέ

73 1517 316 1553 Ἀπαριθμήσομαι
342 1516 389 1545 οὖν
418 1520 482 1552 ὑμῖν
508 1521 572 1552 τοὺς
590 1521 747 1555 προστάτας
773 1520 820 1546 τοῦ

28 1563 120 1614 λόγου
135 1567 425 1600 (συμπαραμετρεϊται
438 1567 468 1593 δὲ
485 1567 594 1598 πάντως
610 1567 682 1593 κατὰ
708 1567 739 1593 τὸ
754 1575 818 1592 σιω·
840 1584 862 1614 G

30 1608 165 1642 πὼμενον
174 1610 367 1645 καὶὸχρόνος)·
376 1611 407 1637 οὐ
415 1611 469 1645 γὰρ
479 1610 508 1643 ἐξ
517 1611 594 1646 ἡμῶν
610 1611 740 1646 ὥρμηται
751 1612 827 1646 πρῶ-

28 1664 95 1681 τον.
109 1655 389 1692 Πόθεν;χθιζοιτινες
400 1657 484 1690 liv-rw;
510 1659 600 1693 ἡμεῖς,
621 1659 693 1686 κατὰ
709 1659 755 1686 τὸν
776 1658 823 1686 τοῦ

39 1700 107 1727 Ἱὼὸ
119 1701 207 1735 λόγον,
225 1702 292 1737 πρός
305 1711 336 1735 γε
355 1703 483 1730 τοσοῦτον
498 1705 606 1740 χρόνον,
624 1705 670 1731 τὸν
690 1705 740 1740 τῆς
765 1714 828 1732 συν-

29 1747 135 1780 ηθείας
152 1747 254 1782 ταύτης
268 1749 428 1784 ἡλικιώτην.
442 1750 513 1784 Ἐγὼ
542 1751 591 1786 μὲν
602 1751 648 1778 οὖν
671 1752 763 1784 αὐτὸς,
797 1753 823 1780 εἰ

31 1794 92 1829 χρή
112 1802 145 1827 με
156 1794 256 1828 τούμὸν
270 1794 334 1822 ἰδιον
347 1796 443 1829 εἰπεῖν,
459 1796 556 1832 ὥσπερ
568 1798 630 1823 τινὰ
646 1798 748 1833 κλῆρον
772 1807 826 1824 πα-

29 1839 127 1873 τρῷον
140 1839 188 1874 τὴν
203 1841 296 1874 φωνὴν
311 1841 413 1875 ταύτην
437 1841 619 1877 διαφυλάττω,
653 1843 823 1878 παραλαϐὼν

32 1885 218 1921 παράἀνδρδς
229 1887 371 1922 μακρδνὲν
382 1888 415 1922 τῇ
431 1887 588 1923 λειτουργίᾳ
611 1888 661 1916 τοῦ
676 1889 745 1916 Θεοῦ
765 1890 827 1916 δια-

33 1931 172 1966 ζήσαντος
189 1932 336 1968 γρόνον,δι“
351 1929 382 1960 οὗ
396 1934 443 1961 καὶ
450 1934 630 1970 ἑδαπτισοην,
646 1936 694 1962 καί
709 1937 741 1971 τῇ
756 1936 827 1970 ὑπη-

35 1978 122 2014 ρεσὶᾳ
147 1978 197 2013 τῆς
218 1978 386 2014 Ἐκκλησίας
416 1981 584 2016 προσήχθην.
609 1981 766 2017 Ἀναζητῶν
798 1982 827 2009 δὲ

33 2023 102 2050 κατ’
112 2024 230 2058 ἐμαυτὸν
241 2025 320 2056 εἴτις
336 2026 390 2061 ἄρα
400 2026 456 2053 τῶν
479 2027 604 2054 παλαιῶν
619 2027 667 2054 καὶ
682 2027 827 2063 μακαρίων

34 2069 148 2104 ἀνδρῶν
166 2070 302 2105 ἐχρήσατο
320 2071 434 2103 ταύταις
450 2073 509 2103 ταῖς
532 2072 579 2099 νῦν
603 2073 828 2108 ἀντιλεγομέναις

33 2116 156 2150 φωναῖς,
171 2116 286 2148 πολλοὺς
301 2115 381 2151 εὗρον
393 2118 441 2144 καὶ
457 2119 490 2153 τῇ
511 2119 672 2154 ἀρχαιότητι
704 2120 734 2146 τὸ
755 2119 829 2152 ἀξιό-

34 2169 138 2188 πιστον
152 2162 275 2197 ἔχοντας,
288 2163 336 2188 καὶ
347 2164 379 2198 τῇ
391 2164 439 2198 τῆς
453 2163 574 2198 γνώσεως
582 2165 747 2200 ἀκριϐεζᾳού
759 2166 829 2192 κατὰ

36 2208 108 2238 τοὺς
127 2207 174 2234 νῦν
192 2208 285 2239 ὄντας·
313 2206 352 2235 ὧν
380 2207 406 2235 οἰ
422 2209 471 2244 μὲν
483 2210 516 2244 τῇ
539 2209 678 2244 προθέσει,
707 2211 731 2236 οἰ
745 2211 773 2237 δὲ
788 2210 827 2245 τῷ

872 236 992 263 exstare,
1010 230 1074 257 illud
1087 230 1205 258 dicimus
1220 240 1226 257 :
1243 231 1265 257 si
1344 231 1412 258 nihil
1432 232 1505 259 aliud
1521 237 1563 260 cst
1587 241 1664 261 rece-

874 272 950 311 ptum
963 277 1066 312 absque
1079 276 1240 311 Scripturis,
1254 284 1288 303 nc
1302 276 1353 303 hoc
1365 277 1476 312 quidem
1493 278 1640 312 recipiatur
1654 287 1662 312 ;

874 326 917 353 sin
938 325 1054 360 plurima
1069 330 1168 350 arcana
1183 323 1252 350 citra
1265 323 1397 357 scriptum
1413 327 1522 358 recepta
1537 328 1601 351 sunt
1616 331 1664 351 no-

874 371 928 402 bis,
942 378 1005 398 cum
1019 369 1080 396 aliis
1095 369 1221 404 pluribus
1233 371 1260 395 ct
1274 368 1326 395 hoc
1341 369 1516 403 recipiemus.
1535 369 1664 397 Arbitror

874 419 965 444 autem
981 415 1160 450 apostolicum
1175 421 1245 444 esse.
1261 414 1344 441 etiam
1359 422 1414 441 non
1440 415 1552 449 scriptis
1579 416 1665 443 tradi-

875 462 994 489 tionibus
1011 461 1154 487 inhaerere.
1173 458 1267 485 Laudo
1286 460 1367 491 enim,
1383 459 1491 494 inquit,
1513 468 1574 491 vos,
1595 460 1664 495 quod

874 508 962 535 omnia
976 515 1033 533 mea
1049 505 1216 536 meministis,
1233 509 1257 531 et
1272 505 1492 540 quemadmodum
1509 506 1611 532 tradidi
1621 515 1665 533 νο-

874 552 928 582 bis,
947 550 1100 578 traditiones
1121 551 1214 577 tenetis
1229 551 1237 565 ¹
1254 570 1261 576 .
1278 551 1310 577 Et
1332 550 1410 582 illud,
1429 550 1522 578 Tenete
1536 552 1663 578 traditio-

874 605 919 625 nes
929 605 994 632 quas
1009 596 1146 631 accepistis
1161 597 1213 623 sive
1228 604 1274 630 per
1285 604 1430 623 sermonem
1442 597 1494 623 sive
1507 605 1552 631 per
1567 598 1663 631 episto-

875 642 928 669 lam
945 645 955 660 ι
970 648 1105 676 :quarum
1118 649 1171 667 una
1182 645 1224 668 est
1239 645 1265 668 et
1278 641 1334 668 hate
1345 641 1378 668 de
1389 649 1442 676 qua
1456 650 1528 669 nunc
1544 643 1662 677 agimus,

874 696 955 723 quam
970 688 1016 722 qui
1029 688 1063 715 ab
1080 687 1159 714 initio
1176 687 1416 722 prmscripserunt,
1433 688 1663 724 tradideruntqu

873 734 1001 770 posteris,
1024 741 1074 760 usu
1099 740 1205 767 semper
1231 733 1313 760 simul
1328 741 1390 760 cum
1408 738 1528 768 tempore
1551 742 1663 769 progre-
1698 753 1700 755 ›

873 781 983 812 diente,
1012 779 1098 814 ipsam
1131 778 1209 813 longa
1240 780 1440 806 consuetudine
1469 780 1497 806 in
1528 779 1662 808 Ecclesiis

874 823 1068 852 irradiearunt.
1084 823 1155 858 Ergo
1172 824 1194 850 si
1217 823 1290 850 velut
1305 824 1332 851 in
1354 824 1503 857 tribunali,
1522 826 1663 860 probatio-

874 870 956 898 nibus
972 878 988 898 e
1003 869 1106 904 scripto
1128 869 1269 901 destituti,
1288 871 1391 897 multos
1407 871 1484 897 vobis
1501 875 1584 898 testes
1599 879 1661 906 pro-

875 916 1020 946 ducamus,
1038 922 1128 942 nonne
1154 915 1317 942 sententiam
1336 915 1524 943 absolventem
1548 924 1562 943 a
1584 917 1662 944 vobis

874 959 1093 995 consequemur?
1106 959 1160 994 Ego
1174 960 1282 994 quidem
1296 960 1430 987 arbitror:
1443 961 1524 988 [nare
1532 962 1661 996 siquidem

873 1007 986 1034 duorum
1010 1013 1041 1032 ac
1074 1005 1153 1031 trium
1179 1005 1284 1031 testium
1300 1005 1382 1032 stabit
1405 1013 1482 1033 omne
1507 1006 1612 1034 verbum
1640 1007 1661 1034 ³.

873 1050 952 1083 Quod
979 1049 1002 1076 si
1025 1049 1106 1076 etiam
1124 1049 1254 1083 temporis
1279 1049 1487 1077 diuturnitatem
1510 1059 1559 1085 pro
1582 1052 1662 1080 nobis

875 1095 1022 1122 facientem
1056 1094 1134 1121 vobis
1165 1095 1306 1122 evidenter
1336 1096 1532 1128 ostendamus,
1568 1104 1660 1124 annon

874 1139 1027 1166 videbimur
1042 1138 1120 1165 vobis
1135 1139 1286 1173 probabilia
1303 1139 1404 1173 dicere,
1422 1148 1475 1167 non
1493 1148 1574 1175 posse
1586 1142 1661 1169 litem

875 1186 955 1213 istaut
978 1185 1041 1219 jure
1061 1184 1142 1211 nobis
1168 1184 1291 1211 intendi?
1311 1183 1474 1212 Veneranda
1498 1186 1570 1213 enim
1596 1190 1661 1214 sunt

874 1229 1076 1267 quodammodo
1084 1234 1190 1257 vetusta
1199 1230 1334 1265 dogmata,
1343 1237 1404 1264 quae
1412 1231 1446 1257 ob
1457 1231 1658 1266 antiquitatem,

874 1285 924 1304 ceu
940 1275 1067 1304 canitiem
1085 1275 1246 1310 quamdam,
1269 1275 1370 1302 habent
1387 1275 1517 1310 quiddam
1531 1285 1659 1304 reveren—

874 1323 949 1350 dum.
965 1321 1137 1349 Enumerabo
1147 1322 1238 1356 itaque
1247 1322 1324 1349 vobis
1337 1322 1421 1356 hujus
1431 1322 1560 1350 dictionis
1572 1327 1660 1358 patro-

881 1390 1017 1426 Ejusdam.
1046 1390 1220 1418 Enumeratio
1251 1393 1367 1420 virorum
1395 1392 1422 1418 in
1450 1391 1570 1419 Ecclesia
1597 1393 1663 1420 illu-

913 1425 1017 1457 strium,
1047 1427 1131 1459 quiin
1149 1428 1254 1461 scriptis
1286 1428 1341 1455 suis
1369 1427 1410 1454 ιιδὶ
1437 1432 1497 1454 sunt
1519 1427 1567 1454 hac
1593 1436 1664 1461 voce,

915 1469 925 1486 ι
945 1469 1014 1487 cum.
1032 1469 1041 1486 ›
1056 1461 1140 1495 Caput
1154 1461 1200 1488 ‘29.

914 1517 1087 1546 Ennmerabo
1104 1519 1195 1554 itaque
1211 1520 1289 1547 vobis
1318 1520 1398 1555 hujus
1418 1521 1545 1549 dictionis
1570 1525 1664 1556 patro-

879 1571 928 1591 nos
937 1564 1115 1599 vindicesque
1130 1565 1221 1596 (simul
1232 1565 1304 1592 enim
1320 1567 1472 1594 instituatur
1488 1567 1515 1593 in
1531 1574 1574 1598 eo,
1590 1567 1662 1602 quod

880 1614 994 1643 tacetur,
1010 1611 1091 1638 etiam
1111 1610 1229 1646 tempus)
1243 1620 1251 1642 ;
1268 1619 1356 1646 neque
1369 1612 1440 1639 enim
1454 1620 1486 1639 cx
1505 1613 1583 1640 nobis
1609 1613 1665 1648 pri-

878 1663 952 1682 mum
969 1656 1074 1683 initium
1087 1657 1215 1692 sumpsit.
1228 1657 1278 1690 Qui
1296 1658 1403 1692 potuit?
1414 1658 1547 1685 Nimirum
1562 1665 1611 1684 nos
1620 1665 1662 1684 re-

878 1709 941 1728 vera
951 1701 1070 1729 hesterni
1082 1710 1189 1735 sumns,
1203 1703 1432 1737 quemadmodum
1441 1704 1506 1730 dicit
1515 1704 1564 1731 Job
1575 1704 1597 1736 ⁵,
1609 1704 1666 1730 sal-

879 1749 933 1774 tem
949 1746 971 1774 si
985 1753 1037 1774 tam
1054 1747 1125 1782 longi
1143 1749 1285 1782 temporis,
1303 1749 1375 1783 quod
1394 1749 1456 1776 huic
1472 1749 1665 1777 consuetudini

878 1792 982 1826 aequale
998 1797 1051 1826 est,
1068 1793 1201 1821 habeatur
1216 1795 1296 1822 ratio.
1312 1795 1444 1830 Equidem
1458 1796 1529 1830 ipse.
1545 1797 1566 1824 si
1582 1796 1664 1823 modo

878 1845 927 1873 par
950 1838 986 1866 sit
1014 1845 1058 1865 me
1078 1839 1150 1873 quod
1165 1840 1230 1866 mihi
1243 1841 1382 1874 proprium
1392 1845 1434 1868 est
1450 1840 1551 1871 dicere,
1565 1848 1663 1868 vocem

879 1886 950 1912 hanc
958 1889 1084 1920 tanquam
1094 1889 1236 1920 paternam
1246 1887 1390 1921 quamdam
1401 1888 1586 1914 hmreditatem
1601 1895 1668 1914 con-

879 1938 969 1962 servo,
981 1935 1121 1966 acceptam
1133 1939 1148 1959 a
1163 1933 1222 1959 viro
1241 1932 1357 1959 multum
1369 1934 1500 1968 temporis
1512 1933 1538 1960 in
1555 1933 1668 1960 servitio

881 1977 926 2005 Dei
939 1981 1057 2010 versato,
1073 1985 1121 2012 per
1137 1985 1217 2012 quem
1233 1982 1260 2005 et
1271 1978 1426 2013 baptizatus
1437 1985 1509 2011 sum,
1525 1982 1552 2005 et
1571 1977 1667 2005 Eccle-

878 2023 926 2050 siae
960 2022 1112 2050 ministerio
1133 2023 1269 2050 admotus.
1286 2021 1420 2050 Caeterum
1445 2030 1506 2050 cum
1531 2022 1602 2057 apud
1622 2029 1667 2049 me

880 2073 987 2103 reputo,
1004 2076 1037 2096 an
1052 2069 1115 2103 quis
1130 2073 1251 2096 veterum
1268 2076 1300 2096 ac
1317 2069 1459 2096 beatorum
1473 2069 1594 2096 virorum
1608 2068 1666 2100 his,

879 2114 979 2149 quibus
999 2122 1072 2142 nunc
1086 2115 1250 2142 reclamatur
1270 2116 1392 2146 vocibus,
1409 2123 1476 2142 usus
1492 2116 1545 2148 sit;
1562 2114 1665 2141 mullos

880 2161 995 2196 reperio.
1012 2167 1038 2188 et
1049 2161 1083 2188 ob
1097 2161 1285 2196 antiquitatem
1299 2161 1350 2189 tide
1364 2162 1472 2196 dignos,
1485 2167 1510 2188 et
1525 2167 1667 2192 accurata,

881 2215 935 2234 non
966 2206 1117 2234 secundum
1151 2207 1202 2234 hos
1219 2207 1358 2240 homines,
1394 2208 1509 2235 scicntia
1525 2211 1665 2238 ornatos;

37 2252 186 2288 συνδέσμῳ
197 2253 267 2280 κατὰ
285 2254 335 2289 τὴν
350 2254 502 2288 δοξολογιαν
515 2255 561 2282 τὸν
574 2255 652 2289 λόγον
665 2256 824 2288 ἑνώσαντες,

919 2261 997 2281 orum
1013 2253 1059 2280 alii
1075 2253 1277 2287 praepositione,
1292 2253 1337 2280 alii
1363 2253 1558 2288 conjunctione
1571 2253 1597 2279 in
1608 2253 1669 2287 glo-

42 2298 125 2325 οὺδὲν
147 2299 277 2334 διάφορον
307 2300 384 2336 δρᾷν,
412 2300 450 2332 ὣς
467 2309 499 2334 γε
520 2301 588 2336 πρὸς
611 2302 662 2337 τὴν
675 2303 759 2337 ὀρθὴν
775 2303 828 2337 τῆς

36 2344 183 2376 εὐσεϐείας
195 2346 311 2378 ἔννοιαν,
329 2346 526 2382 ἐνομίσθησαν.

80 2433 226 2469 Εἰρηναῖος
241 2435 355 2467 ἐκεῖνος,
376 2435 424 2462 καὶ
446 2436 562 2472 Κλήμης
587 2436 601 2463 ὁ
625 2436 761 2470 Ῥωμαῖος
779 2438 828 2464 καὶ

38 2479 181 2511 Διονύσιος
202 2481 217 2506 ὸ
241 2479 388 2515 Ῥωμαῖος,
408 2483 455 2508 καὶ
482 2483 496 2508 ὁ
525 2482 717 2517 Ἀλεξανδρεὺς
733 2483 829 2509 Διονύ-

41 2531 113 2556 σιος,
130 2524 145 2550 ὃ
162 2525 210 2551 καί.
226 2525 378 2559 παράδοξον
393 2526 520 2560 ἀκοῦσαι,
537 2528 567 2554 ὲν
583 2529 615 2562 τῇ
631 2527 747 2563 δευτέρᾳ.
761 2529 829 2563 πρὸς

38 2571 90 2596 τὸν
105 2570 251 2606 ὁμώνυμον
265 2571 363 2598 ἑαυτοῦ
377 2573 507 2608 ἐπιστολῇ
527 2573 597 2607 Περί
624 2574 755 2609 ἐλέγχου
780 2575 829 2602 καὶ

37 2618 211 2652 ἀπολογίας
238 2617 311 2645 οὕτω
328 2617 376 2644 τὸν
402 2619 481 2653 λόγον
506 2620 654 2647 ἀνέπαυσε.
686 2621 787 2655 Γράψω
801 2621 828 2648 δὲ

38 2663 108 2698 ὑμῖν
122 2663 192 2690 αὐτὰ
206 2663 254 2690 τοῦ
267 2663 365 2699 ἀνδρὸς
380 2665 414 2691 τὰ
442 2666 564 2700 ῥήματα,
592 2666 721 2700 Τούτοις,
746 2670 825 2702 φησι,

37 2708 138 2736 πᾶσιν
159 2709 335 2742 ἀκολούθως
353 2709 402 2736 καὶ
417 2709 513 2744 ἡμεῖς,
538 2711 588 2738 καὶ
598 2711 635 2745 δὴ
667 2712 748 2746 παρὰ
769 2711 829 2739 τῶν

884 2300 1037 2327 riticatione
1055 2307 1210 2328 sermonem
1235 2300 1407 2334 copulantes,
1434 2300 1501 2326 nihil
1528 2299 1667 2326 diversum

885 2353 951 2373 sane
961 2346 1033 2380 quod
1046 2346 1079 2373 ad
1095 2351 1197 2374 rectam
1210 2347 1308 2374 attinet
1323 2346 1432 2381 pietatis
1448 2345 1668 2380 intelligentiam,

887 2391 1035 2419 existimati
1067 2396 1132 2418 sunt
1146 2391 1246 2418 facere.

918 2436 1039 2464 lrenmus
1069 2437 1123 2468 ille,
1153 2443 1180 2464 et
1205 2437 1330 2464 Clemens
1360 2436 1520 2469 Romanus,
1549 2441 1578 2462 et
1606 2435 1669 2462 Dio-

884 2483 979 2517 nysius
993 2482 1144 2516 Romanus,
1161 2486 1188 2510 et
1213 2482 1414 2509 Alexandrinus
1443 2482 1608 2516 Dionysius,
1639 2480 1668 2507 id

880 2527 953 2563 quod
980 2528 1062 2555 etiam
1087 2527 1180 2555 auditu
1195 2527 1295 2554 mirum
1309 2531 1360 2559 est,
1375 2526 1401 2553 in
1421 2526 1540 2553 secunda
1564 2525 1597 2552 ad
1614 2524 1667 2552 sibi

880 2573 1069 2609 cognominem
1108 2573 1222 2609 epistola
1258 2573 1296 2600 De
1316 2572 1483 2600 accusatione
1513 2580 1544 2598 ac
1574 2571 1664 2604 defen-

883 2620 966 2652 sione,
993 2619 1067 2646 hunc
1092 2619 1120 2646 in
1144 2620 1254 2646 modum
1287 2617 1376 2644 ﬁnivit
1390 2623 1553 2645 sermonem.
1579 2615 1667 2642 Tran-

883 2664 1000 2692 scribam
1013 2670 1103 2692 autem
1129 2665 1205 2693 vobis
1222 2664 1281 2699 ipsa
1296 2662 1415 2690 hominis
1437 2662 1529 2688 verba.
1546 2659 1596 2687 His
1609 2668 1666 2687 om-

887 2712 974 2743 nibus,
995 2712 1091 2746 inquit,
1108 2715 1278 2747 congruenter
1299 2715 1323 2738 et
1349 2718 1407 2742 nos,
1433 2710 1520 2744 forma
1538 2708 1618 2735 etiam
1637 2713 1672 2733 ac

77 2834 88 2851 ⁸
102 2834 113 2862 l
128 2834 190 2864 Cor.
204 2841 241 2870 xl,
258 2836 285 2864 2.
323 2836 333 2852 ²
349 2833 372 2862 ll
388 2835 484 2866 Thess.
499 2836 583 2870 tu”.
621 2836 631 2853 ³
646 2837 725 2865 Deut.
741 2845 796 2869 xix,
822 2844 824 2848 ί

924 2834 974 2863 Job
989 2842 1047 2869 vin,
1062 2836 1090 2866 9.
