1873 3076
24 120 88 155 805

516 117 704 148 l’ANOPLIA
723 116 951 146 DOGMATICA.
964 129 996 134 —
1015 117 1090 147 TlT.
1112 115 1180 147 XII.

1607 117 1661 148 806

22 195 105 219 γειν.
136 184 204 211 Ἀλλ’
226 184 285 211 οὐδὲ
314 183 474 220 ’Δφρικανδν
497 182 543 208 τὸν
568 183 761 219 ἱστοριογράφο·

922 178 1079 213 temporibus
1102 178 1252 212 Epitomes,
1274 182 1301 205 et
1328 179 1416 213 ipsum
1441 178 1476 205 ad
1499 179 1570 206 hunc
1588 180 1660 214 loqui

21 232 156 259 τοιοῦτον
171 228 240 262 εἶδος
252 230 301 265 τῆς
315 229 466 264 δοξολογίας
479 228 624 265 παρέλαϐε.
635 229 760 256 Φαίνεται
770 228 825 264 γὰρ

24 278 61 303 ὲν
84 276 126 312 τῷ
151 276 268 311 πέμπτῳ
288 275 336 310 τῆς
354 274 413 301 τῶν
434 275 552 309 χρόνων
578 274 733 309 Ἐπιτυμῆς
754 274 825 303 oi’mo

25 323 82 349 καὶ
108 322 189 353 αὐτὸς
211 321 314 355 λέγων’
345 320 443 355 Ἡμεῖς
467 320 521 355 γὰρ
544 321 570 347 οὶ
596 321 741 348 κάκείνων
766 320 824 348 τῶν

25 366 176 400 ῥημάτων
251 365 283 392 τὸ
301 364 411 399 μέτρον
428 365 630 399 ἐπιστάμενοι,
647 365 697 392 καί
710 365 765 399 τῆς
778 365 826 392 ,πί-ι

26 420 132 445 στεως
144 412 200 439 οὐκ
210 411 390 445 ἀγνοοῦντες
405 410 462 444 τὴν
475 411 572 445 χάριν,
589 411 826 446 εὐχαριστοῦμεν

28 458 75 490 τῷ
100 455 321 492 παρασχομένῳ
340 455 402 489 τοῖς
422 456 506 489 ιδίοις
521 456 592 490 ἡμῖν
611 456 700 490 Harp)
772 456 826 484 τὸν

29 502 97 529 τῶν
114 503 193 529 ὅλων
204 501 326 535 Σωτῆρα
339 501 388 528 καὶ
403 502 513 535 Κύριον
526 501 609 536 ’ἡμῶν
633 502 751 535 Ἰησοῦν
759 503 826 536 Χρι-

30 549 123 574 στόν·
136 543 160 580 ᾦ
175 547 194 580 ἡ
209 545 294 578 δόξα,
306 546 506 580 μεγαλωσύνη
518 545 579 572 σὺν
589 545 662 580 ἁγίῳ
677 546 825 579 Πνεύματι

30 595 80 625 εὶς
100 591 172 624 τοὺς
190 590 309 623 αἰῶνας.
328 589 367 615 Τὰ
387 590 435 624 μὲν
456 587 502 616 οὖν
522 589 588 616 ἄλλα
603 588 682 623 τυχὸν
699 589 745 614 καὶ
763 589 826 615 ἀπι-

34 637 172 672 πηθῆναι
189 636 312 667 δύναται,
331 635 348 670 ἢ
364 635 410 661 καὶ
427 634 635 670 μεταγραφέντα
651 634 824 669 δυσφώρατον

33 683 111 718 ἔχειν
129 683 179 717 τὴν
195 681 374 716 κακουργίαν,
390 682 418 707 ὲν
436 681 484 716 μιᾷ
502 680 618 715 συλλαϐῇ
634 681 682 715 τῆς
695 680 825 715 διαφορᾶς

34 728 224 764 ὑπαρχούσης·
234 727 252 755 ἃ
261 727 289 753 δὲ
301 726 345 753 διὰ
354 726 523 762 μακροτέρας
536 727 584 760 τῆς
598 725 696 757 λέξεως
707 725 824 761 παρεθέ-

36 774 120 809 μεθα,
130 774 177 800 καὶ
189 774 238 808 τὴν
247 772 390 807 ἐπιϐουλὴν
400 770 549 806 διαφεύγει,
557 771 603 797 καὶ
615 771 663 806 τὴν
674 771 825 806 μαρτυρίαν

32 820 84 846 ἀπ’
92 818 242 846 αὐτῶντῶν
256 818 475 854 συγγραμμάτων
483 817 670 843 εὑαπόδεικτον
679 816 744 851 ἔχει.
756 818 788 843 '0
797 816 825 843 δὲ

32 868 126 897 ἄλλως
138 867 186 902 μὲν
197 867 262 898 ἴσως
273 867 458 902 μικροπρεπὲς
470 865 503 903 ἦν
512 868 551 898 είς
561 867 643 902 μέσον
653 867 775 902 ἄγεσθαι,
787 867 826 902 τῷ

33 912 65 938 δὲ
76 912 253 946 καινοτομίαν
263 911 453 947 ἐγκαλουμένῳ
464 913 612 946 ἀναγκαῖον
623 912 663 944 είς
676 911 827 947 μαρτυρίαν

34 957 81 984 διὰ
89 958 136 984 τοῦ
144 957 239 993 χρόνου
248 957 295 992 τὴν
303 957 480 993 ἀρχαιότητα,
488 958 567 985 τοῦτο
575 957 606 994 δὴ
615 958 661 984 καὶ
670 957 826 993 προσθήσω.

37 1004 134 1036 Ἔδοξε
149 1005 205 1036 τοῖς
219 1004 352 1039 πατράσιν
369 1004 449 1039 ἡμῶν
468 1004 505 1040 μὴ
523 1006 611 1040 σιωπῇ
622 1005 672 1040 τὴν
691 1004 769 1040 χάριν
781 1005 827 1031 τοῦ

35 1049 183 1084 ἑσπερινοῠ
193 1049 281 1083 φωτὸς
335 1049 469 1084 δέχεσθαι,
482 1050 539 1077 ἀλλ’
550 1050 631 1082 εὐθὺς
641 1050 771 1084 φανέντος
785 1050 828 1076 εὑ-

38 1097 189 1131 χαριστείν.
197 1095 252 1122 Καὶ
258 1095 331 1127 ὅστις
341 1095 390 1130 μὲν
397 1096 411 1122 ὁ
418 1095 508 1131 πατὴρ
517 1095 571 1122 τῶν
578 1096 708 1131 ῥημάτων
716 1096 828 1123 ἐκείνων

35 1141 89 1175 τῆς
102 1140 254 1175 ὲπιλυχνίου
265 1141 449 1176 εὐχαριστίας,
462 1142 548 1167 εἰπεῖν
560 1141 609 1167 οὐκ
620 1141 727 1177 ἔχομεν’
741 1143 755 1168 ὁ
768 1141 829 1177 μέν·

36 1194 82 1212 τοι
93 1186 156 1217 λαὸς
166 1185 281 1221 ἀρχαίαν
291 1186 387 1222 ἀφίησι
395 1186 443 1221 τὴν
452 1186 554 1222 φωνὴν,
563 1187 609 1213 καὶ
621 1187 707 1213 οὐδενί
719 1187 827 1214 πώποτε

37 1232 150 1260 ἀσεϐεῖν
166 1232 346 1267 ἐνομίσθησαν
360 1232 385 1258 οἱ
395 1232 528 1266 λέγοντες
540 1233 688 1267 Αινοῦμεν
700 1233 825 1267 Πατέρα,

38 1277 91 1304 καὶ
106 1277 182 1308 Υἱὸν.
197 1277 246 1304 καὶ
256 1277 341 1311 ᾶγιοιν
350 1278 472 1313 Πνεῦμα
485 1278 570 1305 Θεοῦ.
584 1278 615 1305 Εἰ
627 1278 655 1305 δέ
667 1287 708 1310 τις
725 1279 827 1306 καὶτὸν

38 1323 126 1358 ὕμνον
156 1322 347 1358 Ἀθηνογένους
373 1323 453 1357 ἔγνω,
477 1324 506 1351 ὃν
525 1323 620 1359 ὥσπερ
645 1333 670 1351 τι
695 1324 827 1360 ἀλεξητή-

39 1376 101 1403 ριον
171 1368 227 1399 τοῖς
252 1367 376 1395 συνοῦσιν
401 1368 477 1403 αὐτῷ
503 1368 707 1398 καταλέλοιπεν.
734 1369 827 1404 ὁρμῶν

37 1413 91 1448 ἤδη
112 1412 180 1448 πρὸς
193 1413 243 1448 τὴν
262 1413 305 1439 διὰ
321 1413 405 1449 πυρὸς
421 1414 570 1446 τελείωσιν,
584 1413 639 1441 οἶδε
653 1415 700 1441 καὶ
713 1414 762 1450 τὴν
774 1414 828 1440 τῶν

40 1457 188 1492 μαρτύρων
204 1457 315 1493 γνώμην
331 1458 404 1489 ὅπως
420 1457 493 1493 εἶχον
508 1459 571 1495 περὶ
591 1459 638 1485 τοῦ
656 1459 825 1494 [Ινεύματος.

38 1503 96 1529 Καὶ
106 1503 191 1529 ταῦτα
211 1502 260 1538 μὲν
273 1503 313 1534 είς
326 1503 464 1530 τοσοῦτον.

141 1549 289 1585 Γρηγόριον
315 1549 343 1575 δὲ
368 1549 413 1576 τὺν
440 1549 545 1584 Μέγαν,
572 1551 619 1577 καὶ
644 1549 693 1582 τὰς
720 1541 824 1577 ἐκείνου
843 1543 864 1571 C

39 1594 133 1629 φωνὰς
151 1593 201 1620 ποῦ
222 1594 359 1630 θήσομεν;
381 1592 424 1630 ἄρ’
444 1595 505 1630 οὐχὶ
522 1595 590 1630 μετὰ
603 1595 656 1622 τῶν
670 1595 827 1622 ἀποστόλων

39 1639 88 1665 καὶ
107 1638 270 1674 προφητῶν;
291 1638 376 1674 ἄνδρα
394 1638 433 1674 τῷ
456 1638 530 1674 αὑτῷ
554 1639 691 1675 Πνεύματι
713 1640 827 1671 ἐκείνοις

39 1685 266 1720 περιπατήσαντα
283 1701 291 1714 ,
357 1685 404 1711 καὶ
423 1686 480 1716 τοῖς
501 1684 555 1712 τῶν
577 1685 662 1720 ἁγίων
681 1685 764 1721 ἴχνεσι
784 1686 828 1713 διὰ

38 1728 141 1759 παντὸς
159 1728 206 1755 τοῦ
229 1728 286 1764 βίου
308 1729 499 1764 στοιχήσαντα,
519 1730 567 1756 καὶ
584 1730 633 1765 τῆς
649 1730 829 1766 εὐαγγελικῆς

40 1773 180 1806 πολιτείας
195 1774 226 1801 τὸ
245 1774 357 1810 ἀκριϐὲς
382 1774 427 1801 διὰ
454 1775 544 1810 πάσης
571 1775 654 1802 αὑτοῦ
681 1776 730 1811 τῆς
756 1776 828 1811 ζωῆς

38 1818 262 1854 κατορθώσαντα,
289 1819 360 1854 Ἐγὼ
377 1819 426 1855 μὲν
442 1819 521 1846 τοῦτο
541 1829 622 1856 φημι·
644 1819 683 1848 Ἦ
703 1822 829 1857 ἀδικήσο-

39 1873 92 1900 μεν
110 1865 158 1899 τὴν
172 1865 311 1901 ἀλήθειαν,
326 1865 363 1902 μὴ
378 1868 434 1899 τοῖς
447 1867 629 1903 ᾠκειωμένοις
645 1867 703 1902 Θεῷ
715 1867 763 1902 τὴν
777 1867 828 1902 ψυ-

38 1911 91 1946 χὴν
114 1911 219 1946 ἐκείνην
247 1912 483 1948 συναριθμοῦντες,
510 1912 566 1941 οἷόν
591 1922 652 1940 τινα
678 1913 828 1949 λαμπτῆρα

39 1957 177 1992 περιφανῆ
198 1957 284 1992 μέγαν
299 1959 328 1984 ὲν
347 1960 379 1994 τῇ
405 1959 553 1996 Ἐκκλησία
570 1959 617 1986 τοῦ
632 1959 700 1986 Θεοῦ
714 1959 828 1994 διαλάμ-

39 2003 139 2037 ψαντα·
156 2002 185 2035 ὃς
203 2003 317 2039 φοϐερὸν
342 2004 391 2039 μὲν
410 2003 482 2040 εῖχεν
496 2006 529 2032 ἐκ
541 2006 590 2041 τῆς
606 2005 653 2033 τοῦ
671 2005 829 2041 Πνεύματος

41 2048 186 2084 συνεργίας
204 2049 275 2076 κατὰ
298 2050 433 2085 δαιμόνων
459 2051 490 2078 τὺ
509 2052 620 2087 κράτος
644 2052 776 2087 τοσαύτην
798 2052 827 2078 δὲ

22 2098 29 2105 '
39 2092 121 2119 ἔλαϐε
139 2093 185 2119 τοῦ
205 2093 283 2127 λόγου
298 2095 347 2129 τὴν
369 2095 449 2130 χάριν
472 2097 511 2127 είς
526 2096 649 2131 ὑπακοὴν
665 2097 784 2128 πίστεως
799 2098 827 2122 ὲν

38 2139 97 2169 τοῖς
113 2137 226 2170 ἔθνεσιν,
240 2138 321 2172 ὥστε,
335 2140 516 2168 ἑπτακαίδεκα
535 2142 631 2177 μόνους
649 2143 827 2178 Χριστιανοὺς

41 2183 218 2218 παραλαϐὼν,
239 2184 299 2211 ὃλον
319 2185 364 2212 τὸν
387 2186 451 2213 λαὸν
472 2187 517 2214 τόν
540 2196 569 2213 τε
589 2188 698 2214 ἀστικὸν
721 2188 826 2214 καὶτὸν

40 2229 185 2263 χωριτικὺν
200 2230 244 2256 διὰ
259 2230 309 2265 τῆς
325 2231 497 2266 ἐπιγνώσεως
521 2235 678 2268 προσήγαγε
697 2233 736 2269 τῷ
756 2233 824 2269 Θεῷ,

45 2273 164 2305 Ἐκεῖνος
181 2275 226 2301 καὶ
241 2275 370 2311 ποταμῶν
432 2277 527 2313 ῥεῖθρα
542 2278 715 2313 μετέστησεν,
731 2279 825 2305 ἐπιτά-

40 2318 89 2349 ξας
110 2319 200 2351 αὐτοῖς
218 2321 247 2346 ὲν
268 2320 306 2355 τῷ
320 2321 432 2357 ὀνόματι
449 2322 487 2358 τῷ
503 2323 614 2359 μεγάλῳ
635 2324 681 2351 τοῦ
696 2325 825 2360 Χριστοῦ·

39 2363 88 2389 καὶ
115 2363 211 2398 λίμνην
236 2363 366 2399 ἐξήρανεν
396 2366 523 2394 ὑπόθεσιν
550 2367 666 2403 πολέμου
691 2369 825 2404 φέρουσαν

39 2407 165 2441 ἀδελφοῖς
180 2409 363 2442 πλεονέκταις.
376 2411 409 2437 Δί
427 2411 455 2438 δὲ
473 2411 527 2438 τῶν
543 2412 692 2447 μελλόντων
707 2422 825 2449 προαγο-

41 2451 148 2486 ρεύσεις
166 2452 299 2485 τοιαῦται,
313 2453 351 2485 ὡς
368 2455 450 2490 μηδὲν
466 2456 520 2483 τῶν
534 2456 621 2484 ἄλλων
635 2458 744 2484 ἀποδεῖν
758 2467 825 2494 προ-

39 2496 143 2532 φητῶν.
162 2498 218 2524 Καὶ
229 2498 297 2531 ὅλως
317 2501 421 2536 μακρὸν
441 2501 474 2528 ἂν
490 2501 532 2537 εἴη
547 2502 594 2529 τοῦ
613 2503 708 2538 ἀνδρὸς
723 2503 825 2539 διηγεῖ-

40 2544 104 2570 σθαι
116 2544 151 2570 τὰ
167 2544 303 2580 θαύματα,
321 2546 350 2578 ὃς
361 2548 394 2582 τῇ
410 2547 545 2584 ὑπερϐολῇ
556 2548 610 2575 τῶν
621 2549 649 2575 ἐν
660 2549 733 2584 αὺτῷ
745 2558 825 2586 χαρι-

40 2589 161 2624 σμάτων,
177 2590 232 2617 τῶν
250 2591 453 2627 ἐνεργουμένων
475 2593 528 2620 ὑπὸ
547 2593 595 2620 τοῦ
615 2593 772 2629 Πνεῦματος
795 2596 824 2622 ὲν

39 2634 114 2668 πάσῃ
137 2634 249 2670 δυνάμει
272 2637 318 2663 καὶ
341 2637 464 2672 σημείοις
489 2638 536 2665 καὶ
564 2637 670 2673 τέρασι,
698 2638 823 2675 δεύτερος

38 2679 158 2714 Μωῦσῆς
172 2680 236 2715 παρ’
252 2681 341 2708 αὐτῶν
355 2682 409 2709 τῶν
431 2682 536 2718 ἐχθρῶν
565 2683 616 2718 τῆς
630 2683 757 2718 ἀληθείας
773 2685 823 2711 ἅν-

38 2725 184 2759 ηγορεύετο
195 2726 245 2761 (7).
270 2727 362 2759 Οὕτως
376 2728 450 2763 αὐτῷ
463 2729 492 2755 ὲν
511 2729 592 2756 παντὶ
604 2729 675 2764 λόγῳ
690 2730 737 2756 καὶ
750 2730 823 2765 ἔργῳ

39 2771 93 2797 τῶν
104 2771 323 2808 ἐπιτελουμένων
339 2773 384 2800 διὰ
393 2773 441 2809 τῆς
459 2774 569 2809 χάριτος
584 2770 640 2800 οἷον
657 2782 683 2800 τι
700 2773 759 2807 φῶς
774 2775 824 2800 ὲπ-

38 2817 156 2853 έλαμπε,
174 2819 288 2854 μήνυμα
300 2819 347 2854 si];
364 2820 491 2855 οὐρανίου
499 2820 654 2855 δυνάμεως,
664 2819 715 2855 τῆς
729 2821 760 2847 ἐκ
773 2820 819 2847 τοῦ

876 225 986 252 modum
1007 234 1013 251 :
1036 223 1094 251 Nos
1116 225 1185 251 enim
1208 225 1253 258 qui
1277 228 1302 251 et
1326 224 1434 251 illorum
1525 225 1662 252 verborum

877 270 985 298 modum
1010 269 1170 302 didicimus,
1197 277 1242 296 nec
1263 269 1415 304 ignoramus
1441 270 1503 304 ﬁdei
1528 271 1660 305 gratiam,

875 315 977 351 gratias
986 315 1089 349 agimus
1100 314 1186 345 Patri,
1202 314 1247 348 qui
1256 314 1330 341 nobis
1340 315 1395 341 suis
1407 315 1536 341 creaturis
1550 315 1663 349 pra-ﬁuit

875 362 1057 388 universarum
1070 360 1235 388 Saluatorem
1248 369 1279 387 ac
1291 361 1433 388 Dominum
1442 367 1561 388 nostrum
1571 361 1663 389 Iesum

876 405 1022 438 Christum,
1035 406 1077 432 cui
1085 406 1182 441 gloria,
1200 394 1327 440 majesfas
1336 415 1396 433 cum
1409 411 1502 433 sancto
1517 407 1618 441 Spiritu
1635 409 1663 434 in

875 451 984 478 secula.
1001 451 1036 477 At
1053 451 1086 478 de
1097 451 1204 478 exteris
1223 451 1350 478 fortassis
1367 451 1485 478 dubitari
1495 452 1598 486 possit,
1617 457 1664 479 aut

876 497 950 524 credi
967 497 1073 532 possint
1093 497 1236 523 immutata
1254 504 1312 524 eam
1337 497 1472 524 rationem
1496 498 1614 529 habere,
1635 502 1665 524 ut

876 543 952 570 fraus
961 551 1032 578 aegre
1047 542 1213 577 deprehendi
1228 543 1325 577 possit,
1342 550 1404 569 cum
1418 543 1444 569 in
1462 543 1543 570 unica
1559 543 1664 578 syllaba

876 590 995 625 positum
1014 589 1050 615 sit
1065 589 1223 617 discrimen.
1238 588 1339 616 Verum
1354 597 1414 623 qua:
1434 589 1559 624 pluribus
1571 589 1662 616 verbis

876 636 948 663 dicta
964 636 1109 663 citavimus
1122 656 1128 668 ,
1149 644 1180 663 ea
1201 644 1250 663 nec
1270 636 1386 663 insidias
1401 635 1567 667 admittunt,
1586 640 1613 662 et
1629 635 1664 662 ab

876 681 944 717 ipsis
971 682 1050 709 libris
1076 686 1198 716 paratum
1223 682 1324 709 habent
1351 681 1547 709 testimonium.
1574 680 1662 708 Porro

876 729 948 764 quod
969 729 1069 763 alioqui
1088 729 1213 756 fortassis
1237 728 1369 755 humilius
1388 728 1467 759 foret,
1485 734 1566 761 quam
1583 731 1612 753 ut
1631 727 1660 753 il

876 775 994 802 medium
1011 775 1172 807 adducatur,
1190 774 1237 801 sed
1259 774 1283 801 ei
1311 778 1401 801 tamen
1422 774 1468 808 qui
1490 773 1523 800 de
1539 773 1660 800 novitate

876 825 1031 853 accusatur,
1046 821 1162 855 perutile
1176 825 1284 855 propter
1298 821 1431 854 temporis
1453 819 1659 854 antiquitatem,

847 856 929 892 Bhoe
951 873 1062 901 quoque
1086 873 1160 892 nunc
1187 866 1342 899 atljicimus.
1361 865 1455 892 Visum
1476 869 1517 892 est
1537 866 1662 899 patribus

877 912 995 945 nostris,
1013 912 1163 947 vespertini
1182 911 1295 938 luminis
1314 911 1430 946 gratiam
1447 910 1662 944 haudquaquam

877 958 985 985 silentio
1009 958 1148 992 accipere,
1171 958 1218 984 sed
1242 965 1303 983 mox
1320 961 1348 983 ut
1364 957 1488 991 apparuit
1506 964 1585 991 agere
1600 964 1662 992 gra-

877 1004 940 1031 tias.
959 1004 1026 1037 Quis
1046 1007 1136 1030 autem
1160 1003 1242 1030 fuerit
1257 1008 1353 1030 auctor
1368 1003 1474 1030 illorutn
1497 1003 1662 1037 verborum,

877 1057 937 1084 qua).
960 1049 1090 1076 dicuntur
1112 1049 1140 1076 in
1161 1049 1311 1084 gratiarum
1335 1049 1443 1076 actione
1466 1048 1499 1075 ad
1523 1049 1660 1080 lucernas.

879 1095 971 1122 dicere
999 1096 1054 1122 non
1085 1102 1241 1129 possumus.
1266 1094 1387 1128 Populus
1409 1099 1500 1121 tamen
1519 1096 1661 1130 antiquam

878 1139 982 1174 profert
1001 1147 1113 1172 vocem,
1133 1148 1222 1174 neque
1244 1141 1370 1174 cuiquam
1392 1149 1510 1175 unquam
1528 1142 1578 1169 visi
1599 1145 1662 1169 sunt

878 1185 1044 1220 impietatem
1075 1186 1257 1217 ('onnnittere,
1284 1187 1332 1221 qui
1365 1187 1477 1219 dicunt,
1507 1187 1661 1214 Laudamus

878 1229 986 1257 Patrem
1005 1236 1029 1257 et
1053 1230 1154 1257 Filium
1177 1237 1203 1258 et
1220 1231 1348 1265 Spiritum
1372 1238 1493 1259 sanctum
1508 1232 1567 1261 Dei.
1584 1233 1661 1266 Quod

877 1274 900 1301 si
922 1275 985 1309 quis
999 1276 1082 1302 etiam
1108 1277 1183 1302 novit
1205 1276 1389 1311 Athenogenis
1413 1278 1559 1312 hymnum,
1580 1286 1660 1312 quem

877 1323 1006 1355 tanquam
1020 1322 1129 1355 aliquod
1142 1323 1290 1349 amuletum
1309 1323 1451 1358 discipulis
1467 1324 1524 1351 suis
1538 1324 1661 1358 reliquit,

877 1367 1011 1395 festinans
1030 1367 1086 1402 jam
1109 1368 1142 1394 ad
1161 1369 1423 1396 consummationem
1448 1378 1495 1404 per
1511 1370 1618 1404 ignem;
1640 1370 1663 1397 is

876 1413 954 1439 novit
970 1417 997 1445 ct
1015 1417 1166 1448 martyrum
1191 1415 1354 1441 sententiam
1371 1414 1404 1442 de
1427 1415 1539 1450 Spiritu.
1558 1415 1589 1442 Et
1604 1416 1663 1443 haec

876 1457 985 1492 quidem
1004 1457 1150 1486 hactenus.

972 1545 1106 1573 Caeterum
1124 1546 1284 1582 Gregorium
1300 1549 1438 1584 Magnum,
1454 1555 1481 1578 et
1497 1551 1570 1579 illius
1580 1559 1662 1581 voces

878 1598 934 1625 quo
958 1591 1019 1619 loco
1031 1593 1148 1627 ponam?
1163 1601 1252 1621 annon
1270 1602 1331 1621 cum
1351 1596 1482 1630 apostolis
1500 1601 1527 1623 et
1544 1598 1662 1632 prophe-

877 1637 932 1669 tis?
947 1638 1034 1666 virum
1050 1639 1096 1673 qui
1111 1639 1206 1666 eodem
1222 1639 1324 1674 Spiritu
1334 1649 1388 1675 quo
1402 1641 1441 1668 illi
1453 1648 1588 1674 versatus,
1601 1643 1661 1678 qui-

877 1690 931 1718 que
947 1687 1106 1711 sanctorum
1118 1685 1241 1719 vestigiis
1257 1693 1305 1720 per
1317 1694 1425 1714 omnem
1443 1688 1525 1714 vitam
1541 1688 1660 1720 inha‘sit,

878 1727 981 1763 quique
1002 1729 1166 1763 evangelicae
1182 1731 1398 1759 conversationis
1415 1734 1552 1767 vigerent,
1575 1741 1662 1768 quau-

878 1773 1015 1807 diu‘vixit,
1031 1775 1170 1808 praestitit.
1187 1775 1316 1811 Equidem
1339 1777 1391 1804 hoc
1407 1777 1524 1804 dixerim
1538 1787 1544 1805 :
1562 1778 1662 1813 lnjuria

878 1818 1050 1847 aﬂecerimus
1065 1821 1218 1852 veritatem,
1235 1821 1257 1848 si
1274 1830 1329 1849 non
1344 1823 1462 1849 animam
1479 1823 1553 1850 illam
1573 1831 1663 1850 annu-

878 1872 1014 1893 meremus
1029 1866 1064 1893 iis
1078 1866 1125 1900 qui
1141 1866 1196 1894 Deo
1206 1867 1297 1902 juncti
1313 1872 1388 1900 sunt,
1402 1869 1448 1903 qui
1460 1869 1533 1896 velut
1548 1870 1664 1906 insignis

879 1917 1030 1945 magnaque
1043 1911 1154 1939 lucerna
1175 1912 1203 1939 in
1220 1913 1342 1941 Ecclesia
1356 1914 1403 1941 Dei
1418 1915 1598 1950 resplenduit,
1616 1917 1663 1951 qui

878 1963 893 1983 e
909 1955 1028 1990 Spiritus
1045 1965 1096 1992 ope
1117 1959 1287 1986 tremendam
1303 1960 1397 1987 habuit
1413 1960 1546 1989 adversus
1560 1961 1662 1990 daemo-

877 2009 928 2030 nes
952 2006 1115 2036 potestatem
1133 2013 1140 2037 ;
1157 2008 1260 2032 tantam
1287 2013 1354 2033 vero
1385 2008 1521 2034 sermonis
1547 2008 1664 2042 gratiam

878 2053 1022 2082 acceperat
1045 2048 1080 2076 ad
1107 2050 1290 2078 obedientiam
1313 2051 1375 2079 ﬁdei
1405 2052 1477 2080 inter
1502 2058 1612 2088 gentes,
1634 2059 1664 2082 ut

878 2095 999 2128 acceptis
1024 2103 1078 2122 non
1103 2096 1165 2130 plus
1189 2097 1385 2131 septemdecim
1411 2098 1575 2127 Christianis
1600 2102 1663 2128 uni-

879 2147 988 2167 versum
1012 2141 1142 2176 populum
1159 2146 1186 2169 et
1209 2143 1346 2174 urbanum
1370 2147 1398 2171 et
1421 2146 1593 2174 rusticanum
1617 2155 1666 2182 per

879 2185 1044 2220 agnitionem
1058 2186 1216 2221 adiunxerit
1231 2181 1299 2215 Deo.
1314 2188 1361 2216 llle
1372 2194 1399 2217 et
1415 2190 1559 2219 fluminum
1577 2181 1664 2228 aquas

878 2230 904 2257 in
922 2230 1058 2258 diversum
1077 2233 1168 2265 vertit,
1184 2235 1346 2270 pmcipiens
1361 2235 1415 2264 illis
1440 2237 1466 2264 in
1493 2246 1592 2274 magno
1611 2247 1663 2267 no-

878 2277 951 2304 mine
965 2277 1083 2310 Christi,
1100 2283 1127 2306 et
1149 2280 1276 2314 paludem
1292 2282 1452 2316 exsiccavit,
1469 2283 1532 2311 belli
1550 2293 1662 2314 causam

878 2322 1040 2356 praebentem
1056 2322 1189 2352 fratribus
1205 2326 1306 2354 avaris.
1323 2327 1455 2355 Cit-terum
1470 2330 1664 2363 praedictiones

877 2365 911 2392 de
924 2365 1022 2394 futuris
1040 2367 1175 2401 ejusmodi
1191 2374 1271 2403 sunt,
1287 2375 1315 2398 ut
1331 2371 1416 2399 nihilo
1431 2373 1467 2400 sit
1483 2374 1596 2403 inferior
1610 2385 1663 2405 cae-

878 2411 943 2438 teris
960 2411 1108 2446 prophetis.
1134 2412 1188 2441 Sed
1211 2416 1324 2443 omnino
1338 2417 1495 2453 perlongum
1511 2419 1592 2448 fuerit
1610 2423 1662 2450 viri

878 2464 1041 2490 percensere
1055 2459 1188 2486 miracula
1202 2469 1209 2488 :
1229 2461 1276 2495 qui
1294 2466 1406 2497 propter
1422 2463 1555 2492 donorum
1571 2468 1660 2494 excel-

877 2501 987 2529 lentiam
1007 2511 1069 2538 quae
1089 2504 1117 2531 in
1138 2505 1198 2540 ipso
1219 2507 1383 2541 operabatur
1405 2508 1524 2544 Spiritus
1544 2511 1571 2538 in
1585 2514 1660 2540 onmi

874 2546 976 2574 virtute
1002 2551 1029 2575 et
1054 2548 1141 2584 signis
1161 2557 1193 2577 ac
1217 2551 1365 2586 prodigiis,
1391 2553 1425 2580 ab
1447 2554 1514 2589 ipsis
1537 2557 1662 2585 veritatis

875 2592 1000 2621 hostibus
1019 2594 1087 2622 alter
1110 2594 1198 2623 Moses
1282 2598 1480 2632 appellabatur.
1506 2600 1534 2628 ln
1552 2606 1659 2632 tantum

876 2638 904 2666 in
922 2638 970 2666 illo
984 2639 1013 2666 in
1027 2641 1156 2669 omnibus
1172 2645 1230 2669 tum
1251 2641 1333 2671 dictis
1347 2647 1404 2671 tum
1425 2644 1519 2678 factis,
1536 2655 1596 2682 quae
1613 2657 1662 2684 per

873 2685 989 2720 gratiam
1005 2687 1216 2721 peragebantur,
1229 2688 1311 2716 veluti
1327 2689 1416 2718 lumen
1431 2691 1566 2727 quoddam
1578 2695 1660 2722 reful-

874 2729 965 2763 gebat,
989 2730 1109 2759 caelestis
1130 2732 1239 2760 virtutis
1258 2733 1398 2768 indicium,
1419 2743 1480 2770 quae
1499 2743 1532 2763 ex
1552 2739 1661 2767 occulto

875 2775 1064 2804 assectabatar
1090 2778 1272 2814 ilIumJIujus
1285 2779 1373 2807 adhuc
1391 2780 1539 2808 etiamnum
1559 2788 1658 2816 magna

875 2827 915 2849 est
930 2823 1001 2858 apud
1013 2823 1073 2858 ejus
1090 2824 1209 2859 regionis
1221 2825 1345 2853 homines
1360 2825 1520 2860 admiratio,
1534 2834 1660 2862 novaque
