1873 3076
193 126 245 156 807

197 199 228 219 ac
244 197 352 226 semper
374 197 471 218 recens
488 189 618 217 memoria
634 189 674 216 sic
690 188 772 215 ittlixa
786 193 828 215 cst
841 188 982 222 Etft'lcslis,
998 194 1018 219 A

197 242 226 264 ιιι
241 237 317 264 nullo
338 240 461 271 tempore
487 235 651 262 obsolescat.
679 233 773 268 Itaque
800 242 854 261 non
882 234 983 262 factum

196 282 318 317 aliquod,
336 289 389 309 non
399 282 520 312 dictum,
536 288 589 308 non
614 281 695 308 ritum
720 280 804 308 ullum
821 281 964 316 mysticum
975 301 982 313 ,

198 327 268 354 ultra
285 333 366 361 quant
385 326 429 353 ille
445 326 566 360 reliquit,
581 325 710 353 Ecclesiae
723 325 893 360 adjecerunt.
912 326 986 359 Qua-

198 375 309 406 propter
322 371 404 399 etiam
418 371 503 397 multa
520 378 553 397 ex
566 370 609 398 his
620 378 680 406 qute
695 370 767 406 apud
784 371 845 398 illos
856 376 984 406 agttntur,

198 417 358 453 imperfecta
388 425 450 444 esse
481 417 624 445 videnlur.
658 423 769 452 propter
803 417 986 446 institutionis

198 463 398 497 antiquitatem.
419 461 486 488 Nam
503 461 550 496 qui
566 462 593 487 in
607 460 793 489 Ecclesiarum
807 462 985 490 administra-

198 508 299 535 tionem
319 510 529 538 successerant,
554 506 620 533 nihil
641 514 672 533 ex
691 506 733 533 his
752 514 812 542 qua:
831 511 892 542 post
908 508 984 535 illum

199 552 352 586 excogitata
373 555 453 583 sunt,
474 551 534 578 loco
549 551 728 578 additamenti
748 551 894 579 voluerunt
916 553 984 580 reci—

198 604 271 631 pere.
289 596 377 623 Unum
392 597 483 631 itaque
494 604 527 623 ex
543 595 820 632 Gregorii'institutis
836 600 887 628 est,
903 598 985 624 etiam

199 640 244 667 ille
267 640 324 675 ipse
340 632 549 675 gioriiicationis
567 640 680 673 modus,
699 640 744 667 cui
762 648 834 668 nunc
849 642 986 669 contradi-

200 687 281 718 citur,
298 695 332 714 cx
356 687 429 714 illius
454 687 599 715 traditione
622 688 650 714 in
675 687 796 716 Ecclesia
820 690 984 718 custoditus.

200 730 254 758 Nec
265 731 380 757 multum
397 730 478 757 fuerit
489 731 601 765 negotii,
614 731 650 764 ei,
669 732 716 766 qui
734 733 786 760 iter
798 733 879 761 breve
893 741 987 762 susce-

676 127 862 158 PANUPLIA
884 128 1112 159 DOGMATICA.
1132 140 1165 146 —
1185 128 1259 158 TlT.
1282 127 1350 158 XII-

1785 130 1833 162 $03

1034 195 1154 229 ἀφανοῦς
1167 196 1361 232 παρεπομένης
1373 195 1456 230 αὐτῷ.
1468 194 1569 222 Τούτου
1583 195 1655 230 μέγα
1667 195 1709 222 ἔτι
1723 197 1776 223 καὶ
1786 196 1832 223 νῦν

1034 242 1091 273 τοῖς
1103 242 1244 278 ἐγχωρίοις
1259 242 1290 268 τὸ
1306 241 1409 276 θαῦμα,
1425 242 1472 268 καὶ
1482 242 1567 278 νεαρὰ
1579 243 1626 269 καὶ
1640 242 1685 268 ἀεὶ¹
1703 242 1833 277 πρόσφα-

1035 295 1081 319 τος
1094 288 1110 322 ή
1128 289 1221 323 μνήμη
1235 288 1295 319 ταῖς
1316 287 1488 322 Ἐκκλησίαις
1505 287 1653 322 ἐνίδρυται,
1667 287 1761 313 οὐδενὶ
1773 287 1834 323 χῴ

1034 341 1072 367 νῳ
1087 332 1292 367 ἀμαυρουμένη.
1312 331 1416 358 Οὔκοῦν
1430 332 1460 357 οὐ
1480 332 1579 366 πρᾶξίν
1599 341 1671 365 τινα,
1689 332 1724 359 οὐ
1740 332 1832 365 λόγον,

1035 378 1065 404 οὺ
1076 377 1159 404 τύπον
1169 377 1230 404 τινὰ
1246 377 1387 412 μυστικὸν,
1399 377 1463 413 παρ’
1475 377 1504 403 ὃν
1515 378 1616 409 ἐκεῖνος
1683 378 1832 410 κατέλιπε,

1035 425 1068 458 τῇ
1092 423 1238 458 Ἐκκλησία
1255 422 1438 458 προσέθηκαν.
1455 423 1545 457 Ταύτῃ
1562 431 1603 449 τοι
1613 426 1662 450 καὶ
1675 423 1832 450 πολλὰτιῖη

1035 467 1100 503 παρ’
1112 467 1203 498 αὐτοῖς
1216 467 1387 502 τελουμένων
1403 467 1533 499 ἐλλειπῶς
1551 467 1622 502 ἔχειν
1639 467 1720 495 δοκεῖ
1741 468 1788 494 διὰ
1803 469 1831 495 τὸ
1872 467 1873 483 ί

1035 513 1084 547 τῆς
1097 511 1290 543 καταστάσεως
1301 512 1507 546 ἀρχαιότροπον.
1521 512 1603 539 Οὐδὲν
1613 513 1670 548 γὰρ
1681 514 1830 549 ἠνέσχοντο

1035 559 1060 585 οἱ
1084 559 1155 585 κατὰ
1180 558 1304 592 διαδοχὴν
1328 557 1378 588 τὰς
1405 557 1567 592 Ἐκκλησίας
1597 558 1830 594 οίκονομήσαντες

1035 604 1090 631 τῶν
1111 605 1169 639 μετ’
1196 605 1298 631 ἐκεῖνον
1325 603 1524 639 ὲφευρεῦέντων
1551 604 1764 639 παραδέξασθαι
1792 606 1830 637 εἰς

1037 650 1206 686 προσθήκην.
1225 649 1272 675 Ἐν
1286 648 1376 675 τοίνυν
1389 648 1443 674 τῶν
1455 648 1474 674 Γ
1478 649 1604 685 ρηγορίου
1621 649 1673 675 καὶ
1690 651 1704 676 ὁ
1723 650 1774 676 νῦν
1784 652 1829 677 ἀν-

1036 695 1207 730 τιλεγόμενος
1227 694 1326 730 τρόπος
1352 693 1402 728 τῆς
1424 693 1578 729 δοξολογίας
1606 695 1695 727 ἐστὶν,
1721 697 1756 722 ἐκ
1782 697 1830 731 τῆς

1037 742 1141 768 ἐκείνου
1168 742 1344 777 παραδόσεως
1367 745 1400 778 τῇ
1431 741 1578 777 Ἐκκλησία
1605 743 1827 777 πεφυλαγμένος.

200 777 279 812 perit,
296 784 378 811 super
395 776 436 804 his
452 777 644 804 certitudinem
663 778 798 812 accipere.
812 778 888 806 llanc
905 779 967 806 ﬁdei

1077 786 1092 812 εὶ
1108 787 1137 812 οὐ
1158 787 1241 818 πολὺς
1258 788 1271 814 ὁ
1287 788 1368 819 πόνος
1387 787 1483 823 μικρὸν
1498 787 1634 822 κινηθέντι
1646 787 1698 823 τὴν
1711 789 1760 814 ἐπὶ
1770 790 1828 815 τοὺ-

200 826 226 849 et
251 820 409 847 Firlniliano
435 825 530 848 nostro
555 820 656 855 fuisse,
675 826 810 849 testantur
837 823 899 850 libri
916 831 986 858 quos

201 866 320 901 reliquit.
344 865 457 901 Insuper
479 870 505 892 ct
530 866 666 894 Melelium
691 867 767 895 illum
795 867 986 896 admirandum

202 911 229 937 in
246 911 339 938 cadent
362 910 448 938 fuisse
470 910 622 942 sententia,
645 917 759 939 narrant
778 913 824 947 qui
849 921 912 940 cum
940 914 987 941 illo

201 957 338 984 vixerunt.
353 956 407 983 Sed
421 956 485 991 quid
499 964 568 991 opus
582 960 624 984 est
645 962 736 985 vetera
753 960 988 987 commemorare?

201 1003 249 1031 sed
264 1007 291 1030 et
306 1010 379 1030 nunc
395 1003 422 1029 in
437 1002 558 1034 Oriente,
572 1010 662 1030 nonne
679 1003 731 1031 hoc
745 1011 800 1031 uno
813 1005 986 1039 potissimum

200 1056 248 1076 eos
270 1048 316 1083 qui
340 1049 384 1083 pie
410 1049 532 1075 sentiunt
555 1052 726 1084 agnoscunt,
745 1049 797 1077 hac
818 1057 886 1077 voce
903 1051 987 1078 veluti

201 1094 318 1128 quodam
347 1094 425 1130 signo
452 1102 518 1122 suos
545 1095 580 1122 ab
605 1095 703 1123 alienis
728 1095 934 1130 dijudicantes?
955 1096 988 1124 Ut

202 1143 292 1166 autem
307 1147 356 1174 ego
378 1146 393 1166 e
417 1139 534 1174 quodam
549 1139 743 1175 Mesopotamia
758 1141 861 1173 audivi,
878 1142 936 1169 viro
960 1146 988 1170 et

202 1184 301 1216 lingua:
316 1184 413 1218 perito,
429 1187 455 1212 et
469 1185 603 1212 sententia
620 1186 792 1221 incorrupto,
807 1194 840 1214 ne
858 1186 915 1214 ﬁeri
930 1188 988 1222 qui-

201 1229 264 1256 dem
284 1233 372 1263 potest
396 1233 424 1256 ut
445 1230 524 1257 aliter
546 1230 637 1266 lingua
659 1232 805 1259 vernacula
830 1232 986 1267 loquantur,

201 1274 308 1301 etiamsi
328 1274 411 1301 velint
427 1283 433 1301 :
450 1274 496 1302 sed
512 1282 625 1302 necesse
643 1275 698 1304 illis
716 1280 758 1304 est
781 1281 812 1303 ut
835 1285 882 1312 per
906 1277 988 1313 sylla-

201 1319 263 1346 bam
290 1324 329 1351 et,
367 1319 408 1346 vel
434 1320 524 1354 potius
547 1328 595 1354 per
610 1329 691 1349 voces
711 1329 770 1357 qua:
791 1323 861 1350 idem
885 1323 988 1358 pollent

201 1363 274 1397 quod
290 1363 346 1394 illa,
358 1364 435 1398 juxta
453 1365 646 1399 proprietatem
666 1366 764 1404 liqgute
777 1367 897 1402 regionis
912 1368 987 1396 illius

201 1408 424 1443 gloriﬁcationem
446 1410 595 1444 proferant.
618 1410 690 1443 Quin
711 1417 736 1438 et
754 1412 987 1447 Cappadoces'sic

201 1453 278 1487 juxta
294 1454 413 1488 regionis
429 1461 531 1481 morem
546 1455 694 1490 loquimur,
716 1456 771 1490 jam
797 1461 854 1484 tum
881 1459 909 1485 in
933 1459 986 1486 lin-

201 1506 315 1534 gnarum
330 1500 473 1531 divisione,
492 1499 643 1527 dictionum
660 1502 806 1530 utilitatem
828 1504 986 1538 providente

203 1543 316 1578 Spiritu.
334 1544 403 1576 Quid
420 1551 501 1578 porro
522 1544 655 1573 Occidens
680 1550 753 1575 totus
764 1567 771 1579 ,
787 1549 984 1583 propemodum

202 1589 237 1616 ab
251 1588 357 1624 Illyrico
375 1597 459 1624 usque
473 1589 507 1616 ad
519 1589 586 1618 lines
600 1592 686 1619 nostri
702 1592 799 1620 orbis?
813 1601 903 1622 nonne
915 1595 985 1623 hanc

202 1642 295 1662 vocem
310 1635 421 1661 tuetur?

294 1679 345 1711 Qui
362 1679 391 1706 ﬁt
402 1679 496 1714 igitur,
513 1685 542 1707 ut
555 1688 605 1715 ego
617 1681 669 1708 sim
684 1680 840 1716 innovator,
852 1686 879 1711 et
890 1691 986 1712 recen-

203 1723 303 1750 tiorum
322 1725 464 1752 verborum
483 1726 669 1754 architectus?
684 1734 745 1754 cum
761 1731 834 1756 totas
850 1729 985 1762 nationes,

202 1769 338 1801 civitates,
355 1774 381 1797 et
398 1771 624 1799 consuetudinem
639 1773 712 1799 onmi
729 1773 869 1802 hominum
884 1783 987 1803 memo-

203 1815 243 1841 ria
254 1815 440 1847 vetustiorem,
452 1816 563 1851 insuper
573 1820 600 1844 et
608 1816 682 1844 'viros
694 1817 822 1847 Ecclesiae
831 1820 984 1853 columnas.

207 1860 281 1886 omni
304 1860 418 1888 scientia
432 1868 464 1887 ac
478 1861 579 1888 virtute
601 1861 720 1896 Spiritus
735 1863 840 1896 claros,
856 1865 940 1893 duces
954 1872 986 1892 ae

204 1908 334 1938 patronos
351 1906 432 1940 hujus
452 1909 527 1934 vocis
548 1907 690 1934 exhibeam
702 1908 714 1929 ν

999 1439 1021 1468 C

226 1983 360 2017 Ejusdem,
376 1991 408 2010 ea:
425 1983 543 2018 Epulola
557 1985 592 2011 ad
607 1982 776 2010 Eustathium
791 1983 954 2011 Armenium.

229 2073 371 2101 Exsecrari
383 2079 489 2109 oportet
502 2082 547 2102 eos
561 2075 606 2109 qui
618 2074 750 2110 Spiritum
765 2080 889 2103 sanctum
904 2083 981 2104 crea-

192 2126 247 2148 tum
263 2128 323 2148 esse
350 2121 454 2152 dicunt,
481 2122 582 2156 quique
596 2122 667 2149 sicut
692 2127 788 2149 natura
813 2127 925 2150 sanctus
939 2129 980 2151 est

190 2165 280 2199 Pater,
296 2171 323 2192 et
343 2171 439 2193 natura
455 2173 566 2194 sanctus
581 2172 622 2194 est
648 2166 744 2200 Filius,
760 2175 816 2196 non
848 2169 911 2196 item
937 2169 979 2202 ip-

189 2220 249 2240 sam
268 2216 364 2239 natura
382 2217 503 2239 sanctum
521 2220 581 2240 esse
595 2214 771 2246 conﬁtentur,
793 2214 839 2241 sed
859 2221 874 2241 a
891 2214 979 2241 divina

188 2259 321 2294 bealaque
347 2265 442 2286 natura
467 2259 584 2286 alienum
613 2264 750 2287 asserunt.
780 2259 863 2287 Recte
889 2266 979 2287 autem

187 2305 333 2332 sentientis
354 2305 480 2332 indicium
499 2310 552 2339 est,
571 2306 593 2332 si
611 2305 698 2340 ipsutn
720 2313 734 2332 a
751 2305 832 2334 Patre
856 2305 980 2341 Filioque

189 2359 242 2378 non
261 2359 383 2385 separes.
401 2351 515 2388 Oportet
528 2352 600 2380 enim
614 2359 663 2380 nos
678 2353 715 2380 ita
735 2352 879 2388 baptizari,
907 2354 980 2381 sicut

191 2397 306 2423 instituti
322 2404 427 2429 suntus,
443 2397 484 2424 sic
500 2401 589 2424 autem
605 2397 728 2430 credere,
748 2402 777 2424 ut
792 2398 977 2432 baptizamur;

188 2447 270 2477 atque
301 2443 337 2470 ita
369 2443 533 2477 gloriﬁcare,
558 2444 626 2470 sicut
652 2443 789 2471 credimus
817 2443 925 2471 Patrem
953 2449 980 2471 et

186 2488 282 2516 Filium
318 2494 345 2516 et
375 2489 503 2523 Spiritum
529 2494 664 2516 sanctum.
689 2491 730 2516 Ab
758 2489 810 2517 illis
840 2497 903 2517 vero
932 2491 978 2525 qui

185 2535 314 2570 Spiritum
334 2540 455 2562 creatuttt
472 2541 608 2567 asserunt,
626 2540 655 2563 ut
670 2536 704 2563 ab
719 2536 872 2564 hominibus
887 2542 980 2570 aperte

186 2581 410 2609 tnaledicentibus
428 2581 588 2613 abhorrere,
606 2581 651 2608 illo
682 2582 820 2609 confesso.
847 2582 979 2610 Necessa-

185 2627 225 2654 ria
238 2628 312 2655 enim
336 2632 378 2654 est
405 2627 508 2654 notatio
526 2631 637 2662 propter
652 2627 864 2656 calumniatores
880 2649 887 2661 ,
905 2629 978 2663 quod

185 2680 234 2700 nec
251 2673 400 2706 ingenitum
429 2673 543 2701 dicimus
563 2673 694 2708 Spiritum
718 2681 854 2702 sanctum.
888 2674 977 2703 Unum

185 2719 257 2746 enim
272 2719 422 2752 ingenitum
441 2720 565 2747 novimus
589 2724 616 2748 et
646 2728 727 2748 unum
758 2728 847 2748 rerum
878 2722 978 2756 princi-

994 2188 1019 2218 ι)

185 2765 258 2800 pium
274 2764 386 2793 Patrem
409 2765 518 2794 Domini
546 2767 630 2794 nostri
651 2766 714 2795 Jesu
742 2767 854 2795 Christi.
883 2767 977 2803 Neque

184 2811 316 2845 genitum.
333 2811 422 2840 linunt
439 2812 510 2840 enim
527 2812 552 2841 in
571 2813 632 2842 fidei
648 2813 818 2842 institutione
843 2813 975 2850 Unigeni-

1037 841 1092 863 τοις
1109 831 1295 868 πληροφορίαν
1307 833 1410 860 λαϐεῖν.
1425 833 1532 868 Ταύτην
1546 834 1593 859 καὶ
1604 834 1781 869 Φιρμιλιανῷ
1793 835 1829 868 τῷ

1037 878 1163 914 ἡμετέρῳ
1176 878 1344 914 μαρτυροῦσι
1354 879 1403 912 τὴν
1419 879 1509 905 πίστιν
1523 879 1547 905 οἱ
1563 879 1636 912 λόγοι
1649 879 1699 910 οὓς
1714 880 1830 906 καταλέο

1037 924 1124 951 λοιπε.
1204 925 1259 952 Καὶ
1281 925 1411 952 Μελέτιον
1505 925 1550 951 τὸν
1568 933 1637 952 πανυ
1659 926 1708 952 ἐπὶ
1729 926 1830 961 11511;;

1037 969 1107 997 εἶναι
1125 971 1174 1006 τῆς
1189 970 1302 1007 γνώμης
1323 972 1346 998 οἱ
1365 971 1558 1005 συγγεγονότες
1574 971 1649 1005 φασί.
1675 972 1733 999 Καὶ
1749 973 1777 998 τε
1793 973 1830 998 δεῖ

1036 1015 1071 1042 τὰ
1092 1015 1196 1042 παλαιά
1215 1016 1321 1050 λέγειν;
1343 1016 1411 1042 ἀλλὰ
1428 1015 1476 1042 νῦν
1491 1016 1536 1042 ἐπὶ
1554 1016 1605 1051 τῆς
1620 1016 1698 1052 ἑῴας
1783 1017 1830 1052 οὐχ

1038 1061 1078 1087 Evt
1102 1060 1219 1096 μάλιστα
1241 1061 1328 1096 τούτῳ
1349 1061 1413 1092 τοὺς
1434 1060 1613 1093 εὐσεϐοῦντας
1634 1062 1829 1096 γνωρίζουσιν,

1037 1103 1092 1132 οἷόν
1115 1113 1168 1131 τινι
1191 1105 1297 1141 σημείῳ
1320 1106 1352 1141 τῇ
1377 1107 1452 1141 φωνῇ
1477 1105 1562 1142 ταιξτῃ
1586 1106 1829 1141 φιλοκρινοῦντεςς

1044 1152 1087 1183 Ὦς
1102 1152 1130 1178 δὲ
1144 1151 1199 1186 ἐγώ
1211 1160 1284 1183 τινος
1367 1151 1423 1177 τῶν
1439 1152 1470 1177 ἐκ
1482 1151 1701 1186 Μεσοποταμίας
1714 1153 1829 1187 ἤκουε-ι.

1037 1197 1131 1231 ἀνδρὸς
1141 1196 1249 1232 καὶτῆς
1262 1195 1387 1231 γλώσσης
1404 1196 1542 1231 ἐμπείρως
1556 1196 1677 1231 ἔχοντος,
1693 1198 1743 1224 καὶ
1758 1198 1831 1224 ἀδια-

1038 1241 1155 1276 στρόφου
1171 1241 1220 1277 τὴν
1233 1241 1358 1276 γνώμην,
1374 1241 1434 1268 οὐδὲ
1449 1241 1561 1267 δυνατὸν
1577 1243 1683 1278 ἑτέρως
1700 1245 1790 1271 εἰπεῖν
1800 1247 1831 1279 τῇ

1037 1284 1162 1320 ἐγχωρίῳ
1184 1286 1270 1321 φωνῇ,
1290 1285 1342 1312 κᾶν
1367 1285 1505 1319 ἐθέλωσιν,
1529 1286 1595 1313 ἀλλὰ
1619 1287 1666 1314 διὰ
1694 1289 1758 1323 τῆς,
1773 1290 1831 1320 καὶ,

1039 1328 1184 1363 συλλαϐῆς,
1198 1330 1298 1365 μᾶλλον
1309 1330 1338 1357 δὲ
1347 1330 1401 1356 τῶν
1411 1330 1628 1366 ἰσοδυναμουσῶν
1639 1333 1712 1368 αὐτῇ
1723 1334 1831 1367 φωνῶν,

1038 1374 1109 1401 κατά
1124 1382 1150 1400 τι
1175 1374 1272 1409 ἰδίωμα
1287 1375 1411 1410 πάτριον,
1429 1375 1550 1410 ἀνάγκην
1574 1377 1669 1408 αὐτοῖς
1691 1376 1764 1405 εἶναι
1785 1380 1832 1413 τὴν

1036 1419 1190 1454 δοξολογίαν
1207 1420 1364 1456 προφέρειν.
1381 1420 1436 1447 Καὶ
1452 1421 1635 1448 Καππαδόκαι
1648 1422 1680 1448 δὲ
1699 1423 1774 1450 οὓτω
1788 1424 1831 1450 λέ-

1037 1471 1122 1499 γομεν
1144 1465 1295 1500 ὲγχωρίως,
1313 1465 1353 1492 ἔτι
1368 1466 1429 1492 τότε
1445 1467 1472 1492 ἐν
1488 1467 1521 1501 τῇ
1536 1466 1589 1493 τῶν
1609 1467 1747 1502 γλωσσῶν
1766 1469 1832 1497 διαι-

1039 1508 1112 1544 ρέσει
1127 1508 1157 1535 τὸ
1171 1509 1204 1535 ὲκ
1219 1509 1268 1544 τῆς
1284 1509 1381 1542 λέξεως
1394 1511 1528 1545 χρήσιμον
1541 1511 1773 1547 προϐλεψαμένου
1785 1514 1832 1541 τοῦ

1036 1554 1204 1590 Πνεὺματος.
1223 1554 1256 1581 Τί
1271 1554 1300 1581 δὲ
1315 1555 1332 1590 ἡ
1351 1554 1427 1586 δύσις
1443 1555 1546 1587 ἅπασα,
1570 1557 1673 1592 μικροῦ
1695 1558 1765 1590 δεῖν,
1779 1560 1833 1586 ἀπὸ

1035 1599 1082 1626 τοῦ
1101 1599 1249 1635 Ἱλλυρικοῦ
1265 1599 1345 1635 μέχρι
1361 1599 1416 1626 τῶν
1431 1600 1501 1636 ὅρων
1515 1601 1564 1637 τῆς
1576 1602 1638 1628 καθ’
1649 1603 1727 1638 ἡμᾶς
1741 1606 1831 1632 οἰκου-

1037 1645 1138 1680 μένης;
1152 1646 1213 1681 οὐχὶ
1228 1647 1277 1682 τὴν
1294 1648 1385 1684 φωνὴν
1401 1648 1503 1685 ταύτην
1519 1650 1685 1685 πρεσϐεύει;

1136 1692 1198 1724 Πῶς
1216 1691 1263 1719 οὗν
1286 1694 1447 1730 καινοτόμος
1468 1695 1534 1729 ἐγὼ,
1554 1696 1599 1722 καὶ
1619 1698 1769 1733 νεωτέρων
1785 1699 1829 1734 ρη-

1037 1736 1129 1772 μάτων
1147 1737 1323 1774 δημιουργὸς,
1345 1739 1409 1776 ἔθνη
1429 1740 1478 1767 ὅλα
1500 1741 1547 1768 καὶ
1571 1742 1674 1775 πόλεις,
1700 1745 1751 1770 καὶ
1772 1744 1832 1775 E56;

1035 1783 1127 1818 πάσης
1143 1784 1252 1819 μνήμης
1267 1784 1441 1821 ἀνθρωπίνης
1456 1787 1652 1822 πρεσϐύτερον,
1666 1790 1716 1815 καὶ
1727 1789 1831 1822 ἄνδρας

1036 1829 1147 1861 στύλους
1162 1830 1211 1866 τῆς
1231 1831 1405 1866 Ἐκκλησίας,
1421 1832 1450 1859 ὲν
1465 1833 1538 1868 πάσῃ
1560 1834 1661 1867 γνώσει
1684 1835 1732 1862 καὶ
1751 1836 1832 1864 δυνά-

1036 1883 1081 1909 μει
1097 1875 1253 1910 Πνεὺματος
1265 1876 1436 1913 διαπρεπεῖς,
1455 1879 1594 1916 ἀρχηγοὺς
1603 1881 1652 1907 καὶ
1670 1884 1831 1916 προστάτας

1034 1920 1082 1954 τῆς
1096 1921 1188 1956 φωνῆς
1203 1922 1390 1958 παρεχόμενος
1403 1932 1410 1957 ;

1040 1987 1095 2014 Τοῦ
1109 1987 1202 2015 αὐτοῦ
1215 1987 1249 2015 ὲκ
1262 1987 1316 2022 τῆς
1331 1989 1406 2026 πρὸς
1421 1989 1592 2026 Εὺοςτάϐιον
1604 1992 1660 2017 τεν
1677 1991 1833 2026 Ἀρμένιον

1344 2024 1519 2059 ἐπιστολῆς.

1077 2068 1338 2105 ’Δναθεματίζεσθαι
1352 2070 1405 2106 χρὴ
1418 2070 1481 2102 τούς
1491 2079 1521 2097 τε
1534 2071 1666 2105 λέγοντας
1682 2073 1792 2108 κτίσμα.
1805 2073 1832 2098 τὸ

1035 2115 1146 2150 Πνεῦμα
1165 2116 1196 2142 τὸ
1218 2115 1306 2150 ἀγιον,
1325 2117 1373 2143 καὶ
1391 2117 1455 2148 τοὺς
1478 2116 1514 2150 μὴ
1536 2116 1743 2150 ὁμολογοῦντας
1767 2118 1831 2144 αὖτό

1033 2163 1112 2197 φύσει
1127 2162 1204 2197 ἅγιον
1219 2161 1299 2196 εἶναι,
1313 2163 1351 2194 ὠς
1365 2163 1423 2189 ἐστι
1438 2163 1517 2197 (putat
1534 2163 1610 2196 am;
1625 2164 1639 2189 ὀ
1656 2163 1768 2198 Πατὴρ,
1785 2164 1830 2189 ιιιὶ

1032 2210 1113 2245 φύσει
1126 2211 1202 2245 ἅγιος
1214 2211 1229 2237 ὸ
1242 2211 1315 2243 Υιὸς,
1330 2211 1387 2237 ἀλλ’
1400 2210 1596 2244 ἀποξενοῦντας
1609 2211 1677 2237 αὐτὸ
1690 2213 1742 2243 τῆς
1755 2211 1829 2242 θείας

1031 2258 1078 2283 καὶ
1093 2257 1234 2292 μακαρίας
1249 2257 1367 2291 φύσεως.
1384 2256 1548 2289 Ἀποδείξεις
1560 2256 1588 2282 δὲ
1601 2256 1649 2283 τοῦ
1663 2256 1750 2292 ὀρθοῦ
1764 2265 1829 2291 $9:-

1031 2304 1153 2338 νήματος
1168 2303 1198 2330 τὸ
1217 2303 1254 2338 μὴ
1272 2305 1400 2338 χωρῖζειν
1415 2303 1480 2330 αὐτο
1498 2303 1603 2338 Πατρὺς
1620 2303 1668 2329 καὶ
1688 2303 1770 2329 fle-3.
1786 2304 1830 2328 Δεῖ

1030 2349 1085 2385 γὰρ
1107 2350 1180 2386 ἡμᾶς
1205 2350 1386 2385 βαπτίζεσθαι
1409 2350 1469 2384 μὲν,
1491 2349 1528 2380 ὡς
1553 2348 1761 2383 παρελάϐομεν,
1784 2357 1828 2374 1:.-

1031 2396 1136 2423 στεύειν
1148 2397 1175 2423 δὲ
1185 2417 1193 2429 ,
1210 2396 1247 2428 ὡς
1264 2395 1454 2432 βαπτιζόμεθα
1464 2417 1471 2429 ,
1487 2395 1610 2427 δοξάζειν
1624 2395 1671 2426 δὲ,
1689 2395 1732 2426 ὡς
1746 2403 1826 2421 πεπι-

1031 2442 1188 2477 στεύκαμεν
1211 2442 1333 2477 Πατέρα,
1356 2443 1404 2468 καὶ
1428 2441 1500 2473 Υἱδν,
1524 2441 1571 2468 καὶ
1594 2440 1672 2474 ἅγιον
1700 2440 1826 2475 Πνεῦμα,

1030 2488 1197 2523 ἀφίστασθαι
1211 2489 1239 2515 δὲ
1254 2490 1304 2524 τῆς
1319 2488 1463 2519 κοινωνίας
1478 2487 1533 2514 τῶν
1548 2488 1652 2522 κτίσμα
1666 2486 1826 2520 λεγόντων,
1872 2486 1873 2493 ‘

1028 2534 1066 2566 ὡς
1083 2535 1210 2570 φανερῶς
1227 2534 1474 2570 βλασφημούντων,
1490 2534 1597 2561 ἐκείνου
1612 2534 1825 2568 διωμολογημέ-

1029 2589 1087 2608 νου.
1105 2581 1256 2615 Ἀναγκαία
1273 2580 1328 2616 γὰρ
1346 2582 1362 2616 ἡ
1380 2580 1581 2616 ἐπισημείωσις
1596 2579 1641 2606 διὰ
1656 2580 1724 2610 τοὺς
1742 2587 1825 2605 συκο-

1029 2628 1134 2661 φάντας
1145 2635 1153 2642 ·
1170 2627 1212 2654 ὅτι
1230 2626 1292 2654 οὔτε
1310 2627 1460 2662 ἀγέννητον
1476 2625 1594 2660 λέγομεν
1612 2625 1643 2652 τὸ
1661 2625 1780 2658 Πνεῦμα
1795 2624 1825 2650 τὸ

1029 2673 1108 2708 ἅγιον
1120 2681 1127 2689 ·
1143 2674 1192 2701 ενα
1206 2674 1260 2709 γὰρ
1274 2674 1386 2708 οἴδαμεν
1402 2673 1552 2706 ἀγέννητον
1565 2672 1614 2699 καὶ
1633 2671 1700 2708 μίαν
1716 2671 1773 2698 τῶν
1787 2671 1826 2696 6v-

1028 2729 1082 2748 των
1095 2720 1182 2756 ἀρχὴν
1195 2722 1241 2747 τὸν
1258 2720 1366 2755 Πατέρα
1378 2720 1425 2746 τοῦ
1440 2719 1543 2753 Κυρίου
1557 2719 1636 2754 ἡμῶν
1651 2718 1742 2753 Ἰησοῦ
1758 2718 1824 2751 Χρι-

1028 2765 1092 2793 στοῦ
1105 2774 1113 2782 ³
1129 2766 1192 2803 οὔτε
1209 2768 1349 2802 γεννητόν.
1364 2767 1434 2793 Ἕνα
1449 2767 1503 2802 γὰρ
1517 2767 1660 2801 Μονογενῆ
1675 2767 1706 2792 ὲν
1721 2767 1754 2801 τῇ
1773 2774 1823 2792 πα-

1030 2812 1137 2848 ραδόσει
1151 2813 1201 2848 τῆς
1217 2813 1336 2845 πίστεως
1350 2812 1544 2847 δεδιδάγμεθα,
1557 2814 1587 2840 τὸ
1601 2813 1630 2839 δὲ
1646 2813 1762 2847 Πνεῦμα
1777 2813 1822 2846 τῆς
