1873 3076
17 148 64 180 809

475 148 661 179 PANOPLIA
681 149 909 182 DOGMA'I‘ICA.
924 164 959 170 ·-
971 153 1042 184 ΤΙΤ.
1065 153 1133 185 XII.

1557 155 1609 187 810

19 206 128 242 ἀληθείας
142 207 171 234 ἐκ
186 206 232 233 τσῦ
249 205 356 241 Πατρδς
372 206 570 242 ἐκπορεύεσθαι
587 206 772 241 διδαχθέντεςί

850 217 885 236 Im
896 209 1053 238 didicimus.
1065 211 1149 239 Porro
1162 219 1224 238 cum
1233 210 1362 246 Spiritum
1372 211 1495 239 veritatis
1504 219 1519 239 a
1527 211 1608 240 Patre

17 254 45 279 ὶκ
56 252 96 278 τοῦ
108 251 165 278 Θεοῦ
181 249 249 278 εἶναι
264 251 451 286 ὁμολογοῦμεν
465 251 611 283 ἀκτίστως.
628 252 777 287 Ἀναθεμα-

15 299 88 331 {item
107 298 132 325 δὲ
152 299 202 333 χρὴ
228 298 275 324 καὶ
297 298 361 328 τοὺς
384 297 573 333 λειτουργικὺν
595 297 725 332 λέγοντας
747 299 778 324 τὸ

15 344 112 378 Πνεῦμα
123 343 149 370 τὸ
164 344 240 376 ἅγιον
251 363 257 374 ,
272 343 309 374 ὡς
325 342 370 369 διὰ
384 343 435 378 τῆς
449 343 542 378 φωνῆς
558 343 660 378 ταύτης
674 344 712 375 είς
727 344 777 378 τὴν

12 391 53 416 τοῦ
66 390 200 424 κτίσματος
213 389 421 423 καταγαγόντας
433 389 519 422 τάξιν.
534 389 575 415 Τὰ
588 389 642 424 γὰρ
655 389 778 424 λειτουρ-

11 435 70 469 γικὰ
85 435 216 469 πνεύματα
234 435 372 469 κτίσματςι
390 436 456 470 ἡμῖν
472 436 489 470 ὴ
506 436 602 471 Γραφὴ
620 437 779 472 παρέδωκεν

12 481 130 513 εἰποῦσα,
144 481 182 507 ὅτι
199 481 299 512 πάντες
315 475 370 508 εἶσὶ
388 481 563 517 λειτουργικὰ
579 482 722 517 πνεύματα
739 483 779 515 είς

11 527 135 554 διακονίαν
148 526 378 561 ἀποστελλόμενα.
392 527 442 554 Διὰ
456 527 484 554 δὲ
498 528 560 559 τοὺς
575 529 665 556 πάντα
680 528 780 564 φύρον-

11 582 64 604 τας,
84 573 126 599 καὶ
144 572 180 607 μὴ
202 572 389 607 φυλάσσοντας
407 573 456 609 τὴν
474 573 504 600 ὲν
521 574 577 606 τοῖς
600 574 778 608 Εὐαγγελίοις

11 619 165 645 διδασκαλίαν
179 619 327 652 ἀναγκαῖόν
341 620 401 646 ἔστι
416 620 463 646 καὶ
477 619 557 647 τοῦτο
573 620 781 655 προδιαστείλα-

11 663 75 695 σθαι,
93 665 129 690 ὃτι
148 664 259 698 φεύγειν
276 664 317 690 δεῖ
337 665 386 691 καὶ
403 665 465 696 τοὺς
484 665 535 700 τὴν
553 665 725 699 ἀκολουθίαν,
745 665 779 702 ἢν

11 710 152 745 παρέδωκεν
164 711 230 744 ἡμῖν
245 711 258 736 ὁ
274 710 375 744 Κύριος
387 730 394 742 ,
410 711 605 746 ὲναμείόοντας
617 732 624 744 ,
641 711 678 743 ὡς
696 720 780 745 φανε-

11 754 58 790 ρῶς
72 754 234 789 μαχομένους
247 756 279 790 τῇ
296 755 434 791 εὐσεϐείᾳ,
450 757 498 782 καὶ
513 756 576 783 Υἱδν
593 757 643 791 μὲν
659 756 779 793 προτάαο

11 807 97 830 εοντας
116 799 159 825 τοῦ
181 800 300 834 Πατρδς,
321 799 387 826 Υἱοῦ
412 799 441 826 δὲ
463 800 493 826 τὸ
517 799 630 835 Πνεῦμα
650 799 681 826 τὺ
704 799 780 834 ἅγιον

11 845 182 880 προτιθέντας.
202 845 344 879 Ἀκίνητον
367 845 439 881 γὰρ,
466 846 513 872 καὶ
540 846 779 881 ἀπαρεγχείρητον

11 891 146 925 φυλάσσειν
161 890 208 926 τὴν
225 891 405 923 ἀκολουθίαν,
420 891 455 926 ἣν
473 891 501 924 ἐξ
519 891 604 926 αὐτῆς
619 890 670 926 τῆς
688 891 777 925 φωνῆς

11 937 50 964 τοῦ
73 937 170 972 Κυρίου
195 937 396 972 παρελάϐομεν,
420 937 554 968 είπόντος.
581 936 778 970 Πορευθέντες

11 984 202 1016 ναθητεύσατε
212 982 310 1009 πάντα
320 982 355 1010 τὰ
366 983 450 1016 ἔθνη,
460 981 656 1015 βαπτίζοντες
667 981 779 1014 αὐτοὺς

11 1031 43 1062 il;
58 1029 90 1056 τὸ
104 1029 193 1062 ὄνομα
207 1028 261 1056 τοῦ
276 1029 409 1062 Πατρός,
426 1028 474 1055 καὶ
488 1028 539 1055 τοῦ
559 1027 644 1060 Υιοῠ,
660 1027 710 1055 καὶ
725 1027 778 1054 τοῦ

11 1077 87 1111 ἰνίου
103 1076 281 1110 Πνεύματος.

11 1157 56 1184 Γοῡ
69 1156 158 1184 αὑτοῦ
171 1157 205 1183 ἐκ
219 1155 271 1183 τοῦ
285 1159 309 1189 γ’
321 1155 395 1217 πῖἕς
411 1154 557 1188 Εὐνόμιον
570 1152 779 1187 ὰντιῤῥητικοῦ

374 1199 437 1217 γου.

374 1199 437 1224 γου.

31 1269 84 1296 Δῦο
170 1267 323 1302 λεγομένων
338 1267 518 1302 πραγμάτων,
537 1265 665 1301 θεότητός
682 1274 712 1293 τε
733 1266 781 1293 καὶ

13 1316 120 1347 τίσεως,
130 1314 177 1341 καὶ
191 1314 347 1344 δεσποτείας
361 1313 408 1339 καὶ
419 1312 550 1344 δουλείας,
559 1312 607 1339 καὶ
619 1311 780 1346 ἁγιαστικῆς

11 1360 146 1394 υνάμεως,
171 1359 216 1385 καὶ
235 1357 284 1392 τῆς
297 1356 488 1392 ἀγιαζομένης,
510 1356 560 1391 τῆς
582 1365 611 1383 τε
631 1358 663 1383 ὲκ
675 1356 781 1390 φύσεως

11 1406 110 1442 χούσης
135 1405 184 1440 τὴν
203 1405 303 1439 ἀρετὴν
333 1404 380 1430 καὶ
400 1404 449 1438 τῆς
474 1405 506 1430 ἐκ
525 1404 708 1438 προαιρέσεως
734 1411 782 1430 καμ-

11 1450 153 1486 ορθούσης,
172 1450 201 1476 ὲν
216 1449 280 1485 ποίᾳ
299 1449 388 1484 μερίδι
415 1449 445 1475 τὸ
459 1449 571 1484 Πνεῦμα
589 1449 721 1483 τάξομεν;
737 1449 781 1475 Ἐν

11 1499 46 1528 it;
67 1495 277 1530 ἁγιαζομένοις;
292 1495 349 1522 ἀλλ’
369 1494 435 1522 αὐτό
460 1495 534 1521 ἐστιν
551 1495 696 1529 ἁγιασμὸς.
711 1496 781 1521 Ἀλλ’

828 255 976 289 procedere
990 255 1178 288 didicerimus.
1198 264 1231 284 ex
1245 256 1300 284 Deo
1312 256 1422 290 quidem
1452 264 1524 290 esse,
1551 265 1605 284 non

827 303 916 326 tamen
924 301 1068 327 creationis
1078 301 1182 327 ratione
1188 301 1359 328 conﬁtentur.
1372 300 1513 328 Exsecrari
1525 301 1607 328 etiam

828 350 990 379 oporteteos
1010 346 1056 379 qui
1073 345 1205 380 Spiritum
1222 351 1349 373 sanctum
1364 346 1460 374 dicunt
1476 354 1538 374 esse
1554 347 1608 374 mi-

828 391 1026 424 nistratorium,
1044 396 1073 419 ut
1087 399 1148 418 eum
1160 392 1212 419 hoc
1222 392 1306 420 verbo
1322 392 1349 419 in
1371 400 1461 420 rerum
1476 399 1606 427 procrea-

829 440 916 464 tarum
941 436 1066 464 ordinem
1084 438 1218 473 redigant.
1234 438 1443 466 Ministratorios
1464 439 1536 466 enim
1553 439 1610 474 spi-

829 483 898 510 ritus
921 489 1030 510 creatos
1061 491 1122 511 esse
1148 483 1291 519 Scriptura
1310 492 1361 512 nos
1390 484 1520 518 docuit‘,
1549 492 1610 512 om-

829 535 887 561 nes,
906 529 1043 564 inquiens.
1055 536 1117 557 esse
1131 530 1345 558 ministratorios
1360 531 1473 565 spiritus
1486 531 1513 558 in
1524 531 1609 558 milii-

829 575 941 601 sterium
957 575 1064 603 missos.
1078 575 1117 603 Ac
1127 580 1237 610 propter
1247 583 1295 604 eos
1312 576 1358 611 qui
1375 577 1467 603 omnia
1478 576 1606 610 miscent,

828 627 880 647 nec
908 621 1045 655 Evangelii
1061 621 1218 648 doctrinam
1237 621 1394 654 observant,
1420 622 1609 649 necessarium

829 671 871 694 est
895 671 923 694 et
936 666 1001 694 illud
1015 667 1161 701 explicare.
1193 667 1347 702 Fugiendos
1373 667 1504 695 nimirum
1523 668 1606 695 etiam

829 712 889 740 illos
908 712 953 747 qui
965 712 1063 740 seriem
1080 719 1161 747 quam
1173 712 1305 740 Dominus
1318 712 1440 746 tradidit,
1453 713 1609 746 immutant,

829 767 891 787 cum
924 758 1069 794 perspicue
1098 759 1244 787 veritatem
1271 763 1439 794 oppugnent,
1456 764 1483 787 et
1510 759 1609 787 Filium

829 805 938 840 quidem
958 809 1021 832 ante
1033 804 1143 833 Patrem
1158 806 1337 838 constituant,
1350 805 1421 833 Filio
1436 813 1502 833 vero
1524 805 1610 841 Spiri—

832 856 887 878 tum
897 855 1074 887 anteponant.
1106 851 1230 879 Firmum
1246 851 1319 879 enim
1329 856 1356 879 et
1370 851 1533 879 inviolatum
1563 851 1612 878 ob-

831 904 940 925 servare
955 897 1088 925 debemus
1103 896 1237 930 ordinem,
1253 904 1334 932 quem
1355 905 1387 925 ex
1413 897 1474 932 ipso
1500 897 1607 925 Domini

831 950 878 970 ore
903 943 1073 978 percepimus
1097 943 1212 971 dicentis
1243 952 1250 970 :
1272 943 1372 971 Euntes
1394 943 1527 978 baptizate
1556 951 1612 970 om-

831 995 875 1014 ne:
902 992 990 1022 gentes
1019 988 1048 1014 in
1064 987 1167 1015 nomine
1186 987 1278 1015 Patris
1305 992 1330 1014 et
1357 986 1423 1014 Filii
1436 993 1461 1015 et
1490 986 1607 1022 Spiritu:

830 1032 914 1059 sancti
931 1033 951 1059 ³.

868 1153 991 1189 Ejusdem
1006 1162 1038 1182 ex
1055 1155 1133 1182 tertia
1145 1155 1269 1183 adversus
1283 1155 1443 1183 Eunomium
1459 1156 1589 1183 oratione.

867 1267 934 1295 Cum
949 1274 993 1296 res
1009 1267 1067 1295 duae
1076 1266 1214 1299 dicantur,
1224 1266 1311 1295 deitas
1332 1271 1359 1294 et
1374 1271 1508 1298 creatura,
1528 1266 1612 1293 domi-

833 1314 906 1341 nium
914 1319 941 1342 et
948 1314 1075 1347 servitus,
1087 1314 1205 1349 potentia
1213 1313 1397 1347 sanctiﬁcaus,
1407 1317 1433 1340 et
1441 1320 1500 1347 quae
1509 1313 1614 1340 sancti-

835 1356 938 1394 ﬁcatur,
951 1361 1069 1396 potentia
1076 1361 1219 1395 possidens
1228 1365 1323 1395 suapte
1333 1364 1428 1387 natura
1439 1360 1578 1390 virtutem,
1585 1363 1614 1386 et

834 1415 893 1442 qua:
908 1400 968 1434 eam
983 1414 1017 1433 ex
1032 1407 1145 1435 arbitrio
1162 1411 1319 1442 comparat;
1334 1414 1387 1441 qua
1398 1406 1426 1433 in
1439 1410 1513 1441 parte
1525 1405 1613 1440 Spiri-

834 1451 1066 1479 tumlocabimus?
1080 1451 1153 1478 Inter
1163 1459 1211 1479 eos
1223 1452 1269 1487 qui
1286 1451 1490 1479 sanctiticantur
1498 1451 1508 1476 ?
1516 1455 1543 1477 at
1554 1451 1612 1485 ipse

833 1501 875 1525 est
899 1498 1089 1525 sanctiﬁcatio.
1115 1498 1157 1525 An
1182 1497 1252 1525 inter
1276 1505 1322 1525 e05
1343 1498 1389 1532 qui
1415 1496 1549 1532 prmclaris
1577 1504 1610 1524 ac

11 1551 17 1567 ν
38 1543 97 1572 τοῖς
110 1541 140 1573 ἐξ
155 1540 405 1575 ἀνδραγαθημάτων
428 1539 479 1574 τὴν
506 1539 606 1575 ἀρετὴν
623 1539 780 1574 κτομένοιςς

850 1543 949 1578 gregiis
965 1543 1134 1571 facinoribus
1149 1543 1275 1570 virtutem
1296 1543 1384 1576 adepti
1414 1542 1498 1568 sunt?
1518 1546 1545 1569 at
1562 1541 1611 1568 bo-

11 1589 62 1615 λλὰ
86 1587 167 1622 φύσει
195 1587 267 1613 ἐστὶν
296 1585 407 1619 ἀγαθόν.
431 1585 504 1612 Ἀλλ’
527 1586 557 1612 ἐν
581 1587 636 1617 τοῖς
661 1585 781 1620 λειτουρ-

11 1636 103 1667 ικοῖς;
140 1633 200 1660 ἀλλ’
228 1633 308 1668 ἕτερά
339 1633 393 1658 εἰσι
429 1631 604 1666 λειτουργικὰ
639 1632 782 1666 πνεύματα

11 1681 59 1714 pb;
84 1678 225 1705 διακονίαν
252 1678 480 1713 ἀποστελλόμενα.
507 1678 544 1704 Οὐ
563 1677 652 1704 τοίνυν
672 1676 783 1711 ὁμόδου-

11 1735 32 1751 ιν
64 1725 135 1760 ἡμῖν
166 1724 256 1758 λέγειν
289 1724 355 1750 αὐτὸ
390 1723 521 1759 θεμιτὸν,
558 1722 588 1749 τὸ
621 1722 782 1758 ἡγεμονικὸν

11 1774 16 1807 ᾖ
45 1772 157 1805 φύσει,
187 1769 249 1796 οὔτε
276 1771 309 1804 τῇ
339 1770 425 1797 κτίσει
452 1768 651 1803 συναριθμεῖν,
687 1768 718 1794 τὸ
749 1770 782 1803 τῇ

15 1818 46 1852 ig.
75 1816 127 1842 καὶ
153 1814 276 1850 μακαρίᾳ
303 1814 399 1850 Τριὰδι
427 1813 688 1848 συναριθμούμενον.
725 1813 783 1848 Ἀρ-

11 1859 30 1885 t‘t
49 1857 108 1892 μὲν
122 1856 189 1892 γὰρ,
203 1856 250 1882 καὶ
269 1856 398 1889 ἐξουσίαι,
416 1855 464 1882 καὶ
481 1855 555 1881 πᾶσα
572 1855 588 1890 ὴ
606 1855 716 1890 τοιαύτη
734 1854 792 1881 κτί-

11 1912 38 1934 ς,
56 1903 94 1928 ἐκ
114 1902 253 1937 προσοχῆς
269 1901 315 1927 καὶ
330 1900 487 1936 ἐπιμελείας
500 1900 545 1927 τὸν
562 1900 697 1935 ἁγιασμὸν
717 1899 792 1934 ἐχου-

11 1958 41 1979 ιι,
57 1948 117 1974 οὐκ
130 1947 166 1973 ἂν
182 1946 294 1978 εἰκότως
306 1946 385 1981 φύσει
401 1945 477 1980 ἆγιαι
489 1944 556 1972 εἶναι
571 1945 700 1979 λέγοιντο.
729 1944 792 1970 Ἐπ-

14 1994 162 2028 εγόμεναι
181 1991 236 2027 γὰρ
251 1991 299 2018 τοῦ
315 1991 408 2023 καλοῦ,
429 1991 500 2018 κατὰ
518 1991 567 2027 τὴν
585 1990 729 2024 ἀναλογίαν
743 1990 792 2025 τῆς

11 2041 54 2072 νὸς
73 2040 128 2066 τὸν
143 2039 210 2065 Θεὸν
228 2039 347 2072 ἀγάπης,
366 2038 412 2065 καὶ
429 2036 476 2064 τοῦ
491 2037 590 2073 μέτρου
605 2036 653 2071 τῆς
671 2035 792 2070 ἁγιωσύ-

14 2094 29 2116 ς
50 2082 316 2119 μεταλαμὸάνουσι.
332 2082 387 2108 Καὶ
402 2082 497 2116 ὥσπερ
509 2082 523 2107 ὁ
540 2081 660 2116 σίδηρος,
676 2081 705 2106 ὲν
718 2080 793 2115 μέσῳ

11 2142 15 2155 ι
38 2129 120 2164 πυρὶ
140 2129 278 2163 κείμενος,
295 2127 325 2154 τὸ
350 2128 399 2163 μὲν
416 2127 522 2163 σίδηρος
538 2125 607 2153 εἶναι
625 2127 675 2153 οὐκ
691 2125 792 2153 ἀποδέ-

12 2184 85 2211 ηκε,
105 2175 143 2209 τῇ
165 2173 193 2199 δὲ
209 2174 377 2208 σφοδροτάτῃ
391 2172 458 2208 πρὸς
471 2172 501 2199 τὸ
515 2172 570 2208 πῦρ
583 2172 676 2208 ὁμιλίᾳ
689 2173 792 2208 ἐκπυρ-

828 1594 878 1613 nus
901 1590 996 1613 natura
1020 1589 1072 1613 est.
1091 1585 1132 1611 An
1160 1585 1232 1611 inter
1245 1591 1293 1612 eos
1317 1584 1363 1619 qui
1393 1583 1571 1611 ministrant?
1588 1587 1614 1609 at

828 1631 874 1658 alii
893 1636 957 1658 sunt
971 1630 1083 1664 spiritus
1099 1627 1300 1662 ministratorii,
1318 1629 1363 1664 qui
1384 1629 1417 1656 ad
1434 1628 1613 1655 ministerium

829 1676 973 1703 mittuntur
994 1676 1015 1702 ³.
1036 1674 1093 1701 Non
1119 1681 1184 1709 ergo
1203 1674 1380 1709 principalem
1406 1678 1500 1700 natura
1526 1673 1614 1707 Spiri-

830 1724 898 1752 tum,
915 1719 954 1746 fas
973 1724 1015 1746 est
1037 1719 1116 1746 nobis
1141 1726 1303 1746 conservum
1331 1719 1434 1750 dicere,
1457 1726 1545 1752 neque
1563 1726 1616 1744 una

830 1773 891 1794 cum
921 1765 1052 1793 creaturis
1080 1771 1224 1792 numerare
1250 1772 1325 1797 eum,
1344 1765 1389 1799 qui
1419 1765 1445 1791 in
1482 1764 1571 1791 divina
1590 1769 1617 1789 ct

829 1812 908 1839 beata
917 1810 1048 1838 Trinitate
1063 1810 1165 1845 pariter
1267 1815 1433 1838 numeratur.
1447 1809 1618 1843 Principatus

831 1857 903 1884 enim
916 1862 944 1884 et
961 1861 1121 1890 potestates,
1140 1862 1172 1882 ac
1190 1854 1301 1889 reliquae
1318 1853 1448 1889 ejusmodi
1473 1857 1616 1883 creatum,

832 1909 891 1936 quae
915 1909 949 1929 ex
979 1901 1130 1928 attentione
1147 1908 1179 1928 ac
1205 1900 1296 1928 studio
1311 1899 1553 1928 sanctiﬁcationem
1570 1900 1618 1925 ha-

834 1949 906 1979 bent,
920 1947 970 1974 dici
988 1952 1084 1974 natura
1099 1951 1200 1973 sanctae
1212 1945 1272 1980 jure
1288 1953 1339 1972 non
1357 1950 1479 1980 possunt.
1497 1945 1532 1971 lla
1547 1945 1618 1971 enim

833 1992 932 2019 bonum
950 1996 1090 2026 appetunt,
1112 1996 1141 2018 ut
1167 1999 1216 2026 pro
1237 1991 1342 2018 ratione
1365 1991 1465 2018 amoris
1488 1991 1515 2017 in
1534 1991 1618 2017 Deum

833 2039 886 2070 sui,
902 2037 1056 2065 sanctitatis
1080 2044 1234 2064 mensuram
1254 2037 1399 2071 accipiant.
1417 2036 1449 2063 Et
1466 2036 1543 2063 sicuti
1568 2037 1621 2062 fer-

835 2091 894 2110 rum
920 2083 946 2109 in
976 2083 1064 2110 medio
1084 2082 1145 2116 igne
1166 2083 1295 2116 positum,
1316 2082 1418 2109 ferrum
1437 2081 1546 2116 quidem
1562 2089 1621 2109 esse

835 2136 888 2155 nou
916 2127 1027 2160 desinit,
1054 2128 1101 2155 sed
1134 2128 1168 2154 ob
1196 2127 1462 2154 vehementissimam
1480 2135 1540 2154 cum
1559 2127 1620 2157 igne

834 2173 1054 2208 coniunctionem
1082 2173 1196 2208 ignitum
1221 2173 1332 2203 factum,
1360 2179 1523 2205 omnemque
1551 2171 1621 2206 ignis

13 2220 143 2250 τωθεὶς,
163 2219 208 2245 καὶ
224 2219 313 2245 πᾶσαν
332 2219 371 2250 εἰς
387 2218 481 2244 ἑαυτὸν
494 2218 543 2253 τὴν
571 2217 618 2243 τοῦ
640 2217 725 2254 πυρὸς
742 2217 776 2252 φύ

849 2223 961 2246 naturam
988 2218 1014 2244 in
1043 2225 1072 2245 se
1091 2218 1178 2252 ipsum
1197 2217 1341 2251 recipiens,
1360 2220 1414 2243 tum
1446 2217 1548 2248 colore,
1567 2222 1622 2242 tum

11 2276 18 2291 ι
37 2263 270 2298 ὑποδεξάμενος.
289 2263 335 2289 καὶ
353 2262 479 2298 χρώματι
493 2263 540 2289 καὶ
555 2262 664 2298 ὲνεργίᾳ
678 2263 746 2298 πρὸς
762 2262 793 2289 τὸ

13 2320 32 2347 ρ
51 2308 260 2346 μεταϐέϐηκεν
269 2316 276 2322 ⁸
292 2308 362 2334 οὕτω
376 2308 422 2334 καὶ
435 2308 463 2334 αἱ
475 2308 550 2342 ἆγιαι
561 2307 690 2343 δυνάμεις
701 2309 733 2334 ἐκ
743 2308 793 2343 τῆς

11 2358 48 2388 ὸς
69 2356 110 2382 τὸ
129 2354 212 2389 φύσει
233 2354 309 2388 ᾶγιον
327 2354 470 2384 κοινωνίας
491 2353 523 2379 δι’
538 2353 602 2388 ὅλης
621 2353 671 2388 τῆς
688 2354 793 2381 ἑαυτῶν

11 2402 181 2431 arsisse);
201 2399 378 2434 κεχωρηκότα
393 2399 443 2434 ἢδη
468 2399 515 2425 καὶ
533 2399 794 2434 συμπεφυσιωμένον

11 2460 15 2471 γ
54 2446 213 2481 ἀγιασμὺν
240 2445 340 2480 ἔχουσι.
369 2444 490 2480 Διαφορὰ
515 2444 544 2470 δὲ
569 2445 663 2476 αὑταῖς
676 2445 743 2480 πρὸς
763 2445 794 2471 τδ

11 2495 105 2530 εὖμα
136 2492 171 2518 τὸ
188 2491 264 2525 ἅγιον
280 2491 361 2525 αὕτη,
377 2491 417 2517 ὃτι
435 2491 474 2525 τῷ
490 2490 538 2526 μὲν
553 2490 632 2525 φύσις
646 2491 662 2525 ἡ
676 2490 794 2524 ἁγιωσύ-

37 2540 119 2570 ταῖς
150 2537 182 2563 δὲ
203 2538 235 2563 ἐκ
256 2535 400 2572 μετουσίας
421 2536 538 2571 ὑπάρχει
559 2535 589 2561 τὸ
613 2535 791 2569 ἁγιάζεσοαι.

11 2597 13 2601 -
29 2586 68 2613 δὲ
90 2582 304 2611 ὲπισκευαστὺν
321 2582 368 2608 καὶ
389 2580 519 2616 ἑτέρωθεν
535 2581 720 2615 ὲπιδεδομὲνον
741 2581 795 2607 ὑπ-

11 2641 53 2667 εει
94 2628 136 2655 τὸ
172 2628 283 2662 ἀγαθὸν,
313 2627 362 2661 τῆς
392 2627 570 2661 μετα-πτωτῆς
598 2627 651 2652 εἱσι
676 2625 792 2660 φύσεως.

17 2677 95 2712 γὰρ
111 2673 152 2700 ἃν
169 2673 299 2706 ἐξέπεσεν
319 2674 334 2699 ὁ
355 2672 508 2708 Ἐωσφόρος
528 2674 541 2699 ὁ
559 2672 631 2708 πρωϊ
728 2673 792 2699 ἀνα-

11 2725 97 2756 λων,
120 2719 191 2747 οὕτε
207 2719 351 2754 συνετρίῦη
367 2719 411 2745 ὲπὶ
427 2719 475 2754 τῆς
493 2719 555 2754 γῆς,
574 2719 598 2745 εί
614 2719 692 2753 φύσει
706 2719 796 2754 ὑπῆρ-

21 2769 88 2796 τοῦ
125 2766 253 2802 χείρονος
278 2764 463 2796 ἁνεπίδεκτος,
487 2765 548 2797 Πῶς
568 2763 613 2792 οὖν
634 2765 742 2797 εὐσεϐὲς
762 2765 794 2800 τῇ

14 2850 131 2878 lla-tur.
158 2853 192 2874 ιι.
209 2846 251 2872 t-t.
291 2847 301 2863 ³
320 2845 415 2872 Matth.
436 2853 535 2878 xxvut,
555 2844 597 2872 l9.

151 2907 290 2935 l’nuoL.
314 2906 374 2935 Gn.
397 2905 447 2934 CX

837 2263 955 2290 ellicacia
971 2263 996 2289 iu
1017 2263 1104 2297 ignem
1122 2263 1216 2290 transit
1229 2270 1237 2289 :
1250 2263 1289 2289 sic
1301 2266 1328 2289 et
1347 2267 1448 2289 sanctae
1472 2265 1624 2296 potestates

838 2316 871 2336 ex
887 2308 1132 2336 communicatione
1146 2315 1226 2343 quam
1240 2308 1339 2335 habent
1355 2315 1415 2335 cum
1432 2314 1464 2334 eo
1481 2307 1526 2341 qui
1546 2312 1625 2334 untu-

840 2363 869 2382 ra
888 2359 999 2382 sanctus
1013 2359 1064 2388 est,
1079 2354 1211 2390 ejusmodi
1227 2353 1436 2380 sanctimoniam
1453 2352 1551 2379 habent
1567 2361 1625 2386 qme

836 2401 892 2436 jam
918 2400 1068 2435 pervaserit
1097 2408 1145 2435 per
1171 2403 1254 2427 totam
1279 2407 1372 2426 earum
1393 2398 1581 2431 substantiam,
1599 2399 1625 2424 in

840 2454 928 2480 eaque
946 2445 1090 2473 coaluerit.
1107 2445 1172 2480 Ipsm
1191 2448 1279 2472 autent
1299 2444 1325 2471 in
1337 2451 1369 2471 eo
1384 2450 1399 2470 a
1416 2447 1510 2470 sancto
1525 2442 1625 2477 Spiritu

842 2491 981 2524 differunt,
1011 2491 1083 2526 quod
1113 2491 1192 2526 hujus
1221 2495 1316 2517 natura
1343 2489 1475 2517 sanctitas
1493 2489 1626 2516 est:illis

844 2545 907 2565 vero
923 2545 956 2565 ex
974 2537 1180 2572 participatione
1210 2537 1281 2563 inest
1310 2535 1503 2564 sanctimonia.
1523 2534 1626 2567 Quibus

843 2588 933 2610 autem
951 2582 1132 2609 iucsthouum
1150 2581 1358 2608 inslauratitium
1374 2584 1402 2607 et
1417 2579 1524 2606 aliunde
1542 2578 1626 2605 colla-

845 2634 911 2660 tum,
928 2636 958 2655 ca
976 2633 1037 2654 sunt
1051 2627 1187 2655 mutabilis
1205 2633 1316 2654 naturtc.
1341 2625 1400 2653 Non
1421 2626 1493 2653 enim
1513 2625 1627 2653 excidis-

845 2679 885 2701 sot
898 2674 1014 2705 Lucifer,
1029 2674 1074 2708 qui
1092 2680 1170 2700 mane
1198 2674 1284 2699 oritur
1303 2675 1326 2705 ⁸,
1344 2679 1394 2699 nec
1417 2675 1488 2698 esset
1512 2671 1537 2697 in
1559 2675 1626 2697 terra

847 2721 989 2752 contritus,
1011 2720 1033 2747 si
1056 2718 1197 2746 deterioris
1226 2717 1388 2745 conditionis
1404 2714 1563 2749 recipienda:
1576 2723 1626 2741 non

849 2766 943 2793 fuisset
959 2773 1042 2800 capax
1064 2769 1169 2792 natura.
1194 2763 1333 2797 Quomodo
1353 2762 1435 2796 igitur
1452 2762 1523 2796 pium
1536 2766 1577 2788 est
1591 2761 1631 2787 in-

638 2846 646 2859 ⁷⁸
663 2844 743 2872 llchr.
761 2852 778 2876 ι,
796 2843 837 2870 Η.
878 2845 888 2860 ⁸
902 2844 952 2870 lsa.
969 2851 1025 2874 xw,
1051 2843 1092 2869 1'2.

1416 2899 1454 2927 26
