1873 3076
25 116 71 150 821

471 117 659 150 PANOPLIA
677 120 906 154 DOGMATICA.
926 136 960 143 -
980 125 1056 156 TIT.
1077 125 1150 159 ΧΠ,

1589 131 1643 165 829

25 186 138 218 διανοίας
158 186 230 213 εἰσὶν
244 185 375 219 εὐσεϐεῖς,
388 186 414 213 οι
428 186 456 213 δὲ
473 185 609 221 τολμῶσιν
624 186 745 213 εὐσεϐεῖν
759 196 789 214 κο

837 195 884 218 .m
908 191 1077 227 exploratum
1100 193 1263 228 habuerunt,
1291 202 1341 228 ea,
1362 200 1392 223 ut
1416 197 1512 230 aiunt,
1537 198 1640 226 ratione

25 233 76 262 τοῖς
90 230 218 266 χείλεσιν.
233 230 336 257 Ἀλλων
348 231 377 258 δὲ
390 231 496 267 ηκουσα
508 231 678 267 μετρούντων
691 231 805 267 θεότητα

26 276 181 310 σοφωτέρων
202 295 210 307 ,
279 276 303 302 οἳ
320 275 383 311 τρία
398 276 448 311 μὲν
460 274 530 303 εἶναι
543 276 605 304 καθ’
623 277 697 312 ἡμᾶς
711 277 806 312 ὁμολο-

24 321 96 355 γοῦσι
112 320 146 348 τὰ
164 321 307 357 νοούμενα,
322 321 448 349 τοσοῦτον
468 322 496 348 δὲ
515 321 636 357 ἀλλήλων
651 321 805 358 διέστησαν,

24 367 58 398 ὡς
72 367 101 393 τὺ
116 367 175 403 μὲν,
195 368 243 394 καὶ
262 367 340 403 οὐσίᾳ
362 368 408 394 καὶ
428 368 542 403 δυνάμει
561 369 648 394 ποιεῖν
662 368 804 404 ἀόριστον·

25 413 50 439 τὸ
63 413 99 444 δὲ,
111 413 226 449 δυνάμει
246 414 306 448 μὲν,
319 414 369 440 οὐκ
389 413 467 450 οὐσίᾳ
482 413 511 440 δέ
522 422 528 429 ·
544 413 574 440 τὸ
592 414 621 440 δὲ.
641 414 805 449 ἀμφοτέροις

25 460 220 495 περιγραπτὸνο
241 459 320 487 ἄλλον
343 460 442 495 τρόπον
470 459 643 496 μιμούμενοι,
667 461 730 492 τοὺς
754 460 802 496 δη-

26 505 155 541 μιουργὸν,
170 506 219 533 καὶ
231 506 370 541 συνεργὸν,
384 506 431 533 καὶ
443 506 597 542 λειτουργὸν
609 506 800 541 ὀνομάζοντας,

26 553 67 578 καὶ
78 552 124 586 τὴν
144 553 173 578 ἐν
187 554 246 584 τοῖς
263 552 376 587 ὀνόμασι
390 552 466 584 τάξιν
486 553 533 579 καὶ
554 553 644 588 χάριν,
663 552 718 578 τῶν
732 561 802 588 πρα-

25 598 127 632 γμάτων
213 598 373 625 ἀκολουθίαν
388 596 457 624 εἶναι
476 597 647 632 νομίζοντας.

856 237 954 271 ducti,
993 239 1063 272 quod
1097 238 1235 273 Scriptura
1274 246 1398 268 neutrunt
1431 242 1528 269 horum
1562 243 1641 278 plane

857 287 1002 318 aperteque
1033 284 1253 313 demonstrasset.
1286 286 1325 313 Ac
1349 287 1463 321 proinde
1477 295 1527 315 nec
1553 288 1639 322 ipsum

857 333 1030 360 venerantur,
1060 336 1110 356 nec
1142 335 1331 364 contemnunt,
1355 331 1403 359 sed
1421 333 1510 359 tnedio
1523 333 1639 367 quodam

857 372 944 404 modo,
970 371 1013 399 vel
1028 373 1118 407 potius
1133 374 1230 401 misere
1243 375 1400 410 pcrditeque
1423 383 1489 411 erga
1503 384 1564 404 eum
1583 377 1641 405 alli-

856 417 972 444 ciuntur.
985 418 1023 445 Ex
1037 418 1080 446 ltis
1093 426 1173 453 porro
1186 420 1233 454 qui
1252 420 1336 447 Deum
1353 420 1441 455 ipsum
1462 422 1640 454 credttut,alii

856 463 946 490 animo
956 467 1034 491 tenus
1047 464 1082 498 pii
1106 469 1186 499 atque
1211 466 1354 494 orthodoxi
1384 471 1464 501 sunt;
1492 467 1536 494 alii
1561 468 1641 496 labiis

855 515 962 543 quoque
976 509 1041 543 ipsis
1055 510 1181 544 pietatem
1194 511 1314 545 prniiteri
1340 520 1392 539 non
1409 517 1547 540 verentur.
1565 513 1640 542 Alios

854 555 934 581 etiam
952 555 1082 589 quosdam
1099 556 1280 590 sapientiores
1296 558 1396 590 audivi,
1409 558 1455 593 qui
1469 559 1637 586 divinitatem

855 599 1012 632 metiuntur,
1027 607 1059 626 ac
1075 600 1125 626 tria
1139 601 1259 634 quidem,
1278 601 1388 635 perinde
1402 609 1433 629 ac
1449 609 1509 634 nos,
1526 601 1637 635 intelligi

23 647 180 677 conﬁtentur,
194 645 243 673 sed
258 652 290 673 ea
305 645 342 672 ita
358 644 429 672 inter
437 651 468 673 se
483 641 650 679 disjungunt,
668 649 699 672 ut
713 652 794 672 unum
814 653 907 673 eorum
923 649 950 672 et
979 644 1096 673 essentia
1122 648 1150 672 et
1183 649 1325 679 potestate,
1347 645 1481 674 infinitum
1507 652 1640 681 statuant,

23 694 121 720 alterum
138 696 289 727 potestate,
318 699 371 719 non
385 692 449 719 item
474 691 604 721 essentia,
630 696 795 724 postremum
817 696 930 726 utroque
943 690 1191 726 circumscriptum.
1207 691 1253 718 Sic
1273 691 1326 718 alio
1341 693 1456 726 qttodam
1487 695 1565 720 modo
1594 703 1640 722 eos

23 742 157 772 imitantur,
170 740 218 774 qui
232 739 368 773 opificem,
398 744 425 765 et
442 738 641 772 cnoperarinm,

685 744 712 765 et
745 739 897 766 ministrum
914 739 1065 770 nominant,
1094 743 1176 772 atque
1204 739 1327 766 ordini-tn
1351 744 1378 766 ct
1413 739 1538 773 gratiam,
1576 749 1638 775 qua:

22 786 160 814 nominibus
174 787 257 818 ittest,
286 793 375 812 rerutn
392 792 502 820 quoque
523 785 620 812 seriem
645 791 704 812 esse
723 785 899 813 arbitrantur.

110 829 189 865 Ἡμῖν
210 830 238 856 δὲ
259 831 326 866 πρὸς
345 830 394 865 μὲν
411 831 474 862 τοὺς
496 831 557 857 οὐδὲ
571 830 639 857 εἶναι
660 831 832 866 ὑπειληφό-[ξ

22 884 72 907 τας,
84 875 170 908 οὐδεὶς
262 875 351 910 λόγος,
369 875 385 911 ἢ
407 877 471 908 τοὺς
492 876 643 913 ληροῦντας
660 878 690 905 ὲν
706 878 804 914 Ἕλλη-

22 930 65 947 σιν.
85 921 159 956 Μηδὲ
182 923 239 957 γὰρ
258 921 430 958 ἁμαρτωλῶν
452 921 535 958 ἐλαίῳ
561 923 741 958 πιανθείημεν
762 924 803 956 είς

22 969 57 993 τὸν
73 967 156 1001 λόγον.
186 968 261 1003 Πρὸς
286 968 314 994 δὲ
335 968 398 1000 τοὺς
426 967 523 999 ἄλλους
548 967 619 995 οὕτω
649 968 804 1004 διαλεξόμε-

21 1012 49 1039 θα
65 1022 70 1029 ·
143 1013 172 1040 τὸ
194 1013 309 1049 Πνεῦμα
323 1013 353 1040 τὺ
368 1013 456 1048 ἅγιον,
474 1014 490 1049 ἢ
508 1013 560 1040 τῶν
578 1013 628 1042 καθ
721 1014 800 1041 ἑαυτὸ

21 1059 209 1094 ὑφεστηκότων,
239 1059 349 1091 πάντως
373 1059 532 1091 ὑποθετέον,
554 1059 570 1094 ἢ
594 1059 647 1086 τῶν
667 1060 695 1086 ὲν
717 1060 803 1095 ἑτέρῳ

22 1104 202 1141 θεωρουμένων
218 1114 224 1120 ·
241 1103 279 1132 ὧν
299 1105 329 1132 τὸ
356 1106 416 1141 μὲν,
438 1106 531 1132 οὐσίαν
551 1106 679 1133 καλοῦσιν
695 1107 720 1133 oi
737 1107 802 1140 περὶ

21 1150 95 1176 ταῦτα
127 1151 232 1183 δεινοὶ,
257 1151 288 1178 τὸ
315 1150 364 1184 δὲ,
397 1151 581 1186 συμϐεϐηκός.
610 1151 641 1178 Εἰ
677 1151 727 1186 μὲν
755 1148 802 1179 οὖν

21 1195 197 1231 ενμΰέεηκεν,
225 1196 350 1232 ἐνέργεια
373 1195 452 1223 τοῦτο
469 1196 502 1223 ἂν
531 1197 574 1232 εἴη
591 1196 669 1225 Θεοῦ.
690 1197 722 1223 Τί
746 1202 800 1234 γαρ

20 1241 109 1276 ἕτερον,
137 1241 259 1278 ῆτίνος;
279 1243 357 1269 τοῦτο
378 1243 433 1278 γάρ
457 1251 516 1274 πως
534 1243 643 1278 μᾶλλον,
661 1243 708 1270 καὶ
734 1246 800 1278 φεύ-

20 1296 53 1320 γει
83 1287 214 1315 σύνθεσιν.
253 1288 310 1316 Καὶ
339 1289 363 1315 εί
401 1289 545 1325 ἐνέργεια,
587 1290 800 1326 ἐνεργηθήσεται

20 1332 125 1368 δηλονότι
150 1351 158 1365 ,
247 1335 298 1362 οὐκ
324 1335 477 1372 ἐνεργήσει,
502 1336 549 1362 καὶ
574 1335 642 1371 ὁμοῦ
662 1336 702 1371 τῷ
727 1336 800 1373 ἐνερ-

20 1377 131 1413 γηθῆναι,
147 1378 293 1406 παύσεται.
315 1379 441 1407 Τοιοῦτον
460 1380 515 1416 γὰρ
540 1381 557 1416 ὴ
581 1381 717 1417 ἐνέργεια.
736 1381 799 1414 Πῶς

20 1421 54 1449 ὧν
74 1425 184 1460 ἐνεργεῖ,
206 1425 253 1452 καὶ
275 1425 337 1453 τάδε
356 1425 442 1460 λέγει,
460 1426 507 1453 καὶ
524 1427 659 1463 ἀφορίζει,
683 1427 731 1454 καὶ
750 1427 798 1454 λυ-

20 1470 103 1502 πεῖτςιι,
121 1471 167 1497 καὶ
184 1471 378 1507 παροξύνεται,
396 1472 444 1498 καὶ
459 1472 509 1499 ὅσα
525 1472 686 1508 κινουμένου
704 1473 797 1508 σαφῶς

937 830 992 859 Nos
1003 838 1079 863 vero,
1095 837 1144 859 nec
1157 838 1218 859 cum
1234 831 1267 858 iis
1295 831 1340 865 qui
1367 839 1400 858 ne
1426 831 1558 866 Spiritum
1570 834 1632 867 qui-

844 877 905 905 dem
916 884 976 904 esse
997 881 1120 909 censent,
1148 884 1197 904 nec
1224 884 1284 904 cum
1317 878 1494 912 nugatoribus
1516 879 1634 906 ethnici.-

844 921 926 950 verba
943 921 987 948 illa
1004 921 1242 948 comtnutabimus.
1270 920 1346 948 Absit
1373 922 1444 948 enint
1467 926 1496 949 ut
1510 929 1635 957 peccato-

844 975 903 995 rum
920 967 981 995 oleo
994 974 1147 995 sermonem
1161 972 1282 994 nostrum
1301 967 1500 1002 impingnemus
1535 967 1554 995 '.
1566 968 1632 996 Cum

842 1013 950 1041 caeteris
966 1018 1056 1041 autem
1071 1013 1104 1040 ad
1125 1013 1196 1040 hunc
1209 1013 1317 1040 modutn
1343 1013 1558 1048 disputabimus:
1573 1014 1634 1049 Spi-

843 1061 912 1088 ritus
926 1064 1046 1093 sanctus,
1074 1059 1116 1086 vel
1132 1067 1166 1086 ex
1189 1066 1283 1086 eorum
1313 1067 1435 1092 numero,
1462 1067 1521 1094 qua?
1539 1068 1588 1095 per
1604 1069 1632 1088 Si!

843 1106 1005 1138 subsistunt,
1031 1105 1142 1132 omnino
1173 1105 1335 1132 statuendus
1359 1109 1412 1136 est,
1439 1105 1482 1132 vel
1511 1105 1582 1131 inter
1598 1114 1629 1131 ea

841 1152 1024 1184 collocandus,
1051 1159 1111 1186 qua:
1136 1151 1163 1178 in
1191 1151 1243 1178 alio
1265 1151 1492 1183 considerantur;
1512 1158 1628 1185 quorum

842 1199 956 1226 alterum
973 1197 1165 1229 substantiam,
1184 1196 1299 1223 alterunt
1314 1197 1441 1224 accidens
1469 1197 1630 1230 vocant,qui

842 1243 936 1270 harttm
954 1250 1044 1270 rerum
1065 1241 1206 1269 scientiam
1224 1241 1334 1268 callent.
1365 1241 1404 1268 Ac
1421 1241 1444 1268 si
1458 1241 1566 1276 quidem
1583 1249 1629 1268 ac-

841 1289 944 1320 cidens,
956 1289 997 1314 vis
1011 1288 1103 1322 utique
1119 1293 1146 1315 et
1178 1287 1296 1314 facultas
1320 1287 1445 1320 quaedam
1478 1287 1523 1313 Dei
1539 1286 1628 1313 fuerit.

841 1335 909 1368 Quid
926 1335 997 1362 enirn
1015 1334 1099 1366 aliud,
1127 1338 1174 1360 aut
1198 1332 1295 1368 cujus?
1324 1331 1380 1359 Hoc
1405 1332 1528 1367 profecto
1545 1333 1629 1366 magis

841 1385 1063 1412 consentaneum,
1091 1377 1350 1414 compositionisque
1372 1385 1479 1412 expers.
1506 1377 1534 1405 Si
1550 1378 1630 1404 viset

841 1426 967 1458 faettltas,
985 1431 1079 1461 agetur
1093 1425 1163 1453 haud
1178 1425 1270 1458 dubie,
1291 1433 1344 1453 non
1371 1429 1432 1459 aget
1452 1432 1459 1451 :
1483 1424 1628 1458 simulque,

840 1477 869 1499 ut
886 1477 962 1500 actus
975 1472 1068 1504 fuerit,
1085 1472 1200 1499 desinet.
1223 1471 1366 1507 Ejusmodi
1394 1471 1494 1506 quippe
1519 1474 1561 1498 est
1586 1477 1629 1496 ac-

19 1514 87 1547 ὲςτιν,
101 1516 129 1543 οὐ
145 1518 277 1552 κινήσεως
291 1527 297 1550 ;
314 1517 346 1544 El
359 1517 386 1544 δὲ
400 1518 480 1544 οὐσία
494 1526 545 1550 τις,
557 1518 588 1545 οὐ
603 1517 657 1545 τῶν
669 1519 733 1554 περὶ
748 1518 789 1554 τὴι

841 1521 883 1545 tus
906 1523 1014 1545 natura.
1044 1516 1093 1550 Qui
1122 1516 1151 1545 αι
1172 1524 1255 1551 ergo,
1293 1522 1324 1544 ut
1345 1521 1408 1552 agat
1436 1517 1514 1551 ipse,
1548 1520 1628 1550 atque

19 1560 103 1593 ὶῦσίαν,
132 1563 191 1598 ἦτοι
221 1563 324 1599 κτίσμα
352 1563 575 1599 ὑποληφοήσεται
597 1584 604 1596 ,
682 1563 793 1600 ἢθεός·

19 1605 85 1639 μέσον
99 1608 151 1644 γάρ
166 1617 192 1634 τι
209 1607 324 1642 τούτων,
340 1608 399 1644 ἦτοι
424 1609 572 1645 μηδετέρου
592 1609 715 1645 μετέχον,
731 1609 747 1645 ἤ
766 1610 796 1643 ἐξ

19 1651 103 1685 ἀμφοῖν
118 1653 257 1686 σύνθετον,
273 1653 327 1680 οὐδ’
342 1653 376 1680 ἂν
387 1654 412 1680 οἱ
427 1654 489 1686 τοὺς
505 1655 692 1690 τραγελάφους
709 1655 794 1682 πλάτ-

19 1705 94 1728 τοντες
107 1699 271 1735 ὲννοήσαιεν.
293 1699 363 1726 Ἀλλ’
375 1699 399 1726 εί
412 1699 461 1735 μὲν
474 1700 585 1736 κτίσμα,
599 1701 658 1733 πῶς
673 1702 712 1734 εἰς
728 1701 795 1728 αὐτὸ

19 1743 171 1779 πιστεύομεν,
186 1745 204 1781 ἢ
221 1746 251 1772 ἐν
271 1745 346 1781 αὺτῷ
361 1745 555 1782 τελειούμεθα;
576 1747 606 1773 οὐ
624 1747 679 1783 γὰρ
694 1747 794 1774 ταυτόν

19 1797 62 1816 ῑςτι
78 1791 211 1818 πιστεύειν
231 1791 271 1824 είς
288 1800 326 1824 τι,
347 1792 394 1819 καὶ
411 1792 476 1827 περὶ
496 1792 578 1819 αὑτοῦ
594 1793 741 1820 πιστεύειν.
757 1793 793 1820 To

19 1833 55 1859 ιὲν
75 1835 125 1871 γάρ
148 1837 207 1863 ἐστι
226 1835 363 1872 θεότητος,
387 1836 418 1863 τὸ
441 1836 469 1863 δὲ
496 1837 597 1869 παντὸς
617 1837 791 1873 πράγματος.

19 1879 40 1905 Ei
52 1880 77 1906 δὲ
92 1881 164 1914 Θεὸς,
182 1882 241 1909 ἀλλ’
256 1883 287 1909 οὑ
304 1883 418 1918 κτίσμα,
440 1883 501 1910 οὐδὲ
518 1883 636 1919 ποίημα.
649 1884 710 1910 οὐδὲ
728 1880 792 1911 σύν-

19 1925 100 1958 ῖουλον,
112 1928 163 1954 οὐδ’
178 1929 248 1959 ὅλως
263 1929 290 1955 τὶ
308 1928 362 1955 τῶν
379 1930 516 1956 ταπεινῶν
533 1930 684 1964 ὀνομάτων.

842 1564 898 1591 haec
910 1568 937 1590 ct
952 1563 996 1590 illa
1012 1563 1093 1595 dicat,
1108 1568 1136 1590 et
1160 1566 1285 1597 segreget
1304 1561 1314 1577 ¹
1330 1581 1339 1595 ,
1360 1566 1387 1589 et
1405 1561 1582 1588 contristetur
1600 1561 1627 1592 ⁸,

840 1614 869 1637 et
879 1609 911 1636 ad
925 1609 991 1636 iram
1007 1608 1145 1641 incitetur,
1180 1612 1209 1636 et
1237 1615 1406 1642 quaecunque
1431 1607 1470 1634 rei
1486 1611 1558 1634 motu
1573 1607 1629 1641 agi-

843 1659 904 1681 tata:
921 1653 1062 1688 perspicue
1084 1658 1158 1686 sunt,
1186 1659 1238 1680 n0n
1259 1657 1348 1679 autent
1375 1652 1501 1679 motionis
1529 1652 1629 1686 ipsius?

840 1700 887 1726 Sin
903 1704 992 1726 autem
1006 1698 1155 1726 substantia
1167 1702 1218 1731 est,
1231 1705 1284 1725 non
1293 1697 1433 1729 accidens,
1447 1697 1490 1723 vel
1503 1701 1629 1723 creatura

838 1746 1002 1778 censebitur,
1031 1745 1073 1772 vel
1096 1745 1176 1772 Deus.
1206 1743 1324 1772 Medium
1352 1743 1424 1771 ettim
1441 1742 1543 1778 aliquid
1556 1743 1628 1769 inter

839 1791 906 1823 hare,
916 1795 962 1818 aut
974 1791 1044 1825 quod
1059 1790 1184 1818 neutrius
1199 1791 1336 1825 particeps
1350 1789 1397 1820 sit,
1410 1793 1459 1815 aut
1469 1796 1502 1815 ex
1512 1793 1629 1822 utroque

837 1837 1016 1872 compositum
1134 1840 1215 1870 atque
1235 1834 1397 1866 conﬂatum,
1427 1841 1461 1861 ne
1472 1834 1489 1861 ii
1507 1834 1626 1868 quidem,

837 1882 882 1917 qni
900 1882 1068 1917 tragclaphos
1081 1881 1284 1913 confinxerunt,
1298 1880 1450 1916 intelligere
1467 1885 1579 1914 queant.
1597 1880 1637 1907 Si.

837 1932 973 1958 creatura,
988 1927 1121 1961 quomodo
1138 1927 1164 1953 itt
1182 1933 1243 1953 cum
1259 1926 1407 1958 credimus,
1420 1931 1467 1953 aut
1480 1926 1506 1952 in
1521 1933 1553 1953 eo
1567 1933 1626 1959 pcr-

21 1972 119 2000 tcimnr?
131 1973 223 2008 Neque
237 1973 310 2001 enim
338 1972 409 2000 idern
435 1977 487 2005 est,
504 1973 614 1999 credere
640 1971 666 1998 in
682 1971 794 2006 aliquid,
811 1977 837 2000 et
870 1974 982 2002 credere
1001 1974 1034 2002 de
1061 1974 1161 2009 aliquo.
1175 1975 1244 2003 Illud
1258 1976 1329 2003 enint
1347 1976 1480 2004 divinitati
1491 1978 1627 2010 convenit,

21 2027 54 2045 ioc
64 2021 166 2048 cuilibet
181 2022 231 2048 rei.
248 2021 275 2049 Si
288 2025 378 2048 autem
400 2019 481 2051 Deus,
505 2024 579 2046 certe
616 2026 666 2046 nec
695 2024 820 2048 creatura
840 2027 892 2053 cst.
908 2030 956 2049 nt-c
974 2022 1090 2054 factura,
1109 2031 1156 2049 nec
1172 2031 1328 2055 conservus,
1345 2033 1394 2052 ttcc
1411 2025 1527 2059 denique
1545 2026 1626 2052 ullum

19 2066 70 2094 tliud
86 2068 181 2096 humile
197 2072 277 2102 atque
291 2067 423 2101 abiectum
437 2073 543 2094 nomen.

88 2115 216 2142 Ἐνταῦοα
229 2115 275 2146 σὸς
289 2116 303 2141 ό
318 2115 407 2148 λόγος,
424 2115 451 2141 αἱ
469 2113 610 2148 σφενδόναι
624 2122 655 2140 πε
661 2113 783 2149 μπέσθω-

19 2165 60 2191 ῖιν,
69 2160 92 2185 οἱ
106 2161 278 2196 συλλογισμοὶ
288 2159 492 2186 πλεκέσθωσαν.
508 2159 543 2185 ’Ἦ
557 2159 704 2194 ἀγέννητον
719 2159 786 2186 πάν-

19 2206 90 2241 ’ωςιῆ
115 2207 253 2241 γεννητόν.
286 2206 340 2233 Καὶ
365 2207 389 2232 εἰ
421 2206 470 2241 μὲν
497 2205 656 2241 ἀγέννητον,
684 2206 731 2232 δύο
751 2207 785 2233 τὰ

19 2249 109 2285 imple.
127 2253 157 2278 Et
173 2252 201 2278 δὲ
220 2252 359 2287 γεννητὸν,
373 2250 524 2285 ὑποδιαίρει
609 2250 703 2277 πάλιν·
721 2251 737 2286 ἢ
753 2252 785 2278 εκ

19 2294 46 2320 οὗ
60 2296 158 2333 Harpe;
177 2296 267 2328 τοῦτο,
286 2297 302 2332 ἢ
321 2298 352 2324 ὲκ
363 2297 410 2323 τοῦ
428 2296 504 2323 Υίοῦ.
518 2297 573 2324 Καὶ
589 2297 613 2323 εἰ
631 2297 681 2332 μὲν
694 2298 725 2323 ἐκ
738 2296 784 2323 τοῦ

21 2341 111 2377 Ιατρὺς,
130 2344 189 2370 Υἱοὶ
204 2344 250 2370 δύο
268 2344 315 2370 καὶ
329 2343 448 2378 ἀδελφοί.
464 2343 500 2369 Σὺ
514 2342 543 2369 δέ
561 2351 606 2378 μοι
622 2342 721 2369 πλάττε
739 2343 784 2369 καὶ

19 2385 128 2420 ηιὸύμους,
142 2389 166 2414 εἰ
182 2389 281 2424 βούλει,
300 2388 316 2424 ἢ
340 2388 385 2415 τὸν
410 2388 460 2423 μὲν
483 2387 677 2422 πρεσῦύτερον,
696 2387 742 2414 τὸν
757 2388 785 2414 δὲ

19 2431 136 2468 ιεώτερον·
152 2434 245 2470 ἐπειδὴ
264 2434 325 2461 λίαν
343 2432 369 2460 εἶ
388 2433 587 2469 φιλοσώματος.
602 2434 633 2460 Et
644 2433 672 2460 δὲ
688 2435 719 2460 ἐχ
735 2433 784 2460 τοῦ

19 2475 73 2507 Vir»),
89 2478 199 2514 πέφηνε,
217 2479 294 2515 φησὶ,
312 2479 360 2505 καὶ
377 2479 471 2510 υἱωνὸς
487 2480 554 2514 ἡμῖν
570 2479 649 2510 Θεός⁴
666 2475 696 2505 οὗ
711 2479 737 2505 τί
752 2479 784 2506 ἂν

19 2521 100 2550 ’ἐνοιτο
115 2526 325 2561 παραδοξότερον
340 2534 347 2557 ς
368 2525 454 2552 ταῦτα
478 2525 527 2560 μὲν
549 2523 595 2552 οὖν
609 2527 633 2552 oi
647 2526 724 2560 σοφοὶ
737 2526 783 2553 τοῦ

19 2571 184 2606 ιικοποιῆσαι,
197 2571 231 2598 τὰ
241 2571 270 2597 δὲ
285 2571 374 2605 ἀγαθὰ
389 2571 506 2606 γράφειν
518 2572 548 2598 οὐ
564 2570 695 2603 θέλοντες.
713 2571 784 2606 Ἐγὼ

45 2615 66 2640 εἰ
81 2616 126 2650 μὲν
143 2617 235 2653 ἐώρων
255 2617 409 2652 ἀναγκαίαν
424 2617 472 2652 τὴν
489 2616 630 2652 διαίρεσιν,
648 2617 783 2653 ἐδεξάμην

19 2656 37 2681 ἰν
52 2662 80 2685 τὰ
93 2662 247 2698 πράγματα,
264 2663 294 2689 οὐ
315 2663 443 2698 φοϐηθεὶς
460 2663 494 2689 τὰ
509 2662 641 2698 ὀνόματα.
663 2663 701 2689 Οὐ
717 2662 781 2698 γὰρ,

19 2705 92 2742 ,πειδὴ
104 2708 170 2734 κατά
179 2717 238 2734 τινα
253 2708 344 2743 σχέσιν
355 2707 523 2744 ὑψηλοτέραν
533 2707 596 2740 Υἱὸς
609 2709 622 2735 ὁ
701 2709 762 2741 Υἱὸς
772 2728 780 2741 ,

19 2747 36 2773 ιὺ
45 2749 199 2784 δυνηθέντων
210 2754 287 2789 ἡμῶν
298 2754 395 2786 ἄλλως,
408 2754 520 2789 ἣοῦτως
530 2755 698 2788 ἐνδείξασθαι
710 2755 737 2782 —.>.
750 2757 781 2783 ἐκ

952 2113 1010 2140 Jatn
1043 2113 1132 2146 lingua
1163 2117 1206 2138 tua
1226 2113 1258 2139 ad
1282 2112 1472 2147 disputandum
1490 2114 1626 2148 prosiliat,

842 2159 932 2186 funda:
945 2159 1092 2192 jactentur,
1108 2163 1267 2192 argumenta
1285 2164 1439 2185 ncctantur.
1453 2158 1507 2185 Aut
1522 2160 1627 2194 ingeni-

803 2195 822 2221 υ
841 2209 884 2232 tus
901 2204 1011 2231 omnino
1023 2208 1074 2236 est,
1105 2203 1205 2238 inqttis,
1228 2208 1275 2230 aut
1297 2204 1413 2239 genitus.
1431 2204 1459 2232 Si
1479 2204 1626 2239 ingenitus,

840 2258 904 2285 ergo
919 2252 973 2277 duo
984 2254 1063 2276 erunt
1080 2249 1206 2283 principii
1235 2254 1369 2284 expertes.
1404 2249 1432 2276 Si
1449 2255 1537 2277 autem
1549 2251 1626 2285 geni-

840 2298 892 2326 tns,
914 2301 1008 2321 rursus
1033 2293 1198 2320 subdividis:
1227 2298 1273 2320 aut
1299 2302 1331 2321 cx
1349 2294 1428 2321 Patre
1452 2295 1558 2329 genitus
1572 2301 1625 2327 est,

839 2346 886 2367 aut
901 2348 934 2367 ex
953 2339 1031 2366 Filio.
1046 2339 1074 2366 Si
1088 2348 1119 2366 cx
1134 2339 1226 2373 Patre,
1244 2340 1297 2367 duo
1326 2340 1405 2375 igitur
1424 2346 1488 2368 sunt
1510 2341 1570 2368 Filii
1596 2349 1628 2368 at:

839 2389 946 2413 tratres.
964 2385 1099 2413 Gcntellos
1113 2385 1194 2412 etiam
1215 2386 1295 2420 tinge,
1313 2386 1334 2413 si
1351 2386 1436 2418 lttbel,
1452 2391 1499 2413 aut
1511 2387 1626 2414 alterum

840 2437 903 2459 nattt
920 2431 1061 2466 majorem,
1077 2430 1189 2458 alterunt
1203 2432 1351 2464 minorem;
1365 2439 1426 2458 ettttt
1441 2432 1477 2459 ita
1487 2434 1627 2467 corporeis

839 2478 919 2504 rebus
932 2477 1076 2503 immersus
1097 2485 1136 2504 cs.
1155 2477 1182 2504 Si
1200 2483 1288 2503 autent
1305 2485 1336 2504 ex
1360 2477 1440 2510 Filio,
1455 2478 1512 2513 jam
1535 2479 1623 2511 nobis,

839 2522 956 2556 inquies,
971 2529 1055 2556 nt-pos
1088 2521 1157 2548 Deus
1189 2523 1301 2550 exstitit.
1319 2522 1379 2556 Quo
1401 2522 1465 2556 quid
1483 2523 1625 2550 absurdin.

837 2567 900 2602 ﬁngi
916 2567 1018 2602 possit?
1050 2568 1112 2595 llaec
1136 2568 1260 2595 hotnines
1277 2568 1308 2595 ad
1340 2568 1562 2596 malefaciendum
1580 2577 1608 2596 sa

837 2613 942 2646 pientes
966 2614 978 2628 ⁸
996 2613 1178 2648 οῑίιιςυηίοςί,
1197 2614 1266 2641 bona
1297 2618 1386 2642 autent
1413 2615 1532 2642 scribere
1547 2623 1623 2642 recu-

835 2663 937 2685 santes.
960 2658 1016 2694 Ego
1031 2666 1107 2692 vero,
1135 2659 1156 2685 si
1175 2659 1334 2686 divisionem
1356 2660 1425 2687 ltattc
1442 2660 1622 2687 necessariam

835 2704 965 2735 riderent,
997 2712 1039 2731 res
1068 2705 1138 2740 ipsas
1170 2705 1292 2740 profecto
1321 2705 1620 2740 excepissent,nomina

836 2750 902 2776 nihil
922 2751 1032 2777 veritus.
1049 2751 1105 2778 Non
1127 2753 1209 2782 enini,
1234 2752 1298 2786 quia
1317 2751 1467 2779 sccundutn
1486 2751 1617 2779 excelsio-

48 2826 54 2840 ‘
71 2826 132 2855 l‘sal.
148 2838 206 2863 ch,
219 2831 245 2858 5.
286 2831 296 2847 ¹
312 2832 370 2859 Act.
388 2838 445 2864 Mli,
459 2838 482 2858 ι.
522 2831 532 2848 ³
547 2822 648 2866 Epltcs.
670 2841 706 2865 ιν,
726 2831 772 2859 5U.

837 2830 934 2860 lcrcm.
950 2840 986 2864 tv,
1004 2833 1049 2859 22.
