1873 3076
29 121 83 154 825
506 121 693 153 PANOPLIA
711 121 940 154 DOGMATICA.
957 133 990 140 -
1010 121 1084 153 ΤιΤ.
1102 121 1174 154 ΧΠ.
1595 123 1650 155 826

30 192 59 218 δὲ
88 209 97 220 .
167 187 240 216 τοῦθ’
261 187 329 222 δτερ
344 186 472 221 λεγεται,
490 184 603 219 Πνεῦμα
629 184 706 219 ἅγιον
730 191 768 219 πρ

909 192 975 216 ctum
992 193 1044 222 est,
1060 192 1089 216 ut
1102 188 1171 216 alius
1186 187 1275 222 Pater,
1297 188 1365 216 alius
1386 187 1480 220 Filius,
1495 188 1565 216 alius
1586 187 1648 220 Sni-

29 235 189 270 ηγόρευσεν,
200 233 243 259 ἴνα
255 231 285 258 τὸ
295 230 446 265 ἁσύγχυτον
459 228 576 264 σώζηται
589 228 643 254 τῶν
656 227 738 264 τριῶν
755 227 768 254 ὑ

905 241 925 262 is
935 239 1046 262 sanctus
1063 232 1221 268 appelletur,
1237 237 1318 267 alque
1343 233 1379 259 ita
1398 233 1539 260 ineontusa
1563 234 1644 261 trium

31 280 152 307 στάσεων
168 279 196 305 ὲν
210 278 243 312 τῇ
262 278 312 312 μιᾷ
326 276 406 312 φύσει
420 284 449 302 τε
466 275 512 302 καὶ
526 274 589 309 ἀξίᾳ
609 273 659 308 τῆς
679 273 770 308 θεότητ

908 286 1030 306 tonarum
1046 278 1183 305 distinctio
1201 278 1228 305 in
1255 286 1307 305 una
1330 279 1477 306 divinitatis
1501 285 1596 306 natura
1622 276 1647 306 et

32 325 101 352 Οὔτε
116 324 171 360 γὰρ
184 324 198 350 ὁ
213 323 275 353 Υἱὸς
290 323 386 358 Πατὴρ
398 319 449 358 (εἷς
466 321 520 356 γὰρ
539 319 655 354 Πατὴρ),
677 318 732 345 ἀλλ’
748 319 771 345 ὅτ

909 325 983 351 ritate
997 327 1182 351 conservetur.
1198 323 1288 358 Neque
1302 323 1373 350 enim
1390 323 1474 350 Filius
1497 328 1539 350 est
1568 323 1648 350 Pater

31 372 45 397 ὁ
58 370 152 405 Πατήρ
163 378 169 384 -
185 368 247 396 οὔτε
260 368 290 394 τὸ
304 367 416 402 Πνεῦμα
430 367 492 398 Υίὺς
511 386 518 398 ,
583 365 624 392 ὃτι
639 365 672 391 ὲκ
684 363 731 390 τοῦ
749 362 769 389 Θ

909 377 939 396 us
950 369 1020 397 enim
1035 373 1075 396 est
1091 368 1198 403 Pater),
1222 370 1268 396 sed
1285 373 1326 395 est
1346 368 1370 395 id
1391 369 1462 402 quod
1484 368 1564 395 Pater
1579 377 1585 396 :
1600 376 1647 396 nec

34 413 84 447 ἐἷς
107 415 162 451 γὰρ
184 416 199 442 ὸ
218 414 399 449 Μονογενὴς),
423 412 479 439 ἀλλ’
503 412 571 447 ὅπερ
593 412 607 438 ὁ
630 410 708 442 Υἱός·
731 409 759 436 ἓν

908 416 972 442 rittts
992 419 1032 442 est
1054 414 1149 446 Filius,
1177 415 1237 448 quia
1260 421 1293 440 ex
1312 413 1366 440 Deo
1389 418 1430 440 est
1461 413 1549 449 (unus
1577 414 1647 440 enim

32 462 95 497 τρία
110 463 144 496 τῇ
162 460 279 495 θεότητι,
296 460 341 486 καὶ
354 459 384 485 τὸ
406 459 434 484 ἓν
454 458 516 494 τρία
529 458 588 488 ταῖς
609 456 750 491 ἰδιότησιν

909 461 1054 496 genitus),
1081 461 1127 487 sed
1155 465 1195 487 est
1215 460 1240 487 id
1269 460 1339 494 qttod
1363 459 1447 487 Filius
1471 468 1478 486 :
1505 460 1555 486 tria
1591 459 1648 485 hac

35 507 103 541 μήτε
117 506 146 532 τὸ
161 506 190 532 ἓν
208 505 351 531 magna»;
364 502 391 541 ᾖ.
412 503 480 539 μήτε
498 502 531 529 τὰ
548 502 611 538 τρία
629 501 679 536 τῆς
698 508 774 534 πονηι

424 503 480 538 ιὴτε
498 502 531 529 τὰ
548 502 611 538 τρία
629 501 679 536 τῆς
698 499 818 534 πονηρᾶς
856 515 948 539 unum,
963 507 984 534 si
997 507 1163 534 divinitatem

33 551 80 578 νῦν
166 551 332 586 διαιρέσεως.

1273 510 1392 540 spectes,
1408 511 1434 533 et
1450 514 1530 532 unum
1549 505 1610 537 tria,
1626 505 1648 532 si

857 554 1051 589 proprietatum
1066 553 1194 579 rationem
1215 552 1330 584 habeas;
1348 557 1375 578 ut
1391 559 1439 578 nec
1456 559 1538 577 unum
1557 550 1651 578 Sabel-

856 599 892 626 lio
906 600 1002 630 faveat,
1030 606 1079 625 nec
1103 598 1155 624 tria
1193 597 1326 632 pestifera:
1350 597 1494 628 divisioni,
1512 604 1571 631 quae
1600 597 1650 623 hac

858 650 1016 681 tempestate
1027 645 1108 680 viget.

120 685 153 712 Τί
169 683 230 717 οὖν;
255 683 320 715 Θεὸς
342 682 372 709 τὸ
395 682 523 718 Πνεῦμα;
548 681 621 708 Πάνυ
645 688 688 715 γε.
708 679 741 706 Τί
762 676 821 712 οὖν,

914 676 921 681 1
941 692 1009 725 Quid
1022 676 1105 726 ergo?
1116 689 1233 724 Spiritus
1247 694 1356 717 sanctus
1368 693 1408 715 est
1423 688 1511 715 Deus?
1523 687 1647 714 Maxime.

36 732 194 768 δμοοὺσιον;
210 729 295 765 Εἴπερ
313 728 389 761 Θεὸς.
410 729 459 760 Δὸς
480 726 526 755 οὖν
544 736 598 763 μοι,
614 726 705 762 φησὶν,
725 726 757 752 ὲκ
774 737 775 741 η

908 736 1097 765 tsubstaulialis
1125 735 1224 770 igitur?
1257 733 1388 765 Prorsus,
1409 733 1543 766 siquidem
1567 732 1647 758 Deus.

37 777 132 808 αὑτοῦ,
148 777 178 803 τὸ
202 776 251 811 μὲν
271 775 344 807 Υἱδν,
365 775 396 800 τὸ
412 774 440 800 δὲ
454 774 502 809 οὐχ
520 773 593 806 Υἱὺν,
611 770 670 798 εἶτα
681 770 776 807 δμοούσ

911 785 992 820 igitur
1008 783 1084 814 mihi,
1103 781 1202 816 inquis,
1217 788 1250 808 ex
1264 779 1356 807 eodem
1372 779 1442 806 aliud
1458 785 1517 805 esse
1540 777 1648 808 Filium,

38 823 84 850 καὶ
107 823 220 857 δέχομαι
318 820 394 851 Θεὸν,
415 820 462 846 καὶ
481 820 557 846 Θεόν.
581 819 630 850 Δός
654 827 699 854 μοι
721 818 768 844 καὶ

909 818 932 856 id
946 849 953 862 ,
969 829 1040 863 qttod
1059 827 1143 854 Filius
1163 834 1215 853 non
1230 825 1275 857 sit,
1289 829 1317 851 et
1336 828 1425 850 tamen
1450 823 1570 857 ejusdem
1589 829 1648 849 cum

36 869 114 896 ἄλλον
128 868 204 898 θεὸν,
220 866 267 893 καὶ
285 865 365 898 φύσιν
382 865 460 898 Θεοῦ,
477 864 525 891 καὶ
546 863 624 890 δώσω
717 871 757 889 σοι
774 874 775 879 η

919 875 1085 908 substantire,
1106 882 1136 900 ac
1152 873 1246 905 Deum,
1263 876 1289 898 et
1304 871 1387 898 Deum
1403 871 1553 897 admittam.
1571 869 1606 896 Da
1620 874 1647 896 tu

37 915 121 950 αὐτὴν
142 913 245 949 Τριάδα
273 911 341 947 μετὰ
366 911 420 937 τῶν
446 910 535 937 αὐτῶν
561 910 702 946 ὀνομάτων
727 918 757 935 τε

907 928 966 956 ique
979 920 1044 947 mihi
1059 920 1140 946 Deum
1155 917 1247 948 alium,
1274 916 1374 950 Deique
1397 920 1532 945 naturam.
1550 919 1578 941 et
1601 914 1646 941 tibi

38 960 220 996 πραγμάτων.
237 959 267 985 Ei
287 957 315 984 δὲ
335 954 374 988 εἷς
391 957 405 983 ὁ
419 956 485 987 Θεός
500 965 529 982 τε
544 956 591 982 καὶ
681 955 729 990 μία
746 954 777 988 cpt:

910 954 981 993 idem
998 964 1158 992 Trinitatem
1172 969 1231 989 eum
1250 961 1344 988 iisdeui
1361 959 1515 986 nominibus
1527 966 1558 985 ac
1570 958 1649 986 rebus

39 1008 56 1042 ἡ
76 1006 217 1035 ἀνωτάτω,
232 1002 313 1029 πόθεν
330 1001 495 1036 παραστήσω
511 1009 551 1026 σοι
564 1000 613 1034 τὴν
629 999 774 1035 ὁμοίωσιν;

909 1020 941 1040 ιο.
954 1012 1020 1040 Cum
1040 1017 1103 1038 vero
1119 1009 1188 1036 Deus
1199 1015 1280 1039 unus,
1293 1011 1372 1041 atque
1389 1013 1441 1033 una
1458 1011 1585 1039 suprema
1601 1011 1648 1030 na-

39 1051 132 1085 ζητεῖς
230 1047 310 1074 πάλιν
332 1047 364 1072 ὲκ
382 1045 436 1072 τῶν
457 1045 532 1072 κάτω
555 1045 602 1071 καὶ
623 1044 677 1070 τῶν
693 1044 756 1078 περὶ

908 1066 921 1085 a
935 1058 980 1089 sit,
994 1056 1064 1083 utule
1089 1054 1195 1082 tandem
1212 1052 1415 1079 similitudinem
1429 1050 1475 1077 tibi
1499 1056 1646 1084 reprtesen-

39 1098 107 1123 Δίαν
134 1095 182 1130 μὲν
207 1093 329 1128 αἰσχρὸν,
353 1092 401 1118 καὶ
427 1091 477 1117 οὐκ
505 1090 617 1126 αἰσχρὸν
645 1089 734 1125 μόνον,
760 1089 777 1115 ὰ

913 1103 1000 1132 οἳᾹη
1027 1107 1120 1128 rursus
1145 1098 1265 1134 postulas
1290 1105 1323 1124 ex
1344 1096 1459 1123 terrenis
1477 1099 1504 1122 et
1529 1094 1652 1122 humanis

41 1142 89 1168 καὶ
109 1141 222 1176 μάταιον
244 1137 385 1171 επιεικῶς,
406 1138 439 1163 ὲκ
465 1136 518 1163 τῶν
539 1136 615 1163 κάτω
631 1135 683 1162 τῶν
700 1133 756 1161 ἅνω
779 1145 780 1150 η

912 1157 920 1176 ι
934 1147 1012 1176 duci?
1024 1146 1106 1174 Valde
1117 1133 1236 1180 profecto
1252 1148 1329 1177 turpe
1344 1146 1394 1173 est,
1411 1149 1459 1169 nec
1473 1146 1550 1175 turpe
1563 1140 1651 1172 modo,

41 1188 166 1214 εἰκασίαν
187 1185 345 1220 λαμῦάνειν,
359 1182 472 1210 καὶτῶν
497 1182 631 1216 ἀκινήτων
650 1181 683 1207 ὲκ
698 1179 748 1214 τῆς
766 1180 780 1214 ῤ

927 1194 1008 1221 etiam
1019 1192 1096 1219 valde
1107 1179 1220 1218 stultum
1240 1194 1268 1216 et
1282 1189 1372 1218 inane.
1387 1194 1420 1214 ex
1448 1186 1595 1213 huntilibus
1611 1192 1653 1211 re-

43 1233 110 1266 στῆς
137 1230 255 1265 φύσεως,
283 1228 348 1261 καὶ,
372 1228 386 1253 ὃ
404 1234 486 1262 φησιν
507 1226 631 1257 Ἡσαΐας,
656 1224 782 1260 ὲκζητεῖσ

913 1258 924 1272 η,
939 1245 1096 1274 superarum
1113 1234 1315 1268 cwlestiumque
1337 1231 1510 1259 simulacrum
1535 1236 1652 1261 sumere,

42 1276 77 1303 τὰ
100 1275 190 1307 ζῶντα
287 1274 315 1299 ὲν
331 1274 387 1304 τοῖς
411 1272 526 1308 νεκροῖς.
541 1272 634 1306 Ὅμως
648 1271 676 1298 δὲ
701 1270 781 1306 πειρά

914 1270 1008 1319 umque
1024 1287 1157 1310 certarum
1173 1284 1252 1313 atque
1263 1275 1444 1304 constantium
1462 1282 1495 1301 ex
1511 1273 1580 1300 ﬂuxa
1597 1273 1653 1299 fra-

45 1330 106 1356 p.1v.,
123 1319 172 1355 σὴν
188 1319 278 1354 χάριν,
294 1317 440 1344 κάντεῦθεν
453 1316 542 1343 δοῦναί
558 1324 619 1343 τινα
635 1316 673 1352 τῷ
757 1315 784 1341 λέ

916 1315 1089 1366 τιιιθίιιιιυιςι,
1102 1326 1226 1360 quodque
1250 1323 1332 1350 Isaias
1350 1322 1387 1348 ait
1406 1319 1522 1347 viventia
1541 1320 1567 1345 in
1583 1325 1655 1345 mor-

45 1366 181 1401 βοήθειαν.
210 1365 251 1391 Τὰ
281 1363 330 1399 μὲν
353 1361 398 1390 οὗν
422 1362 489 1389 ἄλλα
518 1362 651 1397 παρήσειν
679 1370 724 1396 μοι
747 1361 784 1387 δοῖ

916 1360 1062 1410 ητείιιιῙι-θτο
1085 1371 1141 1398 '.Et
1149 1375 1237 1397 tamen
1248 1368 1366 1399 adnitar,
1376 1365 1484 1400 quando
1494 1365 1530 1390 ita
1542 1363 1655 1396 vis,ltine

46 1411 133 1438 πολλὰ
149 1410 182 1437 ἂν
206 1409 274 1444 ἔχων
293 1409 325 1436 ὲκ
348 1409 396 1443 τῆς
412 1408 476 1444 περὶ
503 1407 579 1440 ζώων
597 1407 715 1443 inopiae;
730 1407 785 1433 εἰπε

916 1406 972 1456 que-
995 1416 1148 1446 nonnullam
1177 1412 1292 1441 orationi
1320 1415 1419 1438 nostrae
1445 1415 1523 1442 opetn
1549 1406 1655 1458 aﬂerre.

44 1457 82 1483 τὰ
99 1457 147 1492 μὲν
169 1456 234 1491 ἡμῖν
249 1454 384 1496 γνώριμα,
405 1454 439 1480 τὰ
460 1454 488 1480 δὲ
503 1454 557 1484 τοῖς
572 1453 685 1486 ὀλίγοιςε
702 1453 752 1479 ὅσα
772 1461 783 1478 t1

921 1451 952 1494 tie
965 1464 1016 1492 alia
1033 1462 1140 1498 quidem
1166 1456 1392 1494 praetermittenda
1405 1455 1483 1485 duco,
1497 1453 1547 1480 etsi
1574 1451 1656 1478 multa

45 1502 97 1534 τὰς
123 1502 177 1528 τῶν
202 1499 280 1532 ζώων
305 1499 459 1534 γενέσειςή
487 1498 567 1532 φύσις
595 1498 784 1533 ἐφιλοτεχνήσσ

917 1509 1070 1539 animalium
1090 1505 1202 1534 historia
1229 1508 1443 1531 commemorare
1458 1506 1566 1534 queam,
1596 1505 1656 1532 par-

45 1546 195 1574 Γεννᾶσθαι
212 1545 265 1580 γὰρ
281 1545 399 1579 λέγεται,
417 1545 466 1571 οὐκ
486 1545 518 1570 ὲκ
535 1543 589 1570 τῶν
611 1543 698 1569 αὐτῶν
714 1543 746 1569 τὰ
763 1551 784 1569 αι

935 1557 1012 1584 nobis
1038 1558 1111 1584 nota,
1127 1550 1222 1586 partim
1248 1547 1341 1583 paucis
1365 1546 1482 1580 cognita.
1500 1552 1559 1578 «piae
1585 1543 1656 1570 circa

47 1594 139 1629 μόνον,
160 1591 219 1618 οὐδὲ
234 1591 263 1623 ἐξ
285 1591 384 1625 ἑτέρων
399 1591 481 1625 ἕτερα
500 1607 508 1620 ,
583 1588 650 1615 ἀλλὰ
665 1589 712 1615 καὶ
734 1588 763 1621 ἐξ
778 1588 786 1614 ἔ

919 1602 1046 1630 mantium
1058 1603 1134 1626 ortus
1156 1603 1188 1623 ac
1210 1593 1399 1629 generationes
1419 1595 1514 1618 ttatura
1533 1590 1600 1615 miro
1618 1596 1658 1615 ar-

46 1648 102 1675 ρων
116 1638 151 1664 τὰ
167 1635 246 1669 αὐτὰ,
260 1636 306 1663 καὶ
319 1637 351 1663 ὲκ
366 1635 419 1662 τῶν
430 1635 519 1662 αὐτῶν
533 1634 623 1670 ἕτερα.
636 1635 666 1660 Et
678 1634 706 1660 δέ

917 1649 953 1677 :io
976 1646 1068 1674 edidit.
1087 1642 1165 1676 ϐίκηέ
1180 1640 1279 1668 etenitn
1298 1638 1437 1668 dicuntur,
1460 1642 1511 1662 non
1528 1635 1606 1660 tnodo
1624 1640 1656 1660 ex

47 1684 144 1715 πιστὸς
159 1685 173 1709 ὁ
194 1683 283 1717 λόγος,
301 1683 347 1709 καὶ
366 1682 444 1713 ἄλλος
461 1681 519 1707 ἐστὶ
543 1681 642 1716 τρόπος
669 1680 786 1715 γεννήσε‹

916 1696 963 1722 lem
979 1692 1084 1721 eadem.
1104 1693 1185 1722 atque
1195 1693 1228 1713 ex
1241 1683 1354 1712 diversis
1382 1682 1505 1713 diversa;
1517 1679 1563 1707 sed
1576 1679 1655 1705 etiam

47 1730 115 1756 αὐτό
135 1738 161 1756 τι
187 1729 231 1763 ὗεν
250 1727 346 1755 ἑαυτοῦ
371 1726 564 1762 δαπανώμενον
589 1727 636 1753 καὶ
665 1726 786 1761 τικτόμεει

919 1747 961 1767 ent
976 1746 1009 1766 ex
1025 1735 1151 1765 diversis,
1176 1739 1207 1758 ac
1227 1731 1331 1757 diversa
1357 1735 1391 1755 ex
1419 1726 1524 1753 iisdetn.
1544 1723 1619 1756 Quod
1634 1722 1656 1749 si

49 1776 129 1801 Ἔστι
146 1774 174 1801 δὲ
200 1774 217 1801 ἃ
234 1773 281 1800 καὶ
306 1772 444 1805 ἐξίσταται
474 1780 533 1804 πως
560 1770 674 1803 ἑαυτῶν,
699 1770 729 1803 ἐξ
746 1770 834 1796 ἄλλων

48 1820 129 1854 ζώων
143 1820 183 1851 εὶς
197 1819 263 1846 ἄλλα
288 1817 472 1854 μεθιστάμενά
486 1825 515 1843 τε
537 1816 584 1843 καὶ
605 1815 832 1852 μεταποιούμενα,

47 1864 190 1900 φιλοτιμίᾳ
213 1863 328 1899 φύσεως.
344 1863 414 1898 Ἤδη
435 1862 464 1889 δὲ
483 1863 529 1888 καὶ
553 1860 598 1888 τοῦ
622 1860 714 1902 αὑτοῦ)
735 1860 765 1886 τὸ
785 1859 835 1895 μὲν

45 1910 77 1936 οὗ
100 1910 232 1944 γέννημα,
247 1909 277 1935 τὸ
296 1908 325 1934 δὲ
344 1907 476 1942 γέννημα,
498 1906 568 1941 πλὴν
593 1905 738 1940 ὁμοοὺσια·
755 1905 768 1932 ὂ
788 1905 835 1931 καὶ

45 1956 86 1991 τῷ
108 1955 223 1990 παρόντι
239 1962 298 1986 πως
319 1953 418 1989 μᾶλλον
439 1951 607 1987 προσέοικεν.
624 1951 673 1977 Ἓν
693 1951 721 1977 δέ
738 1959 763 1977 τι
780 1950 835 1976 τῶν

45 2001 191 2036 ἡμετέρων
214 1999 308 2031 εἰπὼν,
328 1999 342 2025 ὃ
356 1999 403 2025 καὶ
427 1998 494 2024 πᾶσι
516 1996 663 2033 γνώριμον,
685 1997 726 2030 ἐφ’
743 1996 834 2030 ἕτερον

47 2047 155 2082 μεταϐή
160 2054 240 2081 σομαι
254 2045 342 2079 λόγον.

869 1787 950 1815 etiam
967 1783 1093 1817 cuiquam
1109 1779 1187 1806 [idem
1207 1775 1271 1803 facit
1289 1773 1333 1802 hic
1355 1779 1455 1802 sermo,
1471 1770 1539 1797 alitis
1555 1773 1596 1795 est
1612 1774 1656 1802 ge-

874 1827 1020 1859 nerationis
1034 1825 1140 1857 ntodus,
1156 1828 1184 1850 ut
1208 1821 1277 1848 idem
1293 1818 1394 1846 animal
1410 1825 1424 1844 a
1440 1816 1528 1850 seipso
1556 1820 1658 1841 consu-

874 1858 962 1902 matur
977 1876 1003 1898 et
1016 1873 1181 1905 procreetur.
1194 1865 1263 1893 Sunt
1273 1864 1355 1892 etiam
1368 1869 1439 1896 quze,
1452 1860 1525 1887 velut
1541 1858 1657 1893 quadam

873 1924 973 1945 natura:
991 1913 1200 1950 magniﬁcentia,
1225 1918 1240 1938 a
1272 1910 1368 1944 seipsis
1391 1908 1588 1943 quodammodo
1613 1907 1660 1934 de-

874 1965 1002 1994 sis-cant,
1017 1965 1095 1995 atque
1108 1966 1141 1986 ex
1157 1958 1217 1985 aliis
1232 1955 1393 1983 animalibus
1405 1955 1432 1982 in
1452 1953 1502 1981 alia
1519 1957 1657 1980 transeant

874 2017 954 2044 atque
969 2009 1154 2035 inuuutentur.
1167 2002 1317 2037 Quinetiam
1335 2002 1404 2029 idem
1422 2000 1531 2032 animal.
1559 2000 1657 2034 partint

875 2064 926 2082 non
943 2054 1073 2089 genitura,
1095 2050 1192 2086 partim
1211 2049 1340 2083 genitum,
1370 2051 1397 2074 et
1415 2051 1503 2074 tamen
1534 2046 1654 2080 ejusdem

47 2095 212 2122 substantia:
231 2095 352 2130 reperire
368 2099 410 2122 est
428 2102 436 2121 :
452 2095 524 2130 quod
546 2095 656 2130 quidem
682 2094 715 2121 ad
738 2093 879 2129 praesentis
896 2095 1056 2129 quaestionis
1073 2095 1277 2123 similitudinem
1297 2097 1412 2132 propius
1442 2096 1558 2125 accedit.
1575 2095 1663 2124 Unum

47 2141 180 2176 quiddam
209 2148 243 2168 ex
273 2141 373 2168 nostris
403 2141 449 2168 ubi
478 2148 748 2172 commemoravcro,
777 2140 849 2175 quod
875 2141 956 2168 etiam
987 2141 1090 2169 nemini
1115 2142 1239 2175 ignotum
1255 2148 1314 2176 est,
1344 2144 1398 2171 alio
1421 2148 1515 2180 postea
1539 2143 1666 2170 transibit

46 2187 149 2215 oratio.

94 2233 122 2259 '0
142 2223 229 2267 ’Δδὰμ
257 2232 284 2259 τί
304 2240 369 2260 τιστε
396 2229 452 2268 ἦνς
483 2232 598 2267 Πλάσμα
626 2232 704 2260 Θεοῦ.
734 2233 767 2259 Τί
787 2231 831 2259 δαὶ

926 2229 988 2263 Quid
1017 2229 1124 2256 tandem
1157 2228 1278 2256 Adamus
1306 2230 1388 2257 erat?
1419 2230 1464 2258 Dei
1495 2230 1665 2266 ﬁgmentum.

47 2279 63 2313 ἡ
84 2275 142 2304 Εὔα
157 2286 164 2310 ;
180 2278 285 2313 Τμῆμα
297 2277 345 2304 τοῦ
363 2278 534 2314 πλάσματος.
546 2278 578 2306 Τί
591 2278 635 2305 δαὶ
652 2279 666 2305 ὁ
682 2278 734 2314 Σήθ
744 2286 752 2310 ς
763 2278 834 2313 Ἀμ-

47 2323 173 2359 ςοτέρων
199 2323 334 2359 γέννημα.
362 2322 428 2359 'Ap‘
449 2322 496 2351 οὖν
513 2324 610 2351 ταυτόν
638 2332 681 2350 σοι
708 2324 834 2358 φαίνεται

48 2369 176 2404 πλάσμα,
193 2369 241 2396 καὶ
253 2370 360 2404 τμῆμα,
375 2371 422 2396 καὶ
435 2370 572 2405 γέννημα;
585 2369 648 2402 Πῶς
656 2369 686 2396 οὗ
698 2369 833 2404 ;¹ομοού-

52 2424 102 2441 cia
121 2415 150 2442 δὲ
165 2414 263 2448 ταῦτα,
282 2415 298 2450 ἢ
314 2415 357 2449 τί;
383 2416 444 2447 Πῶς
475 2415 497 2442 δ’
512 2414 561 2449 ob;
582 2415 765 2450 Ὠμολόγηται
779 2415 835 2444 ,οὖν

49 2462 101 2488 καὶ
115 2461 149 2487 τὰ
162 2461 298 2496 διαφόρως
326 2461 481 2488 ὑποστάντα
510 2461 561 2496 τῆς
591 2462 675 2496 αὐτῆς
693 2459 764 2488 εἶναι
788 2462 836 2488 οὺ-

52 2507 116 2537 σίας
134 2506 303 2541 ἐνδέχεσθαι.
320 2506 400 2540 Λέγω
416 2506 554 2540 δὲταῦτα,
570 2507 620 2534 οὐκ
637 2507 685 2534 ἐπὶ
711 2509 761 2542 τὴν
779 2507 837 2533 θεό-

54 2560 126 2586 τητα
141 2551 232 2586 φέρων
251 2552 300 2586 τὴν
313 2552 423 2585 πλάσιν,
436 2552 452 2587 ἢ
466 2552 516 2588 τὴν
533 2552 630 2587 τομὴν,
648 2553 665 2588 ἦ
679 2561 706 2579 τι
720 2553 774 2578 τῶν
787 2553 838 2579 ὅσα

54 2597 184 2631 σώματος
195 2596 243 2631 (μή
262 2598 357 2631 μοίτις
370 2597 527 2632 ὲτιιφυέσθω
548 2597 629 2624 πάλιν
644 2597 699 2624 τῶν
718 2598 839 2633 λογομά-

53 2643 135 2677 χων),
149 2643 247 2669 ὲπεὶδὲ
265 2643 367 2670 τούτων
381 2644 503 2679 θεωρῶν,
532 2644 571 2676 ὡς
593 2644 640 2671 ὲπὶ
661 2644 776 2679 σκηνῆς,
805 2644 839 2670 τὰ

57 2688 204 2722 νοούμενα.
217 2689 284 2715 Οὐδὲ
295 2690 350 2724 γὰρ
363 2687 418 2716 οἶόν
431 2698 461 2716 τε
472 2690 526 2716 τῶν
551 2690 739 2725 εἱκαζομένων
760 2690 839 2717 οὐδὲν

54 2735 126 2768 πρδς
144 2735 235 2761 πᾶσαν
247 2735 411 2768 ἐξικνεῖσθαι
424 2735 608 2772 καθαρῶςντὴν
625 2737 764 2772 ἀλήθειαν.
779 2737 834 2764 Καὶ

93 2824 102 2839 ¹
119 2823 171 2850 lsa.
193 2830 250 2855 vttt,
268 2823 308 2850 l9.

882 2276 953 2309 Quid
962 2276 1034 2303 Eva?
1047 2275 1180 2311 Figmenti
1195 2281 1377 2311 segmentum.
1386 2276 1456 2309 Quid
1469 2277 1548 2304 Sctb?
1561 2277 1669 2305 Utrius-

884 2331 937 2358 que
952 2322 1071 2350 soboles.
1095 2322 1207 2349 ldemne
1221 2329 1304 2356 porro
1313 2322 1360 2349 tibi
1386 2329 1446 2350 esse
1462 2323 1600 2356 videntur,
1620 2324 1668 2359 lig-

886 2373 1019 2400 mentum.
1030 2373 1212 2403 segmentum,
1221 2372 1249 2396 et
1258 2368 1385 2402 soboles?
1393 2368 1512 2401 Quidni?
1522 2371 1588 2405 Age,
1597 2370 1670 2404 ejus-

887 2415 985 2442 denme
1014 2413 1071 2440 haec
1109 2413 1234 2441 essentia;
1262 2413 1332 2441 inter
1363 2421 1392 2441 se
1408 2418 1483 2447 sunt,-
1509 2422 1543 2441 an
1581 2415 1674 2442 diver~

889 2459 944 2485 sas?
959 2459 1101 2494 Ejusdem.
1116 2458 1142 2486 ln
1152 2458 1277 2486 confeSso
1293 2459 1375 2494 igitur
1389 2465 1444 2492 est,
1461 2465 1500 2491 ut.
1518 2468 1579 2495 qua:
1598 2468 1638 2487 vat
1648 2461 1672 2488 ie

891 2506 1039 2538 exsistunt,
1052 2505 1174 2532 eamdem
1186 2509 1276 2532 tamen
1290 2506 1437 2533 essentiam
1467 2505 1596 2533 habt-ant.
1620 2506 1674 2533 Nec

891 2561 959 2580 vero
971 2553 1030 2580 haec
1053 2559 1086 2580 eo
1103 2559 1118 2578 a
1135 2559 1180 2579 me
1207 2552 1349 2586 dicuntur,
1371 2553 1446 2588 quod
1461 2553 1609 2585 ﬁctionem,
1627 2557 1675 2580 aut

893 2599 1056 2632 sectionem,
1068 2602 1115 2626 aut
1129 2597 1234 2632 aliquid
1256 2598 1328 2625 aliud
1344 2606 1377 2626 ex
1391 2598 1448 2631 his,
1458 2606 1520 2633 qua)
1547 2598 1672 2633 corporis

895 2651 991 2674 natura
1015 2645 1078 2677 l'ert,
1106 2644 1134 2672 in
1160 2644 1330 2672 divinitatem
1354 2644 1494 2672 conferam
1512 2644 1586 2679 (nec
1601 2644 1674 2670 enim

895 2692 959 2719 mihi
967 2699 1063 2719 rursus
1075 2697 1181 2726 pugnax
1190 2690 1326 2725 quispiam
1338 2693 1477 2725 argutator
1488 2689 1618 2717 insidiose
1627 2690 1675 2715 im-

897 2738 1018 2770 inineat),
1028 2737 1075 2766 sed
1087 2741 1116 2764 ut
1132 2737 1158 2764 in
1173 2737 1215 2765 his
1225 2737 1308 2765 rebus
1321 2743 1363 2769 ea,
1378 2737 1455 2764 velut
1469 2735 1498 2763 in
1509 2742 1602 2768 scena,
1611 2741 1676 2771 spe-
