1873 3076
235 135 285 167 83!

854 133 1043 164 EUTllYMll
1064 134 1243 165 ZlGABENl
1780 142 1810 173 με

235 193 329 223 etiam,
352 196 408 218 tum
426 191 498 218 inter
510 199 559 218 nos
571 195 678 224 tnutuo,
695 195 751 217 lum
767 190 844 217 nobis
857 191 938 216 etiam
955 190 1019 224 ipsis

1079 190 1220 223 μένοντες,
1252 190 1290 226 μὴ
1318 190 1357 217 δτι
1391 190 1436 218 τδν
1466 191 1574 219 ἅπαντα
1607 192 1673 226 βίον·
1698 194 1756 221 ἀλλὰ
1785 206 1810 222 u:

235 237 372 271 oppositi;
398 242 425 264 ut
444 237 489 271 qui
520 245 553 264 ne
584 237 666 263 unius
691 236 802 271 quidem
830 236 884 263 diei
919 236 1019 270 spatio,

237 284 336 310 w-dum
347 287 432 310 totum
443 283 504 310 vita:
513 283 660 314 curriculo,
671 283 750 316 plane
761 281 842 308 iidem
851 289 1020 314 maneamus,

237 334 330 352 verum
346 331 373 353 et
386 328 558 361 corporibus,
585 331 613 353 et
627 327 735 360 animis,
753 331 884 361 perpetuo
911 326 1018 354 diiﬂua-

237 381 298 399 mus
329 377 356 400 et
383 374 569 400 iutmntemnr.
598 375 685 407 Atque
697 374 768 400 haud
781 374 848 406 scio,
869 381 934 400 num
950 373 1021 400 idem

237 425 346 453 quoque
364 419 390 445 in
413 419 516 453 angelis
542 420 630 444 locum
647 418 756 450 habeat,
770 425 802 444 ac
817 419 844 444 in
875 418 950 444 omni
974 418 1021 445 illa

1075 236 1182 271 σώματι
1197 237 1243 263 καὶ
1254 237 1354 272 ψυχαῖς
1366 238 1408 264 ἀεὶ
1426 239 1532 273 ρἐντές
1551 247 1579 265 τε
1595 240 1642 266 καὶ
1670 242 1810 274 μεταπίπτοι

1074 289 1130 312 τες.
1152 282 1210 307 Οὐκ
1237 281 1298 309 οἴδα
1320 282 1359 315 δὲ,
1392 283 1417 309 εἰ
1443 283 1480 318 μὴ
1503 285 1548 309 καὶ
1569 284 1691 318 ἄγγελοι,
1707 286 1748 311 καὶ
1762 288 1809 312 τίει

1075 327 1156 361 φύσις
1173 328 1189 362 ἡ
1202 328 1269 360 ἅνω,
1292 330 1337 354 καὶ
1351 329 1420 363 μετὰ
1437 329 1486 364 τὴν
1502 330 1612 364 Τριὰδα,
1626 330 1674 356 κᾶν
1689 331 1757 357 ἁπλοῖ
1768 341 1810 363 me;

1075 369 1138 405 ὦσι,
1159 373 1286 407 καὶπρὸς
1309 373 1340 400 τὸ
1359 374 1440 401 καλὸν
1468 375 1647 410 παγιώτεροι.
1679 378 1709 411 τῇ
1726 378 1777 411 πρὴ
1794 380 1810 404 :i

1074 419 1161 453 ἀκρον
1174 419 1255 445 καλὸν
1271 419 1412 454 ὲγγύτητι.

237 468 343 495 caelesti
358 472 465 497 natura.
483 473 510 494 et
526 467 653 494 Trinitati
667 468 807 502 prOxima;
823 468 930 494 tametsi
946 467 1047 502 alioqui
1064 468 1179 503 simplici
1194 468 1309 503 quadam
1328 475 1423 498 natura
1441 471 1546 506 praediti
1558 472 1623 503 sint,
1637 478 1714 507 atque
1729 472 1757 499 ob
1769 474 1810 500 \‘iCl-
1835 490 1836 502 κ

238 516 351 543 nitatem
371 524 440 548 eain,
456 523 536 550 quam
551 515 583 541 ad
596 521 730 541 sumntum
749 515 849 541 bonum
870 514 980 546 habent,
999 514 1026 542 in
1044 515 1143 542 bonum
1157 515 1261 542 ﬁrmius
1275 515 1364 543 deﬁxi.

272 563 330 590 Jam
360 563 426 590 deos
452 564 523 594 illos,
558 571 625 596 quos
641 562 744 589 ethnici
767 562 869 594 colunt,
904 569 936 588 ac
965 561 1021 588 dte-

239 618 347 640 ntones,
362 615 392 636 ut
405 609 511 644 ipsimet
528 613 636 639 vocant,
671 609 738 635 nihil
759 616 774 635 a
802 609 882 636 nobis
899 608 1022 635 accusari

238 663 350 683 necesse
362 660 415 686 est,
431 663 493 681 cum
506 662 520 680 a
533 655 647 681 suismet
664 655 798 690 theologis
812 656 1021 686 convincantur,

239 708 319 735 quam
347 700 425 727 foedis
441 699 585 727 aﬂectibus
607 700 729 733 obnoxii,
752 708 834 734 quatit
872 700 1021 727 turbulenti

239 750 301 775 sint,
321 747 386 777 quot
403 742 478 768 malis
491 746 624 771 scateant,
638 747 702 774 quot
719 742 881 769 mutationes
897 747 1019 775 subeant,

239 794 318 822 atque
334 795 387 814 non
402 791 496 813 mutuo
514 785 599 813 solum
623 786 692 812 inter
707 793 746 818 se,
763 787 810 814 sed
826 786 908 814 etiam
925 787 1020 821 primis

239 834 292 860 illis
307 833 398 860 causis
413 833 598 862 adversentur.
614 839 681 866 quos
692 831 824 864 Oceanos,
837 836 862 859 et
881 831 1020 864 Tethidas,

239 885 264 905 et
283 879 429 910 Phanetas,
449 883 477 906 et
501 878 592 905 nescio
608 885 661 911 quo
676 877 729 905 alio
742 878 849 905 nomine
866 877 1020 912 appellant;

241 931 272 950 :vc
290 928 424 958 postremo
452 923 534 950 Deum
551 922 693 956 quemdam
714 923 748 949 ob
764 922 934 956 principatus
947 929 1024 948 amo-

243 976 299 995 rem
317 968 407 994 lihcris
421 968 477 995 suis
499 967 638 1000 infestum,
656 972 738 1002 atque
764 966 832 994 alios
853 973 947 994 omnes
968 973 1024 1001 pm

242 1013 395 1047 inexplebili
417 1013 564 1047 cupiditate
589 1013 773 1044 devorantem,
787 1017 815 1039 ut
833 1016 860 1039 et
884 1012 1023 1039 hominum

241 1059 361 1085 omnium
384 1058 463 1085 Pater
482 1057 528 1089 sit,
543 1062 569 1085 et
584 1058 708 1091 deorum,
731 1065 798 1093 quos
819 1058 918 1085 misere
931 1064 1024 1084 come-

241 1104 322 1135 derit,
340 1107 367 1130 et
389 1103 550 1130 eromuerit.
574 1102 651 1136 Quod
668 1104 692 1129 si
713 1103 770 1130 haec
797 1102 858 1137 ipsi,
873 1106 903 1129 ut
920 1108 1024 1129 sermo-

242 1149 285 1176 nis
307 1148 501 1183 turpitudinem
526 1148 642 1183 fugiant,
664 1147 797 1179 fabulosa,
820 1152 902 1182 atque
927 1147 1026 1182 allego-

242 1195 300 1223 riro
325 1203 405 1222 sensu
426 1195 629 1229 interpretanda
652 1202 713 1223 esse
737 1193 937 1227 contenderim,
962 1193 1026 1229 quid

243 1241 350 1268 tandem
363 1241 396 1267 ad
409 1240 474 1268 illud
483 1241 583 1274 dicent,
593 1240 725 1274 trifariam
735 1240 823 1267 omnia
833 1240 916 1266 divisa
928 1246 983 1266 esse
1005 1243 1024 1270 ί,

244 1286 380 1320 aliumque
402 1286 446 1313 alii
466 1285 582 1320 cuipiam
608 1285 682 1313 orbis
699 1286 766 1320 parti
792 1291 919 1319 prmesse,
946 1287 1027 1318 atque

243 1338 270 1360 ct
285 1332 405 1360 materiis
427 1336 453 1360 et
475 1331 651 1366 dignitatibus
677 1331 820 1358 distinctos
835 1330 916 1357 esse?
928 1329 963 1356 At
977 1336 1027 1356 no-

244 1383 307 1405 strae
323 1378 451 1405 doctrinae
471 1385 523 1405 non
547 1377 640 1404 eadem
663 1381 706 1404 est
722 1376 808 1409 ratio;
825 1383 874 1403 nec
893 1382 956 1410 pars
971 1375 1028 1402 haec

244 1423 338 1456 Iacob,
356 1429 386 1451 ut
409 1423 497 1458 inquit
522 1430 597 1451 meus
630 1422 772 1457 theologos
794 1424 814 1449 '.
847 1421 900 1449 Sed
929 1421 1026 1448 horum

244 1469 382 1504 quodlibet
397 1470 527 1496 unitatem
540 1469 630 1500 habet,
645 1476 697 1496 non
711 1467 800 1495 minus
815 1466 885 1502 ejus,
897 1473 958 1494 cum
973 1473 1027 1501 quo

245 1514 439 1549 conjungitur,
467 1521 549 1548 quant
583 1513 711 1547 suiipsius
749 1516 889 1545 respectu,
914 1515 1026 1546 propter

1079 1510 1129 1546 τῆς
1143 1510 1265 1543 ὲνώσεως
1279 1511 1367 1546 λόγος,
1390 1513 1451 1540 ὅσον
1473 1513 1515 1548 ἐφ’
1531 1511 1573 1545 οἷς

245 1559 370 1586 essentia:
384 1563 412 1586 et
427 1559 553 1594 potentiae
574 1559 754 1586 identitatem.
775 1558 862 1592 Atque
877 1557 933 1585 haec
947 1559 1026 1585 unio-

247 1605 290 1633 nis
309 1605 388 1639 huius
412 1605 480 1631 ratio
497 1609 548 1636 est,
564 1609 695 1640 quantum
716 1603 824 1638 quidem
842 1604 891 1638 ipsi
909 1603 1026 1637 percipi-

248 1659 318 1678 mus.
334 1651 370 1677 Ac
389 1650 411 1677 si
430 1650 538 1684 quidem
557 1651 634 1676 ﬁrma
646 1655 686 1677 est
703 1650 760 1676 hate
773 1649 853 1681 ratio.
865 1648 919 1676 Deo
930 1649 964 1676 ob
979 1649 1028 1676 hu-

505 1732 546 1760 Ex
558 1731 789 1771 eademvaratione.

293 1801 434 1835 Quodnam
463 1801 535 1828 cnim
551 1803 592 1828 est
610 1799 661 1826 hoc
675 1803 869 1834 argumentum
882 1797 894 1824 ?
907 1797 957 1831 Ea,
972 1803 1033 1832 quae

251 1853 370 1890 ejusdem
394 1851 519 1880 essentia:
562 1854 643 1884 sunt,
667 1854 915 1883 connumerantur,
943 1849 1033 1884 inquis

251 1897 526 1934 (connumerationem
539 1895 667 1922 videlicet
687 1895 825 1930 appellans
847 1895 874 1922 in
890 1902 1032 1922 numerum

250 1949 333 1968 unum
449 1941 688 1976 contractionem),
705 1947 765 1975 qua:
781 1945 871 1967 autem
895 1939 1032 1974 disparem

250 1988 431 2016 substantiam
448 1987 558 2020 habent,
573 1987 686 2014 minime
700 1991 940 2014 connumerantur.
955 1985 1032 2013 Unde

251 2041 299 2061 vos
325 2033 433 2068 quidem
462 2040 496 2060 ex
525 2039 558 2059 eo
575 2031 644 2060 elabi
666 2039 719 2059 non
744 2032 866 2066 potestis,
882 2032 947 2066 quin
960 2031 1034 2065 iuxta

252 2079 323 2106 itane
346 2078 488 2111 rationem,
513 2082 568 2106 tres
595 2078 659 2105 deos
674 2078 814 2105 asseratis.
836 2076 920 2105 Nobis
943 2082 1034 2105 autem

251 2124 354 2152 nullum
373 2124 425 2152 tale
441 2124 589 2160 periculum
604 2124 736 2152 imminet.
752 2123 809 2152 Non
832 2124 902 2151 enim
917 2131 948 2152 ea
968 2132 1034 2152 con-

1112 562 1146 588 Οἵ
1173 571 1202 588 τε
1229 563 1294 598 παρ’
1313 563 1447 598 Ἑλλήνων
1485 564 1626 600 σεϐόμενοι
1661 566 1712 593 θεοί
1734 575 1757 593 τε
1781 571 1809 595 iu":

1075 607 1212 642 δαίμονες,
1224 607 1261 638 ὡς
1272 608 1351 634 αὐτοὶ
1377 609 1513 643 λέγουσιν,
1549 611 1626 638 οὐδὲν
1649 611 1722 646 ἡμῶν
1740 613 1808 639 Mum:

1076 653 1248 688 κατηγόρων,
1268 654 1336 680 ἀλλὰ
1348 655 1406 686 τοῖς
1417 655 1493 690 σφῶν
1506 656 1596 683 αὐτῶν
1611 657 1754 685 ἁλίσκονται
1774 658 1809 684 θω-

1075 699 1164 732 λόγοις
1186 699 1224 730 ὡς
1240 699 1289 734 μὲν
1313 700 1459 735 ὲμπαθεῖς,
1486 701 1524 733 ὡς
1548 702 1577 729 δὲ
1596 702 1752 735 στασιώδεις,
1766 704 1809 729 ὅτων

1072 742 1100 768 δὲ
1122 742 1214 769 κακῶν
1236 741 1377 777 γέμοντες,
1403 743 1451 770 καὶ
1471 742 1643 778 μεταϐολῶν·
1662 743 1707 769 καὶ
1725 743 1749 769 οὐ
1769 742 1809 777 πρὶς

1071 786 1203 822 ἀλλήλους
1229 787 1320 822 μόνον,
1335 787 1402 814 ἀλλὰ
1418 788 1465 814 καὶ
1486 788 1552 824 πρὸς
1573 788 1625 820 τὰς
1641 788 1738 823 πρώτας
1754 788 1810 818 αἰεί-ις

1073 832 1219 863 ἀντιθέτως
1243 832 1364 867 ἔχοντες*
1386 832 1433 864 οὓς
1451 833 1483 868 δὴ
1573 834 1620 860 καὶ
1643 833 1809 864 “Ωκεανοὺ;,ιιὶ

1073 876 1193 911 Τηθὺας,
1211 878 1258 904 καὶ
1282 877 1408 912 Φάνητας
1422 898 1432 911 ,
1508 878 1555 904 καὶ
1576 878 1629 904 οὐκ
1651 877 1705 904 οῖδα
1724 877 1809 905 obs-.94;

1072 921 1254 956 ὀνομάζουσι·
1272 922 1319 948 καὶ
1333 921 1489 948 τελευταῖόν
1505 930 1565 948 τινα
1588 922 1651 948 θεὸν
1740 923 1810 957 μισότε-

1073 975 1136 994 κνον
1151 967 1195 993 διὰ
1208 967 1364 1003 φιλαρχίαν,
1378 967 1483 999 πάντας
1492 967 1676 994 καταπίνοντα
1687 967 1740 998 τοὺς
1749 967 1810 997 ἄλλους

1074 1012 1104 1045 ἐξ
1125 1012 1286 1048 ἀπληστίας,
1311 1013 1354 1039 ῐνα
1376 1013 1488 1049 γένηται
1508 1013 1618 1040 πάντων
1631 1013 1726 1049 ἀνδρῶν
1735 1015 1810 1040 τεθειίη

1074 1067 1105 1084 τε
1119 1059 1220 1094 πατὴρ,
1233 1058 1372 1094 δυστυχῶς
1391 1059 1554 1094 ἐσθιομένων
1575 1060 1625 1086 καὶ
1647 1058 1810 1094 ἐμουμένων.ξὶ

1074 1103 1104 1131 δὲ
1116 1103 1202 1130 ταῦτα
1217 1104 1308 1140 μῦθοι,
1326 1104 1373 1131 καὶ
1395 1105 1517 1131 ὑπόνοιαι
1531 1113 1615 1138 τινες,
1638 1105 1675 1136 ὡς
1689 1104 1751 1131 αὐτοὶ
1763 1111 1811 1137 εισι.

1075 1148 1106 1175 τὸ
1127 1148 1248 1184 αίσχρδνὶ
1262 1148 1309 1176 τοῦ
1332 1149 1411 1183 λόγου
1431 1149 1676 1185 διαδιδράσκοντες,
1694 1150 1717 1175 τί
1736 1150 1812 1183 φήσουσι

1075 1193 1144 1229 πρὸς
1161 1194 1202 1226 τὸ,
1218 1195 1323 1228 ΐριχθὰ
1340 1194 1375 1222 δὲ
1393 1195 1490 1222 πάντα
1505 1195 1660 1229 δέδασται,
1675 1195 1717 1222 καὶ
1726 1195 1750 1221 τδ
1762 1193 1812 1221 ωσι

1076 1239 1148 1274 ἄλλῳ
1169 1240 1222 1266 τινὶ
1242 1239 1297 1266 τῶν
1323 1239 1406 1268 ὅντων
1427 1241 1595 1274 ἐπιστατεῖν,
1616 1241 1773 1276 διῃρημένους
1784 1239 1812 1264 καὶ

1075 1285 1135 1316 ταῖς
1149 1283 1225 1316 ὕλαις
1242 1300 1250 1313 ι
1319 1285 1366 1312 καὶ
1378 1287 1434 1317 τοῖς
1456 1285 1612 1322 ἀξιώμασι;
1627 1287 1664 1313 Τὸ
1676 1286 1703 1312 δὲ
1714 1285 1813 1320 ἡμέτερον,

1076 1328 1107 1354 οὐ
1122 1328 1256 1355 τοιοῦτον
1271 1329 1349 1356 Οὐδὲ
1361 1330 1436 1364 αὕτη
1450 1331 1532 1365 μερίς
1540 1330 1580 1364 τῷ
1594 1330 1814 1366 Ἰακὼό(99)ιςιηῖῖν

1076 1373 1091 1399 ὁ
1117 1373 1183 1408 ἐμὸς
1205 1374 1345 1409 θεολόγος·
1370 1375 1439 1402 ἀλλὰ
1464 1376 1495 1402 τὸ
1517 1376 1547 1402 ἓν
1571 1376 1685 1403 ἕκαστον
1705 1375 1774 1402 αὐτῶν
1783 1374 1814 1407 E1:

1079 1420 1147 1455 πρὸς
1160 1420 1191 1447 τὸ
1214 1422 1403 1457 συγκείμενον,
1422 1423 1471 1458 οὺχ
1493 1421 1574 1458 ἦττον
1597 1423 1613 1458 ἢ
1635 1423 1698 1459 πρὸς
1716 1420 1814 1453 ἑαυτὸ,τᾷ

1079 1464 1171 1500 ταυτῷ
1189 1466 1239 1501 τῆς
1264 1467 1358 1499 οὐσίας
1382 1467 1429 1494 καὶ
1446 1468 1495 1503 τῆς
1513 1467 1665 1503 δυνάμεως.
1685 1467 1733 1494 Καὶ
1744 1463 1815 1495 domi

1643 1514 1716 1549 ἡμεῖς
1732 1510 1815 1543 κατειλῄ

1081 1565 1180 1592 φαμεν.
1203 1558 1234 1584 ΕΙ
1253 1558 1301 1593 μὲν
1315 1556 1361 1585 οὖν
1378 1559 1486 1595 ἰσχυρὸς
1508 1557 1587 1591 οὗτος
1603 1560 1618 1586 ὁ
1643 1559 1723 1593 λόγος,
1740 1558 1769 1592 τῷ
1781 1555 1818 1588 Θίῴ

1080 1603 1160 1638 χάρις
1173 1603 1222 1639 τῆς
1237 1603 1367 1640 Θεωρίας·
1386 1606 1410 1631 εί
1430 1605 1459 1631 δὲ
1479 1605 1529 1641 μή,
1553 1605 1679 1641 ζητῶμεν
1689 1605 1729 1632 τὸν
1745 1601 1816 1637 ίῳρά-

1080 1656 1167 1680 τερον.

1300 1731 1352 1758 Ἐκ
1369 1731 1422 1759 τοῦ
1445 1732 1538 1760 αὐτοῦ
1557 1733 1664 1766 λόγου.

1127 1799 1175 1831 Τίς
1184 1799 1239 1837 γὰρ
1247 1799 1279 1836 δὴ
1287 1800 1334 1827 καὶ
1351 1801 1365 1827 ὁ
1375 1800 1470 1836 λόγος;
1486 1800 1527 1828 Τά
1549 1800 1678 1835 ὁμοούσια
1695 1795 1820 1833 συναριθμεῖ-

1087 1846 1206 1881 ται,φῄς
1233 1846 1443 1882 (συναρίθμησιν
1461 1846 1548 1881 λέγων
1569 1847 1621 1882 τὴν
1642 1847 1681 1878 είς
1695 1842 1820 1879 ἁριθμὸνέπ

1089 1891 1269 1927 συναίρεσιν)“
1293 1891 1322 1918 οὐ
1335 1892 1544 1927 συναριθμεῖται
1562 1892 1592 1919 δὲ
1614 1891 1649 1919 τὰ
1666 1891 1701 1927 μὴ
1721 1889 1819 1924 όμοούεωκ

1091 1937 1173 1964 Ὥστε
1183 1938 1262 1972 ὑμεῖς
1274 1937 1325 1972 μὲν
1345 1938 1375 1965 οὐ
1401 1937 1534 1972 φεύξεσθε
1555 1938 1586 1964 τὸ
1597 1937 1688 1972 λέγειν
1706 1931 1820 1970 τρεῖςθειδιί

1088 1983 1159 2010 κατὰ
1178 1983 1223 2010 τὸν
1232 1983 1311 2018 λόγον
1318 1983 1423 2011 τοῦτον·
1435 1984 1502 2019 ἡμῖν
1513 1983 1541 2010 δὲ
1551 1983 1612 2010 οὐδὲ
1622 1981 1663 2014 εἷς
1685 1982 1790 2010 κίνδυνος·
1800 1978 1818 2004 θῧ

1089 2030 1144 2064 γὰρ
1154 2029 1286 2065 ὀμοούσια
1292 2030 1418 2066 λέγομεν,
1428 2030 1464 2057 Σὺ
1475 2030 1525 2066 μὲν
1533 2029 1579 2057 οὖν
1590 2029 1737 2062 ἀπήλλαξας
1744 2025 1818 2054 esum“

1088 2078 1259 2114 πραγμάτων
1269 2078 1318 2113 μιᾷ
1325 2079 1411 2113 φωνῇ,
1418 2078 1519 2113 καὶτὴν
1527 2077 1618 2113 κακὴν
1627 2077 1703 2111 νίκην
1708 2074 1819 2108 νενίκημς

1087 2123 1181 2159 ὅμοιόν
1189 2133 1217 2151 τι
1227 2124 1344 2160 ποιήσας
1357 2125 1413 2156 τοῖς
1421 2124 1466 2151 διὰ
1475 2125 1592 2152 θανάτου
1612 2124 1693 2159 φόϐον
1704 2116 1817 2154 πατρίδ’

251 2169 441 2197 substantialia
465 2176 527 2197 esse
554 2169 723 2204 proﬁtemur.
747 2169 929 2204 Respondet):
949 2168 1027 2196 Unic:

1088 2179 1154 2202 νοις.
1166 2170 1227 2198 Ἵνα
1235 2170 1289 2206 γὰρ
1308 2170 1346 2206 μὴ
1359 2171 1453 2207 κάμῃς
1473 2171 1505 2206 τῇ
1517 2170 1653 2206 μοναρχίᾳ
1663 2167 1820 2199 συνιστάμενος.

252 2223 319 2243 voce
347 2216 462 2250 teipsum
491 2215 599 2251 negotio
621 2222 653 2242 ac
674 2215 796 2242 molestia
820 2215 953 2248 liberasti,
979 2222 1027 2242 mai

1087 2214 1200 2250 ἠρνήσω
1212 2215 1335 2251 θεότητα,
1351 2215 1398 2242 καὶ
1415 2213 1590 2251 προδέδωκας
1601 2215 1657 2246 τοῖς
1668 2207 1819 2248 ἐχθροῖςτδξνγ

252 2260 360 2295 Iamque
377 2250 658 2296 victoriamradeptus
676 2268 706 2288 es
723 2269 730 2288 :
750 2261 874 2294 idemque
900 2261 947 2288 tibi
966 2260 1027 2288 acci'

1086 2262 1134 2288 τού
1139 2270 1231 2297 μενον.
1241 2250 1313 2295 Ἐγὼ
1322 2261 1350 2289 δὲ
1360 2262 1412 2289 κᾶν
1421 2250 1446 2289 τι
1453 2261 1502 2298 δέῃ
1511 2262 1622 2297 καμεῖν,
1633 2261 1662 2288 οὗ
1672 2259 1795 2295 προήσομαι
1802 2250 1820 2278 τδ

253 2305 303 2338 dit,
320 2305 390 2340 quod
403 2305 447 2338 iis,
461 2306 506 2340 qui
530 2305 626 2333 mortis
643 2310 726 2338 metu,
744 2305 865 2339 sibiipsis
881 2305 976 2339 laqueo
993 2305 1027 2331 vi-

1088 2303 1337 2344 ττροσκυνούμενον.
1353 2308 1488 2336 Ἐνταῦθα
1502 2308 1542 2342 δὲ,
1566 2307 1627 2335 οὐδὲ
1635 2307 1689 2342 6ρῶ
1698 2305 1733 2335 τίς
1741 2304 1753 2330 ὁ
1760 2302 1818 2328 ram.

254 2358 308 2380 tam
337 2352 469 2379 adimunt.
496 2352 613 2384 Etenim,
641 2359 676 2380 ne
704 2352 731 2379 in
758 2351 927 2379 defendendo
959 2351 1039 2379 unius
1058 2350 1209 2386 principatu
1247 2350 1371 2383 desudes,
1397 2350 1524 2378 deitatem
1547 2349 1664 2385 negasti,
1695 2345 1819 2377 hostibusque

253 2397 291 2431 id,
307 2398 378 2433 quod
395 2397 563 2432 quterebant,
579 2397 734 2432 prodidisti.
754 2397 809 2432 Ego
826 2405 901 2430 vero,
932 2397 1014 2424 etiam
1035 2397 1059 2424 si
1076 2396 1140 2431 quid
1156 2395 1257 2423 laboris
1287 2395 1457 2423 subeundum
1471 2395 1518 2430 sit,
1535 2402 1588 2423 non
1614 2399 1702 2422 tamen
1714 2387 1819 2428 prodi!!!“

253 2446 324 2479 quod
355 2446 494 2473 adoratur.
519 2444 678 2480 Quanquam
699 2451 733 2472 ne
756 2445 800 2472 hic
816 2445 924 2479 quidem
950 2445 1038 2476 video,
1059 2435 1210 2479 quis’labor
1225 2442 1413 2478 suscipiendus
1427 2443 1473 2469 sit.

401 2489 646 2524 Connumerantur,
663 2489 765 2525 inquis,
782 2497 826 2522 ea,
838 2497 898 2524 qua:
914 2490 1027 2517 eamden

1194 2487 1414 2524 Συναριθμεῖται,
1423 2487 1485 2523 φῂς,
1494 2486 1528 2514 τὰ
1538 2486 1669 2522 όμοούσια
1679 2493 1686 2501 υ
1693 2484 1723 2511 τὰ
1730 2483 1753 2509 δὲ
1793 2478 1820 2509 σῡι

252 2536 431 2565 substantiam
456 2536 556 2563 habent
574 2543 654 2571 :qua:
677 2541 767 2562 autem
794 2535 943 2563 substantia
966 2536 1027 2563 intel

1090 2533 1175 2565 οὕτως
1186 2533 1292 2568 ἔχοντα,
1304 2532 1450 2568 μοναδικὴν
1462 2531 1520 2568 ἔχει
1532 2533 1581 2568 τὴν
1593 2532 1714 2567 δήλωσιν.
1725 2526 1787 2556 Πόθεν
1795 2530 1819 2571 ξπ

253 2590 282 2611 se
296 2581 434 2615 diﬂ'erunt,
454 2581 618 2616 singularem
641 2581 832 2609 indieationem
851 2581 963 2610 habent.
981 2580 1037 2609 Un-

252 2628 287 2655 de
312 2626 373 2658 hoc,
388 2630 416 2654 et
440 2633 456 2653 a
474 2625 572 2661 quibus
595 2626 750 2654 doctoribus
773 2630 819 2653 aut
841 2626 1038 2654 fabulatoribus

252 2671 405 2705 accepisti?
420 2671 524 2699 llludne
541 2675 568 2699 te
592 2670 671 2707 fugit,
690 2679 832 2699 numerum
843 2679 950 2700 onmem
968 2672 1039 2699 hanc

251 2718 306 2743 vim
327 2716 437 2749 habere,
452 2721 483 2744 ut
499 2717 683 2753 subiectorum
698 2718 888 2753 quantitatem,
905 2727 959 2746 non
974 2719 1036 2746 item

252 2769 343 2790 rerum
371 2767 507 2796 naturam,
529 2762 665 2799 eXplicetJ
683 2763 738 2797 Ego
762 2771 827 2792 vero
851 2763 888 2791 ita
910 2764 1036 2799 simplex,

300 2855 427 2883 'llomer.
441 2853 525 2883 Iliad.
539 2863 595 2891 xtv,
613 2857 751 2886 versJSO.
785 2858 794 2873 ²
813 2855 868 2885 Jer.
885 2864 911 2889 ι,
930 2855 970 2883 16.

1089 2580 1180 2613 τοῦτο,
1193 2580 1239 2607 καὶ
1258 2578 1333 2614 παρὰ
1348 2578 1429 2605 τίνων
1446 2578 1636 2613 δογματιστῶν
1650 2577 1694 2604 καὶ
1747 2568 1819 2608 p.900“-

1090 2634 1163 2660 γων;
1180 2626 1216 2652 Ἢ
1238 2626 1356 2659 ἀγνοεῖς,
1382 2624 1423 2651 ὅτι
1447 2625 1501 2656 πᾶς
1523 2623 1649 2660 ἀριθμὸς,
1664 2618 1819 2664 τῆς

1089 2673 1144 2699 τῶν
1159 2672 1345 2708 ὑποκειμένων
1357 2672 1416 2698 ἐστὶ
1430 2671 1589 2707 δηλωτικδς.
1601 2671 1631 2697 οὒ
1643 2670 1689 2705 τῆς
1699 2667 1818 2710 φύσεωίῖω

1091 2718 1278 2754 πραγμάτων;
1298 2717 1368 2752 Ἐγὼ
1384 2717 1413 2744 δὲ
1432 2717 1519 2750 οὕτως
1541 2717 1661 2753 ἀρχαίως
1682 2715 1737 2750 ἔχω.

1089 2764 1117 2791 δὲ
1130 2764 1253 2800 ἀμαθῶς,
1269 2764 1340 2792 ὥστε
1361 2765 1423 2800 τρία
1445 2764 1494 2800 μὲν
1508 2763 1631 2799 ὀνομάζω
1646 2761 1679 2789 τὰ
1694 2757 1787 2787 τοσαῦτα
1797 2759 1817 2776 τ’
