1873 3076
8 139 83 169 833

517 141 703 172 PANOPLIA
724 140 949 171 DOGMATICA.
971 152 1005 158 -
1021 141 1094 171 'l‘l'I‘.
1110 142 1176 173 XII.

1603 146 1656 177 83:

7 210 155 245 ἀριθμῷ.
172 211 223 237 κᾶν
235 211 362 245 διέστηκε
376 211 424 247 τὴν
445 211 525 245 φύσιν
563 211 591 237 ἓν
605 212 643 244 δὲ,
659 212 706 238 καὶ
720 211 746 237 ἒν

939 213 1080 247 imperitus
1097 213 1186 246 potius
1205 220 1276 245 sum,
1290 214 1382 241 uttria
1400 215 1507 249 quitlcm
1520 223 1551 243 ea
1568 217 1658 245 nomi-

7 255 58 284 ἓν.
79 257 174 288 ἄλλως
189 257 238 288 τὰς
254 257 386 289 τοσαύτας
402 257 528 292 μονάδας,
544 258 595 284 κᾶν
612 259 643 292 τῇ
667 258 746 292 οὐσίᾳ
760 266 822 284 συν-

7 301 184 332 άπτων-ται,
199 303 230 327 οὺ
248 302 315 337 πρὸς
337 302 371 328 τὰ
395 303 545 338 πράγματα
560 303 659 338 μᾶλλον
671 303 790 338 ἀφορῶν,
805 303 822 337 ἢ

7 348 45 373 τὸ
69 348 163 375 ποσὸν
178 349 231 375 τῶν
246 349 427 385 πραγμάτων,
446 349 505 376 καθ’
524 346 561 376 ὧν
580 350 597 384 ὴ
664 348 821 383 ὰρίΘμησις.

12 394 115 420 Ἐπεὶ
148 395 175 420 δὲ
201 394 261 421 λίαν
288 395 402 430 περιέχῃ
425 396 472 422 τοῦ
495 396 670 431 γράμματος,
699 394 822 429 καίτοιγε

7 440 162 474 πολεμῶν
182 440 220 475 τῷ
242 441 387 476 γράμματι
407 459 414 472 ,
485 442 590 468 ἐκεῖθέν
611 450 655 475 μοι
683 441 748 468 λάϐε
770 441 822 472 τὰς

7 485 186 517 ἀποδείξεις
199 493 205 500 ·
227 486 293 519 Τρία
315 488 343 512 ὲν
365 486 423 516 ταῖς
437 485 600 521 Παροιμίαις
617 484 713 516 ἐστίν,
733 484 752 510 ἃ
770 485 821 510 εὐ-

7 530 107 563 όδως
138 531 314 565 πορεύεταιο
335 531 423 563 λέων,
447 531 496 558 καὶ
519 531 635 565 τράγος,
654 530 704 557 καὶ
730 531 821 557 ἀλεκ-

7 575 131 609 τρυών
143 584 150 590 ·
168 576 224 607 καὶ,
238 577 388 610 ,βασιλεὺς
400 576 576 611 δημηγορῶν
589 576 624 603 ἐν
639 575 718 602 ἔθνει
730 593 737 606 ,
792 575 822 601 τὸ

7 621 182 656 τέταρτον·
210 622 253 648 ἵνα
277 622 314 657 μὴ
341 622 412 656 λέγω
435 622 483 653 τὰς
511 621 593 653 ἄλλας
615 622 673 647 ἐκεῖ
691 621 822 656 τετράδας

7 666 250 701 ἀριθμουμένας,
263 669 296 702 τῇ
311 667 339 694 δὲ
356 667 433 702 φύσει
450 667 626 704 διῃρημένοις.
648 667 703 694 Καὶ
718 667 764 693 δύο
783 666 821 702 τῷ

8 713 128 738 Μωσεῖ
142 713 275 748 χερουϐὶμ
346 713 466 748 εὑρίσκω
482 713 633 748 μοναδικῶς
652 713 822 748 ἀριθμούμε-

10 766 64 784 να..
84 757 154 789 Πῶς
172 756 264 794 οὗν,ἢ
281 759 371 786 ἐκεῖνα
389 759 463 796 τρία,
482 759 549 786 κατὰ
565 759 615 794 τὴν
635 758 684 794 σὴν
699 758 821 793 τεχνολο-

7 803 101 836 γίαν,
119 803 246 830 τοσοῦτον
267 804 390 840 ἀλλήλων
405 805 603 840 ἁπερρηγμένα
619 805 679 836 ταῖς
693 804 820 838 φύσεσιν;

7 848 27 883 ἢ
55 848 158 875 ταῦτα
181 849 321 884 μοναδικὰ,
343 849 470 876 τοσοῦτον
495 849 620 885 ἀλλήλοις
643 849 749 884 ὁμοφυῆ
775 848 822 874 καὶ

874 264 945 288 nem,
958 265 1016 291 quae
1035 257 1145 284 totidem
1167 265 1278 285 numero
1291 264 1362 289 sunt,
1378 260 1484 287 etiamsi
1501 263 1651 290 substantia

873 302 996 330 dim-rant
1012 311 1019 328 :
1035 310 1115 329 unmn
1132 307 1232 333 autem.
1247 308 1274 331 et
1287 312 1380 336 unum,
1394 310 1420 331 et
1437 313 1529 339 unum,
1546 308 1656 334 totidem

874 348 1002 381 unilalcs,
1019 349 1126 375 etiamsi
1141 349 1293 376 substantia
1309 350 1517 385 cortjungantur,
1535 360 1587 379 non
1600 361 1657 379 ma-

872 395 912 428 gis
928 395 1052 421 videlicet
1075 402 1117 421 res
1135 395 1206 429 ipsas
1229 395 1349 428 intuens,
1364 404 1444 430 quam
1462 405 1551 424 rertntt
1570 406 1656 432 quan-

874 439 989 471 titatem,
1006 440 1082 474 juxta
1099 447 1178 473 quam
1196 442 1365 468 enumeratio
1387 442 1443 476 ipsa
1462 443 1508 469 sit.
1524 443 1656 476 Quoniam

873 490 963 512 autent
979 486 1116 513 mordicus
1142 485 1259 512 litteram
1279 487 1389 519 retines,
1405 488 1453 515 etsi
1471 489 1571 523 alioqui
1587 490 1658 516 litte-

872 539 909 558 ra:
928 530 1026 557 bellum
1054 531 1182 563 inferens,
1202 531 1275 559 illinc
1291 532 1355 559 ntilti
1383 534 1557 567 probationes
1577 535 1658 562 hasce

872 576 975 610 accipe.
995 575 1058 602 Tria
1071 577 1099 603 in
1114 576 1267 604 Proverbiis
1277 583 1348 610 sunt,
1362 586 1420 612 qua:
1435 584 1501 605 recte
1522 580 1656 612 incedunt,

872 619 922 652 leo,
935 619 1034 651 hircus,
1050 625 1073 646 et
1088 620 1191 655 gallus;
1206 625 1232 648 et
1246 627 1342 656 qttarto
1359 622 1429 654 loco,
1450 631 1496 650 re:
1517 625 1588 658 apud
1612 633 1657 659 po-

870 665 977 699 pulares
1000 673 1061 692 suos
1083 667 1233 693 concionem
1256 667 1352 694 habent
1373 671 1400 701 l;
1416 673 1443 695 ut
1465 669 1584 704 reliquas
1597 670 1657 698 illas

873 716 968 738 natura
992 712 1134 739 distinctas
1158 714 1365 747 quaternitates,
1393 722 1452 749 quae
1482 715 1535 742 illic
1565 724 1656 743 recen-

871 762 976 787 sentur,
995 757 1103 784 silentio
1128 762 1299 792 praetereant.
1318 759 1388 786 Duos
1412 760 1493 787 etiam
1518 761 1656 788 cherubim

872 805 941 838 apud
956 803 1073 838 Moysctn
1090 804 1207 835 invenio,
1219 805 1264 838 qui
1276 805 1421 839 separatim
1437 811 1612 834 numerantur
1635 810 1655 834 ¹.

872 850 1012 882 Quomodo
1029 857 1104 885 ergo,
1120 850 1161 876 vel
1178 849 1221 876 illa
1239 851 1288 877 tria
1300 855 1374 883 sunt,
1387 851 1458 879 sicut
1472 859 1515 880 ars
1529 856 1572 879 tun
1588 860 1656 886 prro-

7 895 218 930 συγκείμενα;
239 896 270 922 Ei.
284 896 339 932 γὰρ
351 896 459 931 λέγοιμι
470 895 536 923 Θεὸν
549 896 596 922 καὶ
609 895 746 931 Μαμωνᾶι.

918 894 981 927 ibit,
997 902 1057 922 cum
1079 900 1175 922 natura
1188 900 1269 930 atque
1285 896 1433 923 substantia
1453 897 1520 924 adeo
1542 898 1612 925 inter
1628 905 1657 925 se

7 940 146 975 κυρεους
160 942 199 972 είς
211 940 239 967 ἓν
254 941 479 976 ἀριθμουμένους,
491 941 609 976 τοσούτῳ
621 940 729 977 μακρὰν
741 940 821 971 ὗντας

7 987 168 1021 ἀλλήλων,
183 986 254 1022 τάχα
269 986 301 1014 ἂν
321 988 368 1014 καὶ
383 987 484 1022 μᾶλλον
503 987 665 1023 γελασθείην
686 987 734 1022 τῆς
760 993 822 1012 συν-

7 1032 219 1068 αριθμήσεως.

875 941 1052 976 discrepent:
1070 946 1116 968 aut
1136 941 1193 968 lucc
1218 941 1375 976 singularia,
1392 949 1451 976 quae
1472 947 1567 969 natura
1589 943 1657 971 inter

874 994 903 1014 se
917 986 984 1013 adeo
999 987 1111 1021 aequalia
1134 991 1207 1018 sunt,
1221 991 1248 1013 et
1259 986 1401 1021 copulata?
1416 987 1481 1014 Nam
1498 988 1520 1014 si
1536 988 1658 1015 dominos

874 1030 935 1058 illos
960 1032 1027 1058 duos
1051 1032 1133 1058 Deum
1159 1036 1187 1058 et
1208 1032 1407 1059 mammonam'
1443 1040 1657 1060 commemorare

7 1079 125 1111 velim,
138 1079 185 1113 qui
205 1086 318 1107 numero
340 1087 394 1108 uno
412 1080 573 1112 eﬂeruntur,
590 1087 651 1107 cum
678 1079 834 1114 usqueadeo
853 1078 923 1106 inter
946 1086 976 1107 se
995 1067 1123 1112 disjuncti
1148 1079 1213 1112 sint,
1235 1080 1320 1115 magis
1353 1087 1459 1115 quoque
1479 1080 1591 1108 fortasse
1615 1089 1658 1108 me

7 1126 53 1152 ob
79 1126 157 1152 hanc
169 1127 435 1154 connumerationem
449 1127 589 1154 ridendum
601 1126 784 1161 propinarem.

151 1169 218 1196 Ἀλλ’
239 1171 312 1205 ἐμοὶ,
336 1172 436 1206 φησιν,
462 1172 555 1198 ἐκεῖνα
582 1170 820 1206 συναριθμούμενα

7 1217 154 1250 λέγεται,
175 1216 286 1252 καὶτῆς
311 1218 396 1252 αὐτῆς
420 1218 524 1250 οὐσίας,
548 1215 588 1249 οἷς
608 1218 820 1251 συνεκφωνεῖται

7 1262 221 1297 καταλλήλως,
239 1263 286 1289 καὶ
304 1263 338 1290 τὰ
354 1263 489 1299 ὀνόματα·
503 1261 569 1296 οἷον,
588 1263 725 1299 ἄνθρωποι
735 1263 820 1298 τρεῖς,

7 1309 69 1336 καὶ
85 1307 151 1334 θεοὶ
161 1309 246 1343 τρεῖς,
258 1308 318 1344 οὐχὶ
329 1309 391 1345 τρία
397 1310 470 1341 τάδε,
480 1310 527 1337 καὶ
535 1310 609 1336 τάδε.
680 1309 728 1340 Τις
742 1308 821 1343 γὰρὴ

7 1354 168 1386 ἀντίδοσις
186 1365 209 1389 ;-
270 1355 349 1381 τοῦτο
361 1355 568 1390 νομοθετοῦντός
583 1355 641 1381 ἐστι
655 1355 710 1386 τοῖς
720 1354 818 1389 ὀνόμα-

7 1409 79 1432 σιν,
100 1399 154 1425 οὐκ
168 1398 354 1434 ἀληθεύοντος.
374 1400 449 1426 Ἐπεὶ
463 1399 546 1435 κάμοὶ
561 1400 673 1435 Πέτρος,
689 1400 736 1426 καὶ
747 1398 820 1426 Παῦ-

7 1446 83 1478 λος,
113 1443 163 1470 καὶ
183 1444 318 1480 Ἰωάννης,
335 1445 364 1471 οὐ
378 1446 462 1480 τρεῖς,
484 1445 543 1472 οὐδὲ
558 1445 704 1481 ὁμοούσιοι.
717 1445 768 1477 ἕως
787 1444 819 1471 ἂν

7 1493 58 1528 μὴ
73 1491 160 1525 τρεῖς
172 1490 281 1525 Πέτροι,
301 1491 347 1518 καὶ
359 1492 433 1526 τρεῖς
453 1491 565 1523 Παῦλοι,
579 1491 625 1518 καὶ.
644 1490 763 1518 Ὶωάνναι
774 1499 819 1516 το-

7 1537 124 1565 σοῦτοι
141 1536 274 1570 λέγονται.

7 1581 224 1618 γενικωτέρων
245 1581 397 1616 ὀνομάτων,
417 1581 496 1608 τοῦτο
512 1582 559 1608 καὶ
575 1583 655 1617 ἡμεῖς
670 1582 821 1616 ἀπαιτήσο-

7 1626 146 1665 μενιὲπὶ
160 1626 213 1653 τῶν
224 1625 404 1662 είδικωτὲρων
484 1626 554 1653 κατὰ
572 1627 621 1661 τὴν
635 1626 684 1662 σὴν
702 1625 822 1654 ἀνάπλα-

7 1683 60 1701 σιν
73 1682 83 1688 ·
105 1672 123 1707 ἢ
148 1672 295 1708 ἀδικήσεις,
314 1673 350 1708 μὴ
373 1672 459 1704 διδοὺς
476 1672 543 1707 ὅπερ
566 1672 689 1707 εἴληφας.
703 1672 735 1698 Τί
749 1672 792 1698 δαὶ
808 1672 822 1698 ὁ

11 1719 183 1753 “ιωάννης;
202 1718 283 1753 Τρεῖς
297 1716 366 1745 εἶναι
387 1719 450 1750 τοὺς
469 1717 674 1754 μαρτυροῦντας
690 1717 777 1753 λέγων
793 1719 821 1744 ὲν

7 1767 87 1797 ταῖς
103 1763 282 1797 Καθολικαῖς,
295 1764 325 1791 τὺ
338 1764 459 1800 Πνεῦμα,
479 1764 509 1791 τὺ
524 1764 605 1800 ὓδωρ,
624 1764 655 1790 τὸ
738 1761 820 1798 αἷμα,

7 1811 81 1848 Ξρά
112 1818 156 1836 σοι
176 1809 269 1845 ληρεῖν
295 1810 436 1845 φαίνεται;
460 1809 571 1846 Πρῶτον
589 1809 648 1844 μὲν,
671 1810 711 1836 ὅτι
735 1809 769 1835 τὰ
784 1809 821 1844 μὴ

7 1855 165 1894 ὁμοούσια
180 1855 379 1891 συναριθμῆσαι
392 1855 568 1890 τετόλμηκεν,
581 1854 594 1880 ὃ
603 1856 658 1886 τοῖς
672 1854 823 1889 ὁμοουσίοις

7 1906 46 1932 τὺ
66 1902 169 1933 δίδως.
182 1902 241 1937 (Τίς
252 1902 307 1937 γὰρ
318 1902 351 1928 ἂν
366 1902 438 1928 εἴποι
450 1901 535 1928 ταῦτα
550 1901 613 1936 μιᾶς
625 1900 717 1932 οὐσίας
727 1899 745 1935 ;)
757 1899 822 1925 Δεύ-

7 1957 109 1985 τερον
124 1947 166 1980 δὲ,
179 1947 221 1973 ὅτι
239 1947 275 1982 μὴ
292 1947 467 1982 καταλλήλως
481 1946 550 1982 ἔχων
567 1947 721 1981 ἀπήντησεν
732 1954 739 1961 ’
754 1945 835 1972 ἀλλὰ·

7 1997 45 2023 τὸ
72 1994 161 2029 τρεῖς
178 1993 330 2029 ἀρρενικῶς
343 1993 464 2029 προθεὶς,
483 1992 517 2019 τὰ
530 1992 592 2028 τρία
612 1991 760 2027 οὐδετέρως
778 1992 823 2017 ὲπ-

7 2044 144 2078 ήνεγκε,
161 2039 237 2074 παρὰ
252 2039 314 2071 τοὺς
331 2040 403 2071 σοὺς,
420 2040 466 2066 καὶ
479 2039 527 2074 τῆς
541 2039 590 2073 σῆς
663 2046 822 2073 γραμματι-

7 2088 72 2122 κῆς
91 2085 180 2120 ὅρους
202 2085 248 2111 καὶ
270 2085 378 2120 νόμους,
405 2084 500 2111 Καίτοι
516 2085 543 2111 τί
560 2083 724 2119 διαφέρει,ἣ
748 2084 822 2118 τρεῖς

7 2131 182 2168 προθέντα,
200 2130 239 2162 ἓν,
255 2131 302 2156 καὶ
317 2130 356 2161 ἓν,
372 2131 419 2157 καὶ
441 2130 469 2156 ἓν
484 2131 650 2163 ἐπενεγκεῖν,
668 2129 684 2164 ἦ
702 2128 760 2160 ἕνα,
776 2128 823 2154 καὶ

7 2179 82 2208 ἕνα,
103 2174 155 2201 καὶ
169 2174 217 2201 ἕνα
233 2175 355 2209 λέγοντα,
372 2175 409 2210 μὴ
424 2176 509 2210 τρεῖς,
525 2174 592 2201 ἀλλὰ
606 2174 668 2209 τρία
685 2180 822 2208 προσαγο-

7 2222 142 2259 patient;
163 2220 229 2255 ὅπερ
254 2220 334 2252 αὐτὸς
357 2220 483 2253 ἀπαξιοῖς
504 2219 551 2246 ἐπὶ
571 2220 620 2253 τῆς
637 2219 772 2254 Θεότητος,
789 2218 822 2244 Τί

7 2268 59 2294 Bai
84 2274 133 2292 σοι
151 2265 166 2290 ὁ
182 2266 321 2300 καρκίνος,
344 2265 374 2292 τό
387 2274 417 2291 τε
435 2265 513 2298 ζῶον,
527 2265 556 2291 τό
579 2273 608 2291 τε
622 2264 745 2300 ὄργανον,
765 2264 778 2290 ὃ
791 2272 821 2290 τε

7 2313 140 2346 ﬁsci-‘9;
157 2310 182 2335 τί
195 2310 239 2336 δαὶ
253 2311 266 2337 ὁ
281 2311 364 2343 κύων,
379 2311 392 2337 ὅ
409 2319 439 2336 τε
461 2311 596 2345 χερσαῖος,
612 2310 658 2336 καὶ
673 2310 687 2334 ὁ
701 2309 819 2344 ἔνυδρος,

7 2360 65 2386 καὶ
87 2357 107 2382 ὁ
125 2356 266 2391 οὐράνιοςς
289 2356 320 2382 οὑ
338 2357 412 2391 τρεῖς
434 2355 560 2389 λέγεσθαί
574 2363 614 2381 σοι
630 2353 738 2381 δοκοῦτι
750 2362 819 2388 καρ-

7 2407 98 2432 dvo;
123 2401 173 2427 καὶ
189 2401 286 2434 κύνες;
304 2402 417 2433 Πάντως
434 2410 476 2435 γε.
490 2399 563 2436 Ἀρα
583 2398 628 2427 οὖν
651 2399 726 2434 παρὰ
742 2397 821 2425 τοῦτο

7 2450 65 2477 καὶ
86 2445 250 2481 ὁμοούσιοι;
268 2446 316 2477 Τίς
330 2445 412 2479 φήσει
425 2445 479 2471 τῶν
495 2445 557 2471 νοῦν
574 2444 705 2479 ἐχόντων,
728 2442 820 2477 Ὁρᾷς,

7 2500 109 2525 ὅπως
130 2500 173 2518 σοι
199 2490 390 2518 διαπέπτωκεν
412 2488 427 2515 ὁ
443 2489 508 2523 περὶ
524 2487 572 2520 τῆς
589 2485 818 2520 συναριθμήσεως

7 2543 125 2576 λόγος,
138 2536 275 2568 τοσούτοις
285 2535 463 2570 ὲὶηλεγμένος
478 2541 487 2567 ς
498 2533 589 2566 Είγὰρ
599 2530 708 2567 μήτετὰ
723 2528 819 2576 otiooti-

7 2574 70 2616 crtst
93 2583 212 2614 πάντως
225 2581 443 2616 συναριθμεῖται,
460 2580 505 2606 καὶ
518 2577 724 2611 συναριθμεῖται
735 2576 770 2601 τὰ
784 2574 822 2610 μὴ

7 2630 182 2669 ὁμοούσια,
194 2628 211 2663 ἥ
220 2636 250 2654 τε
262 2627 317 2654 τῶν
338 2626 477 2660 ὀνομάτων
493 2624 695 2657 συνεκφώνησις
711 2621 753 2647 ἐπ’
766 2622 822 2656 ἀμ-

8 2679 111 2715 φοῖν,
125 2674 157 2700 τί
172 2682 213 2700 σοι
230 2673 311 2699 πλέον
326 2668 363 2700 ὧν
374 2670 567 2705 ἑδογμάτισας.

979 1167 1024 1199 At,
1035 1167 1133 1201 inquis,
1143 1174 1173 1194 ea
1181 1167 1368 1194 connumerari
1380 1168 1512 1200 dicuntur,
1522 1168 1656 1202 ejusdem—

871 1221 925 1248 que
937 1213 1063 1240 essentia:
1082 1219 1153 1245 esse,
1168 1213 1265 1247 quibus
1289 1213 1396 1240 nomina
1412 1213 1468 1246 ipsa
1483 1214 1654 1247 respondent,

870 1267 932 1287 cum
946 1258 1096 1286 ell‘eruntur
1154 1267 1162 1289 :
1233 1263 1261 1285 ut
1277 1257 1400 1285 homines
1416 1265 1481 1290 tres,
1496 1263 1523 1285 et.
1536 1259 1571 1285 dii
1588 1264 1654 1292 tres,

872 1313 925 1332 non
941 1309 1031 1331 autem
1047 1304 1098 1330 tria
1114 1304 1182 1336 htec,
1195 1307 1240 1330 aut
1254 1303 1308 1330 illa.
1324 1303 1387 1336 Quae
1401 1303 1472 1330 enim
1486 1310 1527 1331 est
1538 1304 1596 1331 hmc
1611 1313 1656 1332 re-

872 1349 925 1376 lata
939 1348 1095 1384 responsio?
1107 1348 1239 1375 Nimirum
1252 1348 1303 1375 hoc
1313 1349 1368 1382 jam
1388 1348 1504 1375 hominis
1516 1354 1556 1376 est
1570 1349 1655 1383 legent

872 1394 1026 1422 nominibus
1050 1393 1261 1428 praescribentis,
1279 1400 1329 1420 non
1355 1400 1445 1421 verum
1470 1394 1559 1421 dicere
1580 1395 1656 1421 insti-

873 1440 982 1467 tuentis.
994 1439 1101 1473 Alioqui
1114 1438 1178 1465 mihi
1197 1445 1303 1473 quoque
1317 1439 1374 1473 pari
1389 1439 1482 1466 eadem
1493 1440 1595 1467 ratione
1607 1440 1655 1467 l’e-

873 1490 940 1516 trus,
958 1489 986 1512 et
999 1483 1108 1516 Paulus,
1120 1487 1147 1510 et
1159 1482 1277 1510 Joannes
1290 1491 1343 1510 non
1361 1487 1416 1510 tres
1427 1489 1517 1516 erunt,
1531 1492 1579 1511 nec
1591 1493 1656 1512 con-

366 1537 398 1564 '0
419 1537 473 1572 γὰρ
491 1537 522 1563 σὺ
540 1537 693 1572 τετήρηκας
707 1536 820 1563 ἐπὶτῶν
835 1534 856 1564 C
871 1530 1070 1562 SWSNHH‘JIBS,
1099 1538 1105 1555 (

916 1530 1070 1562 μειίιηιίιιιεε,
1099 1529 1218 1563 quandiu
1251 1536 1303 1555 non
1335 1533 1388 1556 tres
1416 1528 1500 1562 Petri,
1528 1536 1575 1557 aut
1601 1535 1655 1558 tres

872 1575 956 1607 Pauli,
985 1579 1032 1601 aut
1055 1574 1166 1601 totidem
1195 1572 1313 1601 Joannes
1342 1581 1394 1602 non
1424 1574 1558 1602 dicentur.
1579 1575 1655 1609 Quod

871 1621 942 1648 enim
971 1624 999 1646 tu
1024 1619 1050 1646 in
1071 1619 1242 1654 generalibus
1268 1618 1420 1647 nominibus
1439 1619 1586 1653 retinuisti,
1603 1620 1655 1647 hoc

871 1673 920 1693 nos
936 1671 1043 1699 quoque
1055 1663 1133 1698 juua
1152 1668 1334 1690 commentum
1350 1668 1425 1690 tuum
1447 1664 1472 1691 in
1495 1664 1656 1698 specialibus

871 1710 1049 1745 postulamus.
1068 1709 1168 1744 lnjuste
1190 1710 1261 1736 enim
1287 1709 1395 1742 feceris,
1408 1710 1472 1742 nisi,
1488 1711 1558 1744 quod
1579 1717 1656 1738 acce-

872 1756 947 1791 pisti,
972 1755 1090 1784 dederis.
1114 1754 1183 1788 Quid
1206 1754 1343 1782 Joannes?
1360 1755 1425 1783 Cum
1450 1755 1477 1782 in
1508 1755 1655 1782 Catholicis

872 1801 992 1837 epistolis
1012 1801 1069 1829 suis
1085 1805 1139 1828 tres
1156 1807 1216 1828 esse
1226 1801 1265 1827 ait
1278 1801 1288 1817 ‘
1300 1820 1308 1833 ,
1320 1801 1366 1836 qui
1380 1801 1564 1830 testimonium
1579 1801 1654 1833 dant,

873 1848 1014 1884 Spiritum,
1029 1855 1139 1882 aquam,
1157 1852 1185 1874 et
1199 1847 1367 1882 sanguinem,
1382 1847 1522 1875 videturne
1543 1847 1590 1875 tibi
1609 1849 1656 1875 de-

872 1894 972 1922 lirare?
985 1893 1118 1926 Primum,
1134 1893 1196 1927 quia
1222 1900 1265 1920 res
1287 1893 1439 1920 substantia
1455 1893 1576 1920 diversas
1590 1900 1655 1920 con-

873 1945 1016 1967 numerare
1045 1946 1128 1966 ausus
1155 1943 1206 1971 est,
1222 1938 1292 1973 quod
1323 1942 1351 1965 tu
1378 1938 1654 1966 consubstantialibus

874 1990 978 2013 tantum
1001 1985 1109 2013 tribuis.
1132 1984 1198 2018 Quis
1219 1984 1290 2011 enim
1312 1984 1369 2011 haec
1387 1984 1466 2011 unius
1477 1983 1652 2018 ejusdemque

872 2031 1030 2059 substantiae
1049 2038 1109 2059 esse
1123 2030 1241 2058 dixerit?
1251 2029 1384 2061 Alterum,
1399 2030 1461 2064 quia
1483 2030 1563 2057 modo
1574 2031 1655 2057 mini-

873 2086 915 2105 me
940 2078 1099 2112 congruenti
1122 2084 1203 2104 voces
1226 2081 1371 2110 sequentes
1393 2075 1581 2110 subjunxerit;
1608 2077 1655 2103 sed

874 2132 935 2151 cum
961 2129 1016 2150 tres
1043 2123 1191 2150 masculino
1205 2129 1302 2157 genere
1317 2122 1512 2156 proposuisset,
1530 2123 1577 2148 tria
1594 2130 1656 2149 ncu-

876 2174 917 2196 tro
934 2176 1032 2202 genere
1057 2167 1205 2202 subiunxit,
1223 2171 1315 2194 contra
1341 2174 1420 2200 quain
1437 2172 1498 2198 tute,
1517 2171 1597 2201 atque
1614 2167 1654 2201 ip-

874 2215 930 2241 sius
956 2215 1036 2240 etiam
1064 2213 1245 2246 grammatica:
1265 2213 1338 2247 leges
1357 2212 1456 2238 ferant.
1473 2211 1570 2238 Verum
1591 2213 1655 2247 quid

875 2261 998 2291 interest,
1016 2263 1063 2285 attt
1084 2266 1144 2285 cum
1159 2263 1213 2284 tres
1231 2258 1379 2285 masculino
1391 2264 1488 2292 genere
1504 2265 1654 2292 νῐωροδιω·

874 2306 921 2337 ris,
938 2313 1031 2337 unum,
1052 2309 1080 2331 et
1102 2311 1194 2336 unum,
1212 2309 1239 2331 et
1257 2312 1337 2330 untttn
1360 2303 1492 2338 subjicere
1509 2309 1574 2331 :aut
1595 2313 1655 2331 cum

873 2359 966 2383 unum,
982 2356 1009 2377 et
1028 2357 1122 2381 unum,
1138 2353 1165 2376 et
1191 2357 1274 2376 unum
1302 2349 1413 2381 dixeris,
1440 2357 1492 2376 non
1522 2354 1586 2382 tres,
1609 2351 1655 2377 scd

875 2397 924 2423 tria
941 2394 1093 2430 appellare?
1108 2394 1134 2421 ld
1148 2394 1217 2428 quod
1236 2398 1261 2420 tu
1279 2394 1305 2421 in
1324 2394 1423 2421 deitate
1440 2387 1583 2421 admittere
1596 2402 1658 2428 gra-

874 2442 956 2468 varis.
979 2440 1049 2473 Jam,
1063 2439 1128 2474 quid
1152 2439 1199 2466 tibi
1217 2446 1325 2472 cancer,
1337 2439 1383 2474 qui
1399 2445 1427 2467 et
1445 2439 1546 2466 animal
1558 2444 1610 2472 est,
1625 2445 1653 2466 et

873 2491 1015 2518 organum,
1028 2489 1056 2511 et
1070 2482 1165 2511 sidus?
1176 2482 1246 2516 Quid
1265 2483 1354 2516 canis,
1371 2483 1416 2518 qui
1434 2485 1571 2512 terrestris
1599 2492 1653 2518 est,

874 2535 900 2557 et
919 2530 1051 2563 marinus,
1067 2533 1095 2556 et
1109 2529 1251 2557 caelestis?
1265 2530 1361 2558 Nonne
1390 2534 1444 2557 tres
1472 2532 1573 2564 cancri,
1606 2537 1654 2559 aut

875 2583 956 2602 canes
978 2575 1027 2602 tibi
1045 2575 1096 2602 dici
1112 2575 1259 2602 videntur?
1291 2575 1327 2601 Ita
1355 2575 1487 2610 profecto.
1514 2577 1555 2602 An
1588 2584 1653 2611 ergo

877 2624 990 2658 proinde
1006 2631 1115 2658 quoque
1128 2623 1377 2651 consubstantiales
1390 2624 1473 2651 sunt?
1489 2624 1555 2657 Quis
1570 2631 1653 2651 sanus

877 2670 928 2697 hoc
937 2669 1034 2697 dixerit
1044 2670 1056 2696 ?
1066 2669 1181 2696 Videsne
1195 2669 1331 2704 quomodo
1346 2670 1394 2696 tibi
1408 2670 1460 2697 hoc
1472 2678 1655 2697 connumera-

14 2714 125 2754 tionis
141 2723 343 2755 argumentum,
376 2721 416 2745 tot
441 2717 576 2751 tantisque
603 2715 754 2742 rationibus
771 2714 953 2746 conlutatum,
972 2714 1128 2741 corruerit?
1157 2715 1224 2743 Nam
1245 2723 1306 2742 cum
1334 2722 1384 2742 nec
1414 2714 1656 2742 consubstantinha

13 2775 156 2803 semper
169 2769 412 2797 connumerentur,
428 2768 455 2790 et
471 2770 531 2797 qua:
548 2762 663 2796 disparis
676 2761 802 2788 essentia:
829 2765 903 2793 sunt,
918 2760 1057 2787 interdum
1078 2767 1321 2794 connumerentur,
1339 2766 1365 2789 et
1379 2765 1468 2788 tanton
1486 2761 1512 2788 in
1532 2762 1656 2796 utrisque

18 2814 158 2848 uotllilla
173 2812 254 2840 simul
268 2811 360 2839 eﬂ‘crri
374 2809 578 2845 perspiciamus,
592 2815 624 2835 ex
641 2808 695 2834 tuis
712 2807 886 2842 dogmatibus
903 2806 968 2842 quid
985 2806 1032 2832 tibi
1053 2806 1187 2833 accessit?

69 2863 82 2878 ⁸
107 2859 190 2887 Prov.
208 2866 271 2891 xxx,
284 2858 329 2891 29,
345 2858 389 2885 50.
427 2857 436 2871 '
448 2855 534 2884 Exod.
548 2862 650 2888 xxxv”,
664 2856 688 2882 7.
703 2861 779 2889 seqq.
805 2853 815 2869 ι
832 2853 927 2880 Matth.
950 2861 982 2884 ιι,
1000 2852 1044 2878 2i.
1085 2850 1094 2866 ⁸
1108 2850 1117 2877 l
1130 2850 1210 2878 Joan.
1225 2859 1251 2884 ν,
1266 2851 1292 2878 8.
