1873 3076
46 117 103 149 837
532 115 724 146 PANOPLIA
744 115 974 148 DOGMATICA.
995 128 1027 135 —
1046 117 1121 148 TIT.
1139 116 1194 147 XI.
1618 123 1672 155 338

45 175 118 206 ὅλως
133 174 190 202 τῶν
205 171 254 202 τοῦ
271 173 340 201 Θεοῦ
351 173 495 207 δυνάμεων
512 172 528 208 ἢ
551 172 707 208 ινεργειῶν·
723 173 792 200 ἄλλο
804 182 828 200 τι

912 179 1000 201 ιεηιαι·
1031 175 1202 207 immorctur,
1222 176 1318 204 sedere
1341 178 1423 211 atque
1443 176 1470 204 in
1490 178 1587 206 throno
1609 189 1671 209 esse

45 221 100 247 τῶν
118 220 284 254 σωματικῶν
297 220 363 255 ἡμῖν
376 218 621 254 ἀνεζωγράφησεν.

912 219 1121 253 uneupavimus;
1139 221 1211 254 quod
1225 221 1314 256 ipsum
1329 229 1439 257 quoque
1468 229 1592 252 nostrum
1615 231 1668 254 est.

45 266 119 294 Deus
133 266 206 294 enim
222 266 296 294 nulla
313 265 342 292 in
359 272 388 292 re
410 264 523 299 perinde
541 268 572 292 ut
604 264 631 291 in
659 265 778 297 sanctis,
797 266 959 301 acquiescit.
987 265 1046 292 Jam
1073 267 1210 294 levitatem
1225 267 1285 302 ejus
1309 273 1457 304 motusque
1485 271 1665 306 celeritatem,

45 313 168 339 volatum
180 313 304 348 {appellat
317 312 475 347 Scriptura;
499 311 691 344 visitationem,
704 312 821 345 vultum,
845 313 1014 348 largitionem
1029 313 1110 340 etiam
1129 318 1157 340 et
1173 315 1370 349 acceptionem,
1386 323 1515 351 manum;
1530 323 1622 352 atque,
1641 325 1669 346 ut

43 360 70 385 in
84 367 194 386 summa
205 359 305 393 dicam,
324 359 376 386 alia
396 359 519 393 quaedam
533 358 579 385 Dei
603 358 645 386 vis
670 362 696 385 et
720 358 846 391 facultas,
872 359 945 386 aliud
959 359 1097 394 quidpiam
1113 368 1201 388 rerum
1227 368 1420 396 corporearum
1438 363 1517 391 nobis
1533 364 1665 399 depinxit.

82 406 169 433 Πάλιν
183 406 216 433 σὺ
238 405 321 433 πόθεν
331 405 362 432 τὸ
378 405 527 439 ἀγέννητον
541 404 637 431 λαϐὼν
654 405 735 440 ἔχεις,
768 407 784 439 ἢ
801 405 828 432 τὺ

926 405 1047 434 Rursum
1067 407 1203 435 nndenam
1238 413 1265 436 tu
1291 417 1368 437 arces
1395 409 1457 437 illas
1494 415 1565 444 tuas,
1595 412 1671 446 inge-

44 454 177 488 ἄναρχον,
202 453 252 484 τὰς
277 453 325 484 σὰς
349 452 526 486 ἀκροπόλεις.
553 452 570 486 ἢ
598 451 646 478 καὶ
679 452 772 486 ἡμεῖς,
800 452 831 478 τδ

43 499 201 532 ἁθὰνατον;
218 498 311 531 Δεῖξον
338 498 426 526 ταῦτα
451 499 595 533 ὀνομαστὶ,
608 498 625 533 ἦ
643 499 830 533 ἀθετήσομεν,

42 545 139 580 ἐπειδὴ
154 545 186 571 οὐ
204 546 370 579 γέγραπται,
388 545 404 579 ἢ
421 543 620 578 διαγράψομεν.
649 544 704 570 Καὶ
734 544 830 579 τέθνη-

42 601 94 623 κας
111 593 144 618 ὲκ
163 591 218 618 τῶν
232 591 286 617 σῶν
298 590 466 622 ὑποθέσεων,
482 589 701 625 καθαιρεθέντων
718 598 759 616 σοι
773 589 828 616 τῶν

40 638 196 672 ὀνομάτων,
221 638 268 664 καὶ
287 637 334 663 τοῦ
363 636 469 671 τείχους
491 637 541 670 τῆς
566 637 729 670 καταφυγῆς
749 635 791 670 ἐφ’
806 632 828 669 ᾧ

41 685 211 716 ἑπεποίθεις.
230 684 265 711 Ἢ
274 683 363 718 δῆλον,
373 683 416 709 ὅτι
431 682 463 709 ἐκ
477 682 532 709 τῶν
543 682 629 709 ταῦτα
646 682 828 716 συναγόντων,

40 732 95 759 κᾶν
117 731 156 766 μὴ
173 730 259 757 ταῦτα
279 729 413 765 key-qut;
428 728 515 754 Τίνων
527 728 650 762 τούτων;
671 728 747 762 Ἐγώ
770 729 828 762 ειμι

885 452 971 480 nitum
985 458 1032 480 aut
1059 454 1289 488 anarcltum(hoc
1314 459 1356 482 est.
1381 456 1512 490 principii
1536 457 1668 492 expers),

884 499 1024 532 accepisti,
1040 504 1087 526 aut
1113 507 1163 526 nos
1182 500 1263 527 etiam
1292 500 1456 529 immortalis
1471 509 1565 529 vocem
1579 503 1590 529 ?
1606 503 1668 530 llaec

883 544 1044 571 nominatim
1062 548 1088 571 et
1105 553 1233 580 expresse
1248 547 1372 578 ostende,
1393 554 1424 574 ea
1441 547 1482 574 vel
1499 548 1668 582 rejiciemus,

884 592 949 626 quia
974 592 1000 618 in
1019 591 1161 626 Scriptura
1176 599 1231 619 non
1261 597 1379 625 exstant,
1396 593 1440 620 vel
1467 601 1665 629 expungemus.

882 638 971 671 Atque
983 639 1018 665 ita
1036 639 1146 666 tuismet
1172 638 1230 674 ipse
1253 639 1393 674 principiis
1411 647 1559 674 oppressus
1585 642 1668 668 inter-

882 682 944 715 ibis,
953 683 1057 710 eversis
1071 683 1200 710 nimirum
1214 684 1259 710 tibi
1270 684 1409 711 vocabulis
1421 685 1486 716 illis,
1496 684 1667 719 perfugiique

881 729 1028 760 moenibus,
1040 730 1066 756 in
1084 729 1183 762 quibus
1194 729 1362 756 conﬁdebas.
1379 729 1475 756 Nonne
1489 731 1664 764 perspicuum

39 779 172 813 πρῶτος,
185 777 300 812 καίὲγὼ
315 777 391 811 μετὰ
408 777 512 804 ταῦτα’
531 775 591 807 καὶ,
605 775 665 809 Πρό
680 774 755 809 ἐμοῦ
771 775 828 801 οὐκ

914 776 1001 808 t,lt:ec
1015 776 1049 802 de
1064 775 1097 802 iis
1109 781 1216 810 sumpta
1232 782 1303 806 esse,
1316 784 1347 802 ex
1364 776 1463 810 quibus
1481 776 1662 809 colliguntur.

37 826 128 852 ἐστιν
139 825 235 857 ἄλλος
245 823 327 856 Θεὸς,
341 822 390 850 καί
411 823 476 857 μετ’
489 821 544 856 ἐμὲ
559 823 615 849 οὐκ
626 821 723 849 ἔσται.
747 821 827 848 Ὀλον

38 872 97 906 γὰρ
111 871 143 898 τὸ
155 871 251 902 ἐστιν,
273 869 349 904 ἐμόν·
364 868 426 895 οὔτε
438 869 589 904 ἠργμένον,
603 867 666 894 οὔτε
687 867 829 901 παυσόμε-

37 917 200 945 νον.Ταῦτα
209 917 309 948 λαΰὼν,
320 916 351 942 τὸ
362 916 424 951 μὲν,
435 914 473 949 μὴ
485 913 555 941 εἷναί
564 924 590 942 τι
603 915 655 949 πρὸ
666 913 761 945 αὑτοῦ,
775 922 828 948 μη-

37 964 67 990 δὲ
87 962 278 997 πρεσὸυτέραν
300 963 390 988 αἰτίαν
408 962 491 997 ἔχειν,
505 960 625 996 ἄναρχον
635 959 825 995 προσηγόρευ-

38 1018 102 1043 σας,
114 1009 163 1036 καὶ
176 1009 336 1044 ἀγέννητον
347 1007 378 1035 τὸ
392 1007 431 1038 δὲ,
447 1007 484 1042 μὴ
508 1007 657 1041 στήσεσθαι
682 1006 732 1032 τοῦ
743 1003 824 1039 εἶναι,

36 1056 179 1083 ἀθάνατον
186 1054 403 1090 καὶὰνώλεθρον.
416 1055 448 1080 Al
461 1051 549 1088 μὲνδὴ
558 1052 665 1087 πρῶται
684 1051 824 1086 συζυγίαι,

36 1100 180 1132 τοιαῦται,
197 1101 246 1127 καὶ
265 1099 352 1131 οὕτως
375 1099 500 1134 ἔχουσαι.
532 1097 600 1124 Τίνα
617 1097 646 1124 δὲ
661 1096 723 1124 οὗτε
742 1097 827 1130 ἔστιν,

34 1147 102 1174 θῠτε
114 1146 246 1181 λέγεται;
263 1144 386 1180 Πονηρδν
396 1143 428 1171 τδ
443 1143 527 1176 θεῖον,
538 1144 555 1177 ἡ
569 1144 675 1178 σφαῖρα
685 1143 827 1178 τετράγω·

35 1202 96 1225 νος,
108 1191 286 1227 τδπαρελθὸν
296 1191 445 1226 ἐνέστηκεν
465 1189 496 1216 οὺ
510 1189 640 1216 σύνθετον
650 1190 663 1216 ὁ
671 1189 826 1224 ἄνθρωπος·

34 1239 109 1266 Τίνα
122 1239 179 1274 γὰρ
192 1239 232 1270 είς
244 1238 373 1264 τοσοῦ-ων
399 1234 556 1272 ἐμπληξίας
579 1234 645 1262 ποτὲ
656 1235 826 1270 ἀφικόμενον

33 1288 138 1320 ἔγνως,
155 1284 227 1312 ὥστε
243 1293 271 1311 τι
296 1283 428 1316 τοιοῦτον,
456 1282 472 1316 ἢ
487 1281 614 1315 ἐννοῆσαι
630 1280 779 1315 τολμῆσαι,
809 1279 827 1315 ἦ

31 1330 236 1367 ἀποφήνασθαι
246 1338 255 1363 ;
270 1329 403 1357 Λείπεται
428 1327 514 1361 δεῖξαι
538 1326 600 1353 τινα
616 1326 664 1352 καὶ
682 1325 754 1357 ἐστι,
775 1324 824 1351 καὶ

34 1377 163 1411 λέγεται·
178 1375 256 1408 Θεὸς,
271 1374 426 1409 ἄνθρωπος,
441 1372 568 1407 ἄγγελος,
592 1370 693 1407 κρίσις,
714 1370 828 1405 ματαιό-

879 821 987 849 tametsi
1000 821 1112 848 minime
1123 821 1268 849 dicantur?
1278 821 1385 854 Quibus
1400 822 1506 848 tandem
1520 822 1531 848 ῗ
1545 822 1600 856 Ego
1608 830 1666 849 sum

879 868 991 902 primus,
1025 872 1049 894 et
1065 875 1111 902 ego
1136 871 1194 902 post
1215 868 1269 894 hac
1288 867 1307 894 ¹.
1341 867 1386 900 Εῑ,
1402 867 1469 894 Ante
1493 876 1532 894 me
1551 876 1602 895 non
1628 873 1666 895 est

880 914 951 941 alius
964 913 1044 946 Deus,
1060 919 1084 941 et
1109 918 1167 948 post
1193 922 1234 941 me
1262 922 1314 941 non
1328 915 1379 941 erit
1393 914 1414 942 ².
1431 913 1529 941 Totum
1547 915 1619 942 enim
1631 915 1665 942 il-

878 961 925 989 lud
942 965 992 993 est,
1009 967 1099 987 meum
1114 965 1171 993 est;
1198 968 1248 988 nec
1273 961 1439 995 principium
1470 961 1583 994 habens,
1608 968 1659 988 nec

879 1006 960 1034 ﬁnem
986 1006 1155 1034 habiturum.
1177 1006 1225 1034 llis
1239 1014 1254 1033 a
1268 1006 1410 1041 Scriptura
1435 1007 1565 1041 acceptis,
1597 1006 1662 1033 illud

878 1054 1002 1088 quidem,
1018 1053 1089 1088 quod
1109 1057 1172 1080 ante
1183 1060 1245 1079 cuin
1263 1052 1330 1079 nihil
1348 1053 1393 1083 sit,
1410 1059 1460 1079 nec
1474 1052 1662 1086 antiquiorem

880 1101 962 1128 ullam
976 1101 1034 1135 ipse
1048 1107 1158 1128 causam
1173 1099 1283 1132 habeat,
1308 1100 1457 1126 auarclmtn
1471 1104 1499 1127 et
1510 1099 1661 1133 ingenitum

880 1146 1027 1182 appellasti
1042 1155 1049 1173 :
1066 1146 1138 1180 quod
1170 1150 1260 1173 autem
1278 1153 1416 1180 nunquam
1435 1152 1497 1173 esse
1520 1145 1663 1172 desiturus

879 1193 926 1226 sit,
955 1193 1120 1224 immortale,
1136 1197 1219 1227 atque
1245 1192 1374 1219 interitus
1406 1199 1513 1226 expers.
1544 1192 1583 1219 Ac
1609 1192 1663 1218 duo

879 1237 967 1271 prima
993 1244 1084 1264 rerum
1102 1244 1202 1272 genera
1218 1236 1251 1264 ad
1265 1237 1340 1264 hunc
1352 1236 1464 1263 modum
1490 1244 1520 1264 se
1543 1237 1657 1264 habent.

878 1283 1008 1316 Quaenam
1021 1288 1122 1316 autem,
1136 1290 1185 1310 nec
1199 1287 1274 1313 sunt,
1284 1290 1334 1310 nec
1350 1282 1504 1310 dicuntur?
1518 1282 1664 1317 Improbus

879 1328 960 1361 Deus,
969 1328 1099 1363 quadrata
1114 1328 1232 1363 sphaera,
1245 1329 1411 1362 praeteritum
1426 1333 1531 1363 tempus
1543 1336 1663 1362 praesens

877 1380 930 1408 est,
943 1375 1025 1403 homo
1042 1375 1208 1409 compositus
1226 1382 1279 1401 non
1297 1379 1347 1402 est.
1367 1374 1485 1409 Ecquem
1505 1375 1579 1402 enim
1612 1383 1662 1402 un-

33 1432 101 1458 της,
115 1424 142 1449 οι
155 1422 272 1449 τοιοῦτοι
286 1420 473 1454 συλλογισμοὶ,
491 1419 540 1445 καὶ
556 1417 606 1453 τῆς
625 1417 744 1449 πίστεως
761 1417 827 1443 ἀνα-

912 1426 962 1445 Iam
978 1425 1010 1446 eo
1023 1419 1143 1453 stuporis
1155 1426 1330 1453 progressum
1346 1419 1508 1454 cognovisti,
1522 1424 1551 1446 ut
1559 1419 1661 1454 aliquid

32 1469 142 1505 τροπὴ,
160 1469 207 1496 καὶ
222 1467 271 1495 τοῦ
288 1467 442 1502 μυστηρίου
458 1465 585 1496 κένωσις.

837 1459 859 1489 C
877 1464 930 1491 tale
957 1463 998 1491 vel
1015 1464 1134 1499 cogitare
1148 1464 1189 1492 vel
1204 1464 1382 1498 pronuntiare
1394 1471 1479 1492 ausus
1496 1465 1556 1492 sit?
1586 1465 1661 1493 Reli-

31 1526 124 1555 quum
137 1521 180 1545 est
200 1519 231 1544 ut
245 1514 384 1544 ostendam
408 1521 468 1548 qua:
492 1513 547 1540 sint
571 1520 603 1541 ea
626 1520 687 1547 quae
701 1516 729 1540 et
743 1517 807 1540 sunt
824 1515 852 1538 et
878 1512 1015 1539 dicuntur.
1029 1510 1112 1544 Deus,
1126 1512 1218 1544 homo,
1231 1511 1355 1546 angelus,
1370 1511 1518 1548 judicium,
1545 1515 1662 1545 vanitas,

30 1571 93 1600 qua
109 1561 269 1597 hujusmodi
284 1564 444 1596 argumenta
471 1559 664 1592 conﬁciuntur,
685 1557 802 1592 ﬂdeique
815 1557 970 1591 subversio,
986 1562 1014 1585 et
1029 1558 1150 1593 mysterii
1172 1559 1320 1586 evacuatio.

71 1608 219 1644 Τοσαύτης
242 1606 291 1636 οὖν
318 1605 414 1642 οὖσηζ
428 1607 563 1642 διαφορᾶς
590 1606 619 1632 ὲν
637 1606 695 1637 τοῖς
711 1606 827 1640 ὀνόμασι

30 1659 86 1686 καὶ
96 1659 154 1688 τοῖς
165 1657 322 1691 πράγμασι,
351 1654 411 1686 πῶς
424 1652 496 1680 οὕτω
510 1652 541 1679 σὺ
559 1653 617 1679 λίαν
636 1651 773 1683 δουλεύεις
787 1651 827 1687 τῷ

31 1705 201 1740 γράμματι,
217 1702 266 1730 καὶ
280 1702 346 1738 γίνῃ
363 1700 435 1736 μετὰ
461 1700 511 1734 τῆς
536 1698 688 1734 Ἰουδαϊκῆς
718 1698 826 1732 σοφίας,

30 1753 86 1779 καὶ
104 1750 253 1781 συλλαϐαῖς
266 1747 437 1780 ἀκολουθείς,
453 1746 534 1781 ἀφεὶς
548 1746 583 1772 τὰ
603 1745 772 1780 πράγματας
792 1745 825 1772 El

28 1800 62 1825 δὲ
83 1797 132 1824 σοῦ
145 1796 181 1823 τὰ
194 1796 236 1827 δὶς
245 1796 326 1822 πέντε
340 1794 477 1828 λέγοντος,
491 1792 509 1828 ἢ
519 1791 553 1818 τὰ
562 1791 603 1824 Et;
620 1791 699 1823 ἑπτὰ,
714 1791 748 1817 τὰ
759 1790 825 1816 δέκα

29 1844 171 1878 συνῆγον,
186 1842 203 1876 ἢ
217 1842 348 1876 τέσσαρες
366 1840 413 1867 καὶ
427 1839 493 1866 δέκα
509 1840 541 1865 ὲκ
557 1838 611 1864 τῶν
623 1836 791 1871 λεγομένων·
808 1835 825 1870 ἢ

28 1894 68 1917 ἐκ
84 1889 150 1920 τοῦ,
167 1889 236 1921 ζῶον
260 1887 381 1922 λογικὸν,
398 1887 508 1921 θνητὺν,
524 1885 570 1911 τὸν
586 1884 742 1919 ἄνθρωπον,
770 1880 827 1917 ἆρα

27 1939 65 1964 ἄν
82 1944 130 1962 σοι
147 1935 240 1970 ληρεῖν
254 1933 420 1968 ὲνομίσθην;
444 1931 493 1959 καὶ
509 1931 579 1964 πῶς,
608 1930 642 1957 τὰ
658 1929 692 1957 σὰ
710 1929 799 1963 λέγων
815 1937 823 1961 ;

28 1984 74 2010 οὐ
97 1983 154 2016 γὰρ
166 1981 212 2007 τοῦ
228 1980 353 2014 λέγοντος
368 1979 472 2014 μᾶλλον
486 1978 511 2005 οι
530 1977 616 2012 λόγοι,
633 1977 649 2012 ἦ
668 1976 716 2003 τοῦ
730 1976 823 2010 λέγειν

29 2027 305 2060 συναναγκάζοντος.
338 2026 442 2060 Ὠσπερ
453 2022 500 2051 οὖν
525 2023 644 2050 ἐνταῦθα
664 2023 715 2049 οὐκ
737 2022 772 2050 ἂν
789 2021 824 2048 τὰ

28 2075 182 2109 λεγόμενα
194 2073 296 2108 μᾶλλον
315 2072 462 2103 ἐσκόπουν,
478 2071 494 2106 ἢ
515 2071 549 2097 τὰ
563 2070 710 2104 νοούμενα·
737 2068 824 2100 οὕτως

26 2122 102 2150 οὐδὲ
120 2120 148 2146 εῖ
161 2128 186 2146 τι
203 2118 268 2146 ἄλλο
278 2117 334 2145 τῶν
352 2118 389 2153 μὴ
402 2116 569 2152 λεγομένων,
587 2116 604 2151 ἢ
622 2115 659 2150 μὴ
680 2114 773 2149 σαφῶς
791 2114 824 2140 ὲκ

26 2169 89 2203 τῆς
120 2165 405 2202 Γραφῆς’νοούμενον
430 2163 572 2197 εὖρισκον,
598 2163 699 2196 ἔφυγον
725 2161 758 2188 ἂν
774 2161 824 2195 τὴν

26 2212 210 2248 ἐκφώνησιν,
236 2210 403 2245 φοϐούμενος
433 2210 463 2236 σὲ
497 2209 544 2235 τὸν
573 2209 745 2242 συκοφάντην
775 2207 824 2242 τὴν

25 2259 196 2295 ὀνομάτων.

913 1605 979 1633 Cum
1019 1613 1084 1640 ergo
1127 1606 1154 1633 in
1192 1607 1348 1634 nominibus
1372 1612 1403 1635 et
1441 1609 1523 1639 rebus
1558 1614 1662 1638 tantum

877 1650 1024 1678 discrimen
1041 1651 1204 1686 reperiatur,
1220 1653 1285 1686 quid
1311 1661 1401 1680 causa:
1427 1659 1469 1682 est
1494 1663 1543 1682 cur
1567 1656 1663 1684 litterae

875 1701 1016 1731 tantopere
1043 1699 1159 1731 servias,
1186 1698 1358 1734 Judaicque
1382 1701 1525 1736 sapientiae
1545 1704 1661 1738 teipsum

877 1743 1019 1777 adiungas,
1045 1744 1201 1778 relictisque
1240 1745 1320 1773 rebus
1345 1746 1464 1780 syllabas
1480 1749 1663 1776 consecteris‘l

875 1788 951 1821 Quod
968 1789 991 1816 si
1014 1793 1041 1816 te
1059 1790 1101 1817 bis
1114 1790 1245 1824 quinque,
1276 1796 1324 1819 aut
1352 1792 1392 1818 bis
1416 1797 1520 1827 septem
1544 1795 1660 1825 dicente.

874 1834 968 1862 decem
982 1838 1029 1862 aut
1045 1836 1251 1870 quatuordecim
1267 1845 1299 1864 ex
1315 1838 1407 1865 verbis
1424 1839 1476 1866 tuis
1493 1840 1661 1876 colligerem;

874 1887 917 1909 aut
935 1890 968 1910 ex
982 1890 1024 1915 eo,
1038 1884 1110 1919 quod
1125 1884 1226 1912 animal
1254 1886 1358 1913 ratione
1375 1887 1517 1921 praeditum
1542 1893 1570 1917 et
1589 1897 1663 1917 mor-

874 1929 1055 1962 talediceres,
1070 1929 1207 1958 hominem
1231 1939 1294 1960 esse
1318 1934 1521 1968 concluderem,
1550 1943 1584 1963 an
1611 1937 1661 1964 tibi

877 1976 974 2010 nugari
990 1976 1118 2004 viderer?
1134 1978 1165 2005 Et
1176 1985 1232 2013 quo
1257 1983 1336 2013 pacto
1352 1979 1378 2007 id
1397 1980 1454 2008 ﬁeri
1479 1988 1579 2016 posset,
1598 1991 1660 2010 cum

877 2025 925 2048 tua
938 2021 1026 2049 dicam
1036 2022 1047 2048 ί
1057 2022 1149 2058 Neque
1164 2025 1236 2052 enim
1248 2025 1331 2052 verba
1354 2027 1439 2061 magis
1455 2033 1519 2054 sunt
1540 2028 1598 2063 ejus
1613 2029 1662 2064 qui

877 2068 1010 2103 loquitur,
1032 2077 1112 2104 quam
1141 2070 1214 2099 illius
1242 2072 1289 2106 qui
1315 2072 1441 2107 loquendi
1467 2076 1660 2103 necessitatem

838 2105 964 2141 Daﬂ‘ert.
991 2114 1223 2148 Quemadmodum
1247 2105 1331 2153 igitur
1349 2105 1406 2153 llic,
1437 2127 1492 2147 non
1515 2128 1547 2148 ea
1573 2123 1661 2157 magis

877 2167 938 2194 qua:
951 2160 1088 2194 dicuntur,
1098 2169 1180 2196 quam
1197 2170 1257 2197 quae
1271 2163 1470 2198 intelliguntur,
1482 2165 1660 2200 respicerent;

877 2206 974 2233 eodem
990 2206 1072 2234 modo
1094 2214 1155 2241 nec,
1182 2209 1204 2235 si
1222 2209 1287 2243 quid
1311 2209 1384 2236 aliud
1413 2217 1507 2237 eorum
1534 2219 1593 2246 quae
1620 2213 1662 2239 vd

878 2252 952 2279 nullo
969 2252 1061 2285 modo,
1074 2253 1116 2280 vel
1130 2258 1204 2281 certe
1220 2261 1275 2281 non
1288 2254 1355 2282 satis
1368 2260 1460 2290 aperte
1477 2256 1616 2290 dicuntur,
1627 2264 1661 2284 ex

27 2307 185 2340 Scriptura
217 2310 307 2332 tamen
340 2303 453 2337 intelligi
488 2301 636 2337 colligique
659 2300 820 2335 reperirem,
839 2298 908 2327 adeo
937 2301 963 2326 te
984 2298 1178 2326 vocabulorum
1198 2300 1394 2335 sycophantam
1428 2302 1660 2336 pertimesceretn,

25 2359 61 2381 ut
76 2351 117 2378 ab
131 2350 317 2377 enuntiatione
328 2349 384 2383 ipsa
397 2348 559 2382 reiugerem.

265 2397 313 2422 Ἐκ
328 2395 382 2422 τοῦ
397 2394 491 2421 αὑτοῦ
502 2395 608 2428 λόγου.

75 2443 236 2477 Ἐκήρυσσε
257 2441 385 2477 φανερῶς
409 2441 426 2476 ὴ
451 2439 558 2466 Παλαιὰ
580 2439 625 2465 τὸν
641 2439 759 2474 Πατέρα,
782 2438 829 2466 τὸν

26 2494 108 2521 Υἱὺν
123 2489 318 2524 ἀμυδρότερον.
339 2488 527 2522 Ἐφανέρωσεν
543 2487 559 2521 ἠ
580 2485 670 2521 Καινὴ
690 2485 736 2512 τδν
750 2485 828 2517 Υίὸν,

24 2535 166 2566 ὑπέδειξε
178 2535 224 2561 τοῦ
238 2533 396 2568 Πνεὺματος
408 2533 458 2567 τὴν
470 2532 582 2567 θεότητα
594 2539 601 2546 ·
619 2531 826 2566 ὲμπολιτεύεται

22 2588 82 2614 νῦν
101 2582 133 2609 τὸ
147 2581 256 2615 Πνεῦμα
275 2579 444 2614 σαφεστέραν
458 2579 523 2613 ἡμῖν
535 2578 653 2612 παρέχον
665 2577 714 2612 τὴν
726 2577 823 2604 ἑαυτοῦ

20 2633 166 2669 δήλωσιν.
180 2627 217 2654 Ui)
238 2627 291 2661 γὰρ
307 2625 341 2661 ἦν
352 2625 481 2660 ἀσφαλὲς,
502 2625 584 2659 μήπω
595 2624 644 2659 τῆς
657 2624 704 2650 τοῦ
719 2624 825 2659 Πατρὸς

21 2679 167 2709 οεότητος
181 2672 405 2707 ὁμολογηθείσης,
425 2671 472 2697 τὸν
494 2671 556 2697 Υἱὸν
581 2669 700 2705 ἐκδήλως
723 2669 825 2704 κηρύτ-

20 2723 148 2753 τεσθαι,
161 2721 227 2755 μηδὲ
235 2720 284 2754 τῆς
293 2719 339 2746 τοῦ
355 2719 415 2745 fimi
432 2717 656 2754 παραδεχοείσης,
669 2717 699 2742 τὸ
712 2716 824 2751 Πνεῦμα

19 2772 58 2799 τὸ
75 2769 173 2803 ἅγιον,
189 2767 221 2793 tv‘
234 2766 304 2792 εἴπω
315 2774 341 2792 τι
360 2766 407 2792 καὶ
421 2764 631 2799 τολμηρότερον,
647 2763 823 2799 ὲπιφορτίζε-

71 2868 81 2880 ι
100 2863 154 2890 lsa.
175 2867 228 2891 xu,
249 2859 274 2885 4.
314 2861 324 2875 ³
338 2858 388 2886 lsa.
408 2866 483 2890 xuii,
504 2858 544 2885 lO.

1120 2388 1163 2416 Ea:
1178 2389 1269 2416 cadent
1289 2391 1420 2419 oratione.

912 2433 998 2463 Vetus
1013 2434 1216 2463 Testamentum
1233 2435 1340 2463 Patrem
1371 2442 1473 2471 aperte,
1494 2437 1590 2465 Filium
1613 2438 1663 2466 ob-

879 2484 987 2512 scurius
1020 2484 1188 2519 praedicavit.
1217 2483 1322 2511 Novum
1357 2490 1446 2514 autem
1472 2494 1532 2513 cum
1563 2486 1661 2515 Filium

880 2532 1025 2559 manifeste
1040 2532 1199 2564 ostenderit,
1216 2532 1332 2566 Spiritus
1346 2533 1511 2561 divinitatem
1540 2535 1661 2562 subiudi-

878 2577 959 2606 cavit.
975 2578 1009 2605 At
1022 2585 1093 2605 nunc
1119 2578 1234 2612 Spiritus
1260 2580 1398 2607 nobiscum
1428 2587 1537 2608 versans
1565 2582 1663 2609 clario-

879 2631 936 2650 rem
964 2624 1005 2650 sui
1033 2624 1117 2658 ipsius
1141 2624 1400 2652 demonstrationem
1428 2626 1538 2659 praebet.
1566 2626 1662 2660 Neque

879 2671 950 2697 enim
976 2675 1061 2696 tutum
1090 2675 1159 2703 erat,
1182 2678 1244 2698 cum
1274 2670 1363 2698 Patris
1386 2672 1515 2700 divinitas
1541 2673 1660 2700 nondum

881 2721 987 2751 recepta
1000 2721 1084 2750 esset,
1099 2716 1196 2744 Filium
1218 2722 1311 2751 aperte
1332 2718 1483 2752 praedicari,
1502 2726 1589 2752 neque
1602 2719 1662 2752 Spi-

882 2762 948 2790 ritus
967 2764 1052 2790 sancti
1069 2771 1147 2797 onus,
1168 2768 1197 2790 ut
1211 2764 1340 2791 audacius
1354 2765 1433 2791 etiam
1446 2764 1546 2798 aliquid
1563 2764 1660 2797 dicunt,
