1873 3076
221 125 275 155 839

844 121 1034 151 EUTIIYMII
1055 121 1235 152 ZIGABENI
1804 116 1837 145 Si?

221 178 336 213 imponi,
353 178 495 206 divinitate
512 177 573 206 Filii
591 179 711 206 nondum
728 177 891 213 approbata,
908 185 942 204 ne
958 183 960 202 l

1098 186 1142 210 lat,
1163 177 1202 212 μὴ
1220 176 1347 210 καθάπερ
1363 176 1450 211 τροφῇ
1460 176 1494 210 τῇ
1509 173 1580 210 ὑπὲρ
1591 173 1713 206 δύναμιν
1727 170 1837 205 315(03-

222 233 303 259 quant
317 224 379 252 cibo
397 226 518 260 gravius,
542 233 623 260 quam
654 225 726 253 ferrc
755 228 864 260 possent
897 224 1015 255 onerati,

222 275 269 297 aut
288 271 452 298 imbecillam
475 271 617 299 oculorum
634 271 724 298 aciem’
747 271 812 298 solis
839 270 1015 297 admoventes

222 317 374 348 splendori,
387 317 451 344 illud
479 318 571 349 etiam,
598 317 668 351 qttod
694 317 824 343 haberent
850 317 968 348 virtutis,
989 317 1014 342 iu

223 363 372 395 periculum
389 364 563 397 adducerent,
586 364 633 390 sed
654 363 782 398 paulatim
809 370 856 397 per
880 363 1015 390 accessio-

224 417 282 440 nes,
307 414 335 436 et
348 412 458 443 gradus,
478 414 506 436 ut
528 410 565 437 ait
583 410 679 442 David,
700 415 727 438 et
753 418 784 437 ex
807 409 890 444 gloria
907 409 932 436 iu
958 409 1015 444 glo-

225 454 291 481 riam
306 456 509 489 progredientes
527 460 553 483 et
571 457 754 491 proﬁcientes,
771 455 938 490 splendidam
952 455 1015 482 Tri-

225 502 317 528 nitatis
347 502 434 529 lucem
463 503 624 531 illustriores
656 503 841 531 admitterent.
882 503 957 530 Hanc
980 503 1015 530 ob

224 553 345 579 causanti,
361 552 388 574 ut
403 548 534 580 arbitror,
561 553 588 576 et
610 549 643 576 ad
676 549 822 584 discipulos
850 556 897 583 per
924 553 1016 582 partes

223 592 340 623 accedit,
352 600 412 620 sese
429 600 478 627 pro
493 594 701 628 suscipientiutn
715 594 845 622 facultate
855 594 1012 625 dimetiens,

223 638 249 664 in
264 637 400 673 Evangelii
416 639 559 673 principio,
577 645 637 673 post
654 644 782 672 mortem,
802 644 865 675 post
879 639 1017 667 ascensio-

223 691 297 715 nem,
308 684 369 711 dum
383 685 497 712 virtutes
508 691 644 720 operatur,
656 687 718 713 dum
733 686 897 718 insumatur,
910 686 974 713 dum
988 685 1016 712 in

223 729 322 764 linguis
353 731 439 766 igm-is
467 738 590 766 apparet,
606 738 633 760 et
658 740 672 759 a
688 732 752 760 Jesu
778 733 906 767 paulatim
925 730 1017 759 decla-

224 781 310 808 ratur,
329 781 357 803 ut
371 777 428 811 ipse
445 785 562 812 quoque,
582 779 605 806 si
628 779 783 814 diligentius
797 780 957 811 attenderis,
975 780 1017 805 in—

191 840 195 843 -
224 823 352 858 tclliges:
379 824 497 859 Rogabo,
519 827 616 860 inquit,
639 826 756 859 Patrem,
771 831 796 854 et
821 826 904 853 alium
931 826 1017 854 Para-

223 870 319 896 cletum
333 871 419 898 mittet
432 872 511 904 vobis,
527 872 656 906 Spiritum
673 873 791 900 veritati:
820 874 842 905 ί,
860 880 893 900 ne
916 872 1016 907 aliquis

225 915 271 942 Dei
288 917 462 945 adversarius
481 924 565 950 esset,
581 924 628 946 aut
651 919 684 945 ab
699 920 791 954 aliqua
807 919 860 946 alia
883 924 1016 953 potestate

225 962 306 988 verba
326 962 415 990 facere
431 963 579 991 videretur.
601 964 711 997 Deinde,
730 965 815 993 Mittet
834 965 955 1000 quidem.
969 965 1016 992 sed

225 1007 252 1033 in
287 1009 396 1035 nomine
435 1017 504 1036 meo.
534 1010 641 1045 Rogabo
671 1012 817 1045 omittens,
844 1012 907 1038 illud
932 1012 1017 1038 mittet

224 1055 354 1081 servavit.
372 1054 452 1088 Tttm,
466 1056 581 1088 mittam,
596 1057 693 1092 inquit,
718 1062 746 1084 ut
759 1058 918 1090 dignitatem
938 1065 1016 1084 suam

223 1101 394 1128 ostenderet.
416 1101 476 1128 Mox
494 1102 542 1134 ait,
562 1104 655 1136 veniet,
673 1111 728 1138 quo
741 1105 849 1138 quidem
880 1104 962 1131 verbo
979 1104 1018 1138 ip-

225 1146 283 1174 sius
301 1147 420 1181 Spiritus
436 1153 558 1182 potestas
581 1149 728 1177 indicatur.
758 1150 856 1177 Cernis
883 1150 1017 1184 gradatim

224 1194 304 1221 nobis
321 1194 462 1222 illuccntes
475 1195 633 1230 splendores
648 1196 659 1222 ‘2
673 1201 701 1223 et
716 1196 838 1223 ordinem
856 1195 1019 1230 theologiaz?

224 1247 304 1274 quem
321 1248 370 1268 nos
394 1241 457 1268 item
473 1243 583 1276 expedit
606 1242 764 1275 observare,
779 1248 808 1269 ut
824 1250 910 1277 neque
926 1242 1018 1269 statim

223 1291 348 1314 cunctam
376 1287 582 1322 patefaciamus,
605 1296 693 1323 neque
719 1293 850 1323 perpetuo
877 1288 1018 1321 celemns;

224 1333 290 1361 illud
308 1334 380 1361 enim
407 1335 536 1369 imperiti,
567 1335 619 1362 hoc
643 1336 717 1368 impii
746 1340 806 1367 est;
823 1335 888 1362 illud
918 1335 1020 1362 alienos

224 1385 327 1407 terrere
343 1385 442 1415 petest,
458 1382 508 1409 hoc
522 1386 632 1409 nostros
651 1383 730 1409 etiam
749 1382 882 1410 alienare.
896 1381 945 1409 His
960 1389 1021 1416 qua:

224 1427 295 1454 dicta
309 1431 373 1454 sunt
387 1427 516 1462 adjiciam
529 1428 602 1462 quod
613 1428 673 1455 aliis
683 1428 766 1455 etiam
779 1428 895 1455 fortasse
907 1427 933 1454 in
947 1435 1022 1454 meu-

224 1477 276 1499 tem
301 1473 385 1504 venit,
403 1481 453 1508 ego
497 1479 585 1500 autem
614 1474 786 1508 cogitationis
811 1481 878 1501 mea:
903 1473 1022 1501 fructum

222 1519 359 1547 existimo.
376 1519 499 1547 llabebat
522 1520 803 1555 Servator‘quzedam,
823 1528 883 1556 qua:
903 1528 917 1547 a
943 1520 1024 1548 disci-

224 1564 306 1598 pulis,
332 1564 396 1592 licet
414 1565 505 1592 multis
521 1570 612 1593 essent
634 1565 767 1593 doctrinis
785 1566 890 1599 imbuti,
913 1566 1022 1593 dicebat

224 1618 278 1637 non
306 1617 386 1645 posse
413 1611 527 1645 portari,
546 1611 582 1638 ob
607 1618 653 1639 eas
672 1608 789 1639 fortaise
817 1619 924 1644 causas,
952 1620 1022 1647 quas

222 1655 290 1688 dixi,
305 1659 332 1683 et
346 1655 449 1683 idcirco
477 1656 521 1683 illa
552 1657 668 1684 celabat.
702 1655 837 1684 Praeterea
863 1664 925 1684 cum
964 1657 1022 1685 fore

223 1702 346 1734 dixisset,
365 1706 394 1729 ut
410 1710 425 1729 a
439 1702 553 1737 Spiritu,
569 1709 631 1730 cum
650 1703 778 1735 veniSSet,
796 1704 886 1730 omnia
911 1704 1022 1731 docere-

223 1757 296 1782 mur,
313 1756 407 1776 eorum
439 1757 522 1776 unum
549 1756 610 1776 esse
641 1755 706 1785 puto
735 1754 763 1777 et
790 1750 875 1785 ipsam
905 1750 1022 1785 Spiritus

224 1795 408 1828 divinitatem,
442 1803 503 1831 quae
533 1800 626 1830 postea
654 1801 729 1824 esset
749 1797 891 1832 perspicua
917 1796 1020 1831 futura,

223 1847 286 1867 cum
305 1845 366 1875 post
381 1840 535 1870 Servatoris
551 1842 782 1870 resurrectionem
808 1842 866 1877 ejus
897 1845 1020 1879 cognitio

224 1885 382 1918 tempestiva
398 1884 454 1919 jam
467 1889 550 1917 esset,
568 1890 596 1912 et
615 1885 718 1920 percipi
734 1892 834 1920 posset,
860 1892 888 1915 et
912 1893 1021 1923 propter

224 1931 383 1959 miraculum
400 1939 453 1959 non
468 1931 583 1966 amplius
597 1932 677 1960 fidem
694 1938 846 1967 superaret.
861 1934 931 1968 Quid
947 1935 1019 1962 enim

225 1977 275 2002 hac
294 1983 322 2003 re
338 1976 425 2010 majus
445 1981 491 2004 aut
510 1977 554 2004 illc
583 1978 720 2011 pollicitus
749 1983 802 2011 est,
828 1985 873 2005 aut
901 1980 1019 2014 bpirilus

223 2021 340 2048 docuit?
367 2022 500 2056 siquidem
529 2031 656 2059 magnum
681 2024 782 2058 aliquid
805 2027 952 2059 putandum
967 2031 1018 2059 est,

223 2073 250 2095 et
268 2068 313 2096 Dei
329 2068 529 2102 magnificentia
554 2069 665 2103 dignum
683 2070 721 2102 id,
737 2072 810 2105 quod
834 2079 902 2098 unus
918 2072 1020 2106 promi-

223 2115 270 2147 sit,
295 2119 322 2142 et
350 2115 418 2142 alter
446 2115 564 2143 edocuit.
583 2116 629 2143 Sic
655 2124 705 2151 ego
726 2117 759 2144 de
791 2117 833 2145 bis
865 2119 961 2150 sentio,
994 2123 1020 2146 et

223 2162 352 2195 sentiam,
367 2167 395 2189 et
409 2163 563 2197 quicunque
579 2163 643 2190 mibi
657 2163 762 2191 amicus
776 2169 828 2196 est,
845 2163 882 2191 ita
909 2165 1018 2197 sentiet,

1067 235 1122 258 τες,
1136 227 1182 252 καὶ
1195 225 1300 261 ήλιακῷ
1313 224 1383 259 φωτὶ
1397 223 1566 258 σαθροτέραν
1589 222 1631 248 ἐτι
1655 220 1839 255 πρῦσδιλάττῑς

1066 273 1117 307 τὴν
1129 271 1201 308 ὄψιν⁹
1226 272 1272 298 καὶ
1297 272 1337 301 εἰς
1358 270 1389 296 τὸ
1404 269 1475 296 κατὰ
1496 269 1612 303 δύναμιν
1641 265 1837 293 κινδυνεύσων

1067 320 1127 350 ταῖς
1139 319 1167 344 δὲ
1182 318 1253 344 κατὰ
1272 318 1355 352 μέρος
1368 315 1539 351 προσθήκαις
1553 315 1611 346 καὶ,
1629 314 1669 344 ὡς
1690 311 1753 339 εἷπε
1767 313 1838 341 Δαεεᾷ

1066 364 1224 395 ἁναὸἀσεσι,
1251 364 1299 389 καὶ
1325 364 1357 389 ὲκ
1372 363 1452 397 δόξης
1479 363 1518 392 εἰς
1543 361 1623 393 δόξαν
1649 360 1788 394 apt/1602;,
1807 360 1858 394 ull

1066 411 1220 446 προκοπαῖς
1232 409 1263 435 τὸ
1282 409 1330 444 τῆς
1347 408 1463 443 Τριάδος
1488 407 1546 441 qui);
1563 406 1706 442 ἐκλάμψαι
1722 406 1776 436 τοῖς
1790 405 1840 438 11;;-

1066 456 1220 492 προτέροις.
1247 455 1296 482 Διά
1320 455 1424 491 ταύτην
1448 453 1525 489 οἴμαι
1542 453 1592 488 τὴν
1617 453 1714 479 αἰτίαν
1737 453 1782 478 καὶ
1801 453 1839 482 ταῖς

1068 504 1202 539 μαθηταῖς
1217 503 1287 529 κατὰ
1313 501 1395 538 μέρος
1419 501 1548 536 ἐπιδημεῖ
1570 501 1604 535 τῇ
1622 499 1679 526 τῶν
1706 499 1838 533 δεχομένων

1065 550 1178 584 δυνάμει
1197 546 1471 583 παραμετρούμενον,
1486 547 1515 573 ὲν
1531 547 1602 582 ἀρχῇ
1619 545 1669 572 τοῦ
1684 544 1837 578 Εὐαγγελίςξ,

1069 597 1138 632 μετὰ
1152 596 1183 622 τδ
1198 595 1294 626 πάθος.
1311 594 1380 630 μετὰ
1399 594 1449 629 τὴν
1462 593 1563 625 ἄνοδον,
1582 593 1634 624 τὰς
1654 592 1784 626 δυνάμεις
1797 591 1837 616 ἑπ-

1067 643 1172 675 τελοῦν,
1188 641 1398 676 ὲμφυσώμενον,
1419 641 1449 667 ὲν
1470 639 1608 674 γλώσσαις
1620 638 1752 673 πυρίναις
1766 637 1838 670 κραίνε-

1068 699 1159 726 μενον,
1186 689 1235 716 καὶ
1251 688 1304 715 ὑπὸ
1329 687 1418 723 Ἰησοῦ
1436 686 1496 714 κατ’
1511 686 1602 720 ὀλίγον
1626 686 1793 718 ὲκςαὶνεται,
1812 683 1838 711 ὡς

1066 737 1227 772 ἐπιστήσεις
1250 735 1297 761 καὶ
1327 734 1409 765 αὐτὸς
1422 733 1593 768 ἐντυγχάνων
1620 731 1836 765 ἐπιμελέστερον⁴

1073 782 1237 818 Ἐρωτήσω,
1254 781 1331 816 φησὶ,
1348 781 1400 807 τὸν
1423 779 1548 812 Πατέρα,
1566 778 1616 805 καὶ
1637 778 1739 805 ἄλλον
1763 775 1838 809 Ham-

1067 832 1182 862 κλητον
1203 827 1314 861 πέμψει
1331 826 1414 860 ὑμῖν.
1434 826 1466 852 τὸ
1491 825 1613 860 Πνεῦμα
1635 824 1692 858 τῆς
1707 823 1837 856 ἀηθείας,

1068 875 1111 902 ἵνα
1130 875 1167 909 μὴ
1187 873 1309 904 ἀντίθεος
1333 871 1404 898 εἶναι
1423 872 1487 906 δόξῃ
1502 880 1554 903 τις,
1577 871 1626 898 χαὶ
1650 871 1688 901 ὡς
1704 870 1757 896 ἀπὸ
1775 869 1839 901 im;

1067 922 1139 953 τινὸς
1155 920 1278 953 ἐξουσίας
1293 918 1427 946 ποιεῖσθαι
1452 918 1515 950 τοὺς
1531 918 1639 950 λόγους.
1658 915 1737 949 Εἶτα,
1755 915 1838 948 Πὲμίξι

1069 968 1130 1004 μὲν.
1149 968 1178 993 ὲν
1199 967 1227 993 δὲ
1254 966 1293 1001 τῷ
1319 966 1431 1001 ὀνόματι
1454 974 1516 1000 μου.
1541 964 1578 990 Τὸ
1597 964 1732 999 ἐρωτήσω
1753 962 1838 995 παρεὶς,

1066 1015 1098 1040 τὸ
1110 1013 1214 1048 πέμψει
1224 1013 1386 1048 τετήρηκεν.
1402 1008 1468 1038 Εἶτα
1493 1010 1605 1045 πέμψω,
1618 1009 1650 1036 τὸ
1664 1009 1764 1035 οἰκεῖον
1777 1007 1838 1039 ἀξίω·

1070 1070 1116 1096 μα.
1134 1059 1199 1086 Εἶτα
1212 1060 1283 1095 ἥξει,
1298 1061 1314 1094 ἡ
1333 1059 1380 1086 τοῦ
1395 1059 1556 1093 Πνεύματος
1567 1056 1687 1090 ἐξουσία.
1709 1056 1786 1090 Ὁρᾷς
1798 1064 1838 1087 sub

1068 1106 1185 1140 τισμοὺς
1209 1105 1282 1132 κατὰ
1309 1104 1393 1139 μέρος
1407 1103 1473 1139 ἡμῖν
1500 1102 1702 1137 ὲλλάμποντας,
1722 1102 1765 1128 καὶ
1783 1100 1839 1132 τάξω

1071 1151 1226 1184 Θεολογῑας,
1239 1150 1273 1185 ἢν
1282 1149 1329 1176 καὶ
1339 1150 1413 1185 ἡμᾶς
1428 1149 1521 1183 τηρεῖν
1534 1148 1658 1183 ἄμεινον.
1671 1148 1743 1182 μήτε
1758 1146 1839 1181 ἀθρόως

1069 1196 1258 1231 ἐκφαίνοντας,
1284 1195 1351 1230 μήτε
1380 1195 1420 1225 εἰς
1447 1194 1524 1226 τέλος
1549 1193 1741 1228 κρύπτοντας;
1762 1193 1789 1218 τὺ
1806 1192 1840 1225 μὲν

1069 1244 1124 1278 γὰρ
1138 1243 1261 1277 ἄτεχνον,
1286 1242 1317 1268 τὺ
1345 1242 1374 1268 δὲ
1397 1241 1494 1268 ἄθεον·
1509 1241 1557 1267 καὶ
1579 1240 1610 1266 τὺ
1630 1239 1680 1274 μὲν
1702 1240 1766 1270 τοὺς
1785 1238 1840 1265 ἀλλε-

1071 1289 1162 1324 τρίους
1178 1288 1279 1323 πλῆξαι
1305 1287 1465 1322 δυνάμενον,
1495 1287 1526 1313 τὸ
1545 1286 1573 1312 δὲ
1597 1286 1780 1320 ἀλλοτριῶσαι
1795 1286 1840 1314 rei;

1072 1334 1234 1371 ἡμετέρους.
1253 1335 1287 1361 Ὃ
1303 1333 1331 1360 δὲ
1347 1334 1412 1364 ἴσως
1427 1333 1478 1368 μέν
1491 1342 1563 1360 τισιν
1574 1331 1657 1369 ἦλθεν
1669 1333 1721 1368 ήδη
1739 1334 1781 1359 ἐπὶ
1796 1331 1840 1357 νεῦτ

1072 1383 1119 1408 καὶ
1134 1382 1187 1407 τῶν
1201 1381 1300 1412 ἄλλων,
1325 1380 1380 1414 ἐγὼ
1400 1380 1428 1407 δὲ
1449 1380 1498 1415 τῆς
1515 1380 1637 1415 ἐμαυτοῦ
1662 1380 1782 1410 διανοίας
1794 1380 1840 1404 ὑπνν

1072 1425 1204 1460 λαμϐάνω
1228 1425 1347 1460 καρπὸν,
1376 1425 1523 1460 προσθήσω
1546 1427 1602 1456 τοῖς
1618 1426 1785 1460 εἰρημένοις.
1802 1422 1840 1450 Ἦν

1073 1479 1132 1498 τινα
1149 1470 1188 1506 τῷ
1214 1471 1333 1506 Σωτῆρι,
1353 1472 1400 1498 καὶ
1421 1472 1445 1498 εἰ
1468 1471 1574 1498 πολλῶν
1590 1472 1790 1506 ἐνεπίμπλαντο
1807 1479 1840 1504 gu-

1075 1518 1216 1554 θημάτων,
1231 1518 1250 1545 ἃ.
1266 1518 1302 1553 μὴ
1317 1518 1447 1545 δύνασθαι
1461 1518 1522 1545 τότε
1537 1518 1726 1554 βασταχθῆναι
1738 1520 1789 1549 τοῖς
1802 1526 1839 1552 μι-

1074 1565 1170 1601 θηταῖς
1194 1566 1313 1600 ἐλέγετο,
1333 1566 1368 1592 δι’
1384 1565 1417 1597 ἃς
1443 1563 1520 1592 εἷπον
1537 1566 1605 1598 ἴσως
1627 1567 1732 1599 αἰτίας,
1748 1566 1791 1593 καὶ
1810 1566 1841 1591 5:).

1072 1610 1153 1637 τοῦτο
1164 1610 1402 1645 παρεκαλύτιτετο.
1419 1611 1473 1637 Καὶ
1490 1611 1582 1642 πάλιν,
1600 1611 1691 1638 πάντα
1702 1611 1842 1646 magna.

1074 1656 1136 1684 σθαι
1153 1657 1226 1692 ἡμᾶς
1242 1657 1294 1683 ὑπὸ
1319 1656 1366 1683 τοῦ
1390 1657 1551 1692 Πνεὺματος
1566 1658 1781 1692 ὲνδημήσαντος,
1797 1657 1842 1683 τοὺ·

1071 1711 1126 1730 των
1145 1703 1174 1729 ἓν
1188 1700 1257 1730 εἶναι
1283 1703 1387 1738 νομίζω
1408 1704 1456 1730 καὶ
1468 1703 1552 1739 αὐτὴν
1571 1703 1618 1730 τοῦ
1642 1704 1842 1739 Πνεύματοςτήν

1073 1749 1188 1784 θεότητα
1215 1749 1400 1784 τρανουμένην
1425 1750 1466 1781 εις
1490 1750 1616 1785 ὕστερον,
1646 1751 1685 1782 ὡς
1711 1750 1840 1786 τηνικαῦτι

1072 1794 1190 1830 ὼρὶμου,
1201 1795 1249 1822 καὶ
1264 1795 1391 1830 χωρητῆς
1402 1795 1451 1830 ἠδη
1463 1796 1650 1831 τυγχανούσης
1661 1796 1712 1831 τῆς
1726 1797 1840 1830 γλώσσαις,

1072 1843 1143 1877 μετὰ
1164 1842 1214 1877 τὴν
1237 1842 1284 1869 τοῦ
1303 1843 1429 1877 Σωτῆρος
1448 1843 1673 1870 ἀποκατάστασιν
1687 1844 1778 1870 οὐκέτι
1797 1844 1841 1870 ἀτι-

1073 1889 1222 1924 στουμένου
1231 1889 1274 1925 τῷ
1289 1889 1429 1924 θαύματι·
1442 1889 1469 1916 τί
1483 1890 1537 1925 γὰρ
1551 1890 1584 1917 ἂν
1607 1890 1704 1917 τούτου
1721 1890 1813 1925 μεῖξαι.
1830 1889 1840 1922 ξ
1857 1891 1858 1925 l

1072 1935 1174 1965 ἐκεῖνος
1191 1934 1334 1970 ὑπέσχετο,
1350 1935 1367 1969 ἦ
1385 1936 1415 1961 τὸ
1434 1935 1545 1970 Πνεῦμα
1568 1935 1706 1969 ὲδίδαξενς
1732 1937 1803 1971 eiet}:
1824 1943 1840 1959 π

1073 1981 1144 2016 μέγα
1158 1981 1264 2008 οἴεσθαι
1282 1981 1336 2016 χρὴ
1349 1981 1395 2008 καὶ
1409 1981 1478 2008 Θεοῦ
1496 1982 1738 2016 μεγαλοπρεπείας
1752 1982 1839 2014 ἄξιοιῇ

1071 2025 1300 2061 ὑπισχνούμενον,
1317 2026 1333 2061 ἢ
1359 2026 1389 2052 τὸ
1407 2026 1612 2062 διδασκόμενον.
1634 2028 1711 2063 "Elei
1727 2029 1774 2062 μὲν
1788 2026 1839 2053 οὔτε
1857 2021 1858 2038 θ

1071 2073 1136 2107 περὶ
1155 2073 1270 2104 τούτων,
1285 2073 1332 2100 καὶ
1355 2074 1476 2109 ἔχοιμεν,
1493 2074 1540 2099 καὶ
1557 2074 1630 2105 ὅστις
1647 2074 1713 2108 ἐμοὶ
1726 2074 1797 2108 gito;
1811 2081 1838 2098 :5-

1071 2117 1131 2145 6ειν
1158 2119 1224 2145 Θεὸν
1251 2119 1297 2145 τὸν
1328 2120 1448 2153 Πατέρα,
1475 2119 1541 2146 Θεὸν
1562 2120 1609 2145 τὸν
1638 2120 1714 2151 Υξδν,
1741 2120 1800 2146 Θεὸν
1819 2117 1837 2142 τδ

1072 2164 1184 2199 Πνεῦμα
1208 2165 1238 2191 τὸ
1256 2165 1346 2199 ἅγιον,
1373 2166 1448 2200 τρεῖς
1471 2166 1618 2200 ἰδιότητας,
1637 2166 1759 2200 Θεότητα
1781 2166 1835 2199 pitu,

223 2209 365 2235 colendum
397 2208 481 2236 Deum
505 2209 624 2242 Patrem,
655 2210 738 2238 Deutn
779 2210 877 2238 F;liutn
896 2230 903 2243 ,
935 2211 962 2237 [)‹

1096 2211 1136 2247 Ξξῃ
1150 2211 1198 2237 καὶ
1213 2213 1282 2247 τιμῇ
1301 2213 1348 2238 καὶ
1361 2213 1441 2247 οὐσίᾳ
1455 2213 1501 2239 καὶ
1516 2213 1643 2248 βασιλεία
1660 2214 1699 2248 μὴ
1715 2212 1835 2249 μεριξομῧ

225 2254 366 2288 Spiritum'
391 2260 528 2288 sanctum,
550 2260 604 2284 tres
632 2257 821 2292 proprietates,
845 2259 892 2285 sed
920 2258 1022 2285 Divini-

224 2304 305 2327 tatetn
324 2309 416 2334 unam,
441 2309 500 2336 quae
516 2309 565 2329 nec
590 2302 687 2338 gloria,
702 2311 753 2330 nee
770 2303 881 2334 honore,
901 2311 952 2331 nec
976 2311 1022 2331 es-

223 2346 323 2379 sentia,
337 2354 386 2374 nec
401 2355 483 2382 regno
497 2348 642 2381 dividatur,
669 2354 698 2376 ut
715 2350 757 2376 vir
775 2349 884 2384 quidam
913 2349 1022 2377 divinus

223 2394 303 2428 paulo
318 2396 380 2420 ante
398 2394 540 2421 disseruit.
555 2393 605 2427 Qui
626 2395 706 2422 aliter
728 2397 822 2429 sentit,
841 2398 920 2430 quive
953 2401 1022 2423 tem-

222 2440 282 2475 pori
302 2441 424 2468 serviens
443 2441 509 2467 alias
524 2441 592 2468 alius
620 2441 658 2474 fit,
675 2447 702 2469 et
731 2443 858 2470 maximis
880 2444 914 2471 de
940 2444 1021 2471 rebus

224 2486 318 2520 putide
331 2486 460 2517 consulit,
499 2484 681 2514 is'lucil‘erum
709 2488 876 2514 exorientem
906 2495 955 2515 nec
981 2488 1021 2514 vi-

223 2531 298 2564 deat,
311 2537 340 2558 ut
356 2532 394 2558 ait
411 2531 563 2565 Scriptura,
590 2539 640 2559 nec
660 2532 812 2566 splendoris
829 2533 862 2560 ab
884 2533 928 2561 illo
959 2541 1021 2567 pro-

223 2578 357 2612 vepientis
368 2578 461 2606 decus.
472 2577 540 2606 Nam
552 2578 575 2606 si
587 2579 741 2607 adorandus
750 2587 803 2607 non
815 2585 868 2613 est,
881 2583 1017 2615 quomodo

224 2632 271 2658 per
286 2625 448 2659 baptismum
465 2632 508 2652 tne
522 2625 644 2652 divinant
671 2625 759 2653 reddit
775 2627 786 2653 ἲ
803 2626 850 2654 Sin
866 2628 1018 2655 adorandus

222 2675 275 2703 est,
291 2678 341 2699 cur
354 2678 408 2698 non
432 2675 458 2698 et
471 2671 627 2700 colendus?
654 2672 731 2706 Quod
748 2673 770 2699 si
796 2673 938 2703 colendus,
969 2682 1018 2700 cur

222 2725 276 2744 non
297 2721 324 2745 et
340 2716 411 2745 Deus
425 2717 436 2744 ?
449 2709 537 2745 Unum
549 2717 621 2746 enim
635 2725 668 2745 ex
684 2718 738 2746 alio
753 2720 862 2753 pendet,
888 2724 1017 2754 tanquam

222 2770 304 2791 aurea
319 2764 444 2800 quaedam
458 2768 553 2793 catena
581 2764 766 2800 et_salutaris;
780 2773 811 2794 ac
825 2774 872 2802 per
885 2767 1016 2801 Spiritum

279 2851 286 2866 '
311 2852 389 2881 .lnan.
411 2861 466 2888 xtv,
487 2853 531 2882 ιϐ.

1071 2266 1133 2293 νην,
1154 2257 1191 2289 ὥς
1211 2266 1254 2289 τις
1270 2259 1326 2286 τῶν
1342 2260 1434 2294 μικρῷ
1451 2260 1570 2295 πρόσθεν
1585 2259 1724 2295 θεοφόρων
1739 2258 1836 2293 serissi-

1072 2312 1170 2338 φησεν.
1187 2305 1223 2330 Ἢ
1243 2304 1281 2340 μὴ
1301 2305 1350 2331 ἴδοι
1371 2304 1527 2341 Ἑωσφόρον
1548 2305 1740 2337 ἀνατέλλοντα,
1755 2305 1787 2335 ὣς
1799 2312 1835 2336 φῖ·

1073 2359 1114 2376 σιν
1132 2351 1267 2387 ἡΓραφὴ,
1289 2351 1357 2386 μηδὲ
1374 2352 1453 2383 δόξαν
1465 2352 1514 2385 τῆς
1532 2353 1640 2379 ὲκεῑῦεν
1656 2352 1834 2386 λαμπρότητα.

1072 2397 1148 2429 ὅστις
1174 2398 1211 2431 μὴ
1238 2397 1326 2428 οὕτως
1354 2397 1422 2432 ἔχει,
1448 2398 1464 2432 ἢ
1495 2398 1666 2432 συμφέρεται
1681 2399 1735 2428 τοῖς
1755 2395 1835 2429 πικράς

1071 2443 1166 2470 ἄλλοτε
1180 2444 1260 2476 ἄλλος
1275 2444 1427 2478 γινόμενος,
1446 2445 1494 2471 καὶ
1511 2444 1642 2478 περὶτῶν
1663 2445 1792 2478 μεγῖστων
1804 2448 1835 2464 πι-

1071 2489 1142 2523 ορῶς
1168 2490 1373 2524 βουλευόμενος.
1400 2490 1430 2516 Εἰ
1456 2491 1505 2524 μὲν
1527 2491 1580 2524 γὰρ
1605 2490 1635 2516 οὗ
1661 2487 1833 2525 incenante?-

1072 2535 1130 2567 πῶς
1159 2535 1209 2569 ἐμὲ
1238 2536 1294 2562 θεοῖ
1310 2536 1354 2563 διὰ
1370 2535 1417 2562 τοῦ
1446 2535 1652 2570 βαπτίσματος;
1672 2536 1696 2562 εἰ
1723 2535 1750 2561 δὲ
1773 2539 1834 2566 πεκν

1071 2582 1199 2616 κυνητδν,
1226 2582 1284 2612 πῶς
1309 2582 1340 2608 οὐ
1367 2583 1485 2614 σεπτόν;
1510 2583 1533 2608 εἰ
1561 2582 1590 2608 δὲ
1609 2582 1718 2613 dimov,
1744 2581 1795 2607 πῶς
1812 2576 1832 2602 ο)

1068 2629 1149 2661 Θεόςς
1163 2628 1212 2655 Ἓν
1223 2629 1341 2664 ἤρτηται
1355 2630 1402 2656 τοῦ
1416 2629 1487 2661 ἑνὸς,
1497 2631 1513 2664 ἡ
1528 2630 1615 2664 χρυσῆ
1627 2639 1668 2661 τις
1677 2629 1756 2658 ὅντως
1765 2625 1831 2659 σειρᾶς

1067 2675 1113 2701 καὶ
1133 2676 1277 2710 σωτήριος.
1297 2676 1350 2701 Καὶ
1366 2675 1441 2709 παρὰ
1459 2675 1508 2710 μὲν
1520 2675 1568 2702 τοῦ
1587 2676 1741 2709 [It/stipato;
1755 2670 1828 2707 ἡμὶνῆ

1069 2721 1262 2755 ἀναγέννησις,
1282 2721 1356 2755 παρὰ
1370 2721 1398 2748 δὲ
1417 2722 1467 2755 τῆς
1483 2722 1691 2756 ἀναγεννήσεως
1704 2721 1719 2755 ἡ
1732 2718 1828 2745 ὰνᾶιῖυ·

1069 2776 1121 2800 σις,
1144 2767 1218 2803 παρὰ
1245 2767 1273 2793 δὲ
1302 2767 1352 2801 τῆς
1380 2767 1561 2799 ἀναπλάσεως
1588 2768 1605 2802 ἡ
1633 2767 1774 2800 ἐπίγνωσις
1793 2761 1828 2794 ﬁ;
