1873 3076
30 150 55 181 ii
467 147 654 179 PANOPLIA
673 147 895 178 DOGMATICA
923 162 957 167 —
975 149 1049 180 TI‘l‘.
1067 149 1135 179 XII.

1564 153 1620 185 842

30 208 78 240 Eia;
93 204 135 232 τοῦ
150 204 365 235 ἀναπλάσαντος,
386 203 480 230 Ταῦτα
507 204 556 238 μὲν
577 201 624 231 οῦν
645 203 719 230 εἴποι
734 213 775 235 τις

861 206 936 232 ιίιίιειη
961 206 1037 233 nobis
1054 211 1095 233 est
1119 207 1296 241 regeneratio,
1325 216 1373 243 per
1387 212 1617 245 regenerationem

30 253 76 280 ντδ
91 253 205 286 ἄγραφον
227 251 405 285 ὑποθέμενος.
420 250 489 285 Ἤδη
508 249 536 276 δὲ
560 250 620 285 ἥξει
635 259 676 276 σοι
698 251 745 277 καὶ
761 251 774 276 ὁ

30 299 55 324 iw
69 296 215 332 μαρτυριῶν
229 296 324 331 ἐσμὸς,
338 296 367 329 ἐξ
383 292 419 322 ὧν
432 296 474 323 ὅτι
491 297 538 323 καὶ
559 296 617 322 λίαν
635 295 774 330 ἔγγραφος

39 344 80 370 τοῦ
106 343 259 378 Πνεῦματος
283 342 378 377 θεότης
406 342 627 377 ἐπιδειχθήσεται
656 343 722 373 τοῖς·
736 342 774 376 μὴ

31 399 60 417 αν
73 391 180 421 σκαιοῖς,
206 389 269 423 μηδ’
282 387 436 423 ἀλλοτρίοις
451 387 499 414 τοῦ
523 387 693 422 Πνεῦματος.
708 387 774 413 Σκό-

30 446 47 463 ει
56 437 81 463 δὲ
96 436 176 467 οὕτως
186 444 192 450 ·
209 436 338 462 Γεννᾶται
354 434 482 470 Χριστὸς,
501 433 648 469 προτρέχει
660 442 665 448 ·
677 434 773 468 βαπτί-

30 493 84 515 ιται,
111 483 259 518 μαρτυρεῖ’
290 481 473 517 πειράζεται,
496 481 608 515 ἀνάγει⁸
644 481 773 515 δυνάμεις

30 531 121 560 τιτελεῖ.
147 529 394 564 ωμπαρομαρτεῖο
424 528 584 563 ἀνέρχεται,
609 526 772 561 διαδέχεται.

30 575 93 610 ἱγὰρ
104 575 133 601 οὺ
148 574 260 603 δύναται
277 574 338 601 55w
357 573 494 609 μεγάλων,
519 573 566 600 καὶ
589 572 725 603 ὣνθεόςι
741 571 773 598 'l‘i

30 617 68 648 71-5
83 621 324 658 προσαγορεύεται,
339 619 377 647 ὢν
399 620 480 653 Θεός;
505 619 575 654 πλὴν
595 619 771 653 ἁγεννησίας,

30 669 48 695 tl.
60 669 105 703 τῆς
118 668 279 702 γεννήσεως.
299 667 374 693 Ἔδει
389 666 442 701 γὰρ
461 667 511 698 τὰς
529 665 665 700 ἰδιότητας
682 665 773 698 μεῖναι

30 715 89 750 arpi,
107 715 151 741 καὶ
167 714 233 749 Υἰῴ,
255 715 299 740 ἱνα
323 713 359 748 μὴ
376 712 507 748 σύγχυσις
562 711 637 746 παρὰ
653 711 771 744 Θεῦτητι,

30 762 34 794 ᾖ
47 761 87 785 καὶ
99 761 130 786 τὰ
144 760 212 786 ἄλλα
228 760 267 790 εἰς
282 760 360 791 τάξιν
376 759 482 794 ἀγούσῃ
496 759 544 784 καὶ
560 756 722 790 εὐκοσμίαν.

829 255 919 278 autem
942 251 1109 284 reformatio,
1124 260 1171 285 per
1200 253 1418 282 reformationem
1439 265 1503 285 vero
1520 259 1617 293 ipsius,

828 297 873 330 qui
894 296 1021 324 reformat
1040 299 1157 332 cognitio
1182 299 1330 334 dignitatis.
1358 300 1421 329 Htec
1438 304 1536 332 dioeret
1569 306 1619 332 ali-

828 343 900 376 quis,
916 343 960 377 qui
977 344 1043 370 nihil
1060 345 1094 371 de
1109 343 1227 379 Spiritus
1248 345 1388 374 divinitate
1411 349 1539 383 scriptum
1558 358 1620 378 esse

827 390 996 416 concederet.
1015 389 1111 417 Verum
1127 391 1182 425 jam
1198 392 1285 419 aderit
1317 394 1534 422 testimoniorum
1553 403 1619 423 exa-

828 443 888 462 men
903 443 934 462 ex
949 436 1046 470 quibus
1061 435 1077 464 ii
1091 437 1136 471 qui
1152 444 1204 464 non
1219 440 1328 466 omnino
1344 440 1427 467 ιιι-οεςί
1443 446 1531 474 erunt,
1543 446 1567 468 et
1582 443 1616 469 ab

827 479 886 513 ipso
905 479 1007 514 Spiritu
1036 481 1125 514 alieni,
1152 482 1297 510 admodum
1330 484 1462 512 celebrem
1493 485 1614 520 Spiritus

827 524 995 552 divinitatem
1011 526 1035 552 in
1050 525 1196 560 Scripturis
1215 528 1375 563 intelligent.
1393 530 1438 557 Sic
1453 538 1542 559 autem
1560 539 1620 560 οδω

827 570 863 597 ita
876 571 1028 599 considera.
1044 572 1170 600 Nascitur
1185 573 1319 608 Christus,
1334 575 1379 603 ille
1392 578 1542 610 praecurrit.
1567 578 1619 606 Ba—

827 618 956 651 ptizatur,
972 618 1016 645 illc
1032 619 1214 646 testimonium
1232 620 1321 648 adert.
1339 620 1480 655 Tentatur,
1497 624 1541 652 ille
1571 626 1619 652 du-

826 663 873 689 cit.
896 663 1014 692 Virtutes
1040 669 1178 700 operatur,
1204 667 1247 694 ille
1275 673 1459 697 contestatur.
1486 671 1617 698 Ascendit

827 709 861 736 ad
877 709 994 743 Patrem,
1020 710 1064 737 ille
1094 712 1225 744 succedit.
1249 712 1318 745 Quid
1343 714 1414 742 enim
1443 723 1538 743 eorum
1557 724 1616 751 qua

829 758 936 789 magna
950 760 1023 789 sunt,
1041 765 1094 784 non
1116 759 1211 792 possit,
1225 765 1286 785 cum
1315 759 1350 786 sit
1367 760 1436 788 Deus
1448 761 1461 787 ?
1484 762 1537 788 Aut
1554 769 1614 788 cum

30 806 124 837 tDeus,
139 813 192 839 quo
226 812 278 832 non
311 804 459 838 appelletur
490 805 607 835 nomine,
639 805 734 836 prater
766 800 791 826 id
814 802 884 834 quod
914 809 963 829 nec
982 803 1127 839 ingenitus,
1144 811 1195 832 nec
1206 805 1312 839 genitus
1327 806 1449 833 dicitur?
1472 806 1616 842 Oportebat

30 851 67 877 ιῙιιι
85 857 111 878 ut
129 852 307 886 proprietates
329 850 402 878 Patri
429 850 551 885 Filioque
565 852 766 885 permanerent,
787 854 820 874 ne
837 850 908 882 apud
924 849 1108 885 Diviuitatem,
1125 859 1185 887 qum
1211 853 1290 880 rebus
1309 853 1368 882 aliis
1391 854 1513 882 ordinent
1535 862 1617 882 oma-

32 905 103 932 mque
119 899 224 931 tribuit,
241 903 315 926 esset
325 898 460 926 confusio.

213 990 263 1016 Ἐκ
278 989 331 1016 τοῦ
347 987 442 1015 αὺτοῦ
453 989 556 1022 λόγου.

38 1060 101 1095 Ἐγὼ
116 1060 165 1095 μὲν
185 1059 300 1094 φρίττω,
323 1058 369 1084 τὸν
392 1057 507 1084 πλοῦτον
522 1057 622 1084 ἐννοῶν
638 1057 692 1084 τῶν
710 1057 776 1091 κλή-

1077 988 1123 1015 Em
1135 989 1225 1015 eadem
1241 990 1371 1016 aratione.

861 1058 916 1092 Ego
933 1058 1041 1093 quidam
1071 1058 1231 1092 obtupesco,
1249 1058 1312 1085 dum
1343 1059 1552 1094 appellationum
1579 1061 1620 1088 di-

30 1115 77 1139 ζων,
88 1106 132 1133 καὶ
146 1105 209 1132 καθ’
221 1105 292 1132 ὅσων
306 1104 446 1139 ὀνομάτων
459 1103 687 1138 ἀναισχυντοῦσιν
699 1104 724 1129 οί
737 1102 776 1137 τῷ

866 1103 906 1131 ias
921 1104 1072 1135 considero,
1089 1108 1116 1130 et
1132 1103 1231 1138 quibus
1243 1103 1397 1132 notuinibtts
1409 1106 1618 1139 confundantur,

30 1153 127 1187 νεύματι
161 1151 381 1181 ἁντιπίπτοντες.
400 1158 409 1175 ι
427 1149 538 1184 Πνεῦμα
560 1149 629 1175 Θεοῦ
655 1149 775 1183 λέγεται,

30 1199 103 1232 νεῦμα
125 1198 256 1233 Χριστοῦ,
275 1195 336 1226 νοῦς
356 1195 477 1231 Χριστοῦ
494 1215 502 1229 ,
525 1194 639 1228 Πνεῦμα
661 1195 774 1229 Κυρίου,

30 1243 172 1279 ιτοκύριος,
206 1242 320 1277 Πνεῦμα
349 1242 496 1273 υἱοθεσίας,
527 1241 668 1277 ἀληθείας,
697 1241 776 1267 ὲλευ-

32 1291 95 1325 ρίας,
111 1290 225 1325 Πνεῦμα
243 1289 350 1323 σοφίας,
379 1288 525 1320 συνέσεως,
542 1287 652 1322 βουλῆς,
672 1286 774 1322 ἰσχύος.

30 1336 293 1369 ιώσεως,εὑσε6είας,
310 1335 394 1369 φόϐου
411 1334 492 1366 Θεοῦ,
513 1343 522 1359 ι
541 1334 595 1359 Καὶ
618 1334 673 1368 γὰρ
698 1342 777 1367 ποιη-

30 1382 69 1407 xcv
88 1381 191 1410 τούτων
214 1381 355 1413 ἁπάντων,
374 1380 464 1407 πάντα
488 1381 522 1414 τῇ
539 1378 618 1413 οὐσίᾳ
642 1377 775 1413 πληροῦν,

30 1428 83 1454 ἱντα
121 1428 256 1462 συνέχον,
290 1427 464 1461 πληρωτικὶν
493 1425 596 1459 κόσμου
628 1425 698 1451 κατὰ
729 1424 778 1460 τὴν

30 1474 100 1506 ισίαν,
115 1474 259 1509 ἁχώρητον
279 1473 374 1508 κόσμῳ
388 1471 459 1498 κατὰ
479 1472 528 1506 τὴν
551 1470 683 1505 δύναμιν·
710 1471 779 1503 ἁγα-

824 1148 869 1182 qni
888 1148 998 1181 Spiritui
1010 1148 1198 1176 adversantur.
1214 1147 1331 1182 Spiritus
1343 1149 1391 1175 Dei
1405 1150 1440 1176 dit
1451 1151 1513 1183 itur,
1532 1150 1620 1187 Spiri-

829 1199 870 1220 tus
892 1193 1001 1224 Clu-isti,
1016 1192 1132 1228 Spiritus
1147 1192 1263 1225 Domini,
1278 1193 1330 1227 ipse
1351 1194 1488 1227 Dominus,
1503 1196 1620 1229 Spiritus

829 1240 988 1274 adoptionis,
1008 1241 1136 1273 veritatis,
1159 1239 1297 1270 libertatis.
1323 1237 1438 1274 Spiritus
1471 1243 1619 1276 sapientiw,

831 1287 988 1319 intellertus,
1010 1286 1124 1317 consilii,
1149 1286 1324 1319 fortitudinis,
1347 1288 1474 1319 scientia),
1502 1289 1620 1322 pietatis,

829 1333 930 1360 timoris
950 1333 1064 1360 Domini.
1082 1332 1186 1359 Etenim
1201 1333 1296 1359 horum
1310 1337 1351 1360 est
1372 1334 1492 1361 omnium
1516 1341 1619 1363 auctor.

831 1379 881 1412 Qui
909 1380 1000 1406 omnia
1030 1379 1147 1413 complet
1166 1379 1285 1406 essentia
1304 1386 1363 1412 sua,
1385 1381 1474 1407 omnia
1488 1382 1618 1413 continet.

832 1426 909 1460 cujus
926 1425 1044 1453 essentia
1059 1425 1143 1459 replet
1159 1426 1251 1453 orbem
1266 1429 1410 1459 terrarum,
1425 1427 1503 1461 cujus
1525 1432 1619 1461 poten-

833 1471 896 1499 tiam
921 1472 1035 1499 mundus
1058 1479 1110 1498 non
1139 1471 1220 1506 capit.
1249 1471 1296 1506 qui
1323 1471 1411 1499 bonus
1441 1478 1492 1506 est,
1513 1478 1617 1502 rectus.

30 1529 55 1552 ην,
74 1520 160 1551 εὑθὲς,
188 1518 362 1554 ἡγεμονικὸν,
384 1517 477 1552 φύσει,
501 1517 532 1543 οὐ
549 1516 638 1543 Θέσει.⁸
656 1515 779 1549 ἁγιάζον,

861 1518 957 1552 'inccps
964 1522 1129 1550 natura,non
1141 1517 1236 1552 gratia,
1251 1518 1415 1551 sanctiﬁcat,
1427 1526 1478 1546 non
1496 1520 1602 1547 sanctiti
1611 1535 1619 1540 -

33 1567 254 1600 χὰγιαζὸμενον·
283 1564 411 1599 μετροῦν,
433 1563 464 1589 οὐ
491 1562 691 1597 μετρούμενον
715 1570 780 1596 μετ-

30 1613 131 1647 ηόμενον,
148 1613 180 1639 οὺ
204 1612 334 1647 μετέχον
365 1610 499 1645 πληροῦν,
525 1610 555 1635 οὺ
569 1608 780 1644 πληρούμενον·

30 1658 115 1691 Man,
140 1659 172 1685 οὑ
199 1658 378 1691 συνεχόμενον
389 1665 396 1671 ·
413 1654 689 1690 ’κληρονομούμενον,
707 1653 783 1686 δοξα-

30 1702 118 1736 ιμενον,
131 1701 398 1737 συναριθμούμενον,
413 1700 650 1733 ἐπαπειλούμενον
661 1707 667 1713 ·
684 1699 782 1726 ῧάκτυ-

30 1758 44 1779 ης
57 1749 141 1775 Θεοῦ’
172 1748 241 1783 πῦρ,
266 1749 303 1780 ὡς
320 1748 398 1779 Θεὸς,
427 1749 468 1778 είς
491 1747 610 1780 ἔμφασιν
636 1745 713 1780 οἶμαι
734 1745 781 1771 τοῦ

30 1795 160 1821 ιοουσίου·
182 1794 293 1827 Πνεῦμα
310 1793 340 1820 τὸ
364 1793 492 1828 ποιῆσαν,
511 1792 540 1818 τὸ
569 1791 712 1823 ἀνακτίζον
739 1791 783 1817 διὰ

32 1840 45 1865 ῦ
64 1839 264 1874 βαπτίσματος,
275 1839 308 1864 δι’
322 1838 499 1868 ἀναστάσεως
511 1844 519 1852 ·
531 1836 642 1870 Πνεῦμα
654 1836 683 1862 τὸ
699 1836 782 1869 γινῶ-

30 1894 63 1911 ιον
78 1886 198 1917 ἅπαντα,
215 1885 245 1911 τὸ
261 1884 398 1916 διδάσκον,
412 1885 442 1910 τὸ
455 1883 535 1910 πνέον
549 1884 615 1910 ὅπου
635 1882 708 1909 θέλει
735 1882 782 1908 καὶ

32 1940 72 1957 ον·
89 1933 216 1967 ὁδηγοῦν,
227 1930 336 1962 λαλοῦν,
353 1931 530 1962 ἀποστέλλον,
551 1929 694 1964 ἀφορίζον,
712 1936 783 1962 παρ-

31 1977 167 2012 υνόμενον,
200 1977 416 2012 πειραζόμενον.
448 1975 783 2007 ἁποκαλυπτικὸν,φωτι-

34 2027 98 2056 ικὸν,
130 2024 256 2056 ζωτικὸν,
285 2023 386 2058 μᾶλλον
414 2022 443 2048 δὲ
472 2022 597 2055 abrogati);
635 2021 680 2046 καὶ
708 2020 780 2053 ζωή·

33 2069 154 2099 οποιοῦν,
171 2068 326 2100 Θεοποιοῦν,
345 2067 479 2099 τελειοῦν,
503 2067 574 2093 ὥστε
590 2066 638 2092 καὶ
659 2066 782 2100 προλαμ-

30 2125 85 2142 .νειν
100 2117 131 2142 τὸ
147 2115 304 2150 βάπτισμα,
321 2114 368 2140 καὶ
383 2113 576 2148 ὲπιζητεῖσοαι
597 2113 668 2147 μετὰ
686 2112 716 2138 τὸ
731 2111 780 2145 βά-

30 2168 118 2197 ῖισμα·
134 2161 265 2196 ἐνεργοῦν
283 2162 334 2187 ὅσα.
350 2160 415 2191 Θεός
426 2168 432 2175 ·
451 2159 633 2194 μεριζόμενον
647 2160 676 2185 ὲν
692 2159 780 2192 γλώσ-

30 2218 56 2240 ηις
69 2209 210 2244 πυρίναις,
227 2206 347 2242 διαιροῦν
368 2206 536 2241 χαρίσματα,
555 2205 649 2231 ποιοῦν
663 2205 782 2231 ἀποστό-

30 2263 67 2287 υς,
85 2254 241 2290 προφήτας,
261 2252 468 2286 εὐαγγελιστάς,
486 2251 619 2286 ποιμένας
638 2252 687 2278 καὶ
709 2251 782 2277 διδα-

32 2301 130 2332 ἀλους·
146 2299 252 2334 νοερὸν,
278 2298 441 2332 πολυμερὲς,
462 2298 558 2332 σαφὲς,
576 2297 686 2332 τρανὸν,
709 2297 780 2324 ἀκώ-

31 2355 83 2380 τον,
110 2345 276 2380 ἀμόλυντον,
299 2345 368 2379 ὅπερ
394 2344 451 2370 ἴσον
475 2344 588 2376 δύναται
613 2343 782 2378 σοφώτατον,

30 2395 42 2419 1
56 2393 230 2427 πολύτροπον
251 2390 310 2421 ταῖς
332 2390 493 2425 ἐνεργείαις,
519 2391 566 2416 καὶ
589 2390 784 2424 σαφηνιστικὸν

30 2439 116 2472 ιντων,
132 2439 182 2466 καὶ
194 2440 373 2473 τρανωτικδν,
386 2437 433 2464 καὶ
445 2435 630 2468 αὐτεξούσιον,
645 2435 693 2461 καὶ
706 2435 787 2462 ἀναλ-

30 2485 122 2517 ἱωτον,
146 2484 361 2520 παντοδύναμον,
382 2483 603 2510 παντεπίσκοπον
621 2501 628 2513 ,
651 2481 694 2507 διὰ
715 2482 786 2508 πάν-

30 2540 50 2556 ›ν
61 2530 170 2565 χωροῦν
186 2530 357 2564 πνευμάτων,
373 2537 485 2565 νοερων,
499 2527 638 2563 καθαρῶν,
657 2528 788 2554 λεπτοτά-

30 2586 60 2608 ιν,
74 2575 232 2610 ἀγγελικῶν
244 2573 320 2611 οἶμαι
332 2575 579 2611 δυνάμεων,ὦσπερ
592 2575 638 2601 καὶ
653 2582 787 2609 προφητι-

30 2625 63 2656 iv,
79 2625 130 2650 καὶ
144 2623 340 2656 ἀποστολικῶν,
358 2624 428 2650 κατὰ.
445 2623 554 2654 ταυτὸν,
568 2622 613 2648 καὶ
628 2622 677 2648 οὐκ
690 2622 719 2647 ὲν
730 2622 787 2652 τοῖς

33 2672 88 2701 τοῖς
110 2670 216 2700 τόποις.
236 2669 341 2695 Ἀλλων
354 2669 382 2695 δὲ
406 2668 522 2703 ἀλλαχοῦ
538 2667 739 2702 νενεμημένων,
765 2664 787 2700 ᾧ

31 2716 127 2742 λοῦται
145 2715 177 2741 τὸ
201 2716 417 2750 ἀπερίγραπτον,
434 2716 459 2741 οἱ
488 2714 574 2741 ταῦτα
591 2714 727 2748 λέγοντες,
741 2713 788 2739 καὶ

30 2764 181 2794 iisne-ttae,
208 2762 255 2788 καὶ
276 2761 344 2797 πρός
366 2769 398 2795 γε
424 2761 503 2787 ἄλλον
527 2761 713 2795 Παράκλητον,
733 2756 787 2785 οἷον

169 2817 305 2846 Punon.
327 2816 385 2845 GR.
409 2815 458 2845 CX
466 2814 533 2843 XX.

833 1568 922 1597 catur,
940 1565 1061 1595 metitur.
1074 1565 1120 1591 sed
1135 1572 1195 1591 eum
1207 1565 1278 1592 nulla
1311 1567 1517 1600 comprehendit
1543 1574 1619 1594 men-

835 1617 909 1642 sura,
936 1617 966 1637 se
997 1609 1058 1636 aliis
1083 1609 1275 1642 coanuunicat,
1300 1610 1347 1637 sed
1379 1610 1446 1637 nihil
1472 1618 1486 1637 a
1509 1618 1621 1645 quoque

832 1655 940 1689 accipit,
957 1656 1059 1690 iutplet,
1073 1663 1124 1682 non
1138 1655 1272 1690 impletur,
1284 1656 1414 1687 continet,
1427 1664 1478 1683 non
1497 1657 1619 1683 contine-

832 1704 896 1732 tur;
912 1701 1070 1728 haereditate
1097 1701 1254 1735 percipitur,
1269 1701 1445 1735 gloriﬁcatur,
1474 1709 1620 1729 connume-

834 1752 919 1778 ratur,
933 1749 1125 1778 comminatur,
1141 1751 1181 1773 est
1198 1747 1295 1781 digitus
1311 1747 1368 1778 Dei,
1395 1747 1473 1780 ignis,
1488 1749 1617 1781 quemad-

833 1794 940 1819 modum
968 1797 995 1819 et
1029 1793 1107 1824 Deus,
1132 1800 1184 1826 qtto
1211 1793 1414 1826 signiﬁcantius,
1434 1798 1462 1819 ιιι
1492 1794 1619 1824 arbitror,

833 1838 950 1872 ejusdem
966 1839 1089 1866 essentia:
1102 1839 1273 1866 declaretur:
1288 1839 1404 1874 Spiritus
1421 1839 1466 1873 qui
1483 1839 1557 1873 facit,
1574 1840 1620 1874 qui

833 1892 879 1918 per
894 1884 1055 1918 baptismum
1072 1888 1186 1915 recreat,
1208 1892 1257 1918 per
1288 1887 1512 1912 resurrectionem
1531 1893 1538 1911 :
1557 1885 1619 1916 Spi-

833 1931 901 1956 rittts
913 1930 958 1964 qui
980 1930 1054 1957 novit
1082 1930 1183 1961 omnia,
1204 1930 1251 1964 qtti
1273 1931 1360 1962 docet,
1384 1931 1430 1965 qui
1458 1931 1543 1964 spirat
1577 1931 1620 1957 uhi

832 1980 859 2003 et
873 1980 1001 2009 quantum
1019 1975 1086 2003 vult.
1102 1976 1151 2008 Qui
1170 1976 1272 2010 dirigit,
1286 1976 1331 2010 qui
1349 1976 1479 2010 loquitur,
1495 1975 1540 2010 qui
1557 1976 1620 2002 mit-

834 2021 875 2054 tit,
891 2021 934 2055 qui
947 2025 1078 2056 segregat,
1097 2023 1143 2056 qui
1153 2022 1284 2054 irritatur,
1300 2022 1346 2056 qui
1360 2025 1490 2053 tentatur,
1504 2022 1549 2055 qui
1577 2028 1620 2048 re-

833 2067 914 2100 velat,
930 2067 975 2101 qui
991 2068 1136 2098 illuminat,
1159 2068 1204 2100 qui
1223 2067 1354 2099 viviﬁcat,
1372 2068 1426 2096 imo
1441 2077 1486 2104 qui
1503 2069 1560 2104 ipse
1577 2068 1620 2094 lux

833 2117 874 2139 est
891 2117 916 2139 et
929 2113 994 2139 vita.
1011 2113 1060 2146 Qui
1077 2113 1198 2140 homines
1212 2113 1256 2140 Dei
1272 2113 1404 2141 domicilia
1417 2114 1491 2146 facit,
1505 2114 1623 2141 divinos-

837 2165 888 2192 que
906 2158 1003 2189 reddit,
1020 2159 1065 2191 qui
1084 2159 1184 2189 ittitiat,
1202 2163 1230 2184 ut
1249 2163 1275 2184 et
1302 2159 1465 2193 baptismum
1482 2168 1620 2192 prmoccu-

800 2203 822 2230 Ι)
837 2209 891 2238 pet,
915 2209 942 2231 et
957 2209 1017 2239 post
1032 2205 1193 2239 baptismum
1204 2205 1366 2239 requiratur.
1380 2206 1429 2238 Qui
1454 2206 1517 2232 facit
1532 2207 1621 2233 omnia

835 2258 895 2284 quae
914 2251 994 2277 Deus.
1012 2249 1062 2282 Qui
1087 2250 1112 2276 in
1128 2249 1225 2284 linguis
1268 2250 1353 2284 igneis
1378 2251 1546 2285 dispertitur.
1571 2251 1621 2284 Qui

837 2303 948 2322 tunnera
963 2295 1116 2329 dilargitur,
1132 2295 1195 2322 facit
1208 2295 1355 2328 apostolos,
1370 2296 1526 2330 prophetas,
1539 2302 1622 2322 ovan-

838 2341 958 2375 gelistas,
980 2345 1102 2374 pastores
1134 2345 1162 2367 et
1181 2340 1317 2367 doctores.
1334 2340 1520 2373 lutelligibilis,
1551 2340 1623 2365 mul-

841 2387 933 2421 tiplex,
948 2387 1068 2420 sapiens,
1085 2385 1253 2417 manifestus,
1277 2386 1322 2419 qtti
1338 2385 1410 2412 nullo
1430 2390 1520 2420 potest
1540 2386 1624 2421 impe-

841 2432 961 2458 dimento
976 2431 1122 2465 prohiberi,
1154 2430 1227 2457 nttllo
1250 2430 1453 2465 inquinamento
1482 2431 1621 2457 maculari.

842 2477 918 2509 Quod
953 2477 1063 2511 perinde
1085 2482 1138 2506 est.
1154 2483 1186 2503 ac
1200 2475 1222 2502 si
1235 2476 1320 2507 dicas,
1349 2476 1575 2509 sapientissimus,
1597 2481 1625 2503 et

842 2521 994 2548 actionibus
1015 2520 1117 2552 varius,
1133 2519 1222 2546 omnia
1238 2519 1377 2547 illustrans
1399 2525 1427 2546 et
1447 2519 1621 2553 patefaciens,

843 2567 884 2594 stti
898 2567 977 2600 juris,
995 2565 1184 2598 immutabilis,
1201 2566 1381 2599 omnipotens,
1402 2570 1500 2592 cuncta
1520 2565 1623 2599 perspi-

842 2613 928 2644 ciens,
944 2619 993 2646 per
1016 2619 1110 2639 omnes
1131 2610 1241 2646 spiritus
1271 2610 1460 2646 intelligibilt‘s,
1493 2617 1574 2644 puros
1597 2615 1624 2636 et

841 2658 1031 2687 subtilissimas
1054 2664 1210 2692 permeans,
1241 2663 1337 2690 nempe
1359 2656 1494 2691 angelicas
1512 2661 1538 2681 et
1564 2662 1626 2690 pro-

841 2704 973 2739 pheticos,
990 2708 1072 2738 atque
1097 2703 1270 2737 apostolicos,
1288 2702 1367 2736 idque
1389 2702 1481 2728 eodem
1494 2705 1624 2734 tempore,

842 2755 869 2776 et
883 2750 943 2778 aliis
961 2750 1023 2777 alihi
1045 2749 1207 2780 distributis;
1225 2757 1278 2784 quo
1291 2747 1460 2784 perspicuum
1480 2748 1519 2779 ftt,
1535 2746 1576 2780 ips
1587 2753 1639 2772 ttu~

1401 2803 1439 2833 2'1
