1873 3076
4 138 64 172 ιε)

491 142 681 173 PANOPLIA
702 141 934 174 DOGMATEGA.
946 152 981 161 '-
993 142 1066 173 TlT.
1087 142 1154 172 ΧΠ.

1588 140 1642 172 850

4 205 87 227 .nar,
120 197 200 224 modo
233 197 312 230 adsit,
335 198 470 234 simulque
494 205 628 227 versetur.
651 200 718 226 Natu
748 192 913 226 eum-Filius
938 207 1100 233 corpoream
1116 197 1256 225 nobiscum
1284 197 1508 225 consuetudinem
1530 196 1643 225 habuis-

4 248 56 276 ει,
80 243 212 279 Spiritum
232 253 339 280 quoque
364 253 497 280 corporeo
525 249 605 274 modo
632 248 707 275 cerni
723 247 922 278 conveniebat;
948 252 975 274 ct
1000 255 1060 274 cum
1092 247 1230 274 Clu-istum
1261 245 1293 272 ad
1321 253 1381 276 sese
1407 253 1533 273 reversus
1558 249 1644 278 esset,

4 298 70 317 tum
103 292 138 318 ad
166 299 215 319 nos
234 292 401 320 descendere
427 298 454 321 et
477 294 586 328 quidem
605 295 652 326 ita,
666 300 694 322 ut
708 300 745 328 et,
760 300 887 330 tanquam
904 295 1042 326 Dominus,
1060 294 1176 324 veniret,
1193 297 1230 326 et,
1247 297 1376 328 tauquam
1400 293 1455 319 Deo
1471 300 1644 326 nequaquam

4 338 171 370 ppositus,
212 339 376 369 mitteretur.
405 341 512 369 Etenim
545 341 702 377 ltujusntodi
730 351 812 371 voces
831 351 886 369 non
911 341 1001 369 ntittus
1025 341 1200 369 concordiam
1231 340 1487 375 declarant,quam
1520 343 1644 367 naturam

4 383 172 412 istraltuut.

27 432 95 458 Διὰ
129 432 221 464 τοῦτο,
240 433 310 468 μετὰ
341 434 458 469 Χριστὸν
489 435 548 470 μὲν,
579 436 624 463 ἵνα
654 437 799 472 Παράκλη-

4 487 44 509 >ς
75 479 145 513 ἡμῖν
162 478 199 513 μὴ
215 478 316 515 λείπῃ·
333 480 441 514 Ἀλλης
463 481 503 514 δὲ,
522 482 566 509 ῐνα
581 483 613 509 σὺ
637 482 686 518 τὴν
709 484 799 517 ὁμοτι-

5 524 73 550 ξαν
99 524 269 560 ἑνουμηοῇς.
290 525 327 551 Τὸ
351 526 415 561 γὰρ,
432 526 538 559 ἄλλος,
561 527 641 559 ἄλλος
662 526 718 560 οἷος
733 529 799 562 ἐγὼ,

4 569 184 597 λοίσταται.
201 570 288 597 Τοῦτο
312 571 340 597 δὲ
358 571 581 606 συνδεσποτείας,
594 573 653 599 ἀλλ’
677 574 728 600 οὐκ
740 576 800 601 ἀτι-

8 616 73 646 {ac
88 616 186 650 ὄνομα.
197 617 234 642 Τὺ
245 617 312 652 γὰρ,
327 617 433 650 ἄλλος.
443 619 493 645 οὐκ
506 619 553 645 ἐπὶ
569 620 625 646 τῶν
639 620 800 655 ἀλλοτρίων,

4 662 64 687 λλ⁹
82 663 198 690 ἐπὶτῶν
214 663 366 697 ὀμοουσίων
381 663 440 692 οἴδα
455 665 610 700 λεγόμενον.

4 761 79 787 Τοῦ
95 761 191 788 αὐτοῦ
209 761 244 788 ἐκ
261 761 408 798 τῆςνπρὸς
428 763 600 795 Κληδόγιον
615 764 792 798 λογοειὼῦς

294 797 325 829 ,β’
339 797 517 832 ἐπιστολῆς.

40 841 152 875 ’Πμεῖς
182 841 231 876 τῆς
261 842 332 874 κατὰ
356 842 474 869 Νίκαιαν
499 844 619 875 πίστεως
640 843 695 870 τῶν
719 844 804 877 ἁγίων

4 889 164 921 ῐατέρων,
190 887 245 914 τῶν
267 889 357 915 ἐκεῖσε
387 889 555 916 συνελοὸτων
580 889 628 916 ἐπὶ
645 890 803 924 καθαιρέσει

4 934 49 968 ἧς
83 933 231 968 Ἀρειανῆς
244 935 377 970 αίρέσεως
399 935 476 962 οὐδὲν
501 935 563 963 οὔτε
579 937 805 972 προετιμήσαμεν

5 979 145 1011 ώποτε,
171 979 233 1007 οὔτε
259 982 395 1016 προτιμᾷν
423 981 581 1016 δυνάμεθα,
612 981 669 1008 ἀλλ’
697 983 805 1018 ἐκείνης

4 1026 92 1060 τμὲν
114 1026 164 1060 τῆς
193 1026 311 1058 πίστεως
322 1046 332 1059 ,
350 1027 394 1053 καὶ
419 1027 550 1062 ὲσόμεοα,
567 1028 614 1054 σὺν
629 1028 707 1063 Θεῷ,
723 1037 806 1064 προσ-

4 1071 207 1106 ιαρῢροῦντες
237 1072 268 1098 τὸ
292 1072 423 1104 ἔλλειπῶς
441 1073 588 1108 εἰρημένον
605 1075 718 1106 ἐκείνοις
740 1075 806 1110 περὶ

4 1118 44 1144 οὗ
66 1118 154 1152 ἁγίου
173 1117 341 1152 Πνεύματος,
357 1118 402 1146 διὰ
419 1119 448 1145 τὸ
461 1119 498 1154 μὴ
511 1120 671 1155 κεκινῆσθαι
688 1121 719 1147 τὸ
729 1129 805 1156 τηνι-

4 1164 98 1190 αὖτα
120 1164 198 1190 τουτὶ
215 1163 246 1190 τὸ
266 1164 396 1200 ζήτημα,
415 1165 457 1191 ὅτι
474 1165 540 1200 μιᾶς
555 1165 688 1200 eadm-ro;
706 1167 806 1194 εἰδέναι

5 1210 53 1245 ρὴ
71 1210 126 1237 τὸν
141 1210 272 1245 Πατέρα,
295 1211 342 1237 καὶ
358 1211 405 1237 τὸν
421 1211 484 1237 Υἰὸν
496 1231 503 1243 ,
528 1211 622 1238 καὶτὸ
644 1211 757 1248 Πνεῦμα
775 1213 806 1239 τὸ

11 1265 100 1290 γιον,
120 1255 189 1282 Θεὸν
205 1256 254 1284 καὶ
268 1256 299 1283 τὸ
318 1256 433 1292 Πνεῦμα
452 1256 646 1292 γινώσκοντας.

4 1362 69 1387 Ε’τι
95 1359 176 1387 κατὰ
198 1360 258 1387 τῶν
274 1359 535 1394 Πνευματομὰχων
549 1360 602 1387 τοῦ
624 1361 750 1395 Νύσσης
772 1361 806 1388 ἐκ

146 1395 200 1422 τοῦ
215 1395 308 1430 λόγου
323 1396 375 1422 τοῦ
391 1396 470 1429 πρὸς
484 1396 673 1430 Σιμπλίκιον.

34 1440 119 1475 Περὶ
135 1440 164 1466 δὲ
173 1440 221 1466 τοῦ
236 1439 394 1475 Πνεύματος
413 1440 461 1466 τοῦ
481 1441 559 1474 ἁγίου
577 1441 602 1467 ot
615 1441 808 1477 βλασφημοῦν-

7 1496 47 1518 a;
85 1486 121 1512 τὺ
147 1486 214 1512 αὐτὸ
227 1485 364 1519 λέγουσιν,
389 1486 403 1512 ὃ
416 1487 542 1521 καὶπερὶ
561 1486 609 1513 τοῦ
630 1487 751 1522 Κυρίου,
765 1487 806 1514 ὅτι

7 1534 65 1560 στὶ
85 1532 137 1560 καὶ
154 1532 366 1567 τοῦτοξκτιστόν.
385 1532 417 1559 Ἢ
429 1532 457 1559 δὲ
485 1532 634 1568 Ἐκκλησία
647 1533 755 1569 ἐπίσης,
771 1535 808 1566 ὡς

5 1590 29 1607 :3
39 1581 76 1615 ρὶ
91 1578 142 1605 τοῦ
158 1578 223 1605 Υἱοῦ
235 1598 243 1611 ,
261 1579 334 1605 οὕτω
348 1579 396 1606 καὶ
412 1575 477 1614 περὶ
488 1588 535 1606 του
550 1580 628 1614 ἁγίου
647 1580 806 1616 Πνεύματος

5 1625 154 1656 πιστεύει,
167 1624 208 1651 ὅτι
223 1624 298 1651 ἐστὶν
313 1624 453 1656 ἄκτιστον,
475 1626 521 1651 καὶ
537 1625 578 1652 ὅτι
593 1626 668 1652 πᾶσα
687 1627 703 1660 ἡ
718 1627 806 1658 κτίσις

10 1682 29 1698 κ
48 1671 110 1705 τῆς
126 1671 173 1697 τοῦ
193 1670 396 1705 ὑπερκειμένου
416 1671 520 1705 ἀγαθοῦ
539 1672 686 1706 μετουσίας
700 1673 806 1706 γίνεται

6 1717 116 1751 γαθή.
134 1717 171 1743 Τὸ
191 1717 220 1743 δὲ
236 1716 349 1751 Πνεῦμα
368 1717 399 1743 τὸ
416 1716 494 1750 ἆγιον
519 1717 668 1752 ἀπροσδεές
684 1718 742 1744 ὲστι
759 1718 806 1744 τοῦ

6 1763 209 1799 ιγαιθὸνοντος.
231 1762 346 1796 ’Δγαοὸν
379 1761 434 1798 γὰρ
447 1762 525 1797 φύσει
557 1763 634 1795 ἐστὶ,
673 1763 763 1795 καθὼς
790 1765 807 1798 ἡ

6 1810 117 1846 ’βαφὴ
139 1809 284 1845 μαρτυρεῖ.
304 1809 361 1835 Καὶ
377 1809 418 1835 ὅτι
443 1809 561 1844 ἡκτίσις
576 1809 715 1844 ὁδηγεῖται
731 1810 807 1845 παρὰ

8 1855 50 1881 οὗ
70 1853 244 1888 Πνεύματος,
259 1853 288 1879 τὸ
300 1853 328 1879 δὲ
341 1853 452 1888 Πνεῦμα
464 1854 514 1889 τὴν
524 1854 537 1880 ὸ
547 1853 644 1889 δηγίαν
654 1854 807 1889 χαρίζεται,

9 1902 41 1927 ΙΙ
66 1899 164 1930 κτίσις
182 1898 393 1933 ήγεμονεύεται,
411 1898 442 1926 τὸ
459 1899 487 1926 δὲ
504 1899 616 1934 Πνεῦμα
632 1899 807 1934 ἡγεμονεύει.

8 1948 38 1974 Η
71 1945 167 1976 κτίσις
182 1945 392 1979 παρακαλεῖται,
417 1945 448 1971 τὸ
464 1945 492 1972 δὲ
511 1945 623 1980 Πνεῦμα
641 1945 806 1980 παρακαλεῖ.

11 1994 38 2021 ΙΙ
56 1992 158 2022 κτίσις
169 1991 301 2023 δουλεύει,
310 1991 340 2018 τὸ
354 1991 381 2018 δὲ
392 1992 503 2026 Πνεῦμα
518 1992 666 2027 ἐλευθεροῖ.
675 1992 708 2018 Ἦ
720 1993 808 2023 κτίσις

11 2037 179 2074 οφεξεται,
207 2037 238 2064 τὸ
263 2037 291 2064 δὲ
310 2037 422 2072 Πνεῦμα
445 2038 495 2073 τὴν
519 2038 569 2072 τῆς
598 2038 696 2072 σοφίας
715 2038 807 2065 δίδωσι

15 2087 108 2120 ἀριν.
133 2081 165 2109 'H
179 2083 268 2114 κτίσις
285 2083 494 2118 μεταλαμϐάνει
510 2083 565 2110 τῶν
581 2084 768 2119 χαρισμάτων,
777 2084 808 2110 τὸ

10 2134 24 2158 ὲ
67 2129 189 2163 Πνεῦμα
217 2130 279 2156 κατ’
304 2129 430 2162 ἐξουσίαν
457 2129 611 2164 χαρίζεται.
639 2130 730 2156 Πάντα
753 2130 808 2164 γὰρ

9 2176 125 2212 νεργεῖ
143 2174 230 2201 ταῦτα
250 2175 280 2201 τὸ
297 2174 326 2201 ἓν
348 2175 396 2202 καὶ
410 2175 441 2201 τὸ
456 2175 522 2202 αὐτὸ
541 2175 667 2210 Πνεῦμα,
684 2175 808 2209 διαιροῦν

9 2224 65 2259 δίᾳ.
89 2220 200 2256 ἑκάστῳ
214 2241 221 2253 ,
244 2220 338 2252 καθὼς
361 2221 497 2256 βούλεται.
522 2222 584 2248 Kal;
601 2222 700 2258 μυρίας
723 2222 806 2254 ἄλλας

12 2280 31 2297 κ
64 2268 128 2294 τῶν
146 2267 266 2303 Γραφῶν
285 2267 360 2294 ἐστιν
376 2268 529 2300 ἀποδείξεις
546 2268 648 2304 εὑρεῖν,
661 2269 701 2296 ὅτι
718 2269 808 2296 πάντα

15 2318 31 2342 ἂ
72 2313 170 2348 ὑψηλὰ
189 2313 237 2340 καὶ
261 2314 403 2348 θεοπρεπῆ
426 2314 551 2348 νοήματα
565 2333 572 2343 .
597 2314 647 2340 ὅσα
663 2313 739 2348 παρὰ
758 2313 807 2348 τῆς

10 2361 130 2397 ’ραφῆς
144 2359 183 2394 τῷ
196 2359 288 2393 Πατρὶ
314 2360 362 2386 καὶ
377 2359 432 2394 Υίῷ
447 2359 645 2394 ἑφαρμόζεται,
658 2359 745 2386 ταῦτα
760 2359 807 2386 καὶ

11 2408 79 2443 ;ερὶ
100 2406 133 2432 τὸ
148 2405 226 2438 ἅγιον
254 2405 398 2439 θεωρεῖται
422 2405 551 2440 Πνεῦμα,
585 2406 602 2440 ὴ
631 2405 760 2440 ἁφθορὶα,
788 2406 805 2440 ἡ

11 2451 191 2486 ιακαριότης
204 2470 213 2483 ,
236 2451 266 2477 τὸ
283 2451 386 2484 ἀγαθὸν
398 2471 404 2481 ,
421 2451 450 2477 τὺ
468 2451 566 2485 σοφὸν,
584 2452 614 2477 τὸ
631 2450 762 2482 δυνατὸν,
777 2452 806 2477 τὸ

15 2501 135 2528 ίκαιον.
151 2498 167 2531 ἡ
187 2497 312 2532 ἁγιότης,
331 2497 385 2523 πᾶν
401 2497 492 2532 τίμιον
507 2497 593 2531 ὄνομα
615 2496 686 2523 οὕτω
699 2496 807 2531 λέγεται

13 2547 51 2572 πὶ
78 2543 131 2576 τοῦ
149 2543 228 2577 ἁγίου
251 2543 410 2577 Πνεύματος
421 2563 428 2574 ,
444 2543 481 2574 ὡς
500 2544 547 2569 καὶ
562 2543 610 2569 ἐπὶ
639 2543 685 2569 τοῦ
701 2543 806 2578 Πατρὶς

12 2593 52 2618 ,αὶ
71 2588 125 2615 τοῦ
142 2588 208 2615 Υίοῦ
222 2588 344 2623 λέγεται,
362 2589 431 2624 πλὴν
443 2588 560 2622 τούτων,
577 2589 612 2615 δι’
623 2585 660 2615 ὧν
682 2589 710 2615 αἱ
739 2588 806 2614 ὑπο-

12 2638 133 2666 ςτάσεις
146 2635 253 2669 τρανῶς
269 2643 299 2661 τε
311 2635 359 2661 καὶ
375 2634 535 2669 ἁσυγχύτως
548 2634 595 2661 ἀπ’
611 2634 735 2669 ἀλλήλων
749 2634 807 2660 δια-

16 2681 190 2718 ωῃὶζονται.
216 2680 295 2714 Λέγω
312 2681 358 2712 δὲ,
385 2681 427 2707 ὅτι
447 2680 511 2707 οὔτε
531 2680 626 2716 Πατὴρ
648 2679 757 2714 λέγεται
776 2680 807 2706 τὸ

14 2728 131 2761 Ινεῦμα
151 2726 182 2752 τὸ
205 2726 282 2759 ἅγιον
295 2746 302 2759 ,
321 2725 383 2753 οὔτε
405 2727 469 2758 Υἱὸς
482 2746 490 2759 ,
508 2727 542 2753 τὰ
563 2725 593 2753 δὲ
612 2726 680 2752 ἄλλα
693 2746 699 2757 ,
719 2726 770 2752 ὅσα
792 2726 806 2751 ὁ

15 2775 111 2808 Ιατὴρ
132 2772 181 2798 κκὶ
200 2774 214 2798 ὸ
227 2772 291 2803 Υἱὸς
311 2772 492 2808 ὀνομάζεται,
508 2771 596 2799 ταῦτα
619 2772 665 2798 καὶ
683 2771 720 2806 τῷ
737 2771 806 2807 ἁγίῳ

16 2819 160 2852 Ινεύματι
175 2819 252 2852 παρὰ
267 2820 316 2853 τῆς
335 2819 446 2854 Γραφῆς
463 2817 658 2853 ἐφαρμόζεται.
683 2818 733 2844 Διὰ
745 2818 807 2844 τού-

14 2876 62 2893 ηων
77 2861 130 2891 οὖν
146 2864 403 2898 καταλαμϐάνομεν.
427 2865 466 2891 ὃτι
491 2864 546 2891 ἄνω
558 2865 605 2899 τῆς
620 2863 732 2895 κτῗσειίις
749 2863 805 2890 ἐστι

890 436 1004 469 Idcirco,
1018 441 1079 471 post
1099 435 1236 463 Christum
1261 434 1369 469 quidem
1398 434 1519 468 accedit,
1543 443 1578 462 ne
1594 434 1648 465 Pa-

852 480 969 508 racletus
996 480 1075 508 nobis
1110 480 1179 507 desit
1198 489 1205 508 :
1226 480 1302 507 Alius
1329 484 1430 511 autem,
1447 484 1477 507 ut
1492 484 1520 507 tu
1532 479 1645 511 honoris

854 525 1034 559 aequalitatem
1051 525 1162 559 cogites.
1182 524 1260 557 Quod
1279 524 1351 551 cuint
1375 525 1430 557 ait,
1451 524 1531 559 alius,
1550 526 1656 558 alium,

853 571 941 606 qualis
964 578 1013 606 ego
1031 578 1102 603 sunt,
1126 570 1278 597 constituit.
1298 569 1355 597 Hoc
1376 577 1458 604 porro
1477 578 1577 598 nomen
1596 579 1646 604 pa—

854 625 911 644 rent
931 617 1038 652 imperii
1052 616 1164 652 gradum
1183 615 1295 647 indicat,
1314 623 1368 643 non
1385 616 1570 651 ignominiam,
1588 617 1654 644 Vox.

854 663 938 696 enim,
967 663 1047 695 alitis,
1071 670 1126 689 non
1142 661 1175 689 de
1201 662 1308 694 alienis,
1331 662 1380 690 sed
1403 662 1438 690 dc
1461 663 1511 696 iis,
1528 671 1643 698 quorum

855 709 948 736 eadem
964 708 1116 736 substantia
1128 713 1180 740 est,
1200 713 1359 743 usurpatur.

855 764 979 799 Ejusdem
1000 773 1032 791 ex
1054 765 1137 791 altera
1151 765 1185 791 ad
1199 765 1354 791 Cledonium
1367 765 1489 796 epistola,
1514 774 1572 799 I/uw
1591 775 1644 799 prce

1049 801 1211 834 longitudine
1225 801 1311 826 instar
1327 806 1364 826 cst
1380 801 1450 826 libri.

891 843 944 870 Nos
969 844 1042 874 tidei,
1056 851 1115 878 quae
1131 843 1157 869 itt
1173 843 1289 869 concilio
1318 842 1427 870 Nictcno
1445 851 1458 870 a
1476 845 1578 871 sanctis
1596 844 1646 871 Pa-

857 891 954 921 trilms,
985 889 1040 916 illic
1072 889 1105 915 ad
1137 889 1314 916 evertendam
1355 890 1478 917 lueresitn
1514 891 1643 918 Arianam

856 936 1041 970 congregatis,
1053 935 1189 962 declarata
1201 941 1252 968 est,
1266 935 1331 962 niltil
1348 943 1466 970 unquatn
1484 939 1642 972 anteposui-

857 991 927 1015 mns,
944 991 992 1011 ttcc
1002 989 1168 1019 anteponere
1183 991 1326 1018 possumus
1347 990 1356 1013 :
1373 985 1419 1011 sed
1434 992 1466 1011 ex
1485 985 1526 1011 illa
1554 993 1647 1013 sumus

857 1030 919 1061 lide,
954 1035 1036 1064 atque
1066 1029 1181 1062 erimus,
1207 1030 1315 1063 Deoque
1340 1030 1488 1057 auxiliante
1504 1031 1575 1065 quod
1613 1032 1648 1058 ab

857 1073 911 1100 illis
924 1074 1013 1101 audita
1031 1074 1155 1102 absolute
1168 1074 1204 1102 de
1239 1074 1341 1108 Spiritu
1371 1081 1479 1106 saneto,-
1505 1081 1651 1110 propterea-

856 1119 928 1154 quod
956 1119 1013 1147 haec
1024 1120 1138 1154 quaestio
1169 1124 1232 1146 tttnc
1246 1127 1298 1146 non
1335 1120 1513 1153 tractabatur,
1545 1121 1650 1148 dictum

855 1170 907 1197 est,
919 1166 1124 1200 explicabimus.
1141 1166 1207 1192 Cum
1237 1165 1309 1192 enim
1325 1165 1523 1196 decrevissent.
1538 1172 1646 1201 oporte-

857 1219 885 1238 re
897 1213 1006 1239 credere
1017 1211 1096 1238 unius
1108 1218 1169 1238 esse
1182 1211 1330 1238 divinitatis
1340 1210 1458 1241 Patrem,
1475 1218 1502 1238 et
1534 1212 1646 1242 Filium.

856 1257 986 1291 Spiritum
1000 1262 1123 1284 sanetum
1137 1256 1322 1290 Deuntutiquc
1345 1260 1372 1283 et
1407 1257 1538 1292 Spiritum
1567 1265 1647 1285 sanc-

858 1306 915 1328 tum
933 1302 1131 1333 agnoscebant.

856 1358 925 1386 Item
936 1358 1193 1396 adversumSpiritus
1206 1364 1407 1396 oppugnatores,
1420 1359 1539 1394 Gregorii
1552 1360 1649 1396 Nyssar

963 1394 1092 1428 pontiﬁcis
1112 1402 1143 1420 ea:
1162 1395 1280 1421 oratione
1300 1395 1335 1420 ad
1363 1394 1538 1427 Siniplicimu.

895 1439 972 1472 Quod
987 1444 1076 1466 autem
1091 1439 1124 1466 de
1141 1439 1265 1471 Domino,
1292 1440 1360 1466 idem
1375 1440 1407 1466 de
1422 1440 1523 1473 Spiritu
1554 1446 1649 1468 sancto

859 1485 1049 1513 contumeliosi
1070 1485 1194 1513 homines
1206 1485 1311 1518 dicunt,
1326 1494 1421 1521 nempe
1439 1487 1525 1520 ipsum
1538 1495 1648 1522 quoque

822 1541 842 1569 (ς
860 1537 981 1561 creatura
999 1540 1071 1560 esse.
1087 1532 1208 1560 Ecclesia
1239 1540 1303 1560 vero
1315 1537 1344 1559 ιιι
1359 1532 1391 1559 de
1408 1532 1488 1564 Filio,
1508 1534 1547 1560 sic
1561 1534 1644 1560 etiam

857 1579 890 1606 de
908 1578 1008 1613 Spiritu
1021 1583 1117 1606 sancto
1137 1578 1239 1612 pariter
1250 1577 1348 1610 credit,
1367 1582 1490 1604 creatum
1503 1586 1556 1605 nor.
1576 1586 1648 1609 csso;

857 1629 884 1651 ct
903 1633 947 1652 res
978 1632 1072 1651 omnes
1099 1629 1207 1652 creatas
1239 1631 1273 1651 ex
1299 1625 1417 1658 supremi
1442 1625 1503 1652 Itoni
1525 1632 1647 1651 commu-

859 1671 939 1697 nione
951 1670 1006 1697 ﬁeri
1022 1671 1115 1703 bonas,
1129 1669 1262 1705 Spiritum
1274 1675 1397 1698 sanctum
1409 1675 1498 1698 autent
1507 1671 1623 1704 nemine,
1634 1679 1649 1698 ιι

859 1723 912 1750 quo
939 1717 1026 1743 benus
1052 1715 1109 1749 ﬁat,
1125 1716 1245 1751 indigere
1263 1724 1271 1743 :
1290 1721 1387 1744 natura
1419 1717 1489 1744 enim
1515 1724 1574 1744 ese
1601 1717 1647 1745 bo-

861 1769 938 1794 num,
956 1767 984 1789 ut
999 1761 1140 1796 Scriptura
1161 1767 1288 1789 testatur.
1306 1762 1359 1790 lles
1382 1768 1488 1790 creatas
1515 1771 1528 1789 a
1547 1763 1648 1797 Spiritu

859 1811 954 1834 sancto
973 1807 1066 1842 dirigi,
1091 1807 1179 1843 ipstntt
1193 1809 1424 1836 cisdirectioneut
1457 1809 1571 1842 larg-tri;
1603 1817 1647 1837 res

858 1858 1014 1888 procreatas
1030 1853 1104 1886 duci,
1121 1853 1253 1887 Spiritum
1263 1861 1323 1881 esse
1336 1855 1496 1886 duetorem;
1512 1862 1555 1881 res
1567 1862 1646 1881 crea-

861 1904 901 1926 tas
914 1899 1128 1926 consolationem
1145 1899 1279 1934 accipere,
1293 1900 1423 1935 Spiritum
1448 1908 1508 1928 esse
1520 1901 1645 1928 consola-

861 1950 965 1979 torem;
984 1952 1026 1972 res
1041 1950 1219 1973 creatasesse
1249 1953 1352 1978 servas,
1381 1945 1513 1980 Spiritum
1541 1953 1588 1973 eas
1619 1947 1644 1973 in

860 1991 1014 2018 libertatem
1035 1991 1194 2025 vindicare;
1224 1999 1268 2019 res
1291 1997 1398 2018 creatas
1426 1991 1563 2026 sapientes
1577 1992 1646 2024 lieri,

859 2037 989 2071 Spiritum
1012 2036 1152 2071 sapientia:
1167 2038 1280 2072 gratiam
1306 2037 1414 2072 elargiri
1440 2045 1448 2070 ;
1468 2045 1512 2064 res
1537 2041 1646 2064 creatas

859 2090 1002 2110 munerum
1015 2083 1160 2121 participes
1170 2082 1249 2113 etlici,
1266 2082 1398 2117 Spiritum
1415 2090 1525 2109 munera
1541 2083 1646 2110 tribuc-

859 2136 906 2162 re;
926 2129 983 2156 haec
998 2129 1070 2156 enint
1090 2129 1182 2155 omnia
1202 2129 1258 2162 agit
1275 2135 1344 2154 unus
1360 2132 1385 2154 et
1410 2128 1480 2155 idem
1509 2128 1638 2162 Spiritus,

859 2173 983 2200 dividens
1000 2173 1140 2208 sigillatth
1168 2173 1327 2207 unicuique,
1348 2173 1386 2199 uti
1407 2173 1472 2199 vult.
1491 2174 1649 2200 Innumera-

823 2217 845 2244 D
860 2218 923 2246 bilia
941 2224 1053 2253 possunt
1069 2218 1120 2245 alia
1133 2226 1165 2246 ex
1181 2218 1498 2253 Scriptnristestimonia
1512 2219 1646 2253 depromi,

860 2264 960 2298 quibus
973 2265 1144 2298 perSpicuum
1159 2263 1199 2295 ﬁt,
1215 2265 1307 2290 omnia
1338 2264 1464 2290 sublimia
1500 2264 1647 2299 divinaque

859 2310 979 2341 nomina,
1000 2318 1058 2344 quae
1087 2309 1157 2336 l’atri
1182 2309 1303 2344 Filioque
1322 2310 1491 2342 tribuuntur,
1511 2311 1543 2335 ad
1560 2309 1647 2344 Spiri-

861 2360 917 2381 tum
934 2360 1058 2382 sauctunt
1072 2356 1153 2382 etiam
1169 2357 1317 2389 pertinere,
1337 2354 1486 2388 cujusutudi
1506 2361 1570 2381 sunt
1598 2355 1648 2381 im-

860 2401 1023 2433 mortalitas,
1036 2401 1188 2433 beatitudo,
1204 2401 1322 2434 bunitas,
1340 2401 1484 2435 sapientia.
1515 2403 1645 2436 potentia,

859 2447 977 2482 iustitia,
996 2447 1138 2478 sanctitas,
1151 2447 1281 2482 qttidqttid
1301 2448 1418 2481 denique
1436 2447 1594 2480 ρι-ιοςΙηι-ιιιιι
1613 2448 1646 2474 de

859 2493 940 2520 Patre
954 2497 982 2520 et
997 2492 1065 2519 Filio
1076 2493 1186 2525 dicitur,
1213 2493 1237 2519 id
1265 2493 1328 2519 item
1361 2493 1393 2519 de
1418 2492 1518 2526 Spiritu
1540 2498 1644 2524 sancto,

859 2539 981 2574 exceptis
996 2539 1028 2566 iis
1041 2540 1139 2574 quibus
1153 2546 1216 2566 vere
1245 2544 1274 2566 et
1293 2539 1351 2566 sine
1367 2539 1528 2566 confusione
1548 2539 1646 2566 distin-

859 2589 983 2620 guuntur
996 2587 1060 2620 ipstc
1076 2592 1210 2620 persome.
1239 2584 1360 2620 Exempli
1384 2585 1482 2619 gratia,
1499 2592 1548 2612 ttec
1565 2584 1645 2611 Pater

859 2633 968 2662 dicitur.
986 2639 1036 2659 nec
1050 2631 1148 2659 Filius.
1174 2632 1287 2667 Reliqua
1306 2639 1370 2658 vero
1397 2631 1518 2663 nomina,
1546 2631 1644 2665 quibus

858 2677 939 2705 Pater
965 2677 1103 2712 Filiusquc
1127 2684 1270 2710 vorantur,
1286 2686 1300 2704 a
1314 2678 1454 2711 Scriptura
1469 2678 1494 2703 itt
1513 2676 1644 2710 Spiritum

858 2725 1074 2751 sauctuntctiam
1089 2724 1275 2752 conferuntur.
1292 2723 1329 2750 Et
1347 2723 1388 2750 Ilii
1403 2731 1466 2757 ergo
1481 2722 1640 2756 colligimus.

859 2770 990 2805 Spiritunt
1023 2774 1146 2797 sanctum
1166 2769 1247 2797 rebus
1260 2769 1359 2796 creatis
1387 2775 1448 2794 esse
1467 2767 1639 2801 νεα-διαπυθ-

859 2824 929 2843 rent.
951 2814 1123 2851 Quapropter
1136 2815 1180 2842 ttbi
1193 2814 1273 2842 Pater
1296 2818 1324 2841 et
1351 2813 1437 2840 Filius
1469 2811 1635 2846 intelligit-tr.

860 2864 912 2891 illic
925 2863 1007 2890 etiam
1025 2862 1184 2898 intelligitur
1210 2861 1328 2896 Spiritus
1348 2865 1469 2888 sanctus.
1493 2859 1581 2888 l‘orro
1599 2867 1626 2886 re
