1873 3076
9 121 73 154 B5

9 181 138 212 τικῶς·
157 181 254 214 θεῖκῶς
280 183 340 218 μὲν,
363 184 403 211 ὅτι
427 184 511 219 χωρὶς
541 183 656 219 ἀνδρός·

9 227 78 258 πῶς
109 228 151 259 δὲ,
180 229 221 255 ὃτι
249 229 324 265 νόμῳ
357 230 499 265 κυήσεως,
529 231 628 266 ὁμοίως
661 230 751 263 ἄθεος.
785 231 825 258 El."

9 281 56 303 ru;
91 273 299 302 διαπεπλάσθαι
323 275 368 302 τὸν
386 276 541 311 ἄνθρωπον,
557 275 608 303 εἷθ’
625 276 819 304 ὑποδεδυκὲναι

11 320 101 352 νέγοι
137 320 212 350 Θεὸν,
247 320 420 355 κατάκριτος.
451 321 488 347 Uti
523 322 571 356 γὰρ
600 323 724 357 γέννησις
753 322 820 349 θεοῦ

9 365 103 391 vii-.6
126 366 215 395 ἐστιν,
237 365 305 392 ἀλλὰ
326 365 398 401 φυγὴ
421 367 583 401 γεννήσεως.
604 367 638 393 Εἴ
655 376 697 399 τις
716 368 821 402 εἰσάγει

9 411 60 436 ῑοᾶο
88 412 184 442 Υίοὺς,
198 411 245 437 ἕνα
261 411 309 446 μὲν
322 412 367 438 τὸν
384 413 415 437 ἐκ
428 412 496 438 Θεοῦ
508 413 554 438 καὶ
566 413 682 448 Πατρὸς,
696 413 821 450 δεύτερον

9 456 32 481 ἑὲ
58 455 115 481 τὸν
139 457 169 482 ἐκ
189 457 236 490 τῆς
258 457 369 492 μητρὸς,
388 457 444 482 ἀλλ’
462 457 522 492 οὐχὶ
538 457 586 484 ἕνα
603 459 649 484 καὶ
663 459 708 485 τὸν
728 458 819 490 αὐτὸν,

9 499 62 525 καὶ
95 500 149 534 τῆς
173 501 307 531 υἱοθεσίας
331 501 441 527 ἐκπέσοι
461 501 510 536 τῆς
530 502 738 538 ἐπηγγελμένης
762 505 819 535 τοῖς

9 546 113 580 ›ρΟῶς
144 546 308 572 mata-Sonam.
336 546 433 578 Φύσεις
457 547 505 582 μὲν
531 547 585 583 γὰρ
610 547 657 574 δύο
681 549 746 578 Θεὸς
772 548 817 575 καὶ

9 591 182 626 ινορωπος,
198 591 258 617 ἐπεὶ
275 591 321 617 καὶ
337 591 409 627 ψυχὴ
431 592 476 618 καὶ
492 592 572 627 σῶμα
598 599 605 607 ·
659 584 725 619 γυὶοὶ
745 593 772 620 δὲ
787 594 817 620 οὐ

9 637 75 667 i230,
100 636 164 662 οὐδὲ
181 637 250 664 Θεοί.
272 637 338 663 Οὐδὲ
356 637 409 673 γὰρ
428 637 544 664 ἐνταῦθα
562 638 607 664 δύο
627 638 773 674 ἄνθρωποι,
793 640 818 666 εί

9 684 62 709 cui.
82 682 175 714 οὕτως
190 684 204 709 ὁ
222 683 325 714 Παῦλος
346 684 375 710 τὸ
389 684 463 716 ἐντὸς
483 684 528 710 τοῦ
553 684 705 720 ἀνθρώπου,
723 687 769 711 καὶ
788 685 820 712 τὸ

9 729 103 760 ,κτδς
130 729 342 765 προσηγόρευσε.
369 730 424 756 Καὶ
450 731 473 756 εί
496 730 536 757 δεῖ
559 730 698 765 συντόμως
717 731 814 764 εἰπεῖν,

9 774 87 799 illo
100 774 153 808 μὲν
167 775 212 800 καὶ
228 775 290 801 ἄλλο
300 774 332 800 τὰ
346 775 375 808 ἐξ
387 771 423 800 ὦν
436 776 449 802 ό
462 775 558 810 Σωτὴρ
570 775 660 811 (εἴπερ
671 775 708 810 μὴ
721 775 816 802 ταυτὸν

9 820 47 860 ῖξ
57 820 185 854 ἀόρατον
199 820 237 855 τῷ
252 820 353 856 ὁρατῷ,
377 821 424 847 καὶ
442 821 472 847 τὺ
489 822 602 856 ἄχρονον
623 821 660 856 τῷ
681 821 733 848 ὑπὸ
754 821 817 856 χρό-

9 866 74 898 νον)
88 885 96 896 ,
121 866 171 891 οὐκ
190 865 268 897 ἄλλος
285 865 313 892 δὲ
338 867 384 892 καὶ
402 866 490 898 ἄλλος’
514 866 552 902 μὴ
569 866 681 900 γένοιτο.
704 867 724 892 Τ
728 867 744 893 ὰ
762 867 817 902 γὰρ

9 912 170 947 ὶμερότερα
185 911 213 938 ἓν
231 913 263 947 τῇ
286 912 434 948 συγκράσει
452 929 461 942 .
534 912 601 939 Θεοῦ
619 913 666 947 μὲν
683 911 816 948 ἐνανθρω-

9 959 175 991 πήσαντος,
200 957 343 992 ἀνθρώπου
366 957 393 984 δὲ
415 957 570 990 θεωθέντος,
590 958 606 993 ἢ
632 959 705 989 ὅπως
725 959 757 985 ἂν
774 966 816 989 τις

9 1002 182 1037 5νομάσειε.
203 1003 281 1036 Λέγω
301 1003 328 1029 δὲ
351 1003 414 1030 ἄλλο
432 1004 478 1030 καὶ
493 1003 556 1029 ἄλλο
581 1023 589 1036 ,
663 1003 782 1038 ἔμπαλιν
799 1003 815 1038 ἢ

9 1048 64 1073 ἐπὶ
96 1047 150 1082 τῆς
174 1047 287 1082 Τριάδος
314 1048 379 1083 ἔχει.
409 1049 481 1075 Ἐκεῖ
509 1049 558 1084 μὲν
583 1049 636 1084 γὰρ
664 1049 742 1080 ἄλλος
770 1049 816 1075 καὶ

9 1094 122 1125 Ελλος,
139 1093 181 1119 ἵνα
197 1093 234 1129 μὴ
250 1093 299 1124 τὰς
320 1094 482 1125 ὑποστάσεις
497 1093 664 1129 συγχέωμεν·
684 1095 734 1120 οὐκ
754 1094 816 1121 ἄλλο

9 1140 39 1166 εὲ
61 1139 117 1166 καὶ
133 1138 207 1171 ἄλλο,
225 1139 253 1165 ἓν
265 1139 318 1174 γὰρ
332 1139 364 1166 τὰ
381 1140 443 1174 τρία
457 1139 503 1166 καὶ
518 1139 616 1165 ταυτὸν
628 1141 661 1174 τῇ
675 1140 790 1175 Θεότητι.

512 126 699 158 ΡΛΝΟΡῙᾸᾹ
719 126 947 158 DOGMATICA.
966 140 999 146 -
1019 128 1090 158 ’ῙῚΤΔ
1113 130 1190 161 XIV.

1610 135 1664 167 885

679 185 821 219 ἀνθρωπι-
837 188 859 216 Α
873 186 982 216 dixerit.
999 185 1109 216 divino.
1131 187 1194 222 quia
1215 195 1315 224 absque
1337 189 1385 216 viri
1409 197 1509 224 opera;
1531 190 1662 224 humano,

872 233 934 266 quia
962 232 1074 259 humani
1093 237 1242 268 conceptus
1258 234 1330 269 lege,
1347 243 1423 270 aeque
1441 236 1538 264 atheus
1563 242 1614 265 est.
1634 237 1663 265 Si

874 279 936 313 quis
949 277 1094 306 formatum
1123 279 1260 307 hominem
1286 280 1382 312 fuisse.
1407 281 1546 317 Deumque
1568 287 1662 318 postea

878 321 996 348 subiisse
1010 321 1094 353 dicat,
1110 321 1278 348 damnationi
1298 323 1433 350 obnoxius
1450 328 1501 351 est.
1519 325 1574 351 lloc
1590 326 1663 352 enim

877 373 932 392 non
949 365 995 393 Dei
1010 367 1149 400 generatio
1170 367 1260 398 fuerit,
1276 367 1322 395 sed
1340 369 1524 403 generationis
1543 369 1614 405 fuga.
1632 371 1660 398 Si

877 412 939 445 quis
955 411 1024 438 duos
1041 412 1121 444 filios,
1137 412 1251 439 alterum
1271 420 1302 440 ex
1321 412 1376 440 Deo
1396 419 1422 440 et
1438 413 1527 446 Patre,
1546 415 1662 442 alterum

877 464 909 482 ex
924 459 1020 484 matre.
1037 463 1091 482 non
1108 460 1198 483 autem
1215 465 1299 483 unum
1311 461 1394 492 atque
1409 458 1533 485 eumdem
1548 459 1661 486 induxe-

878 502 925 532 rit,
943 501 966 528 is
982 502 1015 528 ab
1030 510 1059 528 ea
1082 510 1192 536 quoque
1210 502 1326 530 filiorum
1342 503 1490 538 adoptione
1511 505 1517 519 '
1542 504 1661 538 excidat,

878 555 937 582 qum
952 552 1026 574 recte
1045 547 1221 575 credentibus
1238 549 1371 583 promissa
1381 554 1431 577 est.
1449 549 1578 582 Quamvis
1589 551 1661 577 enim

877 593 938 620 dua:
953 596 1057 620 natura:
1077 594 1132 619 sint
1152 593 1222 620 Deus
1244 597 1270 620 et
1286 594 1376 625 homo,
1393 595 1492 630 quippe
1505 596 1550 630 qui
1571 596 1662 622 anima

879 639 913 665 sit
927 643 954 665 et
969 645 1079 672 corpus,
1098 646 1151 665 non
1170 643 1260 665 tamen
1279 639 1333 666 duo
1351 639 1397 666 lilii
1415 643 1442 666 et
1457 640 1492 667 dii
1510 650 1516 667 :
1531 642 1662 674 quemad-

883 685 988 710 modum
1013 692 1045 711 ne
1057 684 1106 710 'hic
1123 684 1232 719 quidem
1250 685 1303 712 duo
1320 685 1456 717 homines,
1469 687 1575 713 tametsi
1590 686 1663 713 Pau-

878 729 920 757 lus
936 731 967 757 ad
985 730 1057 757 hunc
1073 730 1181 757 modum
1202 731 1336 757 internam
1350 735 1376 758 et
1387 735 1526 758 externam
1542 732 1661 760 hominis

877 779 981 809 partem
1000 776 1175 810 appellaverit
1200 777 1221 802 ¹.
1238 776 1335 811 Atque,
1355 781 1383 802 ut
1403 777 1498 811 paucis
1513 785 1568 804 rem
1584 785 1661 805 com-

879 821 992 856 plectar,
1010 821 1083 848 aliud
1098 822 1207 857 quidem
1229 826 1310 856 atque
1325 822 1398 848 aliud
1413 826 1478 850 sunt
1498 830 1540 855 ea,
1557 830 1589 850 ex
1602 824 1663 859 qui-

879 869 930 896 bus
947 869 1081 899 Salvator,
1168 869 1280 904 (quippe
1300 877 1361 895 cum
1380 877 1432 895 non
1451 869 1519 896 idem
1536 869 1570 896 sit
1589 871 1660 905 quod

877 914 954 942 cerni
970 922 1024 941 non
1041 919 1141 949 potest.
1163 923 1224 941 cum
1240 922 1272 942 eo
1288 913 1359 949 quod
1378 915 1404 941 in
1424 919 1563 949 aspectum
1578 915 1661 948 cadit;

878 964 901 988 et
922 960 993 995 quod
1018 959 1148 996 temporis
1174 968 1272 995 expers
1292 965 1349 992 est,
1370 968 1432 987 cum
1454 968 1485 987 eo
1502 960 1574 995 quod
1597 965 1663 988 tcm-

879 1006 937 1041 pori
953 1006 1062 1041 subest)
1082 1014 1088 1031 ε
1120 1013 1174 1033 ιιοιι
1187 1010 1277 1033 tamen
1291 1007 1361 1033 alius
1378 998 1540 1041 atquelalius
1554 1015 1560 1032 ι
1578 1006 1661 1035 absit.

878 1051 965 1079 Ambo
980 1051 1051 1079 enim
1069 1052 1124 1079 haec
1135 1052 1305 1079 connexione
1317 1061 1401 1079 unum
1415 1058 1489 1085 sunt,
1507 1053 1561 1081 Deo
1578 1054 1661 1081 nimi-

878 1105 937 1124 rum
955 1094 1162 1128 humanitatem,
1175 1101 1255 1132 atque
1268 1097 1377 1125 homine
1389 1097 1556 1126 divinitatem
1572 1099 1663 1126 susci-

878 1142 981 1176 piente,
1008 1146 1054 1169 aut
1079 1150 1242 1176 quocunque
1264 1143 1372 1170 tandem
1390 1143 1499 1171 nomine
1522 1143 1667 1178 quispiam

9 1186 62 1212 uti
101 1185 188 1212 malit.
206 1185 289 1212 Porro
306 1185 379 1212 aliud
396 1189 422 1212 et
438 1185 511 1212 aliud
526 1186 597 1218 dico.
615 1190 712 1214 contra
729 1195 809 1222 quam
829 1187 855 1215 in
870 1188 1003 1216 'l‘rinitate
1017 1197 1060 1216 res
1079 1189 1169 1217 habet.
1185 1190 1241 1217 lllic
1257 1191 1329 1217 enim
1361 1191 1432 1218 alius
1461 1196 1541 1226 atque
1573 1192 1653 1223 alius,

9 1240 54 1258 nc
80 1238 216 1266 personis
229 1230 429 1258 confundamus
444 1239 450 1257 :
463 1238 516 1258 non
531 1236 623 1260 autem
642 1232 715 1259 aliud
748 1238 829 1267 atque
847 1234 932 1266 aliud,

9 1278 101 1304 idem
121 1281 196 1303 sunt.

59 1323 102 1349 Ei’
113 1331 167 1354 τις,
182 1322 219 1353 ὡς
234 1323 262 1348 ὲν
278 1322 405 1357 προφήτῃ
415 1341 422 1351 .
437 1321 511 1356 λέγοι
527 1321 597 1348 κατὰ
613 1321 692 1356 χάριν
708 1322 823 1358 ἐνηργη-

972 1235 1100 1268 quoniam
1126 1235 1177 1262 tria
1205 1236 1293 1270 quoad
1321 1237 1492 1264 divinitatem
1517 1245 1600 1264 unum
1625 1241 1658 1265 et-

907 1319 935 1347 Si
949 1321 1010 1356 quis
1023 1320 1193 1349 divinitatem
1210 1322 1237 1350 in
1253 1330 1296 1356 eo,
1313 1323 1387 1351 velut
1401 1332 1428 1351 In
1445 1325 1588 1361 propheta,
1608 1334 1659 1361 per

10 1370 126 1401 κέναι,
149 1367 217 1394 ἀλλὰ
247 1367 284 1402 μὴ
300 1368 359 1394 κατ’
381 1367 473 1394 οὐσίαν
494 1367 628 1402 συνῆφθαί
647 1375 676 1393 τε
694 1368 741 1394 καὶ
761 1376 824 1395 συν-
871 1374 883 1402 ε

907 1366 986 1393 atiam
1014 1370 1153 1402 operatam
1177 1367 1273 1400 fuisse,
1299 1376 1355 1396 non
1384 1375 1473 1397 autem
1504 1371 1656 1399 secundum

10 1413 177 1446 ἅπτεσθαι,
193 1412 234 1448 εἴη
249 1413 324 1444 κενὸς
337 1413 386 1448 τῆς
400 1413 551 1448 κρείττονος
562 1413 708 1448 ἐνεργείας,
726 1413 824 1448 μᾶλλον
870 1420 883 1439 ε

907 1413 1015 1440 sentiam
1032 1413 1182 1448 copulatam
1200 1414 1284 1442 fuisse
1303 1419 1383 1451 atque
1400 1416 1520 1451 copulari
1546 1417 1655 1449 dixerit,

9 1462 47 1488 δὲ
79 1459 192 1494 πλήρης
216 1459 264 1493 τῆς
286 1459 418 1490 ἐναντίας.
443 1458 476 1484 Εἴ
491 1467 532 1490 τις
552 1458 589 1493 μὴ
613 1459 758 1494 προσκυνεῖ
778 1457 824 1484 τὸν
871 1464 883 1484 l

907 1459 1088 1492 praestantiori
1121 1459 1214 1486 afﬂatu
1235 1468 1339 1489 vacuus
1362 1462 1407 1493 sit,
1438 1463 1492 1489 imo
1515 1463 1655 1490 contrario

15 1504 251 1540 ἐσταυρωμένον,
277 1503 401 1538 ἀνάθεμα
423 1503 505 1535 ἔστω,
535 1504 581 1530 καὶ
606 1503 727 1539 τετάχθω
755 1504 824 1539 μετὰ

15 1552 88 1578 τῶν
106 1550 266 1577 θεοκτόνων.

17 1598 39 1632 ἢ
63 1595 141 1631 μετᾶ
159 1595 190 1622 τὸ
201 1595 350 1630 βάπτισμα,
364 1594 380 1630 ἥ
398 1595 466 1630 μετὰ
480 1595 528 1630 τὴν
545 1596 576 1621 ἐκ
590 1596 695 1631 νεκρῶν
707 1595 824 1622 ἀνάστα-

21 1652 76 1669 σιν
96 1642 232 1673 υἱοθεσίας
247 1641 377 1676 ἠξιῶσθαι
391 1641 475 1675 λέγοι,
494 1641 618 1676 καθάπερ
632 1641 678 1672 οὓς
695 1642 824 1677 ’Έλληνες

18 1687 267 1722 παρεγγράπτους
284 1687 438 1721 εἰσάγουσιν
460 1705 468 1718 ,
544 1687 669 1723 ἀνάθεμα
690 1687 768 1715 ἔστω.
787 1688 824 1715 Te

16 1730 90 1765 γὰρ
120 1730 268 1765 ἠργμένον,
291 1731 307 1766 ἦ
336 1730 503 1766 προκόπτον,
531 1730 548 1766 ἢ
575 1731 774 1765 τελειούμενον,
797 1731 826 1756 οὺ

17 1779 115 1809 Θεὸς,
143 1777 195 1804 κᾶν
223 1778 267 1804 διὰ
293 1778 344 1813 τὴν
370 1778 441 1804 κατὰ
468 1777 568 1813 μικρὸν
595 1777 730 1810 ἀνάδειξιν
758 1776 828 1802 οὕτω

19 1825 162 1858 λέγηται.
178 1824 211 1850 Εἴ
225 1833 266 1855 τις
283 1823 476 1850 ἀποτεθεῖσθαι
499 1822 547 1850 νῦν
563 1823 613 1858 τὴν
638 1823 719 1857 ἁγίαν
738 1823 829 1857 σάρκα

20 1871 121 1904 λέγοι.
142 1870 188 1896 καὶ
203 1870 310 1905 γυμνὴν
324 1867 393 1896 εἶναι
411 1870 460 1904 τὴν
486 1869 600 1904 θεότητα
616 1868 665 1896 τοῦ
689 1869 829 1904 σώματος,

22 1917 106 1944 ἀλλὰ
132 1916 169 1951 μὴ
195 1917 264 1951 μετὰ
292 1917 339 1943 τοῦ
362 1917 578 1951 προολήμματος
605 1915 654 1943 καὶ
680 1915 762 1948 εἶναι,
781 1917 828 1942 καὶ

22 1967 124 2001 ἥξειν,
147 1965 183 1999 μὴ
199 1965 248 1991 ἴδοι
266 1965 315 2000 τὴν
337 1964 416 1997 δόξαν
429 1964 478 1999 τῆς
492 1964 646 2000 παρουσίας
665 1963 760 1990 αὐτοῦ.
776 1963 829 1990 [Ιοῦ

22 2013 94 2047 γὰρ
119 2011 150 2036 τὸ
167 2011 248 2045 σῶμα
273 2010 331 2044 νῦν,
346 2010 371 2037 εἰ
390 2010 427 2045 μὴ
446 2010 515 2045 μετὰ
538 2010 586 2036 τοῦ
610 2009 827 2045 προσλαϐόντος

22 2059 61 2085 οὐ
91 2056 147 2090 γὰρ
168 2056 201 2091 δὴ
220 2056 290 2082 κατά
310 2056 373 2087 τοὺς
400 2056 558 2090 Μανιχαίων
579 2055 681 2090 λήρους
704 2054 743 2089 τῷ
761 2054 830 2090 ἡλίῳ

23 2101 253 2134 ἐναποτὲθειται,
288 2102 331 2128 ῖνα
364 2101 469 2137 τιμηθῇ
497 2102 542 2128 διὰ
573 2101 624 2136 τῆς
653 2101 784 2136 ἀτιμίας·
812 2101 828 2136 ἦ

24 2150 75 2180 εἰς
103 2147 149 2173 τὸν
169 2147 238 2182 ἀέρα
259 2147 345 2182 ἐχέθη
364 2149 412 2173 καὶ
435 2146 556 2181 διελύθη,
574 2147 611 2178 ὡς
628 2147 719 2181 φωνῆς
738 2146 831 2180 φύσις,

24 2188 84 2214 καὶ
101 2185 185 2221 ὀδμῆς
204 2180 291 2220 ῥύσις,
307 2180 353 2211 καὶ
369 2185 512 2220 ἀστραπῆς
528 2185 627 2220 δρόμος
646 2180 826 2219 οὐχῒσταμέ-
841 2180 882 2217 Dj

907 2187 950 2210 xta
967 2183 1175 2209 Manichaeorum
1194 2182 1287 2208 deliria

24 2239 97 2266 νης.
120 2229 174 2256 Ποῦ
194 2230 222 2256 δὲ
247 2230 292 2256 καὶ
314 2230 344 2255 τὸ
368 2229 560 2264 ψηλαφηθῆναι
584 2229 663 2256 αὐτὸν
687 2229 755 2263 μετὰ
777 2229 826 2263 τὴν

26 2277 195 2306 ἀνάστασιν,
211 2275 226 2310 ἦ
242 2274 408 2310 ὀφθήσεσθαί
426 2283 489 2301 ποτε
505 2274 557 2300 ὑπὸ
577 2273 630 2300 τῶν
645 2273 826 2307 ὲκκεντησάν-

26 2331 106 2354 των;
126 2321 221 2356 θεότης
245 2320 298 2356 γὰρ
324 2320 384 2346 καθ’
407 2320 506 2352 ἑαυτὴν
532 2320 655 2355 ἀόρατος.
679 2318 746 2344 Ἀλλ’
767 2318 826 2353 ἥξει

29 2368 89 2404 μὲν
108 2366 177 2401 μετὰ
194 2366 240 2392 τοῦ
261 2365 396 2400 σώματος,
416 2366 452 2397 ὡς
468 2364 533 2399 ἐμὸς
551 2364 638 2397 λόγος.
661 2363 779 2394 τοιοῦτος
798 2363 825 2389 δὲ

27 2411 93 2443 οἷος
106 2411 183 2446 ὤφθη
200 2412 256 2442 τοῖς
272 2411 403 2445 μαθηταῖς
422 2411 449 2436 ἐν
469 2409 507 2444 τῷ
524 2410 591 2445 opst,
614 2409 630 2444 ἢ
650 2408 823 2443 παρεδείχθη,

28 2455 229 2491 ὖπερνικὼσης
251 2456 280 2482 τὺ
303 2456 412 2491 σαρκίον
437 2455 485 2490 τῆς
510 2454 642 2489 θεότητος.
668 2453 772 2489 Ὥσπερ
797 2453 825 2480 δὲ

28 2502 125 2530 ταῦτα
141 2501 255 2536 λέγομεν
271 2500 518 2535 ἀποσκευαζόμενοι
535 2500 583 2535 τὴν
601 2499 739 2531 ὑπόνοιαν,
755 2499 826 2525 οὕτω

30 2549 153 2576 κάκεῖνα
167 2548 308 2582 γράφομεν
319 2547 502 2583 διορθούμενοι
514 2547 562 2582 τὴν
576 2545 760 2581 καινοτομίαν.

871 1501 1025 1538 impleatur.
1040 1503 1067 1530 Si
1080 1504 1141 1538 quis
1153 1504 1314 1531 crucifixum
1327 1513 1380 1532 non
1392 1506 1497 1537 adorat,
1509 1507 1654 1534 anathema

353 1548 386 1577 ΒΞ
399 1558 439 1581 τις
456 1550 485 1582 ἐξ
500 1549 587 1583 ἔργων
603 1550 822 1585 τετελειωμένον,
836 1545 856 1572 (Ι
871 1556 883 1576 s

911 1568 918 1581 ,
940 1552 1023 1583 atque
1049 1549 1076 1575 in
1098 1557 1193 1576 eorum
1211 1550 1257 1584 qui
1275 1549 1358 1577 Deum
1384 1551 1582 1578 interemerunt
1605 1560 1656 1578 nu-

871 1602 974 1621 merum
989 1594 1153 1622 aseribatur.
1169 1594 1197 1622 Si
1209 1596 1271 1629 quis
1284 1603 1344 1622 cum
1366 1605 1399 1623 ex
1412 1597 1541 1632 operibus
1569 1597 1657 1632 perfe-

872 1644 945 1668 ctum
955 1639 1049 1672 fuisse,
1060 1644 1106 1668 aut
1118 1644 1179 1675 post
1190 1641 1366 1676 baptismum,
1375 1643 1416 1669 vel
1428 1644 1659 1671 resurrectionem

871 1694 886 1713 a
901 1687 1027 1716 mortuis.
1050 1687 1077 1714 in
1103 1686 1188 1714 lilium
1206 1687 1363 1720 adoptatum
1389 1687 1506 1716 dixerit.
1525 1690 1658 1724 quemad-

873 1733 982 1760 modum
998 1741 1067 1767 quos
1078 1732 1164 1759 (ιιποὶ
1177 1731 1347 1766 ascriplitios
1358 1731 1503 1762 inducunt,
1514 1731 1658 1758 anathema

873 1778 918 1805 sit.
936 1777 1028 1812 Neque
1044 1779 1116 1805 enim
1133 1777 1171 1808 id,
1184 1777 1257 1812 quod
1278 1776 1385 1803 initium
1405 1776 1512 1808 habuit,
1534 1780 1581 1802 aut
1597 1783 1659 1810 pro-

873 1822 938 1852 ﬁcit.
960 1826 1006 1848 aut
1027 1821 1177 1856 perficitur,
1198 1820 1270 1848 Deus
1287 1824 1329 1848 est
1348 1828 1354 1845 :
1381 1821 1490 1848 tametsi
1509 1821 1565 1847 haec
1579 1820 1611 1847 de
1625 1828 1658 1848 eo

873 1866 977 1893 idcirco
1001 1866 1139 1898 dicantur,
1155 1866 1227 1901 quod
1251 1865 1382 1901 paulatim
1407 1873 1467 1893 sese
1487 1865 1657 1900 patefecerit.

874 1912 903 1939 Si
927 1912 988 1947 quis
1011 1915 1133 1938 sanctam
1163 1918 1273 1938 carnem
1304 1918 1378 1938 nunc
1401 1911 1553 1945 depositam
1583 1918 1657 1942 esse,

874 1957 1030 1992 nudamque
1058 1964 1090 1983 ac
1116 1963 1233 1991 corpore
1259 1963 1374 1982 vacuam
1398 1954 1568 1982 divinitatem
1584 1963 1657 1988 esse,

874 2010 928 2030 non
943 2007 1033 2029 autem
1057 2009 1118 2030 eum
1146 2005 1287 2036 assumpta
1305 2009 1398 2032 carne,
1416 2005 1443 2028 et
1459 2009 1531 2032 esse,
1550 2005 1577 2028 et
1591 2010 1659 2028 vena

875 2053 962 2075 turam
986 2054 1047 2075 esse
1073 2047 1183 2079 dixerit,
1208 2047 1341 2074 adventus
1367 2046 1440 2073 illius
1469 2046 1582 2081 gloriam
1602 2053 1658 2073 non

875 2096 978 2119 cernat.
1000 2091 1052 2118 Ubi
1067 2092 1138 2119 enim
1155 2099 1227 2118 nunc
1252 2099 1351 2126 corpus
1370 2090 1462 2123 fuerit,
1476 2091 1527 2118 nisi
1543 2097 1604 2117 cum
1626 2096 1658 2117 ea

877 2141 988 2168 natura.
1003 2145 1017 2164 a
1036 2145 1089 2172 qua
1104 2140 1274 2171 assumptum
1292 2136 1352 2163 est?
1374 2135 1431 2162 Non
1454 2136 1526 2163 enim
1554 2135 1659 2163 scilicet

1368 2181 1418 2208 soli
1437 2180 1592 2215 imposltnnl
1604 2184 1657 2212 est,

876 2232 905 2255 ut
921 2236 968 2263 per
986 2229 1106 2256 dedecus
1122 2229 1272 2254 honoretur
1288 2236 1294 2253 :
1313 2231 1357 2253 aut
1377 2227 1402 2253 in
1418 2234 1507 2253 aerem
1529 2227 1618 2254 fusum
1631 2230 1658 2253 et

875 2274 1038 2301 dissolutum
1052 2278 1104 2306 est,
1120 2279 1148 2300 ut
1163 2274 1237 2301 vocis
1253 2278 1361 2306 natura,
1377 2277 1403 2300 et
1416 2272 1508 2300 odoris
1524 2271 1617 2305 ﬂuxio,
1631 2275 1659 2299 et

876 2319 992 2354 fulguris
1019 2326 1117 2346 cursus
1145 2319 1258 2346 minime
1284 2317 1473 2346 consistentis.
1501 2316 1552 2344 Ubi
1573 2317 1657 2344 etiam

875 2364 942 2391 illud
967 2371 1099 2399 ponemus
1136 2364 1208 2399 quod
1245 2364 1302 2399 ipse
1334 2367 1395 2398 post
1428 2363 1657 2390 resurrectionem

877 2413 1019 2437 contactus
1038 2409 1123 2438 fuisse
1145 2410 1276 2437 scribitur
1304 2414 1326 2442 ³,
1352 2415 1399 2436 aut
1416 2409 1449 2436 ab
1465 2409 1509 2439 iis.
1529 2415 1543 2435 a
1557 2408 1658 2443 quibus

878 2452 1051 2480 confixusest
1065 2453 1075 2469 ⁸
1091 2473 1098 2486 ,
1111 2454 1259 2488 aliquando
1273 2453 1427 2481 videbitur?
1438 2452 1569 2480 Divinitas
1585 2453 1657 2479 enim

876 2506 923 2533 per
941 2506 970 2525 se
988 2499 1130 2525 oculorum
1159 2500 1283 2526 obtutum
1308 2499 1386 2533 fugit.
1404 2497 1503 2525 Verum
1519 2505 1580 2524 cum
1596 2504 1658 2524 cor-

876 2552 942 2580 pore
955 2544 1075 2579 quidem,
1094 2547 1124 2571 ut
1141 2545 1241 2576 sentio,
1260 2544 1365 2575 veniet;
1385 2544 1448 2571 talis
1470 2549 1570 2575 autem,
1588 2549 1656 2577 qua-

30 2595 69 2623 lis
87 2593 232 2628 discipulis
244 2595 271 2621 in
290 2599 381 2621 monte
399 2594 535 2629 apparuit,
551 2597 598 2620 aut
618 2593 705 2620 obiter
718 2596 846 2620 ostensus
865 2596 907 2619 est.
929 2595 953 2623 ⁵,
970 2591 1115 2619 divinitate
1130 2599 1239 2620 carnem
1255 2595 1411 2626 superante.
1425 2589 1658 2623 Quemadmodum

31 2644 129 2669 autem
146 2638 203 2666 hmo
227 2639 386 2668 amolienda
409 2639 577 2675 suspicionis
601 2645 684 2666 causa
704 2638 833 2671 dicimus,
853 2637 892 2666 sic
907 2638 952 2665 illa
970 2645 1079 2673 quoque
1097 2637 1252 2674 corrigendi
1268 2637 1330 2666 novi
1352 2636 1454 2665 erroris
1476 2635 1566 2663 studio
1587 2635 1657 2662 scri-

31 2687 142 2715 bimus.

65 2826 76 2842 ¹
99 2825 198 2858 Eplics.
215 2835 234 2857 ι,
253 2830 277 2856 5.

23 2863 37 2878 ⁵
50 2861 151 2889 Matth.
167 2869 232 2895 xm,
245 2864 272 2890 ‘z.

340 2829 349 2844 '
367 2828 377 2855 l
392 2827 454 2857 Cor.
470 2836 515 2862 xv,
532 2829 583 2861 45;
603 2829 625 2857 ll
641 2830 704 2859 Cor.
719 2837 757 2864 ιν,
779 2829 828 2864 Ιϋς
845 2830 946 2866 Ephes.
962 2840 1006 2866 ιιι,
1023 2831 1067 2860 16.

1121 2831 1130 2847 ³
1150 2832 1216 2860 Luo.
1232 2839 1306 2866 xxav,
1322 2831 1367 2860 39.
1428 2832 1437 2848 ⁸
1455 2831 1540 2859 Zach.
1556 2838 1607 2864 xu,
1620 2829 1664 2858 ω.
