1873 3076
3 122 90 153 989:
496 125 683 156 PANOPLIA
700 126 926 159 DOGMATICA.
945 139 980 148 -
999 128 1064 158 Tl'l‘
1095 129 1171 162 XIV.
1603 131 1662 164 ειη

3 180 246 214 ἑκοῗιιιῖομένων,
262 180 322 206 οὕτε
345 182 398 208 τῶν
415 182 551 217 αῐδθητῶν
565 184 767 220 ἐλαττουμένων

909 193 972 212 num
986 194 1081 214 vocum
1096 189 1169 215 auris
1182 196 1233 216 una
1250 196 1332 224 capax
1344 194 1396 222 est,
1408 196 1435 218 et
1452 192 1596 220 multorum
1609 202 1656 222 ora

3 225 42 247 τέὖ
58 225 135 258 ἤθει
151 226 200 261 τῆς
217 227 396 262 ἀντιλήψεως.

909 232 969 259 dem
990 234 1121 267 aspectari
1143 235 1228 261 oculis
1246 241 1374 270 possunt,
1391 238 1542 273 odoresque
1556 239 1657 267 olfactu

3 271 129 319 "mlom
143 272 255 306 percipi,
270 273 305 299 ita
323 279 350 300 ut
367 282 418 302 nec
434 282 530 302 sensus
544 280 638 303 mutuo
652 277 876 312 comprimantur,
894 278 935 305 vel
950 279 1129 306 extrudantur
1143 301 1150 312 ,
1166 288 1215 307 nec
1232 289 1274 308 res
1291 283 1404 310 semiles
1424 284 1458 311 oh
1477 271 1658 319 perceptionis

3 319 140 350 :upiam
158 319 364 347 imminuantur.

44 373 122 399 Ποῦ
148 373 175 399 δὲ
196 374 243 400 καὶ
268 373 370 404 τέλειος
396 373 458 406 νοῦς
487 375 633 408 ἀνθρώπου
655 374 670 410 ἦ
696 375 822 409 ἀγγέλου,

3 417 174 452 πυγκρίσει
190 417 324 452 θεότητος,
348 417 391 444 ἵνα
405 418 435 444 τὸ
449 418 541 454 ἕτερον
558 419 667 454 ἐκθλιϐῇ
687 419 823 455 παρουσίᾳ

3 463 56 488 τοῦ
86 463 231 498 μείζονος
243 462 303 489 οὐδὲ
320 463 372 498 γὰρ
384 463 454 499 eam
469 472 494 489 τι
578 464 646 499 πρὸς
660 464 745 498 ἥλιον,
762 465 822 490 οὐδὲ

3 509 92 540 loti;
106 508 191 543 ὀλίγη
208 508 275 544 πρὸς
292 509 427 542 ποταμὸν,
449 509 492 535 ἴνα
507 509 540 535 τὰ
562 509 647 544 μικρὰ
666 510 821 545 προανέλω-

178 553 252 580 οῐκου
271 553 320 588 μὲν
335 554 432 589 αὐγὴν,
450 554 502 589 γῆς
519 554 547 581 δὲ
568 555 668 586 νοτίδα,
685 555 733 582 καὶ
751 553 822 581 οὕτω

3 598 142 634 ζωρηοῇ
160 599 193 625 τὰ
210 599 294 634 μείζω
312 599 357 625 καὶ
375 599 535 634 τελεώτερα.
555 600 616 632 Πῶς
629 600 684 636 γὰρ
702 601 823 636 χωρήσει

3 645 56 670 :39
81 644 192 675 τέλεια,
210 642 284 676 οἶκος
300 645 348 680 μὲν
364 645 452 680 αὐγὴν
467 646 514 672 καὶ
531 646 617 681 ἥλιον,
636 646 672 681 γῆ
688 647 716 673 δὲ
733 647 823 673 νοτίὶῖκι⁸

3 691 57 716 (αἱ
86 691 227 726 ποταμὸν,
247 691 326 717 τοῦτο
345 690 564 726 διασκεψώμεϐαθ
583 692 630 718 καὶ
651 692 704 728 γὰρ
722 692 822 727 πολλῆς

3 745 112 768 uth
133 737 164 762 τὸ
179 737 294 772 πρᾶγμα
305 737 445 772 φροντίδος
458 737 541 769 ἄξιον.
559 738 594 764 Ἣ
611 739 767 772 ἀγνοοῦσιν,
781 739 823 765 ὅτι

3 783 31 808 ιδ
61 782 148 817 πρός
169 791 194 808 τι
214 782 316 809 τέλειον
337 782 405 818 πρὸς
430 783 523 817 ἓτερον
545 784 647 815 ἀτελὲς,
673 785 710 816 ὡς
728 784 822 820 βουνὸς

3 830 95 862 τρὸς
116 829 191 864 ὅρος,
211 830 257 855 καὶ
277 829 375 861 κόκκος
399 830 500 862 νάπυος
526 831 594 867 πρὸς
617 831 732 867 κύαμον,
759 833 776 867 ἦ
795 841 822 858 τι

3 875 86 900 illo
113 874 170 900 τῶν
193 875 321 909 μειζόνων
342 876 516 911 σπερμάτων,
540 877 592 903 κᾶν
611 877 664 903 τῶν
683 878 822 912 ὁμογενῶν

3 921 123 952 μεῖζον
142 919 264 955 λέγηται·
281 922 306 947 ει
317 921 344 947 δὲ
359 921 458 956 βούλει,
475 922 522 948 καὶ
537 922 652 956 ἄγγελος
662 923 730 954 πρὸς
745 923 821 957 Θεὸν,

3 967 57 993 ταὶ
88 966 168 1001 πρὸς
186 965 300 1000 ἄγγελον
319 966 476 1001 ἄνθρωποςς
497 967 603 994 Τέλειον
623 966 670 994 οὖν
691 968 774 1003 ἡμέτε

907 968 970 994 llata
982 967 1103 1002 perfecta
1121 972 1174 999 est,
1188 967 1302 994 alterius
1317 967 1423 994 ratione
1438 966 1597 1001 imperfecta
1614 967 1660 999 sit,

3 1012 96 1043 ιοῦς,
115 1012 167 1038 καὶ
178 1012 353 1047 ἡγεμονικὸν,
372 1013 440 1039 ἀλλὰ
455 1013 543 1049 ψυχῆς
561 1014 607 1040 καὶ
621 1013 756 1048 σώματος,
773 1025 776 1038 ς

925 1013 1004 1039 collis
1024 1020 1087 1040 cum
1108 1017 1201 1039 monte
1223 1012 1351 1044 collatus,
1368 1016 1395 1038 et
1419 1019 1534 1047 granum
1556 1011 1661 1046 sinapis

3 1058 122 1088 ιπλῶς
141 1058 255 1090 τέλειον,
276 1058 344 1084 Θεοῦ
362 1058 389 1085 δὲ
407 1059 498 1085 δοῦλον
516 1059 563 1086 καὶ
581 1053 744 1095 ὑποχείριον,
765 1061 776 1087 d

911 1066 936 1085 m
953 1057 1024 1090 faba,
1040 1062 1085 1085 aut
1099 1058 1153 1084 alio
1168 1058 1297 1092 quopiam
1313 1057 1408 1092 majori
1424 1057 1540 1089 semine,
1553 1056 1661 1084 etiamsi

3 1105 31 1130 ιὺ
53 1103 299 1138 συνηγεμονικὺν,
314 1103 373 1129 οὐδὲ
386 1104 528 1139 ὁμότιμον.
544 1104 620 1131 Ἐπεὶ
633 1105 679 1131 καὶ
694 1105 776 1131 Μωΰσ

906 1113 919 1135 ι,
934 1111 994 1138 quae
1007 1103 1130 1137 ejusdem
1151 1107 1215 1130 sunt
1227 1103 1346 1138 generis,
1365 1103 1454 1137 majus
1466 1102 1574 1130 dicatur
1588 1111 1594 1128 :
1612 1110 1661 1129 an-

3 1147 126 1183 ἱναρτιὼ
138 1147 190 1182 μὲν
201 1146 269 1179 Θεὸς,
281 1148 352 1174 Θεοῦ
360 1148 389 1174 δὲ
400 1148 536 1183 θεράπων,
553 1149 591 1180 ὡς
603 1149 776 1185 ἀναγέγραπτ

907 1150 949 1176 lus
963 1150 1045 1176 etiam
1067 1149 1089 1176 si
1107 1149 1144 1175 ita
1166 1149 1254 1180 luhet,
1278 1156 1339 1175 cum
1359 1148 1425 1180 Deo,
1449 1152 1475 1175 et
1495 1148 1577 1175 homo
1599 1155 1661 1175 cum

3 1195 56 1221 (αἱ
83 1193 210 1228 ἀστέρες
225 1194 309 1220 νύκτα
330 1195 379 1229 μὲν
398 1195 616 1230 περιλάμπουσιν
630 1214 638 1226 ,
710 1196 776 1231 ἡλίῳ

906 1194 990 1228 ιεζοιοῖ
1001 1193 1137 1226 Quocirca
1149 1201 1226 1221 mens
1239 1198 1346 1223 nostra,
1360 1193 1481 1227 perfecta
1492 1193 1538 1219 illa
1550 1192 1662 1227 quidem

3 1241 214 1275 ερύπτονται,
227 1239 278 1271 ὡς,
294 1239 354 1274 μηδ’
369 1240 411 1266 ὅτι
425 1240 510 1272 εἰσὶν,
526 1240 616 1276 ἡμέρᾳ
631 1240 776 1276 γνωρίζεσε

906 1243 927 1271 t,
949 1242 976 1266 et
994 1239 1179 1274 principatum
1202 1243 1287 1270 tenet,
1309 1246 1405 1266 verum
1434 1239 1462 1265 in
1488 1238 1608 1264 animam
1633 1241 1661 1264 et

3 1286 58 1312 (αἱ
86 1284 210 1319 λαμπὰς
224 1285 300 1320 ὀλίγη
324 1285 430 1320 μεγάλῃ
448 1285 571 1320 πυρκαϊᾷ
660 1294 776 1321 προσχωι

906 1292 993 1320 rpus;
1009 1293 1064 1312 non
1080 1289 1171 1312 autem
1195 1285 1355 1320 simpliciter
1371 1284 1510 1320 perfecta;
1529 1283 1575 1312 Dei
1596 1291 1662 1311 vero

3 1338 110 1361 κισ-α,
130 1327 198 1355 οὔτε
215 1328 378 1360 ἀπόλλυται,
396 1328 457 1355 οὒτε
473 1326 608 1363 φαίιῖεται,
627 1329 688 1356 οὔτε
707 1330 775 1366 χωρί

907 1339 954 1358 rva
972 1335 1000 1358 et
1025 1331 1134 1357 subdita
1159 1334 1211 1362 cst,
1230 1338 1283 1357 non
1308 1329 1480 1365 principatus
1498 1330 1584 1359 socia.
1611 1336 1660 1356 nec

3 1385 53 1402 παι
87 1370 109 1406 Δ,
199 1373 256 1401 ἀλλ’
276 1375 336 1402 ὅλον
357 1375 415 1401 ἐστὶ
437 1375 558 1410 πυρκαϊὰ
583 1393 591 1406 ,
670 1375 718 1402 τοῦ
737 1376 776 1402 ὑπ

906 1375 933 1402 τί
952 1375 1057 1402 honore
1075 1375 1199 1410 prardita.
1213 1374 1442 1409 Quandoquidem
1456 1374 1538 1401 etiam
1559 1373 1660 1404 Moses,

3 1423 135 1455 ἔχοντος
155 1419 358 1455 ὲκνικήσαντος.

907 1421 1025 1447 iaraonis
1037 1421 1148 1455 quidem
1159 1420 1226 1448 deus
1249 1422 1270 1451 ',
1280 1420 1326 1447 Dei
1340 1423 1430 1446 autem
1445 1418 1564 1446 famulus
1576 1423 1618 1446 est
1639 1422 1660 1450 ',

3 1470 30 1492 ιι
67 1463 200 1491 Litteris
227 1465 315 1492 sacris
339 1464 478 1499 proditum
504 1464 639 1498 habetur;
660 1469 688 1492 et
707 1465 794 1492 stellae
811 1471 918 1493 noctem
936 1466 1093 1500 illustrant,
1111 1474 1126 1493 a
1141 1467 1199 1493 sole
1215 1471 1304 1494 autem
1320 1466 1505 1499 occultantur,
1521 1466 1558 1493 ita
1574 1470 1603 1492 ut
1617 1466 1660 1492 in-

4 1512 112 1539 erdiu
138 1518 177 1538 ne
195 1519 241 1539 eas
269 1512 380 1546 quidem
405 1519 467 1539 esse
495 1512 608 1546 agnosci
634 1512 742 1546 possit;
769 1515 796 1539 et
823 1513 920 1548 exigua
943 1514 1056 1541 lucerna
1081 1520 1180 1548 magno
1205 1513 1340 1540 accedens
1368 1520 1484 1540 accenso
1511 1520 1588 1548 rogo,
1611 1520 1660 1540 nec

3 1557 225 1592 :xstiuguitur,
241 1565 293 1585 nec
307 1558 388 1590 lucet,
413 1564 463 1584 nec
483 1557 663 1592 disjungitur,
681 1557 729 1585 sed
751 1561 840 1584 totum
859 1565 943 1594 rogus
962 1562 1005 1586 est
1027 1565 1060 1585 ac
1075 1557 1195 1592 ﬂamma,
1216 1562 1366 1592 superante
1387 1558 1517 1585 nimirum
1535 1565 1568 1585 eo
1588 1557 1659 1593 quod

3 1603 205 1634 )rzestanlius
220 1606 270 1630 est.
595 1603 600 1606 '

45 1649 153 1676 Ἀλλὰ
178 1648 350 1684 κατάκριτος,
375 1648 468 1684 φησὶν,
493 1649 507 1675 ὁ
526 1648 660 1683 ἡμέτερος
682 1648 755 1679 νοῦς.

906 1647 940 1674 At
955 1654 1031 1675 mens
1045 1651 1148 1680 nostra,
1161 1646 1258 1682 inquit,
1274 1647 1403 1674 damnata
1413 1651 1465 1675 est.
1482 1647 1552 1681 Quid
1565 1653 1656 1678 autem

3 1698 48 1722 ἰαὶ
73 1696 97 1729 ἡ
119 1693 209 1728 σάρξς
235 1694 265 1720 οὺ
292 1694 475 1729 κατάκριτοςς
505 1694 540 1719 Ἥ
562 1693 609 1719 καὶ
630 1693 733 1728 ταύτην
750 1694 776 1719 ἀι

906 1693 952 1720 ro?
978 1700 1070 1720 annon
1098 1692 1244 1720 damnata’
1271 1692 1362 1726 Quare
1391 1697 1438 1720 aut
1462 1694 1531 1721 hanc
1552 1702 1659 1730 quoque

3 1742 165 1768 ςκεὺεισαι
179 1739 222 1765 διὰ
232 1739 281 1775 τὴν
296 1739 442 1774 ἁμαρτίαν,
460 1739 476 1774 ἣ
492 1739 618 1766 κάκεῖνον
702 1737 776 1770 πρόσ‹

906 1741 983 1772 opter
1006 1743 1147 1772 peccatum
1168 1737 1267 1772 ahjice,
1295 1741 1342 1764 aut
1363 1738 1438 1765 illam
1455 1740 1538 1766 etiam
1551 1743 1659 1775 propter

3 1787 51 1813 ῐιὰ
74 1785 137 1820 τὴν
168 1785 314 1820 σωτηρίαν.
334 1785 365 1811 Εἰ
382 1785 412 1810 τὸ
435 1786 527 1820 χεῖρον
551 1783 762 1819 προσείληπται,

906 1783 986 1810 lutem
1001 1784 1130 1818 adjunge.
1147 1783 1176 1810 Si
1195 1782 1269 1817 quod
1287 1783 1408 1810 deterius
1423 1788 1476 1816 est,
1489 1788 1659 1820 assumptum

3 1831 151 1866 'tytaafr'r‘}
168 1829 212 1856 διὰ
226 1830 275 1865 τῆς
292 1830 466 1866 σαρκώσεως,
491 1830 522 1856 τὸ
539 1831 664 1865 κρεῖττον
679 1830 710 1856 οὐ
735 1838 776 1864 πρε

906 1831 924 1860 t,
950 1832 981 1854 ut
1007 1835 1056 1862 per
1087 1827 1306 1855 incarnationem
1331 1829 1539 1863 sanctilieetur;
1555 1837 1659 1864 annon,

3 1877 211 1914 εηφοήσεται,
228 1877 260 1902 ἶν’
279 1876 394 1911 ἁγιασοῇ
411 1876 455 1902 διὰ
469 1876 519 1910 τῆς
533 1876 776 1911 ἐνανορωπήσεωςς

910 1873 943 1900 od
956 1873 1133 1908 praestantius
1147 1878 1199 1906 est,
1216 1878 1383 1905 assumetur,
1398 1877 1427 1900 ut
1437 1882 1484 1908 per
1504 1875 1658 1903 humanita-

3 1940 9 1952 .
31 1923 144 1958 πηλὸς
163 1921 290 1957 ἐζυμώθη
318 1923 364 1949 καὶ
378 1923 437 1948 νέον
457 1922 573 1958 φύραμα
593 1921 715 1955 γέγονεν,
737 1917 759 1947 ὦ

906 1937 907 1941 η
934 1919 1137 1953 suaceptionem
1166 1920 1312 1947 sanctitate
1345 1918 1500 1946 afﬁciatur?
1522 1919 1550 1947 Si
1572 1921 1659 1949 lutum

3 1972 70 2006 μοὶ,
101 1970 122 2003 ἡ
141 1967 224 1994 εἰκὼν
246 1969 276 1995 οὐ
294 1968 496 2003 ζυμωοήσεται,
517 1968 564 1994 καὶ
581 1967 649 2003 πρὸς
671 1966 737 1993 Θεὸν
756 1966 776 1992 ἀ¹

906 1969 1063 1991 'mentatum
1085 1969 1167 1997 est,o
1187 1965 1325 1999 sapientes
1352 1965 1416 1997 viri,
1437 1973 1470 1993 ac
1496 1973 1567 1993 nova
1590 1975 1659 1994 con-

3 2015 199 2052 ιραοήσεται
228 2031 235 2041 .
314 2013 446 2040 οεωθεῖσα
462 2013 508 2039 διὰ
532 2013 582 2047 τῆς
603 2012 744 2047 θεότητος;
762 2012 776 2038 14

906 2010 978 2038 ersio
991 2011 1097 2038 exstitit
1132 2010 1155 2044 ',
1183 2011 1272 2046 imago
1290 2011 1349 2045 ipsa
1367 2018 1421 2038 non
1437 2011 1659 2047 fermentahitur,

3 2063 98 2089 κεῖνο
120 2058 153 2084 δὲ
244 2059 449 2094 προσθήσομεν·
467 2059 490 2084 εὶ
505 2058 664 2084 διέπτυσται
683 2057 776 2084 πάντω

908 2063 971 2083 cum
983 2055 1039 2083 Deo
1054 2056 1261 2091 temperabitur,
1275 2064 1322 2091 per
1333 2056 1505 2084 divinitatem
1523 2058 1659 2088 deificata‘l

3 2107 77 2137 νοῦς
103 2105 146 2135 ὡς
165 2104 348 2139 ἀμαρτητικός
362 2104 409 2131 καὶ
424 2103 600 2139 κατάκριτος,
618 2102 665 2129 καὶ
679 2102 724 2129 διὰ
743 2103 776 2128 το³

906 2101 942 2128 lin
957 2101 1010 2128 hoc
1036 2109 1144 2136 quoque
1164 2102 1327 2137 adjiciemus
1341 2111 1347 2128 2
1365 2104 1388 2130 si
1404 2111 1493 2135 mens,
1518 2107 1548 2131 ut
1562 2112 1656 2139 pecca-

3 2154 108 2187 ςὼμσ.
140 2149 191 2183 μὲν
216 2150 424 2184 προσείληπται,
455 2149 516 2181 νοῦς
541 2149 569 2175 δὲ
596 2148 776 2184 παραλέλειπι

907 2155 925 2174 x
943 2151 970 2175 et
985 2147 1123 2180 damnata,
1148 2148 1260 2175 omnino
1285 2152 1377 2183 spreta
1391 2153 1418 2176 et
1434 2149 1536 2184 reiecta
1555 2155 1608 2183 est,
1623 2150 1659 2179 ob

3 2194 183 2231 ςυγγνώμη
204 2196 261 2226 τοῖς
277 2195 402 2222 πταίουσι
422 2195 486 2230 περὶ
501 2194 573 2222 νοῦν.
598 2194 743 2229 Μαρτυρία
767 2202 776 2228 ί]

906 2200 986 2228 mque
1000 2200 1112 2220 causam
1137 2193 1240 2221 omissa
1257 2198 1349 2221 mente
1365 2201 1467 2229 corpus
1485 2199 1658 2230 assumptum

3 2241 88 2270 ιοεηῦ
120 2238 193 2264 κατὰ
216 2239 246 2265 σὲ
342 2239 436 2273 σαφῶς
452 2239 536 2272 ἔδειξε
551 2239 582 2266 τὸ
603 2239 652 2274 τῆς
673 2239 775 2273 θεραπε

906 2241 922 2270 t,
939 2238 1043 2272 ignosci
1077 2239 1170 2273 utique
1191 2246 1239 2274 par
1258 2243 1299 2267 est
1314 2240 1358 2272 iis,
1379 2241 1426 2275 qui
1449 2240 1522 2268 circa
1539 2246 1657 2269 mentem

3 2288 174 2315 ὶδύνατον.
190 2285 267 2311 Εἴπω
289 2284 320 2311 τὸ
343 2285 451 2320 μεῖζον·
476 2285 509 2311 σὺ
532 2285 581 2320 μὲν
603 2284 648 2310 διὰ
665 2284 745 2310 τοῦτο
760 2285 776 2311 ὰ

906 2289 993 2310 ccam.
1018 2282 1064 2310 Dei
1094 2283 1167 2311 enim
1192 2284 1363 2316 testimonio,
1385 2285 1419 2313 de
1444 2289 1490 2312 tua
1510 2287 1658 2320 sententia,

3 2334 138 2365 ιάζεις,
175 2327 197 2356 ὦ
231 2330 363 2365 βέλτιστε,
395 2331 441 2357 τὸν
468 2330 534 2365 ἐμὸν
554 2329 616 2357 νοῦν
648 2330 695 2365 (ὡς
720 2338 776 2364 cap:

906 2333 964 2357 crte
974 2330 1193 2357 demonstratum
1207 2335 1259 2363 est,
1274 2338 1333 2358 eam
1350 2332 1425 2359 nulla
1442 2332 1550 2360 ratione
1565 2333 1657 2361 curari

3 2381 142 2414 ιάτρης,
153 2374 232 2411 εἴπερ
244 2375 473 2410 ἀνθρωπολάτρης
481 2375 537 2409 ἐγώ
560 2389 568 2402 ν
629 2375 673 2402 ἵνα
684 2375 776 2411 συνδής

907 2383 961 2403 sse.
982 2375 1117 2403 'Dicamne
1140 2377 1213 2411 quod
1233 2377 1321 2411 majus
1339 2378 1395 2405 est?
1407 2377 1446 2405 Tu
1467 2379 1587 2414 quidem.
1609 2387 1658 2414 op-

3 2429 83 2454 9sbv
105 2423 180 2460 πρὸς
193 2423 292 2458 σάρκα,
307 2422 344 2454 ὡς
360 2421 410 2448 οὐκ
434 2421 521 2453 ἄλλως
532 2421 643 2456 δεθῆναι
660 2421 818 2456 δυνάμενον,

909 375 968 402 Jam
984 383 1049 403 vero
1063 383 1182 410 quonam
1201 380 1282 410 pacto
1306 383 1384 404 mens
1399 376 1528 409 hominis,
1548 381 1594 404 aut
1610 385 1662 406 an-

872 421 935 457 geli,
953 422 975 449 si
997 430 1059 449 cum
1082 422 1225 449 divinitate
1249 426 1436 456 eoruparetur,
1464 423 1585 458 perfecta
1606 424 1661 452 dici

872 471 963 502 queat,
977 472 1006 494 ut
1021 468 1135 495 alterum
1151 468 1211 495 loco
1227 467 1324 494 cedere
1339 472 1454 502 cogatur
1469 468 1580 502 majoris
1593 476 1663 503 prae-

872 513 979 540 sentia?
995 512 1087 548 Neque
1101 513 1173 540 enim
1197 513 1326 548 splendor
1346 513 1462 548 aliquid,
1484 513 1506 541 si
1525 522 1586 540 cum
1605 515 1662 541 sole

872 559 1039 589 conferatur,
1057 567 1107 586 nec
1194 559 1293 585 humor
1307 559 1434 594 exiguus,
1451 559 1474 586 si
1490 567 1551 586 cum
1567 559 1661 592 fluvio;

872 607 901 631 ut
922 611 983 638 quae
1003 611 1085 638 parva
1112 607 1176 631 sunt
1194 604 1270 638 prius
1295 604 1519 636 submovcamus.
1543 612 1559 632 e
1578 604 1662 631 domo

871 649 1059 684 splendorem,
1074 657 1089 676 e
1106 653 1179 676 terra
1196 649 1349 681 humorem,
1375 653 1456 683 atque
1476 649 1513 675 ita
1528 657 1587 683 qum
1602 656 1661 675 ma—

869 697 929 732 jora
949 700 1013 724 sunt
1031 701 1056 723 et
1079 695 1242 730 perfectiora
1270 695 1425 729 capiantur.
1444 695 1567 728 Quonam
1587 695 1660 721 enim

872 743 953 770 modo
969 743 1024 769 duo
1036 741 1154 776 perfecta
1167 741 1439 774 contiucbunl,-hinc
1454 749 1548 776 nempe
1563 741 1662 768 domus

3 563 64 579 ιεν
86 573 95 584 ,

871 787 1045 822 splendorem
1063 791 1091 814 et
1108 787 1204 817 solem.
1223 787 1286 813 hinc
1305 795 1413 814 rursum
1431 791 1502 813 terra
1517 786 1662 813 humorem

871 835 898 858 et
920 830 1043 862 ﬂuvium,
1067 831 1117 858 hoc
1140 830 1367 863 consideremus;
1388 838 1485 865 magna
1510 833 1580 857 enim
1599 837 1662 864 pro-

872 876 945 904 fecto
959 884 1025 903 cura
1040 880 1067 903 et
1085 876 1324 903 animadversione
1343 883 1386 903 res
1401 876 1484 910 digna
1506 879 1559 902 est.
1576 876 1616 901 An
1633 875 1662 902 il-

872 922 918 950 lnd
939 930 987 949 eos
1007 921 1085 956 fugit,
1111 921 1182 956 quod
1210 929 1253 948 res
1278 921 1384 954 eadem,
1407 929 1469 956 qua:
1487 929 1549 948 cum
1570 920 1662 954 aliqua

867 2420 932 2446 time
946 2419 987 2446 vir
1008 2419 1147 2454 (tanquam
1160 2420 1319 2454 sarcolatra,
1330 2420 1463 2455 siquidem
1479 2429 1528 2455 ego
1543 2422 1657 2449 anthro-

3 2473 55 2500 καὶ
93 2469 146 2495 διὰ
169 2468 247 2494 τοῦτο
270 2467 388 2502 ὲξαιρεῖς
411 2466 441 2493 τὸ
466 2466 631 2502 μεσότοιχον.
658 2467 687 2492 '0
703 2467 732 2492 δὲ
753 2467 818 2501 ἐμὸς

3 2519 103 2550 ,άτος
128 2512 182 2544 τίς,
199 2512 245 2538 τοῦ
261 2511 427 2546 ἀφιλοσόφου
444 2511 490 2537 καὶ
511 2510 694 2543 ἀπαιδεύτου;
714 2512 728 2536 ὁ
755 2510 818 2541 νοῦς

3 2565 43 2599 ;ῷ
64 2559 120 2586 ιιοῒ
136 2558 274 2593 μίγνυται,
296 2558 333 2589 ὡς
359 2558 500 2593 ἐγγυτέρῳ
522 2557 569 2584 καὶ
586 2557 751 2591 οἰκειοτέρῳ.
771 2556 817 2582 καὶ

3 2615 18 2637 ;1
29 2612 50 2637 ἀι
75 2604 187 2634 τούτου
203 2605 282 2640 σαρκὶ
302 2603 490 2639 μεσιτεύοντος
580 2603 686 2637 θεότητι
703 2603 750 2629 καὶ
767 2611 818 2629 ιτα-

3 2655 134 2691 ἰότητι.

39 2784 108 2813 Τίς
133 2781 163 2806 δὲ
185 2780 233 2807 καὶ
253 2781 267 2807 ὁ
289 2779 367 2813 λόγος
390 2778 482 2808 αὐτοῖς
505 2778 554 2812 τῆς
577 2777 816 2812 ὲνανορωπήσεως,

49 2873 63 2888 ί
82 2868 178 2897 Exod.
197 2875 241 2898 ιιι,
255 2868 278 2894 ι.
336 2866 345 2880 ⁷
363 2871 423 2893 Jos.
442 2873 462 2898 ι,
481 2865 521 2892 15.
578 2866 588 2880 ³
602 2866 612 2893 l
627 2867 690 2894 Cor.
706 2875 732 2899 ν,
749 2866 776 2893 7.

867 2465 973 2499 polatra
986 2466 1070 2498 sum),
1085 2464 1188 2492 idcirco
1205 2471 1320 2493 mentem
1339 2474 1426 2494 meam
1444 2468 1607 2497 contemnis.
1627 2471 1656 2494 ut

867 2510 952 2537 Deum
966 2517 1027 2537 cum
1045 2517 1128 2538 carne
1139 2510 1279 2539 devincias
1359 2512 1472 2546 perinde
1483 2517 1566 2547 atque
1578 2513 1656 2540 aliter

867 2557 981 2590 astringi
1004 2560 1132 2591 nequeat,
1155 2557 1190 2584 ob
1203 2557 1284 2592 idque
1307 2558 1499 2585 intermedium
1524 2559 1654 2593 parietem

868 2601 940 2628 tollis
963 2601 1049 2628 '.Mea
1058 2604 1148 2628 autem
1158 2602 1239 2634 ratio,
1249 2602 1358 2634 hocest,
1368 2602 1485 2630 hominis
1494 2603 1604 2630 minime
1615 2610 1657 2630 sa-

869 2645 966 2678 pientis
981 2649 1008 2672 et
1015 2646 1126 2677 eruditi,
1146 2654 1269 2680 quamam
1285 2647 1346 2673 est?
1357 2646 1433 2674 Mens
1440 2647 1534 2678 menti,
1546 2651 1575 2674 ut
1590 2655 1653 2681 pro-

869 2689 1004 2723 pinquiori
1014 2693 1039 2716 et
1050 2689 1243 2724 conjunctiori,
1254 2690 1387 2725 jungitur,
1395 2698 1426 2717 ac
1441 2698 1488 2725 per
1495 2698 1554 2717 eam
1564 2691 1651 2722 carni,

868 2733 938 2760 inter
949 2733 1117 2761 divinitatem
1133 2738 1160 2761 et
1174 2734 1265 2761 carnis
1281 2735 1378 2760 molem
1391 2753 1398 2765 ,
1416 2734 1651 2762 intervenientem.

903 2778 989 2806 Porro
1003 2783 1104 2811 autem,
1121 2787 1202 2814 quam
1221 2780 1398 2808 humanitatis
1419 2784 1578 2815 assumptte,
1598 2780 1653 2814 vel,

829 2865 841 2882 ⁸
855 2865 956 2901 Epirus.
974 2874 1003 2899 ιι,
1022 2867 1061 2894 11.
