  <div class='ocr_page' id='page_1' title='image "/cluster/home/n/w/nwhite01/storage/ocr_20150623/130/njp.32101010942777/496.png"; bbox 0 0 1873 3076; ppageno 0'>
   <div class='ocr_carea' id='block_1_1' title="bbox 24 131 90 162">
    <p class='ocr_par' dir='ltr' id='par_1_1' title="bbox 24 131 90 162">
     <span class='ocr_line' id='line_1_1' title="bbox 24 131 90 162; baseline -0.03 0"><span class='ocrx_word' id='word_1_1' title='bbox 24 131 90 162; x_wconf 73' lang='lat'><strong>909</strong></span> 
     </span>
    </p>
   </div>
   <div class='ocr_carea' id='block_1_2' title="bbox 509 126 1182 158">
    <p class='ocr_par' dir='ltr' id='par_1_2' title="bbox 509 126 1182 158">
     <span class='ocr_line' id='line_1_2' title="bbox 509 126 1182 158; baseline 0.003 -2"><span class='ocrx_word' id='word_1_2' title='bbox 509 126 695 156; x_wconf 79' lang='lat' dir='ltr'><strong>PANOPLIA</strong></span> <span class='ocrx_word' id='word_1_3' title='bbox 718 126 948 157; x_wconf 78' lang='lat' dir='ltr'><strong>DOGMATICA.</strong></span> <span class='ocrx_word' id='word_1_4' title='bbox 963 139 998 144; x_wconf 92' lang='lat'><strong>—</strong></span> <span class='ocrx_word' id='word_1_5' title='bbox 1010 127 1082 158; x_wconf 82' lang='lat' dir='ltr'><strong>Tl&#39;l‘.</strong></span> <span class='ocrx_word' id='word_1_6' title='bbox 1105 127 1182 158; x_wconf 80' lang='grc' dir='ltr'>Χιν.</span> 
     </span>
    </p>
   </div>
   <div class='ocr_carea' id='block_1_3' title="bbox 1607 125 1660 157">
    <p class='ocr_par' dir='ltr' id='par_1_3' title="bbox 1607 125 1660 157">
     <span class='ocr_line' id='line_1_3' title="bbox 1607 125 1660 157; baseline -0.019 0"><span class='ocrx_word' id='word_1_7' title='bbox 1607 125 1660 157; x_wconf 79' lang='grc'><strong>910</strong></span> 
     </span>
    </p>
   </div>
   <div class='ocr_carea' id='block_1_4' title="bbox 28 187 836 234">
    <p class='ocr_par' dir='ltr' id='par_1_4' title="bbox 28 187 827 226">
     <span class='ocr_line' id='line_1_4' title="bbox 28 187 827 226; baseline -0.005 -9"><span class='ocrx_word' id='word_1_8' title='bbox 28 193 90 226; x_wconf 77' lang='grc' dir='ltr'>τὴν</span> <span class='ocrx_word' id='word_1_9' title='bbox 113 191 145 217; x_wconf 76' lang='grc' dir='ltr'><strong>δι’</strong></span> <span class='ocrx_word' id='word_1_10' title='bbox 165 190 246 216; x_wconf 68' lang='grc' dir='ltr'>αὐτοῦ</span> <span class='ocrx_word' id='word_1_11' title='bbox 271 189 419 224; x_wconf 76' lang='grc' dir='ltr'><strong>γενομένην</strong></span> <span class='ocrx_word' id='word_1_12' title='bbox 439 188 488 223; x_wconf 78' lang='grc' dir='ltr'>τῆς</span> <span class='ocrx_word' id='word_1_13' title='bbox 515 187 652 223; x_wconf 83' lang='grc' dir='ltr'>ἁμαρτίας</span> <span class='ocrx_word' id='word_1_14' title='bbox 677 187 761 223; x_wconf 70' lang='grc' dir='ltr'>ἧγουν</span> <span class='ocrx_word' id='word_1_15' title='bbox 779 187 827 221; x_wconf 77' lang='grc' dir='ltr'>τῆς</span> 
     </span>
    </p>
   </div>
   <div class='ocr_carea' id='block_1_5' title="bbox 910 187 1658 234">
    <p class='ocr_par' dir='ltr' id='par_1_5' title="bbox 910 195 1658 231">
     <span class='ocr_line' id='line_1_5' title="bbox 910 195 1658 231; baseline -0.001 -6"><span class='ocrx_word' id='word_1_16' title='bbox 910 198 1047 230; x_wconf 66' lang='grc' dir='ltr'><strong>ιΙΒῘοηθΠις</strong></span> <span class='ocrx_word' id='word_1_17' title='bbox 1063 201 1090 224; x_wconf 90' lang='lat' dir='ltr'><strong>et</strong></span> <span class='ocrx_word' id='word_1_18' title='bbox 1104 196 1184 223; x_wconf 82' lang='lat' dir='ltr'><strong>sicuti</strong></span> <span class='ocrx_word' id='word_1_19' title='bbox 1197 195 1288 227; x_wconf 81' lang='lat' dir='ltr'><strong>verba,</strong></span> <span class='ocrx_word' id='word_1_20' title='bbox 1309 204 1317 220; x_wconf 75' lang='grc' dir='ltr'><strong>ι</strong></span> <span class='ocrx_word' id='word_1_21' title='bbox 1338 195 1509 224; x_wconf 71' lang='lat' dir='ltr'><strong>factumesse</strong></span> <span class='ocrx_word' id='word_1_22' title='bbox 1519 201 1658 231; x_wconf 85' lang='lat' dir='ltr'><strong>peccatum</strong></span> 
     </span>
    </p>
   </div>
   <div class='ocr_carea' id='block_1_6' title="bbox 30 233 829 271">
    <p class='ocr_par' dir='ltr' id='par_1_6' title="bbox 30 233 829 271">
     <span class='ocr_line' id='line_1_6' title="bbox 30 233 829 271; baseline -0.004 -8"><span class='ocrx_word' id='word_1_23' title='bbox 30 237 166 271; x_wconf 78' lang='grc' dir='ltr'>κατάρας</span> <span class='ocrx_word' id='word_1_24' title='bbox 189 235 360 270; x_wconf 81' lang='grc' dir='ltr'>ἀπαλλαγὴν,</span> <span class='ocrx_word' id='word_1_25' title='bbox 381 234 428 260; x_wconf 70' lang='grc' dir='ltr'><strong>καὶ</strong></span> <span class='ocrx_word' id='word_1_26' title='bbox 450 234 491 266; x_wconf 80' lang='grc' dir='ltr'>τὸ,</span> <span class='ocrx_word' id='word_1_27' title='bbox 511 243 520 259; x_wconf 73' lang='grc' dir='ltr'><strong>ι</strong></span> <span class='ocrx_word' id='word_1_28' title='bbox 540 233 668 260; x_wconf 79' lang='grc' dir='ltr'><strong>Γενέσθαι</strong></span> <span class='ocrx_word' id='word_1_29' title='bbox 692 233 829 268; x_wconf 78' lang='grc' dir='ltr'><strong>ἁμαρτίαν</strong></span> 
     </span>
    </p>
   </div>
   <div class='ocr_carea' id='block_1_7' title="bbox 30 280 829 317">
    <p class='ocr_par' dir='ltr' id='par_1_7' title="bbox 30 280 829 317">
     <span class='ocr_line' id='line_1_7' title="bbox 30 280 829 317; baseline -0.004 -9"><span class='ocrx_word' id='word_1_30' title='bbox 30 283 112 317; x_wconf 74' lang='grc' dir='ltr'>ὑπὲρ</span> <span class='ocrx_word' id='word_1_31' title='bbox 137 282 215 317; x_wconf 74' lang='grc' dir='ltr'>ἡμῶν</span> <span class='ocrx_word' id='word_1_32' title='bbox 233 282 279 307; x_wconf 79' lang='grc' dir='ltr'><strong>τὸν</strong></span> <span class='ocrx_word' id='word_1_33' title='bbox 307 282 344 316; x_wconf 77' lang='grc' dir='ltr'><strong>μὴ</strong></span> <span class='ocrx_word' id='word_1_34' title='bbox 359 280 456 314; x_wconf 83' lang='grc' dir='ltr'>γνόντα</span> <span class='ocrx_word' id='word_1_35' title='bbox 474 280 622 315; x_wconf 79' lang='grc' dir='ltr'><strong>ἁμαρτίαν,</strong></span> <span class='ocrx_word' id='word_1_36' title='bbox 645 289 655 305; x_wconf 72' lang='grc' dir='ltr'><strong>ι</strong></span> <span class='ocrx_word' id='word_1_37' title='bbox 672 280 702 306; x_wconf 70' lang='grc' dir='ltr'><strong>οὐ</strong></span> <span class='ocrx_word' id='word_1_38' title='bbox 715 280 764 314; x_wconf 89' lang='grc' dir='ltr'><strong>τὴν</strong></span> <span class='ocrx_word' id='word_1_39' title='bbox 780 280 829 314; x_wconf 81' lang='grc' dir='ltr'><strong>τῆς</strong></span> 
     </span>
    </p>
   </div>
   <div class='ocr_carea' id='block_1_8' title="bbox 30 325 828 361">
    <p class='ocr_par' dir='ltr' id='par_1_8' title="bbox 30 325 828 361">
     <span class='ocr_line' id='line_1_8' title="bbox 30 325 828 361; baseline -0.005 -7"><span class='ocrx_word' id='word_1_40' title='bbox 30 328 214 361; x_wconf 66' lang='grc' dir='ltr'><strong>δικαιοσύνης</strong></span> <span class='ocrx_word' id='word_1_41' title='bbox 223 327 349 361; x_wconf 75' lang='grc' dir='ltr'><strong>σημαίνει</strong></span> <span class='ocrx_word' id='word_1_42' title='bbox 360 326 462 361; x_wconf 81' lang='grc' dir='ltr'>τροπὴν</span> <span class='ocrx_word' id='word_1_43' title='bbox 474 326 619 361; x_wconf 72' lang='grc' dir='ltr'>(ἄτρεπτον</span> <span class='ocrx_word' id='word_1_44' title='bbox 627 325 681 360; x_wconf 82' lang='grc' dir='ltr'>γὰρ</span> <span class='ocrx_word' id='word_1_45' title='bbox 697 325 726 351; x_wconf 82' lang='grc' dir='ltr'>τὸ</span> <span class='ocrx_word' id='word_1_46' title='bbox 742 326 828 357; x_wconf 80' lang='grc' dir='ltr'>Θεῖον,</span> 
     </span>
    </p>
   </div>
   <div class='ocr_carea' id='block_1_9' title="bbox 32 368 830 405">
    <p class='ocr_par' dir='ltr' id='par_1_9' title="bbox 32 368 830 405">
     <span class='ocr_line' id='line_1_9' title="bbox 32 368 830 405; baseline -0.005 -7"><span class='ocrx_word' id='word_1_47' title='bbox 32 374 90 398; x_wconf 72' lang='grc' dir='ltr'><strong>καὶ</strong></span> <span class='ocrx_word' id='word_1_48' title='bbox 107 372 295 403; x_wconf 73' lang='grc' dir='ltr'>ἀναλλοίωτον,</span> <span class='ocrx_word' id='word_1_49' title='bbox 311 371 347 401; x_wconf 85' lang='grc' dir='ltr'>ὡς</span> <span class='ocrx_word' id='word_1_50' title='bbox 361 370 406 396; x_wconf 78' lang='grc' dir='ltr'>διὰ</span> <span class='ocrx_word' id='word_1_51' title='bbox 429 369 476 396; x_wconf 79' lang='grc' dir='ltr'>τοῦ</span> <span class='ocrx_word' id='word_1_52' title='bbox 499 371 638 405; x_wconf 80' lang='grc' dir='ltr'><strong>προφήτου</strong></span> <span class='ocrx_word' id='word_1_53' title='bbox 654 370 718 404; x_wconf 75' lang='grc' dir='ltr'><strong>βοᾷ“</strong></span> <span class='ocrx_word' id='word_1_54' title='bbox 740 368 830 402; x_wconf 83' lang='grc' dir='ltr'>ιῈγώ</span> 
     </span>
    </p>
   </div>
   <div class='ocr_carea' id='block_1_10' title="bbox 32 415 831 451">
    <p class='ocr_par' dir='ltr' id='par_1_10' title="bbox 32 415 831 451">
     <span class='ocr_line' id='line_1_10' title="bbox 32 415 831 451; baseline -0.005 -7"><span class='ocrx_word' id='word_1_55' title='bbox 32 419 114 451; x_wconf 82' lang='grc' dir='ltr'>εἰμι,</span> <span class='ocrx_word' id='word_1_56' title='bbox 135 418 181 444; x_wconf 71' lang='grc' dir='ltr'><strong>καὶ</strong></span> <span class='ocrx_word' id='word_1_57' title='bbox 195 417 244 443; x_wconf 84' lang='grc' dir='ltr'><strong>οὐκ</strong></span> <span class='ocrx_word' id='word_1_58' title='bbox 258 416 407 450; x_wconf 80' lang='grc' dir='ltr'>ὴλλοίωμαι</span> <span class='ocrx_word' id='word_1_59' title='bbox 417 435 424 446; x_wconf 80' lang='lat'><strong>,</strong></span> <span class='ocrx_word' id='word_1_60' title='bbox 441 415 463 450; x_wconf 90' lang='grc'><strong>))</strong></span> <span class='ocrx_word' id='word_1_61' title='bbox 475 415 543 441; x_wconf 78' lang='grc' dir='ltr'>ἀλλὰ</span> <span class='ocrx_word' id='word_1_62' title='bbox 557 416 606 450; x_wconf 82' lang='grc' dir='ltr'><strong>τήν</strong></span> <span class='ocrx_word' id='word_1_63' title='bbox 621 415 674 441; x_wconf 81' lang='grc' dir='ltr'><strong>τῶν</strong></span> <span class='ocrx_word' id='word_1_64' title='bbox 690 415 831 450; x_wconf 74' lang='grc' dir='ltr'>ἡμετέρων</span> 
     </span>
    </p>
   </div>
   <div class='ocr_carea' id='block_1_11' title="bbox 32 460 831 497">
    <p class='ocr_par' dir='ltr' id='par_1_11' title="bbox 32 460 831 497">
     <span class='ocr_line' id='line_1_11' title="bbox 32 460 831 497; baseline -0.005 -8"><span class='ocrx_word' id='word_1_65' title='bbox 32 462 253 497; x_wconf 63' lang='grc' dir='ltr'>ἁμαρτημάτων</span> <span class='ocrx_word' id='word_1_66' title='bbox 267 461 413 496; x_wconf 59' lang='grc' dir='ltr'>ἀνάληψιν</span> <span class='ocrx_word' id='word_1_67' title='bbox 429 470 438 487; x_wconf 75' lang='grc' dir='ltr'><strong>ι</strong></span> <span class='ocrx_word' id='word_1_68' title='bbox 457 461 508 487; x_wconf 76' lang='grc' dir='ltr'><strong>Ἴδε</strong></span> <span class='ocrx_word' id='word_1_69' title='bbox 525 461 589 495; x_wconf 81' lang='grc' dir='ltr'>γὰρ,</span> <span class='ocrx_word' id='word_1_70' title='bbox 604 460 719 495; x_wconf 48' lang='lat' dir='ltr'><strong>(melino</strong></span> <span class='ocrx_word' id='word_1_71' title='bbox 736 460 831 494; x_wconf 62' lang='grc' dir='ltr'>’Λμνὶς</span> 
     </span>
    </p>
   </div>
   <div class='ocr_carea' id='block_1_12' title="bbox 32 504 829 541">
    <p class='ocr_par' dir='ltr' id='par_1_12' title="bbox 32 504 829 541">
     <span class='ocr_line' id='line_1_12' title="bbox 32 504 829 541; baseline -0.005 -8"><span class='ocrx_word' id='word_1_72' title='bbox 32 508 93 533; x_wconf 59' lang='lat' dir='ltr'><strong>tuo</strong></span> <span class='ocrx_word' id='word_1_73' title='bbox 114 507 193 540; x_wconf 81' lang='grc' dir='ltr'>Θεοῦ,</span> <span class='ocrx_word' id='word_1_74' title='bbox 213 507 249 533; x_wconf 85' lang='grc' dir='ltr'><strong>ῐδε</strong></span> <span class='ocrx_word' id='word_1_75' title='bbox 263 508 276 533; x_wconf 80' lang='grc' dir='ltr'><strong>ό</strong></span> <span class='ocrx_word' id='word_1_76' title='bbox 290 507 375 541; x_wconf 82' lang='grc' dir='ltr'>αἴρων</span> <span class='ocrx_word' id='word_1_77' title='bbox 390 506 440 541; x_wconf 77' lang='grc' dir='ltr'><strong>τὴν</strong></span> <span class='ocrx_word' id='word_1_78' title='bbox 462 505 597 540; x_wconf 82' lang='grc' dir='ltr'>ἁμαρτίαν</span> <span class='ocrx_word' id='word_1_79' title='bbox 624 504 671 531; x_wconf 68' lang='grc' dir='ltr'>τοῦ</span> <span class='ocrx_word' id='word_1_80' title='bbox 689 505 802 539; x_wconf 72' lang='grc' dir='ltr'>κόσμου·</span> <span class='ocrx_word' id='word_1_81' title='bbox 820 514 829 529; x_wconf 72' lang='grc' dir='ltr'><strong>ι</strong></span> 
     </span>
    </p>
   </div>
   <div class='ocr_carea' id='block_1_13' title="bbox 34 550 832 586">
    <p class='ocr_par' dir='ltr' id='par_1_13' title="bbox 34 550 832 586">
     <span class='ocr_line' id='line_1_13' title="bbox 34 550 832 586; baseline -0.004 -8"><span class='ocrx_word' id='word_1_82' title='bbox 34 553 119 579; x_wconf 69' lang='grc' dir='ltr'>οὕτω</span> <span class='ocrx_word' id='word_1_83' title='bbox 131 554 170 585; x_wconf 78' lang='grc' dir='ltr'><strong>τὸ,</strong></span> <span class='ocrx_word' id='word_1_84' title='bbox 187 561 196 578; x_wconf 75' lang='grc' dir='ltr'><strong>ι</strong></span> <span class='ocrx_word' id='word_1_85' title='bbox 208 553 236 578; x_wconf 80' lang='lat' dir='ltr'><strong>&#39;U</strong></span> <span class='ocrx_word' id='word_1_86' title='bbox 250 552 333 586; x_wconf 77' lang='grc' dir='ltr'>Λόγος</span> <span class='ocrx_word' id='word_1_87' title='bbox 346 551 414 586; x_wconf 74' lang='grc' dir='ltr'>σὰρξ</span> <span class='ocrx_word' id='word_1_88' title='bbox 428 551 545 585; x_wconf 77' lang='grc' dir='ltr'>ἐγένετο,</span> <span class='ocrx_word' id='word_1_89' title='bbox 561 559 570 575; x_wconf 77' lang='grc' dir='ltr'><strong>ι</strong></span> <span class='ocrx_word' id='word_1_90' title='bbox 585 551 615 576; x_wconf 79' lang='grc' dir='ltr'><strong>ού</strong></span> <span class='ocrx_word' id='word_1_91' title='bbox 630 550 679 585; x_wconf 79' lang='grc' dir='ltr'><strong>τὴν</strong></span> <span class='ocrx_word' id='word_1_92' title='bbox 692 550 832 576; x_wconf 70' lang='grc' dir='ltr'>ἀλλοίωσιν</span> 
     </span>
    </p>
   </div>
   <div class='ocr_carea' id='block_1_14' title="bbox 36 596 833 632">
    <p class='ocr_par' dir='ltr' id='par_1_14' title="bbox 36 596 833 632">
     <span class='ocr_line' id='line_1_14' title="bbox 36 596 833 632; baseline -0.004 -9"><span class='ocrx_word' id='word_1_93' title='bbox 36 598 125 631; x_wconf 75' lang='grc' dir='ltr'>λέγει</span> <span class='ocrx_word' id='word_1_94' title='bbox 144 598 194 632; x_wconf 77' lang='grc' dir='ltr'>τῆς</span> <span class='ocrx_word' id='word_1_95' title='bbox 216 597 356 631; x_wconf 83' lang='grc' dir='ltr'>Θεότητος,</span> <span class='ocrx_word' id='word_1_96' title='bbox 372 597 440 623; x_wconf 80' lang='grc' dir='ltr'>ἀλλὰ</span> <span class='ocrx_word' id='word_1_97' title='bbox 453 596 502 630; x_wconf 80' lang='grc' dir='ltr'>τῆς</span> <span class='ocrx_word' id='word_1_98' title='bbox 531 596 704 630; x_wconf 83' lang='grc' dir='ltr'>ἀνθρωπίνης</span> <span class='ocrx_word' id='word_1_99' title='bbox 726 596 833 629; x_wconf 78' lang='grc' dir='ltr'>φύσεως</span> 
     </span>
    </p>
   </div>
   <div class='ocr_carea' id='block_1_15' title="bbox 38 641 834 678">
    <p class='ocr_par' dir='ltr' id='par_1_15' title="bbox 38 641 834 678">
     <span class='ocr_line' id='line_1_15' title="bbox 38 641 834 678; baseline -0.004 -9"><span class='ocrx_word' id='word_1_100' title='bbox 38 644 187 677; x_wconf 49' lang='grc' dir='ltr'>ἀνάληκζιιν</span> <span class='ocrx_word' id='word_1_101' title='bbox 201 651 207 658; x_wconf 91' lang='grc'>·</span> <span class='ocrx_word' id='word_1_102' title='bbox 222 643 271 678; x_wconf 77' lang='grc' dir='ltr'><strong>τὴν</strong></span> <span class='ocrx_word' id='word_1_103' title='bbox 290 643 392 677; x_wconf 75' lang='grc' dir='ltr'>ἄφατον</span> <span class='ocrx_word' id='word_1_104' title='bbox 408 642 460 677; x_wconf 83' lang='grc' dir='ltr'>γὰρ</span> <span class='ocrx_word' id='word_1_105' title='bbox 481 642 528 668; x_wconf 83' lang='grc' dir='ltr'><strong>τοῦ</strong></span> <span class='ocrx_word' id='word_1_106' title='bbox 547 641 614 670; x_wconf 77' lang='grc' dir='ltr'>Θεοῦ</span> <span class='ocrx_word' id='word_1_107' title='bbox 631 641 834 676; x_wconf 74' lang='grc' dir='ltr'>φιλανθρωπίαν</span> 
     </span>
    </p>
   </div>
   <div class='ocr_carea' id='block_1_16' title="bbox 38 686 835 723">
    <p class='ocr_par' dir='ltr' id='par_1_16' title="bbox 38 686 835 723">
     <span class='ocr_line' id='line_1_16' title="bbox 38 686 835 723; baseline -0.006 -8"><span class='ocrx_word' id='word_1_108' title='bbox 38 690 55 715; x_wconf 87' lang='grc' dir='ltr'>ὁ</span> <span class='ocrx_word' id='word_1_109' title='bbox 71 688 269 722; x_wconf 48' lang='lat' dir='ltr'><strong>asangm—5;;</strong></span> <span class='ocrx_word' id='word_1_110' title='bbox 287 688 439 723; x_wconf 74' lang='grc' dir='ltr'>κηρύττων,</span> <span class='ocrx_word' id='word_1_111' title='bbox 450 688 486 717; x_wconf 83' lang='grc' dir='ltr'>ὡς</span> <span class='ocrx_word' id='word_1_112' title='bbox 503 686 622 718; x_wconf 70' lang='grc' dir='ltr'>ἐδίδαξεν</span> <span class='ocrx_word' id='word_1_113' title='bbox 642 686 679 717; x_wconf 79' lang='grc' dir='ltr'><strong>ὡς</strong></span> <span class='ocrx_word' id='word_1_114' title='bbox 691 686 704 711; x_wconf 83' lang='grc' dir='ltr'>ὁ</span> <span class='ocrx_word' id='word_1_115' title='bbox 719 686 747 711; x_wconf 83' lang='grc' dir='ltr'><strong>ἐν</strong></span> <span class='ocrx_word' id='word_1_116' title='bbox 763 686 835 720; x_wconf 83' lang='grc' dir='ltr'>ἀρχῇ</span> 
     </span>
    </p>
   </div>
   <div class='ocr_carea' id='block_1_17' title="bbox 38 739 836 776">
    <p class='ocr_par' dir='ltr' id='par_1_17' title="bbox 38 739 836 776">
     <span class='ocr_line' id='line_1_17' title="bbox 38 739 836 776; baseline -0.005 -7"><span class='ocrx_word' id='word_1_117' title='bbox 38 743 86 769; x_wconf 80' lang='grc' dir='ltr'><strong>ὢν</strong></span> <span class='ocrx_word' id='word_1_118' title='bbox 105 761 113 774; x_wconf 68' lang='grc' dir='ltr'><strong>ς</strong></span> <span class='ocrx_word' id='word_1_119' title='bbox 171 743 217 769; x_wconf 81' lang='grc' dir='ltr'>καὶ</span> <span class='ocrx_word' id='word_1_120' title='bbox 235 743 299 773; x_wconf 59' lang='grc' dir='ltr'>Θεὸς</span> <span class='ocrx_word' id='word_1_121' title='bbox 310 742 357 774; x_wconf 68' lang='grc' dir='ltr'><strong>ὧν,</strong></span> <span class='ocrx_word' id='word_1_122' title='bbox 376 741 504 776; x_wconf 72' lang='grc' dir='ltr'>καὶπρὸς</span> <span class='ocrx_word' id='word_1_123' title='bbox 524 742 570 767; x_wconf 74' lang='grc' dir='ltr'><strong>τὸν</strong></span> <span class='ocrx_word' id='word_1_124' title='bbox 585 741 650 767; x_wconf 80' lang='grc' dir='ltr'>Θεὸν</span> <span class='ocrx_word' id='word_1_125' title='bbox 663 739 711 771; x_wconf 79' lang='grc' dir='ltr'><strong>ὢν,</strong></span> <span class='ocrx_word' id='word_1_126' title='bbox 724 740 771 766; x_wconf 72' lang='grc' dir='ltr'><strong>καὶ</strong></span> <span class='ocrx_word' id='word_1_127' title='bbox 789 740 836 766; x_wconf 84' lang='grc' dir='ltr'>ού-</span> 
     </span>
    </p>
   </div>
   <div class='ocr_carea' id='block_1_18' title="bbox 38 785 838 823">
    <p class='ocr_par' dir='ltr' id='par_1_18' title="bbox 38 785 838 823">
     <span class='ocr_line' id='line_1_18' title="bbox 38 785 838 823; baseline -0.004 -9"><span class='ocrx_word' id='word_1_128' title='bbox 38 788 149 814; x_wconf 71' lang='grc' dir='ltr'>ὅέτκιτε</span> <span class='ocrx_word' id='word_1_129' title='bbox 165 788 201 823; x_wconf 82' lang='grc' dir='ltr'>μὴ</span> <span class='ocrx_word' id='word_1_130' title='bbox 217 787 264 818; x_wconf 81' lang='grc' dir='ltr'><strong>ὣν,</strong></span> <span class='ocrx_word' id='word_1_131' title='bbox 282 787 509 822; x_wconf 70' lang='grc' dir='ltr'>ὁδημιουργήσα;</span> <span class='ocrx_word' id='word_1_132' title='bbox 525 787 626 817; x_wconf 83' lang='grc' dir='ltr'>πάντα,</span> <span class='ocrx_word' id='word_1_133' title='bbox 641 786 655 812; x_wconf 85' lang='grc' dir='ltr'>ὁ</span> <span class='ocrx_word' id='word_1_134' title='bbox 671 785 705 812; x_wconf 76' lang='grc' dir='ltr'>τὰ</span> <span class='ocrx_word' id='word_1_135' title='bbox 724 785 761 821; x_wconf 85' lang='grc' dir='ltr'>μὴ</span> <span class='ocrx_word' id='word_1_136' title='bbox 772 785 838 812; x_wconf 78' lang='grc' dir='ltr'>ὄντα</span> 
     </span>
    </p>
   </div>
   <div class='ocr_carea' id='block_1_19' title="bbox 879 241 1658 279">
    <p class='ocr_par' dir='ltr' id='par_1_19' title="bbox 879 241 1658 279">
     <span class='ocr_line' id='line_1_19' title="bbox 879 241 1658 279; baseline -0.003 -8"><span class='ocrx_word' id='word_1_137' title='bbox 879 252 927 279; x_wconf 90' lang='lat' dir='ltr'><strong>pro</strong></span> <span class='ocrx_word' id='word_1_138' title='bbox 939 243 1016 271; x_wconf 88' lang='lat' dir='ltr'><strong>nobis</strong></span> <span class='ocrx_word' id='word_1_139' title='bbox 1029 249 1089 269; x_wconf 90' lang='lat' dir='ltr'><strong>eum</strong></span> <span class='ocrx_word' id='word_1_140' title='bbox 1108 241 1152 276; x_wconf 87' lang='lat' dir='ltr'><strong>qui</strong></span> <span class='ocrx_word' id='word_1_141' title='bbox 1167 245 1305 275; x_wconf 84' lang='lat' dir='ltr'><strong>peccatum</strong></span> <span class='ocrx_word' id='word_1_142' title='bbox 1333 249 1384 268; x_wconf 92' lang='lat' dir='ltr'><strong>non</strong></span> <span class='ocrx_word' id='word_1_143' title='bbox 1400 247 1514 269; x_wconf 98' lang='lat' dir='ltr'><strong>noverat</strong></span> <span class='ocrx_word' id='word_1_144' title='bbox 1539 246 1563 274; x_wconf 76' lang='grc' dir='ltr'>ί,</span> <span class='ocrx_word' id='word_1_145' title='bbox 1584 253 1593 268; x_wconf 79' lang='grc' dir='ltr'><strong>ι</strong></span> <span class='ocrx_word' id='word_1_146' title='bbox 1613 252 1658 270; x_wconf 83' lang='lat' dir='ltr'><strong>ne-</strong></span> 
     </span>
    </p>
   </div>
   <div class='ocr_carea' id='block_1_20' title="bbox 880 286 1660 325">
    <p class='ocr_par' dir='ltr' id='par_1_20' title="bbox 880 286 1660 325">
     <span class='ocr_line' id='line_1_20' title="bbox 880 286 1660 325; baseline 0.001 -10"><span class='ocrx_word' id='word_1_147' title='bbox 880 296 1013 325; x_wconf 77' lang='lat' dir='ltr'><strong>quaquam</strong></span> <span class='ocrx_word' id='word_1_148' title='bbox 1032 288 1144 324; x_wconf 74' lang='lat' dir='ltr'><strong>justitia:</strong></span> <span class='ocrx_word' id='word_1_149' title='bbox 1161 286 1339 314; x_wconf 88' lang='lat' dir='ltr'><strong>mutationem</strong></span> <span class='ocrx_word' id='word_1_150' title='bbox 1356 287 1510 321; x_wconf 72' lang='lat' dir='ltr'><strong>significant</strong></span> <span class='ocrx_word' id='word_1_151' title='bbox 1525 289 1574 323; x_wconf 90' lang='lat' dir='ltr'><strong>(est</strong></span> <span class='ocrx_word' id='word_1_152' title='bbox 1588 290 1660 316; x_wconf 88' lang='lat' dir='ltr'><strong>enim</strong></span> 
     </span>
    </p>
   </div>
   <div class='ocr_carea' id='block_1_21' title="bbox 881 332 1662 368">
    <p class='ocr_par' dir='ltr' id='par_1_21' title="bbox 881 332 1662 368">
     <span class='ocr_line' id='line_1_21' title="bbox 881 332 1662 368; baseline -0.001 -6"><span class='ocrx_word' id='word_1_153' title='bbox 881 335 1041 363; x_wconf 87' lang='lat' dir='ltr'><strong>iuvertibilis</strong></span> <span class='ocrx_word' id='word_1_154' title='bbox 1058 334 1126 361; x_wconf 89' lang='lat' dir='ltr'><strong>Deus</strong></span> <span class='ocrx_word' id='word_1_155' title='bbox 1139 338 1166 360; x_wconf 91' lang='lat' dir='ltr'><strong>et</strong></span> <span class='ocrx_word' id='word_1_156' title='bbox 1181 332 1365 364; x_wconf 86' lang='lat' dir='ltr'><strong>immutabilis,</strong></span> <span class='ocrx_word' id='word_1_157' title='bbox 1381 332 1459 360; x_wconf 85' lang='lat' dir='ltr'><strong>sicuti</strong></span> <span class='ocrx_word' id='word_1_158' title='bbox 1475 340 1523 366; x_wconf 83' lang='lat' dir='ltr'><strong>per</strong></span> <span class='ocrx_word' id='word_1_159' title='bbox 1547 334 1662 368; x_wconf 87' lang='lat' dir='ltr'><strong>prophe-</strong></span> 
     </span>
    </p>
   </div>
   <div class='ocr_carea' id='block_1_22' title="bbox 882 379 1665 414">
    <p class='ocr_par' dir='ltr' id='par_1_22' title="bbox 882 379 1665 414">
     <span class='ocr_line' id='line_1_22' title="bbox 882 379 1665 414; baseline -0.009 -6"><span class='ocrx_word' id='word_1_160' title='bbox 882 388 935 409; x_wconf 92' lang='lat' dir='ltr'><strong>tam</strong></span> <span class='ocrx_word' id='word_1_161' title='bbox 951 381 1063 408; x_wconf 85' lang='lat' dir='ltr'><strong>clamat:</strong></span> <span class='ocrx_word' id='word_1_162' title='bbox 1080 389 1089 405; x_wconf 87' lang='grc'><strong>‹</strong></span> <span class='ocrx_word' id='word_1_163' title='bbox 1106 379 1161 413; x_wconf 79' lang='lat' dir='ltr'><strong>Ego</strong></span> <span class='ocrx_word' id='word_1_164' title='bbox 1176 386 1245 410; x_wconf 89' lang='lat' dir='ltr'><strong>sum,</strong></span> <span class='ocrx_word' id='word_1_165' title='bbox 1260 382 1347 404; x_wconf 89' lang='lat' dir='ltr'><strong>etnon</strong></span> <span class='ocrx_word' id='word_1_166' title='bbox 1360 383 1448 404; x_wconf 89' lang='lat' dir='ltr'><strong>tnutor</strong></span> <span class='ocrx_word' id='word_1_167' title='bbox 1470 381 1495 410; x_wconf 81' lang='grc'><strong>²,</strong></span> <span class='ocrx_word' id='word_1_168' title='bbox 1513 379 1590 414; x_wconf 66' lang='lat' dir='ltr'><strong>»)sed</strong></span> <span class='ocrx_word' id='word_1_169' title='bbox 1598 388 1665 414; x_wconf 74' lang='lat' dir='ltr'><strong>pec-</strong></span> 
     </span>
    </p>
   </div>
   <div class='ocr_carea' id='block_1_23' title="bbox 882 424 1663 460">
    <p class='ocr_par' dir='ltr' id='par_1_23' title="bbox 882 424 1663 460">
     <span class='ocr_line' id='line_1_23' title="bbox 882 424 1663 460; baseline -0.001 -6"><span class='ocrx_word' id='word_1_170' title='bbox 882 434 1004 455; x_wconf 83' lang='lat' dir='ltr'><strong>calorum</strong></span> <span class='ocrx_word' id='word_1_171' title='bbox 1028 431 1180 453; x_wconf 88' lang='lat' dir='ltr'><strong>nostrorum</strong></span> <span class='ocrx_word' id='word_1_172' title='bbox 1202 424 1432 457; x_wconf 85' lang='lat' dir='ltr'><strong>assumptiouem:</strong></span> <span class='ocrx_word' id='word_1_173' title='bbox 1451 434 1460 450; x_wconf 73' lang='grc' dir='ltr'><strong>ι</strong></span> <span class='ocrx_word' id='word_1_174' title='bbox 1486 424 1554 452; x_wconf 83' lang='lat' dir='ltr'><strong>Ecce</strong></span> <span class='ocrx_word' id='word_1_175' title='bbox 1571 426 1642 453; x_wconf 81' lang='lat' dir='ltr'><strong>enim</strong></span> <span class='ocrx_word' id='word_1_176' title='bbox 1655 447 1663 460; x_wconf 88' lang='lat'>,</span> 
     </span>
    </p>
   </div>
   <div class='ocr_carea' id='block_1_24' title="bbox 883 469 1663 507">
    <p class='ocr_par' dir='ltr' id='par_1_24' title="bbox 883 469 1663 507">
     <span class='ocr_line' id='line_1_24' title="bbox 883 469 1663 507; baseline 0 -9"><span class='ocrx_word' id='word_1_177' title='bbox 883 474 929 505; x_wconf 88' lang='lat' dir='ltr'><strong>ait,</strong></span> <span class='ocrx_word' id='word_1_178' title='bbox 950 473 1040 507; x_wconf 78' lang='lat' dir='ltr'><strong>Agnus</strong></span> <span class='ocrx_word' id='word_1_179' title='bbox 1058 471 1113 502; x_wconf 78' lang='lat' dir='ltr'><strong>Dei,</strong></span> <span class='ocrx_word' id='word_1_180' title='bbox 1130 477 1192 497; x_wconf 85' lang='lat' dir='ltr'><strong>ecce</strong></span> <span class='ocrx_word' id='word_1_181' title='bbox 1205 470 1250 504; x_wconf 86' lang='lat' dir='ltr'><strong>qui</strong></span> <span class='ocrx_word' id='word_1_182' title='bbox 1265 469 1333 496; x_wconf 89' lang='lat' dir='ltr'><strong>tollit</strong></span> <span class='ocrx_word' id='word_1_183' title='bbox 1348 474 1487 504; x_wconf 86' lang='lat' dir='ltr'><strong>peccatum</strong></span> <span class='ocrx_word' id='word_1_184' title='bbox 1499 472 1591 497; x_wconf 88' lang='lat' dir='ltr'><strong>mundi</strong></span> <span class='ocrx_word' id='word_1_185' title='bbox 1606 475 1615 490; x_wconf 80' lang='grc'>³</span> <span class='ocrx_word' id='word_1_186' title='bbox 1631 481 1639 505; x_wconf 85' lang='grc'>;</span> <span class='ocrx_word' id='word_1_187' title='bbox 1653 483 1663 498; x_wconf 77' lang='grc' dir='ltr'><strong>ι</strong></span> 
     </span>
    </p>
   </div>
   <div class='ocr_carea' id='block_1_25' title="bbox 883 514 1660 552">
    <p class='ocr_par' dir='ltr' id='par_1_25' title="bbox 883 514 1660 552">
     <span class='ocr_line' id='line_1_25' title="bbox 883 514 1660 552; baseline -0.001 -7"><span class='ocrx_word' id='word_1_188' title='bbox 883 519 937 549; x_wconf 73' lang='grc' dir='ltr'><strong>εἰς,</strong></span> <span class='ocrx_word' id='word_1_189' title='bbox 958 518 1077 552; x_wconf 85' lang='lat' dir='ltr'><strong>inquam,</strong></span> <span class='ocrx_word' id='word_1_190' title='bbox 1100 516 1191 546; x_wconf 69' lang='lat' dir='ltr'><strong>dictio,</strong></span> <span class='ocrx_word' id='word_1_191' title='bbox 1211 524 1220 540; x_wconf 73' lang='grc' dir='ltr'><strong>ι</strong></span> <span class='ocrx_word' id='word_1_192' title='bbox 1240 514 1353 542; x_wconf 78' lang='lat' dir='ltr'><strong>Verbum</strong></span> <span class='ocrx_word' id='word_1_193' title='bbox 1374 523 1437 542; x_wconf 83' lang='lat' dir='ltr'><strong>caro</strong></span> <span class='ocrx_word' id='word_1_194' title='bbox 1461 516 1560 545; x_wconf 77' lang='lat' dir='ltr'><strong>factum</strong></span> <span class='ocrx_word' id='word_1_195' title='bbox 1584 522 1660 549; x_wconf 67' lang='lat' dir='ltr'><strong>est.)</strong></span> 
     </span>
    </p>
   </div>
   <div class='ocr_carea' id='block_1_26' title="bbox 884 559 1664 590">
    <p class='ocr_par' dir='ltr' id='par_1_26' title="bbox 884 559 1664 590">
     <span class='ocr_line' id='line_1_26' title="bbox 884 559 1664 590; baseline -0.001 -1"><span class='ocrx_word' id='word_1_196' title='bbox 884 570 935 589; x_wconf 88' lang='lat' dir='ltr'><strong>non</strong></span> <span class='ocrx_word' id='word_1_197' title='bbox 953 561 1127 587; x_wconf 88' lang='lat' dir='ltr'><strong>mutationem</strong></span> <span class='ocrx_word' id='word_1_198' title='bbox 1140 560 1205 586; x_wconf 90' lang='lat' dir='ltr'><strong>dicit</strong></span> <span class='ocrx_word' id='word_1_199' title='bbox 1226 559 1347 590; x_wconf 80' lang='lat' dir='ltr'><strong>Deitatis,</strong></span> <span class='ocrx_word' id='word_1_200' title='bbox 1361 561 1407 586; x_wconf 86' lang='lat' dir='ltr'><strong>sed</strong></span> <span class='ocrx_word' id='word_1_201' title='bbox 1421 560 1544 588; x_wconf 78' lang='lat' dir='ltr'><strong>bumanze</strong></span> <span class='ocrx_word' id='word_1_202' title='bbox 1562 567 1664 589; x_wconf 74' lang='lat' dir='ltr'><strong>natura:</strong></span> 
     </span>
    </p>
   </div>
   <div class='ocr_carea' id='block_1_27' title="bbox 886 604 1667 640">
    <p class='ocr_par' dir='ltr' id='par_1_27' title="bbox 886 604 1667 640">
     <span class='ocr_line' id='line_1_27' title="bbox 886 604 1667 640; baseline 0.001 -7"><span class='ocrx_word' id='word_1_203' title='bbox 886 606 1110 640; x_wconf 81' lang='lat' dir='ltr'><strong>assumptionem.</strong></span> <span class='ocrx_word' id='word_1_204' title='bbox 1132 604 1253 638; x_wconf 77' lang='lat' dir='ltr'><strong>Namque</strong></span> <span class='ocrx_word' id='word_1_205' title='bbox 1275 604 1437 632; x_wconf 68' lang='lat' dir='ltr'><strong>ineffabilem</strong></span> <span class='ocrx_word' id='word_1_206' title='bbox 1458 604 1504 632; x_wconf 85' lang='lat' dir='ltr'><strong>Dei</strong></span> <span class='ocrx_word' id='word_1_207' title='bbox 1530 614 1593 639; x_wconf 65' lang='lat' dir='ltr'><strong>erga</strong></span> <span class='ocrx_word' id='word_1_208' title='bbox 1617 607 1667 634; x_wconf 90' lang='grc' dir='ltr'>Ιιο-</span> 
     </span>
    </p>
   </div>
   <div class='ocr_carea' id='block_1_28' title="bbox 887 648 1666 684">
    <p class='ocr_par' dir='ltr' id='par_1_28' title="bbox 887 648 1666 684">
     <span class='ocr_line' id='line_1_28' title="bbox 887 648 1666 684; baseline 0.001 -7"><span class='ocrx_word' id='word_1_209' title='bbox 887 651 974 677; x_wconf 85' lang='lat' dir='ltr'><strong>mines</strong></span> <span class='ocrx_word' id='word_1_210' title='bbox 1000 650 1159 676; x_wconf 82' lang='lat' dir='ltr'><strong>cbaritatem</strong></span> <span class='ocrx_word' id='word_1_211' title='bbox 1188 649 1334 682; x_wconf 60' lang='lat' dir='ltr'><strong>praedicare</strong></span> <span class='ocrx_word' id='word_1_212' title='bbox 1362 648 1453 675; x_wconf 82' lang='lat' dir='ltr'><strong>volens</strong></span> <span class='ocrx_word' id='word_1_213' title='bbox 1476 650 1638 684; x_wconf 76' lang='lat' dir='ltr'><strong>evangelista</strong></span> <span class='ocrx_word' id='word_1_214' title='bbox 1657 671 1666 683; x_wconf 83' lang='lat'><strong>,</strong></span> 
     </span>
    </p>
   </div>
   <div class='ocr_carea' id='block_1_29' title="bbox 889 693 1669 730">
    <p class='ocr_par' dir='ltr' id='par_1_29' title="bbox 889 693 1669 730">
     <span class='ocr_line' id='line_1_29' title="bbox 889 693 1669 730; baseline 0.001 -9"><span class='ocrx_word' id='word_1_215' title='bbox 889 700 1031 730; x_wconf 77' lang='lat' dir='ltr'><strong>postquam</strong></span> <span class='ocrx_word' id='word_1_216' title='bbox 1039 695 1140 727; x_wconf 80' lang='lat' dir='ltr'><strong>docuit,</strong></span> <span class='ocrx_word' id='word_1_217' title='bbox 1282 701 1342 719; x_wconf 90' lang='lat' dir='ltr'><strong>etttn</strong></span> <span class='ocrx_word' id='word_1_218' title='bbox 1356 693 1399 727; x_wconf 91' lang='lat' dir='ltr'><strong>qui</strong></span> <span class='ocrx_word' id='word_1_219' title='bbox 1418 694 1452 719; x_wconf 89' lang='lat' dir='ltr'><strong>ab</strong></span> <span class='ocrx_word' id='word_1_220' title='bbox 1468 694 1544 721; x_wconf 90' lang='lat' dir='ltr'><strong>initio</strong></span> <span class='ocrx_word' id='word_1_221' title='bbox 1557 699 1626 728; x_wconf 87' lang='lat' dir='ltr'><strong>crat,</strong></span> <span class='ocrx_word' id='word_1_222' title='bbox 1641 702 1669 722; x_wconf 90' lang='lat' dir='ltr'><strong>ct</strong></span> 
     </span>
    </p>
   </div>
   <div class='ocr_carea' id='block_1_30' title="bbox 889 739 1667 774">
    <p class='ocr_par' dir='ltr' id='par_1_30' title="bbox 889 739 1667 774">
     <span class='ocr_line' id='line_1_30' title="bbox 889 739 1667 774; baseline 0 -7"><span class='ocrx_word' id='word_1_223' title='bbox 889 741 932 774; x_wconf 97' lang='lat' dir='ltr'><strong>qui</strong></span> <span class='ocrx_word' id='word_1_224' title='bbox 950 740 1019 767; x_wconf 75' lang='lat' dir='ltr'><strong>Deus</strong></span> <span class='ocrx_word' id='word_1_225' title='bbox 1030 745 1136 771; x_wconf 82' lang='lat' dir='ltr'><strong>erat.et</strong></span> <span class='ocrx_word' id='word_1_226' title='bbox 1148 740 1192 774; x_wconf 86' lang='lat' dir='ltr'><strong>qui</strong></span> <span class='ocrx_word' id='word_1_227' title='bbox 1214 739 1283 773; x_wconf 87' lang='lat' dir='ltr'><strong>apud</strong></span> <span class='ocrx_word' id='word_1_228' title='bbox 1302 739 1382 765; x_wconf 89' lang='lat' dir='ltr'><strong>Deum</strong></span> <span class='ocrx_word' id='word_1_229' title='bbox 1402 744 1469 772; x_wconf 84' lang='lat' dir='ltr'><strong>erat,</strong></span> <span class='ocrx_word' id='word_1_230' title='bbox 1485 744 1512 766; x_wconf 88' lang='lat' dir='ltr'><strong>et</strong></span> <span class='ocrx_word' id='word_1_231' title='bbox 1529 740 1574 774; x_wconf 90' lang='lat' dir='ltr'><strong>qui</strong></span> <span class='ocrx_word' id='word_1_232' title='bbox 1597 749 1667 768; x_wconf 92' lang='lat' dir='ltr'><strong>nun-</strong></span> 
     </span>
    </p>
   </div>
   <div class='ocr_carea' id='block_1_31' title="bbox 889 784 1667 820">
    <p class='ocr_par' dir='ltr' id='par_1_31' title="bbox 889 784 1667 820">
     <span class='ocr_line' id='line_1_31' title="bbox 889 784 1667 820; baseline 0.004 -10"><span class='ocrx_word' id='word_1_233' title='bbox 889 792 1038 819; x_wconf 90' lang='lat' dir='ltr'><strong>quamnon</strong></span> <span class='ocrx_word' id='word_1_234' title='bbox 1057 785 1162 818; x_wconf 81' lang='lat' dir='ltr'><strong>fuerat,</strong></span> <span class='ocrx_word' id='word_1_235' title='bbox 1185 785 1231 818; x_wconf 89' lang='lat' dir='ltr'><strong>qui</strong></span> <span class='ocrx_word' id='word_1_236' title='bbox 1256 784 1345 810; x_wconf 92' lang='lat' dir='ltr'><strong>omnia</strong></span> <span class='ocrx_word' id='word_1_237' title='bbox 1361 790 1521 818; x_wconf 72' lang='lat' dir='ltr'><strong>creaverat,</strong></span> <span class='ocrx_word' id='word_1_238' title='bbox 1545 786 1590 820; x_wconf 91' lang='lat' dir='ltr'><strong>qui</strong></span> <span class='ocrx_word' id='word_1_239' title='bbox 1613 794 1667 813; x_wconf 83' lang='lat' dir='ltr'><strong>nou</strong></span> 
     </span>
    </p>
   </div>
   <div class='ocr_carea' id='block_1_32' title="bbox 43 828 836 867">
    <p class='ocr_par' dir='ltr' id='par_1_32' title="bbox 43 828 836 867">
     <span class='ocr_line' id='line_1_32' title="bbox 43 828 836 867; baseline 0.004 -12"><span class='ocrx_word' id='word_1_240' title='bbox 43 830 92 860; x_wconf 82' lang='grc' dir='ltr'><strong>είς</strong></span> <span class='ocrx_word' id='word_1_241' title='bbox 105 831 138 855; x_wconf 86' lang='grc' dir='ltr'>τὸ</span> <span class='ocrx_word' id='word_1_242' title='bbox 152 828 220 854; x_wconf 77' lang='grc' dir='ltr'>εἶναι</span> <span class='ocrx_word' id='word_1_243' title='bbox 233 830 360 864; x_wconf 75' lang='grc' dir='ltr'>ποιήσας,</span> <span class='ocrx_word' id='word_1_244' title='bbox 376 830 471 865; x_wconf 76' lang='grc' dir='ltr'><strong>ὴζωὴ,</strong></span> <span class='ocrx_word' id='word_1_245' title='bbox 487 831 516 856; x_wconf 72' lang='grc' dir='ltr'>τὸ</span> <span class='ocrx_word' id='word_1_246' title='bbox 529 831 587 864; x_wconf 79' lang='grc' dir='ltr'><strong>φῶς</strong></span> <span class='ocrx_word' id='word_1_247' title='bbox 598 831 628 857; x_wconf 84' lang='grc' dir='ltr'>τὺ</span> <span class='ocrx_word' id='word_1_248' title='bbox 646 831 782 866; x_wconf 77' lang='grc' dir='ltr'>ἀληθινὸν,</span> <span class='ocrx_word' id='word_1_249' title='bbox 796 832 836 867; x_wconf 60' lang='grc' dir='ltr'><strong>τὴε</strong></span> 
     </span>
    </p>
   </div>
   <div class='ocr_carea' id='block_1_33' title="bbox 910 828 1669 867">
    <p class='ocr_par' dir='ltr' id='par_1_33' title="bbox 910 831 1669 866">
     <span class='ocr_line' id='line_1_33' title="bbox 910 831 1669 866; baseline -0.004 -6"><span class='ocrx_word' id='word_1_250' title='bbox 910 834 1042 861; x_wconf 78' lang='lat' dir='ltr'><strong>tsistcntia</strong></span> <span class='ocrx_word' id='word_1_251' title='bbox 1057 834 1089 861; x_wconf 91' lang='lat' dir='ltr'><strong>ad</strong></span> <span class='ocrx_word' id='word_1_252' title='bbox 1108 835 1294 861; x_wconf 80' lang='lat' dir='ltr'><strong>exsistendum</strong></span> <span class='ocrx_word' id='word_1_253' title='bbox 1316 837 1448 864; x_wconf 77' lang='lat' dir='ltr'><strong>traxerat,</strong></span> <span class='ocrx_word' id='word_1_254' title='bbox 1469 832 1514 866; x_wconf 90' lang='lat' dir='ltr'><strong>qui</strong></span> <span class='ocrx_word' id='word_1_255' title='bbox 1534 831 1587 858; x_wconf 81' lang='lat' dir='ltr'><strong>vita</strong></span> <span class='ocrx_word' id='word_1_256' title='bbox 1608 836 1669 858; x_wconf 87' lang='lat' dir='ltr'><strong>erat</strong></span> 
     </span>
    </p>
   </div>
   <div class='ocr_carea' id='block_1_34' title="bbox 46 875 847 913">
    <p class='ocr_par' dir='ltr' id='par_1_34' title="bbox 46 875 847 913">
     <span class='ocr_line' id='line_1_34' title="bbox 46 875 847 913; baseline 0.006 -14"><span class='ocrx_word' id='word_1_257' title='bbox 46 875 184 910; x_wconf 62' lang='grc' dir='ltr'>φθαρτὴν</span> <span class='ocrx_word' id='word_1_258' title='bbox 197 875 312 901; x_wconf 75' lang='grc' dir='ltr'>ἀνέλαϐε</span> <span class='ocrx_word' id='word_1_259' title='bbox 324 875 415 909; x_wconf 76' lang='grc' dir='ltr'>φύσιν,</span> <span class='ocrx_word' id='word_1_260' title='bbox 423 876 470 902; x_wconf 74' lang='grc' dir='ltr'>καὶ</span> <span class='ocrx_word' id='word_1_261' title='bbox 481 876 514 902; x_wconf 83' lang='grc' dir='ltr'>τὰ</span> <span class='ocrx_word' id='word_1_262' title='bbox 521 876 575 903; x_wconf 82' lang='grc' dir='ltr'><strong>τῶν</strong></span> <span class='ocrx_word' id='word_1_263' title='bbox 585 876 737 913; x_wconf 82' lang='grc' dir='ltr'>ἀνθρώπων</span> <span class='ocrx_word' id='word_1_264' title='bbox 746 877 847 912; x_wconf 83' lang='grc' dir='ltr'>ᾠκειώ-</span> 
     </span>
    </p>
   </div>
   <div class='ocr_carea' id='block_1_35' title="bbox 45 920 846 959">
    <p class='ocr_par' dir='ltr' id='par_1_35' title="bbox 45 920 846 959">
     <span class='ocr_line' id='line_1_35' title="bbox 45 920 846 959; baseline 0.005 -13"><span class='ocrx_word' id='word_1_265' title='bbox 45 929 123 946; x_wconf 76' lang='grc' dir='ltr'>σατο</span> <span class='ocrx_word' id='word_1_266' title='bbox 149 920 231 955; x_wconf 70' lang='grc' dir='ltr'>πάθη,</span> <span class='ocrx_word' id='word_1_267' title='bbox 250 921 298 956; x_wconf 75' lang='grc' dir='ltr'>τὴν</span> <span class='ocrx_word' id='word_1_268' title='bbox 322 921 376 947; x_wconf 86' lang='grc' dir='ltr'><strong>τῶν</strong></span> <span class='ocrx_word' id='word_1_269' title='bbox 407 922 559 957; x_wconf 85' lang='grc' dir='ltr'>ἀνθρώπων</span> <span class='ocrx_word' id='word_1_270' title='bbox 584 923 846 959; x_wconf 82' lang='grc' dir='ltr'>πραγματευόμενος</span> 
     </span>
    </p>
   </div>
   <div class='ocr_carea' id='block_1_36' title="bbox 44 966 846 1003">
    <p class='ocr_par' dir='ltr' id='par_1_36' title="bbox 44 966 846 1003">
     <span class='ocr_line' id='line_1_36' title="bbox 44 966 846 1003; baseline 0.006 -13"><span class='ocrx_word' id='word_1_271' title='bbox 44 966 205 1000; x_wconf 75' lang='grc' dir='ltr'>σωτηρίαν.</span> <span class='ocrx_word' id='word_1_272' title='bbox 221 967 276 992; x_wconf 73' lang='grc' dir='ltr'><strong>Καὶ</strong></span> <span class='ocrx_word' id='word_1_273' title='bbox 288 966 420 1001; x_wconf 75' lang='grc' dir='ltr'>μειζόνως</span> <span class='ocrx_word' id='word_1_274' title='bbox 432 967 513 994; x_wconf 76' lang='grc' dir='ltr'>αὐτοῦ</span> <span class='ocrx_word' id='word_1_275' title='bbox 525 967 610 1000; x_wconf 77' lang='grc' dir='ltr'>δεῖξαι</span> <span class='ocrx_word' id='word_1_276' title='bbox 620 968 671 1002; x_wconf 77' lang='grc' dir='ltr'><strong>τῆς</strong></span> <span class='ocrx_word' id='word_1_277' title='bbox 684 969 846 1003; x_wconf 78' lang='grc' dir='ltr'>εὐεργεσίας</span> 
     </span>
    </p>
   </div>
   <div class='ocr_carea' id='block_1_37' title="bbox 42 1009 845 1048">
    <p class='ocr_par' dir='ltr' id='par_1_37' title="bbox 42 1009 845 1048">
     <span class='ocr_line' id='line_1_37' title="bbox 42 1009 845 1048; baseline 0.005 -12"><span class='ocrx_word' id='word_1_278' title='bbox 42 1011 80 1036; x_wconf 63' lang='grc' dir='ltr'><strong>τ’,</strong></span> <span class='ocrx_word' id='word_1_279' title='bbox 99 1009 217 1044; x_wconf 79' lang='grc' dir='ltr'>μέγεθος</span> <span class='ocrx_word' id='word_1_280' title='bbox 232 1010 374 1046; x_wconf 78' lang='grc' dir='ltr'>ἐθελήσας,</span> <span class='ocrx_word' id='word_1_281' title='bbox 387 1012 417 1038; x_wconf 85' lang='grc' dir='ltr'>οὺ</span> <span class='ocrx_word' id='word_1_282' title='bbox 433 1013 483 1047; x_wconf 82' lang='grc' dir='ltr'>τῆς</span> <span class='ocrx_word' id='word_1_283' title='bbox 494 1012 585 1047; x_wconf 69' lang='grc' dir='ltr'>ψυχῆς</span> <span class='ocrx_word' id='word_1_284' title='bbox 600 1013 785 1048; x_wconf 82' lang='grc' dir='ltr'>ἐμνημόνευσε</span> <span class='ocrx_word' id='word_1_285' title='bbox 795 1013 845 1048; x_wconf 69' lang='grc' dir='ltr'>τῆς</span> 
     </span>
    </p>
   </div>
   <div class='ocr_carea' id='block_1_38' title="bbox 40 1056 844 1095">
    <p class='ocr_par' dir='ltr' id='par_1_38' title="bbox 40 1056 844 1095">
     <span class='ocr_line' id='line_1_38' title="bbox 40 1056 844 1095; baseline 0.006 -14"><span class='ocrx_word' id='word_1_286' title='bbox 40 1056 203 1088; x_wconf 74' lang='grc' dir='ltr'>ἀθανάτου,</span> <span class='ocrx_word' id='word_1_287' title='bbox 222 1057 290 1083; x_wconf 78' lang='grc' dir='ltr'>ἀλλὰ</span> <span class='ocrx_word' id='word_1_288' title='bbox 305 1058 354 1092; x_wconf 81' lang='grc' dir='ltr'>τῆς</span> <span class='ocrx_word' id='word_1_289' title='bbox 374 1058 476 1093; x_wconf 70' lang='grc' dir='ltr'>σαρκὸς</span> <span class='ocrx_word' id='word_1_290' title='bbox 488 1059 538 1094; x_wconf 76' lang='grc' dir='ltr'>τῆς</span> <span class='ocrx_word' id='word_1_291' title='bbox 555 1059 690 1094; x_wconf 84' lang='grc' dir='ltr'>παθητῆς,</span> <span class='ocrx_word' id='word_1_292' title='bbox 705 1059 754 1094; x_wconf 84' lang='grc' dir='ltr'>τῆς</span> <span class='ocrx_word' id='word_1_293' title='bbox 779 1059 844 1095; x_wconf 81' lang='grc' dir='ltr'>θνη-</span> 
     </span>
    </p>
   </div>
   <div class='ocr_carea' id='block_1_39' title="bbox 39 1101 843 1139">
    <p class='ocr_par' dir='ltr' id='par_1_39' title="bbox 39 1101 843 1139">
     <span class='ocr_line' id='line_1_39' title="bbox 39 1101 843 1139; baseline 0.005 -13"><span class='ocrx_word' id='word_1_294' title='bbox 39 1102 112 1136; x_wconf 78' lang='grc' dir='ltr'>τῆς,</span> <span class='ocrx_word' id='word_1_295' title='bbox 131 1101 182 1135; x_wconf 72' lang='grc' dir='ltr'><strong>τῆς</strong></span> <span class='ocrx_word' id='word_1_296' title='bbox 199 1101 393 1137; x_wconf 73' lang='grc' dir='ltr'>φθειρομένης,</span> <span class='ocrx_word' id='word_1_297' title='bbox 418 1103 468 1138; x_wconf 79' lang='grc' dir='ltr'>τῆς</span> <span class='ocrx_word' id='word_1_298' title='bbox 490 1104 522 1129; x_wconf 80' lang='grc' dir='ltr'>ἐκ</span> <span class='ocrx_word' id='word_1_299' title='bbox 545 1103 630 1138; x_wconf 85' lang='grc' dir='ltr'><strong>πηλοῦ</strong></span> <span class='ocrx_word' id='word_1_300' title='bbox 646 1103 843 1139; x_wconf 69' lang='grc' dir='ltr'>γεγενημένης·</span> 
     </span>
    </p>
   </div>
   <div class='ocr_carea' id='block_1_40' title="bbox 39 1147 844 1184">
    <p class='ocr_par' dir='ltr' id='par_1_40' title="bbox 39 1147 844 1184">
     <span class='ocr_line' id='line_1_40' title="bbox 39 1147 844 1184; baseline 0.002 -11"><span class='ocrx_word' id='word_1_301' title='bbox 39 1147 97 1173; x_wconf 70' lang='grc' dir='ltr'><strong>καὶ</strong></span> <span class='ocrx_word' id='word_1_302' title='bbox 109 1147 167 1174; x_wconf 83' lang='grc' dir='ltr'><strong>ἀπὸ</strong></span> <span class='ocrx_word' id='word_1_303' title='bbox 187 1147 235 1173; x_wconf 83' lang='grc' dir='ltr'>τοῦ</span> <span class='ocrx_word' id='word_1_304' title='bbox 253 1148 353 1182; x_wconf 78' lang='grc' dir='ltr'>μέρους</span> <span class='ocrx_word' id='word_1_305' title='bbox 369 1148 417 1184; x_wconf 85' lang='grc' dir='ltr'><strong>τὴν</strong></span> <span class='ocrx_word' id='word_1_306' title='bbox 431 1150 522 1175; x_wconf 78' lang='grc' dir='ltr'>πᾶσαν</span> <span class='ocrx_word' id='word_1_307' title='bbox 538 1150 619 1183; x_wconf 71' lang='grc' dir='ltr'>φύσιν</span> <span class='ocrx_word' id='word_1_308' title='bbox 642 1149 790 1183; x_wconf 77' lang='grc' dir='ltr'>ἐδήλωσεν,</span> <span class='ocrx_word' id='word_1_309' title='bbox 807 1149 844 1180; x_wconf 87' lang='grc' dir='ltr'><strong>ὡς</strong></span> 
     </span>
    </p>
   </div>
   <div class='ocr_carea' id='block_1_41' title="bbox 41 1193 842 1230">
    <p class='ocr_par' dir='ltr' id='par_1_41' title="bbox 41 1193 842 1230">
     <span class='ocr_line' id='line_1_41' title="bbox 41 1193 842 1230; baseline 0.004 -13"><span class='ocrx_word' id='word_1_310' title='bbox 41 1193 192 1227; x_wconf 72' lang='grc' dir='ltr'>μαρτυρεῖ</span> <span class='ocrx_word' id='word_1_311' title='bbox 212 1193 247 1218; x_wconf 78' lang='grc' dir='ltr'><strong>τὰ</strong></span> <span class='ocrx_word' id='word_1_312' title='bbox 272 1194 449 1228; x_wconf 78' lang='grc' dir='ltr'>ὲπαγόμενα·</span> <span class='ocrx_word' id='word_1_313' title='bbox 470 1204 479 1220; x_wconf 85' lang='grc'><strong><em>‹</em></strong></span> <span class='ocrx_word' id='word_1_314' title='bbox 499 1194 528 1220; x_wconf 82' lang='grc'><strong>⁴0</strong></span> <span class='ocrx_word' id='word_1_315' title='bbox 552 1195 638 1228; x_wconf 79' lang='grc' dir='ltr'>Λόγος</span> <span class='ocrx_word' id='word_1_316' title='bbox 660 1194 725 1230; x_wconf 79' lang='grc' dir='ltr'>γὰρ,</span> <span class='ocrx_word' id='word_1_317' title='bbox 750 1195 842 1229; x_wconf 66' lang='grc' dir='ltr'>φησιν,</span> 
     </span>
    </p>
   </div>
   <div class='ocr_carea' id='block_1_42' title="bbox 42 1237 643 1275">
    <p class='ocr_par' dir='ltr' id='par_1_42' title="bbox 42 1237 643 1275">
     <span class='ocr_line' id='line_1_42' title="bbox 42 1237 643 1275; baseline 0.003 -11"><span class='ocrx_word' id='word_1_318' title='bbox 42 1237 123 1273; x_wconf 72' lang='grc' dir='ltr'>σὰρξ</span> <span class='ocrx_word' id='word_1_319' title='bbox 139 1238 258 1272; x_wconf 81' lang='grc' dir='ltr'>ἐγένετο,</span> <span class='ocrx_word' id='word_1_320' title='bbox 275 1240 322 1265; x_wconf 79' lang='grc' dir='ltr'>καὶ</span> <span class='ocrx_word' id='word_1_321' title='bbox 333 1240 488 1274; x_wconf 76' lang='grc' dir='ltr'>ἐσκήνωσεν</span> <span class='ocrx_word' id='word_1_322' title='bbox 500 1241 529 1266; x_wconf 78' lang='grc' dir='ltr'>ὲν</span> <span class='ocrx_word' id='word_1_323' title='bbox 543 1241 618 1275; x_wconf 84' lang='grc' dir='ltr'>ἡμῖν.</span> <span class='ocrx_word' id='word_1_324' title='bbox 635 1250 643 1265; x_wconf 77' lang='grc' dir='ltr'><strong>ι</strong></span> 
     </span>
    </p>
   </div>
   <div class='ocr_carea' id='block_1_43' title="bbox 85 1293 841 1330">
    <p class='ocr_par' dir='ltr' id='par_1_43' title="bbox 85 1293 841 1330">
     <span class='ocr_line' id='line_1_43' title="bbox 85 1293 841 1330; baseline 0.001 -12"><span class='ocrx_word' id='word_1_325' title='bbox 85 1293 204 1327; x_wconf 78' lang='grc' dir='ltr'>Ἕτερος</span> <span class='ocrx_word' id='word_1_326' title='bbox 223 1294 251 1320; x_wconf 75' lang='grc' dir='ltr'><strong>δὲ</strong></span> <span class='ocrx_word' id='word_1_327' title='bbox 268 1295 281 1320; x_wconf 85' lang='grc' dir='ltr'><em>ὀ</em></span> <span class='ocrx_word' id='word_1_328' title='bbox 293 1295 459 1330; x_wconf 78' lang='grc' dir='ltr'>κατοικήσας</span> <span class='ocrx_word' id='word_1_329' title='bbox 478 1295 548 1321; x_wconf 78' lang='grc' dir='ltr'>κατὰ</span> <span class='ocrx_word' id='word_1_330' title='bbox 560 1295 606 1321; x_wconf 77' lang='grc' dir='ltr'><strong>τὸν</strong></span> <span class='ocrx_word' id='word_1_331' title='bbox 626 1295 705 1329; x_wconf 80' lang='grc' dir='ltr'>λόγον</span> <span class='ocrx_word' id='word_1_332' title='bbox 723 1296 772 1330; x_wconf 82' lang='grc' dir='ltr'>τῆς</span> <span class='ocrx_word' id='word_1_333' title='bbox 791 1297 841 1330; x_wconf 76' lang='grc' dir='ltr'>φύ.</span> 
     </span>
    </p>
   </div>
   <div class='ocr_carea' id='block_1_44' title="bbox 36 1339 841 1376">
    <p class='ocr_par' dir='ltr' id='par_1_44' title="bbox 36 1339 841 1376">
     <span class='ocr_line' id='line_1_44' title="bbox 36 1339 841 1376; baseline 0.004 -11"><span class='ocrx_word' id='word_1_334' title='bbox 36 1348 132 1368; x_wconf 54' lang='lat' dir='ltr'><strong>cur);</strong></span> <span class='ocrx_word' id='word_1_335' title='bbox 147 1339 193 1364; x_wconf 65' lang='lat' dir='ltr'><strong>xl&quot;-</strong></span> <span class='ocrx_word' id='word_1_336' title='bbox 206 1339 298 1374; x_wconf 76' lang='grc' dir='ltr'>ἕτερος</span> <span class='ocrx_word' id='word_1_337' title='bbox 309 1341 323 1366; x_wconf 84' lang='grc' dir='ltr'>ὁ</span> <span class='ocrx_word' id='word_1_338' title='bbox 337 1340 462 1370; x_wconf 83' lang='grc' dir='ltr'>ναός.Διὸ</span> <span class='ocrx_word' id='word_1_339' title='bbox 472 1340 519 1366; x_wconf 78' lang='grc' dir='ltr'><strong>καὶ</strong></span> <span class='ocrx_word' id='word_1_340' title='bbox 533 1342 589 1372; x_wconf 83' lang='grc' dir='ltr'>τοῖς</span> <span class='ocrx_word' id='word_1_341' title='bbox 604 1341 742 1373; x_wconf 81' lang='grc' dir='ltr'>Ἰουδαίοις</span> <span class='ocrx_word' id='word_1_342' title='bbox 754 1342 841 1376; x_wconf 78' lang='grc' dir='ltr'>ἔλεγε·</span> 
     </span>
    </p>
   </div>
   <div class='ocr_carea' id='block_1_45' title="bbox 38 1383 843 1423">
    <p class='ocr_par' dir='ltr' id='par_1_45' title="bbox 38 1383 843 1423">
     <span class='ocr_line' id='line_1_45' title="bbox 38 1383 843 1423; baseline 0.009 -15"><span class='ocrx_word' id='word_1_343' title='bbox 38 1394 48 1408; x_wconf 73' lang='grc' dir='ltr'><strong>ι</strong></span> <span class='ocrx_word' id='word_1_344' title='bbox 70 1383 185 1409; x_wconf 73' lang='grc' dir='ltr'>Λύσατε</span> <span class='ocrx_word' id='word_1_345' title='bbox 201 1384 245 1410; x_wconf 73' lang='grc' dir='ltr'><strong>τὸν</strong></span> <span class='ocrx_word' id='word_1_346' title='bbox 269 1385 332 1411; x_wconf 69' lang='grc' dir='ltr'>ναὶν</span> <span class='ocrx_word' id='word_1_347' title='bbox 358 1385 462 1418; x_wconf 78' lang='grc' dir='ltr'>τοῦτον,</span> <span class='ocrx_word' id='word_1_348' title='bbox 487 1387 535 1412; x_wconf 69' lang='grc' dir='ltr'>καὶ</span> <span class='ocrx_word' id='word_1_349' title='bbox 562 1387 589 1413; x_wconf 82' lang='grc' dir='ltr'>ὲν</span> <span class='ocrx_word' id='word_1_350' title='bbox 613 1388 702 1422; x_wconf 75' lang='grc' dir='ltr'>τρισὶν</span> <span class='ocrx_word' id='word_1_351' title='bbox 724 1388 843 1423; x_wconf 78' lang='grc' dir='ltr'>ἡμέραις</span> 
     </span>
    </p>
   </div>
   <div class='ocr_carea' id='block_1_46' title="bbox 32 1428 842 1469">
    <p class='ocr_par' dir='ltr' id='par_1_46' title="bbox 32 1428 842 1469">
     <span class='ocr_line' id='line_1_46' title="bbox 32 1428 842 1469; baseline 0.005 -14"><span class='ocrx_word' id='word_1_352' title='bbox 32 1428 142 1463; x_wconf 71' lang='grc' dir='ltr'>ἐγερῶ</span> <span class='ocrx_word' id='word_1_353' title='bbox 159 1429 247 1456; x_wconf 68' lang='grc' dir='ltr'>αὐτὸν.</span> <span class='ocrx_word' id='word_1_354' title='bbox 264 1439 272 1454; x_wconf 84' lang='grc' dir='ltr'><strong>ι</strong></span> <span class='ocrx_word' id='word_1_355' title='bbox 284 1429 368 1462; x_wconf 84' lang='grc' dir='ltr'>Λύσις</span> <span class='ocrx_word' id='word_1_356' title='bbox 382 1431 410 1456; x_wconf 78' lang='grc' dir='ltr'>δὲ</span> <span class='ocrx_word' id='word_1_357' title='bbox 426 1431 472 1457; x_wconf 76' lang='grc' dir='ltr'>τοῦ</span> <span class='ocrx_word' id='word_1_358' title='bbox 486 1432 562 1463; x_wconf 78' lang='grc' dir='ltr'>ναοῦ,</span> <span class='ocrx_word' id='word_1_359' title='bbox 577 1432 666 1467; x_wconf 70' lang='grc' dir='ltr'>ψυχῆς</span> <span class='ocrx_word' id='word_1_360' title='bbox 680 1433 727 1459; x_wconf 80' lang='grc' dir='ltr'><strong>καὶ</strong></span> <span class='ocrx_word' id='word_1_361' title='bbox 747 1433 842 1469; x_wconf 79' lang='grc' dir='ltr'>σώμα-</span> 
     </span>
    </p>
   </div>
   <div class='ocr_carea' id='block_1_47' title="bbox 31 1474 841 1513">
    <p class='ocr_par' dir='ltr' id='par_1_47' title="bbox 31 1474 841 1513">
     <span class='ocr_line' id='line_1_47' title="bbox 31 1474 841 1513; baseline 0.007 -13"><span class='ocrx_word' id='word_1_362' title='bbox 31 1483 92 1506; x_wconf 79' lang='grc' dir='ltr'><strong>τος</strong></span> <span class='ocrx_word' id='word_1_363' title='bbox 112 1475 130 1509; x_wconf 76' lang='grc' dir='ltr'>ἡ</span> <span class='ocrx_word' id='word_1_364' title='bbox 151 1474 301 1507; x_wconf 75' lang='grc' dir='ltr'>διάζευξις·</span> <span class='ocrx_word' id='word_1_365' title='bbox 324 1475 438 1508; x_wconf 72' lang='grc' dir='ltr'>θάνατος</span> <span class='ocrx_word' id='word_1_366' title='bbox 458 1477 511 1513; x_wconf 85' lang='grc' dir='ltr'><strong>γάρ</strong></span> <span class='ocrx_word' id='word_1_367' title='bbox 526 1478 583 1504; x_wconf 79' lang='grc' dir='ltr'>ἔστι</span> <span class='ocrx_word' id='word_1_368' title='bbox 612 1478 700 1513; x_wconf 74' lang='grc' dir='ltr'>ψυχῆς</span> <span class='ocrx_word' id='word_1_369' title='bbox 716 1479 770 1505; x_wconf 82' lang='grc' dir='ltr'><strong>ἀπὸ</strong></span> <span class='ocrx_word' id='word_1_370' title='bbox 788 1479 841 1505; x_wconf 85' lang='grc' dir='ltr'><strong>σώ-</strong></span> 
     </span>
    </p>
   </div>
   <div class='ocr_carea' id='block_1_48' title="bbox 36 1516 871 1560">
    <p class='ocr_par' dir='ltr' id='par_1_48' title="bbox 36 1516 871 1560">
     <span class='ocr_line' id='line_1_48' title="bbox 36 1516 871 1560; baseline 0.008 -15"><span class='ocrx_word' id='word_1_371' title='bbox 36 1529 137 1555; x_wconf 73' lang='grc' dir='ltr'>ματος</span> <span class='ocrx_word' id='word_1_372' title='bbox 151 1521 324 1557; x_wconf 82' lang='grc' dir='ltr'>ἀναχώρησις</span> <span class='ocrx_word' id='word_1_373' title='bbox 333 1530 339 1537; x_wconf 94' lang='grc'><strong>·</strong></span> <span class='ocrx_word' id='word_1_374' title='bbox 353 1522 450 1549; x_wconf 82' lang='grc' dir='ltr'>οὐκοῦν</span> <span class='ocrx_word' id='word_1_375' title='bbox 463 1523 512 1558; x_wconf 77' lang='grc' dir='ltr'>τὴν</span> <span class='ocrx_word' id='word_1_376' title='bbox 532 1523 609 1550; x_wconf 80' lang='grc' dir='ltr'>λύσιν</span> <span class='ocrx_word' id='word_1_377' title='bbox 622 1525 669 1551; x_wconf 84' lang='grc' dir='ltr'>τοῦ</span> <span class='ocrx_word' id='word_1_378' title='bbox 685 1525 748 1551; x_wconf 81' lang='grc' dir='ltr'>ναοῦ</span> <span class='ocrx_word' id='word_1_379' title='bbox 764 1526 778 1551; x_wconf 82' lang='grc' dir='ltr'>ὁ</span> <span class='ocrx_word' id='word_1_380' title='bbox 790 1525 841 1560; x_wconf 83' lang='grc' dir='ltr'><strong>τῆς</strong></span> <span class='ocrx_word' id='word_1_381' title='bbox 852 1516 871 1526; x_wconf 60' lang='lat' dir='ltr'>u</span> 
     </span>
    </p>
   </div>
   <div class='ocr_carea' id='block_1_49' title="bbox 34 1566 840 1603">
    <p class='ocr_par' dir='ltr' id='par_1_49' title="bbox 34 1566 840 1603">
     <span class='ocr_line' id='line_1_49' title="bbox 34 1566 840 1603; baseline 0.007 -12"><span class='ocrx_word' id='word_1_382' title='bbox 34 1566 142 1600; x_wconf 52' lang='grc' dir='ltr'>ψυχῆς</span> <span class='ocrx_word' id='word_1_383' title='bbox 162 1567 307 1602; x_wconf 74' lang='grc' dir='ltr'>ἐργάζεται</span> <span class='ocrx_word' id='word_1_384' title='bbox 323 1569 478 1603; x_wconf 82' lang='grc' dir='ltr'>χωρισμός·</span> <span class='ocrx_word' id='word_1_385' title='bbox 505 1570 528 1595; x_wconf 82' lang='grc' dir='ltr'>εἰ</span> <span class='ocrx_word' id='word_1_386' title='bbox 543 1570 631 1596; x_wconf 81' lang='grc' dir='ltr'>τοίνυν</span> <span class='ocrx_word' id='word_1_387' title='bbox 654 1571 773 1597; x_wconf 85' lang='grc' dir='ltr'>Ἰουδαῖοι</span> <span class='ocrx_word' id='word_1_388' title='bbox 795 1571 840 1597; x_wconf 86' lang='grc' dir='ltr'><strong>τὸν</strong></span> 
     </span>
    </p>
   </div>
   <div class='ocr_carea' id='block_1_50' title="bbox 35 1611 839 1650">
    <p class='ocr_par' dir='ltr' id='par_1_50' title="bbox 35 1611 839 1650">
     <span class='ocr_line' id='line_1_50' title="bbox 35 1611 839 1650; baseline 0.006 -13"><span class='ocrx_word' id='word_1_389' title='bbox 35 1612 115 1638; x_wconf 65' lang='grc' dir='ltr'>ναὸν</span> <span class='ocrx_word' id='word_1_390' title='bbox 142 1611 239 1638; x_wconf 81' lang='grc' dir='ltr'>ἔλυσαν</span> <span class='ocrx_word' id='word_1_391' title='bbox 260 1613 370 1648; x_wconf 85' lang='grc' dir='ltr'>σταυρῷ</span> <span class='ocrx_word' id='word_1_392' title='bbox 394 1614 441 1640; x_wconf 79' lang='grc' dir='ltr'><strong>καὶ</strong></span> <span class='ocrx_word' id='word_1_393' title='bbox 466 1614 573 1650; x_wconf 82' lang='grc' dir='ltr'>θανάτῳ</span> <span class='ocrx_word' id='word_1_394' title='bbox 602 1615 839 1650; x_wconf 69' lang='grc' dir='ltr'>παραδεδωκότες,</span> 
     </span>
    </p>
   </div>
   <div class='ocr_carea' id='block_1_51' title="bbox 34 1657 840 1695">
    <p class='ocr_par' dir='ltr' id='par_1_51' title="bbox 34 1657 840 1695">
     <span class='ocr_line' id='line_1_51' title="bbox 34 1657 840 1695; baseline 0.005 -12"><span class='ocrx_word' id='word_1_395' title='bbox 34 1658 129 1688; x_wconf 69' lang='grc' dir='ltr'>λύσις</span> <span class='ocrx_word' id='word_1_396' title='bbox 142 1657 169 1683; x_wconf 81' lang='grc' dir='ltr'><strong>δὲ</strong></span> <span class='ocrx_word' id='word_1_397' title='bbox 186 1658 249 1683; x_wconf 86' lang='grc' dir='ltr'>ναοῦ</span> <span class='ocrx_word' id='word_1_398' title='bbox 261 1658 315 1684; x_wconf 83' lang='grc' dir='ltr'><strong>τῶν</strong></span> <span class='ocrx_word' id='word_1_399' title='bbox 326 1659 508 1694; x_wconf 82' lang='grc' dir='ltr'>συνημμένων</span> <span class='ocrx_word' id='word_1_400' title='bbox 524 1661 538 1686; x_wconf 81' lang='grc' dir='ltr'>ό</span> <span class='ocrx_word' id='word_1_401' title='bbox 551 1661 700 1695; x_wconf 73' lang='grc' dir='ltr'>χωρισμὸς,</span> <span class='ocrx_word' id='word_1_402' title='bbox 713 1662 726 1687; x_wconf 78' lang='grc' dir='ltr'>ὁ</span> <span class='ocrx_word' id='word_1_403' title='bbox 736 1661 763 1687; x_wconf 80' lang='grc' dir='ltr'><strong>δὲ</strong></span> <span class='ocrx_word' id='word_1_404' title='bbox 774 1661 840 1693; x_wconf 75' lang='grc' dir='ltr'>Θεὸς</span> 
     </span>
    </p>
   </div>
   <div class='ocr_carea' id='block_1_52' title="bbox 35 1701 840 1742">
    <p class='ocr_par' dir='ltr' id='par_1_52' title="bbox 35 1701 840 1742">
     <span class='ocr_line' id='line_1_52' title="bbox 35 1701 840 1742; baseline 0.005 -13"><span class='ocrx_word' id='word_1_405' title='bbox 35 1703 138 1735; x_wconf 73' lang='grc' dir='ltr'>Λὸγος</span> <span class='ocrx_word' id='word_1_406' title='bbox 157 1701 249 1728; x_wconf 74' lang='grc' dir='ltr'>τοῦτον</span> <span class='ocrx_word' id='word_1_407' title='bbox 273 1702 388 1730; x_wconf 78' lang='grc' dir='ltr'>λυθέντα</span> <span class='ocrx_word' id='word_1_408' title='bbox 416 1705 560 1740; x_wconf 76' lang='grc' dir='ltr'>ἀνέστησε,</span> <span class='ocrx_word' id='word_1_409' title='bbox 584 1706 668 1740; x_wconf 74' lang='grc' dir='ltr'>σαφὲς</span> <span class='ocrx_word' id='word_1_410' title='bbox 683 1704 759 1742; x_wconf 77' lang='grc' dir='ltr'>οἶμαι</span> <span class='ocrx_word' id='word_1_411' title='bbox 784 1709 840 1739; x_wconf 86' lang='grc' dir='ltr'>τοῖς</span> 
     </span>
    </p>
   </div>
   <div class='ocr_carea' id='block_1_53' title="bbox 36 1748 840 1784">
    <p class='ocr_par' dir='ltr' id='par_1_53' title="bbox 36 1748 840 1784">
     <span class='ocr_line' id='line_1_53' title="bbox 36 1748 840 1784; baseline 0.006 -10"><span class='ocrx_word' id='word_1_412' title='bbox 36 1749 196 1783; x_wconf 69' lang='grc' dir='ltr'>ἔμφροσιν,</span> <span class='ocrx_word' id='word_1_413' title='bbox 215 1748 252 1780; x_wconf 85' lang='grc' dir='ltr'>ὡς</span> <span class='ocrx_word' id='word_1_414' title='bbox 269 1749 319 1775; x_wconf 85' lang='grc' dir='ltr'><strong>οὐκ</strong></span> <span class='ocrx_word' id='word_1_415' title='bbox 342 1749 444 1784; x_wconf 63' lang='grc' dir='ltr'>ἄψυχον</span> <span class='ocrx_word' id='word_1_416' title='bbox 461 1750 522 1777; x_wconf 77' lang='grc' dir='ltr'>οὐδὲ</span> <span class='ocrx_word' id='word_1_417' title='bbox 534 1751 629 1784; x_wconf 85' lang='grc' dir='ltr'>ἄνουν,</span> <span class='ocrx_word' id='word_1_418' title='bbox 654 1752 720 1778; x_wconf 80' lang='grc' dir='ltr'>ἀλλὰ</span> <span class='ocrx_word' id='word_1_419' title='bbox 738 1752 840 1779; x_wconf 85' lang='grc' dir='ltr'>τέλειον</span> 
     </span>
    </p>
   </div>
   <div class='ocr_carea' id='block_1_54' title="bbox 34 1792 839 1833">
    <p class='ocr_par' dir='ltr' id='par_1_54' title="bbox 34 1792 839 1833">
     <span class='ocr_line' id='line_1_54' title="bbox 34 1792 839 1833; baseline 0.011 -17"><span class='ocrx_word' id='word_1_420' title='bbox 34 1792 196 1826; x_wconf 71' lang='grc' dir='ltr'>ἄνθρωπον</span> <span class='ocrx_word' id='word_1_421' title='bbox 213 1793 226 1818; x_wconf 84' lang='grc' dir='ltr'>ὁ</span> <span class='ocrx_word' id='word_1_422' title='bbox 240 1792 308 1825; x_wconf 77' lang='grc' dir='ltr'>Θεὸς</span> <span class='ocrx_word' id='word_1_423' title='bbox 328 1793 473 1821; x_wconf 78' lang='grc' dir='ltr'>ἀνελάϐετο</span> <span class='ocrx_word' id='word_1_424' title='bbox 486 1796 571 1830; x_wconf 75' lang='grc' dir='ltr'>Λόγος</span> <span class='ocrx_word' id='word_1_425' title='bbox 583 1805 589 1812; x_wconf 72' lang='grc' dir='ltr'><strong>ο</strong></span> <span class='ocrx_word' id='word_1_426' title='bbox 608 1798 632 1823; x_wconf 83' lang='grc' dir='ltr'>εἰ</span> <span class='ocrx_word' id='word_1_427' title='bbox 649 1797 702 1833; x_wconf 80' lang='grc' dir='ltr'>γὰρ</span> <span class='ocrx_word' id='word_1_428' title='bbox 716 1798 776 1824; x_wconf 74' lang='grc' dir='ltr'>ἀντὶ</span> <span class='ocrx_word' id='word_1_429' title='bbox 790 1798 839 1833; x_wconf 81' lang='grc' dir='ltr'>τῆς</span> 
     </span>
    </p>
   </div>
   <div class='ocr_carea' id='block_1_55' title="bbox 33 1832 839 1878">
    <p class='ocr_par' dir='ltr' id='par_1_55' title="bbox 33 1832 839 1878">
     <span class='ocr_line' id='line_1_55' title="bbox 33 1832 839 1878; baseline 0.007 -14"><span class='ocrx_word' id='word_1_430' title='bbox 33 1836 184 1864; x_wconf 64' lang='grc' dir='ltr'>ἀθανάτου</span> <span class='ocrx_word' id='word_1_431' title='bbox 197 1837 296 1873; x_wconf 71' lang='grc' dir='ltr'>ψυχῆς,</span> <span class='ocrx_word' id='word_1_432' title='bbox 309 1839 337 1865; x_wconf 80' lang='grc' dir='ltr'><strong>ἐν</strong></span> <span class='ocrx_word' id='word_1_433' title='bbox 351 1839 390 1874; x_wconf 83' lang='grc' dir='ltr'><strong>τῷ</strong></span> <span class='ocrx_word' id='word_1_434' title='bbox 406 1840 588 1875; x_wconf 76' lang='grc' dir='ltr'>ἀναληφθέντι</span> <span class='ocrx_word' id='word_1_435' title='bbox 607 1832 714 1878; x_wconf 80' lang='grc' dir='ltr'>σώματι</span> <span class='ocrx_word' id='word_1_436' title='bbox 729 1832 839 1878; x_wconf 79' lang='grc' dir='ltr'>γέγονεν</span> 
     </span>
    </p>
   </div>
   <div class='ocr_carea' id='block_1_56' title="bbox 32 1882 837 1923">
    <p class='ocr_par' dir='ltr' id='par_1_56' title="bbox 32 1882 837 1923">
     <span class='ocr_line' id='line_1_56' title="bbox 32 1882 837 1923; baseline 0.009 -14"><span class='ocrx_word' id='word_1_437' title='bbox 32 1883 50 1909; x_wconf 80' lang='grc' dir='ltr'>ὁ</span> <span class='ocrx_word' id='word_1_438' title='bbox 78 1882 152 1910; x_wconf 75' lang='grc' dir='ltr'>Θεὸς</span> <span class='ocrx_word' id='word_1_439' title='bbox 164 1883 258 1916; x_wconf 74' lang='grc' dir='ltr'>Λόγος,</span> <span class='ocrx_word' id='word_1_440' title='bbox 275 1882 350 1910; x_wconf 79' lang='grc' dir='ltr'>εἶπεν</span> <span class='ocrx_word' id='word_1_441' title='bbox 367 1885 399 1911; x_wconf 86' lang='grc' dir='ltr'><strong>ἂν</strong></span> <span class='ocrx_word' id='word_1_442' title='bbox 419 1887 476 1916; x_wconf 83' lang='grc' dir='ltr'>τοῖς</span> <span class='ocrx_word' id='word_1_443' title='bbox 497 1886 647 1920; x_wconf 79' lang='grc' dir='ltr'>Ἰουδαίοις·</span> <span class='ocrx_word' id='word_1_444' title='bbox 667 1888 774 1916; x_wconf 81' lang='grc' dir='ltr'>Λύσατέ</span> <span class='ocrx_word' id='word_1_445' title='bbox 792 1898 837 1923; x_wconf 87' lang='grc' dir='ltr'>με,</span> 
     </span>
    </p>
   </div>
   <div class='ocr_carea' id='block_1_57' title="bbox 38 1928 837 1968">
    <p class='ocr_par' dir='ltr' id='par_1_57' title="bbox 38 1928 837 1968">
     <span class='ocr_line' id='line_1_57' title="bbox 38 1928 837 1968; baseline 0.013 -16"><span class='ocrx_word' id='word_1_446' title='bbox 38 1928 99 1955; x_wconf 74' lang='grc' dir='ltr'><strong>καὶ</strong></span> <span class='ocrx_word' id='word_1_447' title='bbox 119 1929 151 1953; x_wconf 80' lang='grc' dir='ltr'><strong>ἐν</strong></span> <span class='ocrx_word' id='word_1_448' title='bbox 177 1929 264 1963; x_wconf 72' lang='grc' dir='ltr'>τρισὶν</span> <span class='ocrx_word' id='word_1_449' title='bbox 287 1929 406 1965; x_wconf 77' lang='grc' dir='ltr'>ἡμέραις</span> <span class='ocrx_word' id='word_1_450' title='bbox 423 1931 628 1968; x_wconf 83' lang='grc' dir='ltr'>ἀναστήσομαι·</span> <span class='ocrx_word' id='word_1_451' title='bbox 658 1934 705 1960; x_wconf 79' lang='grc' dir='ltr'>νῦν</span> <span class='ocrx_word' id='word_1_452' title='bbox 718 1934 746 1961; x_wconf 77' lang='grc' dir='ltr'><strong>δὲ</strong></span> <span class='ocrx_word' id='word_1_453' title='bbox 765 1935 837 1962; x_wconf 77' lang='grc' dir='ltr'><strong>διδά-</strong></span> 
     </span>
    </p>
   </div>
   <div class='ocr_carea' id='block_1_58' title="bbox 33 1972 837 2013">
    <p class='ocr_par' dir='ltr' id='par_1_58' title="bbox 33 1972 837 2013">
     <span class='ocr_line' id='line_1_58' title="bbox 33 1972 837 2013; baseline 0.009 -14"><span class='ocrx_word' id='word_1_454' title='bbox 33 1981 134 2002; x_wconf 80' lang='grc' dir='ltr'>σκων,</span> <span class='ocrx_word' id='word_1_455' title='bbox 151 1972 196 1997; x_wconf 80' lang='grc' dir='ltr'>καὶ</span> <span class='ocrx_word' id='word_1_456' title='bbox 214 1972 261 1998; x_wconf 80' lang='grc' dir='ltr'>τοῦ</span> <span class='ocrx_word' id='word_1_457' title='bbox 281 1973 345 1999; x_wconf 87' lang='grc' dir='ltr'>ναοῦ</span> <span class='ocrx_word' id='word_1_458' title='bbox 363 1975 393 2001; x_wconf 82' lang='grc' dir='ltr'>τὸ</span> <span class='ocrx_word' id='word_1_459' title='bbox 407 1975 556 2009; x_wconf 81' lang='grc' dir='ltr'>τηνικαῦτα</span> <span class='ocrx_word' id='word_1_460' title='bbox 570 1978 601 2003; x_wconf 80' lang='grc' dir='ltr'><strong>τὸ</strong></span> <span class='ocrx_word' id='word_1_461' title='bbox 623 1978 728 2013; x_wconf 78' lang='grc' dir='ltr'>θνητὸν,</span> <span class='ocrx_word' id='word_1_462' title='bbox 744 1979 791 2005; x_wconf 75' lang='grc' dir='ltr'><strong>καὶ</strong></span> <span class='ocrx_word' id='word_1_463' title='bbox 807 1980 837 2006; x_wconf 84' lang='grc' dir='ltr'><strong>τὸ</strong></span> 
     </span>
    </p>
   </div>
   <div class='ocr_carea' id='block_1_59' title="bbox 29 2016 835 2058">
    <p class='ocr_par' dir='ltr' id='par_1_59' title="bbox 29 2016 835 2058">
     <span class='ocr_line' id='line_1_59' title="bbox 29 2016 835 2058; baseline 0.007 -14"><span class='ocrx_word' id='word_1_464' title='bbox 29 2016 161 2044; x_wconf 78' lang='grc' dir='ltr'>δυνατὸν</span> <span class='ocrx_word' id='word_1_465' title='bbox 177 2017 226 2051; x_wconf 80' lang='grc' dir='ltr'>τῆς</span> <span class='ocrx_word' id='word_1_466' title='bbox 243 2018 401 2054; x_wconf 85' lang='grc' dir='ltr'>ἐνοικούσης</span> <span class='ocrx_word' id='word_1_467' title='bbox 424 2020 566 2056; x_wconf 80' lang='grc' dir='ltr'>Θεότητος,</span> <span class='ocrx_word' id='word_1_468' title='bbox 594 2032 602 2048; x_wconf 81' lang='grc' dir='ltr'><strong>ι</strong></span> <span class='ocrx_word' id='word_1_469' title='bbox 625 2022 742 2054; x_wconf 74' lang='grc' dir='ltr'>Λύσατε,</span> <span class='ocrx_word' id='word_1_470' title='bbox 759 2024 835 2058; x_wconf 62' lang='grc' dir='ltr'>φησι,</span> 
     </span>
    </p>
   </div>
   <div class='ocr_carea' id='block_1_60' title="bbox 28 2061 834 2104">
    <p class='ocr_par' dir='ltr' id='par_1_60' title="bbox 28 2061 834 2104">
     <span class='ocr_line' id='line_1_60' title="bbox 28 2061 834 2104; baseline 0.006 -14"><span class='ocrx_word' id='word_1_471' title='bbox 28 2064 87 2090; x_wconf 73' lang='grc' dir='ltr'><strong>τὸν</strong></span> <span class='ocrx_word' id='word_1_472' title='bbox 103 2061 170 2088; x_wconf 73' lang='grc' dir='ltr'>ναὸν</span> <span class='ocrx_word' id='word_1_473' title='bbox 191 2062 301 2094; x_wconf 77' lang='grc' dir='ltr'>τοῦτον,</span> <span class='ocrx_word' id='word_1_474' title='bbox 327 2065 373 2090; x_wconf 80' lang='grc' dir='ltr'>καὶ</span> <span class='ocrx_word' id='word_1_475' title='bbox 389 2066 417 2091; x_wconf 81' lang='grc' dir='ltr'>ἐν</span> <span class='ocrx_word' id='word_1_476' title='bbox 440 2066 527 2100; x_wconf 71' lang='grc' dir='ltr'>τρισὶν</span> <span class='ocrx_word' id='word_1_477' title='bbox 549 2067 666 2102; x_wconf 77' lang='grc' dir='ltr'>ἡμέραις</span> <span class='ocrx_word' id='word_1_478' title='bbox 684 2069 772 2104; x_wconf 80' lang='grc' dir='ltr'>ἐγερῶ</span> <span class='ocrx_word' id='word_1_479' title='bbox 785 2070 834 2095; x_wconf 82' lang='grc' dir='ltr'>αύ-</span> 
     </span>
    </p>
   </div>
   <div class='ocr_carea' id='block_1_61' title="bbox 25 2109 834 2150">
    <p class='ocr_par' dir='ltr' id='par_1_61' title="bbox 25 2109 834 2150">
     <span class='ocr_line' id='line_1_61' title="bbox 25 2109 834 2150; baseline 0.007 -14"><span class='ocrx_word' id='word_1_480' title='bbox 25 2109 84 2136; x_wconf 82' lang='grc' dir='ltr'>τὸν</span> <span class='ocrx_word' id='word_1_481' title='bbox 99 2118 105 2122; x_wconf 94' lang='grc'><strong>·</strong></span> <span class='ocrx_word' id='word_1_482' title='bbox 124 2117 134 2133; x_wconf 69' lang='grc' dir='ltr'><strong>ι</strong></span> <span class='ocrx_word' id='word_1_483' title='bbox 150 2109 180 2135; x_wconf 78' lang='grc' dir='ltr'>οὐ</span> <span class='ocrx_word' id='word_1_484' title='bbox 197 2110 251 2145; x_wconf 84' lang='grc' dir='ltr'>γὰρ</span> <span class='ocrx_word' id='word_1_485' title='bbox 269 2110 333 2144; x_wconf 78' lang='grc' dir='ltr'><strong>ἐγὼ,</strong></span> <span class='ocrx_word' id='word_1_486' title='bbox 343 2112 435 2146; x_wconf 75' lang='grc' dir='ltr'>φησὶν,</span> <span class='ocrx_word' id='word_1_487' title='bbox 451 2112 495 2146; x_wconf 79' lang='grc' dir='ltr'><strong>ὑφ’</strong></span> <span class='ocrx_word' id='word_1_488' title='bbox 512 2113 588 2148; x_wconf 84' lang='grc' dir='ltr'>ὑμῶν</span> <span class='ocrx_word' id='word_1_489' title='bbox 601 2114 763 2150; x_wconf 81' lang='grc' dir='ltr'>λυθήσομαι,</span> <span class='ocrx_word' id='word_1_490' title='bbox 778 2115 834 2142; x_wconf 82' lang='grc' dir='ltr'>ἀλλ’</span> 
     </span>
    </p>
   </div>
   <div class='ocr_carea' id='block_1_62' title="bbox 883 877 1669 913">
    <p class='ocr_par' dir='ltr' id='par_1_62' title="bbox 883 877 1669 913">
     <span class='ocr_line' id='line_1_62' title="bbox 883 877 1669 913; baseline -0.009 -3"><span class='ocrx_word' id='word_1_491' title='bbox 883 886 910 910; x_wconf 85' lang='lat' dir='ltr'><strong>et</strong></span> <span class='ocrx_word' id='word_1_492' title='bbox 924 881 970 909; x_wconf 78' lang='lat' dir='ltr'><strong>lux</strong></span> <span class='ocrx_word' id='word_1_493' title='bbox 983 888 1063 913; x_wconf 86' lang='lat' dir='ltr'><strong>vera;</strong></span> <span class='ocrx_word' id='word_1_494' title='bbox 1081 881 1135 911; x_wconf 87' lang='lat' dir='ltr'><strong>hic,</strong></span> <span class='ocrx_word' id='word_1_495' title='bbox 1154 880 1201 911; x_wconf 85' lang='lat' dir='ltr'><strong>ait,</strong></span> <span class='ocrx_word' id='word_1_496' title='bbox 1217 879 1356 906; x_wconf 87' lang='lat' dir='ltr'><strong>hominum</strong></span> <span class='ocrx_word' id='word_1_497' title='bbox 1366 886 1429 905; x_wconf 88' lang='lat' dir='ltr'><strong>suas</strong></span> <span class='ocrx_word' id='word_1_498' title='bbox 1444 878 1507 904; x_wconf 75' lang='lat' dir='ltr'><strong>fecit</strong></span> <span class='ocrx_word' id='word_1_499' title='bbox 1518 877 1669 911; x_wconf 84' lang='lat' dir='ltr'><strong>passiones,</strong></span> 
     </span>
    </p>
   </div>
   <div class='ocr_carea' id='block_1_63' title="bbox 884 922 1671 957">
    <p class='ocr_par' dir='ltr' id='par_1_63' title="bbox 884 922 1671 957">
     <span class='ocr_line' id='line_1_63' title="bbox 884 922 1671 957; baseline -0.008 -3"><span class='ocrx_word' id='word_1_500' title='bbox 884 927 946 955; x_wconf 89' lang='lat' dir='ltr'><strong>dum</strong></span> <span class='ocrx_word' id='word_1_501' title='bbox 968 926 1106 953; x_wconf 88' lang='lat' dir='ltr'><strong>hominum</strong></span> <span class='ocrx_word' id='word_1_502' title='bbox 1120 925 1234 952; x_wconf 87' lang='lat' dir='ltr'><strong>salutem</strong></span> <span class='ocrx_word' id='word_1_503' title='bbox 1250 928 1422 957; x_wconf 83' lang='lat' dir='ltr'><strong>operaretur.</strong></span> <span class='ocrx_word' id='word_1_504' title='bbox 1439 922 1561 956; x_wconf 85' lang='lat' dir='ltr'><strong>Cumque</strong></span> <span class='ocrx_word' id='word_1_505' title='bbox 1582 922 1671 948; x_wconf 84' lang='lat' dir='ltr'><strong>adhuc</strong></span> 
     </span>
    </p>
   </div>
   <div class='ocr_carea' id='block_1_64' title="bbox 885 967 1671 1009">
    <p class='ocr_par' dir='ltr' id='par_1_64' title="bbox 885 967 1671 1009">
     <span class='ocr_line' id='line_1_64' title="bbox 885 967 1671 1009; baseline -0.011 -8"><span class='ocrx_word' id='word_1_506' title='bbox 885 973 971 1009; x_wconf 81' lang='lat' dir='ltr'><strong>magis</strong></span> <span class='ocrx_word' id='word_1_507' title='bbox 1000 972 1190 1000; x_wconf 82' lang='lat' dir='ltr'><strong>beneﬁciorum</strong></span> <span class='ocrx_word' id='word_1_508' title='bbox 1221 971 1292 998; x_wconf 90' lang='lat' dir='ltr'><strong>illius</strong></span> <span class='ocrx_word' id='word_1_509' title='bbox 1325 967 1539 1004; x_wconf 78' lang='lat' dir='ltr'><strong>magnitudinem</strong></span> <span class='ocrx_word' id='word_1_510' title='bbox 1557 967 1671 993; x_wconf 89' lang='lat' dir='ltr'><strong>demon-</strong></span> 
     </span>
    </p>
   </div>
   <div class='ocr_carea' id='block_1_65' title="bbox 885 1011 1670 1051">
    <p class='ocr_par' dir='ltr' id='par_1_65' title="bbox 885 1011 1670 1051">
     <span class='ocr_line' id='line_1_65' title="bbox 885 1011 1670 1051; baseline -0.009 -6"><span class='ocrx_word' id='word_1_511' title='bbox 885 1023 972 1045; x_wconf 86' lang='lat' dir='ltr'><strong>strare</strong></span> <span class='ocrx_word' id='word_1_512' title='bbox 984 1018 1073 1048; x_wconf 83' lang='lat' dir='ltr'><strong>vellet,</strong></span> <span class='ocrx_word' id='word_1_513' title='bbox 1088 1024 1258 1051; x_wconf 81' lang='lat' dir='ltr'><strong>nequaquam</strong></span> <span class='ocrx_word' id='word_1_514' title='bbox 1273 1015 1306 1042; x_wconf 88' lang='lat' dir='ltr'><strong>de</strong></span> <span class='ocrx_word' id='word_1_515' title='bbox 1321 1013 1468 1041; x_wconf 85' lang='lat' dir='ltr'><strong>immortali</strong></span> <span class='ocrx_word' id='word_1_516' title='bbox 1480 1013 1570 1039; x_wconf 88' lang='lat' dir='ltr'><strong>anima</strong></span> <span class='ocrx_word' id='word_1_517' title='bbox 1587 1011 1670 1038; x_wconf 84' lang='lat' dir='ltr'><strong>verba</strong></span> 
     </span>
    </p>
   </div>
   <div class='ocr_carea' id='block_1_66' title="bbox 885 1057 1669 1098">
    <p class='ocr_par' dir='ltr' id='par_1_66' title="bbox 885 1057 1669 1098">
     <span class='ocr_line' id='line_1_66' title="bbox 885 1057 1669 1098; baseline -0.009 -7"><span class='ocrx_word' id='word_1_518' title='bbox 885 1065 957 1096; x_wconf 79' lang='lat' dir='ltr'><strong>fecit.</strong></span> <span class='ocrx_word' id='word_1_519' title='bbox 974 1065 1020 1091; x_wconf 86' lang='lat' dir='ltr'><strong>sed</strong></span> <span class='ocrx_word' id='word_1_520' title='bbox 1040 1064 1073 1091; x_wconf 89' lang='lat' dir='ltr'><strong>de</strong></span> <span class='ocrx_word' id='word_1_521' title='bbox 1085 1062 1204 1098; x_wconf 89' lang='lat' dir='ltr'><strong>passibili</strong></span> <span class='ocrx_word' id='word_1_522' title='bbox 1220 1069 1312 1093; x_wconf 86' lang='lat' dir='ltr'><strong>carne,</strong></span> <span class='ocrx_word' id='word_1_523' title='bbox 1325 1059 1431 1088; x_wconf 88' lang='lat' dir='ltr'><strong>mortali</strong></span> <span class='ocrx_word' id='word_1_524' title='bbox 1446 1064 1473 1086; x_wconf 90' lang='lat' dir='ltr'><strong>et</strong></span> <span class='ocrx_word' id='word_1_525' title='bbox 1488 1057 1669 1093; x_wconf 79' lang='lat' dir='ltr'><strong>corruptibili,</strong></span> 
     </span>
    </p>
   </div>
   <div class='ocr_carea' id='block_1_67' title="bbox 885 1102 1670 1142">
    <p class='ocr_par' dir='ltr' id='par_1_67' title="bbox 885 1102 1670 1142">
     <span class='ocr_line' id='line_1_67' title="bbox 885 1102 1670 1142; baseline -0.01 -6"><span class='ocrx_word' id='word_1_526' title='bbox 885 1117 916 1136; x_wconf 74' lang='lat' dir='ltr'><strong>ex</strong></span> <span class='ocrx_word' id='word_1_527' title='bbox 933 1110 996 1136; x_wconf 88' lang='lat' dir='ltr'><strong>limo</strong></span> <span class='ocrx_word' id='word_1_528' title='bbox 1009 1108 1101 1141; x_wconf 79' lang='lat' dir='ltr'><strong>facta;</strong></span> <span class='ocrx_word' id='word_1_529' title='bbox 1126 1113 1207 1142; x_wconf 84' lang='lat' dir='ltr'><strong>atque</strong></span> <span class='ocrx_word' id='word_1_530' title='bbox 1226 1114 1240 1133; x_wconf 77' lang='grc' dir='ltr'><strong>ιι</strong></span> <span class='ocrx_word' id='word_1_531' title='bbox 1263 1110 1340 1141; x_wconf 88' lang='lat' dir='ltr'><strong>parte</strong></span> <span class='ocrx_word' id='word_1_532' title='bbox 1365 1109 1447 1132; x_wconf 86' lang='lat' dir='ltr'><strong>totam</strong></span> <span class='ocrx_word' id='word_1_533' title='bbox 1471 1108 1595 1130; x_wconf 86' lang='lat' dir='ltr'><strong>naturam</strong></span> <span class='ocrx_word' id='word_1_534' title='bbox 1620 1102 1670 1129; x_wconf 86' lang='lat' dir='ltr'><strong>de-</strong></span> 
     </span>
    </p>
   </div>
   <div class='ocr_carea' id='block_1_68' title="bbox 885 1147 1667 1186">
    <p class='ocr_par' dir='ltr' id='par_1_68' title="bbox 885 1147 1667 1186">
     <span class='ocr_line' id='line_1_68' title="bbox 885 1147 1667 1186; baseline -0.008 -7"><span class='ocrx_word' id='word_1_535' title='bbox 885 1153 1015 1186; x_wconf 82' lang='lat' dir='ltr'><strong>claravit,</strong></span> <span class='ocrx_word' id='word_1_536' title='bbox 1036 1158 1065 1179; x_wconf 92' lang='lat' dir='ltr'><strong>ut</strong></span> <span class='ocrx_word' id='word_1_537' title='bbox 1078 1152 1218 1186; x_wconf 77' lang='lat' dir='ltr'><strong>sequentia</strong></span> <span class='ocrx_word' id='word_1_538' title='bbox 1234 1156 1369 1178; x_wconf 87' lang='lat' dir='ltr'><strong>testantur</strong></span> <span class='ocrx_word' id='word_1_539' title='bbox 1388 1158 1394 1176; x_wconf 88' lang='lat'>:</span> <span class='ocrx_word' id='word_1_540' title='bbox 1412 1157 1422 1174; x_wconf 79' lang='grc' dir='ltr'>ί</span> <span class='ocrx_word' id='word_1_541' title='bbox 1442 1148 1559 1175; x_wconf 89' lang='lat' dir='ltr'><strong>Verbum</strong></span> <span class='ocrx_word' id='word_1_542' title='bbox 1575 1147 1646 1174; x_wconf 85' lang='lat' dir='ltr'><strong>enim</strong></span> <span class='ocrx_word' id='word_1_543' title='bbox 1659 1167 1667 1179; x_wconf 90' lang='lat'><strong>,</strong></span> 
     </span>
    </p>
   </div>
   <div class='ocr_carea' id='block_1_69' title="bbox 885 1193 1668 1233">
    <p class='ocr_par' dir='ltr' id='par_1_69' title="bbox 885 1193 1668 1233">
     <span class='ocr_line' id='line_1_69' title="bbox 885 1193 1668 1233; baseline -0.008 -8"><span class='ocrx_word' id='word_1_544' title='bbox 885 1198 992 1233; x_wconf 85' lang='lat' dir='ltr'><strong>inquit,</strong></span> <span class='ocrx_word' id='word_1_545' title='bbox 1029 1205 1093 1225; x_wconf 88' lang='lat' dir='ltr'><strong>caro</strong></span> <span class='ocrx_word' id='word_1_546' title='bbox 1121 1197 1221 1224; x_wconf 81' lang='lat' dir='ltr'><strong>factum</strong></span> <span class='ocrx_word' id='word_1_547' title='bbox 1252 1200 1293 1223; x_wconf 88' lang='lat' dir='ltr'><strong>est</strong></span> <span class='ocrx_word' id='word_1_548' title='bbox 1311 1216 1318 1228; x_wconf 84' lang='lat'><strong>,</strong></span> <span class='ocrx_word' id='word_1_549' title='bbox 1351 1199 1378 1221; x_wconf 87' lang='lat' dir='ltr'><strong>et</strong></span> <span class='ocrx_word' id='word_1_550' title='bbox 1406 1194 1538 1221; x_wconf 82' lang='lat' dir='ltr'><strong>habitavit</strong></span> <span class='ocrx_word' id='word_1_551' title='bbox 1563 1193 1590 1220; x_wconf 92' lang='lat' dir='ltr'><strong>in</strong></span> <span class='ocrx_word' id='word_1_552' title='bbox 1619 1201 1668 1220; x_wconf 90' lang='lat' dir='ltr'><strong>no-</strong></span> 
     </span>
    </p>
   </div>
   <div class='ocr_carea' id='block_1_70' title="bbox 884 1244 1000 1272">
    <p class='ocr_par' dir='ltr' id='par_1_70' title="bbox 884 1244 1000 1272">
     <span class='ocr_line' id='line_1_70' title="bbox 884 1244 1000 1272; baseline -0.026 0"><span class='ocrx_word' id='word_1_553' title='bbox 884 1244 1000 1272; x_wconf 56' lang='grc' dir='ltr'><strong>ων.»</strong></span> 
     </span>
    </p>
   </div>
   <div class='ocr_carea' id='block_1_71' title="bbox 902 1295 1670 1331">
    <p class='ocr_par' dir='ltr' id='par_1_71' title="bbox 902 1295 1670 1331">
     <span class='ocr_line' id='line_1_71' title="bbox 902 1295 1670 1331; baseline -0.008 -4"><span class='ocrx_word' id='word_1_554' title='bbox 902 1300 996 1327; x_wconf 79' lang='lat' dir='ltr'><strong>‘Alius</strong></span> <span class='ocrx_word' id='word_1_555' title='bbox 1009 1306 1073 1326; x_wconf 87' lang='lat' dir='ltr'><strong>vero</strong></span> <span class='ocrx_word' id='word_1_556' title='bbox 1088 1299 1112 1326; x_wconf 88' lang='lat' dir='ltr'><strong>is</strong></span> <span class='ocrx_word' id='word_1_557' title='bbox 1124 1302 1195 1329; x_wconf 82' lang='lat' dir='ltr'><strong>erat,</strong></span> <span class='ocrx_word' id='word_1_558' title='bbox 1218 1297 1263 1331; x_wconf 86' lang='lat' dir='ltr'><strong>qui</strong></span> <span class='ocrx_word' id='word_1_559' title='bbox 1285 1297 1366 1323; x_wconf 90' lang='lat' dir='ltr'><strong>modo</strong></span> <span class='ocrx_word' id='word_1_560' title='bbox 1395 1295 1509 1322; x_wconf 84' lang='lat' dir='ltr'><strong>naturali</strong></span> <span class='ocrx_word' id='word_1_561' title='bbox 1534 1295 1670 1322; x_wconf 86' lang='lat' dir='ltr'><strong>inhabita-</strong></span> 
     </span>
    </p>
   </div>
   <div class='ocr_carea' id='block_1_72' title="bbox 886 1339 1667 1377">
    <p class='ocr_par' dir='ltr' id='par_1_72' title="bbox 886 1339 1667 1377">
     <span class='ocr_line' id='line_1_72' title="bbox 886 1339 1667 1377; baseline -0.01 -4"><span class='ocrx_word' id='word_1_562' title='bbox 886 1346 941 1377; x_wconf 91' lang='lat' dir='ltr'><strong>bat,</strong></span> <span class='ocrx_word' id='word_1_563' title='bbox 961 1345 1032 1372; x_wconf 88' lang='lat' dir='ltr'><strong>aliud</strong></span> <span class='ocrx_word' id='word_1_564' title='bbox 1049 1351 1112 1371; x_wconf 90' lang='lat' dir='ltr'><strong>vero</strong></span> <span class='ocrx_word' id='word_1_565' title='bbox 1129 1342 1270 1377; x_wconf 85' lang='lat' dir='ltr'><strong>templum.</strong></span> <span class='ocrx_word' id='word_1_566' title='bbox 1287 1341 1376 1374; x_wconf 81' lang='lat' dir='ltr'><strong>Quare</strong></span> <span class='ocrx_word' id='word_1_567' title='bbox 1391 1345 1418 1368; x_wconf 80' lang='lat' dir='ltr'><strong>et</strong></span> <span class='ocrx_word' id='word_1_568' title='bbox 1433 1340 1533 1367; x_wconf 73' lang='lat' dir='ltr'><strong>.Iudzeis</strong></span> <span class='ocrx_word' id='word_1_569' title='bbox 1558 1339 1667 1366; x_wconf 81' lang='lat' dir='ltr'><strong>aiebat:</strong></span> 
     </span>
    </p>
   </div>
   <div class='ocr_carea' id='block_1_73' title="bbox 887 1385 1670 1424">
    <p class='ocr_par' dir='ltr' id='par_1_73' title="bbox 887 1385 1670 1424">
     <span class='ocr_line' id='line_1_73' title="bbox 887 1385 1670 1424; baseline -0.009 -6"><span class='ocrx_word' id='word_1_570' title='bbox 887 1400 897 1418; x_wconf 85' lang='grc'>‹</span> <span class='ocrx_word' id='word_1_571' title='bbox 916 1391 1017 1419; x_wconf 87' lang='lat' dir='ltr'><strong>Solvite</strong></span> <span class='ocrx_word' id='word_1_572' title='bbox 1042 1389 1170 1424; x_wconf 87' lang='lat' dir='ltr'><strong>templum</strong></span> <span class='ocrx_word' id='word_1_573' title='bbox 1188 1388 1288 1420; x_wconf 84' lang='lat' dir='ltr'><strong>ltoc,et</strong></span> <span class='ocrx_word' id='word_1_574' title='bbox 1308 1393 1358 1421; x_wconf 81' lang='lat' dir='ltr'><strong>ego</strong></span> <span class='ocrx_word' id='word_1_575' title='bbox 1381 1386 1467 1413; x_wconf 89' lang='lat' dir='ltr'><strong>tribus</strong></span> <span class='ocrx_word' id='word_1_576' title='bbox 1482 1386 1576 1413; x_wconf 86' lang='lat' dir='ltr'><strong>diebus</strong></span> <span class='ocrx_word' id='word_1_577' title='bbox 1594 1385 1670 1412; x_wconf 74' lang='lat' dir='ltr'><strong>esci-</strong></span> 
     </span>
    </p>
   </div>
   <div class='ocr_carea' id='block_1_74' title="bbox 885 1431 1670 1468">
    <p class='ocr_par' dir='ltr' id='par_1_74' title="bbox 885 1431 1670 1468">
     <span class='ocr_line' id='line_1_74' title="bbox 885 1431 1670 1468; baseline -0.009 -4"><span class='ocrx_word' id='word_1_578' title='bbox 885 1437 948 1465; x_wconf 86' lang='lat' dir='ltr'><strong>tabo</strong></span> <span class='ocrx_word' id='word_1_579' title='bbox 960 1436 1034 1463; x_wconf 90' lang='lat' dir='ltr'><strong>illud.</strong></span> <span class='ocrx_word' id='word_1_580' title='bbox 1064 1437 1085 1462; x_wconf 80' lang='lat'><strong>&#39;.</strong></span> <span class='ocrx_word' id='word_1_581' title='bbox 1105 1444 1114 1460; x_wconf 78' lang='grc' dir='ltr'><strong>ι</strong></span> <span class='ocrx_word' id='word_1_582' title='bbox 1134 1433 1238 1468; x_wconf 87' lang='lat' dir='ltr'><strong>Templi</strong></span> <span class='ocrx_word' id='word_1_583' title='bbox 1257 1440 1324 1460; x_wconf 81' lang='lat' dir='ltr'><strong>vero</strong></span> <span class='ocrx_word' id='word_1_584' title='bbox 1339 1431 1438 1460; x_wconf 88' lang='lat' dir='ltr'><strong>solutio</strong></span> <span class='ocrx_word' id='word_1_585' title='bbox 1454 1435 1514 1458; x_wconf 85' lang='lat' dir='ltr'><strong>erat</strong></span> <span class='ocrx_word' id='word_1_586' title='bbox 1530 1431 1629 1458; x_wconf 69' lang='lat' dir='ltr'><strong>anima:</strong></span> <span class='ocrx_word' id='word_1_587' title='bbox 1653 1439 1670 1458; x_wconf 82' lang='lat' dir='ltr'><strong>a</strong></span> 
     </span>
    </p>
   </div>
   <div class='ocr_carea' id='block_1_75' title="bbox 885 1477 1670 1517">
    <p class='ocr_par' dir='ltr' id='par_1_75' title="bbox 885 1477 1670 1517">
     <span class='ocr_line' id='line_1_75' title="bbox 885 1477 1670 1517; baseline -0.01 -7"><span class='ocrx_word' id='word_1_588' title='bbox 885 1489 999 1517; x_wconf 88' lang='lat' dir='ltr'><strong>corpore</strong></span> <span class='ocrx_word' id='word_1_589' title='bbox 1015 1479 1155 1509; x_wconf 84' lang='lat' dir='ltr'><strong>dissolutio</strong></span> <span class='ocrx_word' id='word_1_590' title='bbox 1167 1487 1173 1506; x_wconf 92' lang='lat'><strong>:</strong></span> <span class='ocrx_word' id='word_1_591' title='bbox 1185 1487 1246 1506; x_wconf 89' lang='lat' dir='ltr'><strong>nam</strong></span> <span class='ocrx_word' id='word_1_592' title='bbox 1260 1485 1335 1506; x_wconf 83' lang='lat' dir='ltr'><strong>mors</strong></span> <span class='ocrx_word' id='word_1_593' title='bbox 1351 1482 1394 1505; x_wconf 88' lang='lat' dir='ltr'><strong>est</strong></span> <span class='ocrx_word' id='word_1_594' title='bbox 1405 1477 1503 1504; x_wconf 73' lang='lat' dir='ltr'><strong>anima:</strong></span> <span class='ocrx_word' id='word_1_595' title='bbox 1523 1484 1537 1503; x_wconf 88' lang='lat' dir='ltr'><strong>a</strong></span> <span class='ocrx_word' id='word_1_596' title='bbox 1552 1483 1670 1511; x_wconf 84' lang='lat' dir='ltr'><strong>corpore</strong></span> 
     </span>
    </p>
   </div>
   <div class='ocr_carea' id='block_1_76' title="bbox 885 1523 1670 1562">
    <p class='ocr_par' dir='ltr' id='par_1_76' title="bbox 885 1523 1670 1562">
     <span class='ocr_line' id='line_1_76' title="bbox 885 1523 1670 1562; baseline -0.011 -5"><span class='ocrx_word' id='word_1_597' title='bbox 885 1535 1018 1556; x_wconf 81' lang='lat' dir='ltr'><strong>recessus.</strong></span> <span class='ocrx_word' id='word_1_598' title='bbox 1035 1527 1105 1562; x_wconf 81' lang='lat' dir='ltr'><strong>Ergo</strong></span> <span class='ocrx_word' id='word_1_599' title='bbox 1123 1526 1215 1560; x_wconf 86' lang='lat' dir='ltr'><strong>templi</strong></span> <span class='ocrx_word' id='word_1_600' title='bbox 1239 1524 1401 1552; x_wconf 87' lang='lat' dir='ltr'><strong>solutionem</strong></span> <span class='ocrx_word' id='word_1_601' title='bbox 1423 1527 1552 1558; x_wconf 89' lang='lat' dir='ltr'><strong>operatur</strong></span> <span class='ocrx_word' id='word_1_602' title='bbox 1572 1523 1670 1549; x_wconf 65' lang='lat' dir='ltr'><strong>anima:</strong></span> 
     </span>
    </p>
   </div>
   <div class='ocr_carea' id='block_1_77' title="bbox 884 1567 1671 1608">
    <p class='ocr_par' dir='ltr' id='par_1_77' title="bbox 884 1567 1671 1608">
     <span class='ocr_line' id='line_1_77' title="bbox 884 1567 1671 1608; baseline -0.011 -7"><span class='ocrx_word' id='word_1_603' title='bbox 884 1582 900 1601; x_wconf 89' lang='lat' dir='ltr'><strong>a</strong></span> <span class='ocrx_word' id='word_1_604' title='bbox 913 1580 1027 1608; x_wconf 88' lang='lat' dir='ltr'><strong>corpore</strong></span> <span class='ocrx_word' id='word_1_605' title='bbox 1043 1571 1189 1605; x_wconf 82' lang='lat' dir='ltr'><strong>separatio.</strong></span> <span class='ocrx_word' id='word_1_606' title='bbox 1211 1569 1295 1605; x_wconf 77' lang='lat' dir='ltr'><strong>Igitur</strong></span> <span class='ocrx_word' id='word_1_607' title='bbox 1320 1569 1342 1596; x_wconf 90' lang='lat' dir='ltr'><strong>si</strong></span> <span class='ocrx_word' id='word_1_608' title='bbox 1363 1567 1447 1595; x_wconf 70' lang='lat' dir='ltr'><strong>Judzei</strong></span> <span class='ocrx_word' id='word_1_609' title='bbox 1470 1567 1597 1602; x_wconf 87' lang='lat' dir='ltr'><strong>templum</strong></span> <span class='ocrx_word' id='word_1_610' title='bbox 1617 1567 1671 1594; x_wconf 84' lang='lat' dir='ltr'><strong>sol-</strong></span> 
     </span>
    </p>
   </div>
   <div class='ocr_carea' id='block_1_78' title="bbox 886 1613 1671 1652">
    <p class='ocr_par' dir='ltr' id='par_1_78' title="bbox 886 1613 1671 1652">
     <span class='ocr_line' id='line_1_78' title="bbox 886 1613 1671 1652; baseline -0.009 -6"><span class='ocrx_word' id='word_1_611' title='bbox 886 1624 1001 1652; x_wconf 80' lang='lat' dir='ltr'><strong>verunt,</strong></span> <span class='ocrx_word' id='word_1_612' title='bbox 1027 1617 1100 1645; x_wconf 84' lang='lat' dir='ltr'><strong>cruci</strong></span> <span class='ocrx_word' id='word_1_613' title='bbox 1128 1616 1264 1650; x_wconf 84' lang='lat' dir='ltr'><strong>mortique</strong></span> <span class='ocrx_word' id='word_1_614' title='bbox 1293 1615 1431 1641; x_wconf 81' lang='lat' dir='ltr'><strong>tradentes</strong></span> <span class='ocrx_word' id='word_1_615' title='bbox 1449 1633 1455 1645; x_wconf 87' lang='lat'><strong>,</strong></span> <span class='ocrx_word' id='word_1_616' title='bbox 1486 1613 1586 1640; x_wconf 88' lang='lat' dir='ltr'><strong>solutio</strong></span> <span class='ocrx_word' id='word_1_617' title='bbox 1606 1620 1671 1639; x_wconf 86' lang='lat' dir='ltr'><strong>vero</strong></span> 
     </span>
    </p>
   </div>
   <div class='ocr_carea' id='block_1_79' title="bbox 886 1658 1669 1698">
    <p class='ocr_par' dir='ltr' id='par_1_79' title="bbox 886 1658 1669 1698">
     <span class='ocr_line' id='line_1_79' title="bbox 886 1658 1669 1698; baseline -0.01 -7"><span class='ocrx_word' id='word_1_618' title='bbox 886 1664 976 1698; x_wconf 89' lang='lat' dir='ltr'><strong>templi</strong></span> <span class='ocrx_word' id='word_1_619' title='bbox 1001 1662 1206 1696; x_wconf 74' lang='lat' dir='ltr'><strong>coniunctorum</strong></span> <span class='ocrx_word' id='word_1_620' title='bbox 1228 1659 1365 1695; x_wconf 86' lang='lat' dir='ltr'><strong>separatio</strong></span> <span class='ocrx_word' id='word_1_621' title='bbox 1385 1658 1435 1685; x_wconf 75' lang='lat' dir='ltr'><strong>fuit</strong></span> <span class='ocrx_word' id='word_1_622' title='bbox 1451 1679 1458 1690; x_wconf 82' lang='lat'><em>,</em></span> <span class='ocrx_word' id='word_1_623' title='bbox 1492 1658 1562 1684; x_wconf 86' lang='lat' dir='ltr'><strong>Deus</strong></span> <span class='ocrx_word' id='word_1_624' title='bbox 1580 1661 1669 1684; x_wconf 80' lang='lat' dir='ltr'><strong>autent</strong></span> 
     </span>
    </p>
   </div>
   <div class='ocr_carea' id='block_1_80' title="bbox 887 1703 1670 1738">
    <p class='ocr_par' dir='ltr' id='par_1_80' title="bbox 887 1703 1670 1738">
     <span class='ocr_line' id='line_1_80' title="bbox 887 1703 1670 1738; baseline -0.009 -2"><span class='ocrx_word' id='word_1_625' title='bbox 887 1711 1003 1738; x_wconf 74' lang='lat' dir='ltr'><strong>Verbum</strong></span> <span class='ocrx_word' id='word_1_626' title='bbox 1020 1710 1070 1735; x_wconf 85' lang='lat' dir='ltr'><strong>hoc</strong></span> <span class='ocrx_word' id='word_1_627' title='bbox 1085 1707 1244 1735; x_wconf 88' lang='lat' dir='ltr'><strong>dissolutmn</strong></span> <span class='ocrx_word' id='word_1_628' title='bbox 1277 1705 1453 1733; x_wconf 89' lang='lat' dir='ltr'><strong>resuscitavit</strong></span> <span class='ocrx_word' id='word_1_629' title='bbox 1467 1724 1474 1737; x_wconf 89' lang='lat'><strong>,</strong></span> <span class='ocrx_word' id='word_1_630' title='bbox 1497 1703 1670 1738; x_wconf 75' lang='lat' dir='ltr'><strong>exploratum</strong></span> 
     </span>
    </p>
   </div>
   <div class='ocr_carea' id='block_1_81' title="bbox 886 1750 1672 1788">
    <p class='ocr_par' dir='ltr' id='par_1_81' title="bbox 886 1750 1672 1788">
     <span class='ocr_line' id='line_1_81' title="bbox 886 1750 1672 1788; baseline -0.01 -5"><span class='ocrx_word' id='word_1_631' title='bbox 886 1756 1004 1783; x_wconf 81' lang='lat' dir='ltr'><strong>arbitror</strong></span> <span class='ocrx_word' id='word_1_632' title='bbox 1022 1761 1083 1781; x_wconf 87' lang='lat' dir='ltr'><strong>esse</strong></span> <span class='ocrx_word' id='word_1_633' title='bbox 1109 1752 1298 1788; x_wconf 85' lang='lat' dir='ltr'><strong>prudentibus,</strong></span> <span class='ocrx_word' id='word_1_634' title='bbox 1327 1758 1379 1778; x_wconf 92' lang='lat' dir='ltr'><strong>non</strong></span> <span class='ocrx_word' id='word_1_635' title='bbox 1411 1750 1557 1777; x_wconf 87' lang='lat' dir='ltr'><strong>inauimem</strong></span> <span class='ocrx_word' id='word_1_636' title='bbox 1584 1757 1672 1783; x_wconf 73' lang='lat' dir='ltr'><strong>neque</strong></span> 
     </span>
    </p>
   </div>
   <div class='ocr_carea' id='block_1_82' title="bbox 887 1795 1672 1831">
    <p class='ocr_par' dir='ltr' id='par_1_82' title="bbox 887 1795 1672 1831">
     <span class='ocr_line' id='line_1_82' title="bbox 887 1795 1672 1831; baseline -0.009 -3"><span class='ocrx_word' id='word_1_637' title='bbox 887 1806 976 1828; x_wconf 85' lang='lat' dir='ltr'><strong>mente</strong></span> <span class='ocrx_word' id='word_1_638' title='bbox 998 1803 1146 1830; x_wconf 87' lang='lat' dir='ltr'><strong>carentem,</strong></span> <span class='ocrx_word' id='word_1_639' title='bbox 1159 1799 1206 1825; x_wconf 90' lang='lat' dir='ltr'><strong>sed</strong></span> <span class='ocrx_word' id='word_1_640' title='bbox 1232 1797 1382 1831; x_wconf 82' lang='lat' dir='ltr'><strong>perfectum</strong></span> <span class='ocrx_word' id='word_1_641' title='bbox 1412 1796 1550 1823; x_wconf 87' lang='lat' dir='ltr'><strong>hominem</strong></span> <span class='ocrx_word' id='word_1_642' title='bbox 1578 1803 1592 1822; x_wconf 88' lang='lat' dir='ltr'><strong>a</strong></span> <span class='ocrx_word' id='word_1_643' title='bbox 1616 1795 1672 1822; x_wconf 81' lang='lat' dir='ltr'><strong>Deo</strong></span> 
     </span>
    </p>
   </div>
   <div class='ocr_carea' id='block_1_83' title="bbox 888 1840 1671 1878">
    <p class='ocr_par' dir='ltr' id='par_1_83' title="bbox 888 1840 1671 1878">
     <span class='ocr_line' id='line_1_83' title="bbox 888 1840 1671 1878; baseline -0.01 -5"><span class='ocrx_word' id='word_1_644' title='bbox 888 1847 975 1873; x_wconf 83' lang='lat' dir='ltr'><strong>\‘erbo</strong></span> <span class='ocrx_word' id='word_1_645' title='bbox 993 1848 1159 1878; x_wconf 88' lang='lat' dir='ltr'><strong>assumptum</strong></span> <span class='ocrx_word' id='word_1_646' title='bbox 1190 1842 1283 1868; x_wconf 78' lang='lat' dir='ltr'><strong>fuisse.</strong></span> <span class='ocrx_word' id='word_1_647' title='bbox 1313 1841 1380 1868; x_wconf 84' lang='lat' dir='ltr'><strong>Nam</strong></span> <span class='ocrx_word' id='word_1_648' title='bbox 1401 1841 1424 1868; x_wconf 88' lang='lat' dir='ltr'><strong>si</strong></span> <span class='ocrx_word' id='word_1_649' title='bbox 1450 1848 1499 1875; x_wconf 92' lang='lat' dir='ltr'><strong>pro</strong></span> <span class='ocrx_word' id='word_1_650' title='bbox 1524 1840 1671 1867; x_wconf 89' lang='lat' dir='ltr'><strong>immortali</strong></span> 
     </span>
    </p>
   </div>
   <div class='ocr_carea' id='block_1_84' title="bbox 885 1884 1672 1923">
    <p class='ocr_par' dir='ltr' id='par_1_84' title="bbox 885 1884 1672 1923">
     <span class='ocr_line' id='line_1_84' title="bbox 885 1884 1672 1923; baseline -0.01 -6"><span class='ocrx_word' id='word_1_651' title='bbox 885 1891 987 1923; x_wconf 82' lang='lat' dir='ltr'><strong>anima,</strong></span> <span class='ocrx_word' id='word_1_652' title='bbox 1006 1890 1032 1915; x_wconf 94' lang='lat' dir='ltr'><strong>in</strong></span> <span class='ocrx_word' id='word_1_653' title='bbox 1055 1891 1196 1921; x_wconf 86' lang='lat' dir='ltr'><strong>assumpto</strong></span> <span class='ocrx_word' id='word_1_654' title='bbox 1220 1893 1333 1921; x_wconf 87' lang='lat' dir='ltr'><strong>corpore</strong></span> <span class='ocrx_word' id='word_1_655' title='bbox 1350 1885 1421 1912; x_wconf 85' lang='lat' dir='ltr'><strong>Deus</strong></span> <span class='ocrx_word' id='word_1_656' title='bbox 1445 1884 1561 1911; x_wconf 71' lang='lat' dir='ltr'><strong>Verbum</strong></span> <span class='ocrx_word' id='word_1_657' title='bbox 1587 1884 1672 1910; x_wconf 79' lang='lat' dir='ltr'><strong>exsti-</strong></span> 
     </span>
    </p>
   </div>
   <div class='ocr_carea' id='block_1_85' title="bbox 887 1929 1672 1968">
    <p class='ocr_par' dir='ltr' id='par_1_85' title="bbox 887 1929 1672 1968">
     <span class='ocr_line' id='line_1_85' title="bbox 887 1929 1672 1968; baseline -0.01 -5"><span class='ocrx_word' id='word_1_658' title='bbox 887 1937 981 1968; x_wconf 83' lang='lat' dir='ltr'><strong>lisset,</strong></span> <span class='ocrx_word' id='word_1_659' title='bbox 997 1934 1090 1968; x_wconf 85' lang='lat' dir='ltr'><strong>utique</strong></span> <span class='ocrx_word' id='word_1_660' title='bbox 1107 1932 1208 1960; x_wconf 76' lang='lat' dir='ltr'><strong>Judteis</strong></span> <span class='ocrx_word' id='word_1_661' title='bbox 1232 1931 1347 1959; x_wconf 85' lang='lat' dir='ltr'><strong>dixisset</strong></span> <span class='ocrx_word' id='word_1_662' title='bbox 1371 1940 1378 1958; x_wconf 97' lang='lat'>:</span> <span class='ocrx_word' id='word_1_663' title='bbox 1397 1929 1542 1957; x_wconf 86' lang='lat' dir='ltr'><strong>Dissolvite</strong></span> <span class='ocrx_word' id='word_1_664' title='bbox 1561 1937 1614 1962; x_wconf 84' lang='lat' dir='ltr'><strong>me,</strong></span> <span class='ocrx_word' id='word_1_665' title='bbox 1644 1934 1672 1955; x_wconf 89' lang='lat' dir='ltr'><strong>et</strong></span> 
     </span>
    </p>
   </div>
   <div class='ocr_carea' id='block_1_86' title="bbox 887 1975 1671 2014">
    <p class='ocr_par' dir='ltr' id='par_1_86' title="bbox 887 1975 1671 2014">
     <span class='ocr_line' id='line_1_86' title="bbox 887 1975 1671 2014; baseline -0.011 -5"><span class='ocrx_word' id='word_1_666' title='bbox 887 1982 975 2009; x_wconf 80' lang='lat' dir='ltr'><strong>triduo</strong></span> <span class='ocrx_word' id='word_1_667' title='bbox 992 1987 1141 2014; x_wconf 75' lang='lat' dir='ltr'><strong>resurgam.</strong></span> <span class='ocrx_word' id='word_1_668' title='bbox 1158 1977 1236 2005; x_wconf 88' lang='lat' dir='ltr'><strong>Nunc</strong></span> <span class='ocrx_word' id='word_1_669' title='bbox 1248 1983 1314 2004; x_wconf 88' lang='lat' dir='ltr'><strong>vero</strong></span> <span class='ocrx_word' id='word_1_670' title='bbox 1329 1984 1390 2003; x_wconf 86' lang='lat' dir='ltr'><strong>cuin</strong></span> <span class='ocrx_word' id='word_1_671' title='bbox 1404 1976 1512 2008; x_wconf 79' lang='lat' dir='ltr'><strong>doceat,</strong></span> <span class='ocrx_word' id='word_1_672' title='bbox 1527 1979 1554 2002; x_wconf 87' lang='lat' dir='ltr'><strong>et</strong></span> <span class='ocrx_word' id='word_1_673' title='bbox 1579 1975 1671 2008; x_wconf 87' lang='lat' dir='ltr'><strong>templi</strong></span> 
     </span>
    </p>
   </div>
   <div class='ocr_carea' id='block_1_87' title="bbox 886 2021 1670 2056">
    <p class='ocr_par' dir='ltr' id='par_1_87' title="bbox 886 2021 1670 2056">
     <span class='ocr_line' id='line_1_87' title="bbox 886 2021 1670 2056; baseline -0.011 -1"><span class='ocrx_word' id='word_1_674' title='bbox 886 2027 957 2055; x_wconf 92' lang='lat' dir='ltr'><strong>illius</strong></span> <span class='ocrx_word' id='word_1_675' title='bbox 966 2022 1382 2056; x_wconf 73' lang='lat' dir='ltr'><strong>mortalitatcm.ctinhabitantis</strong></span> <span class='ocrx_word' id='word_1_676' title='bbox 1389 2021 1502 2049; x_wconf 85' lang='lat' dir='ltr'><strong>Deitatis</strong></span> <span class='ocrx_word' id='word_1_677' title='bbox 1510 2021 1670 2056; x_wconf 86' lang='lat' dir='ltr'><strong>potentiam.</strong></span> 
     </span>
    </p>
   </div>
   <div class='ocr_carea' id='block_1_88' title="bbox 888 2065 1672 2105">
    <p class='ocr_par' dir='ltr' id='par_1_88' title="bbox 888 2065 1672 2105">
     <span class='ocr_line' id='line_1_88' title="bbox 888 2065 1672 2105; baseline -0.01 -5"><span class='ocrx_word' id='word_1_678' title='bbox 888 2083 898 2100; x_wconf 74' lang='grc' dir='ltr'><strong>ι</strong></span> <span class='ocrx_word' id='word_1_679' title='bbox 919 2073 1032 2105; x_wconf 79' lang='lat' dir='ltr'><strong>Solvite,</strong></span> <span class='ocrx_word' id='word_1_680' title='bbox 1049 2071 1150 2105; x_wconf 89' lang='lat' dir='ltr'><strong>inquit,</strong></span> <span class='ocrx_word' id='word_1_681' title='bbox 1160 2069 1289 2104; x_wconf 89' lang='lat' dir='ltr'><strong>templum</strong></span> <span class='ocrx_word' id='word_1_682' title='bbox 1308 2069 1370 2100; x_wconf 82' lang='lat' dir='ltr'><strong>hoc,</strong></span> <span class='ocrx_word' id='word_1_683' title='bbox 1383 2072 1410 2095; x_wconf 87' lang='lat' dir='ltr'><strong>et</strong></span> <span class='ocrx_word' id='word_1_684' title='bbox 1427 2074 1476 2102; x_wconf 79' lang='lat' dir='ltr'><strong>ego</strong></span> <span class='ocrx_word' id='word_1_685' title='bbox 1495 2067 1583 2093; x_wconf 89' lang='lat' dir='ltr'><strong>triduo</strong></span> <span class='ocrx_word' id='word_1_686' title='bbox 1596 2065 1672 2093; x_wconf 76' lang='lat' dir='ltr'><strong>exci-</strong></span> 
     </span>
    </p>
   </div>
   <div class='ocr_carea' id='block_1_89' title="bbox 887 2112 1669 2149">
    <p class='ocr_par' dir='ltr' id='par_1_89' title="bbox 887 2112 1669 2149">
     <span class='ocr_line' id='line_1_89' title="bbox 887 2112 1669 2149; baseline -0.009 -3"><span class='ocrx_word' id='word_1_687' title='bbox 887 2120 948 2146; x_wconf 87' lang='lat' dir='ltr'><strong>tabo</strong></span> <span class='ocrx_word' id='word_1_688' title='bbox 963 2118 1035 2145; x_wconf 89' lang='lat' dir='ltr'><strong>illud.</strong></span> <span class='ocrx_word' id='word_1_689' title='bbox 1057 2126 1065 2142; x_wconf 81' lang='grc' dir='ltr'><strong>ι</strong></span> <span class='ocrx_word' id='word_1_690' title='bbox 1088 2116 1146 2143; x_wconf 88' lang='lat' dir='ltr'><strong>Non</strong></span> <span class='ocrx_word' id='word_1_691' title='bbox 1159 2116 1231 2143; x_wconf 89' lang='lat' dir='ltr'><strong>enim</strong></span> <span class='ocrx_word' id='word_1_692' title='bbox 1248 2121 1310 2149; x_wconf 72' lang='lat' dir='ltr'><strong>ego,</strong></span> <span class='ocrx_word' id='word_1_693' title='bbox 1325 2114 1381 2146; x_wconf 88' lang='lat' dir='ltr'><strong>ait,</strong></span> <span class='ocrx_word' id='word_1_694' title='bbox 1399 2122 1414 2140; x_wconf 91' lang='lat' dir='ltr'><strong>a</strong></span> <span class='ocrx_word' id='word_1_695' title='bbox 1429 2112 1507 2140; x_wconf 77' lang='lat' dir='ltr'><strong>vobis</strong></span> <span class='ocrx_word' id='word_1_696' title='bbox 1523 2112 1669 2144; x_wconf 75' lang='lat' dir='ltr'><strong>dissolvat,</strong></span> 
     </span>
    </p>
   </div>
   <div class='ocr_carea' id='block_1_90' title="bbox 24 2154 836 2196">
    <p class='ocr_par' dir='ltr' id='par_1_90' title="bbox 24 2154 834 2192">
     <span class='ocr_line' id='line_1_90' title="bbox 24 2154 834 2192; baseline 0.01 -12"><span class='ocrx_word' id='word_1_697' title='bbox 24 2158 42 2182; x_wconf 80' lang='grc' dir='ltr'><em>ὀ</em></span> <span class='ocrx_word' id='word_1_698' title='bbox 62 2154 190 2188; x_wconf 73' lang='grc' dir='ltr'>ληφθεὶς</span> <span class='ocrx_word' id='word_1_699' title='bbox 208 2155 254 2181; x_wconf 77' lang='grc' dir='ltr'><strong>ὑπ’</strong></span> <span class='ocrx_word' id='word_1_700' title='bbox 279 2156 347 2191; x_wconf 78' lang='grc' dir='ltr'>ἐμοῦ</span> <span class='ocrx_word' id='word_1_701' title='bbox 368 2158 446 2188; x_wconf 76' lang='grc' dir='ltr'>ναός*</span> <span class='ocrx_word' id='word_1_702' title='bbox 463 2159 510 2184; x_wconf 75' lang='grc' dir='ltr'><strong>καὶ</strong></span> <span class='ocrx_word' id='word_1_703' title='bbox 527 2155 604 2191; x_wconf 72' lang='grc' dir='ltr'>οὗτος</span> <span class='ocrx_word' id='word_1_704' title='bbox 619 2160 647 2186; x_wconf 72' lang='grc' dir='ltr'><strong>δὲ</strong></span> <span class='ocrx_word' id='word_1_705' title='bbox 669 2160 772 2192; x_wconf 75' lang='grc' dir='ltr'>λύεται,</span> <span class='ocrx_word' id='word_1_706' title='bbox 792 2162 834 2188; x_wconf 81' lang='grc' dir='ltr'><strong>ἵνα</strong></span> 
     </span>
    </p>
   </div>
   <div class='ocr_carea' id='block_1_91' title="bbox 910 2154 1672 2196">
    <p class='ocr_par' dir='ltr' id='par_1_91' title="bbox 910 2159 1672 2196">
     <span class='ocr_line' id='line_1_91' title="bbox 910 2159 1672 2196; baseline -0.008 -5"><span class='ocrx_word' id='word_1_707' title='bbox 910 2166 932 2192; x_wconf 66' lang='grc' dir='ltr'><strong>ιιι</strong></span> <span class='ocrx_word' id='word_1_708' title='bbox 948 2167 1113 2196; x_wconf 85' lang='lat' dir='ltr'><strong>assumptum</strong></span> <span class='ocrx_word' id='word_1_709' title='bbox 1131 2170 1146 2188; x_wconf 85' lang='lat' dir='ltr'><strong>a</strong></span> <span class='ocrx_word' id='word_1_710' title='bbox 1162 2169 1203 2188; x_wconf 90' lang='lat' dir='ltr'><strong>me</strong></span> <span class='ocrx_word' id='word_1_711' title='bbox 1220 2161 1368 2195; x_wconf 88' lang='lat' dir='ltr'><strong>templum;</strong></span> <span class='ocrx_word' id='word_1_712' title='bbox 1396 2164 1423 2187; x_wconf 91' lang='lat' dir='ltr'><strong>et</strong></span> <span class='ocrx_word' id='word_1_713' title='bbox 1437 2159 1489 2186; x_wconf 86' lang='lat' dir='ltr'><strong>hoc</strong></span> <span class='ocrx_word' id='word_1_714' title='bbox 1505 2160 1612 2193; x_wconf 87' lang='lat' dir='ltr'><strong>quidem</strong></span> <span class='ocrx_word' id='word_1_715' title='bbox 1630 2159 1672 2194; x_wconf 91' lang='lat' dir='ltr'><strong>ip-</strong></span> 
     </span>
    </p>
   </div>
   <div class='ocr_carea' id='block_1_92' title="bbox 23 2199 833 2242">
    <p class='ocr_par' dir='ltr' id='par_1_92' title="bbox 23 2199 833 2242">
     <span class='ocr_line' id='line_1_92' title="bbox 23 2199 833 2242; baseline 0.012 -17"><span class='ocrx_word' id='word_1_716' title='bbox 23 2199 201 2236; x_wconf 79' lang='grc' dir='ltr'>κρεὶττονος</span> <span class='ocrx_word' id='word_1_717' title='bbox 224 2200 400 2234; x_wconf 78' lang='grc' dir='ltr'>ἀναστάσεως</span> <span class='ocrx_word' id='word_1_718' title='bbox 427 2203 578 2240; x_wconf 76' lang='grc' dir='ltr'>ἀπολαύσῃ,</span> <span class='ocrx_word' id='word_1_719' title='bbox 606 2205 649 2231; x_wconf 82' lang='grc' dir='ltr'><strong>ἵνα</strong></span> <span class='ocrx_word' id='word_1_720' title='bbox 668 2206 716 2241; x_wconf 70' lang='grc' dir='ltr'><strong>τὴν</strong></span> <span class='ocrx_word' id='word_1_721' title='bbox 734 2207 833 2242; x_wconf 81' lang='grc' dir='ltr'>θνητὴν</span> 
     </span>
    </p>
   </div>
   <div class='ocr_carea' id='block_1_93' title="bbox 21 2245 833 2286">
    <p class='ocr_par' dir='ltr' id='par_1_93' title="bbox 21 2245 833 2286">
     <span class='ocr_line' id='line_1_93' title="bbox 21 2245 833 2286; baseline 0.01 -14"><span class='ocrx_word' id='word_1_722' title='bbox 21 2245 181 2278; x_wconf 69' lang='grc' dir='ltr'>ἀπόθηται</span> <span class='ocrx_word' id='word_1_723' title='bbox 198 2246 289 2279; x_wconf 74' lang='grc' dir='ltr'>φύσιν,</span> <span class='ocrx_word' id='word_1_724' title='bbox 309 2248 351 2273; x_wconf 79' lang='grc' dir='ltr'><strong>ἵνα</strong></span> <span class='ocrx_word' id='word_1_725' title='bbox 363 2247 413 2282; x_wconf 83' lang='grc' dir='ltr'><strong>τὴν</strong></span> <span class='ocrx_word' id='word_1_726' title='bbox 427 2249 531 2285; x_wconf 76' lang='grc' dir='ltr'>φθορὰν</span> <span class='ocrx_word' id='word_1_727' title='bbox 548 2251 714 2286; x_wconf 80' lang='grc' dir='ltr'>ἀποδύσηται</span> <span class='ocrx_word' id='word_1_728' title='bbox 730 2255 775 2279; x_wconf 80' lang='grc' dir='ltr'><strong>καί</strong></span> <span class='ocrx_word' id='word_1_729' title='bbox 786 2254 833 2280; x_wconf 59' lang='grc' dir='ltr'>τὴν</span> 
     </span>
    </p>
   </div>
   <div class='ocr_carea' id='block_1_94' title="bbox 19 2283 833 2334">
    <p class='ocr_par' dir='ltr' id='par_1_94' title="bbox 19 2283 833 2334">
     <span class='ocr_line' id='line_1_94' title="bbox 19 2283 833 2334; baseline 0.009 -15"><span class='ocrx_word' id='word_1_730' title='bbox 19 2291 201 2326; x_wconf 67' lang='grc' dir='ltr'>ἀφθαρσίαν</span> <span class='ocrx_word' id='word_1_731' title='bbox 220 2292 375 2328; x_wconf 78' lang='grc' dir='ltr'>ἐνδύσηται,</span> <span class='ocrx_word' id='word_1_732' title='bbox 388 2295 431 2320; x_wconf 85' lang='grc' dir='ltr'><strong>ἴνα</strong></span> <span class='ocrx_word' id='word_1_733' title='bbox 448 2295 496 2322; x_wconf 85' lang='grc' dir='ltr'>τοῦ</span> <span class='ocrx_word' id='word_1_734' title='bbox 516 2297 632 2323; x_wconf 74' lang='grc' dir='ltr'>θανάτου</span> <span class='ocrx_word' id='word_1_735' title='bbox 648 2299 786 2334; x_wconf 76' lang='grc' dir='ltr'>καταλύσῃ</span> <span class='ocrx_word' id='word_1_736' title='bbox 804 2283 833 2326; x_wconf 74' lang='grc' dir='ltr'>τὸ</span> 
     </span>
    </p>
   </div>
   <div class='ocr_carea' id='block_1_95' title="bbox 18 2328 829 2379">
    <p class='ocr_par' dir='ltr' id='par_1_95' title="bbox 18 2337 829 2379">
     <span class='ocr_line' id='line_1_95' title="bbox 18 2337 829 2379; baseline 0.014 -19"><span class='ocrx_word' id='word_1_737' title='bbox 18 2338 156 2372; x_wconf 70' lang='grc' dir='ltr'>κράτος,</span> <span class='ocrx_word' id='word_1_738' title='bbox 175 2337 218 2362; x_wconf 82' lang='grc' dir='ltr'><strong>ἵνα</strong></span> <span class='ocrx_word' id='word_1_739' title='bbox 230 2338 282 2363; x_wconf 86' lang='grc' dir='ltr'>τῶν</span> <span class='ocrx_word' id='word_1_740' title='bbox 300 2340 508 2375; x_wconf 81' lang='grc' dir='ltr'>κεκοιμημένων</span> <span class='ocrx_word' id='word_1_741' title='bbox 519 2343 632 2378; x_wconf 81' lang='grc' dir='ltr'>ἀπαρχὴ</span> <span class='ocrx_word' id='word_1_742' title='bbox 648 2344 770 2379; x_wconf 75' lang='grc' dir='ltr'>γένηται,</span> <span class='ocrx_word' id='word_1_743' title='bbox 790 2346 829 2371; x_wconf 83' lang='grc' dir='ltr'>ἵνα</span> 
     </span>
    </p>
   </div>
   <div class='ocr_carea' id='block_1_96' title="bbox 18 2381 832 2425">
    <p class='ocr_par' dir='ltr' id='par_1_96' title="bbox 18 2381 832 2425">
     <span class='ocr_line' id='line_1_96' title="bbox 18 2381 832 2425; baseline 0.01 -16"><span class='ocrx_word' id='word_1_744' title='bbox 18 2384 57 2410; x_wconf 71' lang='grc' dir='ltr'><strong>λύ</strong></span> <span class='ocrx_word' id='word_1_745' title='bbox 65 2391 124 2413; x_wconf 71' lang='lat'><strong>$1;</strong></span> <span class='ocrx_word' id='word_1_746' title='bbox 142 2381 193 2415; x_wconf 70' lang='grc' dir='ltr'>τῆς</span> <span class='ocrx_word' id='word_1_747' title='bbox 206 2383 308 2418; x_wconf 59' lang='grc' dir='ltr'>ᾳοορίς</span> <span class='ocrx_word' id='word_1_748' title='bbox 322 2385 370 2417; x_wconf 70' lang='grc' dir='ltr'><strong>τὰς</strong></span> <span class='ocrx_word' id='word_1_749' title='bbox 389 2386 486 2418; x_wconf 78' lang='grc' dir='ltr'>ὠδῖνας</span> <span class='ocrx_word' id='word_1_750' title='bbox 502 2387 645 2424; x_wconf 77' lang='grc' dir='ltr'>ἀναδειχοῇ</span> <span class='ocrx_word' id='word_1_751' title='bbox 659 2391 712 2416; x_wconf 76' lang='grc' dir='ltr'>τῶν</span> <span class='ocrx_word' id='word_1_752' title='bbox 727 2392 832 2425; x_wconf 79' lang='grc' dir='ltr'>νεκρῶν</span> 
     </span>
    </p>
   </div>
   <div class='ocr_carea' id='block_1_97' title="bbox 18 2427 830 2470">
    <p class='ocr_par' dir='ltr' id='par_1_97' title="bbox 18 2427 830 2470">
     <span class='ocr_line' id='line_1_97' title="bbox 18 2427 830 2470; baseline 0.014 -18"><span class='ocrx_word' id='word_1_753' title='bbox 18 2427 227 2463; x_wconf 72' lang='grc' dir='ltr'>πρωτότοκος,</span> <span class='ocrx_word' id='word_1_754' title='bbox 244 2429 289 2455; x_wconf 77' lang='grc' dir='ltr'>καὶ</span> <span class='ocrx_word' id='word_1_755' title='bbox 304 2430 347 2456; x_wconf 84' lang='grc' dir='ltr'>διὰ</span> <span class='ocrx_word' id='word_1_756' title='bbox 365 2432 413 2466; x_wconf 78' lang='grc' dir='ltr'>τῆς</span> <span class='ocrx_word' id='word_1_757' title='bbox 427 2432 530 2465; x_wconf 79' lang='grc' dir='ltr'>οἰκείας</span> <span class='ocrx_word' id='word_1_758' title='bbox 550 2434 723 2467; x_wconf 77' lang='grc' dir='ltr'>ἀναστάσεως</span> <span class='ocrx_word' id='word_1_759' title='bbox 751 2438 830 2470; x_wconf 70' lang='grc' dir='ltr'>εὐαγ-</span> 
     </span>
    </p>
   </div>
   <div class='ocr_carea' id='block_1_98' title="bbox 19 2473 704 2513">
    <p class='ocr_par' dir='ltr' id='par_1_98' title="bbox 19 2473 704 2513">
     <span class='ocr_line' id='line_1_98' title="bbox 19 2473 704 2513; baseline 0.012 -14"><span class='ocrx_word' id='word_1_760' title='bbox 19 2473 184 2508; x_wconf 75' lang='grc' dir='ltr'>γελίσηται</span> <span class='ocrx_word' id='word_1_761' title='bbox 200 2474 249 2506; x_wconf 79' lang='grc' dir='ltr'>τὴν</span> <span class='ocrx_word' id='word_1_762' title='bbox 263 2475 370 2502; x_wconf 73' lang='grc' dir='ltr'>πάντων</span> <span class='ocrx_word' id='word_1_763' title='bbox 386 2477 537 2513; x_wconf 80' lang='grc' dir='ltr'>ἀνθρώπων</span> <span class='ocrx_word' id='word_1_764' title='bbox 550 2479 704 2507; x_wconf 79' lang='grc' dir='ltr'>ἀνάστασιν.</span> 
     </span>
    </p>
   </div>
   <div class='ocr_carea' id='block_1_99' title="bbox 262 2567 612 2606">
    <p class='ocr_par' dir='ltr' id='par_1_99' title="bbox 262 2567 612 2606">
     <span class='ocr_line' id='line_1_99' title="bbox 262 2567 612 2606; baseline 0.023 -14"><span class='ocrx_word' id='word_1_765' title='bbox 262 2567 308 2593; x_wconf 72' lang='grc' dir='ltr'>Ἐκ</span> <span class='ocrx_word' id='word_1_766' title='bbox 324 2567 377 2594; x_wconf 83' lang='grc' dir='ltr'>τοῦ</span> <span class='ocrx_word' id='word_1_767' title='bbox 398 2569 492 2597; x_wconf 81' lang='grc' dir='ltr'>αὑτοῦ</span> <span class='ocrx_word' id='word_1_768' title='bbox 507 2572 612 2606; x_wconf 78' lang='grc' dir='ltr'><strong>λόγου.</strong></span> 
     </span>
    </p>
   </div>
   <div class='ocr_carea' id='block_1_100' title="bbox 65 2612 832 2653">
    <p class='ocr_par' dir='ltr' id='par_1_100' title="bbox 65 2612 832 2653">
     <span class='ocr_line' id='line_1_100' title="bbox 65 2612 832 2653; baseline 0.016 -16"><span class='ocrx_word' id='word_1_769' title='bbox 65 2613 135 2640; x_wconf 84' lang='grc' dir='ltr'>Ὅτι</span> <span class='ocrx_word' id='word_1_770' title='bbox 155 2612 182 2638; x_wconf 78' lang='grc' dir='ltr'><strong>δὲ</strong></span> <span class='ocrx_word' id='word_1_771' title='bbox 198 2612 283 2639; x_wconf 78' lang='grc' dir='ltr'>ταῦτα</span> <span class='ocrx_word' id='word_1_772' title='bbox 298 2614 383 2645; x_wconf 70' lang='grc' dir='ltr'>οὕτως</span> <span class='ocrx_word' id='word_1_773' title='bbox 400 2616 468 2650; x_wconf 80' lang='grc' dir='ltr'>ἔχει,</span> <span class='ocrx_word' id='word_1_774' title='bbox 488 2621 625 2653; x_wconf 77' lang='grc' dir='ltr'>μαρτυρεῖ</span> <span class='ocrx_word' id='word_1_775' title='bbox 642 2621 696 2646; x_wconf 86' lang='grc' dir='ltr'><strong>τῶν</strong></span> <span class='ocrx_word' id='word_1_776' title='bbox 712 2622 832 2649; x_wconf 69' lang='grc' dir='ltr'>άτοστο-</span> 
     </span>
    </p>
   </div>
   <div class='ocr_carea' id='block_1_101' title="bbox 18 2660 830 2701">
    <p class='ocr_par' dir='ltr' id='par_1_101' title="bbox 18 2660 830 2701">
     <span class='ocr_line' id='line_1_101' title="bbox 18 2660 830 2701; baseline 0.016 -18"><span class='ocrx_word' id='word_1_777' title='bbox 18 2664 85 2689; x_wconf 81' lang='grc' dir='ltr'><strong>λων</strong></span> <span class='ocrx_word' id='word_1_778' title='bbox 115 2660 130 2685; x_wconf 83' lang='grc' dir='ltr'><strong>ὸ</strong></span> <span class='ocrx_word' id='word_1_779' title='bbox 161 2662 309 2694; x_wconf 84' lang='grc' dir='ltr'>κορυφαῖος</span> <span class='ocrx_word' id='word_1_780' title='bbox 333 2663 361 2688; x_wconf 84' lang='grc' dir='ltr'>ὲν</span> <span class='ocrx_word' id='word_1_781' title='bbox 377 2665 438 2695; x_wconf 77' lang='grc' dir='ltr'>ταῖς</span> <span class='ocrx_word' id='word_1_782' title='bbox 461 2664 582 2699; x_wconf 78' lang='grc' dir='ltr'>Πράξεσι</span> <span class='ocrx_word' id='word_1_783' title='bbox 603 2667 701 2701; x_wconf 83' lang='grc' dir='ltr'>λέγων,</span> <span class='ocrx_word' id='word_1_784' title='bbox 719 2669 760 2695; x_wconf 81' lang='grc' dir='ltr'>ὅτι</span> <span class='ocrx_word' id='word_1_785' title='bbox 780 2670 830 2696; x_wconf 76' lang='grc' dir='ltr'>οὐκ</span> 
     </span>
    </p>
   </div>
   <div class='ocr_carea' id='block_1_102' title="bbox 18 2705 830 2752">
    <p class='ocr_par' dir='ltr' id='par_1_102' title="bbox 18 2705 830 2752">
     <span class='ocr_line' id='line_1_102' title="bbox 18 2705 830 2752; baseline 0.005 -13"><span class='ocrx_word' id='word_1_786' title='bbox 18 2705 236 2752; x_wconf 52' lang='grc' dir='ltr'>ἐγκατελξίφοη</span> <span class='ocrx_word' id='word_1_787' title='bbox 263 2708 279 2741; x_wconf 85' lang='grc' dir='ltr'><strong>ὴ</strong></span> <span class='ocrx_word' id='word_1_788' title='bbox 303 2707 376 2743; x_wconf 76' lang='grc' dir='ltr'><strong>ψυχὴ</strong></span> <span class='ocrx_word' id='word_1_789' title='bbox 397 2710 480 2737; x_wconf 81' lang='grc' dir='ltr'>αὐτοῦ</span> <span class='ocrx_word' id='word_1_790' title='bbox 496 2713 537 2744; x_wconf 82' lang='grc' dir='ltr'><strong>είς</strong></span> <span class='ocrx_word' id='word_1_791' title='bbox 561 2712 639 2748; x_wconf 76' lang='grc' dir='ltr'>ᾅδου,</span> <span class='ocrx_word' id='word_1_792' title='bbox 656 2715 715 2741; x_wconf 82' lang='grc' dir='ltr'>οὐδὲ</span> <span class='ocrx_word' id='word_1_793' title='bbox 730 2717 745 2751; x_wconf 88' lang='grc' dir='ltr'>ὴ</span> <span class='ocrx_word' id='word_1_794' title='bbox 761 2717 830 2752; x_wconf 69' lang='grc' dir='ltr'>σὰρξ</span> 
     </span>
    </p>
   </div>
   <div class='ocr_carea' id='block_1_103' title="bbox 18 2749 827 2796">
    <p class='ocr_par' dir='ltr' id='par_1_103' title="bbox 18 2749 827 2796">
     <span class='ocr_line' id='line_1_103' title="bbox 18 2749 827 2796; baseline 0.01 -14"><span class='ocrx_word' id='word_1_795' title='bbox 18 2751 120 2782; x_wconf 70' lang='grc' dir='ltr'>αὑτοῦ</span> <span class='ocrx_word' id='word_1_796' title='bbox 146 2749 201 2777; x_wconf 72' lang='grc' dir='ltr'>οἵδε</span> <span class='ocrx_word' id='word_1_797' title='bbox 223 2753 384 2788; x_wconf 77' lang='grc' dir='ltr'>διαφθοράν.</span> <span class='ocrx_word' id='word_1_798' title='bbox 401 2757 486 2789; x_wconf 77' lang='grc' dir='ltr'>Λύσις</span> <span class='ocrx_word' id='word_1_799' title='bbox 512 2760 659 2794; x_wconf 83' lang='grc' dir='ltr'>τοιγαροῦν</span> <span class='ocrx_word' id='word_1_800' title='bbox 682 2749 827 2796; x_wconf 41' lang='grc' dir='ltr'>τοῦ-ναοῦ,</span> 
     </span>
    </p>
   </div>
   <div class='ocr_carea' id='block_1_104' title="bbox 60 2852 576 2886">
    <p class='ocr_par' dir='ltr' id='par_1_104' title="bbox 60 2852 576 2886">
     <span class='ocr_line' id='line_1_104' title="bbox 60 2852 576 2886; baseline 0.006 -7"><span class='ocrx_word' id='word_1_801' title='bbox 60 2857 67 2871; x_wconf 76' lang='grc' dir='ltr'><strong>ι</strong></span> <span class='ocrx_word' id='word_1_802' title='bbox 101 2853 123 2879; x_wconf 75' lang='lat'>2|</span> <span class='ocrx_word' id='word_1_803' title='bbox 141 2852 206 2879; x_wconf 74' lang='lat' dir='ltr'><strong>Cor.</strong></span> <span class='ocrx_word' id='word_1_804' title='bbox 225 2862 248 2882; x_wconf 78' lang='grc' dir='ltr'>ν.</span> <span class='ocrx_word' id='word_1_805' title='bbox 264 2853 307 2879; x_wconf 69' lang='lat'><strong>2|.</strong></span> <span class='ocrx_word' id='word_1_806' title='bbox 342 2853 351 2868; x_wconf 83' lang='grc'>¹</span> <span class='ocrx_word' id='word_1_807' title='bbox 368 2852 481 2882; x_wconf 77' lang='lat' dir='ltr'><strong>Malacb.</strong></span> <span class='ocrx_word' id='word_1_808' title='bbox 496 2862 537 2886; x_wconf 82' lang='grc' dir='ltr'>ιιι,</span> <span class='ocrx_word' id='word_1_809' title='bbox 550 2855 576 2882; x_wconf 79' lang='grc'><strong>6.</strong></span> 
     </span>
    </p>
   </div>
   <div class='ocr_carea' id='block_1_105' title="bbox 614 2855 1057 2890">
    <p class='ocr_par' dir='ltr' id='par_1_105' title="bbox 614 2855 1057 2890">
     <span class='ocr_line' id='line_1_105' title="bbox 614 2855 1057 2890; baseline 0.014 -8"><span class='ocrx_word' id='word_1_810' title='bbox 614 2856 624 2872; x_wconf 86' lang='grc'>⁸</span> <span class='ocrx_word' id='word_1_811' title='bbox 636 2855 715 2885; x_wconf 80' lang='lat' dir='ltr'><strong>Joan.</strong></span> <span class='ocrx_word' id='word_1_812' title='bbox 738 2866 756 2888; x_wconf 85' lang='grc' dir='ltr'><strong>ι.</strong></span> <span class='ocrx_word' id='word_1_813' title='bbox 773 2859 818 2886; x_wconf 66' lang='grc'><strong>29.</strong></span> <span class='ocrx_word' id='word_1_814' title='bbox 854 2860 864 2874; x_wconf 82' lang='grc'><strong>⁸</strong></span> <span class='ocrx_word' id='word_1_815' title='bbox 880 2859 958 2888; x_wconf 81' lang='lat' dir='ltr'><strong>Juau.</strong></span> <span class='ocrx_word' id='word_1_816' title='bbox 975 2869 994 2890; x_wconf 87' lang='grc' dir='ltr'>ι,</span> <span class='ocrx_word' id='word_1_817' title='bbox 1015 2861 1057 2888; x_wconf 74' lang='grc' dir='ltr'><strong>Η.</strong></span> 
     </span>
    </p>
   </div>
   <div class='ocr_carea' id='block_1_106' title="bbox 886 2205 1675 2240">
    <p class='ocr_par' dir='ltr' id='par_1_106' title="bbox 886 2205 1675 2240">
     <span class='ocr_line' id='line_1_106' title="bbox 886 2205 1675 2240; baseline -0.006 -3"><span class='ocrx_word' id='word_1_818' title='bbox 886 2219 945 2239; x_wconf 89' lang='lat' dir='ltr'><strong>sum</strong></span> <span class='ocrx_word' id='word_1_819' title='bbox 962 2210 997 2236; x_wconf 91' lang='lat' dir='ltr'><strong>ita</strong></span> <span class='ocrx_word' id='word_1_820' title='bbox 1011 2207 1167 2236; x_wconf 88' lang='lat' dir='ltr'><strong>dissolvitur</strong></span> <span class='ocrx_word' id='word_1_821' title='bbox 1182 2227 1189 2238; x_wconf 82' lang='grc'>,</span> <span class='ocrx_word' id='word_1_822' title='bbox 1207 2211 1236 2233; x_wconf 85' lang='grc' dir='ltr'><strong>ιιι</strong></span> <span class='ocrx_word' id='word_1_823' title='bbox 1253 2206 1365 2233; x_wconf 87' lang='lat' dir='ltr'><strong>meliore</strong></span> <span class='ocrx_word' id='word_1_824' title='bbox 1382 2205 1582 2233; x_wconf 78' lang='lat' dir='ltr'><strong>resurreCIiOue</strong></span> <span class='ocrx_word' id='word_1_825' title='bbox 1596 2210 1675 2240; x_wconf 80' lang='lat' dir='ltr'><strong>post-</strong></span> 
     </span>
    </p>
   </div>
   <div class='ocr_carea' id='block_1_107' title="bbox 886 2251 1672 2286">
    <p class='ocr_par' dir='ltr' id='par_1_107' title="bbox 886 2251 1672 2286">
     <span class='ocr_line' id='line_1_107' title="bbox 886 2251 1672 2286; baseline -0.011 -1"><span class='ocrx_word' id='word_1_826' title='bbox 886 2265 916 2285; x_wconf 90' lang='lat' dir='ltr'><strong>ea</strong></span> <span class='ocrx_word' id='word_1_827' title='bbox 938 2257 1053 2286; x_wconf 79' lang='lat' dir='ltr'><strong>fruatur,</strong></span> <span class='ocrx_word' id='word_1_828' title='bbox 1070 2259 1097 2280; x_wconf 92' lang='lat' dir='ltr'><strong>ut</strong></span> <span class='ocrx_word' id='word_1_829' title='bbox 1112 2251 1254 2280; x_wconf 88' lang='lat' dir='ltr'><strong>mortalem</strong></span> <span class='ocrx_word' id='word_1_830' title='bbox 1270 2252 1388 2285; x_wconf 83' lang='lat' dir='ltr'><strong>deponat</strong></span> <span class='ocrx_word' id='word_1_831' title='bbox 1407 2255 1543 2282; x_wconf 80' lang='lat' dir='ltr'><strong>naturam,</strong></span> <span class='ocrx_word' id='word_1_832' title='bbox 1564 2255 1592 2277; x_wconf 91' lang='lat' dir='ltr'><strong>ut</strong></span> <span class='ocrx_word' id='word_1_833' title='bbox 1610 2257 1672 2277; x_wconf 92' lang='lat' dir='ltr'><strong>cor-</strong></span> 
     </span>
    </p>
   </div>
   <div class='ocr_carea' id='block_1_108' title="bbox 881 2291 1672 2328">
    <p class='ocr_par' dir='ltr' id='par_1_108' title="bbox 881 2291 1672 2328">
     <span class='ocr_line' id='line_1_108' title="bbox 881 2291 1672 2328; baseline 0.001 -9"><span class='ocrx_word' id='word_1_834' title='bbox 881 2293 1036 2328; x_wconf 89' lang='lat' dir='ltr'><strong>ruptionem</strong></span> <span class='ocrx_word' id='word_1_835' title='bbox 1064 2296 1145 2319; x_wconf 84' lang='lat' dir='ltr'><strong>exuat</strong></span> <span class='ocrx_word' id='word_1_836' title='bbox 1174 2296 1201 2319; x_wconf 86' lang='lat' dir='ltr'><strong>et</strong></span> <span class='ocrx_word' id='word_1_837' title='bbox 1227 2291 1322 2319; x_wconf 87' lang='lat' dir='ltr'><strong>induat</strong></span> <span class='ocrx_word' id='word_1_838' title='bbox 1354 2291 1611 2325; x_wconf 86' lang='lat' dir='ltr'><strong>incorruptionem,</strong></span> <span class='ocrx_word' id='word_1_839' title='bbox 1640 2297 1672 2320; x_wconf 85' lang='lat' dir='ltr'><strong>ut</strong></span> 
     </span>
    </p>
   </div>
   <div class='ocr_carea' id='block_1_109' title="bbox 882 2337 1674 2372">
    <p class='ocr_par' dir='ltr' id='par_1_109' title="bbox 882 2337 1674 2372">
     <span class='ocr_line' id='line_1_109' title="bbox 882 2337 1674 2372; baseline 0 -8"><span class='ocrx_word' id='word_1_840' title='bbox 882 2339 979 2365; x_wconf 87' lang='lat' dir='ltr'><strong>mortis</strong></span> <span class='ocrx_word' id='word_1_841' title='bbox 1010 2337 1154 2372; x_wconf 79' lang='lat' dir='ltr'><strong>imperium</strong></span> <span class='ocrx_word' id='word_1_842' title='bbox 1186 2338 1320 2371; x_wconf 77' lang='lat' dir='ltr'><strong>destruat,</strong></span> <span class='ocrx_word' id='word_1_843' title='bbox 1345 2343 1376 2364; x_wconf 86' lang='lat' dir='ltr'><strong>ut</strong></span> <span class='ocrx_word' id='word_1_844' title='bbox 1401 2337 1446 2364; x_wconf 81' lang='lat' dir='ltr'><strong>liat</strong></span> <span class='ocrx_word' id='word_1_845' title='bbox 1476 2337 1674 2365; x_wconf 87' lang='lat' dir='ltr'><strong>dormientium</strong></span> 
     </span>
    </p>
   </div>
   <div class='ocr_carea' id='block_1_110' title="bbox 884 2383 1674 2419">
    <p class='ocr_par' dir='ltr' id='par_1_110' title="bbox 884 2383 1674 2419">
     <span class='ocr_line' id='line_1_110' title="bbox 884 2383 1674 2419; baseline 0 -9"><span class='ocrx_word' id='word_1_846' title='bbox 884 2385 1022 2419; x_wconf 63' lang='lat' dir='ltr'><strong>primitim,</strong></span> <span class='ocrx_word' id='word_1_847' title='bbox 1053 2389 1082 2411; x_wconf 90' lang='lat' dir='ltr'><strong>ut</strong></span> <span class='ocrx_word' id='word_1_848' title='bbox 1109 2383 1294 2418; x_wconf 82' lang='lat' dir='ltr'><strong>corruptionis</strong></span> <span class='ocrx_word' id='word_1_849' title='bbox 1326 2384 1466 2411; x_wconf 79' lang='lat' dir='ltr'><strong>doloribus</strong></span> <span class='ocrx_word' id='word_1_850' title='bbox 1495 2383 1592 2411; x_wconf 85' lang='lat' dir='ltr'><strong>solutis</strong></span> <span class='ocrx_word' id='word_1_851' title='bbox 1623 2391 1674 2418; x_wconf 85' lang='lat' dir='ltr'><strong>ap-</strong></span> 
     </span>
    </p>
   </div>
   <div class='ocr_carea' id='block_1_111' title="bbox 885 2430 1675 2465">
    <p class='ocr_par' dir='ltr' id='par_1_111' title="bbox 885 2430 1675 2465">
     <span class='ocr_line' id='line_1_111' title="bbox 885 2430 1675 2465; baseline -0.001 -8"><span class='ocrx_word' id='word_1_852' title='bbox 885 2435 978 2465; x_wconf 84' lang='lat' dir='ltr'><strong>pareat</strong></span> <span class='ocrx_word' id='word_1_853' title='bbox 994 2436 1162 2457; x_wconf 87' lang='lat' dir='ltr'><strong>mortuorutn</strong></span> <span class='ocrx_word' id='word_1_854' title='bbox 1181 2430 1391 2464; x_wconf 74' lang='lat' dir='ltr'><strong>primogenitus.</strong></span> <span class='ocrx_word' id='word_1_855' title='bbox 1414 2435 1440 2457; x_wconf 91' lang='lat' dir='ltr'><strong>et</strong></span> <span class='ocrx_word' id='word_1_856' title='bbox 1456 2430 1565 2464; x_wconf 83' lang='lat' dir='ltr'><strong>propria</strong></span> <span class='ocrx_word' id='word_1_857' title='bbox 1581 2438 1675 2457; x_wconf 83' lang='lat' dir='ltr'><strong>resur-</strong></span> 
     </span>
    </p>
   </div>
   <div class='ocr_carea' id='block_1_112' title="bbox 884 2476 1674 2511">
    <p class='ocr_par' dir='ltr' id='par_1_112' title="bbox 884 2476 1674 2511">
     <span class='ocr_line' id='line_1_112' title="bbox 884 2476 1674 2511; baseline -0.003 -7"><span class='ocrx_word' id='word_1_858' title='bbox 884 2478 1004 2504; x_wconf 88' lang='lat' dir='ltr'><strong>rectione</strong></span> <span class='ocrx_word' id='word_1_859' title='bbox 1027 2476 1148 2503; x_wconf 88' lang='lat' dir='ltr'><strong>omnium</strong></span> <span class='ocrx_word' id='word_1_860' title='bbox 1180 2477 1320 2503; x_wconf 86' lang='lat' dir='ltr'><strong>hominum</strong></span> <span class='ocrx_word' id='word_1_861' title='bbox 1353 2477 1581 2504; x_wconf 83' lang='lat' dir='ltr'><strong>resurrectionem</strong></span> <span class='ocrx_word' id='word_1_862' title='bbox 1611 2485 1674 2511; x_wconf 87' lang='lat' dir='ltr'><strong>por-</strong></span> 
     </span>
    </p>
   </div>
   <div class='ocr_carea' id='block_1_113' title="bbox 884 2523 986 2551">
    <p class='ocr_par' dir='ltr' id='par_1_113' title="bbox 884 2523 986 2551">
     <span class='ocr_line' id='line_1_113' title="bbox 884 2523 986 2551; baseline 0.02 -2"><span class='ocrx_word' id='word_1_863' title='bbox 884 2523 986 2551; x_wconf 82' lang='lat' dir='ltr'><strong>tendat.</strong></span> 
     </span>
    </p>
   </div>
   <div class='ocr_carea' id='block_1_114' title="bbox 1103 2570 1423 2611">
    <p class='ocr_par' dir='ltr' id='par_1_114' title="bbox 1103 2570 1423 2611">
     <span class='ocr_line' id='line_1_114' title="bbox 1103 2570 1423 2611; baseline 0.006 -17"><span class='ocrx_word' id='word_1_864' title='bbox 1103 2602 1107 2611; x_wconf 52' lang='lat'>&#39;</span> <span class='ocrx_word' id='word_1_865' title='bbox 1131 2570 1171 2596; x_wconf 77' lang='lat' dir='ltr'><strong>Ea:</strong></span> <span class='ocrx_word' id='word_1_866' title='bbox 1188 2570 1277 2596; x_wconf 83' lang='lat' dir='ltr'><strong>eadem</strong></span> <span class='ocrx_word' id='word_1_867' title='bbox 1294 2570 1423 2596; x_wconf 77' lang='lat' dir='ltr'><strong>oratione.</strong></span> 
     </span>
    </p>
   </div>
   <div class='ocr_carea' id='block_1_115' title="bbox 919 2614 1674 2649">
    <p class='ocr_par' dir='ltr' id='par_1_115' title="bbox 919 2614 1674 2649">
     <span class='ocr_line' id='line_1_115' title="bbox 919 2614 1674 2649; baseline 0.001 -9"><span class='ocrx_word' id='word_1_868' title='bbox 919 2614 995 2646; x_wconf 83' lang='lat' dir='ltr'><strong>Quod</strong></span> <span class='ocrx_word' id='word_1_869' title='bbox 1020 2619 1109 2641; x_wconf 83' lang='lat' dir='ltr'><strong>autem</strong></span> <span class='ocrx_word' id='word_1_870' title='bbox 1125 2615 1182 2642; x_wconf 69' lang='lat' dir='ltr'><strong>haec</strong></span> <span class='ocrx_word' id='word_1_871' title='bbox 1207 2616 1242 2642; x_wconf 88' lang='lat' dir='ltr'><strong>ita</strong></span> <span class='ocrx_word' id='word_1_872' title='bbox 1259 2623 1289 2642; x_wconf 88' lang='lat' dir='ltr'><strong>se</strong></span> <span class='ocrx_word' id='word_1_873' title='bbox 1317 2616 1442 2646; x_wconf 77' lang='lat' dir='ltr'><strong>habeant.</strong></span> <span class='ocrx_word' id='word_1_874' title='bbox 1463 2619 1581 2642; x_wconf 82' lang='lat' dir='ltr'><strong>testatur</strong></span> <span class='ocrx_word' id='word_1_875' title='bbox 1606 2622 1674 2649; x_wconf 89' lang='lat' dir='ltr'><strong>apo-</strong></span> 
     </span>
    </p>
   </div>
   <div class='ocr_carea' id='block_1_116' title="bbox 882 2661 1674 2697">
    <p class='ocr_par' dir='ltr' id='par_1_116' title="bbox 882 2661 1674 2697">
     <span class='ocr_line' id='line_1_116' title="bbox 882 2661 1674 2697; baseline 0.003 -10"><span class='ocrx_word' id='word_1_876' title='bbox 882 2663 1014 2688; x_wconf 88' lang='lat' dir='ltr'><strong>stolorum</strong></span> <span class='ocrx_word' id='word_1_877' title='bbox 1029 2663 1155 2697; x_wconf 84' lang='lat' dir='ltr'><strong>princeps</strong></span> <span class='ocrx_word' id='word_1_878' title='bbox 1171 2663 1198 2689; x_wconf 92' lang='lat' dir='ltr'><strong>in</strong></span> <span class='ocrx_word' id='word_1_879' title='bbox 1212 2663 1323 2690; x_wconf 83' lang='lat' dir='ltr'><strong>Actibus</strong></span> <span class='ocrx_word' id='word_1_880' title='bbox 1340 2663 1443 2696; x_wconf 74' lang='lat' dir='ltr'><strong>dicens,</strong></span> <span class='ocrx_word' id='word_1_881' title='bbox 1457 2670 1512 2689; x_wconf 88' lang='lat' dir='ltr'><strong>non</strong></span> <span class='ocrx_word' id='word_1_882' title='bbox 1529 2661 1612 2690; x_wconf 80' lang='lat' dir='ltr'><strong>fuisse</strong></span> <span class='ocrx_word' id='word_1_883' title='bbox 1626 2663 1674 2690; x_wconf 87' lang='lat' dir='ltr'><strong>de-</strong></span> 
     </span>
    </p>
   </div>
   <div class='ocr_carea' id='block_1_117' title="bbox 883 2707 1672 2742">
    <p class='ocr_par' dir='ltr' id='par_1_117' title="bbox 883 2707 1672 2742">
     <span class='ocr_line' id='line_1_117' title="bbox 883 2707 1672 2742; baseline 0.003 -10"><span class='ocrx_word' id='word_1_884' title='bbox 883 2707 1004 2733; x_wconf 81' lang='lat' dir='ltr'><strong>relictam</strong></span> <span class='ocrx_word' id='word_1_885' title='bbox 1028 2707 1146 2734; x_wconf 89' lang='lat' dir='ltr'><strong>animam</strong></span> <span class='ocrx_word' id='word_1_886' title='bbox 1169 2708 1227 2742; x_wconf 78' lang='lat' dir='ltr'><strong>ejus</strong></span> <span class='ocrx_word' id='word_1_887' title='bbox 1249 2708 1276 2735; x_wconf 90' lang='lat' dir='ltr'><strong>in</strong></span> <span class='ocrx_word' id='word_1_888' title='bbox 1303 2708 1422 2738; x_wconf 77' lang='lat' dir='ltr'><strong>inferno,</strong></span> <span class='ocrx_word' id='word_1_889' title='bbox 1445 2715 1533 2742; x_wconf 87' lang='lat' dir='ltr'><strong>neque</strong></span> <span class='ocrx_word' id='word_1_890' title='bbox 1562 2715 1672 2735; x_wconf 85' lang='lat' dir='ltr'><strong>carnem</strong></span> 
     </span>
    </p>
   </div>
   <div class='ocr_carea' id='block_1_118' title="bbox 881 2753 1674 2789">
    <p class='ocr_par' dir='ltr' id='par_1_118' title="bbox 881 2753 1674 2789">
     <span class='ocr_line' id='line_1_118' title="bbox 881 2753 1674 2789; baseline 0.003 -9"><span class='ocrx_word' id='word_1_891' title='bbox 881 2753 940 2788; x_wconf 87' lang='lat' dir='ltr'><strong>ejus</strong></span> <span class='ocrx_word' id='word_1_892' title='bbox 952 2753 1050 2781; x_wconf 78' lang='lat' dir='ltr'><strong>vidisse</strong></span> <span class='ocrx_word' id='word_1_893' title='bbox 1062 2755 1263 2789; x_wconf 86' lang='lat' dir='ltr'><strong>corruptionem</strong></span> <span class='ocrx_word' id='word_1_894' title='bbox 1274 2754 1295 2781; x_wconf 82' lang='grc'><strong>⁸.</strong></span> <span class='ocrx_word' id='word_1_895' title='bbox 1315 2753 1420 2789; x_wconf 86' lang='lat' dir='ltr'><strong>Templi</strong></span> <span class='ocrx_word' id='word_1_896' title='bbox 1438 2762 1501 2789; x_wconf 82' lang='lat' dir='ltr'><strong>ergo</strong></span> <span class='ocrx_word' id='word_1_897' title='bbox 1516 2754 1616 2782; x_wconf 89' lang='lat' dir='ltr'><strong>solutio</strong></span> <span class='ocrx_word' id='word_1_898' title='bbox 1631 2758 1674 2782; x_wconf 78' lang='lat' dir='ltr'><strong>est</strong></span> 
     </span>
    </p>
   </div>
   <div class='ocr_carea' id='block_1_119' title="bbox 1095 2859 1528 2892">
    <p class='ocr_par' dir='ltr' id='par_1_119' title="bbox 1095 2859 1528 2892">
     <span class='ocr_line' id='line_1_119' title="bbox 1095 2859 1528 2892; baseline -0.009 -4"><span class='ocrx_word' id='word_1_899' title='bbox 1095 2862 1104 2876; x_wconf 75' lang='grc'><em>⁵</em></span> <span class='ocrx_word' id='word_1_900' title='bbox 1118 2859 1196 2888; x_wconf 84' lang='lat' dir='ltr'><strong>Joan.</strong></span> <span class='ocrx_word' id='word_1_901' title='bbox 1210 2868 1245 2891; x_wconf 84' lang='grc' dir='ltr'>ιι,</span> <span class='ocrx_word' id='word_1_902' title='bbox 1263 2859 1303 2887; x_wconf 86' lang='lat' dir='ltr'><strong>l9.</strong></span> <span class='ocrx_word' id='word_1_903' title='bbox 1338 2859 1348 2875; x_wconf 83' lang='lat'>&#39;</span> <span class='ocrx_word' id='word_1_904' title='bbox 1364 2859 1424 2887; x_wconf 73' lang='lat' dir='ltr'><strong>Act.</strong></span> <span class='ocrx_word' id='word_1_905' title='bbox 1442 2868 1471 2892; x_wconf 89' lang='lat' dir='ltr'><strong>lt,</strong></span> <span class='ocrx_word' id='word_1_906' title='bbox 1484 2860 1528 2886; x_wconf 67' lang='lat'><strong>227.</strong></span> 
     </span>
    </p>
   </div>
  </div>
