1873 3076
37 118 84 152 917
499 115 686 145 I‘ANOI'LIA
699 115 928 146 DOGXMTICA.
943 128 975 132 —
993 116 1068 145 'l‘l'l‘.
1093 115 1166 145 XiV.
1600 119 1653 152 ωε

42 185 81 212 ἵνα
93 184 132 211 διὰ
142 183 186 210 τοῦ
202 184 316 210 θανάτου
331 185 493 220 καταργήσῃ
505 186 549 211 τὺν
562 186 591 211 τὸ
604 186 705 220 κράτος
718 185 777 220 ἕχον

909 191 944 210 ,ιιι-
971 183 1189 218 sapientissimus
1215 185 1353 218 apostolus
1378 185 1487 220 Paulus,
1507 188 1551 221 qui
1570 189 1648 215 (ibii-

41 229 82 255 τοῦ
99 228 217 259 Θανάτου,
232 228 354 254 τουτέστι
371 229 415 255 τὸν
441 229 577 262 διάϐολον,
596 231 643 256 καὶ
668 230 780 256 amns

910 238 932 255 m
944 229 969 255 in
982 237 1011 256 se
1022 229 1175 263 loquentem
1192 231 1318 262 habebat,
1337 232 1369 258 ad
1386 232 1457 260 hunc
1467 235 1573 260 modum
1585 242 1649 261 eon-

40 275 150 305 τούτους,
173 274 229 299 ὅσοι
257 274 331 308 φόϐῳ
356 274 471 301 Θανάτου
497 275 539 301 διὰ
564 276 663 307 παντὸς
687 276 733 302 τοῦ
763 277 778 308 ζ

910 282 1036 302 ιιιιιιιι;ι
1069 276 1137 307 Quia
1174 283 1237 310 ergo
1271 277 1345 310 pueri
1383 280 1649 306 commtmicavcrnnt

40 321 118 354 ἔνοχοι
129 317 196 355 ἦσαν
213 320 343 352 δουλείας.
357 330 365 346 ι
381 322 435 347 Καὶ
453 322 504 356 μὴν
519 323 566 347 καὶ
581 322 692 357 ἑτέρωθι
713 323 779 358 τρόπ

908 322 938 347 ἰιὶ
953 326 979 347 et
994 322 1129 356 Sanguini,
1142 326 1168 348 et
1193 322 1249 355 ipse
1263 323 1390 349 similiter
1413 324 1582 358 participavit
1594 325 1647 351 eis-

40 367 97 400 ήμίν
119 365 321 400 ἀφηγούμενος,
343 376 352 391 ι
367 367 403 392 Τὸ
426 367 479 402 γὰρ
504 368 634 394 ἀδύνατον
653 368 699 394 τοῦ
717 369 779 403 νόμι

911 374 938 398 ιι,
953 371 978 393 ιιι
999 374 1046 401 per
1069 372 1183 393 mortem
1208 368 1360 394 tle~truerct
1382 376 1443 395 eum
1465 369 1510 401 qui
1534 369 1650 396 habebat

40 412 124 446 φησιν,
142 413 169 438 ἐν
181 409 202 445 ᾧ
218 412 323 446 ἠσθένει
337 412 382 439 διὰ
392 413 442 448 τῆς
457 414 567 448 σαρκὸς,
582 415 669 446 ὁθεὸς
685 414 729 440 τὸν
746 416 778 442 ἐα

913 414 961 438 rtis
978 411 1132 446 imperium,
1150 413 1174 438 id
1192 418 1233 438 est
1254 413 1402 446 diabolum,
1419 419 1445 440 et
1461 414 1589 442 liberaret
1604 422 1649 441 eos

39 459 80 485 τοῦ
98 458 158 484 Υἰὺν
173 458 316 494 ἐκπέμψας
331 460 359 486 ὲν
372 459 526 494 ὁμοιώματι
549 460 650 496 σαρκὸς
662 461 778 495 ἁμαρτία

908 458 975 492 iper
999 462 1080 484 totam
1107 458 1188 484 vitam
1214 458 1324 484 obnoxii
1349 462 1427 485 erant
1449 460 1572 486 servituti
1604 458 1620 486 ¹.
1637 469 1647 485 n

40 505 80 530 καὶ
101 504 162 539 περὶ
182 504 328 538 ἁμαρτιας,
345 505 488 540 κατέκρινε
513 505 562 538 τὴν
586 506 723 541 ἁμαρτίαν
736 507 779 533 ὲνι

911 505 935 531 bi
948 504 1016 530 idem
1033 504 1113 530 aliam
1132 511 1239 538 quoque
1259 504 1338 538 hujus
1363 505 1400 532 rei
1425 514 1535 532 causam
1553 507 1648 539 aperit.

41 549 123 583 σαρκὶ,
140 548 182 575 ἵνα
195 549 224 574 τὸ
241 549 378 584 δικαίωμα
391 549 437 575 τοῦ
450 550 532 584 νόμου
547 550 676 585 πληρωθῇ
692 551 721 576 ἐν
734 551 780 586 ἡμῑ

911 551 967 577 ‘ibit
982 550 1073 577 enim:
1091 559 1100 575 ι
1118 550 1192 582 Quod
1218 551 1382 584 impossibile
1401 557 1459 578 erat
1475 553 1538 586 legi,
1556 553 1581 578 in
1597 560 1650 587 quo

40 596 88 625 τοῖς
103 595 137 630 μὴ
152 595 222 621 κατὰ
234 597 323 630 σάρκα
340 595 547 630 περιπατοῦσιν,
561 596 629 622 ἀλλὰ
643 596 714 622 κατὰ
731 605 779 622 πνε

917 597 1054 624 rmabatur
1079 604 1125 629 per
1142 604 1270 629 carnem,
1290 597 1359 623 Deus
1371 597 1467 625 Filium
1485 605 1562 625 suum
1590 599 1650 625 mit-

42 651 83 675 μα.
96 651 105 667 ›
868 650 926 671 tens
942 644 968 669 in
984 641 1188 669 similitudinem
1208 642 1298 668 carnis
1320 643 1434 676 peccati,
1450 649 1476 670 et
1490 644 1522 670 de
1538 652 1650 678 peccato

41 689 166 715 damnavit
187 693 328 722 peccatum
359 688 384 715 in
405 696 496 719 carne,
514 693 543 716 ut
562 689 720 723 justillcatio
742 690 807 725 legis
828 691 985 725 impleretur
1015 689 1041 715 in
1054 689 1140 720 nobis,
1155 687 1199 722 qui
1216 696 1268 715 non
1305 689 1451 715 secundum
1469 697 1576 716 carnem
1593 697 1651 716 am-

42 736 162 766 bulamus,
174 735 219 761 sed
237 734 384 761 secundum
402 735 526 768 spiritum
553 738 572 761 θ.
591 745 600 761 ι

131 779 188 816 'Ap‘
202 778 258 811 οὖν,
275 779 335 815 οὐχὶ
355 780 561 816 προδηλότατον,
577 782 623 808 καὶ
648 782 737 808 οὐδενί
761 782 814 808 τῶν

976 786 1070 807 Annon
1092 779 1293 814 apertissimum
1322 784 1373 811 est,
1406 780 1532 811 obsecro,
1557 789 1650 815 unige-

41 827 115 854 όντων
129 827 294 862 ἀσυμφανὲς,
308 827 350 853 ὅτι
365 826 425 853 καθ’
443 827 515 861 ἡμᾶς
535 826 647 861 γέγονεν
663 829 677 853 ὁ
692 828 780 861 Μονογ

910 834 952 853 um
968 826 1013 853 Dei
1028 824 1124 852 Filium
1138 825 1252 852 similem
1268 825 1356 856 nobis,
1371 826 1420 852 hoc
1435 830 1488 856 est.
1503 826 1649 860 perfectum

45 872 92 907 θὴς,
104 872 222 899 τουτέστι
236 872 338 904 τέλειος
352 872 505 906 ἄνθρωπος,
522 872 564 898 ἵνα
582 872 632 907 τῆς
651 873 700 907 μὲν
723 874 782 898 ἐπει

911 873 1000 899 niuem
1028 872 1127 898 factum
1147 878 1219 902 esse,
1230 878 1283 905 quo
1296 871 1424 897 nimirum
1452 876 1586 898 terrenum
1602 872 1650 899 hoc

43 919 115 945 ἁκτον
131 919 230 954 φθορᾶς
245 919 276 944 τὸ
292 919 386 953 γήϊνον
407 918 486 953 ἡμῶν
507 918 651 954 ἀπαλλάξῃ
673 919 761 952 σῶμα,
780 929 782 934 ι

913 924 986 945 ηιιοιιιη
1001 925 1111 952 corpus,
1125 918 1177 944 vita
1190 917 1353 951 propriaper
1363 918 1557 944 meonoxnicam
1577 919 1652 944 unio-

43 965 93 992 καθ’
109 965 201 991 ἕνωσιν
221 964 363 1000 οἰκονομίᾳ
384 963 433 999 τὴν
451 964 519 990 ἰδίαν
534 963 609 999 αὐτῷ
623 964 695 999 ζωὴν
713 964 782 990 ὲνιείη

912 974 925 990 ιι
938 964 974 990 illi
992 963 1123 994 immissa,
1138 962 1172 988 ab
1185 962 1292 988 inducta
1309 962 1480 996 corruptione
1505 962 1651 997 liberaret;

42 1011 118 1046 ψυχὴν
128 1011 155 1037 δὲ
168 1011 235 1038 ἰδίαν
247 1011 297 1046 τὴν
308 1010 481 1046 ἀνθρωπίνην
493 1011 664 1045 ποιούμενος,
677 1011 780 1046 ἁμαρτί

913 1016 980 1035 mam
997 1016 1102 1034 rursum
1128 1007 1474 1041 humanam,posteaquam
1495 1008 1568 1034 illam
1587 1016 1651 1042 pro-

42 1057 116 1092 αὐτὴν
131 1057 257 1092 ἀποφήνῃ
279 1057 432 1092 κρείττονα,
451 1056 500 1090 τῆς
518 1056 584 1087 ἰδίας
601 1057 707 1090 φύσεως
722 1057 750 1082 τὸ
769 1065 781 1081 τ

914 1062 952 1080 am
967 1053 1018 1080 sibi
1032 1053 1207 1084 reddidisset,
1226 1059 1335 1086 sumque
1356 1057 1460 1079 natura:
1479 1052 1607 1081 ﬁrmitate
1621 1061 1653 1081 ac

43 1102 120 1136 πηγός
134 1110 161 1127 τε
175 1102 221 1128 καὶ
233 1101 380 1137 ἄτρεπτον,
396 1098 494 1134 οἷάπερ
505 1101 570 1136 ἐρίῳ
584 1101 684 1135 βαφὴν,
699 1102 782 1134 ὲγκατ

911 1099 1086 1126 mutabilitate
1098 1098 1210 1132 perinde
1227 1105 1259 1125 ac
1280 1097 1364 1125 vellus
1382 1098 1472 1126 colore
1495 1099 1650 1132 imbuisset,

44 1147 140 1181 χρώσας
162 1147 227 1182 αὐτῇ
242 1156 250 1180 ;
275 1147 335 1172 Δεῖν
349 1147 403 1182 γὰρ
420 1144 497 1181 οἶμαι
511 1148 567 1178 τοῖς
583 1147 646 1182 περὶ
659 1147 759 1173 τούτων
774 1147 783 1172 )

912 1150 976 1172 :cato
992 1145 1159 1178 superiorem
1172 1144 1322 1171 declararet
1331 1145 1474 1172 ?Arbitror
1484 1146 1555 1173 enim
1564 1154 1651 1174 exem-

43 1199 93 1225 τοις
107 1191 344 1227 παραδειγμάτων,
354 1191 420 1218 πολὺ
435 1191 494 1217 λίαν
508 1192 599 1226 ἔχουσι
608 1192 637 1218 τὸ
645 1192 782 1227 ἀσυμφανε

911 1199 929 1223 s,
950 1198 1008 1225 quae
1026 1198 1080 1217 rem
1099 1197 1146 1224 per
1157 1197 1186 1216 se
1204 1190 1347 1217 obscuram
1364 1191 1485 1217 nonnihil
1504 1191 1650 1225 illustrem,

43 1237 91 1272 ὁρῶ
106 1237 151 1272 μὲν
165 1237 216 1272 γὰρ
235 1237 313 1272 μόλις
329 1238 357 1263 ὲν
371 1237 494 1272 ἐσόπτρῳ
507 1245 536 1263 τε
559 1238 606 1263 καὶ
628 1237 767 1272 αἰνίγματι

913 1237 960 1263 hac
983 1236 1104 1263 doctrina
1124 1243 1191 1270 opus
1205 1243 1264 1262 esse
1277 1244 1283 1262 :
1298 1235 1428 1270 siquidem
1524 1238 1652 1272 mysteria

45 1282 96 1309 θεῖά
109 1291 136 1309 τε
150 1283 196 1309 καὶ
211 1282 283 1317 ὑπὲρ
299 1282 361 1308 νοῦν
379 1283 526 1317 μυστήρια.
545 1282 594 1316 El'r,
607 1282 629 1307 δ’
646 1282 678 1308 ἂν
693 1282 742 1308 οὐκ
756 1282 784 1308 ἅτ

915 1283 969 1315 ina,
987 1286 1114 1314 tanquam
1140 1281 1266 1307 humanm
1283 1281 1379 1308 mentis
1394 1289 1503 1308 sensum
1517 1284 1651 1311 exceden-

45 1336 99 1360 πον,
112 1325 196 1363 οἶμαι,
213 1328 245 1354 τὸ
260 1327 370 1363 χρῆμα·
386 1327 462 1362 φέρει
486 1328 540 1363 γὰρ
556 1328 585 1354 ὲν
602 1327 690 1362 ἑαυτῷ
712 1327 758 1354 τὸν
779 1336 784 1353 ι

913 1328 970 1356 ,νὶιι
992 1328 1018 1354 in
1047 1326 1156 1360 speculo
1181 1331 1208 1353 et
1228 1326 1396 1360 muigmalice
1418 1327 1537 1355 videmus
1564 1331 1584 1356 ³.
1606 1329 1652 1355 Est

46 1374 112 1406 κότα,
122 1373 217 1408 μᾶλλον
231 1374 261 1400 δὲ
276 1373 325 1399 καὶ
339 1373 383 1399 τὸν
400 1373 487 1408 ἀληθῆ
500 1373 747 1408 λογισμόν.”ιὶσπερ
759 1371 785 1399 οὗ

915 1382 955 1400 em
975 1373 1126 1406 exemphnn
1155 1373 1264 1398 allatum
1283 1373 1314 1398 ad
1331 1380 1386 1399 rem
1408 1379 1651 1408 peropportunum,

46 1420 127 1455 ἐπειδὴ
137 1420 229 1454 γέγονε
243 1419 312 1454 σὰρξ
322 1419 367 1445 τοῦ
379 1419 571 1451 ζωοποιοῦντος
580 1419 614 1445 τὰ
623 1419 709 1445 πάντα
717 1420 785 1454 Λόγο

916 1427 965 1454 ppe
980 1419 1051 1453 quod
1062 1426 1155 1445 verum
1179 1419 1276 1453 potius,
1293 1426 1376 1452 quam
1392 1419 1538 1446 verisimile
1552 1421 1601 1452 rei,
1618 1422 1652 1448 dc

46 1465 72 1490 τὸ
87 1465 181 1500 φθορᾶς
198 1465 248 1492 καὶ
270 1464 384 1491 θανάτου
408 1464 592 1500 ὑπερφέρεται
615 1464 730 1500 κράτος·
747 1473 785 1490 καί

914 1473 922 1491 ι
938 1473 1028 1492 sermo
1041 1469 1091 1496 est,
1118 1464 1267 1500 symbolum
1296 1472 1350 1499 pra:
1365 1471 1395 1491 se
1425 1465 1504 1492 terat.
1519 1467 1653 1498 Quemad-

46 1511 86 1538 τὸν
108 1512 194 1545 αὑτὸν,
217 1509 306 1546 οἶμαι,
330 1510 442 1546 τρόπον,
471 1511 531 1537 ἐπεὶ
554 1510 649 1545 γέγονε
674 1510 747 1546 ψυχὴ
772 1519 785 1536 τ

913 1510 981 1536 idum
995 1517 1059 1544 ergo
1075 1517 1148 1540 caro,
1161 1515 1337 1544 posteaquam
1355 1510 1432 1537 Verbi
1448 1512 1537 1537 etnnia
1564 1513 1652 1539 viviti-

48 1556 203 1592 πλημμελείν
223 1557 276 1583 οὐκ
298 1556 413 1588 εἰδότος,
429 1557 627 1591 ἐρηρεισμένην
646 1555 702 1591 ἔχει.
727 1555 787 1582 λοιπ

916 1557 962 1583 itis
976 1563 1039 1583 caro
1049 1555 1144 1583 eﬂ'ecta
1158 1560 1208 1587 est,
1229 1556 1322 1583 mortis
1338 1562 1366 1583 et
1377 1557 1654 1592 corruptiunisinqte-

47 1603 89 1638 τὴν
110 1602 246 1637 ὲφ“ἆπασι
271 1603 328 1633 τοῖς
353 1602 465 1636 ἀγαθοῖς
489 1602 689 1636 ἁμεταποίητον
714 1602 786 1628 στάσι

924 1604 1046 1637 superior
1056 1604 1157 1630 evasit:
1170 1603 1209 1630 sic
1225 1605 1325 1635 anima,
1342 1609 1426 1639 utego
1435 1605 1542 1639 quidem
1555 1609 1652 1638 sentio,

48 1649 88 1674 καὶ
105 1649 151 1683 τῆς
171 1648 256 1675 πάλαι
277 1647 338 1674 καθ’
354 1647 433 1681 ἡμῶν
448 1646 664 1682 τυραννευούσης
679 1647 787 1682 ἁμαρτίι

917 1653 1045 1683 =teaquam
1061 1649 1133 1676 illius
1144 1648 1237 1676 ell'ecta
1257 1653 1298 1675 est
1315 1649 1360 1683 qui
1375 1654 1514 1684 peceatum
1538 1658 1589 1678 non
1607 1660 1656 1679 no-

48 1693 207 1729 ἁσυγκρίτως
219 1692 439 1727 εὐσθενεστέραν.
456 1692 566 1727 Πρῶτός
576 1700 605 1718 τε
619 1692 673 1727 γὰρ
684 1692 731 1718 καὶ
743 1692 787 1726 μόε.

917 1702 946 1726 ,c
962 1694 1075 1729 vestigio
1099 1688 1199 1721 statum
1216 1694 1334 1728 tirmum,
1354 1702 1386 1722 ac
1401 1695 1425 1722 in
1439 1696 1564 1723 omnibus
1578 1697 1656 1725 bonis

49 1739 178 1774 ἄνθρωπος
202 1739 250 1765 ἐπὶ
275 1739 324 1774 τῆς
345 1739 396 1773 γῆς
420 1738 434 1764 ὁ
454 1737 571 1773 Χριστὸς
596 1747 605 1763 ι
620 1738 670 1764 οὐκ
694 1738 788 1772 ὲποίησ

918 1741 1007 1773 bilem,
1020 1745 1183 1775 peeeatoque
1202 1741 1272 1775 quod
1285 1740 1348 1768 olim
1365 1742 1534 1776 tyrannidem
1546 1750 1657 1770 exerce-

50 1785 184 1821 ἁμαρτίαν,
200 1785 262 1812 οὐδὲ
278 1783 375 1820 εὑρέθη
391 1783 464 1815 δόλος
479 1785 508 1810 ὲν
521 1783 560 1819 τῷ
576 1784 687 1818 στόματι
701 1782 789 1809 αὐτοῦ.

917 1808 928 1819 η,
945 1787 1036 1814 multis
1065 1788 1186 1821 partibus
1207 1787 1386 1821 potentiorem
1402 1793 1482 1815 nacta
1510 1793 1562 1815 est.
1579 1788 1656 1815 Chri-

55 1830 122 1863 Ῥῖζα
133 1831 160 1858 δὲ
174 1831 268 1866 ὥσπερ
284 1832 330 1857 καὶ⁴
347 1830 459 1866 ἀπαρχὴ
473 1829 629 1865 τεθειμένος
642 1829 696 1855 τῶν
710 1831 749 1861 εἰς
764 1838 794 1856 κα

919 1841 932 1858 s
959 1839 1075 1866 namque
1095 1833 1198 1866 primus
1222 1837 1249 1859 et
1263 1832 1336 1859 solus
1351 1840 1383 1860 ex
1400 1834 1563 1861 omnibusin
1583 1839 1654 1861 terra

52 1877 138 1912 νόνητα
152 1877 222 1912 ζωῆς
238 1876 489 1912 ἀναμορςρουμὲνων
504 1877 532 1902 ὲν
548 1876 695 1912 Πνεύματι,
708 1878 753 1903 καὶ
769 1878 791 1903 τέ

921 1881 1044 1904 eccatutu
1062 1885 1114 1904 non
1127 1877 1199 1910 fecit,
1218 1885 1267 1905 nec
1283 1878 1359 1905 dolus
1379 1879 1504 1906 iuventus
1514 1883 1556 1906 est
1573 1881 1598 1906 in
1610 1887 1657 1907 ore

50 1921 92 1949 τοῦ
102 1917 221 1958 σώματος
231 1922 395 1957 ἀφθαρσίαν,
407 1922 454 1948 καὶ
465 1921 495 1947 τὺ
506 1922 554 1956 τῆς
565 1922 691 1957 θεότητος
702 1923 789 1957 dict-(pa).

918 1929 945 1949 us
970 1925 990 1949 ε.
1015 1931 1024 1948 ι
1043 1922 1093 1955 Qui
1118 1931 1186 1950 lllttlS
1207 1923 1318 1958 proinde
1335 1924 1438 1958 positus
1456 1928 1585 1960 tanquam
1613 1933 1657 1952 ra-

51 1967 243 2003 ὲρηρεισμὲνον,
259 1967 296 1998 ὡς
310 1968 338 1993 ὲν
354 1966 460 2002 μεθέξει
476 1966 522 1993 καὶ
536 1967 607 1993 κατὰ
618 1968 707 2002 χάριν,
722 1968 769 1994 καὶ
781 1976 790 1994 ε

918 1991 919 1994 η
939 1973 967 1996 et
982 1969 1086 1996 initium
1111 1969 1244 2003 quoddam
1263 1975 1436 2004 cunctorum,
1453 1971 1498 2006 qui
1511 1971 1537 1998 in
1556 1970 1657 2006 Spiritu

51 2011 116 2039 ἅπαν
141 2013 190 2048 ἤδη
216 2012 246 2039 τὸ
270 2011 438 2046 ἀνθρώπινον
463 2012 640 2047 παραπέμψει
661 2013 747 2047 γένος.
767 2013 790 2039 Κ

936 2015 998 2042 vita:
1026 2016 1172 2042 novitatem
1201 2016 1406 2049 instaurantur,
1426 2022 1454 2045 et
1470 2017 1592 2050 corporis
1610 2017 1659 2041 im-

48 2052 120 2081 τοῦτο
129 2055 206 2087 εἰδὼς
221 2056 236 2082 ό
256 2055 401 2087 Θεσπέσιος
422 2058 522 2091 γράφει
545 2058 663 2089 Παῦλος·
682 2067 691 2084 t
716 2058 787 2084 Ὥσπ

915 2058 1112 2090 ιιιιιιίιιιιριιι,οι
1122 2067 1180 2087 eam
1195 2068 1255 2095 qua:
1268 2067 1300 2087 ex
1314 2059 1456 2087 divinitate
1465 2058 1654 2094 proﬁciscitur,

49 2098 97 2133 γὰρ
114 2101 286 2137 ὲφορέσιιμεν
297 2103 346 2137 τὴν
362 2102 455 2130 εἰκόνα
471 2103 516 2129 τοῦ
534 2103 638 2137 χοϊκοῦ.
659 2105 787 2138 φορέσωμ

923 2105 1048 2132 uritatem
1076 2113 1107 2131 ac
1135 2105 1302 2136 ﬁrmitatem.
1336 2103 1485 2131 secundum
1513 2102 1658 2137 quamdam

50 2143 91 2170 καὶ
101 2146 148 2178 τὴν
161 2146 253 2174 εἰκόνα
266 2147 312 2173 τοῦ
324 2147 496 2181 ἐπουρανίου.
511 2157 520 2173 ι
534 2148 632 2174 Εἱκόνα
647 2148 696 2181 μὲν
705 2148 759 2182 γὰρ
774 2157 788 2174 τ

918 2151 969 2178 dire
992 2150 1267 2177 communicationem
1290 2150 1317 2176 in
1339 2149 1496 2176 universum
1519 2147 1657 2173 hominum

49 2190 145 2222 χοϊκοῦ,
169 2192 198 2218 τὸ
219 2193 359 2219 εὐόλισθον
383 2193 433 2227 ἔφη
461 2193 529 2227 πρὸς
546 2193 695 2227 ἁμαρτίαν,
718 2194 763 2219 καὶ
777 2202 788 2219 τ

922 2204 960 2223 Ius
974 2196 1150 2223 transmittet.
1160 2195 1244 2228 Cujus
1258 2195 1366 2229 quidem
1382 2193 1421 2221 rei
1438 2194 1548 2221 divinus
1563 2193 1661 2220 Paulus

34 2233 164 2271 ,ἐντεῦθεν
186 2238 255 2272 ἡμῖν
277 2225 456 2272 ὲπιρῤιφέντα
478 2225 713 2265 θάνατον’-εἰκόνα
735 2239 764 2264 δὲ

920 2249 930 2267 a
946 2241 1067 2276 ignarus,
1084 2241 1121 2268 ita
1139 2241 1253 2268 scribit:
1275 2250 1283 2265 I
1311 2239 1386 2266 Sicut
1404 2239 1570 2274 portavimus
1590 2237 1659 2264 ima-

48 2280 91 2307 τοῦ
112 2283 282 2319 ὶπουρανίου,
306 2285 427 2311 τουτέστι
447 2285 578 2320 Χριστοῦ,
599 2285 629 2311 τὸ
650 2286 757 2320 ἑδραῖον
782 2294 787 2311 t

922 2295 964 2313 em
980 2286 1092 2317 terreni,
1113 2290 1250 2320 portemus
1273 2290 1300 2312 et
1319 2284 1465 2319 imaginem
1479 2282 1598 2310 ccelestis
1610 2282 1631 2309 '.
1651 2291 1658 2307 ι

49 2325 186 2363 ἁγιασμὸν,
203 2331 249 2356 καὶ
267 2330 317 2366 τὴν
330 2332 362 2358 ἐκ
376 2331 491 2357 θανάτου
506 2332 553 2358 καὶ
569 2332 672 2366 φθορᾶς
688 2332 788 2363 ἀνακομ

923 2332 1021 2365 ιςιὶιιθιῐι
1037 2332 1149 2364 terreni,
1163 2331 1294 2366 peccandi
1310 2329 1528 2364 propensionem,
1542 2333 1570 2354 et
1590 2335 1662 2354 mor-

48 2372 92 2408 δήν
109 2383 137 2401 τε
151 2377 196 2402 καὶ
214 2377 386 2403 ἀνακαίνισιν
396 2378 436 2408 εἰς
452 2377 606 2411 ἀφθαρσίαν
619 2378 666 2404 καὶ
681 2376 765 2412 ζωήν.

922 2386 926 2404 ι
944 2385 1003 2412 quae
1018 2377 1080 2404 hinc
1094 2377 1191 2408 oritur,
1215 2382 1292 2404 vocat
1311 2385 1317 2403 :
1334 2381 1361 2403 at
1376 2382 1441 2402 vero
1456 2382 1503 2409 [ter
1517 2373 1661 2408 imaginem

48 2419 169 2454 caelestis,
187 2422 238 2449 hoc
254 2426 305 2454 est,
321 2422 434 2455 Christi,
449 2423 628 2450 constantiam
644 2423 671 2450 in
691 2424 846 2457 sanctitate,
861 2423 1032 2458 reditumque
1055 2429 1082 2451 et
1106 2423 1333 2451 instaurationem
1352 2430 1384 2449 ex
1407 2426 1494 2448 marte
1518 2426 1545 2448 et
1567 2429 1663 2448 carru-

48 2467 133 2500 ptione
144 2470 176 2496 ad
189 2470 269 2496 vitam
285 2475 312 2497 et
327 2471 556 2498 immortalitatem
573 2471 706 2506 designat.

80 2514 157 2541 ”Ο).ον
177 2515 225 2542 οὖν
247 2516 294 2554 ὅλῃ
315 2516 486 2551 συνηνῶσθαί
502 2525 592 2551 φαμεν
614 2518 647 2552 τῇ
669 2517 731 2544 καθ’
747 2517 819 2552 ἡμᾶς

924 2517 1011 2544 Γοιιιιη
1030 2518 1122 2553 itaque
1145 2517 1191 2545 Dei
1214 2517 1339 2546 Verbum
1357 2517 1405 2543 loti
1432 2520 1535 2542 natura:
1566 2519 1663 2541 nostr.u

49 2558 228 2597 ἀνθρωπότητι
246 2563 293 2589 τὸν
311 2563 344 2589 ἐκ
366 2563 434 2589 Θεοῦ
458 2563 555 2597 Λόγον.
573 2563 610 2590 Οὐ
637 2564 694 2598 γάρ
722 2572 773 2591 που

924 2572 1003 2591 uanae
1027 2564 1134 2591 unitum
1162 2564 1322 2591 asserimus.
1347 2563 1424 2589 Nulla
1453 2561 1525 2589 enim
1560 2560 1663 2588 ratione

48 2601 151 2636 ἄμεινον
172 2608 200 2632 ὲν
219 2608 294 2641 ἡμῖν,
311 2608 435 2635 τουτέστι
448 2608 550 2644 ψυχὴν,
565 2608 676 2642 οὒδενὸςν
691 2610 724 2636 ἂν
741 2610 787 2644 ἡξίη

923 2610 1026 2637 τθηιίιιιιι
1055 2614 1116 2641 est,
1144 2609 1269 2644 principe
1297 2608 1380 2636 nostri
1406 2612 1502 2643 parte,
1531 2607 1582 2633 hoc
1602 2610 1662 2634 est.

49 2658 76 2676 σε
99 2651 185 2686 λόγου,
214 2656 283 2691 μόνῃ
303 2656 472 2691 δωρούμενος
495 2658 527 2692 τῇ
550 2657 632 2691 σαρκὶ
656 2658 706 2692 τῆς
728 2658 788 2683 ἐπιδ

924 2664 966 2683 ma
980 2656 1111 2691 neglecta,
1127 2655 1354 2690 peregrinationis
1371 2662 1427 2681 sure
1442 2653 1578 2680 molestias
1587 2652 1662 2678 carni

51 2696 109 2729 μίας
128 2699 191 2730 τοὺς
216 2701 324 2733 πόνους.
346 2703 511 2737 Ἑπρὰττετο
526 2703 553 2729 δὲ
580 2704 671 2735 καλῶς
689 2704 721 2730 δι’
740 2704 790 2738 ᾰμς

922 2702 967 2737 giri
982 2702 1112 2729 voluisse.
1138 2701 1254 2729 Pulchre
1269 2706 1358 2728 autent
1374 2708 1422 2734 per
1441 2704 1582 2733 utramque
1598 2705 1661 2731 par-

49 2741 94 2776 τῆς
113 2745 268 2780 οἰκονομίας
293 2747 324 2774 τὸ
351 2748 522 2783 μυστήριον
546 2748 756 2784 προσεχρήσατο
782 2748 788 2774 ί

923 2757 931 2775 ι
955 2748 1169 2783 dispensationis
1194 2752 1393 2775 sacramentum
1423 2745 1558 2779 perfecit;
1581 2751 1662 2770 carne

83 2817 186 2866 'llebr.
202 2846 230 2872 ιι,
248 2841 289 2875 t4,
307 2841 348 2869 t5.
383 2842 392 2857 '
407 2840 485 2869 ltum.
507 2850 564 2877 vni,
581 2842 610 2875 5,
623 2842 650 2870 4-.
686 2841 696 2858 ³
715 2841 800 2870 lCor.
821 2850 822 2855 η

764 2849 800 2869 ar.
821 2848 880 2875 xm,
899 2841 941 2868 l2.
981 2840 1011 2867 ³1
1033 2841 1104 2868 l‘etr.
1123 2847 1152 2874 ιι,
1167 2839 1212 2867 “2:2.
1252 2840 1262 2856 ⁸
1281 2838 1368 2867 ICor.
1396 2847 1439 2872 xv,
1460 2838 1503 2866 49.
