1873 3076
56 116 116 148 93⁸1

544 117 734 149 PANOPLIA
754 117 984 152 DOGMATICA.
998 118 1116 154 -ζΤΙΤ.
1138 118 1214 151 XIV.

1640 120 1693 152 938

49 171 117 202 πῶς
131 170 282 203 τεθνεῶτος
299 169 382 198 αὑτοῦ
398 170 525 204 τοσοῦτος
541 169 576 207 ἦν
592 171 622 198 ἐν
636 173 693 204 τοῖς
711 172 842 208 στοιχείοιη

929 174 956 201 Iit
978 174 1120 204 elementis
1144 175 1334 211 perturbatio?
1349 174 1394 203 Sol
1412 176 1484 204 enim
1510 177 1600 205 radios
1629 186 1694 205 cnn-

47 217 64 243 ὁ
79 216 215 252 θόρυ6ο;;
227 216 258 244 '0
275 217 323 252 μιν
335 217 389 253 γὰρ
402 217 479 252 ἥλιος
490 218 539 250 τὰς
552 218 664 251 ἀκτῖνας
678 219 847 253 συνέστελλε,

48 263 104 291 καὶ
118 264 150 290 ὲν
164 263 258 299 ἡμέρα
274 263 369 295 σκότος
383 264 526 299 εἰργάζετο
537 284 545 296 ,
561 265 577 300 ή
593 265 621 292 δὲ
637 265 673 300 γῆ
689 265 734 292 τὸν
748 266 848 301 ἑαυτῆς

48 310 198 344 Δεσπότην
213 309 305 344 ὁρῶσα
319 309 395 343 παρὰ
407 310 461 337 τῶν
477 310 616 346 Ἰουδαίων
627 311 848 347 ἐμπαροινούμε-

49 364 100 382 νον
121 356 245 390 ἐσχίζετο
258 364 265 371 ·
284 356 375 390 ἀφῆκε
393 356 420 383 δὲ
438 357 485 384 καὶ
504 358 517 384 ὀ
535 356 601 393 ᾅδης
618 357 669 390 τὰς
688 357 743 385 τῶν
761 358 847 392 ἁγίων

47 401 155 436 ψυχάς.
175 401 252 434 Τίνος
268 401 356 429 ταῦτα
372 401 532 436 ποιοῦντος;
548 400 593 438 ἄρ’
603 404 663 439 οὺχί
680 403 765 437 Θεοῦ;
781 404 847 436 Θεὸς

49 448 110 482 γὰρ
124 445 160 482 ἦν
176 447 205 473 ἐν
219 447 313 482 σαρκὶ,
326 443 348 481 ᾧ
362 448 410 474 καὶ
423 448 441 483 ἡ
457 447 544 481 κτίσις
559 447 733 485 ὑϐριζομένῳ
746 449 847 484 τρόπον

47 493 118 520 τινὰ
137 494 316 528 συνωρίζετο.

88 539 147 567 Καὶ
157 539 199 566 σὺ
207 559 216 573 ,
225 539 357 575 παιδίον,
368 541 526 576 προφήτης
541 540 683 576 Ὑψίστου
694 541 846 577 κληθήσῃ.

48 585 253 620 Προπορεύσῃ
270 585 326 621 γὰρ
343 588 401 621 πρὸ
419 586 582 620 προσώπου
603 588 712 622 Κυρίου
728 587 846 624 ἑτοιμά-

48 638 109 658 σαι
130 631 221 664 ὀδοὺς
240 631 344 665 αὐτοῦ,
363 632 418 660 τοῦ
438 632 544 660 δοῦναι
565 632 679 668 γνῶσιν
696 634 847 669 σωτηρίας

49 676 95 709 τῷ
113 676 177 709 λαῷ
193 676 287 704 αὐτοῦ
304 677 339 705 ἐν
351 677 459 713 ἀφέσει
475 678 625 714 ἁμαρτιῶν
638 679 747 709 αὐτῶν.
763 681 847 716 Προε-

50 720 149 753 6ἀδιζε
164 722 219 757 γὰρ
233 720 282 749 τοῦ
297 721 418 758 Χριστοῦ
428 744 435 756 ,
452 723 500 750 καὶ
514 723 598 750 αὑτοῦ
613 723 709 758 γέγονε
726 725 846 761 πρόδρο-

53 776 119 802 μος,
132 768 179 794 καὶ
192 767 267 803 αὐτῷ
281 767 331 801 τὰς
345 768 421 801 ὀδοὺς
437 768 688 805 προετοιμάζεσθαι
702 770 846 807 διεκήρυτ-

51 821 102 845 τε,
118 814 164 840 καὶ
180 814 226 840 τὸν
241 813 283 840 ἐπ’
296 814 371 849 αὐτῷ
386 815 557 851 προεφήτευε
574 815 653 851 λόγον
668 816 843 853 ἐπιστρέφων

49 859 92 892 ὡς
111 859 157 886 ἐπὶ
173 859 259 894 Θεὸν,
273 859 396 888 δικαιοῦν
413 860 541 896 ἰσχύοντα
556 861 618 893 τοὺς
634 863 663 889 ἰν
678 863 841 898 ἁμαρτίαις.

52 902 124 932 Εῐτα
139 904 200 936 πῶς
212 904 243 931 οὐ
259 904 326 937 Θεὸς
341 905 355 931 ὸ
367 905 503 941 Χριστόςς

97 950 255 985 Ἑπιγνοὺς
271 950 305 978 δὲ
318 951 335 978 ὀ
348 950 465 986 Ἰησοῦς
479 951 548 985 τοὺς
563 952 778 989 διαλογισμοὺς
791 956 844 983 αὐ-

49 995 125 1028 τῶν.
141 994 208 1023 sine
223 997 299 1031 πρὸς
314 997 442 1031 αὐτοὺς,
463 998 494 1025 TI
509 997 713 1038 διαλογίζεσθε
728 1000 764 1028 ἐν
778 1001 844 1036 ταῖς

50 1044 191 1078 καρδίαις
213 1044 315 1079 ὑμῶν;
340 1045 370 1072 Tl
390 1044 477 1072 ἐστιν
497 1045 714 1081 εὐκοπώτερον,
735 1048 842 1083 εἰπεῖν,

58 1090 223 1124 Ἀφέωνταί
231 1098 280 1117 σοι
290 1091 320 1118 αἰ
328 1090 467 1125 ἁμαρτίαι
475 1098 547 1124 σου,
555 1092 574 1126 ἣ
584 1092 691 1125 εἰπεῖν,
700 1093 842 1128 Ἕγειραι,

48 1135 105 1162 καί
118 1135 270 1170 περιπάτει
277 1144 288 1168 ;
296 1136 363 1166 Ἵνα
374 1136 410 1164 δὲ
420 1136 530 1172 εἰδῆτε,
542 1137 586 1165 ἔτι
597 1138 744 1170 ἐξουσίαν
752 1139 814 1175 ἔχει
827 1141 844 1168 ὀ

54 1181 127 1214 Υιὸς
144 1181 198 1209 τοῦ
216 1182 375 1217 ἀνθρώπου
394 1182 444 1210 ἐπὶ
461 1182 518 1218 τῆς
536 1183 593 1219 γῆς
610 1184 730 1220 ἀφιέναι
750 1186 842 1221 ἁμαρ-

48 1229 132 1261 τίας,
145 1225 210 1255 εἶπε
221 1228 262 1262 τῷ
276 1229 480 1264 παραλυτικῷ,
493 1229 544 1258 Σοί
556 1230 645 1266 λέγω,
657 1231 780 1267 ἕτειραι,
793 1235 843 1260 καί

46 1274 219 1308 περιπάτει,
239 1274 385 1310 καίᾱρας
403 1275 438 1303 τὸ
459 1276 610 1304 κλινίδιόν
629 1284 689 1305 σου
711 1280 843 1313 πορεύου

45 1321 99 1353 εἰς
114 1320 167 1347 τὸν
179 1318 264 1348 οτκόν
277 1328 347 1350 σου.
363 1321 396 1348 Εἰ
411 1321 492 1357 μόνος
505 1322 580 1358 ἡμᾶς
595 1323 609 1349 ὁ
623 1323 678 1351 τῶν
693 1324 761 1352 ὅλων
777 1325 844 1358 Θεὸς

46 1365 221 1393 ἀπαλλάττει
233 1365 480 1403 πλημμελημάτων
490 1387 498 1400 ,
512 1367 599 1404 ἑτέρῳ
612 1369 767 1404 πρέποντος
779 1371 842 1398 τού-

46 1419 103 1438 του
127 1411 233 1447 μηδινὶ,
256 1412 400 1448 χαρίζεται
421 1413 450 1441 δὲ
472 1415 520 1442 καὶ
541 1414 622 1442 τοῦτο
643 1415 761 1451 Χριστὸς
784 1417 844 1452 μετ’

46 1457 180 1490 ἐξουσίας
194 1458 376 1494 θεοπρεποῦς,
393 1459 453 1492 πῶς
467 1459 517 1487 οὐκ
532 1460 566 1487 ἂν
581 1460 625 1496 εἰη
639 1461 724 1496 Θεός;
739 1463 845 1499 Κέκλη-

900 220 996 253 traxit,
1038 224 1065 249 et
1092 221 1119 249 in
1137 221 1181 249 die
1211 221 1337 249 tenebras
1359 220 1462 249 eﬂ'udit.
1489 221 1574 250 Terra
1603 228 1692 251 autem

898 271 978 294 suum
1008 266 1093 302 ipsius
1102 267 1246 295 Dominum
1276 274 1392 295 cernens
1405 275 1419 294 ο
1436 266 1537 296 ludatis
1551 273 1692 301 vexatum,

898 313 984 342 scissa
999 318 1052 342 est.
1079 312 1113 341 Et
1124 313 1248 342 infernus
1274 317 1430 342 sanctorum
1447 313 1551 341 animas
1588 314 1689 342 emisit.

898 358 1023 392 Quonam
1039 359 1098 387 haec
1111 359 1281 395 perﬁciente,
1295 358 1348 386 nisi
1365 359 1420 387 Deo
1434 359 1446 386 τ
1461 357 1533 387 Deus
1547 360 1618 387 enim
1634 365 1690 387 erat

898 404 925 431 in
937 409 1019 433 carne
1035 406 1098 440 :qui
1116 410 1178 433 cum
1191 403 1345 433 afﬁceretur
1363 404 1539 439 contumelia,
1552 412 1597 433 res
1610 405 1684 432 etian

897 456 1046 487 procreata:
1065 450 1318 479 commovebantur.

932 538 969 565 Et
980 542 1021 571 tu,
1034 546 1111 573 puer,
1121 539 1247 574 propheta
1259 538 1390 567 Altisrinti
1410 538 1556 572 vocaberis,
1583 539 1691 574 prwibis

895 586 964 613 enim
978 590 1039 612 ante
1047 585 1141 619 faciem
1154 585 1259 613 Domini
1270 593 1365 619 parare
1372 585 1427 613 vias
1441 585 1508 619 ejus,
1525 586 1560 612 ad
1574 585 1690 612 dandam

896 629 1032 657 scientiam
1049 630 1143 658 salutis
1157 629 1254 664 populo
1271 630 1328 664 ejus
1356 630 1384 657 in
1394 631 1574 657 remissionem
1597 635 1682 665 pecca-

896 680 986 702 torum
1017 676 1136 710 ipsorum
1159 676 1179 702 '.
1202 675 1313 703 Prativit
1334 675 1407 703 enim
1432 675 1555 708 Christo,
1569 680 1596 703 et
1628 676 1690 710 eius

895 728 1046 756 prtecursor
1055 722 1143 749 factus
1150 720 1241 750 est.Et
1248 721 1344 753 edixit,
1354 727 1382 749 ut
1390 726 1553 757 pararentur
1560 722 1609 749 viae
1621 722 1690 757 ejus.

895 767 928 796 Et
952 767 1064 796 verbum
1105 767 1139 795 de
1161 768 1218 802 ipso
1262 767 1426 795 vaticinatus
1446 772 1498 800 est,
1528 773 1691 796 convertens

896 822 1026 850 umquam
1050 815 1083 842 ad
1102 815 1197 848 Deum,
1230 814 1276 849 qui
1299 813 1501 849 potesttjustos
1525 812 1631 841 eliicere
1642 822 1691 841 eos

895 861 940 896 qui
950 861 975 888 in
985 859 1105 895 peccatis
1125 860 1316 888 versabantur.
1339 858 1480 892 Quomodo
1505 859 1586 895 igitur
1611 859 1690 887 Chri-

895 912 954 935 stus
968 901 1022 935 rion
1050 910 1092 935 est
1105 906 1197 934 Deus?

929 953 1093 989 Cognoscens
1121 956 1208 980 autem
1223 952 1300 980 Jesus
1329 953 1501 988 cogitationes
1515 960 1619 984 eorum,
1649 960 1690 980 rc-

894 1000 1000 1035 spondit
1015 1000 1105 1028 dicens
1116 1001 1150 1027 ad
1163 1008 1225 1028 eos:
1241 999 1311 1033 Quid
1335 1005 1374 1028 est
1384 1001 1489 1036 facilius
1520 1001 1616 1034 dicere,
1639 1001 1688 1028 Di-

894 1045 1036 1072 mittuntur
1050 1045 1097 1072 tibi
1112 1049 1220 1080 peccata
1236 1050 1293 1077 tua,
1306 1053 1341 1072 an
1363 1046 1460 1078 dicere,
1473 1045 1568 1080 Surge,
1586 1050 1610 1072 et
1626 1054 1688 1072 απι-

895 1090 977 1119 bula?
994 1090 1027 1118 Ut
1038 1096 1126 1119 antem
1141 1092 1245 1124 sciatis,
1271 1090 1373 1118 Filium
1400 1091 1514 1118 hominis
1531 1091 1626 1118 habere
1640 1099 1689 1126 po<

894 1140 1013 1164 testatem
1032 1137 1060 1164 in
1081 1141 1153 1164 terra
1176 1137 1327 1164 dimittendi
1361 1141 1481 1172 peccata,
1503 1137 1691 1172 dixitporaly-

894 1183 945 1210 tico
963 1190 972 1210 :
988 1182 1046 1209 Tibi
1062 1182 1135 1216 dico,
1149 1190 1236 1218 surge,
1254 1188 1279 1210 et
1292 1184 1410 1216 ambula,
1424 1188 1448 1210 et
1461 1183 1571 1218 grabato
1587 1183 1690 1210 sublato

895 1229 959 1257 vade
970 1229 998 1256 in
1011 1229 1118 1256 domum
1140 1233 1212 1256 tuam
1228 1230 1250 1256 ¹.
1263 1228 1292 1256 Si
1306 1229 1380 1257 solus
1389 1236 1438 1257 nos
1463 1235 1554 1256 rerum
1567 1228 1689 1257 omnium

894 1277 966 1305 Deus
980 1277 1077 1305 liberat
1094 1284 1109 1304 a
1123 1276 1256 1313 peccatis,
1268 1277 1340 1312 quod
1351 1276 1396 1304 alii
1410 1281 1508 1311 praeter
1519 1275 1607 1311 ipsum
1622 1283 1690 1303 con-

894 1323 966 1358 gruit
976 1322 1091 1356 nemini,
1106 1322 1159 1351 hoc
1181 1327 1273 1350 autem
1282 1322 1413 1358 elargitur
1427 1321 1552 1349 Christus
1566 1328 1628 1349 cum
1638 1328 1689 1348 au-

894 1369 1021 1397 ctoritate
1032 1369 1087 1396 Deo
1095 1372 1271 1404 congruente,
1281 1368 1327 1402 qui
1336 1367 1394 1396 ﬁeri
1405 1371 1504 1403 potest,
1514 1371 1544 1394 ut
1555 1366 1626 1394 Deus
1633 1373 1688 1395 non

894 1415 930 1443 sit
943 1415 956 1442 ἲ
985 1414 1104 1443 Vocatus
1115 1419 1158 1443 est
1179 1418 1269 1441 autem
1280 1412 1365 1442 Filius
1382 1413 1512 1446 hominis,
1525 1414 1589 1449 quia
1601 1422 1690 1449 quan-

895 1464 950 1487 tum
961 1460 994 1488 ad
1003 1466 1112 1488 carnem
1122 1459 1229 1493 attinet,
1237 1464 1328 1488 natum
1337 1464 1378 1488 est
1388 1467 1422 1488 ex
1431 1459 1546 1489 muliere
1558 1460 1688 1494 Verbum,

45 1511 100 1531 cat
119 1503 148 1530 δὲ
167 1503 232 1536 Υἰὸς
248 1504 394 1540 ἀνθρώπου
412 1505 555 1540 γεννηθεὶς
571 1507 604 1534 ὲκ
621 1508 751 1541 γυναικὸς
771 1509 843 1537 κατά
857 1509 878 1539 C
894 1506 1029 1534 εκεὶειεηε
1043 1504 1127 1533 Deus-

47 1547 156 1585 σάρκα,
172 1549 262 1577 καίτοι
278 1550 344 1581 Θεὸς
357 1550 395 1577 ὼν
407 1551 421 1577 ὸ
436 1551 533 1585 Λόγος.

81 1595 180 1627 Αὐτὸς
194 1595 229 1622 δὲ
243 1596 260 1623 ὁ
277 1595 399 1629 Ἰησοῦς
415 1597 470 1624 οὐκ
485 1597 670 1625 ἐπίστευσεν
683 1598 777 1626 αὑτὸν
789 1601 843 1628 αὐ-

47 1639 117 1673 τοῖς
132 1640 181 1667 διὰ
195 1640 230 1668 τὸ
246 1640 341 1668 αὑτὸν
355 1641 514 1675 γινώσκειν
528 1641 662 1676 πάντας,
678 1643 728 1671 καὶ
744 1643 789 1671 ὅτι
806 1645 842 1673 οὐ

48 1687 159 1722 χρείαν
169 1685 262 1720 εἶχεν,
276 1687 327 1714 bra
338 1696 383 1721 τις
395 1688 572 1723 μαρτυρήσῃ
586 1689 653 1724 περὶ
667 1689 720 1717 τοῦ
733 1690 843 1725 ἀνθρώ-

48 1740 124 1761 που.
139 1732 234 1766 Αὐτὸς
247 1732 301 1768 τὰρ
313 1733 477 1768 ἐγίνωσκε,
491 1734 519 1761 τι
532 1731 571 1769 ἦν
583 1734 618 1761 ἐν
632 1735 672 1768 τῷ
686 1735 840 1770 ἀνθρώπῳ.

48 1780 123 1815 Περὶ
136 1779 202 1806 Θεοῦ
217 1779 386 1814 γέγραπται,
405 1779 438 1807 '0
451 1780 577 1814 πλάσας
591 1781 667 1809 κατὰ
678 1782 775 1817 μόνας
787 1783 842 1817 τὰς

48 1825 177 1862 καρδίας
197 1825 308 1854 αὐτῶν.
327 1826 383 1854 Καὶ
403 1826 484 1859 αὐτὸς
504 1826 533 1854 δέ
552 1826 604 1854 πού
624 1836 702 1863 φησι,
721 1828 769 1864 Μὴ
788 1829 841 1856 ἀπ’

46 1871 127 1906 ἐμοῦ
140 1871 324 1906 κρυϐήσσται
337 1879 401 1905 τις;
414 1871 446 1898 Εἰ
460 1871 488 1899 δὲ
502 1871 607 1904 πάντας
621 1873 777 1907 ἐπίσταται,
793 1875 840 1901 καὶ

45 1915 106 1945 οἶδε
124 1917 158 1943 τὰ
174 1918 204 1944 ιν
218 1917 257 1953 τῷ
274 1916 427 1953 ἀνθρώπῳ,
446 1917 505 1950 πῶς
521 1918 573 1945 οὐκ
590 1917 624 1945 ἂν
639 1918 681 1954 εἰη
701 1919 785 1951 Θεὸς.
802 1920 840 1952 ὡς

47 1963 169 1998 καρδίας
184 1962 287 1996 ὲτάζων
302 1963 349 1990 καὶ
364 1963 500 1998 νιφρούς;

91 2008 198 2042 ’Δμὴν,
214 2008 305 2043 ἀμὴν,
320 2008 398 2043 λέγω
415 2008 497 2044 ὑμῖν,
514 2009 531 2036 d
548 2009 703 2036 πιστεύων
716 2010 759 2043 εις
775 2009 837 2044 ἐμὲ,

46 2057 86 2085 τὰ
104 2057 177 2092 ἔργα
193 2056 213 2084 ἁ
227 2057 285 2092 ἐγὼ
301 2057 385 2089 ποιῶ,
403 2056 543 2090 κάκεῖνος
559 2056 691 2092 ποιήσει,
709 2057 757 2084 καὶ
772 2058 838 2092 μει-

45 2103 122 2134 (ora
136 2102 250 2129 τούτων
266 2102 403 2137 ποιήσει,
422 2102 467 2129 ὅτι
485 2102 543 2136 ἐγὼ
560 2102 636 2136 πρὸς
652 2101 706 2129 τὸν
724 2101 839 2136 Πατέρα

43 2157 109 2184 μου
126 2149 305 2183 πορεύομαι,
322 2148 371 2175 καί
383 2148 400 2175 ὅ
410 2156 437 2174 τι
453 2147 492 2175 ἂν
509 2147 654 2182 αἰτήσητε
670 2147 705 2174 ἐν
721 2147 761 2181 τῷ
769 2147 837 2175 ὀνό-

928 1594 988 1628 Ipte
1000 1599 1087 1621 autem
1096 1595 1174 1622 Iesus
1190 1602 1243 1622 non
1268 1594 1389 1622 credebat
1402 1603 1429 1622 se
1448 1595 1532 1630 ipsum
1544 1596 1582 1623 eis
1592 1616 1599 1629 ,
1624 1597 1688 1633 quia

892 1641 1062 1676 cognoscebat
1079 1648 1179 1672 omnes,
1193 1648 1239 1668 nec
1267 1647 1332 1676 opus
1349 1640 1474 1674 habebat,
1493 1647 1522 1670 ut
1550 1643 1689 1678 quisquam

893 1679 1070 1715 testimonium
1087 1687 1129 1715 illi
1148 1687 1180 1715 de
1203 1688 1308 1716 homine
1345 1688 1505 1723 perhiberet.
1531 1688 1593 1724 Ipse
1618 1690 1689 1717 enim

890 1734 998 1767 sciebat,
1012 1733 1076 1768 quid
1092 1739 1158 1760 eiset
1171 1733 1199 1760 in
1215 1733 1319 1761 homine
1331 1733 1353 1760 ⁸.
1391 1733 1430 1761 De
1459 1733 1515 1762 Deo
1555 1735 1686 1769 scriptum

891 1784 932 1807 est
949 1787 956 1806 :
977 1779 1029 1812 Qui
1045 1779 1125 1814 ﬁnxit
1141 1778 1282 1814 sigillatim
1296 1779 1378 1806 corda
1395 1780 1514 1813 ipsorum
1547 1779 1571 1806 ⁸.
1590 1780 1624 1807 Ει
1648 1781 1688 1815 ip-

890 1829 920 1850 se
934 1823 1049 1857 quodam
1067 1822 1126 1849 loco
1143 1831 1150 1850 :
1168 1821 1252 1856 Num,
1269 1823 1368 1858 inquit,
1380 1831 1396 1849 a
1408 1831 1448 1851 me
1466 1824 1607 1860 quisquam
1625 1825 1689 1852 οισ-

892 1868 1019 1895 conditur
1033 1869 1044 1885 ³
1063 1866 1075 1894 ἰ
1099 1866 1175 1901 Quod
1200 1868 1223 1895 si
1236 1875 1332 1895 omnes
1348 1867 1429 1895 habet
1443 1869 1577 1903 cognitos,
1598 1874 1625 1896 et
1640 1876 1689 1896 no-

891 1914 930 1941 vit
947 1921 1008 1949 quae
1023 1912 1126 1941 suntin
1137 1913 1258 1946 homine,
1276 1920 1366 1942 nonne
1378 1913 1447 1942 Deus
1461 1917 1513 1948 est,
1531 1914 1576 1949 qui
1602 1915 1687 1943 corda

889 1964 1029 1988 scrutatur
1052 1963 1080 1986 et
1100 1958 1200 1986 renes?
1475 1994 1478 1997 _

923 2005 1019 2036 Amen,
1035 2012 1113 2031 amen
1126 2004 1187 2032 dico
1204 2004 1290 2037 vobis,
1315 2007 1363 2040 qui
1388 2007 1473 2034 credit
1485 2007 1512 2034 in
1528 2016 1579 2040 me,
1596 2017 1686 2043 opera,

888 2058 945 2086 qua
956 2058 1002 2084 ego
1018 2049 1097 2084 facio,
1132 2055 1157 2077 et
1185 2050 1239 2085 ipse
1247 2051 1336 2086 faciet,
1362 2056 1386 2079 et
1410 2053 1514 2086 majora
1536 2054 1577 2081 his
1596 2054 1688 2090 faciet.

889 2095 1019 2128 Quoniam
1032 2104 1078 2131 ego
1097 2096 1132 2122 ad
1148 2095 1256 2124 Patrem
1275 2097 1352 2130 vado,
1367 2103 1391 2125 et
1406 2098 1578 2135 quodcunque
1605 2104 1687 2135 petie-

889 2142 947 2169 ritis
967 2142 993 2168 in
1009 2143 1112 2170 nomine
1135 2150 1204 2176 meo,
1219 2143 1319 2178 faciam
1340 2144 1412 2172 vobis
1441 2145 1462 2172 '.
1493 2145 1634 2174 Proficisci
1658 2156 1688 2175 se

43 2195 123 2230 ματι
141 2203 212 2228 μου,
232 2193 321 2221 τοῦτο
342 2194 470 2227 ποιήσω.
490 2193 659 2229 Πορεύεσθαί
680 2203 746 2229 φησι
767 2193 837 2228 πρὸς

929 2189 952 2216 :it
971 2189 1003 2216 ad
1019 2188 1126 2217 Patrem
1140 2188 1233 2218 Filius.
1250 2189 1343 2225 Atqui,
1357 2195 1387 2218 ut
1402 2191 1481 2225 Deus,
1499 2193 1593 2228 implet
1629 2202 1688 2222 om-

45 2241 95 2268 τὸν
114 2240 235 2275 Πατέρα,
249 2239 338 2267 καίτοι
351 2240 432 2274 φύσει
445 2239 511 2272 Θεὸς
526 2239 658 2275 ὑπάρχων
672 2240 686 2267 ὁ
701 2240 777 2272 Υἰὸς,
789 2239 838 2266 καὶ

44 2284 132 2315 αὐτὸς
146 2285 160 2311 ὁ
172 2285 207 2312 τὰ
221 2285 312 2311 πάντα
327 2283 450 2320 πληρῶν.
467 2283 618 2319 Πορεύεται
630 2285 720 2311 τοίνυν
733 2284 837 2320 ἀνθρω-

44 2331 149 2362 πίνως.
162 2330 313 2365 Ἀνελήφθη
323 2329 378 2365 γὰρ
391 2330 430 2362 εἰς
440 2330 486 2356 τὸν
496 2330 621 2364 οὐρανόν.
636 2330 707 2357 Ἀλλ’
719 2330 756 2363 ὡς
769 2331 838 2362 Θεὸς

44 2375 251 2410 ἐπαγγέλλεται
269 2376 392 2412 πληροῦν
407 2376 442 2403 τὰ
457 2377 597 2412 αἰτήματα
612 2377 667 2403 τῶν
682 2384 837 2412 προσερχο-

46 2424 159 2457 μένων,
176 2423 201 2449 ei
217 2423 246 2449 ὲν
260 2421 301 2457 τῷ
317 2422 430 2458 ὀνόματι
446 2421 531 2449 αὐτοῦ
548 2422 668 2448 ποιοῖντο
683 2422 732 2454 τὰς
747 2421 836 2453 λιτάς.

44 2467 117 2494 Εἶτα
133 2468 187 2494 τίνι
206 2468 240 2495 ἂν
257 2468 358 2503 πρέποι
375 2467 406 2494 τὸ
426 2466 549 2504 πληροῦν
565 2467 649 2502 εὐχὰς
669 2467 773 2501 ἁγίων,
792 2466 842 2494 καὶ

43 2513 211 2549 χαρίζεσθαι
231 2513 266 2540 τὰ
286 2513 444 2548 αἰτήματα,
465 2512 537 2549 πλὴν
555 2513 596 2540 ὃτι
617 2512 691 2548 μόνῳ
708 2512 748 2548 τῷ
769 2511 841 2540 κατά

44 2560 131 2596 φύσιν
145 2560 193 2587 καὶ
206 2559 304 2594 ἀληθεῖ
318 2559 376 2586 ὄντι
392 2558 471 2594 Θεῷ;

79 2605 164 2639 Αὕτη
180 2605 214 2633 δέ
232 2606 319 2633 ἐστιν
335 2605 355 2639 ἡ
373 2604 492 2638 αἰώνιος
510 2604 583 2638 ζωὴ,
601 2604 651 2631 ἵνα
668 2603 841 2640 γινώσκωσι

43 2659 83 2678 σε
98 2651 152 2677 τὸν
164 2651 261 2686 μόνον
274 2650 421 2684 ἀληθινὸν
435 2650 520 2683 Θεὸν,
538 2650 587 2677 καὶ
604 2649 641 2677 ὃν
654 2650 838 2685 ἀπέστειλας

51 2696 178 2730 Ἰησοῦν
191 2697 332 2731 Χριστόν.
346 2696 377 2722 Εἰ
391 2697 424 2732 τῇ
441 2695 590 2730 ἐπιγνώσει
604 2696 651 2723 τοῦ
668 2696 750 2731 μόνου
766 2696 835 2723 Θεοῦ

43 2738 226 2776 συνεζεῦχθαί
241 2748 271 2766 τε
295 2741 343 2767 καὶ
371 2739 570 2767 συνεισὸαενειν
586 2740 694 2776 ἀνάγκη
710 2741 758 2776 τὴν
773 2741 835 2768 ὲπί-

82 2810 97 2844 ιγ
108 2808 174 2838 Luc.
190 2817 209 2841 ι,
226 2811 270 2844 76,
288 2810 333 2837 77.
397 2811 407 2826 ²
422 2811 514 2838 Matth.
530 2818 567 2841 ix,
584 2810 638 2837 te.

44 2844 55 2860 '
84 2843 163 2872 Joan.
189 2853 245 2874 xrv.
272 2845 379 2877 12,15.
418 2845 520 2873 ’Joun.
539 2846 646 2879 xm,5.

187 2892 321 2924 [υτ-ποι.
337 2894 394 2924 Gn.
410 2891 530 2923 CXXX.

708 2811 718 2827 ³
731 2810 809 2840 Joan.
825 2819 855 2844 ll,
882 2810 928 2842 24,
941 2810 986 2837 25.

887 2235 943 2263 nia.
959 2234 1052 2269 Itaque
1068 2236 1250 2272 proficiscitur
1265 2241 1393 2272 tanquam
1420 2238 1511 2266 homo.
1526 2240 1688 2275 Assumptus

886 2282 958 2309 enim
973 2282 1056 2309 estin
1072 2282 1181 2310 ciuium.
1199 2281 1299 2310 Verum
1322 2288 1352 2310 ut
1386 2283 1456 2312 Deus
1472 2285 1613 2322 pollicetur
1639 2287 1689 2314 im-

886 2328 1021 2364 pleturum
1035 2336 1065 2356 se
1079 2329 1246 2364 precantium
1260 2330 1404 2364 postulata,
1420 2331 1442 2359 si
1469 2331 1496 2359 in
1517 2333 1626 2360 nomine
1638 2340 1690 2360 suo

886 2380 985 2408 preces
997 2374 1151 2401 eiluderiut.
1170 2373 1221 2402 Cui
1234 2380 1326 2403 autem
1337 2376 1466 2405 convenit
1491 2381 1552 2405 vota
1580 2383 1689 2405 sancto-

890 2426 951 2446 rum
967 2419 1091 2453 explerc,
1107 2424 1134 2447 et
1155 2427 1217 2454 qua
1251 2420 1434 2455 postulantur,
1449 2420 1573 2457 elargiri,
1588 2423 1640 2450 uisi
1662 2421 1687 2450 ei

889 2464 935 2500 qui
951 2464 1026 2493 solus
1037 2469 1168 2493 etnatura
1186 2470 1214 2493 et
1234 2466 1350 2494 veritate
1359 2471 1403 2494 est
1415 2467 1486 2495 Deus
1498 2467 1510 2494 τ

933 2603 997 2631 Iltzc
1009 2609 1097 2631 autent
1110 2609 1149 2632 est
1165 2605 1216 2633 vita
1230 2612 1340 2639 eterna.
1355 2612 1384 2634 ut
1396 2613 1555 2643 cognoscant
1566 2614 1590 2636 te
1602 2609 1687 2636 solum

891 2658 978 2677 rerum
994 2649 1087 2683 Deum,
1101 2655 1124 2677 et
1138 2659 1214 2685 quem
1238 2653 1335 2680 misisti
1347 2671 1356 2684 ,
1384 2653 1474 2680 Iesum
1501 2653 1638 2681 Christum
1664 2657 1688 2684 ⁷.

891 2697 918 2723 Si
939 2696 1021 2731 igitur
1042 2696 1127 2724 solius
1152 2697 1198 2724 Dei
1227 2699 1408 2733 cognitionem
1434 2700 1497 2727 Jesu
1514 2700 1612 2728 Christi
1639 2709 1686 2729 co-

891 2742 975 2776 gnitio
994 2742 1116 2775 sequitur
1131 2744 1297 2776 necessario,
1315 2744 1394 2778 eique
1406 2745 1552 2780 conjuncta
1577 2751 1631 2779 est,
1660 2751 1688 2775 et

1044 2809 1054 2825 ⁸
1075 2810 1248 2845 Psnl.uxn,
1274 2813 1318 2840 15.
1378 2813 1389 2829 ¹
1407 2812 1488 2840 Eccli.
1517 2820 1612 2847 xxxu,
1639 2815 1687 2843 24.

1451 2896 1489 2926 30
