1873 3076
13 153 81 185 919

518 153 703 184 ΡΛΝΟΡΗΑ
726 152 946 184 DOGMATICA
977 164 1010 169 -
1026 152 1101 182 ΤΙΤ.
1123 150 1184 182 XV.

1614 153 1666 185 950

12 215 80 243 σει,
99 210 152 237 καὶ
162 209 229 238 ίδιον
244 208 316 245 ἔχων
325 209 407 243 alito;
424 210 449 237 si.
459 210 486 237 δὲ
498 211 549 237 ἀνὰ
565 211 648 245 μέρος
662 210 709 236 καὶ
724 209 800 237 ίδικῶ

899 214 942 236 eat
955 210 1094 244 proprlum
1109 216 1141 236 ac
1158 216 1235 236 suum
1259 207 1329 235 75in
1347 207 1484 244 hominem
1518 208 1665 242 privatum,

12 257 112 292 ἧγουν
131 256 205 284 κατὰ
221 257 307 292 μόνας
321 256 368 283 τὸν
384 257 416 284 ἐκ
427 256 557 291 γυναικὸς
570 256 716 293 ἄνθρωπον
729 256 823 290 δεδεῆ-

12 302 88 329 σθαί
108 310 180 337 φασι
201 302 249 337 τῆς
270 301 319 329 τοῦ
336 302 494 337 Πνεῦματος
521 303 650 338 μετοχῆς,
667 303 726 334 πῶς
741 302 824 333 αὑτός

12 349 104 376 ἔστιν
121 348 138 374 6
154 348 296 383 βαπτίζων
314 349 344 375 ιν
366 348 451 383 αὐτῷ,
469 348 559 375 καίτοι
585 349 654 385 μόνῃ
670 348 823 384 πρέποντος

12 396 55 430 τῇ
75 395 216 431 ἀνωτάτω
244 396 326 430 φύσει
355 394 404 421 τοῦ
428 395 475 422 καὶ
500 395 663 429 ἀποφαίνειν
692 393 824 424 δύνασθαι

15 442 236 479 μετεσχηκότας
251 443 300 471 τοῦ
310 443 469 478 Πνεύματος
478 443 543 474 τοὺς
554 441 718 478 προσιόντας
732 440 802 475 αὐτῇ
815 448 822 472 ;

14 487 57 515 Εἰ
73 488 106 515 δὲ
130 488 240 523 δέχεται
260 489 308 516 καὶ.
334 488 442 516 δίδωσιν
462 489 477 514 ὸ
501 488 593 521 αὐτὸς,
619 487 763 523 πρόδηλον,
781 487 825 514 ὅτι

12 535 102 562 κατὰ
116 542 151 569 γε
169 535 233 567 τοὺς
258 536 309 571 τῆς
329 535 400 571 μετὰ
421 536 523 571 σαρκὸς
540 534 700 569 οἰκονομίας
716 534 823 569 λόγους,

15 581 74 607 καὶ
91 580 166 608 καθὸ
181 581 275 615 φύσει,
292 581 341 608 καὶ
355 581 463 616 ἀληθῶς
473 582 533 608 ἔστι
549 581 625 612 Θτός.
650 580 761 615 Δέχεται
774 580 824 613 μὲν

14 627 79 663 γὰρ
93 627 276 662 ἀνθρωπίνως
290 627 339 662 οὐχ
354 627 443 662 ἑαυτῷ
459 626 570 662 μᾶλλον,
582 626 651 654 ἀλλᾶ
665 627 700 662 τῇ
714 625 823 660 ἀνθρώ-

16 682 88 700 πων
104 673 231 708 φὺσειδι²
244 674 355 706 ἑαυτοῦ,
369 673 416 700 καὶ
429 674 458 700 ὲν
465 673 553 709 ἑαυτῷ
564 673 673 708 πρῶτον
683 671 823 706 προξενῶν

17 719 97 747 αὖτό
120 728 128 736 ·
148 720 241 748 δίδωσι
254 720 282 748 δὲ
299 719 398 752 θεῖκῶς
408 720 437 752 ἐξ
453 720 521 751 ἰδίας
546 718 629 746 αὑτοῦ
643 718 749 754 φύσεως
767 718 824 749 τοῖς

16 766 116 800 ἀξίοις
137 766 185 793 τοῦ
199 766 292 793 λαϐεῖν
309 765 404 798 ἔνιείς.
416 763 473 792 Ἦν
489 765 539 800 μὲν
553 764 601 792 οὖν
620 764 660 800 τῷ
673 763 824 799 προκειμέ-

17 822 64 847 νιρ
81 812 160 848 ρητῷ
175 812 358 848 προσεοικότα
380 821 410 839 τε
426 813 474 839 καὶ
490 811 536 839 τὸν
561 811 619 838 ἴσον
641 811 740 847 ἔχοντα
760 809 823 837 νοῦν

19 857 199 892 παραθεῖναι
209 857 259 885 καὶ
272 857 354 893 ἓτερα
365 865 372 873 '
385 857 416 883 τδ
429 856 458 883 δέ
469 865 501 891 γε
513 857 676 884 ταυτοεπείν
693 855 823 891 φορτικὶσν

20 903 142 935 είδὸτις,
156 903 246 931 ικεῖνό
259 911 363 938 φαμεν.
384 902 422 935 ὡς
436 902 546 938 ἀπόχρη
570 903 627 934 τοῖς
652 901 825 937 νουνεχεστέ-

22 958 88 984 pot;
107 951 125 986 ἡ
153 950 213 982 ἐνὸς
238 949 369 985 ἐξήγησις
384 949 423 981 ιίς
439 949 489 984 τὴν
505 950 559 975 τῶν
585 948 687 983 ὁμοίως
707 947 824 982 ἑχόντων

21 996 134 1032 ἀκριὸῆ
148 996 325 1032 διασάφησιν.
341 995 450 1024 Οὐκοῦν
469 996 567 1027 ὁσάκις
581 995 615 1022 ἂν
631 995 737 1029 λέγοιτο
754 994 823 1030 Χρι-

22 1044 92 1074 στος
111 1042 275 1077 ἀγιάζεαθαι
298 1043 402 1078 τυχεῖν,
430 1043 516 1078 ἧγουν
533 1042 564 1070 τὸ
587 1041 701 1077 Πνεῦμα
717 1041 822 1074 λαϐεῖν,

21 1090 104 1119 κατὰ
119 1089 217 1116 τοῦτον
236 1089 318 1116 αὑτὸν
332 1088 379 1116 τὸν
397 1089 500 1124 τρόπον
518 1088 654 1124 προσήκει
669 1089 752 1116 νοεῖν.

66 1135 139 1170 Περὶ
149 1134 184 1162 δὲ
195 1134 252 1169 τῆς
266 1134 389 1170 ἡμέρας,
403 1134 423 1168 ἣ
435 1134 492 1170 τῆς
501 1134 580 1168 ὥρας
595 1134 713 1168 ἐκείνης
724 1133 825 1167 οὐδεὶς

22 1181 125 1215 ora”,
141 1182 211 1210 οὔτε
225 1183 252 1209 al
263 1181 385 1217 ἄγγελοι
399 1179 460 1209 τῶν
470 1180 620 1216 οὐρανῶν,
634 1181 703 1209 οὐτε
718 1181 734 1208 ό
747 1180 824 1214 ΥΙὸς,

22 1230 57 1256 ει
70 1227 117 1263 μὴ
139 1229 156 1256 ὁ
169 1228 282 1263 Πατήρ.
310 1228 342 1256 Εί
355 1227 474 1263 Χριστὸν
490 1227 551 1260 ἕνα,
568 1227 663 1261 φασὶν,
681 1226 826 1262 ὁμολογεῖν

25 1274 176 1308 ὲγνώκατε
191 1274 239 1302 τὸν
252 1273 299 1301 τοῦ
314 1273 383 1302 Θεοῦ
404 1274 493 1309 Λάγον
504 1273 726 1309 σεσαρκωμίνον,
742 1273 826 1309 ἤγουν

25 1321 270 1358 ὲνηνθρωπηκότα
284 1340 293 1354 ,
317 1320 377 1353 πῶς
401 1321 496 1356 ἠγνόει
520 1320 570 1357 τὴν
594 1320 645 1355 τῆς
669 1319 826 1351 συντελείας

26 1369 140 1404 ἡμέραν
153 1377 160 1402 ς
174 1368 268 1404 Φαμὲν
290 1368 349 1402 οὖν,
362 1369 404 1396 ὅτι
429 1369 565 1404 ἀγνοῆσαι
577 1369 659 1404 τυχὸν
674 1368 709 1395 τὰ
723 1369 752 1395 ἐν
765 1368 826 1404 Θεῷ

28 1415 175 1451 μυστήρια
195 1414 257 1442 οὔτε
269 1415 417 1450 ἀσύνηθες,
436 1414 498 1443 οὗτε
515 1415 569 1451 μὴν
585 1415 686 1450 ἑτέρως
701 1414 826 1448 ἀπρεπὲς

25 1463 64 1489 ἂν
73 1462 117 1497 εἴη
130 1462 163 1497 τῇ
177 1461 276 1489 κτίσει.
294 1462 343 1495 Τίς
358 1462 414 1496 γὰρ
429 1462 506 1497 ἔγνω
525 1461 602 1490 γοῦν
615 1462 742 1496 Κυρίου;
754 1460 826 1488 κατὰ

26 1508 62 1534 τὸ
72 1508 278 1543 γεγραμμένον.
287 1508 343 1535 Καὶ
357 1508 381 1534 si
395 1508 504 1543 λέγεται
513 1508 601 1544 βραχὺ
611 1508 678 1544 παρ’
692 1508 826 1542 ἀγγέλους

877 259 904 282 et
914 254 1012 286 solum,
1028 253 1072 289 qui
1091 261 1124 281 ex
1155 253 1268 281 muliere
1281 258 1363 280 natus
1378 253 1424 284 sit,
1449 252 1555 287 Spiritu
1588 255 1667 282 dixe-

878 299 937 327 rint
955 299 1088 335 indigere,
1106 298 1242 334 quomodo
1253 298 1313 334 ipse
1341 302 1383 326 est
1407 299 1453 333 qui
1491 299 1610 336 bztptizat
1639 300 1665 327 in

876 345 935 379 ipso
960 344 1081 380 Spiritu,
1110 352 1174 373 cum
1210 344 1260 372 soli
1286 352 1420 379 suprema:
1435 350 1539 373 natura:
1566 353 1665 373 conve-

876 389 934 416 niat
950 396 1028 424 posse
1061 389 1202 417 declarare
1239 388 1357 424 Spiritus
1388 389 1535 424 participes
1553 397 1601 418 eos
1620 391 1666 426 qui

876 436 909 463 ad
942 435 1030 471 ipsum
1058 435 1217 463 accedunt?
1239 435 1318 468 Quod
1335 436 1358 463 si
1380 443 1450 464 unus
1487 441 1570 471 atque
1595 437 1664 464 idem

875 485 929 516 est,
949 481 995 517 qui
1012 481 1138 516 suscipit,
1154 486 1181 508 et
1194 481 1241 517 qni
1257 481 1382 517 largitur,
1410 481 1585 516 perspicuum
1613 486 1667 514 est,

876 528 934 556 haec
958 528 1028 562 iieri,
1048 533 1183 564 quatenus
1207 529 1327 564 pertinet
1352 528 1387 556 ad
1407 534 1553 565 assumpta:
1575 529 1667 557 carnis

876 574 1120 610 dispensationem,
1137 579 1163 603 et
1189 580 1325 610 quatenus
1352 580 1454 602 natura
1472 579 1499 603 ct
1517 582 1581 603 vere
1595 575 1667 602 Deus

874 628 926 649 est.
942 620 1146 656 Suscipitenim
1173 626 1202 649 ut
1229 622 1320 654 homo,
1351 629 1403 649 non
1420 622 1505 657 magis
1519 622 1570 649 sibi
1582 629 1665 657 quam

877 666 1001 693 humanae
1029 671 1133 694 naturae
1158 674 1206 701 per
1219 666 1339 702 seipsutn
1353 671 1381 694 et
1407 667 1433 694 in
1458 667 1548 701 διείρεο
1579 667 1667 702 primo

876 711 1008 747 Spiritum
1035 713 1194 742 concilians.
1214 713 1363 741 Datautem
1380 718 1410 740 ut
1434 713 1519 745 Deus,
1540 721 1573 741 ex
1603 721 1666 748 pro-

875 759 934 795 pria
950 764 1046 786 natura
1062 759 1184 788 tribuens
1200 759 1254 787 illis
1279 759 1324 794 qui
1340 759 1415 795 digiti
1450 764 1525 791 sunt,
1545 763 1576 786 ut
1600 765 1664 786 eum

875 806 1022 841 accipiant.
1040 805 1165 834 Poteram
1195 805 1259 833 huic
1286 806 1430 834 sententia:
1470 805 1570 833 multas
1597 805 1666 832 alias

877 852 981 880 similes
999 856 1027 880 et
1045 852 1173 880 eandem
1188 852 1320 880 habentes
1333 852 1386 880 vim
1405 852 1432 880 in
1464 853 1580 880 medium
1603 859 1668 887 pro-

875 897 958 931 ferre,
988 905 1081 926 verum
1094 905 1154 926 cum
1172 897 1241 926 idem
1257 903 1379 934 repetere
1399 898 1544 926 molestum
1567 898 1614 931 sit,
1632 905 1666 925 ex

876 944 955 973 unius
971 943 1020 972 loci
1036 944 1221 972 declaratione
1247 944 1395 979 prudentes
1416 945 1551 978 homines,
1567 950 1664 972 cetera

875 990 973 1018 similia
998 990 1057 1018 loca
1086 990 1166 1019 facile
1191 991 1306 1019 dicimus
1345 991 1542 1019 intelletturos.
1576 990 1668 1025 ltaqae

875 1036 984 1071 quoties
1001 1036 1137 1069 Christus,
1152 1041 1198 1064 aut
1211 1037 1375 1065 sanctificari
1399 1037 1515 1069 dicetur,
1530 1041 1576 1064 aut
1605 1036 1667 1072 Spi-

876 1082 958 1111 ritum
974 1083 1109 1118 accipere,
1125 1083 1177 1111 hoc
1192 1084 1272 1110 modo
1295 1083 1423 1111 convenit
1449 1083 1609 1118 intelligere.

911 1138 952 1166 De
970 1139 1012 1166 dio
1033 1144 1132 1172 autem,
1147 1139 1272 1167 nutitora
1299 1140 1347 1167 illa
1379 1148 1454 1167 nemo
1476 1141 1556 1171 navit,
1585 1148 1666 1175 neque

877 1185 965 1221 angeli
993 1185 1120 1218 mlum,
1148 1194 1231 1221 neque
1257 1185 1345 1214 Filius
1362 1208 1370 1221 ,
1405 1187 1457 1213 nisi
1483 1186 1566 1214 Pater
1594 1186 1613 1214 ‘.
1636 1187 1664 1213 Si

876 1231 1015 1260 Christqu
1045 1240 1141 1265 unum,
1170 1232 1308 1266 inquiunt,
1344 1232 1527 1260 conﬁtendum
1547 1234 1665 1260 senseris

877 1278 925 1306 Dei
945 1277 1072 1311 Verbum,
1089 1279 1161 1314 quod
1176 1285 1298 1311 carnem.
1313 1285 1362 1307 seu
1379 1279 1516 1306 hominem
1542 1286 1667 1313 assump-

877 1323 923 1356 sit,
937 1323 1073 1358 quomodo
1087 1324 1329 1352 consummationis
1345 1324 1416 1352 diem
1430 1324 1581 1360 ignoravit?
1613 1324 1665 1352 Re~

877 1369 1044 1404 spondemus
1061 1377 1126 1397 nec.
1141 1369 1279 1397 insolitum
1294 1377 1356 1398 esse
1367 1389 1376 1402 ,
1410 1378 1460 1398 nec
1482 1371 1615 1399 dedecere
1638 1375 1667 1397 nt

877 1423 921 1444 res
935 1421 1081 1451 procreata:
1100 1416 1227 1451 ignorent
1240 1416 1382 1452 mysteria,
1401 1424 1461 1452 quae
1483 1423 1546 1445 sunt
1559 1418 1585 1444 in
1600 1418 1665 1444 Deo.

879 1462 946 1495 Qui:
957 1462 1042 1496 enim,
1073 1463 1171 1498 inquit,
1187 1462 1257 1490 novit
1280 1471 1386 1490 sensum
1414 1463 1570 1490 Damius"?
1590 1462 1623 1490 Et
1645 1463 1668 1490 si

878 1509 962 1538 Filius
973 1510 1072 1539 dicitur
1085 1510 1193 1546 paulum
1213 1510 1246 1538 ab
1266 1511 1369 1547 angelis
1387 1511 1557 1545 imminutus,
1570 1515 1668 1546 quate-

26 1555 43 1581 ό
60 1553 123 1586 Υἱὸς
136 1554 308 1589 ὴλαττῶσθαι
320 1573 329 1586 ,
358 1554 426 1582 καθὸ
441 1554 555 1588 γέγονεν
573 1548 717 1590 ἀνθρὼπος
729 1555 801 1590 δηλοπ

899 1564 929 1584 us
941 1557 1022 1585 homo
1038 1556 1126 1584 factus
1144 1561 1195 1589 est,
1208 1558 1331 1592 quamvis
1346 1563 1373 1584 ut
1392 1557 1461 1585 Deus
1494 1559 1575 1585 rebus
1601 1565 1670 1592 prae-

28 1601 86 1632 ότι,
117 1600 204 1627 καίτοι
221 1600 338 1632 κτίσεως
349 1600 461 1635 ἀπάσης
474 1601 512 1627 ὢν
525 1601 656 1627 ἐπέκεινα
669 1600 779 1632 θεῖκῶς.
796 1610 801 1616 ·

899 1607 928 1630 ,ει
942 1602 1068 1630 omnibus
1079 1603 1241 1637 procreatis,
1255 1603 1318 1637 quiti
1341 1603 1450 1636 mirum,
1474 1602 1497 1630 si
1523 1610 1575 1630 una
1604 1610 1666 1630 cum

28 1651 64 1677 τὸ
80 1649 183 1685 θαῦμα,
193 1650 243 1677 κᾶν
260 1649 326 1686 ὁμοῦ
340 1651 396 1682 τοῖς
408 1650 536 1685 ἀγγέλοις
548 1650 656 1684 ἀγνοεῖν
672 1649 801 1684 λέγεταιιι

899 1648 978 1682 ageiis
995 1648 1120 1683 ignorare
1135 1649 1241 1677 dicatur
1254 1649 1461 1685 mysteria,qu:e
1472 1654 1536 1677 sunt
1548 1650 1576 1677 in
1594 1649 1670 1678 Deo?

30 1697 64 1723 ὲν
73 1696 133 1732 Θεῷ
147 1697 307 1732 μυστήριον,
323 1696 413 1724 καίτοι
428 1696 510 1730 σοφία
526 1696 575 1722 καὶ
599 1695 715 1730 δύναμις
733 1695 801 1730 sua,

900 1695 957 1728 tqui
992 1695 1126 1730 sapientia
1141 1701 1195 1728 est,
1211 1701 1237 1724 et
1253 1696 1339 1724 virtus
1351 1697 1446 1732 ipsius.
1464 1696 1606 1729 Quomodo
1619 1704 1668 1723 su-

30 1753 91 1779 χων
105 1743 185 1771 αὐτοῦ
198 1753 205 1778 ;
222 1742 288 1771 Εἶτα
303 1744 361 1775 πῶς
373 1744 406 1771 ἂν
420 1743 554 1780 ἠγνόησεν
569 1744 586 1779 ὴ
604 1742 685 1778 σοφία
699 1742 745 1769 τοῦ
756 1743 801 1769 Θει

899 1748 931 1768 tm
952 1742 1058 1775 ignoret
1083 1742 1216 1777 sapientia
1233 1742 1280 1769 Dei
1300 1748 1327 1769 et
1349 1742 1438 1770 Patris
1466 1750 1526 1778 qute
1549 1747 1612 1771 sunt
1642 1743 1668 1770 iu

30 1791 84 1817 καὶ
112 1790 215 1825 Πατρὸς
232 1790 266 1816 τὰ
283 1791 311 1816 ὲν
328 1790 404 1825 αὑτῷ
427 1790 628 1825 κεκρυμμένα;
659 1788 718 1816 Καὶ·
741 1789 764 1815 εί
794 1797 801 1813 ι

899 1794 934 1815 tso
944 1787 1126 1815 abscondita?
1142 1788 1174 1815 Et
1192 1788 1214 1814 si
1232 1788 1349 1823 Spiritus
1361 1788 1462 1816 dicitur
1474 1793 1575 1817 cuncta
1591 1796 1668 1817 scru-

32 1835 150 1871 Πνεῦμα
171 1836 285 1870 λέγεται
305 1837 395 1864 πάντα
422 1836 548 1871 ὲρευνᾷν,
565 1836 613 1862 καὶ
631 1835 665 1862 τὰ
690 1835 759 1870 βάθη
776 1844 801 1862 τι

899 1833 938 1866 tri,
956 1835 1038 1861 etiam
1059 1834 1190 1868 profunda
1205 1834 1264 1866 Dei,
1282 1834 1401 1869 Spiritus
1417 1839 1562 1863 autemest
1591 1837 1670 1863 Chri-

31 1881 116 1914 Θ;οῦ,
126 1881 156 1909 τὸ
171 1882 283 1917 Πνεῦμα
298 1882 326 1908 δέ
339 1883 397 1909 ἐστι
411 1881 460 1908 τοῦ
476 1881 607 1917 Χριστοῦ,
621 1881 680 1912 πῶς
695 1881 728 1908 ἂν
744 1881 801 1908 αὖτὶ

899 1881 911 1908 .i
924 1901 931 1914 ,
947 1881 1084 1916 quomodo
1098 1881 1228 1909 Christus
1245 1882 1380 1917 ignoravit
1393 1890 1423 1910 ea
1441 1890 1501 1917 qum
1529 1883 1609 1918 plane
1619 1891 1668 1911 uo-

32 1929 168 1965 ἠγνόησεν
187 1929 260 1965 ἅπερ
287 1925 359 1955 οἶδεν
383 1928 508 1964 ἀκριϐῶς
529 1928 560 1955 τὸ
586 1928 699 1963 Πνεῦμα
723 1927 801 1954 αὑτοῦ

899 1927 1041 1962 ttSpiritus
1060 1927 1145 1962 ipsius
1158 1928 1169 1955 τ
1183 1927 1328 1957 Dicendum
1343 1927 1425 1964 igitur
1435 1933 1488 1960 est,
1501 1935 1562 1956 eum
1573 1936 1669 1962 quaut-

33 1975 141 2003 Οὐκοῦν
157 1974 209 2002 κάν
223 1975 331 2009 ἀγνοεῖν
358 1973 536 2009 ἀνθρωπίνως
553 1973 678 2008 λέγηται,
697 1973 756 2001 ἀλλ’
771 1971 801 2000 οἷέ

899 1975 917 2002 is
931 1975 1038 2010 ignoret
1054 1978 1084 2001 ιιι
1102 1974 1194 2008 homo,
1210 1974 1281 2002 scire
1306 1978 1396 2001 tamen
1414 1978 1443 2001 ut
1475 1974 1571 2001 Dcttm.
1599 1973 1666 2001 Nam

34 2021 144 2053 Θεῖκῶς.
160 2021 216 2049 Καὶ
230 2021 306 2056 γοῦν,
324 2020 386 2048 Ποῦ
397 2020 521 2047 τέθειται
534 2019 666 2054 Λάζαρος
678 2029 687 2053 ;
703 2021 823 2056 ιρωτῶν,

36 2069 76 2099 ὡς
91 2067 150 2101 ἐξὸν
164 2067 238 2102 αὐτῷ
256 2069 293 2102 μὴ
304 2067 404 2095 εἰδέναι
421 2067 492 2093 κατὰ
503 2066 534 2092 τδ
549 2067 730 2102 ἀνθρώπινον,
746 2068 827 2102 ὲνήρο

36 2124 84 2150 γει
100 2115 207 2147 θεῖκῶς,
219 2115 376 2150 ἀναστήσας
386 2114 468 2141 αὐτὸν
479 2114 512 2140 ἐκ
527 2113 642 2149 νεκρῶν.
659 2113 825 2149 ’Λπονέμον-

34 2170 83 2193 τις
94 2162 182 2188 τοίνυν
201 2162 234 2196 τῇ
249 2161 319 2196 μετά
333 2160 434 2197 σαρκὸς
448 2160 590 2196 οἰκονομίᾳ
605 2160 639 2187 τὰ
653 2159 822 2194 ἀνθρώπινα,

875 2027 937 2048 cum
956 2020 1037 2047 etiam
1053 2020 1206 2055 quaesisset,
1226 2019 1270 2047 ubi
1288 2019 1410 2047 Lazarus
1440 2024 1515 2047 esset
1543 2019 1662 2055 positus,

877 2070 1004 2101 tauquam
1019 2066 1068 2100 ipsi
1084 2071 1112 2094 ut
1126 2066 1228 2093 homini
1244 2066 1338 2093 iicerct
1352 2066 1466 2098 nescire,
1496 2070 1524 2092 ut
1540 2065 1609 2093 Deus
1626 2071 1666 2092 ta-

879 2122 939 2141 men
953 2114 1055 2141 illuma
1073 2113 1189 2141 mortuis
1205 2113 1331 2140 excitans
1355 2113 1382 2140 in
1405 2113 1486 2140 vitam
1516 2114 1664 2141 revocavit.

879 2159 1040 2187 Tribucntes
1056 2159 1137 2195 igitur
1151 2156 1359 2194 dispensationi,
1374 2167 1432 2193 quae
1443 2159 1468 2186 itt
1484 2167 1564 2186 carne
1596 2160 1666 2187 facta

35 2208 190 2242 τηρήσομεν
215 2206 336 2239 εὐσεὸῶς
361 2207 409 2234 καὶ
425 2206 487 2233 καθ’
509 2207 583 2242 ἡμᾶς
598 2206 723 2241 γεγονότι
739 2206 778 2241 τῷ
793 2207 801 2233 ἑ

899 2212 930 2238 at,
954 2206 998 2234 illa
1016 2214 1076 2241 qua:
1100 2210 1162 2234 sunt
1191 2205 1319 2238 humana,
1339 2205 1426 2233 Verbo
1438 2213 1471 2233 ex
1499 2206 1554 2234 Deo
1577 2207 1668 2242 genito

36 2253 105 2282 Θεοῦ
120 2254 197 2288 φύντι
211 2253 290 2288 Λόγῳ
308 2253 342 2280 τὰ
356 2253 507 2288 θεοπρεπῆ.

76 2342 264 2377 Βαπτιζόμεθα
278 2343 372 2378 ὥσπερ
384 2344 424 2375 εἰς
434 2343 463 2370 ἓν
476 2343 562 2378 ὄνομα
575 2342 620 2370 τοῦ
637 2344 828 2380 Πατρδς.οῠτω

37 2391 86 2417 καὶ
97 2390 135 2421 εἰς
157 2388 186 2415 ἓν
203 2389 290 2423 ὄνομα
304 2389 350 2416 τοῦ
368 2389 443 2421 Υῑοῦ,
461 2390 509 2417 καὶ
526 2390 565 2422 είς
585 2390 632 2416 τὸν
646 2390 762 2418 θάνατον
777 2392 827 2417 αὑ-

37 2435 97 2468 τοῦ,
119 2436 163 2462 καὶ
176 2436 215 2467 είς
235 2435 264 2462 τὸ
278 2436 389 2470 Πνεῦμα
400 2436 430 2462 τὸ
445 2436 532 2470 ἀγιον.
549 2436 758 2464 Διδασκέτωσαν
772 2437 827 2463 τοί-

38 2490 86 2507 νυν
100 2481 124 2506 oi
138 2480 299 2516 διορίζοντες
315 2482 353 2512 είς
371 2481 448 2512 υἱοὺς
462 2481 509 2508 δύο
523 2481 570 2508 τὸν
583 2481 631 2508 ἕνα
648 2482 766 2517 Χριστὸν
780 2483 827 2509 καὶ

39 2527 114 2559 Υίδν,
130 2526 271 2562 ἄνθρωπόν
288 2535 318 2554 τε
335 2527 394 2563 Θεῷ
411 2527 579 2563 συναφοῆναι
599 2528 737 2562 λέγοντες,
756 2529 827 2556 κατὰ

41 2574 125 2609 μόνην
151 2573 201 2608 τὴν
221 2573 332 2609 ίσότητα
360 2574 411 2609 τῆς
441 2573 531 2607 ἀξίας,
557 2574 642 2609 ἤγουν
671 2575 826 2607 αὑοεντίας,

39 2619 208 2655 διῃρημένων
221 2619 275 2646 τῶν
291 2619 409 2653 φύσεων,
425 2621 465 2651 εἰς
479 2621 525 2647 τὸν
540 2621 613 2652 τινος
629 2620 744 2648 θάνατον
759 2621 824 2648 ὲὸα.

41 2662 208 2698 πτίσθημεν;
225 2663 257 2690 El
275 2663 324 2699 μὲν
340 2664 430 2696 ῑδικῶς
454 2665 493 2696 εἰς
507 2665 554 2692 τδν
567 2665 614 2691 τοῦ
641 2665 708 2692 Θεοῦ
726 2666 825 2701 Λόγον,

41 2710 264 2745 κατηγορήσομεν
280 2710 404 2745 ἐναργῶς
421 2712 471 2746 τῆς
484 2711 624 2747 ἀκηράτου
651 2712 760 2746 φύσεως
776 2713 827 2747 τὴν

42 2756 152 2791 φθορὰν,
182 2757 229 2782 καὶ
246 2756 430 2792 καθοριοῦμεν
447 2757 562 2785 θάνατον
584 2758 634 2793 τῆς
658 2758 730 2786 κατά
746 2758 826 2794 φύσιν

43 2803 113 2838 ζωῆς
125 2821 132 2829 .
148 2803 172 2829 εί
188 2803 216 2829 δὲ
231 2803 263 2838 δὴ
278 2805 357 2838 φαῖεν
382 2805 422 2836 είς
437 2804 482 2832 τὸν
498 2805 546 2832 τοῦ
568 2806 599 2832 ἐκ
623 2805 751 2840 γυναικὸς
772 2805 826 2841 ἰδίᾳ

79 2897 86 2911 ¹
107 2894 199 2924 Matth.
232 2904 306 2930 utv,
333 2896 376 2924 3G.
417 2897 426 2913 ²
444 2896 524 2925 Rom.
549 2904 587 2931 ιι,
603 2897 646 2926 54.

878 2257 904 2280 et
923 2252 1070 2280 secundum
1087 2259 1137 2280 nos
1146 2251 1219 2279 facto
1233 2259 1264 2278 ea
1276 2259 1336 2287 quae
1350 2252 1404 2279 Deo
1420 2258 1485 2280 sunt
1505 2254 1586 2288 digna
1602 2262 1668 2281 con-

877 2299 1060 2326 servabimus.

912 2344 1144 2378 Quemadtnodutu
1160 2345 1186 2372 iu
1199 2352 1281 2372 ttuutn
1308 2344 1395 2372 Patris
1412 2351 1522 2376 nomen,
1537 2345 1578 2371 sit:
1590 2351 1615 2371 et
1641 2347 1668 2371 in

878 2399 962 2418 unum
982 2390 1042 2418 Filii
1065 2398 1173 2422 nomen,
1190 2396 1217 2418 et
1238 2392 1264 2419 in
1282 2397 1397 2419 tnortetu
1414 2391 1511 2427 ipsius,
1528 2392 1592 2419 etin
1609 2392 1669 2426 Spi-

877 2438 960 2464 ritum
978 2441 1100 2464 sant'tum
1116 2436 1296 2472 baptizamur.
1315 2437 1365 2470 Qui
1377 2438 1445 2465 duos
1462 2439 1488 2465 in
1504 2438 1573 2466 lilios
1587 2447 1668 2466 unnut

877 2481 1017 2509 Christum
1046 2487 1073 2510 et
1107 2482 1202 2509 Filium
1229 2483 1365 2516 dividunt,
1393 2483 1503 2519 Deoque
1528 2485 1666 2512 hominem

877 2528 1053 2563 coujnnctum
1080 2533 1214 2561 asserunt,
1244 2530 1368 2563 doceant,
1399 2532 1492 2559 divisis
1520 2533 1667 2559 secuniunt

875 2574 961 2601 solam
980 2573 1130 2608 dignitatis,
1147 2581 1194 2600 seu
1210 2575 1381 2603 auctoritatis
1394 2576 1577 2610 mqnalilatem
1592 2583 1669 2603 natu-

877 2621 925 2654 t'is,
940 2621 966 2647 in
983 2627 1061 2654 cujus
1081 2624 1195 2647 mortem
1227 2621 1357 2654 baptizati
1379 2629 1483 2648 sumus.
1510 2622 1538 2648 Si
1552 2629 1661 2656 separa-

876 2666 923 2694 tim
939 2666 966 2693 in
982 2663 1063 2693 Verbi
1078 2665 1123 2692 Dei
1140 2670 1264 2698 ntortem,
1285 2671 1378 2702 aperte
1397 2673 1501 2694 natura:
1518 2666 1666 2694 immortali

877 2713 1068 2740 mortalitatem
1086 2712 1267 2745 ascrihemus,
1283 2713 1487 2748 tribuentusquc
1507 2717 1624 2740 mortem
1637 2714 1662 2740 ei

875 2759 922 2794 qui
938 2765 985 2791 per
1004 2761 1127 2784 naturam
1142 2762 1184 2785 est
1197 2759 1258 2784 vita.
1277 2758 1353 2790 Quod
1366 2758 1389 2785 si
1408 2757 1535 2789 dixerint,
1551 2758 1577 2784 itt
1594 2766 1683 2785 mor-'

877 2808 931 2832 tem
948 2803 1020 2831 illius
1033 2803 1194 2838 separatim,
1213 2807 1240 2829 et
1251 2803 1400 2838 sigillatim,
1413 2808 1440 2831 et
1460 2811 1507 2839 per
1522 2811 1561 2836 sc,
1575 2805 1619 2839 qui
1635 2813 1668 2832 ex

1468 2874 1478 2895 ι
