1873 3076
40 143 85 176 961

72 205 101 233 Β.
115 205 229 242 Συνίημι
245 207 260 235 ὃ
280 209 342 245 φής.

71 252 100 278 Δ.
180 253 204 280 δ’
217 254 251 281 ἂν
266 256 313 283 καὶ
339 258 426 284 νοοῖτο
449 259 518 296 πρὸς
536 262 616 297 ἡμῶν
632 264 647 290 ὁ
671 266 817 301 παραπλη-

37 296 175 344 σὶωςήμϊν
191 302 368 337 μετεσχηκὼς
389 304 505 340 αἵματος
516 296 563 334 καί
578 310 688 344 σαρκὸς,
706 296 743 343 dt;
759 296 817 338 Ere-

37 343 130 392 ροςιῶν
146 345 209 392 παρ’
225 346 298 382 ἡμᾶς
315 349 387 376 κατὰ
403 351 500 385 (ptio-tv;
515 353 552 380 Οὐ
565 343 619 390 γάρ
634 363 675 382 τοι
693 358 760 392 φαίη
774 366 817 390 τις

80 388 212 437 ἀνθρώπῳ
227 393 354 427 πρέπειν,
379 394 408 421 τὸ
431 387 638 433 ἀνθρωπότητος
660 387 815 437 μετασχεῖνξ

38 435 69 482 ξι)
84 436 135 470 γάρ
157 437 214 463 ἐστι
237 439 307 466 κατὰ
327 440 418 475 φύσιν,
434 442 492 474 πῶς
507 443 540 471 άν
553 453 595 476 τις
611 447 697 473 νοοῖτο
714 435 815 482 λαθὼν,

36 480 71 510 ὡς
94 481 181 517 ἓτερον
203 483 232 510 ὸν
254 493 280 511 τι
297 487 362 522 παρ’
382 489 451 524 ὅπερ
471 490 559 524 ὲστίν;
573 488 636 526 'Ap'
655 493 685 519 οὺ
706 494 773 520 πολὺ
787 480 817 521 τὸ

36 527 106 559 εἰκὸς
118 529 131 554 ὀ
145 529 221 563 λόγος
237 530 307 566 ἔχεις

68 617 98 643 Β.
117 617 189 645 Πάνυ
208 619 258 653 μὲν
273 617 329 648 οὖν.

67 663 98 689 Δ.
116 663 249 700 Ἀθρειδὲ
265 666 297 701 δὴ
317 667 364 693 καὶ
388 668 500 704 ἑτέρως,
520 670 558 702 ὡς
582 671 690 700 ἀνόσιόν
705 674 735 700 τέ
759 675 817 701 ἐστι

36 710 79 757 καὶ
97 711 213 746 ἀπηχὲς.
229 713 261 740 τὸ
274 714 398 751 ἀναιρεῖν
414 717 562 753 πειρᾶσθαι
577 720 624 747 τοῦ
640 721 709 748 Θεοῦ
728 723 815 757 Λόγου

36 755 81 804 τὴν
107 757 281 804 ὲκῂγυναικὸς
310 761 382 788 κατὰ
410 762 501 798 σάρκα
522 765 659 800 γέννησιν.
686 767 745 794 Τίνι
762 755 816 804 γὰρ

498 156 686 189 PANOPLM
705 159 934 195 DOGMATICA.
951 176 985 182 —
1002 165 1077 194 'l‘lT.
1096 166 1155 197 XV.

833 221 860 252 Α
906 221 936 249 Β.
951 222 1077 260 Intelligo
1088 226 1152 260 quid
1169 226 1245 254 velis.

1602 169 1655 202 9"»?

901 269 935 297 Δ.
955 270 1021 303 Quis
1035 279 1098 299 vero
1114 273 1280 308 intelligatur
1296 282 1310 301 a
1327 274 1403 301 nobis
1417 276 1462 310 qui
1478 277 1589 310 perinde
1615 281 1656 303 at-

867 322 919 350 que
931 323 979 342 nos
992 318 1132 351 sanguinis
1158 326 1190 345 ac
1219 319 1311 346 carnis
1330 320 1465 354 particeps
1491 320 1578 348 iactus
1606 322 1653 355 sit,

868 365 994 395 tanquam
1013 362 1136 390 diversus
1150 370 1164 389 a
1182 363 1259 391 nobis
1273 365 1420 392 scentulum
1444 366 1587 393 naturam?
1602 367 1655 394 Ne-

866 411 918 438 que
932 405 1003 432 enim
1020 407 1152 440 quispiam
1173 408 1271 435 dixerit
1284 409 1431 436 convenire
1461 409 1576 444 homini,
1607 411 1656 438 hn-

867 451 1004 477 manitatis
1026 452 1184 486 participem
1214 453 1360 481 [icri.Natn
1383 455 1409 481 id
1430 455 1501 489 quod
1520 456 1653 482 naturali-

869 500 909 522 ter
924 500 977 528 est,
991 504 1046 531 quo
1061 503 1138 532 pacto
1160 499 1221 533 quis
1236 499 1374 533 accepisse
1392 500 1569 535 intelligatur,
1579 501 1654 535 quasi

866 541 939 568 aliud
951 543 1076 576 sitquam
1089 545 1158 578 quod
1173 545 1234 572 est?
1256 544 1350 572 Nonne
1374 546 1422 573 tibi
1451 551 1655 574 consentaneus

868 593 931 614 vero
945 594 1034 615 sermo
1052 597 1127 617 meus
1140 591 1264 618 videtur?

902 632 932 659 Β.
948 633 1074 661 Omnino.

901 679 931 706 Δ.
949 680 1014 707 Vide
1027 686 1116 708 autem
1130 682 1211 708 etiam
1233 683 1284 710 alia
1311 684 1417 711 ratione
1428 692 1509 718 quam
1527 684 1652 719 impium,

866 731 1000 758 quantque
1013 727 1159 754 absurdum
1173 728 1208 754 sit
1221 727 1302 755 Verbi
1326 736 1357 756 ex
1375 730 1487 757 muliere
1500 730 1650 757 secundum

866 776 976 796 carnem
992 771 1159 799 nativitatem
1176 772 1270 801 tollere
1288 774 1391 801 conari.
1410 774 1468 807 Quo
1487 775 1559 801 enim
1575 780 1654 810 pacto

36 801 376 854 ἱρόταμιζωοποιήσειενμᾶν
388 808 420 834 τὸ
436 808 517 844 σῶμα
536 811 629 845 αὐτοῦ,
646 813 670 839 εί
685 813 722 849 μὴ
740 801 815 841 ἐστιν

901 815 1004 843 vilicare
1019 818 1103 851 possit
1120 825 1217 853 corpus
1231 826 1321 851 suum,
1339 819 1389 846 nisi
1400 820 1436 846 sit
1459 821 1596 854 proprium
1612 820 1654 854 ip-

36 846 97 872 ἴδιον
109 847 199 878 αὑτοῦ.
213 848 242 880 ὃς
255 849 313 876 ἔστι
332 850 407 886 ζωῆς
423 851 482 884 πῶς
498 853 528 880 τὸ
539 851 609 889 αἷμα
629 846 722 891 Ἰησοῦ.
731 857 816 883 καθα-

36 892 101 927 ρίξει
113 894 186 928 ἡμᾶς
200 894 255 921 ἀπὸ
267 896 359 932 πάσης
373 898 520 934 ἁμαρτίας,
532 899 611 936 είπερ
625 901 701 928 ἐστὶν
711 902 818 938 ἀνθρώ·

36 947 82 965 που
93 939 181 966 κοινοῦ
198 941 246 967 καὶ
259 941 335 974 δντος
349 943 395 978 ὑφ’
411 944 567 980 upupa-(av;
583 946 643 978 πῶς
654 947 817 975 ἀπέστειλεν

36 983 44 1008 5
58 983 122 1016 Θεὸς
139 985 185 1012 καὶ
198 987 295 1022 Πατὴρ
307 988 353 1014 τὸν
368 989 433 1016 Υίὸν
443 990 538 1023 αὑτοῦ,
554 992 701 1027 γενόμενον
719 993 752 1020 ὲκ
766 1002 818 1028 γυ-

36 1029 133 1062 ναικὸς,
149 1031 295 1066 γενόμενον
323 1033 375 1060 ὑπὸ
398 1035 498 1070 νόμον;
518 1037 578 1069 πῶς
600 1038 745 1075 κατέκρινε
767 1040 818 1076 τὴν

36 1075 166 1110 ἱμαρτίαν
181 1077 211 1104 ἑν
225 1079 258 1114 τῇ
274 1079 373 1114 σαρκί;
387 1081 425 1108 οδ
439 1081 493 1117 γὰρ
507 1079 543 1118 ἦν
554 1083 699 1120 ἀνθρώπου
713 1075 816 1119 κοινοῦ,

36 1121 76 1147 (αἱ
102 1124 321 1160 τυραννουμένην
352 1125 461 1161 ἔχοντος
492 1128 552 1163 μεθ’
581 1129 660 1164 ήμῶν
689 1131 742 1158 ὑπὸ
767 1132 817 1167 τῆς

36 1167 164 1203 ἱμαρτίιις
183 1169 235 1204 τὴν
253 1169 346 1204 φύσιν,
366 1172 399 1198 τὸ
418 1175 583 1209 κατακρίναι
601 1175 650 1210 τὴν
666 1176 815 1212 ἁμαρτίαν.

36 1213 111 1239 Ἐπεὶ
122 1213 150 1240 δὲ
166 1214 246 1250 σῶμα
268 1216 366 1251 γέγονε
388 1218 436 1245 τοῦ
452 1219 623 1255 πλημμελεῖν
642 1222 692 1248 οὐκ
705 1223 817 1257 εἰδότος,

36 1258 157 1294 ταύτῃτοι
177 1261 225 1287 καὶ
245 1262 318 1297 μάλα
336 1264 449 1297 εἰκότως
463 1265 513 1301 τὴν
533 1266 584 1302 τῆς
605 1268 744 1305 ἁμαρτίας
765 1269 818 1296 άπ-

36 1305 153 1332 εσείσατο
173 1308 329 1342 τυραννίδα,
350 1311 398 1337 καὶ
422 1311 472 1346 τὴν
496 1312 614 1348 ἰδιότητα
643 1314 754 1341 πλουτεῖ
768 1315 816 1342 τοῦ

36 1350 175 1384 ίφρόιστως
188 1353 257 1388 αὐτῇ
281 1355 329 1381 καὶ
345 1355 384 1387 ὡς
402 1356 452 1383 οὐκ
466 1356 541 1384 ἔστιν
556 1358 701 1391 ἑνωθέντος
715 1360 815 1395 Λόγου,

36 1395 107 1429 ἱγιόν
129 1405 160 1424 τε
178 1399 225 1425 καὶ
253 1398 385 1432 ζωοποιόν
413 1403 483 1434 ἐστι,
506 1404 554 1431 καὶ
577 1405 627 1440 τῆς
648 1405 817 1441 θεοπρεποῦς

36 1442 170 1477 ;νεργείας
183 1443 320 1478 ἔμπλεων.
340 1446 383 1478 Ὦς
399 1448 428 1474 ὲν
442 1448 554 1485 ἀπαρχῇ
571 1450 600 1477 δὲ
613 1451 734 1486 Χριστῷ,
753 1460 815 1487 μετ-

36 1489 242 1524 ιστοιχειώμεθα
256 1492 304 1518 καὶ
314 1492 405 1527 ἡμεῖς,
418 1494 459 1526 είς
471 1494 502 1521 τὸ
512 1493 581 1522 εἶναι
596 1496 643 1523 καὶ
655 1496 758 1533 φθορᾶς
769 1497 817 1525 καὶ
831 1488 851 1516 C

36 1534 170 1570 ἱιμαρτίας
184 1536 349 1570 κρείττονες.
360 1539 416 1565 Καὶ
431 1539 541 1574 ἀληθὲς,
557 1541 608 1574 ὅτι,
621 1542 692 1569 κατὰ
706 1543 756 1578 τὴν
770 1543 817 1569 τοῦ

36 1581 167 1616 ιακαρίου
190 1581 296 1609 Παύλου
311 1584 413 1618 φωνὴν,
433 1593 443 1610 ι
458 1585 565 1621 Ὥσπερ
576 1586 747 1622 ὲφορέσαμεν
769 1587 818 1622 τὴν

36 1626 123 1653 εἰκόνα
143 1626 192 1653 τοῦ
215 1627 323 1662 χοϊκοῦ,
341 1629 495 1665 φορέσομεν
511 1631 558 1658 καὶ
581 1631 631 1667 τὴν
658 1632 751 1659 είκόνα
770 1632 818 1660 τοῦ

36 1670 203 1705 επουρανίου,
221 1681 231 1698 ι
244 1673 368 1700 τουτέστι
384 1674 512 1709 Χριστοῦ.
531 1676 705 1712 Έπουράνιος
723 1676 751 1703 δὲ
773 1677 820 1705 ἄν·

36 1715 140 1750 δρωπος
152 1717 252 1744 νοεῖται
270 1718 400 1754 Χριστὸς,
412 1720 462 1755 οὐχ
477 1720 514 1753 ὡς
530 1721 633 1749 ἄνωθεν
644 1723 710 1758 ἡμῖν
725 1724 773 1751 καὶ
790 1723 819 1757 ἐξ

36 1761 147 1796 ›ὑρανοῦ
163 1762 213 1797 τὴν
231 1764 320 1799 σάρκα
342 1766 526 1801 κατενεγκὼν,
547 1768 606 1794 ἀλλ’
621 1768 663 1795 ὅτι
676 1769 743 1801 Θεὸς
755 1769 793 1796 ὢν
805 1771 820 1796 ό

36 1810 128 1844 λόγος,
142 1810 332 1845 καταὸέὸηκεν
348 1811 378 1844 ἐξ
387 1812 521 1849 οὐρανῶν,
534 1813 582 1841 καὶ
598 1814 648 1850 τὴν
661 1815 729 1850 πρὸς
745 1817 820 1851 ἡμᾶς

36 1855 161 1890 δμοίωσιν
175 1856 310 1890 ὑπελθὼν,
320 1858 456 1890 τουτέστι,
469 1859 596 1894 γέννησιν
610 1860 759 1895 ὑπομείνας
770 1862 820 1897 τὴν

36 1901 101 1927 ma
117 1900 207 1937 σάρκα
219 1902 252 1928 ὲκ
261 1903 400 1937 γυναικὸς,
411 1904 568 1941 μεμένηκεν
581 1906 649 1942 ὅπερ
663 1905 708 1942 ἦν,
717 1907 820 1934 ἄνωθεν

36 1950 153 1983 ἰηλονότι
164 1951 212 1977 καὶ
229 1950 259 1983 ἐξ
268 1951 400 1986 οὐρανῶν,
412 1952 459 1979 καὶ
476 1953 567 1980 ἐπάνω
577 1954 685 1981 πάντων
696 1955 734 1986 ὠς
743 1955 819 1989 Θεὸς,

36 1998 78 2022 cui.
95 1997 166 2032 μετὰ
181 1997 293 2032 σαρκός.
313 1998 391 2025 Οὕτω
413 1999 468 2035 γάρ
490 1999 541 2026 πού
553 2008 635 2036 φησιν
648 2001 663 2027 ὁ
678 2001 821 2034 θεσπέσιος

36 2043 166 2078 Ἰωάννης
177 2045 243 2080 περὶ
254 2045 349 2071 αὐτοῦ·
365 2055 375 2072 ι
395 2046 424 2072 '0
441 2046 544 2074 ἄνωθεν
559 2047 717 2082 ἐρχόμενος,
728 2048 821 2076 ἐπάνω

36 2089 143 2115 ιπάντων
164 2090 247 2117 ἐστίν.
264 2099 273 2116 ι
296 2091 504 2127 Ἀπομεμένηκε
529 2093 583 2130 γὰρ
599 2093 654 2120 τῶν
674 2094 742 2120 ὅλων
765 2095 821 2122 Κύσ

867 859 935 892 lius,
947 860 992 895 qui
1005 866 1046 888 est
1057 861 1129 888 vita?
1140 868 1187 889 aut
1198 863 1332 897 quomodo
1344 864 1455 899 sanguis
1466 864 1567 891 Christi
1577 872 1654 891 mun-

867 905 942 933 dabit
974 914 1022 934 nos
1048 906 1082 934 ab
1101 907 1174 934 omni
1200 912 1322 942 peccato,
1437 908 1459 935 si
1486 909 1522 935 sit
1539 908 1655 936 hominis

866 952 1017 979 communis
1031 957 1058 980 et
1068 958 1181 987 peccato
1193 953 1303 981 obnoxii
1316 954 1327 981 ?
1346 961 1400 988 quo
1409 959 1486 988 pacto
1501 954 1575 981 misit
1585 953 1655 982 Deus

866 1005 898 1026 ac
908 998 987 1026 Pater
1000 997 1096 1026 Filium
1111 1005 1189 1026 suum
1206 999 1307 1026 factum
1332 1007 1364 1026 ex
1394 999 1516 1031 muliere,
1554 999 1654 1026 factum

866 1044 916 1071 sub
933 1044 991 1079 lege
1007 1045 1014 1060 ‘
1027 1045 1181 1080 iquomodo
1195 1045 1504 1080 condemnalpeccatum
1520 1044 1546 1072 in
1561 1044 1655 1072 carne?

866 1089 959 1124 Neque
972 1090 1043 1117 enim
1063 1096 1121 1118 erat
1135 1091 1252 1118 hominis
1262 1090 1394 1125 vulgaris,
1410 1096 1437 1118 et
1450 1089 1526 1124 cuius
1554 1096 1650 1118 natura

867 1143 919 1162 una
934 1136 1072 1163 nobiscum
1086 1137 1137 1164 sub
1151 1137 1254 1172 peccati
1272 1137 1385 1170 imperio
1401 1143 1433 1163 ac
1448 1135 1512 1170 jugo
1539 1136 1654 1162 teneba-

868 1186 920 1214 tur,
932 1182 1113 1210 coudemnare
1126 1183 1350 1218 peccatum.Cum
1364 1191 1427 1210 vero
1439 1191 1537 1217 corpus
1554 1182 1654 1210 factum

867 1226 902 1253 sit
917 1226 976 1261 ejus
990 1227 1034 1261 qui
1048 1233 1186 1262 peccatum
1204 1236 1255 1255 non
1276 1229 1359 1260 novit,
1375 1228 1486 1259 idcirco,
1505 1233 1532 1255 et
1546 1229 1654 1262 quidem

866 1273 969 1306 optimo
980 1273 1041 1307 jure
1055 1274 1156 1307 peccati
1186 1275 1354 1309 tyrannidem
1375 1275 1505 1307 excussit,
1532 1282 1655 1301 commta-

867 1317 1018 1353 nicatisque
1031 1327 1093 1345 cum
1107 1319 1152 1346 illo
1171 1320 1380 1353 proprietatibus
1396 1320 1476 1347 Verbi
1508 1320 1578 1354 quod
1609 1321 1654 1346 in-
1684 1332 1688 1338 -

866 1362 965 1390 eﬂ'abili
981 1364 1060 1392 modo
1072 1364 1122 1399 ipsi
1137 1365 1240 1391 unitum
1256 1370 1308 1397 est.
1323 1371 1447 1393 sanctum
1464 1374 1496 1393 ac
1511 1367 1649 1394 viviticum

865 1409 991 1438 effectum
1020 1416 1072 1442 est.
1093 1415 1123 1438 et
1148 1411 1247 1438 divinae
1269 1411 1405 1439 facultatis
1429 1412 1652 1446 operationisqne

868 1458 987 1493 plenum.
999 1458 1053 1486 Nos
1067 1465 1131 1486 vero
1140 1458 1166 1485 in
1178 1458 1285 1485 Christo
1298 1464 1424 1493 tauquam
1433 1458 1558 1491 primitiis
1568 1464 1655 1486 trans-

870 1503 975 1530 l'ormati
998 1503 1078 1530 etiam
1093 1510 1197 1533 sumus.
1211 1507 1239 1530 et
1257 1503 1366 1529 interitu
1382 1508 1464 1537 atque
1487 1507 1598 1537 peccato
1608 1509 1656 1529 su-

869 1549 988 1583 periores
1004 1547 1142 1576 declarati.
1160 1548 1199 1575 At:
1208 1555 1299 1575 verum
1310 1549 1420 1575 omnino
1431 1553 1484 1579 est,
1496 1547 1572 1582 juxta
1584 1547 1654 1574 beati

869 1593 1127 1625 Pauliscntentiam,
1142 1595 1212 1628 quod
1237 1602 1246 1619 ι
1267 1593 1502 1626 Quemadmodum
1531 1593 1657 1627 portavi-

870 1647 929 1666 mtts
945 1640 1087 1674 imaginem
1104 1639 1214 1671 terreni,
1228 1639 1394 1673 portabimus
1411 1639 1491 1665 etiam
1512 1638 1655 1673 imaginem

869 1686 998 1716 cmlestis.
1022 1686 1032 1701 '
1052 1695 1062 1712 ι
1083 1685 1134 1712 hoc
1145 1690 1196 1717 est,
1212 1684 1324 1712 Christi.
1339 1684 1462 1711 leestis
1478 1688 1566 1710 autem
1578 1684 1657 1710 homo

870 1731 1030 1766 intelligitur
1041 1731 1180 1761 Christus;
1199 1739 1251 1758 non
1268 1736 1396 1765 tanquam
1406 1738 1522 1764 superne
1537 1735 1618 1764 atque
1637 1737 1653 1757 a

869 1777 939 1804 cutio
964 1784 1074 1804 carnem
1088 1778 1120 1804 ad
1138 1785 1186 1804 nos
1202 1777 1343 1808 detulerit,
1361 1776 1407 1804 sed
1429 1777 1500 1811 quod
1525 1776 1593 1803 Duus
1608 1784 1657 1802 cx-

869 1823 969 1849 sistens
985 1821 1111 1853 Verbum.
1125 1822 1264 1849 descendit
1276 1829 1292 1848 e
1305 1822 1381 1849 cmlis
1392 1830 1399 1854 ς
1411 1826 1439 1848 et
1452 1822 1655 1849 similitudinem

870 1868 956 1894 nostri
973 1867 1092 1899 subiens,
1112 1868 1161 1894 hoc
1173 1872 1224 1898 est,
1233 1867 1379 1893 serttndnm
1392 1874 1500 1893 carnem
1515 1875 1530 1893 e
1544 1868 1657 1894 muliere

870 1914 941 1940 sicut
957 1920 1006 1940 nos
1024 1917 1116 1944 natus,
1136 1917 1283 1946 permansit
1295 1912 1320 1938 id
1334 1911 1404 1946 quod
1413 1917 1482 1943 erat,
1497 1919 1512 1939 e
1531 1912 1657 1945 supernis

872 1957 997 1984 nimirum
1011 1962 1092 1991 atque
1105 1964 1121 1984 e
1135 1957 1223 1989 uelis,
1238 1963 1265 1984 et
1278 1965 1358 1991 supra
1384 1964 1478 1984 omnes
1509 1961 1538 1983 ut
1565 1957 1636 1984 Deus
1646 1976 1656 1990 ,

871 2003 952 2031 etiam
968 2012 1029 2030 cum
1040 2011 1132 2030 carne.
1148 2003 1184 2030 lta
1199 2003 1270 2029 enim
1289 2003 1350 2030 alibi
1366 2002 1472 2030 divinus
1482 2001 1601 2030 Joannes
1617 2003 1658 2029 iu-

872 2050 929 2083 quit
943 2057 950 2075 :
972 2058 982 2076 ι
997 2049 1047 2082 Qui
1065 2057 1081 2076 e
1096 2048 1221 2083 supernis
1233 2049 1316 2080 venit,
1330 2055 1409 2082 supra
1427 2055 1520 2075 omnes
1532 2052 1574 2075 est
1605 2049 1624 2075 '.
1645 2057 1655 2073 ι

872 2094 1024 2122 Permansit
1054 2094 1125 2122 enim
1153 2094 1233 2121 totius
1253 2094 1372 2120 universi
1392 2093 1531 2125 Dominus,
1551 2093 1656 2120 tametsi

36 2143 101 2165 >ιος,
118 2135 166 2161 καὶ
179 2136 209 2162 ὲν
230 2137 264 2172 τῇ
284 2137 331 2163 τοῦ
351 2137 445 2164 δούλου
472 2141 563 2175 μορφῇ
578 2139 697 2174 γεγονὼς
715 2141 818 2167 οίκονο-

905 2141 977 2167 tione
993 2140 1185 2168 incarnationis
1200 2140 1315 2166 formam
1346 2138 1418 2166 servi
1439 2138 1584 2172 acceperit,
1615 2143 1658 2165 at-

36 2179 134 2211 ιικῶς,
151 2180 199 2206 καὶ
213 2181 363 2215 παράδοξον
374 2182 481 2218 άληθῶς
490 2183 533 2210 διὰ
548 2184 636 2210 ταῦτά
649 2184 707 2211 ἐστι
718 2185 747 2211 τὸ
756 2186 822 2220 Χρι-

36 2224 95 2251 ιτοῦ
116 2227 277 2261 μυστήριον.
294 2227 349 2254 Καὶ
365 2228 429 2262 γοῦν
446 2228 497 2264 ἔφη
514 2238 565 2256 που
590 2230 658 2265 πρὸς
679 2230 822 2262 Ἰουδαίους

36 2271 62 2296 it'
77 2271 137 2302 ἑνὸς
152 2272 207 2298 τῶν
222 2273 371 2308 προφητῶν
383 2274 396 2300 ό
410 2273 476 2306 Θεὸς
489 2275 537 2301 καὶ
547 2276 653 2311 Πατήρ·
667 2285 676 2302 ι
689 2276 784 2308 Ἴδετε,
797 2278 821 2303 oi

36 2318 250 2352 εαταφρονηταὶ,
267 2319 313 2345 καὶ
332 2319 510 2356 ἀφανίσθητε,
526 2321 573 2348 καὶ
594 2321 766 2356 θαυμάσατε,
779 2323 821 2349 ὅτι

36 2362 112 2397 Ῑργον
130 2363 186 2397 ἐγὼ
199 2363 352 2399 ἐργάζομαι
372 2366 401 2391 ὲν
416 2367 477 2397 ταῖς
493 2367 610 2401 ἡμέραις
627 2368 713 2402 ὑμῶν,
740 2368 821 2404 ἔργον

75 2408 106 2434 οὐ
125 2408 165 2443 μὴ
185 2409 362 2445 πιστεύσητε,
376 2411 423 2437 έάν
443 2420 485 2443 τις
504 2412 700 2448 ὲκδιηγήσηται
718 2414 792 2448 ὑμῖν.
809 2423 818 2439 ι

36 2453 212 2480 (ινδυνεύσει.
225 2454 278 2490 γὰρ
290 2455 463 2483 ἀπιστεῖσθαι
480 2457 511 2484 τὸ
523 2458 641 2493 Χριστοῦ
659 2459 818 2494 μυστήριον,

36 2499 71 2525 ἰιὰ
83 2498 134 2534 τὴν
144 2500 192 2526 τοῦ
203 2500 340 2535 θαύματος
348 2502 513 2538 ὑπερϐολήν.
523 2503 590 2535 Θεὸς
600 2500 633 2538 ἦν
642 2505 670 2530 ὲν
680 2504 823 2540 ἀνθρωπό-

36 2553 91 2579 ῖητι
110 2545 159 2572 καὶ
176 2545 206 2572 ὲν
222 2547 279 2578 τοῖς
295 2547 355 2574 καθ’
375 2549 460 2584 ἡμᾶς,
476 2549 490 2575 ό
511 2549 580 2585 ὑπὲρ
595 2551 685 2577 πᾶσαν
701 2550 750 2586 τὴν
763 2552 823 2578 κτί-

36 2599 71 2615 ιιν
84 2598 91 2604 ·
107 2591 238 2626 ἀόρατος,
251 2594 347 2628 ὁρατὸς
368 2595 438 2621 κατὰ
461 2595 561 2630 σάρκα,
574 2596 588 2622 ὸ
599 2595 629 2628 ἐξ
642 2596 755 2631 οὐρανοῦ
774 2597 823 2624 καὶ

36 2636 149 2668 ἱνωθεν,
173 2638 201 2663 ἐν
217 2638 281 2664 εῖδει
297 2640 352 2665 τῶν
374 2641 485 2674 χοῖκῶν-
513 2641 606 2672 ἁπτὸς,
630 2643 644 2668 ὸ
660 2643 784 2678 άναφής·
807 2644 821 2669 ὁ

36 2682 103 2709 ιατᾶ
125 2682 208 2717 φύσιν
228 2683 296 2710 ἰδίαν
321 2685 470 2720 ἐλεύθερος,
496 2687 525 2713 ὲν
548 2687 642 2713 δούλου
672 2690 781 2724 μορφῇ·
807 2689 821 2714 ὁ

39 2732 153 2765 ὖλογῶν
171 2732 220 2766 τὴν
236 2732 334 2761 κτίσιν,
353 2732 502 2766 ἐπάρατος,
523 2733 569 2759 καὶ
583 2734 613 2760 ἐν
631 2735 687 2762 τοῖς
700 2735 820 2769 ἀνόμοις,

36 2790 37 2811 ι
57 2777 138 2804 πᾶσα
154 2777 325 2811 δικαιοσύνη,
340 2778 386 2805 καὶ
404 2778 433 2804 ἐν
448 2778 560 2812 δοκήσει
578 2779 694 2806 Θανάτου
708 2782 820 2815 γέγονεν

61 2867 70 2883 ³
92 2867 187 2895 Galat.
206 2877 242 2903 tv,
258 2869 284 2896 dt.
322 2867 354 2895 ἰ
371 2867 434 2895 Cor.
451 2876 495 2902 xv,
513 2868 558 2897 49.
597 2869 608 2885 ³
621 2869 699 2897 J0an.
720 2879 759 2902 ιιι,
775 2871 820 2898 51.

873 2194 926 2221 que
936 2187 1123 2214 admirandum
1137 2194 1227 2213 revera
1241 2191 1282 2212 est
1294 2186 1328 2212 ob
1345 2185 1402 2211 haec
1429 2184 1530 2212 Christi
1557 2191 1658 2220 myste-

874 2234 954 2260 rium.
973 2232 1074 2260 Idcirco
1097 2231 1167 2259 Deus
1182 2239 1214 2259 ac
1229 2231 1308 2258 Pater
1330 2231 1393 2258 alibi
1421 2231 1454 2258 ad
1480 2231 1586 2258 Judaaos
1611 2239 1658 2266 per

872 2279 1014 2314 quemdam
1036 2279 1194 2312 prophetam
1208 2278 1245 2305 ait
1259 2287 1266 2304 :
1287 2287 1296 2303 ι
1323 2276 1429 2309 Videte,
1442 2283 1654 2313 contemptores,

872 2328 901 2350 et
914 2323 1096 2356 admiramini,
1110 2328 1137 2349 et
1150 2323 1335 2356 disperdimini
1353 2330 1360 2349 :
1383 2323 1445 2358 quia
1472 2330 1540 2357 opus
1559 2330 1658 2356 operor

873 2376 922 2403 ego
941 2369 1072 2395 indichus
1087 2369 1193 2399 vestris.
1212 2376 1279 2402 opus
1310 2369 1380 2402 quod
1413 2376 1464 2395 non
1492 2368 1602 2395 creditis
1635 2369 1657 2396 si

873 2415 933 2448 quis
947 2414 1116 2441 enarraverit
1130 2414 1205 2441 vobis
1231 2414 1251 2440 ⁸.
1263 2423 1271 2439 ι
1288 2413 1439 2440 Periculum
1452 2413 1523 2440 enim
1543 2414 1595 2440 erit
1625 2422 1658 2441 ne

875 2460 1019 2494 derogetur
1041 2459 1109 2487 ﬁdes
1125 2460 1256 2494 mysterio
1272 2459 1385 2492 Christi,
1403 2459 1437 2486 ob
1451 2459 1573 2486 miraculi
1598 2467 1656 2486 ma-

873 2505 1052 2539 gnitudinem.
1069 2504 1139 2531 Deus
1156 2508 1214 2532 erat
1233 2505 1313 2531 homo
1333 2503 1416 2531 nostri
1432 2502 1529 2529 similis
1551 2501 1655 2535 factus.

873 2549 920 2583 qui
938 2557 1017 2584 supra
1034 2558 1141 2578 omnem
1157 2555 1310 2577 creaturam
1320 2554 1375 2582 est;
1407 2548 1560 2581 invisibilis,
1571 2548 1657 2576 factus

873 2600 914 2621 est
927 2595 1039 2622 visibilis
1055 2595 1203 2622 secundum
1221 2602 1347 2622 carnem:
1364 2595 1410 2629 qui
1435 2601 1467 2621 ex
1495 2593 1563 2621 ctelo
1578 2599 1657 2628 atque

874 2649 888 2667 e
907 2642 1041 2676 supernis,
1058 2642 1171 2669 formam
1199 2641 1366 2669 terrestrium
1397 2641 1499 2667 induit:
1521 2640 1656 2673 tangibilis

874 2692 924 2718 est,
946 2687 990 2721 qui
1009 2688 1081 2722 tangi
1103 2687 1196 2722 nequit
1213 2695 1222 2714 :
1239 2687 1283 2722 qui
1304 2694 1337 2713 ex
1367 2686 1475 2720 propria
1495 2692 1542 2711 sua
1560 2690 1657 2712 ltatula

875 2735 944 2761 Ιῐιιι-ι·
959 2740 1010 2767 est,
1034 2735 1104 2762 servi
1125 2734 1240 2762 formam
1262 2732 1383 2767 accepit:
1399 2732 1443 2766 qui
1459 2731 1592 2759 creaturis
1615 2731 1659 2757 be-

876 2782 988 2811 ncdirit.
1010 2782 1096 2809 fartus
1112 2786 1154 2808 est
1173 2780 1369 2813 exsecrabilis;
1386 2783 1598 2812 numcratusque
1615 2782 1658 2805 est

856 2876 864 2885 ⁴
883 2870 984 2898 llabac.
1004 2879 1023 2903 ι,
1044 2870 1074 2903 5;
1097 2870 1153 2898 Mt.
1173 2878 1230 2901 xm,
1246 2871 1290 2897 4i.
