1873 3076
57 96 100 129 905
514 93 705 126 PANOPLIA
725 94 962 125 DOGMA'l‘lCA.
977 106 1011 112 -
1024 95 1097 125 ῚἸῚ.
1118 95 1180 128 XV.

1610 101 1663 130 986

57 161 191 195 σοφωτάτου
215 159 323 187 Παύλου
339 159 440 195 φωνὴν,
463 159 531 196 πρὸς
559 159 621 186 τινα
643 159 734 186 λοιπὸν
755 168 816 195 μορ-

888 160 975 186 ιι-Ῑιητιε
986 160 1088 187 obtinet
1115 161 1134 192 ¹,
1146 159 1223 193 juxta
1238 160 1312 187 Pauli
1340 160 1529 195 sapientissimi
1554 168 1661 194 meum,

56 206 180 241 φούμενοι,
193 207 318 243 γεννητοὶ
332 207 400 234 Θεοῦ
414 207 459 234 διὰ
477 206 637 242 Πνσύματος
654 207 822 243 χρηματιοῦ-

56 262 100 279 οεν
114 254 185 288 ἡμεῖς
196 262 203 287 ;
214 253 273 280 τίνα
284 252 330 280 τοῦ
348 253 511 288 πράγματος
528 253 654 284 λαὸόντες
669 253 718 288 τὴν
732 253 821 288 ἀπαρ-

56 298 106 333 χὴν,
122 298 136 333 ἢ
155 298 197 324 καὶ
208 298 280 330 τινος
294 298 362 330 ὅλως
376 299 416 331 εἰς
428 300 501 334 ἡμᾶς
518 299 672 334 πέμποντος
691 299 722 326 τὺ
740 299 822 332 ἀξίω-

53 352 103 378 μα;
118 344 189 371 Φαῖεν
202 343 244 375 ἄν,
254 344 292 376 ὦς
305 353 336 378 γε
351 343 438 380 οἶμαι,
449 346 496 372 καὶ⁸
509 345 603 372 αὐτοί·
619 345 673 372 Τοῦ
686 345 822 381 ὲνανθρω-

51 390 175 424 στήσαντος
186 390 282 424 Λόγου.
295 390 362 418 Εἶτα
376 391 435 423 πῶς
447 391 522 419 ἔσται
535 391 613 419 τοῦτο
623 392 729 427 ἀληθὲς,
746 392 770 418 εἰ
783 391 820 427 μὴ

51 436 124 467 αὐτὸς
136 436 224 470 γέγονε
240 436 319 472 σὰρξ.
338 438 477 465 τουτέστιν
492 438 644 473 ἄνθρωπος,
663 438 727 465 ῐδιον
742 446 821 474 ποιηη

51 481 156 516 σάμενος
171 482 249 517 σῶμα
261 483 291 509 τὸ
303 482 484 519 ἀνθρώπινον,
496 484 558 511 καθ’
574 483 672 510 ἕνωσιν
688 484 820 511 ἀδιάσπα-

50 536 116 560 στον,
127 527 167 555 ἵνα
178 528 222 554 καὶ
235 528 318 556 αὐτοῦ
333 529 436 564 νοῆται,
447 530 494 556 καὶ
506 529 568 565 [μὴ]
581 529 611 562 ἐξ
622 529 715 565 ἐτέρου
729 530 819 563 τινός;

48 572 148 607 Πέμψει
165 574 215 610 γὰρ
229 574 301 601 οὕτω
324 575 371 602 καὶ
393 576 430 607 εἰς
456 576 528 610 ἡμᾶς
548 576 598 611 τῆς
617 575 754 608 υἱοθεσίας
771 576 820 611 τὴν

47 618 131 652 χάριν,
148 620 191 645 καὶ
209 621 332 655 γεννητοὶ
348 620 507 656 Πνεύματος
526 621 644 656 ἐσόμεθα
660 622 706 648 καὶ
727 622 818 657 ἡμεῖς,

47 664 91 690 ἅτε
106 664 134 699 δὴ
148 666 193 700 τῆς
216 665 361 702 ἀνθρώπου
381 667 489 701 φύσεως
508 668 537 694 ἐν
553 667 628 702 αὺτῷ
646 668 694 695 καὶ
718 668 819 703 πρώτῳ

47 709 171 746 λαχούσης
184 711 271 738 τοῦτο.
283 712 337 739 Καί
348 721 392 747 μοι
405 712 478 740 δοκεῖ
487 712 605 740 τοιοῦτόν
615 722 641 740 τι
652 713 712 740 καθ’
724 714 819 741 ἑαυτὸν

47 755 208 791 ὲννενοηκὼς,
225 757 308 791 φάναι
321 766 372 784 που
391 758 437 784 καὶ
452 759 525 794 μάλα.
539 758 627 794 ὀρθῶς
642 759 656 786 6
675 760 818 792 θεσπέσιος

875 206 1001 239 adquem
1025 207 1132 232 tandem
1160 205 1334 239 conformati,
1359 213 1391 233 ex
1421 206 1476 234 Deo
1501 207 1582 242 geniti
1613 215 1662 241 per

876 251 1005 286 Spiritum
1034 251 1239 286 appellabimur,
1265 256 1312 278 aut
1342 259 1422 287 quem
1456 251 1537 286 huius
1559 254 1659 288 negotii

874 297 1023 332 principem
1056 304 1089 324 ac
1119 302 1200 333 caput
1213 297 1393 325 habebimus?
1415 302 1461 325 aut
1475 299 1536 333 quis
1549 300 1661 327 omnino

874 343 943 371 hanc
958 344 1115 379 dignitatem
1126 344 1152 371 in
1173 352 1222 372 nos
1248 345 1448 372 transmiserit?
1472 345 1565 373 Dicent
1596 354 1660 378 pro-

874 389 955 422 fecto,
972 394 1002 416 ut
1016 389 1150 423 arbitror,
1165 390 1247 417 etiam
1261 390 1311 425 ipsi
1325 400 1332 417 :
1345 389 1464 417 Verbum
1478 392 1658 418 incarttatum.

873 437 953 471 Atqui
964 443 1017 471 quo
1029 441 1109 471 pacto
1125 443 1219 463 verum
1231 437 1281 464 ltoc
1297 437 1359 469 erit,
1375 435 1522 471 nisiipsum
1542 436 1658 464 Verbum

873 482 974 510 factum
991 487 1033 509 est
1043 489 1117 513 caro,
1133 482 1183 509 hoc
1192 487 1243 515 est,
1256 482 1355 515 homo},
1384 482 1483 517 quippe
1503 483 1573 517 quod
1596 490 1659 516 pro-

873 528 960 562 prium
975 528 1025 555 sibi
1036 527 1129 555 fecerit
1141 536 1239 563 corpus
1253 536 1284 556 ea
1299 528 1402 556 unitate
1414 536 1474 563 quae
1483 529 1572 556 divelli
1587 529 1658 555 nttlla

873 573 979 600 ratione
987 576 1086 607 queat:
1101 573 1138 599 ita
1156 573 1284 599 nimirum
1296 578 1324 600 ut
1340 573 1425 607 ipsius
1446 573 1524 600 Verbi
1548 580 1660 600 censea-

873 623 926 652 tur,
944 624 971 646 ct
980 627 1031 646 non
1043 619 1154 646 alterius
1165 618 1332 653 cuiuspiam?
1345 619 1400 647 Hoc
1410 620 1481 647 enim
1489 625 1567 654 pacto
1575 620 1658 646 etiam

873 666 899 692 in
915 672 963 692 nos
984 664 1147 692 trausmittet
1175 664 1311 692 ﬁliationis
1336 666 1614 700 gratiam,geuitique
1643 673 1659 693 e

874 709 975 744 Spiritu
991 709 1092 737 erimus
1115 709 1196 736 etiam
1216 717 1276 743 nos,
1302 714 1396 744 utpote
1425 715 1522 737 natura
1538 711 1657 738 humana

873 755 958 782 hocin
968 755 1026 790 ipso
1037 754 1184 790 etquidem
1201 755 1291 789 primo
1303 759 1460 782 consecuta.
1473 756 1511 782 Ac
1522 756 1587 782 mitti
1602 755 1660 790 qui-

47 800 158 833 [Ῑαῦλος-
174 811 182 828 ι
200 801 307 838 Ὠσπερ
326 803 380 838 γὰρ
397 803 569 839 ὲφορέσαμεν
586 804 635 840 τὴν
657 805 749 832 εἰκόνα
769 805 815 832 τοῦ

888 808 928 828 em
959 801 1066 828 videtur
1088 800 1170 827 etiam
1191 801 1300 828 divinus
1332 801 1443 832 Paulus.
1472 801 1657 836 hujuscemodi

47 847 140 881 χοϊκοῦ,
156 847 304 884 φορέσομεν
321 849 368 876 καὶ
387 849 436 884 τὴν
452 849 545 877 εἰκόνα
560 850 606 877 τοῦ
619 851 780 886 ἐπουρανίου
790 861 814 878 Ὶ

47 893 87 919 ui.
99 892 141 919 τὸν
164 893 212 928 μὲν
237 894 345 930 πρῶτον
360 894 504 929 ἄνθρωπον
525 896 558 923 ἐκ
576 896 628 931 γῆς
648 897 699 932 ἔφη
715 897 817 933 χοῖκὺν,

47 937 85 964 τὸν
106 937 133 964 δὲ
149 938 271 974 δεύτερον
290 939 320 972 ἐξ
340 939 476 974 οὐρανοῦ·
497 949 507 966 ι
526 940 594 967 Ἀλλ’
618 938 674 973 οἶος
689 942 703 968 ό
716 942 817 977 χοῖκὺς.

47 982 147 1010 τοιοῦτοι
169 984 215 1010 καὶ
226 985 250 1011 οι
267 985 363 1020 χοῖκοὶ,
386 985 464 1021 φησὶ,
481 986 528 1013 καὶ
544 984 599 1019 οἷος
615 987 629 1014 ὁ
646 987 817 1023 ἐπουράνιος,

47 1028 149 1056 τοιοῦτοι
164 1030 208 1056 καὶ
224 1030 248 1056 οἰ
274 1031 442 1066 ἐπουράνιοι.
456 1040 466 1058 ι
485 1032 581 1059 Χοῖχοὶ
600 1033 654 1069 γάρ
671 1034 765 1068 ἐσμεν,
780 1033 819 1066 ὼς

47 1084 67 1101 ηκ
88 1075 176 1110 χοϊκοῦ
193 1075 240 1104 τοῦ
258 1075 344 1111 Ἀδὰμ
361 1077 593 1113 παρεμπεσούσης
610 1079 651 1110 εἰς
669 1079 742 1114 ἡμᾶς
767 1079 818 1114 τῆς

47 1121 104 1156 [ρᾶς
122 1120 170 1156 τῆς
188 1121 303 1157 φθορᾶς,
318 1122 351 1149 δι’
367 1119 402 1159 ἧς
414 1124 461 1150 καὶ
476 1124 491 1150 6
511 1124 561 1159 τῆς
577 1124 714 1160 ἁμαρτίας
729 1125 818 1152 εἰσέδυ

49 1166 124 1201 όμος,
139 1167 190 1193 ὀὲν
199 1169 255 1199 τοῖς
272 1167 364 1202 μέλεσι
380 1170 435 1200 τοῖς
449 1169 499 1204 τῆς
517 1170 628 1205 σαρκός.
646 1171 817 1205 Ἐπουράνιοι

48 1211 235 1247 ὲγεγόναμεν,
260 1213 299 1245 ὡς
324 1214 353 1240 ὲν
379 1214 490 1250 Χριστῷ
513 1214 641 1247 λαϐόντες
663 1216 694 1243 τὸ
711 1217 816 1252 χρῆμα..

47 1256 97 1287 θεὸς
110 1256 164 1292 γὰρ
183 1255 220 1284 ὢν
241 1257 321 1291 φύσει
333 1259 381 1285 καὶ
405 1260 436 1286 ἐκ
454 1259 522 1286 Θεοῦ
532 1260 580 1286 καὶ
601 1260 715 1295 ἄνωθεν,
733 1270 818 1289 κατα-

47 1302 199 1338 τεφοίτηκεν
223 1303 253 1329 ὲν
276 1305 333 1336 τοῖς
357 1304 419 1332 καθ’
442 1306 516 1340 ἡμᾶς
546 1306 688 1341 ἀσυνήθως
716 1316 746 1334 τε
770 1309 818 1336 καὶ

47 1347 124 1379 ένως,
134 1348 261 1383 γεννητὸς
273 1349 344 1376 κατὰ
355 1350 445 1387 σάρκα
457 1351 578 1386 γεγονὼς
591 1351 639 1379 τοῦ
650 1352 816 1389 πνεύματος,

47 1401 74 1418 ια
102 1393 173 1427 ἆγιοί
199 1402 230 1420 τε
254 1395 302 1422 καὶ
329 1395 463 1433 ἄφθαρτοι
481 1398 529 1425 καὶ
552 1399 634 1434 ἡμεῖς
650 1399 711 1426 κατ’
735 1399 818 1427 αὑτὸν

47 1437 211 1496 ιαμεξνωμεν
222 1439 260 1496 di;
278 1439 309 1473 ἐξ
319 1440 470 1496 ’ἀρχῆς.κειι;ὶ
488 1442 709 1496 {ilhc-Genetii“
722 1444 815 1477 αὑτοῦ,
830 1467 851 1496 C

47 1482 149 1517 ηλονότι
163 1484 380 1522 καταϐαινούοης
395 1486 436 1519 εἰς
449 1487 524 1523 ἡμᾶς
542 1489 592 1524 τῆς
605 1489 727 1525 χάριτος.

61 1622 93 1649 Β.
113 1621 230 1657 ’Δριστα
252 1623 328 1658 ιφης.

59 1667 94 1695 Δ.
114 1667 182 1694 Τίνα
207 1666 237 1693 δὲ
260 1669 361 1703 τρόπον
386 1669 433 1697 καὶ
446 1668 605 1704 ὡμοιῶσθαί
626 1677 709 1704 φασιν
735 1669 817 1696 αὐτὸν

47 1710 99 1737 ατὰ
120 1711 211 1738 πάντα
231 1712 288 1743 τοῖς
312 1712 447 1746 ἀδελφοῖς,
469 1713 608 1740 τουτέστιν
627 1714 710 1748 ἡμῖν;
735 1713 752 1750 ἧ
770 1713 817 1740 καὶ

47 1756 67 1788 ῖς
87 1756 156 1789 ὅλως
176 1757 256 1784 νοοίτ’
275 1757 308 1785 ἃν
328 1758 343 1785 6
359 1758 409 1794 τὴν
431 1759 561 1794 ὁμοίωσιν
583 1758 724 1792 ὑπελθὼν,
739 1758 816 1795 εἰμὴ

47 1801 96 1828 ιτὰ
109 1801 191 1836 φύσιν
201 1800 293 1837 ἕτερος
303 1801 348 1838 ἦν,
363 1803 411 1830 καὶ
425 1803 476 1831 οὐκ
494 1803 523 1831 ἐν
533 1812 566 1838 γε
578 1804 634 1836 τοῖς
650 1803 711 1831 καθ’
723 1804 814 1839 ἡμᾶς

47 1847 58 1873 5
88 1847 144 1883 γάρ
166 1848 198 1883 γέ
221 1857 293 1875 τισιν
319 1848 507 1885 ὁμοιούμενον,
526 1847 597 1876 εἶναι
621 1857 673 1876 που
706 1849 816 1881 πάντως

47 1894 132 1928 ιάγκη
147 1893 277 1929 διάφορον
289 1895 353 1930 παρ’
369 1894 478 1927 αὐτοὺς,
491 1895 538 1923 καὶ
550 1894 600 1923 οὐκ
608 1895 697 1928 ἐοικὸς
711 1895 814 1929 αὐτοῖς,

47 1939 174 1974 ηεροειδὲς
197 1939 226 1967 δὲ
250 1940 362 1975 μᾶλλον,
382 1939 471 1968 ιῐτουν
496 1941 652 1977 ἑτεροφυές.
676 1940 815 1977 ’Δνόμοισς

47 1986 112 2012 ηένυν
144 1985 279 2022 ὑπάρχων
303 1987 369 2021 ἡμῖν
399 1986 471 2014 κατὰ
494 1987 576 2022 φύσιν
596 1988 612 2014 6
638 1987 814 2023 Μονογινὴς,

47 2030 184 2058 ιοιῶσθαι
206 2031 316 2066 λέγεται
336 2031 456 2066 γεγονὼς
481 2032 541 2060 καθ’
566 2033 657 2069 ἡμᾶς,
675 2033 814 2060 τουτέστιν

50 2075 65 2101 Θ
71 2084 177 2110 ρωπος.
196 2076 303 2104 Γένοιτο
316 2077 339 2104 δ’
359 2077 392 2104 ἂν
405 2076 484 2106 τοῦτο
499 2078 548 2106 καὶ
568 2077 641 2113 μάλα
661 2077 750 2114 ὀρθῶς
766 2079 814 2105 καὶ

869 846 1008 881 quidpiam
1022 846 1154 878 sentiens.
1169 846 1232 874 alibi
1245 847 1282 873 ita
1312 850 1387 874 recte
1407 847 1552 874 admodum
1571 847 1658 874 dixisv

869 899 920 920 se:
942 901 952 918 ι
967 892 1201 926 Quemadmodum
1224 892 1297 920 enim
1319 893 1486 928 portavimus
1510 893 1658 928 imaginem

870 939 981 972 terreni,
996 938 1166 973 portabimus
1180 938 1263 965 etiam
1282 938 1425 973 imaginem
1456 939 1575 967 celestis
1604 939 1627 966 ².
1645 948 1656 966 ι

869 983 904 1011 Et
917 985 1035 1020 primum
1054 984 1163 1020 quidem
1184 984 1320 1012 hominem
1337 992 1371 1012 ex
1391 989 1474 1017 terra.
1490 985 1558 1012 dixit
1577 989 1661 1012 terre-

869 1039 949 1064 num;
965 1031 1113 1059 secundum
1123 1037 1187 1058 vero
1199 1038 1230 1058 ex
1244 1030 1324 1063 cutio,
1336 1030 1485 1058 caelestem.
1502 1039 1512 1057 ι
1526 1030 1578 1058 Sed
1589 1038 1660 1066 qua-

868 1076 901 1104 lis
919 1082 1054 1109 terrenus,
1081 1077 1148 1105 tales
1176 1081 1204 1104 et
1232 1077 1353 1109 terreni;
1378 1081 1405 1105 et
1425 1077 1657 1112 qualisctslestis,

869 1123 936 1150 tales
949 1127 977 1150 et
999 1123 1138 1151 celestes.
1157 1132 1167 1150 ›
1183 1122 1296 1151 Terreni
1324 1124 1397 1151 enim
1427 1131 1532 1157 sumus,
1565 1127 1658 1157 utpote

870 1167 1027 1194 transmissa
1043 1167 1069 1194 in
1089 1174 1139 1195 nos
1166 1175 1200 1195 ex
1223 1173 1331 1195 terreno
1355 1168 1441 1195 Adam
1467 1168 1659 1196 maledictionc

867 1212 1062 1248 corruptionis,
1083 1220 1132 1247 per
1139 1221 1220 1249 quam
1235 1219 1263 1241 et
1275 1213 1316 1241 lex
1332 1215 1437 1249 peccati
1455 1214 1580 1250 irrepsit,
1595 1222 1658 1250 quae

867 1263 909 1285 est
921 1258 948 1285 in
961 1259 1091 1287 membris
1107 1260 1209 1287 carnis.
1223 1258 1355 1287 Cmiestes
1362 1265 1451 1288 autem
1467 1259 1532 1288 facti
1551 1268 1658 1292 sumus,

868 1305 893 1332 lll
905 1304 1014 1332 Christo
1025 1304 1052 1332 id
1063 1305 1212 1333 consecuti.
1230 1305 1301 1333 Deus
1311 1305 1385 1333 enim
1396 1305 1534 1334 exsistens
1549 1311 1656 1339 natura,

866 1354 893 1377 et
907 1357 940 1377 ex
958 1349 1105 1385 Deoatque
1120 1358 1152 1378 ex
1165 1351 1301 1386 supernis,
1334 1351 1474 1379 descendit
1493 1351 1527 1379 ad
1551 1357 1656 1385 nostra,

867 1403 936 1423 novo
950 1400 1030 1430 atque
1052 1395 1183 1423 inusitato
1201 1403 1276 1424 more
1286 1397 1396 1431 genitus
1418 1397 1568 1424 secundum
1593 1405 1655 1425 car-

868 1449 928 1468 nem
942 1441 1081 1469 tactusest
1103 1440 1231 1476 Spiritus,
1256 1446 1285 1469 ut
1301 1441 1430 1470 videlicet
1455 1443 1543 1471 sancti
1572 1448 1655 1479 atque

870 1486 1088 1521 incorruptibiles
1112 1486 1195 1515 etiam
1224 1495 1274 1515 nos
1296 1488 1323 1515 in
1357 1488 1416 1523 ipso
1450 1495 1608 1517 maneamus
1622 1496 1656 1517 ex

870 1533 940 1568 ipso,
963 1536 1093 1568 tanquam
1107 1541 1140 1561 ex
1160 1534 1296 1569 prittcipio
1307 1539 1336 1562 et
1361 1534 1454 1562 radice
1481 1535 1610 1567 secunda,
1627 1535 1656 1563 in

868 1586 918 1606 nos
933 1578 1094 1606 transmissa
1107 1579 1205 1613 gratia.

902 1624 934 1651 Β.
953 1623 1061 1659 Optime
1076 1624 1180 1651 dixisti.

902 1670 935 1696 Δ.
955 1669 1077 1703 Quonam
1093 1677 1159 1696 vero
1178 1674 1256 1704 pacto
1276 1669 1358 1697 etiam
1373 1669 1487 1698 similem
1507 1670 1593 1705 ipsum
1613 1670 1656 1699 fa-

867 1719 940 1743 ctum
956 1723 1017 1743 esse
1030 1715 1106 1743 aittnt
1117 1723 1164 1749 per
1174 1716 1264 1742 omttia
1280 1715 1420 1749 fratribus,
1435 1716 1485 1743 hoc
1497 1722 1548 1748 est,
1562 1717 1657 1745 nobis?

866 1765 913 1788 aut
927 1760 1050 1795 quisnam
1066 1761 1177 1788 omnino
1192 1764 1337 1787 censeatur
1356 1760 1441 1787 fuisse
1455 1760 1479 1787 is
1493 1761 1538 1795 qui
1555 1761 1654 1789 simili-

867 1806 986 1834 tudinetn
1004 1811 1123 1834 nostram
1138 1805 1229 1839 subiit,
1242 1805 1293 1833 ttisi
1309 1807 1456 1833 secundum
1471 1810 1594 1834 naturam
1611 1808 1655 1833 di-

865 1859 960 1880 versus
977 1857 1047 1884 erat.
1066 1855 1094 1879 et
1115 1859 1170 1878 non
1193 1851 1271 1879 nobis
1289 1850 1407 1879 similis?
1420 1851 1496 1885 Quod
1511 1851 1584 1878 enim
1602 1851 1654 1879 ali-

865 1897 963 1932 quibus
976 1897 1066 1925 simile
1081 1896 1209 1929 edicitur,
1234 1903 1344 1924 necesse
1360 1901 1403 1924 cst
1417 1902 1447 1924 ut
1460 1896 1597 1924 diversum
1620 1897 1656 1925 ab

865 1944 899 1972 iis
913 1943 1059 1976 exstiterit,
1077 1951 1163 1979 neque
1185 1942 1273 1972 simile
1288 1943 1364 1978 ipsis,
1380 1943 1427 1971 sed
1440 1943 1530 1978 potius
1545 1943 1654 1971 alterius

865 1988 976 2024 speciei,
992 1988 1050 2016 sive
1066 1993 1181 2016 naturae.
1291 1987 1436 2016 Dissimilis
1448 1988 1539 2024 itaque
1551 1992 1653 2016 natura

866 2043 880 2062 a
898 2035 977 2063 nobis
988 2035 1122 2063 exsistens
1137 2034 1309 2070 Uuigenitus,
1323 2033 1419 2062 similis
1433 2033 1519 2061 tactus
1538 2041 1598 2062 esse
1610 2033 1652 2061 di-

865 2081 945 2113 citur,
961 2081 1048 2107 tactus
1070 2080 1096 2107 id
1112 2080 1183 2114 quod
1200 2086 1258 2113 nos,
1285 2079 1337 2106 hoc
1354 2083 1405 2112 est,
1429 2078 1517 2105 homo.
1540 2077 1651 2105 Factum

47 2122 121 2154 ivwc.
138 2123 169 2149 ἐν
180 2122 307 2156 ἀποτέξει
323 2124 356 2159 τῇ
373 2123 435 2152 καθ’
447 2124 532 2159 ἡμᾶς,
544 2124 568 2150 ει
583 2124 631 2151 καὶ
644 2123 812 2160 παραδόξως,

888 2132 956 2154 tttem
971 2126 1021 2153 fuit
1033 2126 1094 2158 hoc,
1114 2130 1140 2152 et
1152 2129 1225 2152 recte
1241 2125 1383 2152 adtnodum
1399 2131 1431 2152 ac
1446 2123 1614 2152 solummodo
1626 2123 1651 2150 itt

47 2167 57 2180 η’
69 2167 171 2194 αὐτοῦ.
186 2167 253 2199 Θεὸς
264 2168 319 2203 γὰρ
333 2166 367 2204 ἦν
380 2169 394 2196 6
405 2169 600 2205 σαρκούμενος.
615 2169 812 2205 ὐμολογεισθω

62 2213 122 2248 μὴν
142 2213 183 2245 ὼς
203 2213 326 2249 ὲψύχωτο
341 2216 441 2250 νοερῶς
457 2215 487 2242 τὸ
510 2215 610 2243 ἐνωθὲν
628 2215 702 2252 αὐτῷ
722 2216 810 2252 σῶμα.

47 2269 49 2281 ι
67 2258 128 2293 γάρ
147 2266 192 2285 τοι
206 2259 237 2286 τὸ
256 2260 379 2294 κρεῖττον
393 2260 447 2287 τῶν
463 2261 492 2287 ἐν
505 2261 572 2296 ἡμῖν
585 2261 675 2296 ἀφεὶς,
689 2263 811 2289 τουτέστι

47 2304 116 2339 χὴν,
135 2303 222 2339 μόνου
237 2305 385 2340 πεποίηται
395 2305 478 2340 φειδὼ
492 2307 589 2342 γηῖνου
604 2306 741 2342 σώματος,
753 2308 811 2335 ἀλλ’

47 2349 80 2375 οὗ
99 2350 195 2385 ψυχῆς
216 2350 262 2377 καὶ
284 2350 409 2387 σώματος
425 2352 574 2388 προενόησε
596 2352 684 2388 σοφῶς
696 2353 761 2386 Θεὸς
774 2354 812 2382 ὢν

47 2395 144 2429 λόγος.

47 2488 111 2515 Ότι
137 2487 170 2514 δὲ
189 2487 242 2514 οὐκ
263 2486 413 2523 ἠλλοίωται
436 2485 558 2522 γεγονὼς
582 2486 726 2522 ἄνθρωπος
750 2486 811 2514 καθ’

47 2536 83 2566 ἃς
115 2535 132 2561 6
164 2534 266 2568 Λόγος,
287 2533 481 2570 διαμιμήνυκι
504 2534 591 2568 λέγων
615 2535 630 2561 6
655 2534 813 2570 Πνευματο-

47 2587 112 2613 οος’
146 2588 156 2605 ‹
170 2578 277 2614 Ἰησοῦς
299 2578 419 2614 Χριστὸς
439 2579 501 2614 χθδς
524 2579 572 2606 καὶ
596 2579 718 2615 σήμεγπ
731 2580 745 2606 ὸ
765 2578 813 2606 αὖ·

53 2646 61 2654 ,
81 2625 135 2651 καὶ
162 2626 206 2656 εἰς
232 2625 298 2657 τοὺς
326 2624 442 2658 αἰῶνας.
460 2635 469 2652 ι
495 2625 551 2652 Καὶ
569 2624 736 2661 σημαντικὸν
763 2624 813 2658 μὲν

47 2670 50 2695 ἱ
68 2671 282 2706 παρῳχηκότος
298 2671 396 2706 χρόνου
420 2671 551 2703 ποιεῖται,
567 2670 597 2698 τὸ
621 2670 702 2704 χθές,
716 2669 765 2697 τοῦ
782 2678 813 2704 γε

47 2726 61 2744 ν
79 2716 256 2749 ὶνιστῶτος.
273 2716 304 2743 τὸ
318 2716 465 2752 σήμερον,
481 2716 527 2744 τοῦ
550 2716 578 2743 δὲ
603 2715 750 2748 ὲνεττῶτος
765 2716 813 2742 καὶ.

66 2807 80 2836 l
91 2807 166 2837 Cor.
179 2816 226 2843 xv,
240 2807 288 2836 25.
323 2809 333 2824 ‘
342 2807 411 2837 Ibid.
426 2808 471 2837 49.

866 2172 1004 2199 nativitate
1020 2176 1120 2199 nostrae
1139 2169 1234 2203 simili,
1250 2171 1356 2197 tametsi
1369 2169 1563 2197 admirabiliter
1582 2169 1654 2204 quod

865 2217 898 2244 ad
919 2217 1006 2251 ipsum
1027 2217 1134 2243 attinet.
1156 2215 1228 2243 Deus
1249 2214 1321 2242 enim
1348 2219 1419 2248 erat,
1435 2214 1480 2249 qui
1496 2214 1653 2241 incarnatus

864 2267 915 2290 est.
935 2261 1113 2289 Profiteamur
1132 2261 1226 2295 utique
1244 2260 1392 2286 animatum
1407 2265 1468 2286 esse
1484 2258 1655 2286 intellectua-

864 2308 928 2336 liter
939 2314 1037 2342 corpus
1058 2307 1108 2341 ipsi
1131 2306 1247 2334 unitum.
1271 2304 1365 2340 Neque
1379 2305 1450 2333 enint
1465 2305 1653 2340 praestantiore

863 2353 950 2381 nostri
966 2357 1053 2388 parte,
1071 2353 1123 2380 hoc
1134 2355 1186 2385 est,
1202 2351 1292 2379 anima
1304 2350 1437 2386 neglecta,
1452 2349 1536 2378 solius
1550 2348 1651 2378 terreni

863 2399 987 2434 corporis
1003 2405 1068 2426 cura
1087 2398 1181 2425 habita
1198 2401 1249 2431 est,
1269 2397 1316 2425 sed
1330 2396 1411 2424 simul
1425 2395 1522 2424 animm
1541 2400 1569 2424 et
1588 2403 1652 2424 cor-

862 2446 922 2481 pori
938 2444 1075 2479 sapienter
1084 2444 1224 2480 prospexit
1238 2443 1308 2471 Deus
1321 2442 1455 2471 exsistens
1466 2441 1597 2470 Verbum.

901 2486 980 2520 Quod
1009 2491 1100 2515 autem
1128 2486 1248 2516 Verbum
1271 2488 1354 2517 homo
1377 2489 1463 2517 nostri
1489 2488 1588 2517 similia
1612 2489 1655 2517 i'a-

866 2538 940 2561 ctum
957 2533 1130 2562 immutatum
1151 2541 1206 2562 non
1231 2534 1277 2566 sit.
1293 2534 1567 2571 signiﬁcavitPaulus
1590 2535 1652 2571 Spi-

867 2580 921 2607 ritu
949 2579 1057 2608 amatus
1080 2580 1198 2610 dicens:
1226 2589 1236 2607 ‹
1262 2579 1343 2608 Jestrs
1368 2580 1494 2609 Christus
1517 2581 1599 2609 hodie
1624 2585 1653 2609 et

867 2625 937 2658 lteri,
955 2626 1015 2660 ipse
1032 2630 1060 2653 et
1077 2626 1104 2654 in
1124 2626 1237 2660 stu-cuia;
1255 2635 1265 2653 ι
1282 2633 1315 2654 ac
1333 2633 1381 2662 per
1397 2627 1464 2660 lteri,
1481 2627 1649 2661 prateritum

867 2676 974 2706 tempus
994 2671 1112 2705 indicat;
1134 2679 1183 2706 per
1206 2671 1295 2704 hodie,
1319 2679 1457 2707 praesens;
1479 2679 1528 2707 per
1553 2671 1650 2699 tacula

867 2724 945 2750 vero,
961 2723 1080 2753 praesens
1095 2721 1123 2744 et
1135 2717 1265 2746 futurum.
1277 2717 1313 2744 At
1329 2717 1352 2745 si
1363 2719 1459 2753 putant
1472 2723 1502 2745 se
1520 2723 1651 2753 magnum
