1873 3076
57 125 103 157 96)

536 130 726 161 PANOI‘LIA
746 131 977 162 DOGMATICA.
994 144 1029 149 —
1043 131 1117 162 TIT.
1135 132 1194 162 XV.

1606 129 1660 163 970

55 201 147 236 Πατρός
171 209 230 236 μου,
258 201 294 236 μὴ
318 201 459 228 πιστεύετέ
488 211 541 237 μοι.
565 202 595 228 Et
619 201 646 227 δὲ
672 201 750 232 ποιῶ,
775 201 821 227 xix

898 209 910 228 s
928 201 1004 228 mihi.
1022 201 1075 228 Sed
1094 201 1116 228 si
1135 199 1216 234 facio,
1232 205 1258 228 et
1271 200 1294 228 si
1312 201 1377 228 milti
1393 207 1444 228 non
1459 200 1582 232 creditis,
1598 207 1663 234 ope-

54 247 108 281 ἐμοὶ
127 247 158 282 μὴ
175 247 330 283 πιστεύητε,
345 249 401 280 τοῖς
417 248 506 284 ἔργοις
522 257 571 284 μου
593 247 741 274 πιστεύετε.
757 257 766 273 ι
789 247 826 274 Τὸ

53 292 101 327 γὰρ
115 293 141 318 ἐν
158 293 291 328 ἀνθρώπῳ
314 294 423 329 βλέπειν
448 295 496 329 τῆς
514 294 653 330 ἁφράστου
675 294 754 329 δόξης
777 294 826 329 τὴν

53 338 185 373 ὑπεροχὴν,
206 339 255 374 οὐχ
270 340 307 371 ὡς
322 340 464 376 ἀλλοτρίαν
486 341 585 376 μᾶλλον
600 342 683 377 ἣγουν
700 342 729 368 ἐν
744 342 824 376 χάρι-

51 391 93 414 τος
107 383 177 418 μέρει
197 386 484 422 προσπεπορισμένην,
505 387 562 413 ἀλλ’
577 387 644 414 ἰδίαν
659 388 749 421 αὐτοῦ,
767 388 825 420 πῶς

51 428 96 454 οὐκ
109 429 252 461 ἀναπείσει,
271 431 311 457 ὅτι
330 431 396 462 Θεὸς
411 429 444 466 ἦν
463 433 492 458 ὲν
511 432 575 459 εῖδει
597 432 636 468 τῷ
655 433 715 459 καθ’
739 435 822 469 ἡμᾶς,

52 474 94 500 καὶ
106 475 163 506 Υἱὸς
181 475 286 509 ἀληθῶς
303 476 349 503 τοῦ
367 477 413 503 ἐπὶ
428 478 531 509 πάντας
543 478 611 504 Θεοῦ
624 488 630 511 ;

83 519 111 546 Β.
136 519 244 546 Ἑαυτοῦ
255 540 261 552 ,
276 522 339 556 φησι
350 542 357 553 ,
379 523 441 553 τοὺς
460 522 592 556 ἀγγέλους
608 523 677 550 εἶναι
693 524 823 560 διῖσχυρί-

52 574 121 598 σατο,
134 565 176 592 xai.
188 566 271 592 τῶνδε
291 566 345 592 τῶν
361 567 481 602 σημείων
503 568 613 602 γέγονεν
627 570 820 606 ἀποτελεττὴς,

50 611 205 643 ἐνοικοῦντος
228 612 303 647 αὑτῷ
324 613 371 638 τοῦ
395 613 497 647 Λόγου,
520 615 598 648 δόξαν
622 616 651 642 δὲ
675 616 724 652 τὴν
755 617 822 643 ἰδίαν

48 656 117 691 αὑτῷ
132 657 174 683 καὶ
188 657 217 682 τὺ
230 658 340 693 ἐνεργὲς
352 660 574 694 ἑκνενεμηκότος.
585 661 741 697 Γέγραπται
757 664 820 699 γὰρ,

50 703 87 728 ὅτι
103 711 110 727 ι
133 702 232 737 Ἰησοῦν
250 703 295 729 τὸν
312 704 366 730 ἀπὸ
381 704 506 740 Ναζαρὲτ
530 705 567 738 ὡς
588 706 695 742 ἔχρισεν
710 708 791 735 αὑτὸν
808 710 821 735 ό

47 748 108 780 Θεὸς
122 749 255 784 Πνεὺματι
268 750 337 785 ἁγίῳ
353 751 398 778 καὶ
411 751 534 787 δυνάμει,
550 753 579 785 ὃς
593 753 699 789 διῆλθεν
712 756 821 791 εὐεργε-

46 793 106 824 τῶν,
119 795 163 819 καὶ
177 794 289 829 ἰώμενος
303 796 409 827 πάντας
427 798 489 829 τοὺς
505 799 821 835 καταδυναστευομένους

46 838 95 863 ὑπὸ
115 838 159 865 τοῦ
183 839 317 866 διαϐόλου.
336 852 344 864 ι
373 842 560 878 Κεχρισμένος
579 843 625 870 οὖν
645 847 692 872 καὶ
707 846 820 882 δυνάμει

46 884 90 908 καὶ
105 882 247 918 Πνεύματι,
263 885 446 920 τερατουργὺς
459 884 503 922 ἦν.
837 882 856 908 Β

76 930 156 965 Φησὶν
169 931 182 955 ό
196 930 332 964 πάνσοφος
346 931 449 963 Παῦλος
460 939 466 947 ·
484 940 493 957 ι
511 931 582 958 Ἀλλ’
595 932 660 966 ἡμῖν
675 930 714 964 εἷς
726 933 793 964 Θιῆς
803 934 817 960 ό

44 975 144 1011 Πατὴρ,
154 975 181 1008 ἐξ
201 972 230 1002 οὗ
246 976 279 1002 τὰ
296 975 396 1005 πάντα.
407 977 454 1002 καὶ
470 976 549 1010 ἡμεῖς
566 976 600 1002 δι’
614 977 708 1009 αὑτοῦ,
718 979 763 1003 καὶ
779 975 818 1009 εἷς

43 1021 138 1056 Κύριος
162 1020 264 1055 Ἰησοῦς
275 1021 404 1056 Χριστὸς,
416 1021 449 1048 δι’
464 1019 494 1049 οὗ
511 1022 545 1048 τὰ
564 1024 664 1055 πάντα,
678 1023 726 1049 καὶ
739 1024 818 1058 ἡμεῖς

41 1067 73 1092 δι’
91 1067 181 1094 αὐτοῦ.
202 1075 211 1092 ι
231 1067 292 1098 Πῶς
320 1065 377 1099 οὖν,
392 1068 451 1094 εἰπέ
479 1077 535 1103 μοι,
557 1068 592 1095 δι’
614 1069 760 1104 ἀνθρώπου
786 1072 820 1096 τὰ

40 1114 143 1147 nivea;
158 1114 270 1141 ἀνθὸτου
285 1114 314 1141 δὲ
331 1115 380 1141 καὶ
394 1115 504 1149 ἀμέσως
517 1115 555 1147 ὡς
574 1115 635 1147 Υἱὸς
651 1116 738 1151 Πατρὶ
757 1125 819 1142 συν-

38 1160 173 1193 τάττεται,
191 1160 405 1195 μεσολαὸοῦντος
430 1161 558 1195 οὺδενός;
584 1161 649 1189 Εἶτα
665 1163 727 1189 ὁποι
755 1163 820 1189 ποτὲ

38 1207 82 1233 τὸν
96 1206 234 1240 Μονογενῆ
248 1206 368 1242 θήσομεν
381 1209 420 1240 εις
433 1209 478 1236 τὺν
493 1208 575 1236 αὑτοῦ
591 1209 672 1236 τόπον
687 1209 819 1237 ἀναϐιϐά-

37 1254 127 1285 ζοντες
141 1253 186 1280 τὸν
201 1253 356 1289 ἄνθρωπον,
370 1255 522 1289 καὶτοῦτο,
541 1256 614 1283 καθά
630 1265 723 1292 φησιν.
740 1257 818 1292 ὲνερι

37 1299 168 1334 γούμενον
180 1299 245 1334 παρ’
260 1300 356 1333 αὐτοῦ,
368 1302 414 1327 καὶ
425 1301 460 1328 δι’
471 1301 553 1328 αὐτὸν
564 1302 737 1337 τιμώμενον;
753 1301 819 1338 Ἀρ⁹

36 1345 85 1372 οὐκ
103 1345 235 1380 ἐκσέϐηκε
250 1346 281 1373 τὸ
296 1347 370 1379 εἰκὸς
385 1347 398 1374 ό
412 1346 491 1380 λόγος
506 1347 616 1382 adeo?“
631 1349 680 1375 οὐκ
698 1348 751 1382 ἔξω
765 1350 817 1383 φέ-

35 1400 113 1426 ρεται
142 1393 260 1426 σκοποῦ,
288 1393 336 1420 καὶ
361 1393 399 1426 ὡς
423 1394 475 1430 τῆς
505 1395 633 1430 ἀληθείας
658 1395 814 1432 όλοτρόπως

34 1439 213 1474 ἡμαρτηκὼς,
230 1440 332 1476 γελῷτο
349 1441 382 1468 ἂν
400 1442 526 1474 ἐνδίκωςς

71 1527 100 1553 B.
116 1526 285 1561 Ἀνθρωπος,
297 1527 411 1562 φησὶν,ὀ
423 1527 470 1553 τοῦ
485 1526 553 1553 Θεοῦ
568 1528 651 1562 Λόγος
662 1529 817 1564 ὠνόμασται
834 1550 853 1577 C

34 1572 104 1599 κατὰ
123 1571 222 1597 τοιόνδε
238 1571 299 1597 τινὰ
315 1571 424 1606 τρόπον.
440 1572 545 1607 Ὥσπερ
559 1573 613 1609 γὰρ
627 1575 641 1600 ό
656 1575 721 1610 παρ’
736 1576 818 1603 αὑτοῦ

34 1617 144 1652 λη’τςοεὶς
162 1617 322 1653 ἄνθρωπος,
346 1619 475 1654 ἐγεννήθη
502 1619 551 1654 μὲν
574 1620 603 1646 ὲν
629 1619 752 1656 Βηθλεὲμ
769 1622 819 1657 τῆς

37 1664 178 1696 Ἰουδαίας,
202 1664 308 1699 εἴρηται
324 1663 352 1690 δὲ
366 1663 536 1700 Ναζωραῖος,
546 1665 590 1692 διὰ
601 1665 631 1692 τὸ
644 1667 753 1701 οἰκῆσαι
769 1667 819 1703 τὴν

34 1711 171 1744 Ναζαρὲτ,
188 1711 260 1737 οὕτω
274 1710 320 1736 καὶ
334 1711 348 1737 ὁ
360 1710 425 1741 Θεὸς
445 1711 540 1744 Λόγος,
563 1711 704 1747 ἄνθρωπος
718 1712 817 1748 ὀνομά-

34 1756 119 1788 ζεται,
134 1755 179 1781 διὰ
196 1755 226 1782 τὸ
238 1755 399 1790 κατοικῆσαι
415 1756 444 1781 ὲν
458 1755 603 1791 ἀνθρώπῳ.

65 1803 98 1828 Α.
118 1802 151 1827 Ὢ
174 1801 274 1836 φρενὸς
287 1801 496 1835 γραοπρεποῦς.
514 1801 561 1828 καὶ
573 1801 619 1829 νοῠ
639 1804 816 1838 παρειμένου,

34 1849 77 1875 καὶ
85 1847 260 1882 βατταρίζων
271 1847 382 1878 εἰδότος,
391 1847 437 1873 καὶ
445 1847 538 1882 ἕτερον
550 1847 637 1874 οὐδέν.
650 1848 814 1884 Ἐκνήψατε,

34 1896 52 1921 >1
80 1893 238 1930 μεθύοντες,
258 1891 288 1925 ἐξ
301 1892 372 1919 οἴνου
388 1892 476 1919 αὐτῶν
487 1913 495 1925 ,
512 1893 680 1927 ἐπιφωνειτω
702 1903 744 1926 τις
762 1897 818 1927 τοῖς

34 1939 194 1972 5ιεναντίας,
210 1938 236 1965 τί
253 1937 457 1973 παραῦιάζεσθε
471 1937 596 1974 τάληθὲς,
609 1939 657 1966 καὶ
671 1941 725 1966 τῶν
738 1941 817 1969 θείων

34 1986 73 2020 Sey
79 1986 175 2020 μάτων
192 1985 240 2021 τὴν
256 1985 370 2019 δύναμιν
392 1984 613 2019 παρευούνοντες,
631 1985 682 2018 ἔξω
702 1987 817 2024 φέρεσθε

34 2033 126 2067 τρίῦου
146 2034 198 2066 τῆς
218 2031 379 2066 βασιλικῆςς
403 2030 499 2064 Γέγονε
513 2030 567 2065 γὰρ
580 2050 588 2063 ,
605 2029 642 2061 ὡς
655 2029 754 2060 ἔοικεν.
773 2030 823 2057 οὐκ

34 2078 66 2104 ἑτι
86 2078 141 2113 μὲν
159 2077 229 2113 σὰρξ
243 2078 257 2103 ὁ
273 2077 358 2111 Λόγος
373 2076 443 2103 κατὰ
455 2075 502 2107 τὰς
525 2075 634 2111 Γραφὰς
648 2096 655 2108 ,
678 2075 823 2111 ἀνθρωπο-

34 2123 144 2158 τολιτης
161 2122 191 2149 δὲ
210 2122 321 2158 μᾶλλον,
339 2122 387 2148 καὶ
401 2119 434 2157 ἦν
454 2121 599 2148 ἀκόλουθον
617 2120 697 2148 αὐτὸν
719 2120 824 2155 ἀνθρω-

875 246 949 274 ribus
965 246 1031 273 meis
1048 246 1151 274 credite
1178 243 1195 272 '.
1210 255 1220 271 ι
1236 245 1302 273 Cum
1323 246 1394 273 enim
1409 244 1553 272 inelTabilis
1569 245 1662 280 glorias

875 293 1032 321 excellentia
1051 294 1076 320 in
1101 292 1211 320 homine
1234 296 1373 324 cernatur,
1396 300 1448 319 tton
1471 298 1499 318 ut
1522 292 1606 319 aliena
1629 291 1663 318 ab

876 339 934 373 ipso
958 343 1004 366 aut
1023 345 1071 372 per
1089 338 1204 373 gratiam
1227 337 1336 370 collata,
1364 337 1411 364 Sed
1431 338 1538 371 propria
1564 337 1662 371 ipsius,

874 383 1009 418 quomodo
1029 391 1081 410 non
1102 383 1264 417 persuadeat
1289 382 1366 410 nobis
1381 382 1452 417 quod
1476 382 1544 408 Deus
1561 386 1620 408 ιιι-ιιι
1635 381 1662 408 in

876 431 960 456 forma
980 435 1080 457 nostra:
1098 429 1178 455 simili
1195 434 1220 455 et
1236 427 1320 455 Filius
1336 435 1398 455 vere
1413 428 1530 463 supremi
1547 427 1610 455 Dei?

911 520 939 546 Β.
958 519 1037 552 Suos,
1053 520 1184 554 inqttiunt,
1203 519 1310 553 angelos
1324 525 1385 546 esse
1401 517 1478 551 dixit,
1494 521 1520 545 et
1534 517 1662 545 miracula

873 565 969 598 edidit,
986 566 1021 592 ob
1045 565 1198 593 inhabitans
1217 567 1242 591 in
1259 573 1288 592 se
1306 564 1421 592 Verbum
1432 584 1439 596 ,
1455 564 1566 599 gloriam
1583 571 1660 591 suam

873 616 899 638 et.
917 612 970 638 vim
987 616 1066 646 atque
1080 611 1226 639 eiiicnciam
1243 611 1295 647 ipsi
1310 611 1443 639 tribuens.
1469 611 1606 646 Scriptum
1620 615 1661 637 est

872 658 966 685 enim:
995 668 1004 684 ι
1036 657 1127 686 Jesttm
1157 657 1339 690 Nazarenum,
1370 658 1447 685 unxit
1478 658 1565 692 ipsum
1591 656 1660 684 Deus

873 703 974 738 Spiritu
984 709 1077 732 sancto
1085 710 1112 731 et
1124 704 1231 735 virtute,
1243 709 1271 731 et
1282 705 1405 732 transivit
1413 704 1510 738 juvans
1521 707 1547 732 et
1560 710 1660 731 sanans

872 757 965 777 omnes
991 751 1117 778 obsessos
1133 758 1147 777 a
1165 749 1280 777 diabolo‘
1298 748 1318 777 '.
1336 759 1345 776 ι
1364 749 1466 778 Unctus
1495 750 1584 782 itaque
1606 749 1660 776 vir-

874 801 929 823 tute
945 801 971 822 et
986 795 1098 830 Spiritu,
1115 795 1243 822 miracula
1262 795 1365 822 edebat.

907 933 952 959 Ait
983 932 1201 968 sapientissimus
1226 932 1348 960 Paulus:
1369 941 1378 958 ι
1397 932 1449 960 Sed
1478 932 1557 960 nobis
1584 941 1656 960 unus

873 978 945 1006 Deus
973 977 1064 1013 Pater,
1094 987 1127 1006 ex
1151 988 1205 1014 qtto
1221 979 1324 1009 omnia.
1349 984 1376 1006 et
1393 987 1443 1007 nos
1466 986 1501 1006 ex
1532 979 1613 1014 ipso:
1631 984 1658 1007 et

874 1033 944 1053 unus
968 1025 1098 1053 Dominus
1125 1025 1205 1054 Jesus
1228 1026 1372 1058 Christus,
1395 1033 1443 1060 per
1457 1033 1537 1062 quem
1553 1027 1655 1058 omnia,

873 1076 899 1097 et
925 1078 974 1097 nos
999 1079 1048 1106 per
1063 1071 1151 1106 ipsam
1165 1072 1186 1100 ³.
1204 1082 1213 1097 ι
1238 1072 1382 1106 Quomodo
1410 1072 1502 1107 igitur,
1531 1073 1657 1105 obsecro,

873 1124 921 1150 per
944 1117 1080 1144 hominem
1108 1123 1172 1145 sunt
1200 1118 1311 1146 omnia?
1338 1126 1419 1153 quam
1447 1126 1510 1146 vero
1527 1119 1563 1146 ob
1590 1127 1657 1147 can-

872 1170 929 1189 sam
957 1163 1112 1191 immediate
1143 1169 1172 1191 ut
1199 1164 1283 1192 Filius
1309 1163 1381 1192 Patri
1406 1165 1582 1200 adiungitur,
1609 1173 1658 1191 ne-

874 1208 942 1235 mine
957 1208 1178 1236 interveniente?
1193 1210 1292 1237 deinde
1306 1210 1418 1238 ubinam
1435 1211 1543 1238 tandem
1552 1211 1655 1245 linige-

869 1262 954 1289 nitum
980 1258 1187 1292 collocabimus,
1205 1259 1227 1286 si
1252 1258 1388 1286 hominem
1417 1258 1443 1286 in
1461 1258 1545 1293 ipsius
1569 1258 1655 1286 locum

869 1307 1008 1334 evehiutus
1025 1314 1033 1338 ;
1050 1304 1217 1340 etquidem,
1234 1309 1263 1332 ut
1278 1303 1328 1339 ipsi
1343 1303 1452 1335 volunt,
1468 1304 1494 1331 vi
1514 1311 1545 1331 ac
1557 1305 1656 1332 virtute

869 1354 902 1380 ab
916 1353 973 1387 ipso
987 1351 1141 1386 insignitum
1151 1370 1159 1383 ,
1172 1350 1310 1385 gloriaque
1336 1357 1384 1384 per
1407 1350 1492 1384 ipsum
1507 1349 1631 1378 allectum
1644 1351 1657 1378 ξ

872 1399 946 1425 Anne
960 1397 1005 1424 tibi
1021 1396 1126 1424 illorum
1141 1396 1258 1424 rationes
1275 1395 1396 1423 absurda:
1410 1400 1436 1423 et
1449 1404 1463 1422 a
1477 1403 1560 1430 scopo
1575 1397 1655 1424 aber-

870 1447 975 1474 rantes,
995 1446 1074 1475 atque
1093 1441 1160 1468 adeo
1179 1449 1192 1467 ει
1211 1441 1326 1468 veritate
1348 1448 1459 1476 prorsus
1478 1442 1585 1474 alienae,
1600 1442 1654 1470 risu

872 1489 968 1516 merito
986 1487 1152 1523 exeipientlte
1170 1487 1311 1515 videntur?
1346 1506 1354 1515 ι

902 1533 932 1562 Β.
950 1533 1064 1561 Verbum
1082 1533 1145 1565 Dei,
1162 1533 1303 1567 inquiunt,
1321 1538 1432 1560 vocatur
1450 1533 1546 1565 homo,
1563 1532 1654 1567 hujus-

866 1580 969 1607 cemodi
980 1579 1096 1614 quadam
1112 1578 1223 1605 ratione.
1240 1577 1470 1611 Quemadmodum
1484 1579 1556 1605 enim
1573 1578 1654 1605 homo

866 1625 910 1660 qui
942 1625 975 1652 ab
1007 1627 1063 1659 ipso
1082 1631 1235 1659 assumptus
1256 1629 1298 1652 est
1318 1630 1397 1653 natus
1428 1624 1535 1660 quidem
1557 1629 1599 1652 est
1627 1625 1655 1652 in

867 1672 1023 1700 Betltlehem
1037 1670 1135 1698 ludat-ae
1156 1671 1166 1686 '
1198 1680 1204 1698 :
1229 1671 1317 1699 dictus
1331 1676 1419 1699 autem
1441 1675 1484 1699 est
1500 1670 1653 1704 Nazarteus,

869 1719 938 1752 quod
953 1718 979 1744 in
999 1716 1133 1744 Nazareth
1155 1717 1288 1745 habitaret
1301 1718 1312 1733 ⁵
1340 1726 1348 1750 ;
1367 1717 1403 1745 ita
1416 1723 1443 1745 et
1456 1717 1526 1745 Deus
1537 1716 1655 1745 Verbum

870 1768 980 1790 vocatur
995 1762 1084 1795 Ιιοιιιο,
1101 1763 1163 1797 quia
1182 1762 1314 1790 inhabitat
1326 1762 1352 1789 in
1369 1762 1485 1789 homine.

896 1808 953 1836 A.0
961 1809 1041 1836 anilia
1049 1813 1210 1841 commenta,
1220 1815 1361 1843 metasque
1368 1815 1463 1843 nugas,
1473 1808 1566 1841 verba,
1575 1815 1655 1836 voces

871 1861 1055 1890 praetereaque
1069 1855 1151 1882 nihil!
1167 1854 1307 1889 Evigilate,
1322 1855 1470 1887 temulenti,
1484 1862 1518 1882 ex
1532 1855 1593 1882 vino
1606 1863 1655 1882 ve-

871 1904 939 1932 suo,
950 1899 1046 1926 merito
1052 1899 1112 1934 quis
1124 1899 1257 1927 haereticis
1263 1899 1402 1928 occlamet.
1411 1900 1480 1934 Quid
1579 1900 1655 1928 veri-

872 1945 919 1972 tati
935 1945 988 1971 vim
1004 1944 1132 1972 iniertis?
1152 1950 1180 1973 et
1194 1945 1346 1973 divinorum
1358 1945 1511 1981 dogmatum
1527 1946 1654 1973 virtutetn

869 1991 1066 2023 subvertentes,
1081 1998 1096 2018 a
1108 1991 1149 2018 vin
1163 1990 1236 2024 regia
1245 1989 1386 2018 deﬂectitis
1398 1989 1511 2025 iNeque
1529 1990 1614 2022 enim,
1626 1994 1655 2018 ut
1708 1984 1711 1986 ’

866 2033 982 2066 videtur,
993 2031 1109 2060 Verbum
1119 2039 1183 2059 caro
1193 2031 1291 2059 factum
1299 2036 1349 2064 est,
1358 2033 1404 2059 sed
1419 2032 1507 2067 potius
1516 2032 1660 2068 ἀνθρωπο-

866 2077 990 2112 πολίτης,
1000 2077 1049 2104 hoc
1063 2083 1114 2110 est,
1125 2077 1244 2104 hominis
1255 2077 1354 2110 incola,
1363 2082 1390 2104 et
1403 2078 1567 2105 conveniens
1576 2077 1657 2106 fuerit

867 2123 940 2150 illum
954 2130 1005 2150 non
1020 2123 1154 2150 hominem
1167 2123 1213 2150 sed
1231 2123 1379 2150 humanum
1391 2129 1487 2151 vocare
1503 2132 1510 2150 :
1529 2124 1658 2157 quemad-

34 2171 108 2196 ταῖον
135 2169 247 2203 μᾶλλον,
269 2169 319 2195 οὐκ
332 2168 474 2204 ἄνθρωπον
486 2167 679 2202 ὀνομάζεσθαι,
698 2165 821 2202 καθάπερ

898 2167 979 2195 odum
987 2172 1014 2196 et
1024 2168 1070 2203 qui
1078 2167 1214 2195 Nazareth
1223 2167 1385 2195 inhabitavit
1398 2167 1555 2197 Nazarenus
1569 2170 1656 2197 dictus

34 2197 199 2250 [μέλει-καὶ
214 2217 228 2242 ὁ
240 2197 413 2250 ’κατοικήσας
432 2214 481 2249 τὴν
504 2197 647 2248 Ναζαρὲτ,
665 2197 821 2248 Ναζωραίοξ

899 2217 919 2246 t,
938 2220 990 2240 non
1005 2212 1150 2240 Nazareth.
1165 2211 1291 2246 Quinimo
1300 2212 1367 2240 nihil
1382 2220 1493 2247 prorsus
1507 2213 1655 2246 obstiterit,

34 2263 209 2297 bvdpactat,
225 2261 272 2288 καὶ
284 2262 313 2288 οὐ
334 2260 470 2295 Ναζαρέτ.
491 2260 585 2296 Εῐργει
600 2260 639 2292 δὲ,
653 2257 741 2295 οἶμαι,
759 2268 821 2286 παν·

912 2263 1093 2287 contmeutum
1110 2258 1215 2285 illorum
1232 2266 1324 2285 verum
1338 2263 1395 2291 est,
1415 2259 1551 2286 hominem
1567 2260 1657 2287 vocari

34 2308 117 2339 ςελῶς
134 2307 225 2339 οὐδὲν,
237 2306 316 2342 εἴπερ
333 2304 362 2333 εὖ
379 2305 451 2341 ἔχειν
467 2305 566 2332 οἴονται
581 2304 612 2331 τὸ
628 2304 720 2338 σφίσιν
733 2305 821 2336 αὐτοῖς

898 2313 920 2332 ta
936 2313 995 2333 cutn
1006 2305 1074 2332 Filio
1081 2304 1161 2332 etiam
1174 2303 1281 2331 Patrem
1291 2308 1317 2330 et
1327 2303 1458 2339 Spiritum
1468 2305 1657 2332 sanctutttJla-

34 2351 173 2382 ισυνὲτως
197 2350 389 2386 ἐξευρημένον,
406 2349 551 2385 ἄνθρωπον
574 2348 755 2384 ὀνομάζεσθαι
777 2348 821 2375 σὺ»

898 2355 935 2378 tat
948 2350 1019 2378 enitn
1036 2350 1062 2377 in
1077 2349 1155 2377 nobis
1170 2357 1218 2384 per
1232 2349 1375 2384 Spiritum,
1388 2355 1490 2376 sancta:
1504 2355 1532 2376 et
1543 2352 1659 2377 consub-

34 2397 88 2432 ι’ῐῷ
109 2397 159 2423 τὸν
186 2397 296 2432 Πατέρα
317 2397 366 2423 καὶ
379 2396 489 2432 προσέτι
513 2395 543 2422 τὸ
562 2395 673 2430 Πνεῦμα
693 2395 723 2421 τὸ
739 2395 816 2428 ἅγιον

898 2397 998 2425 tntialis
1007 2395 1148 2424 Trinitatis
1160 2394 1389 2430 plenitudo.Unde
1400 2400 1426 2422 et
1441 2394 1538 2423 Paulus
1549 2395 1637 2430 inquit
1651 2404 1658 2423 :

34 2444 168 2470 (amt.st
183 2443 236 2478 γὰρ
250 2443 279 2470 ἐν
294 2443 359 2479 ἡμῖν
379 2442 422 2469 διὰ
435 2441 482 2469 τοῦ
498 2441 666 2476 Πνεύματος,
685 2442 735 2476 τῆς
747 2441 821 2475 ἁγίας

898 2445 937 2471 An
963 2444 1074 2471 nescitis
1092 2443 1161 2477 quod
1180 2442 1307 2476 templum
1324 2442 1371 2469 Dei
1399 2442 1478 2476 estis,
1499 2446 1526 2470 et
1543 2441 1660 2477 Spiritus

34 2499 54 2516 's
74 2490 126 2516 καὶ
148 2489 295 2525 όμοουσίου
311 2489 426 2524 Τριάδος
448 2489 480 2515 τὸ
495 2489 640 2524 πλήρωμα.
659 2488 713 2514 Καὶ
730 2487 795 2521 γοῦν
815 2487 821 2512 ί

898 2491 914 2518 ti
931 2490 1062 2518 inhabitat
1076 2489 1102 2517 in
1118 2489 1194 2517 vobis
1222 2488 1232 2503 ⁸
1248 2487 1260 2515 ?
1274 2497 1283 2514 ι
1306 2488 1374 2521 Quin
1390 2493 1418 2516 et
1446 2489 1563 2523 ipsemet
1579 2488 1658 2516 Chri-

34 2535 140 2568 Ιαῦλὸς
157 2544 254 2571 φησιν·
273 2545 282 2562 ι
298 2537 355 2563 Οὺκ
368 2535 457 2563 οἴδατε
471 2536 512 2562 ὄτι
528 2535 592 2567 ναὸς
608 2534 676 2561 Θεοῦ
690 2536 762 2566 ἐστε,
778 2533 821 2561 καῖ

898 2545 925 2564 us
939 2543 946 2562 :
964 2545 974 2561 ι
991 2535 1019 2563 Si
1036 2536 1095 2570 quis
1105 2540 1178 2562 amat
1193 2542 1246 2567 me,
1262 2541 1416 2562 sermonem
1432 2541 1519 2561 meum
1531 2535 1658 2563 servabit.

34 2582 54 2608 νὺ
83 2582 206 2617 Πνεῦμα
228 2582 275 2609 τοῦ
295 2581 363 2609 Θεοῦ
377 2583 500 2609 κατοικεῖ
519 2582 549 2608 ὲν
570 2581 650 2616 ὐμῑν;
670 2590 678 2605 ι
701 2580 756 2608 Καὶ
777 2579 821 2615 μὴι

901 2581 981 2608 Pater
1000 2587 1075 2608 meus
1087 2579 1176 2615 diliget
1191 2587 1252 2607 eum
1263 2599 1271 2613 ,
1283 2584 1311 2607 et
1321 2580 1473 2613 veniemus,
1489 2587 1521 2607 ac
1541 2581 1659 2608 mansio-

34 2629 74 2655 ιαὶ
91 2628 206 2660 αὑτὸςό
218 2629 335 2664 Χριστὸς
344 2650 352 2662 ,
365 2638 374 2654 ι
387 2629 451 2656 Ἐὰν
463 2637 504 2660 τις
519 2628 615 2663 ἀγαπᾷ
631 2636 674 2663 με.
693 2627 738 2654 τὸν
752 2627 821 2661 λόγοι

898 2634 929 2654 ιιι]
948 2626 1018 2662 apud
1031 2634 1092 2653 eutn
1108 2625 1238 2653 faciemus
1273 2627 1294 2652 ⁷.
1314 2635 1324 2652 ι
1345 2625 1477 2654 Caeterum
1493 2625 1574 2653 Pater
1588 2626 1660 2653 nulla

34 2684 81 2702 ιου
97 2676 235 2712 τηρήσει,
251 2676 298 2703 καὶ
310 2676 324 2702 ό
339 2676 434 2711 Πατήρ
456 2684 505 2710 μου
521 2675 662 2710 ἀγαπήσει
676 2675 766 2707 αὑτὸν,
784 2674 821 2701 κα

901 2673 972 2701 tione
993 2672 1081 2700 dictus
1101 2677 1144 2700 est
1169 2672 1266 2703 Immo,
1288 2675 1317 2698 ut
1333 2679 1382 2699 nec
1404 2671 1520 2706 Spiritus
1537 2677 1659 2704 sanctus,

34 2723 220 2756 .λευσόμεθα,
245 2723 293 2749 καὶ
317 2722 401 2756 μονὴν
433 2722 498 2756 παρ’
517 2722 591 2756 αὐτῷ
618 2720 798 2754 ποιησόμεθα.

898 2718 930 2745 tia
944 2718 970 2745 in
993 2717 1071 2745 nobis
1089 2716 1253 2745 habitarunt.
1280 2716 1333 2744 Sed
1349 2717 1463 2744 irrident
1479 2718 1521 2744 isti
1536 2718 1661 2745 incarna-

59 2798 67 2814 ‘
87 2798 178 2850 Ituran.
192 2806 217 2829 κ,
233 2797 277 2825 57.
315 2797 396 2824 ‘Act.
410 2804 436 2828 λ,
452 2795 496 2822 58.
535 2796 546 2812 ³
566 2793 653 2822 lCur.
666 2802 725 2826 vnt,
741 2793 767 2820 6.
810 2793 820 2810 ⁵

898 2794 929 2821 .lt.
950 2802 976 2826 tt,
995 2794 1018 2821 5.
1057 2794 1066 2809 ⁵
1081 2795 1149 2823 Luc.
1162 2803 1190 2829 tt,
1205 2795 1250 2823 5|.
1288 2797 1297 2811 ‘
1311 2796 1321 2823 Ι
1336 2795 1399 2824 Cor.
1413 2805 1454 2831 ιιι,
1474 2797 1517 2826 16.-
1556 2798 1660 2828 "Joan.
1680 2791 1684 2794 ’

38 2842 78 2863 ιν,
106 2842 154 2860 2.).

198 2882 331 2911 ΙιΑτιιοιι.
353 2880 411 2910 GR.
433 2878 562 2909 CXXX.
722 2886 724 2889 ‘
1439 2879 1473 2909 31
