1874 3076
182 157 236 188 959

798 154 994 185 EUTHYMII
1014 151 1195 185 ZlGABENI

1774 153 1822 184 960

182 213 269 248 ipsum
289 211 428 247 proprium
445 209 557 244 faciens,
575 211 602 238 in
622 210 681 246 ipso
696 216 792 245 sponte
811 218 858 238 sua
876 218 949 245 pasSt

1061 201 1282 244 tooxuvotituwc;
1302 208 1317 235 ό
1335 207 1463 244 σύνεδρος
1475 207 1516 243 τῷ
1537 207 1644 243 Haupt;
1673 208 1753 236 Ἀλλ’
1770 209 1823 235 ἐστι

180 263 233 291 est,
251 262 278 285 et
293 262 404 293 propter
429 261 543 284 mortem
563 264 690 292 suprema
707 257 793 291 gloria
809 263 971 289 coronatur.

181 310 211 332 ut
231 305 276 338 qui
295 308 382 331 uiorte
399 311 448 331 sua
474 308 589 330 mortem
607 303 784 334 destruxerit.
810 306 837 330 et
859 310 973 338 corrup-

182 352 282 378 tionem
294 351 439 378 invalidam
449 349 579 382 ell'eeerit,
589 350 687 384 quippe
703 349 749 384 qui
762 349 819 384 ipsa
828 353 870 377 est
883 349 974 376 incor-

182 399 272 432 rttplio
288 403 369 432 atque
382 396 568 429 vita.Quando
584 397 666 431 igitur
681 395 773 424 Jesum
791 397 925 427 nominat.
945 400 973 424 et

181 445 315 482 init-orem
344 443 447 478 angelis
461 443 561 470 factum
575 443 650 474 dicit,
668 443 754 477 ipsutn
768 450 821 469 noti
835 442 972 470 licuiinetn

181 498 228 525 per
238 498 267 518 se
275 490 413 525 sigillatim
425 490 610 525 intelligimus,
623 489 669 517 sed
684 488 868 524 Unigenitum,
877 489 974 517 salutis

182 538 307 564 humana».
316 536 440 569 consilio,
466 536 625 570 praestantia
638 535 743 564 sanctis
760 535 863 570 angelis
871 537 973 562 ceden-

179 586 244 614 tem.
257 583 319 618 quia
334 590 397 610 vere
424 582 513 610 factus
527 581 585 616 {est
613 581 707 614 homo,
742 582 787 616 qui
816 581 971 617 angelorum

181 628 297 656 vincitur
311 627 484 656 excellentia.
500 627 567 661 Qua:
579 626 688 661 quidem
701 627 865 655 excellentia
895 627 922 654 in
940 634 972 654 eo

178 674 229 702 sita
242 678 295 707 est,
308 674 380 708 quod
392 678 419 702 et
432 674 523 702 carnis
535 679 562 701 et
576 673 671 701 mortis
683 678 808 708 expertes
821 678 893 705 sunt.
911 681 972 700 cttm

179 720 322 755 utriusque
333 725 444 755 propter
458 720 639 748 voluntariam
656 720 869 748 exinanitioncm
887 719 972 748 Filius

179 767 318 801 particeps
329 773 390 800 esse
405 766 530 794 voluerit.
555 766 590 793 At
607 767 652 801 qni
674 771 785 801 propter
796 769 973 794 humanitatis

177 813 360 841 conditionem
374 813 478 847 angelis
493 813 574 848 paulo
589 812 678 839 ntin0r
694 811 808 840 euectus
825 816 881 845 est,
897 813 919 840 is
945 813 971 840 in

178 859 338 887 excellentia
353 859 504 887 divinitatis
531 859 666 886 exsisteus
688 860 721 886 ab
737 858 792 886 illis
806 859 973 887 adoraturct

1026 256 1117 292 σαφὴς
1131 256 1148 292 ἡ
1164 255 1309 292 πρότασις.
1320 254 1458 282 Καθίκετο
1468 254 1525 290 γὰρ
1537 255 1566 281 ἐν
1578 255 1637 286 τοῖς
1651 255 1708 289 τῆς
1722 255 1826 290 ἀνθρω-

1025 303 1143 337 πὸτητος
1159 303 1271 337 μέτροις
1287 301 1334 328 καὶ
1347 301 1379 328 τὺ
1393 301 1581 336 ἀποθνήσκειν
1596 301 1729 336 πεφυκὸς
1747 302 1824 336 σῶμα

1024 348 1126 382 λαϐὼν,
1143 348 1207 375 ῐδιόν
1223 357 1252 375 τε
1269 347 1346 384 αὺτῷ
1363 348 1563 383 ποιησάμενος,
1577 348 1606 375 ιν
1623 348 1706 384 αὺτῷ
1721 349 1825 375 πέπον-

1024 394 1071 421 θεν
1083 394 1166 426 ἑκὼν,
1186 394 1234 422 καὶ
1245 395 1308 426 ταῖς
1322 395 1455 422 ἀνωτάτω
1468 395 1559 428 δόξαις
1574 395 1770 430 στεφανοῦται
1784 397 1824 423 δή

1024 441 1055 468 τὸ
1068 441 1165 475 πάθος,
1180 440 1218 473 ὼς
1229 440 1264 468 δι’
1277 440 1362 468 αὐτοῦ
1374 442 1555 478 καταργήσας
1566 441 1613 468 τὸν
1619 442 1762 474 -θάνατον,
1778 444 1825 469 καὶ

1024 487 1166 521 ἄπρακτον
1177 488 1321 523 ἀποφήνας
1332 488 1382 523 τὴν
1393 487 1506 523 φθοράν.
1521 487 1569 515 ἀτε
1579 487 1612 523 δὴ
1627 490 1676 515 καὶ
1688 488 1824 524 ὑπάρχων

1023 533 1163 570 ἀφθαρσία
1180 534 1228 560 καὶ
1242 533 1311 569 ζωή.
1333 533 1420 561 Ὅταν
1433 531 1478 561 οὖν
1498 533 1604 569 Ἰησοῦν
1615 534 1760 570 ὀνομάζῃ,
1779 535 1824 561 καὶ

1023 580 1197 616 ὴλαττῶσθαι
1211 580 1280 617 λέγῃ
1293 580 1371 616 παρὰ.
1383 581 1446 612 τοὺς
1457 580 1591 615 ἀγγέλους
1603 581 1701 615 αὑτὸν,
1715 582 1768 608 οὐκ
1783 583 1825 610 ἄν-

1025 626 1136 661 θρωπον
1152 626 1205 654 ἀνά
1222 626 1306 662 μέρος
1325 627 1374 654 καὶ
1393 627 1504 659 ίδικῶς,
1524 627 1584 654 ἀλλ’
1600 627 1684 656 αὐτὸν
1706 628 1824 664 νοοῦμεν

1024 670 1069 698 τὸν
1085 671 1226 708 Μονογενῆ
1247 672 1466 707 παραχωροῦντα
1488 673 1518 699 τὸ
1534 672 1665 709 προῦχειν
1679 673 1822 709 οἰκονομι-

1024 715 1080 748 κῶς
1091 717 1148 749 τοῖς
1160 717 1248 752 ἁγίοις
1258 718 1396 752 ἀγγέλοις,
1406 718 1448 745 ὅτι
1458 718 1574 755 ἀληθείᾳ
1585 719 1703 752 γέγονεν
1715 719 1823 754 ἀνθρω-

1025 769 1075 794 πος
1093 763 1107 789 6
1124 763 1173 799 τῆς
1188 763 1303 791 ἐκείνων
1324 764 1463 800 ὑπεροχῆς
1485 764 1654 800 ἡττώμενος.
1670 765 1715 793 Τὰ
1727 766 1758 793 δὲ
1772 766 1823 801 τῆς

1024 808 1075 836 tim
1081 810 1164 845 ροχῆς
1173 811 1229 843 τοῖς
1237 810 1326 846 ἁγίοις
1334 811 1471 846 ἀγγέλοις,
1478 812 1519 838 δτι
1530 811 1577 838 καὶ
1584 811 1637 845 ἔξω
1647 812 1766 847 σαρκδς,
1775 814 1823 839 καὶ

1023 856 1070 883 τοῦ
1082 857 1211 885 τεθνάναι
1224 858 1367 894 κρείττους
1380 858 1445 891 εἰσὶ,
1456 858 1599 892 γεγονότος
1610 861 1640 886 ἐν
1653 860 1767 891 τούτοις
1774 861 1822 886 τοῦ

178 907 255 931 sedet
265 905 292 932 in
306 905 429 938 sedibus,
445 912 513 939 quas
534 903 570 931 illi
586 904 766 934 constituunt.
778 911 842 932 eum
858 911 949 940 nempe

1061 905 1082 931 ιῦ
1107 904 1151 932 διὰ
1175 905 1225 940 τὴν
1245 905 1370 932 ἑκούσιον
1391 905 1518 933 κένωσιν.
1547 905 1617 932 Ἀλλ·
1637 906 1653 932 ό
1679 905 1773 941 βραχύ
1796 916 1822 932 τι

181 951 368 979 collaudantes
380 956 407 979 et
421 956 585 986 potestatum
603 950 744 977 Dominum
761 950 938 985 appellantes.

1028 951 1092 988 παρ’
1123 950 1256 985 ἀγγέλους
1279 950 1473 986 ὴλαττωμένος
1503 950 1548 978 διά
1566 959 1598 985 γε
1626 951 1659 978 τὸ
1687 953 1743 986 τῆς
1773 952 1820 978 ἀν-

179 998 356 1034 θρωπότητος
387 998 501 1034 μέτρον,
534 998 563 1024 έν
597 997 721 1033 ὑπεροχῇ
751 997 878 1033 θεότητος
909 998 966 1032 ὣν,
986 999 1181 1035 προσκυνεῖται
1193 997 1259 1034 παρ’
1274 998 1376 1030 αὐτῶν,
1392 998 1440 1025 καὶ
1471 997 1611 1034 ἐνίδρυται
1642 996 1759 1030 θώκοις,
1775 998 1821 1030 οὒς

179 1045 359 1080 περιεστᾶσιν
378 1046 478 1072 ἐκεῖνοι
497 1046 703 1080 δοξολογοῦντις
719 1046 775 1080 ἀεὶ,
794 1047 841 1073 καὶ
853 1046 909 1073 τῶν
922 1046 1066 1083 δυνάμεων
1080 1046 1161 1074 αὐτὸν
1175 1046 1358 1082 ὀνομάζοντες
1372 1046 1488 1082 Κύριον.

179 1101 306 1137 Ejusdem
322 1111 354 1130 ea:
368 1102 447 1134 libra.
461 1103 505 1137 qui
524 1111 557 1130 es
572 1104 776 1139 interrogatione
787 1105 968 1132 remansione-

486 1146 534 1165 aue
548 1144 662 1166 τοηιιοῐ.

215 1184 282 1211 Nam
293 1185 503 1219 genuitquidcm
513 1186 584 1213 Deus
592 1194 623 1213 ac
631 1186 710 1213 l’ater
720 1185 816 1214 Filiqu
824 1195 857 1214 cx
868 1194 972 1222 seipso,

180 1233 360 1264 generatione
375 1239 438 1259 una.
458 1233 594 1260 (laterum
609 1232 710 1268 placuit
727 1233 751 1260 ei
770 1234 924 1261 instaurare
942 1236 969 1261 in

180 1277 239 1312 ipso
247 1285 333 1313 genus
347 1278 498 1306 humanum
509 1285 556 1313 per
569 1278 783 1307 incarnationem
797 1279 855 1307 εἰιο
871 1280 969 1307 buma-

181 1326 332 1358 nationcm,
359 1333 442 1360 quam
463 1326 577 1354 omnino
603 1326 660 1354 ﬁeri
677 1327 795 1361 oportuit
825 1335 874 1362 per
902 1327 972 1355 nati-

180 1371 293 1398 vitatem
315 1379 349 1399 ex
370 1371 504 1405 muliere,
523 1378 553 1399 ut
581 1379 630 1407 per
651 1372 858 1402 similitudinem
887 1381 969 1409 quam

186 1419 325 1448 nobiscum
340 1418 421 1446 habet
430 1417 546 1446 Verbum
559 1425 595 1445 ex
611 1417 666 1445 Deo
680 1421 784 1450 ortum,
805 1416 971 1445 condemne-

187 1470 230 1493 tur
246 1465 355 1501 quidem
369 1464 395 1492 in
405 1463 534 1491 membris
550 1463 642 1490 carnis
666 1467 768 1490 nostrae
791 1461 833 1489 lex
848 1463 969 1497 peccati;

186 1509 214 1538 in
233 1509 411 1538 similitudine
428 1512 519 1536 autem
533 1507 629 1536 mortis
650 1506 710 1541 ejus
721 1507 766 1542 qui
789 1512 903 1534 mortem
916 1515 969 1534 non

186 1554 272 1587 novit,
286 1557 433 1582 evacuetur
447 1559 531 1581 mors.
548 1560 558 1578 ι
577 1550 606 1579 St
619 1551 690 1579 enim
707 1550 881 1586 eomplantati
907 1551 971 1579 tacti

187 1607 291 1632 sumus,
307 1598 406 1633 inquit,
429 1596 599 1626 similitudini
622 1596 720 1625 mortis
748 1595 806 1630 ejus
823 1596 924 1624 :simul
945 1601 973 1624 et

187 1643 378 1672 resurrectioni
393 1642 496 1670 erimus
522 1641 543 1670 ⁸.
563 1650 573 1667 ι
595 1640 755 1669 Necessario
769 1641 860 1676 itaque
880 1641 904 1669 is
926 1641 972 1676 qui

185 1696 293 1724 semper
307 1689 424 1722 exsistit.
441 1692 567 1716 natusest
584 1687 733 1715 secundum
745 1695 866 1720 carnem,
879 1693 971 1715 nostra

185 1736 212 1763 in
225 1736 341 1770 seipsum
358 1734 534 1768 transferens,
551 1738 582 1762 ut
600 1733 727 1761 nimirum
742 1734 878 1769 genimina
910 1741 972 1761 car-

186 1781 239 1813 nis,
251 1781 303 1808 hoc
316 1784 367 1813 est.
380 1787 440 1813 nos,
453 1778 619 1814 corruptioni
635 1778 834 1814 perditionique
849 1778 970 1812 obnoxii,

185 1834 344 1856 maneamus
355 1826 383 1854 in
411 1825 481 1861 ipso,
510 1824 609 1860 quippe
630 1824 687 1860 qui,
709 1832 770 1859 qua:
785 1829 878 1852 nostra
896 1829 968 1858 sunt,

185 1872 294 1908 propria
308 1872 360 1901 sibi
377 1871 483 1905 fecerit,
495 1875 522 1898 et
536 1877 585 1898 sua
599 1869 688 1898 nobis.
704 1870 817 1906 Propter
832 1877 881 1899 nos
896 1871 969 1898 enim

185 1919 268 1954 eguit,
286 1926 347 1946 eum
373 1921 447 1946 esset
474 1916 564 1949 dives,
596 1920 625 1943 ut
647 1915 789 1952 nosipsius
800 1916 889 1950 inopia
901 1917 970 1944 dites

185 1964 362 1992 evaderemus
388 1962 409 1991 '.
423 1962 473 1996 Qui
486 1969 551 1989 vero
579 1965 705 1989 asserunt
729 1968 782 1988 non
802 1961 889 1995 ipsum
905 1960 971 1988 Ver-

185 2010 248 2038 bum
263 2017 296 2038 ex
308 2009 363 2037 Deo
379 2008 481 2036 factum
494 2014 555 2035 esse
569 2014 677 2035 carnem
686 2014 718 2034 ex
732 2006 854 2039 muliere,
862 2014 970 2034 omnem

185 2055 392 2084 salutisuostrat
415 2053 648 2089 dispensationem
673 2052 782 2081 tollunt.
810 2052 868 2080 Nisi
897 2052 970 2080 enim

186 2102 262 2130 dives
276 2108 336 2129 cum
352 2104 425 2129 esset
438 2099 522 2134 eguit,
529 2105 583 2134 prae
594 2099 726 2126 immensa
741 2105 790 2126 sua
804 2098 971 2133 benignitate

186 2153 217 2174 se
235 2145 270 2174 ad
284 2149 376 2173 nostra
385 2144 542 2178 demittens,
559 2151 594 2171 ne
607 2151 655 2171 nos
674 2143 783 2179 quidem
798 2150 859 2178 qua:
885 2143 970 2178 ipsius

186 2196 249 2220 sunt
260 2190 398 2220 consecuti
411 2197 505 2219 sumus
519 2199 527 2218 :
540 2190 586 2218 sed
601 2189 687 2217 adhuc
699 2189 727 2217 in
743 2189 827 2217 veleri
851 2194 972 2224 egestate

185 2245 339 2270 versamur,
364 2236 602 2271 exsecrationique
629 2239 658 2263 et
685 2234 769 2263 morti
795 2242 826 2262 ac
858 2240 970 2269 peccato

184 2282 296 2311 obnoxii
308 2289 413 2311 sumus.
437 2281 505 2309 Nam
531 2288 564 2309 eo
594 2281 652 2316 ipso
681 2281 752 2316 quod
773 2280 890 2309 Verbum
908 2288 971 2309 caro

185 2330 287 2357 factum
305 2333 356 2363 est,
369 2327 474 2356 sublata
487 2331 550 2355 sunt
568 2334 600 2355 ea
614 2335 676 2362 qua
686 2335 719 2355 ex
736 2327 928 2355 maledictione
943 2332 972 2354 et

185 2374 412 2403 condemnatione
429 2374 555 2401 humana
567 2378 672 2401 naturae
700 2373 866 2401 acciderant.
897 2372 971 2406 Quo-

185 2421 261 2448 circa
277 2420 300 2448 si
314 2418 410 2448 salutis
423 2423 524 2447 nostrae
539 2418 659 2446 radicem
679 2419 843 2451 convellunt,
871 2423 898 2446 et
913 2419 969 2454 spei

185 2471 286 2494 nostra;
294 2465 500 2493 fundamentum
527 2465 698 2497 subvertunt,
711 2464 775 2500 quid
800 2465 927 2500 deinceps
940 2464 973 2491 de

186 2512 264 2541 nobis
276 2511 340 2539 (let?
361 2510 427 2538 Nam
440 2511 462 2539 si
477 2510 597 2538 Verbum
611 2517 677 2538 caro
693 2510 792 2537 factum
805 2517 859 2537 non
882 2515 933 2543 est,
943 2513 973 2537 ut

185 2557 252 2589 dixi.
269 2564 303 2585 ne
317 2557 413 2584 mortis
429 2556 537 2591 quidem
562 2555 705 2590 imperium
721 2561 863 2582 excussum
875 2559 926 2585 est,
942 2558 970 2582 et

184 2607 325 2638 peccatum
351 2602 422 2630 nulla
432 2602 536 2628 ratione
553 2600 682 2628 abolitum
702 2600 793 2633 fuerit,
817 2600 863 2628 sed
885 2599 974 2628 adhuc

185 2648 269 2683 primi
280 2647 410 2684 parentis,
428 2648 479 2675 ltoc
492 2651 544 2681 est,
557 2646 664 2679 Adami,
681 2645 897 2682 praevaricationi
924 2645 971 2673 ob-

185 2694 260 2722 noxii
276 2701 379 2725 sumus,
403 2699 490 2727 neque
505 2692 531 2719 in
560 2691 697 2719 meliorem
721 2695 821 2719 statum
851 2691 972 2719 translati

181 2741 278 2761 sumus
290 2752 299 2766 ,
317 2741 366 2769 per
379 2732 518 2761 Christum
531 2751 539 2766 ,
561 2731 674 2767 inquam
687 2750 697 2766 ,
721 2733 844 2760 omnium
869 2732 967 2761 Serva—

182 2782 268 2807 lorem
273 2797 281 2806 .

220 2868 321 2896 'Rem.
335 2876 374 2903 Vt,
391 2868 420 2897 5.
456 2870 466 2886 ¹
480 2868 502 2897 ll
516 2868 580 2897 Cor.
591 2876 651 2902 1m.
664 2868 691 2897 9.
831 2843 911 2890 -θέη
929 2865 938 2874 ‘

1024 1105 1080 1133 Τοῦ
1097 1105 1192 1133 αὐτοῦ
1210 1104 1247 1133 in
1267 1104 1322 1133 τοῦ
1341 1105 1418 1168 uti?
1443 1105 1556 1133 πεῦσιν
1584 1103 1636 1133 καί
1655 1104 1825 1139 ἀπόκρισιν

1404 1149 1471 1168 του.

1404 1149 1471 1175 rev.

1061 1185 1214 1222 Γεγέννηκι
1229 1185 1280 1221 μὲν
1295 1186 1351 1223 γάρ
1362 1188 1376 1213 ὀ
1393 1186 1459 1218 Θιὸς
1474 1187 1522 1214 καὶ
1540 1186 1634 1222 [ἰατὴρ
1646 1187 1694 1213 τδν
1711 1187 1779 1214 Υἰδν
1793 1187 1823 1220 ἐξ

1024 1231 1133 1265 ἑαυτοῦ,
1145 1233 1271 1269 γεννήσει
1282 1233 1334 1269 μιᾷ
1343 1242 1350 1250 ·
1362 1233 1434 1268 πλὴν
1443 1233 1589 1268 εὐδόκησεν
1600 1234 1628 1261 ὲν
1640 1234 1718 1269 αὺτῴ
1730 1235 1762 1261 τὸ
1774 1236 1825 1262 tiu-

1023 1280 1160 1316 ορώπινον
1174 1280 1315 1308 ἀνασῶσαι
1328 1280 1522 1316 γένος,τρόπῳ
1539 1277 1579 1316 τῷ
1594 1280 1669 1308 κατὰ
1683 1280 1738 1316 τὴν
1755 1282 1825 1316 σάρ-

1018 1334 1116 1360 κωσιν,
1124 1326 1208 1362 ἧγουν
1220 1326 1437 1362 ένανθρώπησιν,
1450 1326 1486 1363 ἢν
1497 1327 1587 1362 πάντη
1599 1335 1628 1354 τε
1642 1327 1691 1354 καὶ
1705 1327 1823 1359 πάντως

1018 1373 1146 1409 γενέσθαι
1157 1372 1305 1409 tu?)va
1316 1373 1474 1409 γεννήσεως
1483 1373 1605 1410 δηλονότι
1615 1373 1667 1409 τὴν
1678 1373 1714 1400 ἐκ
1726 1381 1826 1408 γυναι-

1020 1421 1132 1453 ιὸ;,ιια
1146 1422 1178 1456 τῇ
1198 1421 1266 1457 πρὸς
1285 1419 1359 1456 ἡμᾶς
1372 1420 1506 1456 ὁμοιώσει
1522 1422 1569 1447 τοῦ
1585 1421 1616 1447 ἐκ
1630 1420 1702 1448 Θεοῦ
1719 1421 1823 1456 φύντος

1019 1467 1119 1501 Λόγου,
1135 1471 1338 1501 γατακρινηται
1358 1468 1407 1502 μὲν
1424 1467 1453 1493 ὲν
1464 1467 1521 1498 τοϊς
1536 1467 1630 1499 μέλεσι
1645 1467 1696 1502 τῆς
1718 1468 1826 1504 σαρκίς

1024 1510 1074 1545 τῆς
1088 1511 1224 1545 ἁμαρτίας
1240 1511 1254 1537 ὸ
1269 1510 1361 1546 νόμος,
1379 1511 1408 1537 ὲν
1420 1508 1573 1544 ὁμοιώματι
1585 1508 1613 1535 δὲ
1626 1508 1751 1535 θανάτου
1773 1509 1819 1536 τοῦ

1026 1556 1063 1591 μὴ
1094 1556 1195 1587 εἰδότος
1222 1555 1305 1583 αὐτὸν
1328 1554 1502 1589 καταργῆται
1527 1553 1651 1585 θάνατος.
1680 1562 1690 1578 ι
1710 1554 1747 1580 El
1765 1554 1821 1589 γὰρ

1026 1601 1164 1637 σύμφυτοι
1186 1602 1355 1637 γεγόναμεν,
1372 1600 1458 1636 φησὶ,
1474 1599 1513 1634 τῷ
1528 1598 1684 1634 ὁμοιώματι
1703 1599 1757 1626 τοῦ
1772 1600 1821 1626 θα-

1023 1647 1104 1674 νάτου
1118 1646 1200 1674 αὐτοῦ
1214 1668 1221 1680 ,
1238 1646 1304 1673 ἀλλά
1320 1645 1367 1672 καὶ
1383 1645 1432 1680 τῆς
1450 1645 1624 1676 ἀναστάσεως
1644 1644 1782 1679 ἐσόμεθα.
1807 1654 1816 1670 ι

1024 1692 1127 1719 Οὐκοῦν
1147 1692 1304 1726 ἀναγκαίως
1319 1692 1333 1718 ὁ
1347 1690 1384 1717 ὣν
1403 1690 1451 1717 καὶ
1463 1691 1478 1717 ὸ
1497 1689 1626 1725 ὑπάρχων
1648 1689 1819 1725 γεγέννηται

1023 1738 1094 1765 κατά
1111 1738 1211 1773 σάρκα,
1226 1737 1261 1764 τὰ
1278 1736 1358 1772 ἡμῶν
1375 1737 1415 1768 είς
1437 1735 1532 1762 ἑαυτὸν
1547 1735 1687 1771 μεταθεὶς,
1713 1735 1762 1762 τνα
1786 1735 1821 1762 τὰ

1025 1783 1128 1819 σαρκὸς
1140 1783 1308 1818 γεννήματα,
1321 1781 1470 1814 τουτέστιν,
1496 1781 1578 1816 ἡμεῖς
1599 1781 1624 1807 oi
1649 1781 1773 1816 φθαρτοί
1789 1789 1820 1807 τε

1024 1830 1071 1857 καὶ
1092 1828 1293 1863 ἀπολλύμενοι,
1330 1827 1456 1862 μένωμεν
1480 1827 1509 1853 ἑν
1532 1825 1617 1861 αὐτῷ,
1641 1826 1697 1853 [δια
1720 1826 1821 1853 λοιπὸν

1023 1874 1111 1910 ἔχοντι
1125 1873 1159 1901 τὰ
1179 1873 1269 1909 ἡμῶν,
1286 1872 1330 1900 ἴνα
1346 1872 1392 1900 καὶ
1411 1872 1492 1907 ἡμεῖς
1515 1870 1549 1898 τὰ
1568 1870 1661 1898 αὐτοῦ.
1684 1871 1726 1898 Δι’
1743 1873 1819 1907 ἡμᾶς

1022 1921 1078 1955 γάρ
1099 1918 1255 1954 ἐπτώχευσε
1271 1919 1398 1949 πλούσιος
1419 1917 1468 1951 ὢν,
1486 1917 1530 1944 ίνα
1552 1918 1632 1952 ἡμεῖς
1656 1918 1691 1952 τῇ
1708 1918 1818 1944 ἐκείνου

1023 1965 1146 2000 πτωχείᾳ
1158 1964 1364 2000 πλουτήσωμεν.
1379 1962 1532 1994 Φάσκοντές
1543 1970 1575 1997 γε
1588 1962 1651 1997 μὴν,
1666 1963 1719 1989 οὐκ
1734 1963 1819 1990 αὑτὸν

1020 2010 1146 2046 γενέσθαι
1165 2011 1255 2046 σάρκα
1275 2009 1320 2038 τὸν
1335 2010 1368 2036 ἐκ
1390 2009 1458 2036 Θεοῦ
1480 2007 1576 2042 Λόγον,
1595 2007 1654 2043 ἦτοι
1682 2007 1817 2042 γέννησιν

1022 2057 1168 2093 ὑπομεῖναι
1185 2056 1235 2092 τὴν
1251 2055 1322 2083 κατά
1343 2056 1433 2091 σάρκα
1458 2055 1489 2081 ὲκ
1509 2053 1646 2088 γυναικὸς,
1670 2053 1818 2089 ἀναιροῦσι

1022 2102 1072 2138 τὴν
1087 2101 1254 2137 οἰκονομίαν.
1275 2102 1306 2128 El
1322 2101 1376 2137 γὰρ
1392 2101 1429 2136 μὴ
1443 2099 1570 2131 πλούσιος
1586 2099 1624 2126 ὢν
1643 2099 1817 2134 tumIs-ns,

986 2160 1008 2188 ι)
1022 2147 1117 2180 καθεὶς
1133 2147 1228 2174 ἑαυτὸν
1241 2148 1298 2179 τοῖς
1313 2146 1373 2173 καθ’
1387 2147 1461 2182 ἡμᾶς
1473 2147 1506 2173 ἐκ
1519 2145 1740 2181 φιλανθρωπίας,
1757 2146 1817 2172 aer:

1024 2194 1105 2230 ἡμεῖς
1126 2193 1160 2220 τά
1177 2192 1260 2220 αὐτοῦ
1285 2193 1525 2228 πεπλουτήκαμεν,
1549 2191 1606 2220 ἀλλ’
1623 2191 1710 2227 ἐσμὲν
1729 2193 1760 2219 έν
1778 2191 1816 2226 τῷ

1023 2239 1172 2275 πτωχεύειν
1200 2238 1240 2267 ἔτι
1265 2239 1313 2267 καὶ
1335 2239 1390 2275 ἀρᾷ
1415 2239 1464 2266 καὶ
1485 2238 1593 2273 θανάτῳ
1617 2239 1666 2264 καὶ
1691 2238 1816 2273 ἁμαρτίᾳ

1022 2285 1206 2321 ίνισχημένοι.
1223 2285 1260 2312 Τδ
1276 2284 1373 2320 γάρτοι
1397 2284 1524 2319 γενέσθαι
1539 2284 1630 2319 σάρκα
1652 2284 1702 2310 τὸν
1718 2284 1815 2318 Λόγον,

1024 2331 1102 2358 λύσιν
1121 2331 1177 2366 ἔχει
1191 2331 1238 2358 καὶ
1253 2331 1410 2366 ἀνατροπὴν
1425 2330 1480 2358 τῶν
1492 2329 1523 2362 ἐξ
1536 2330 1606 2366 ἀρᾶς
1618 2330 1667 2356 καὶ
1682 2330 1763 2366 δίκης
1781 2331 1814 2365 τῇ

1023 2376 1071 2404 τοῦ
1100 2376 1244 2413 ἀνθρώπου
1273 2377 1353 2412 φύσει
1379 2375 1601 2411 συμϐεϐηκότων.
1631 2376 1758 2408 Οὐκοῦν,
1788 2376 1814 2402 sl

1024 2422 1236 2458 ἀναδοθρεύουσι
1251 2423 1301 2458 τῆς
1323 2422 1460 2458 σωτηρίας
1477 2420 1554 2457 ἡμῶν
1575 2420 1626 2456 τὴν
1651 2421 1750 2456 ῥίζαν,
1769 2420 1834 2448 τιαΗ

1024 2467 1070 2495 τὸν
1091 2467 1141 2502 τῆς
1158 2467 1265 2499 ἐλπίδος
1282 2467 1406 2503 θεμέλιον
1422 2466 1616 2502 ἀνορύττουσι,
1632 2467 1686 2493 ποῦ
1702 2467 1737 2494 τὰ
1758 2469 1814 2502 μετ’

1024 2513 1106 2540 αὑτὸν
1130 2513 1170 2540 ἔτι
1196 2513 1334 2546 κείσεται;
1359 2513 1397 2540 Οὐ
1420 2513 1473 2549 γάρ
1495 2513 1649 2547 γεγονότος,
1676 2513 1716 2545 ὡς
1737 2513 1811 2548 ἔφην.

1025 2558 1126 2595 σαρκὸς
1141 2558 1188 2585 τοῦ
1203 2559 1302 2593 Λόγου,
1315 2558 1377 2585 οὔτε
1395 2558 1442 2585 τοῦ
1468 2558 1583 2586 Θανάτου
1601 2559 1766 2593 κατεσείσθη
1783 2558 1814 2584 τὺ

1023 2604 1135 2639 κράτος,
1153 2604 1325 2640 κατήργηται
1345 2603 1375 2630 δὲ
1390 2604 1450 2630 κατ’
1465 2603 1561 2631 οὐδένα
1576 2604 1679 2639 τρόπον
1693 2604 1710 2639 ή
1725 2604 1808 2638 ἀμαρ-

1023 2649 1077 2682 τία,
1100 2648 1148 2677 κα)⁵
1172 2649 1257 2686 ἐσμὲν
1278 2648 1321 2677 ἔτι
1341 2649 1404 2681 ταῖς
1423 2649 1469 2676 τοῦ
1488 2648 1598 2686 πρώτου
1625 2650 1811 2685 παραδάσεστν

1024 2693 1130 2729 ἔνοχοι,
1164 2694 1304 2723 τουτέστιν
1332 2695 1440 2732 ’Δδάμ,
1468 2696 1599 2732 οὐδεμίαν
1635 2696 1810 2731 ἀναφοίτηστν

1024 2733 1132 2770 ἔχοντες
1147 2735 1188 2766 εις
1202 2735 1233 2763 τὸ
1247 2735 1371 2771 ἄμεινον,
1387 2738 1436 2775 τὴν
1447 2737 1493 2766 διά
1508 2737 1541 2774 γέ
1554 2745 1628 2773 φημι
1642 2737 1691 2766 τοῦ
1707 2739 1812 2767 πάντων

1025 2780 1041 2815 ὴ
1046 2780 1104 2815 μῶν
1120 2781 1246 2817 Σωτῆρος
1263 2782 1393 2818 Χριστοῦ.
