1874 3076
41 147 59 179 il

47 209 74 236 Β.
90 207 205 244 Συνίημι
221 209 235 237 δ
254 210 317 246 φής.

45 255 74 280 Δ.
95 255 143 286 Τίς
157 255 180 282 δ’
194 256 227 283 ἃν
241 257 288 284 καὶ
314 259 401 285 νοοττο
423 259 494 296 πρὸς
511 261 591 297 ἡμῶν
607 263 622 290 ὁ
646 264 792 300 παραπλη-

41 309 74 331 ως
87 301 151 335 ἡμῖν
167 303 344 338 μετεσχηκὼς
364 305 480 340 αἵματος
491 307 538 334 καὶ
553 309 664 344 σαρκὸς,
682 310 720 341 ὼς
734 310 792 337 ἔτε-

41 355 56 377 ;
69 345 105 373 ὣν
121 348 186 382 παρ’
201 348 273 383 ἡμᾶς
290 350 362 377 κατὰ
378 351 476 385 φύσινς
490 353 527 380 Οὐ
540 353 595 389 γάρ
610 362 651 381 τοι
668 357 735 391 φαίη
750 365 793 388 τις

41 391 188 428 νάνθρώπῳ
203 394 330 429 πρέπειν,
355 395 384 421 τὸ
407 396 615 433 άνθρωπότητος
636 402 791 436 μετασχεῖν.

41 438 111 471 ’γάρ
132 438 190 465 ἐστι
213 440 283 467 κατὰ
304 441 394 475 φύσιν,
410 442 469 475 πῶς
483 443 516 471 ἄν
529 452 571 476 τις
588 447 673 472 νοοῖτο
690 446 792 480 λαϐὼν,

41 492 47 512 ς
68 484 158 519 ἕτερον
179 485 209 511 ὃν
230 494 257 512 τι
274 487 339 523 παρ’
359 489 427 524 ὅπερ
447 490 535 523 ἑστίη
549 488 612 526 *Δρ*
631 492 661 518 οὺ
682 493 750 519 πολὺ
763 494 793 519 τὸ

41 529 80 561 κὸς
93 530 106 556 ὁ
121 531 198 565 λόγος
214 531 284 567 εχεις

46 619 73 645 Β.
93 619 166 646 Πάνυ
185 621 234 655 μὲν
250 618 306 648 οὖν.

45 665 73 691 Δ.
91 665 226 701 ’Λθρειδὲ
242 667 274 702 δὴ
295 668 342 694 καὶ
365 669 478 704 ἑτέρως,
497 670 535 702 ὡς
559 671 668 699 ἀνόσιόν
683 672 712 699 τέ
737 673 794 700 ἔστι

41 713 56 737 tl
73 713 190 748 ἀπηχὲς.
206 715 238 741 τὸ
252 715 375 752 ἀναιρεῖν
392 718 540 753 πειρᾶσθαι
555 719 602 746 τοῦ
618 720 686 747 Θεοῦ
705 721 793 755 Λόγου

41 767 58 791 ιν
84 759 114 784 ὲκ
130 760 260 793 γυναικὸς
288 762 360 789 κατὰ
388 762 478 799 σάρκα
500 764 636 800 γέννησιν.
664 766 723 793 Τίνι
740 767 794 803 γὰρ

41 804 99 839 νόπῳ
113 804 310 841 ζωοποιήσειεν
321 807 354 835 ἂν
366 808 398 835 τὸ
415 809 496 845 σῶμα
513 810 607 843 αὑτοῦ,
624 812 648 838 εί
663 812 701 848 μὴ
718 813 792 839 ἐστιν
809 811 829 839 Β

41 857 74 874 ιον
86 848 176 880 αὐτοῦ,
190 850 219 881 ὃς
233 851 292 877 ἔστι
310 851 385 887 ζωῆς
401 852 460 884 πῶς
476 853 506 880 τὺ
517 851 587 888 αἷμα
607 854 694 890 Ἰησοῦ
709 855 794 882 καθα.-

42 894 78 926 ςει
90 895 163 930 ἡμᾶς
177 896 233 922 ἀπὺ
246 898 337 932 πάσης
352 898 498 934 ἁμαρτίας,
510 899 590 935 είπερ
604 901 680 927 ἐστὶν
690 900 796 937 ἀνθρώ-

41 949 60 967 ›υ
70 941 157 968 κοινοῦ
175 942 225 968 καὶ
237 942 314 975 δντος
328 944 374 978 ὑφ’
390 945 545 980 ἀμαρτίαν;
562 946 622 978 πῶς
633 946 796 974 ἀπέστειλεν

41 985 99 1017 Θεὸς
115 987 162 1014 καὶ
175 988 274 1023 Πατὴρ
286 988 332 1015 τὸν
347 989 411 1016 Υίὺν
422 989 517 1023 αὑτοῦ,
533 991 680 1027 γενόμενον
698 992 731 1019 ὲκ
745 1000 796 1026 γυ-

41 1031 110 1063 ιικὺς,
126 1033 274 1068 γενόμενον
302 1034 355 1061 ὑπὸ
378 1035 477 1070 νόμον;
497 1036 557 1069 πῶς
579 1037 725 1074 κατέκρινε
746 1038 797 1074 τὴν

41 1078 143 1112 ιαρτίαν
158 1079 187 1106 ιν
202 1080 237 1115 τῇ
253 1079 352 1115 σαρκις
367 1081 405 1108 Οὐ
418 1082 472 1117 γάρ
487 1079 522 1118 ἦν
533 1082 678 1119 ἀνθρώπου
693 1084 795 1117 κοινοῦ,

41 1123 57 1149 ιὶ
81 1125 301 1160 τυραννουμένην
332 1126 441 1162 ἔχοντος
472 1127 532 1162 μεθ’
560 1129 640 1164 ἡμῶν
668 1129 721 1156 ὑπὸ
747 1130 797 1166 τῆς

41 1169 142 1205 ιαρτίας
161 1171 214 1205 τὴν
233 1170 326 1205 φύσιν,
346 1172 379 1199 τὸ
399 1175 563 1209 κατακρίναι
581 1174 630 1210 τὴν
646 1175 796 1211 ἁμαρτίαν.

41 1215 90 1241 ἕπε).
101 1215 128 1242 δὲ
143 1216 226 1252 σῶμα
248 1217 346 1252 γέγονε
368 1218 417 1245 τοῦ
433 1220 604 1255 πλημμελεῖν
622 1221 672 1248 οὐκ
685 1222 797 1255 εἰδότος,

41 1259 135 1296 ιύτῃτοι
155 1262 204 1289 καὶ
225 1263 299 1298 μάλα
316 1264 429 1297 εἰκότως
443 1265 494 1301 τὴν
513 1266 564 1301 τῆς
585 1267 724 1304 ἁμαρτίας
745 1268 798 1294 ἀπ-

41 1306 132 1333 τείσατο
151 1309 310 1344 τυραννίδα,
331 1311 378 1337 καὶ
403 1311 453 1346 τὴν
477 1312 595 1347 ἰδιότητα
623 1313 735 1340 πλουτεῖ
749 1314 797 1341 τοῦ

41 1352 154 1386 ρράστως
166 1354 237 1390 αὐτῇ
262 1355 310 1382 καὶ
327 1356 365 1388 ὼς
384 1356 434 1383 οὐκ
447 1357 522 1384 ἔστιν
537 1358 682 1390 ὲνωθέντος
696 1359 796 1394 Λόγου,

41 1397 89 1430 μόν
109 1407 139 1425 τε
157 1400 206 1427 καὶ
234 1400 366 1433 ζωοποιόν
394 1403 464 1434 ἐστι,
487 1404 535 1431 καὶ
558 1404 608 1440 τῆς
630 1404 798 1440 Θεοπρεποῦς

41 1444 149 1478 νεργείας
163 1445 302 1481 ἔμπλεων.
321 1447 365 1479 Ὦς
380 1448 410 1474 ὲν
424 1449 536 1485 άπαρχῇ
553 1449 581 1476 δὲ
595 1450 715 1486 Χριστῷ,
735 1459 797 1486 μετ-

41 1490 224 1526 ιτοιχειώμεθα
237 1493 285 1519 καὶ
296 1493 387 1528 ἡμεῖς,
400 1495 441 1526 είς
453 1494 484 1521 τὸ
494 1493 563 1522 εἶναι
578 1496 624 1523 καὶ
637 1495 740 1532 φθορᾶς
751 1496 799 1524 καὶ
813 1486 833 1515 c

41 1536 149 1571 μαρτίας
163 1537 331 1572 κρείττονες.
342 1539 399 1566 Καὶ
413 1539 523 1574 ἀληθὲς,
539 1541 591 1573 ὅτι,
602 1541 674 1568 κατὰ
688 1541 738 1577 τὴν
752 1541 799 1568 τοῦ

41 1583 147 1617 ακαρίου
170 1583 278 1611 Παύλου
294 1585 396 1619 φωνὴν,
416 1594 425 1611 ι
440 1585 547 1620 Ὠσπερ
558 1585 729 1621 ἔφορέσαμεν
751 1585 800 1621 τὴν

41 1627 105 1654 ,κύνα
124 1628 172 1655 τοῦ
195 1629 306 1664 χοϊκοῦ,
323 1630 478 1666 φορέσομεν
494 1631 540 1658 καὶ
564 1631 614 1667 τὴν
641 1631 733 1658 είκόνα
753 1631 800 1658 τοῦ

41 1672 184 1707 πουρανίου,
203 1682 214 1699 ι
227 1674 350 1701 τουτέστι
367 1674 495 1710 Χριστοῦ.
514 1675 688 1711 Ἐπουράνιος
706 1675 734 1702 δὲ
755 1675 802 1703 άν-

41 1725 122 1751 ρωπος
134 1719 236 1745 νοεῖται
253 1719 382 1755 Χριστὸς,
395 1721 445 1756 οὐχ
460 1720 498 1752 ὡς
513 1720 616 1748 ἄνωθεν
627 1722 693 1757 ἡμῖν
708 1722 756 1749 καὶ
773 1721 802 1755 ἐξ

41 1763 129 1797 ὕρανοῠ
146 1764 195 1799 τὴν
214 1765 304 1800 σάρκα
325 1766 509 1801 κατενεγκὼν,
531 1767 589 1794 ἀλλ’
605 1768 646 1794 ὅτι
659 1767 726 1800 Θεὸς
739 1767 776 1795 ὢν
789 1768 803 1794 ό

43 1811 111 1844 όγος,
125 1811 315 1846 καταὸέὸηκεν
331 1812 361 1845 ἐξ
371 1812 504 1849 οὐρανῶν,
518 1813 565 1840 καὶ
581 1813 631 1850 τὴν
645 1814 712 1849 πρὸς
729 1816 803 1850 ἡμᾶς

41 1857 145 1890 μαίωσιν
157 1857 294 1891 ὑπελθὼν,
304 1858 439 1890 τουτέστι,
452 1859 580 1894 γέννησιν
594 1860 743 1894 ὑπομείνας
753 1861 804 1896 τὴν

41 1902 88 1928 ατὰ
102 1902 189 1939 σάρκα
203 1904 236 1930 ὲκ
245 1903 384 1938 γυναικὸς,
395 1904 552 1940 μεμένηκεν
565 1906 633 1941 ὅπερ
647 1905 692 1941 ἢν,
701 1906 804 1933 ἄνωθεν

41 1950 137 1984 ηλονότι
147 1952 195 1979 καὶ
213 1951 242 1984 ἐξ
252 1952 384 1987 οὐρανῶν,
396 1952 444 1980 καὶ
460 1953 552 1980 ἐπάνω
561 1953 669 1981 πάντων
680 1954 718 1986 ὡς
727 1954 804 1988 Θεὸς,

42 1999 67 2023 αἰ
83 1999 150 2033 μετὰ
164 1999 277 2034 σαρκός.
298 1999 376 2026 οὕτω
397 1999 453 2035 γάρ
475 1999 526 2026 πού
537 2008 619 2035 φησιν
632 2001 647 2026 ό
662 1999 805 2032 Θεσπέσιος

41 2044 149 2080 Ιωάννης
161 2046 227 2081 περὶ
239 2046 333 2072 αὑτοῦ·
350 2055 360 2072 ι
380 2046 409 2072 '0
426 2046 529 2073 ἄνωθεν
544 2046 702 2082 ἐρχόμενος,
712 2047 805 2074 ὲπάνω

41 2090 128 2117 ῑάντων
148 2091 232 2118 ἐστίν.
249 2101 258 2118 ι
281 2092 490 2127 Ἀπομεμένηκε
514 2093 568 2129 γὰρ
584 2093 639 2119 τῶν
659 2093 727 2119 ὅλων
750 2093 806 2120 Κύ-

472 156 661 187 PANOPLIA
680 157 909 192 DOGMATICA.
925 174 960 180 --
977 162 1052 191 Tl'l‘.
1070 163 1130 194 XV.

808 219 835 251 Α
881 219 912 247 Β.
927 219 1052 257 Intelligo
1063 222 1127 257 quid
1144 222 1220 250 velis.

1577 163 1630 196 9h?

877 266 910 294 A.
930 268 997 300 Quis
1010 276 1073 295 vero
1089 269 1255 304 intelligatur
1271 277 1284 297 a
1302 270 1378 297 nobis
1392 271 1437 305 qui
1453 271 1564 305 perinde
1590 275 1631 297 at-

842 321 895 348 que
906 321 954 340 uos
967 314 1108 348 sanguinis
1133 322 1165 342 ac
1194 315 1286 342 carnis
1306 316 1440 350 particeps
1466 316 1554 343 lactus
1581 317 1628 348 sit,

844 363 970 393 tanquam
988 359 1112 387 diversus
1125 367 1139 386 a
1157 360 1234 387 nobis
1249 360 1395 387 secundum
1419 361 1563 387 naturam?
1578 361 1630 388 Ne-

842 409 894 436 que
908 403 978 430 enim
996 404 1128 437 quispinm
1149 404 1246 431 dixerit
1259 405 1407 431 convenire
1437 404 1551 438 homini,
1583 405 1632 432 Im-

843 448 981 475 munitatis
1002 449 1160 483 participem
1189 449 1336 476 iicri.Nam
1359 450 1385 476 id
1406 450 1477 484 quod
1495 450 1630 477 naturali-

845 498 885 519 ter
901 497 954 525 est,
967 501 1022 528 quo
1037 500 1115 529 pacto
1136 495 1197 530 quis
1213 495 1350 529 accepisse
1369 494 1630 530 intelligatur,quasi

843 539 915 566 aliud
927 540 1053 573 sitquam
1065 541 1210 574 quodest?
1233 539 1326 568 Nonne
1351 541 1398 568 tibi
1428 545 1631 568 consentaneus

844 591 908 612 vero
922 592 1011 612 sermo
1029 594 1104 614 meus
1116 587 1241 614 videtur?

879 629 909 657 Β.
925 630 1051 658 Omnino.

878 677 909 704 A.
926 677 992 704 V’ide
1004 683 1094 705 autem
1107 678 1188 704 etiam
1210 678 1261 706 alia
1289 679 1394 706 ratione
1405 686 1486 713 quam
1504 679 1629 713 impium,

844 729 978 756 quamque
991 723 1137 750 absurdum
1151 724 1185 750 sit
1199 723 1279 751 Verbi
1303 732 1335 752 ex
1353 725 1465 752 muliere
1478 724 1628 751 secundum

843 774 954 794 carnem
970 768 1137 795 nativitatem
1153 769 1247 796 tollere
1265 770 1369 796 conari.
1388 769 1446 802 Quo
1465 770 1538 796 enim
1553 775 1632 804 pacto

843 812 982 840 viviﬁcare
997 815 1082 848 possit
1098 821 1196 849 corpus
1209 822 1299 846 sttntn.
1316 815 1367 842 nisi
1378 815 1414 841 sit
1437 815 1574 849 proprium
1590 815 1632 848 ip-

845 857 913 889 sius,
926 857 971 892 qui
982 863 1024 885 est
1036 858 1088 885 vita
1097 858 1108 885 ?
1118 865 1165 885 aut
1176 859 1310 893 quomodo
1322 859 1433 894 sanguis
1444 859 1545 886 Christi
1556 867 1632 885 mnu-

845 903 920 931 dabit
952 911 1001 931 nos
1027 903 1060 931 ab
1079 903 1153 931 omni
1179 908 1300 938 peccato,
1415 903 1438 930 si
1464 904 1501 930 sit
1517 902 1634 930 hominis

844 949 996 978 communis
1009 954 1036 977 et
1048 954 1160 984 peccato
1172 949 1281 977 obnoxii
1294 949 1306 976 Υ
1325 957 1379 984 qno
1387 954 1465 984 pacto
1480 949 1554 976 misit
1564 948 1634 975 Deus

845 1003 876 1024 ac
886 995 967 1023 Pater
979 995 1075 1022 Filium
1090 1002 1168 1022 suum
1186 995 1286 1022 factum
1312 1002 1343 1022 ex
1373 994 1496 1026 muliere,
1533 993 1633 1021 factum

845 1042 896 1069 sub
912 1041 970 1076 lege
986 1042 994 1057 ‘
1007 1042 1161 1077 ?quomodo
1174 1041 1334 1069 condemnat
1345 1045 1483 1075 peccaturo
1500 1039 1526 1066 iu
1540 1038 1634 1067 carne!

845 1086 939 1122 Neque
951 1087 1022 1114 enim
1042 1093 1100 1114 erat
1114 1087 1231 1114 hominis
1242 1086 1374 1121 vulgaris,
1389 1091 1417 1113 et
1430 1084 1505 1119 cujus
1533 1090 1630 1112 natura

846 1141 899 1160 uua
914 1133 1051 1160 uobiscum
1067 1133 1117 1161 sub
1130 1133 1233 1168 peccati
1252 1132 1365 1166 imperio
1381 1139 1413 1158 ac
1428 1130 1492 1166 jugo
1519 1130 1634 1157 terreba-

848 1183 900 1212 tur,
912 1180 1093 1207 condemnare
1107 1179 1331 1214 peccatum.Cum
1344 1186 1408 1206 vero
1420 1185 1517 1212 corpus
1534 1177 1634 1204 factum

847 1224 882 1252 sit
897 1224 956 1259 ejus
970 1224 1015 1259 qui
1028 1230 1167 1260 peccatum
1184 1233 1236 1252 non
1256 1225 1340 1256 novit,
1355 1224 1466 1254 idcirco,
1485 1227 1512 1250 et
1527 1223 1634 1257 quidem

846 1271 949 1304 optimo
961 1271 1022 1305 jure
1035 1271 1137 1305 peccati
1167 1271 1335 1305 tyrannidem
1356 1270 1486 1302 excussit,
1513 1276 1636 1296 commu-

848 1316 999 1350 nieatisque
1012 1324 1073 1342 cum
1088 1316 1133 1343 illo
1152 1315 1361 1350 proprietatibus
1377 1315 1457 1343 Verbi
1488 1314 1559 1349 quod
1591 1315 1635 1340 in-
1665 1326 1669 1331 -

847 1360 946 1388 ell‘abili
962 1362 1041 1389 modo
1053 1362 1104 1397 ipsi
1118 1362 1221 1388 unitum
1237 1367 1289 1394 est,
1304 1366 1428 1389 sanctum
1445 1369 1477 1388 ac
1493 1361 1630 1388 viviticum

847 1407 972 1435 electum
1002 1413 1054 1440 est.
1075 1411 1104 1435 et
1129 1407 1228 1434 divinae
1250 1407 1387 1435 facultatis
1411 1407 1634 1442 uperationisque

850 1456 968 1491 plenum.
981 1455 1035 1483 Nos
1049 1463 1113 1482 vero
1121 1455 1148 1482 in
1159 1454 1267 1482 Christo
1279 1460 1406 1489 tauquam
1415 1454 1540 1487 primitiis
1550 1459 1637 1481 trans-

851 1501 957 1528 lormati
980 1500 1060 1527 etiam
1075 1507 1179 1529 smnus.
1193 1503 1222 1526 et
1239 1499 1348 1526 interitu
1364 1503 1446 1532 atque
1470 1501 1579 1532 peccato
1590 1503 1638 1523 sn-

851 1547 971 1581 periores
987 1544 1125 1573 declarati.
1142 1545 1181 1572 Ae
1190 1552 1281 1572 verum
1292 1545 1402 1571 omnino
1414 1548 1466 1574 est,
1478 1543 1554 1577 juxta
1566 1542 1637 1569 beati

852 1591 925 1618 Pauli
937 1591 1109 1622 sententiam,
1124 1591 1195 1624 quod
1219 1599 1228 1615 ι
1250 1589 1485 1622 Quemadmodum
1513 1588 1639 1622 portavi—

852 1646 912 1664 mus
928 1638 1070 1672 imaginem
1087 1636 1197 1668 terreni,
1211 1636 1377 1669 portabimus
1394 1634 1474 1661 etiam
1495 1633 1638 1667 imaginem

852 1683 981 1714 cozlestis,
1004 1684 1015 1699 '
1035 1692 1044 1708 I
1066 1682 1116 1710 hoc
1127 1687 1179 1713 est,
1195 1681 1307 1708 Christi.
1322 1680 1445 1707 Caelestis
1462 1683 1549 1706 autem
1561 1679 1640 1705 homo

853 1729 1012 1763 intelligitur
1024 1728 1164 1759 Christus;
1182 1736 1234 1754 non
1251 1732 1379 1761 tanquam
1389 1732 1506 1760 superne
1520 1729 1602 1758 atque
1620 1731 1636 1750 a

852 1774 923 1802 cosio
948 1781 1057 1801 carnem
1071 1775 1103 1800 ad
1121 1781 1169 1801 nos
1186 1773 1326 1804 detulerit,
1344 1772 1391 1799 sed
1413 1771 1484 1806 quod
1508 1771 1576 1797 Dens
1591 1778 1640 1797 ert-

853 1821 952 1847 sistens
969 1819 1095 1850 Verbum.
1109 1818 1275 1846 descendite
1289 1818 1365 1844 oculis
1376 1825 1382 1849 ;
1395 1821 1423 1844 et
1436 1816 1638 1844 similitudinem

854 1866 939 1892 nostri
957 1865 1076 1896 subiens,
1095 1865 1145 1891 hoc
1157 1868 1208 1895 est,
1217 1863 1363 1889 semnduni
1376 1869 1484 1889 carnem
1499 1869 1514 1888 e
1528 1862 1641 1888 muliere

855 1911 925 1938 sicut
942 1918 990 1938 nos
1008 1915 1100 1940 natus,
1119 1914 1267 1943 permansit
1279 1907 1304 1934 id
1318 1907 1388 1942 quod
1397 1912 1466 1939 erat,
1481 1914 1496 1933 e
1516 1906 1641 1940 superuis

856 1956 982 1982 nimirum
996 1959 1077 1988 atque
1089 1961 1104 1981 e
1119 1954 1207 1986 costis,
1222 1959 1249 1980 et
1262 1961 1342 1987 supra
1368 1959 1462 1979 omnes
1494 1956 1522 1978 ut
1550 1952 1620 1979 Deus
1631 1970 1640 1984 ,

856 2002 937 2029 etiam
953 2009 1013 2028 cum
1025 2008 1116 2027 carne.
1133 2000 1169 2027 lta
1183 2000 1254 2026 enim
1273 1999 1335 2025 alibi
1350 1997 1457 2024 divinus
1467 1996 1585 2024 Joannes
1601 1998 1642 2024 iu-

857 2048 914 2082 quit
928 2055 934 2072 :
957 2056 967 2073 ι
982 2047 1031 2079 Qui
1050 2054 1065 2073 e
1081 2045 1205 2080 supernis
1218 2045 1301 2076 venit,
1315 2051 1394 2077 supra
1412 2051 1505 2070 omnes
1516 2047 1558 2070 est
1590 2043 1609 2069 '.
1629 2051 1639 2067 ι

858 2092 1009 2120 Permansit
1039 2091 1110 2118 enim
1138 2090 1218 2117 totius
1238 2090 1356 2116 universi
1377 2088 1516 2120 Dominus,
1536 2087 1641 2114 tametsi

45 2144 89 2167 ιος.
105 2137 151 2163 καὶ
164 2138 194 2164 ἐν
215 2138 250 2173 τῇ
269 2138 316 2164 τοῦ
336 2138 431 2164 δούλου
457 2140 548 2174 μορφῇ
564 2138 682 2172 γεγονὼς
700 2139 800 2165 οίκονο-

877 2139 962 2165 itione
978 2137 1170 2165 incarnationis
1185 2136 1300 2163 formam
1332 2133 1404 2161 servi
1424 2133 1570 2166 acceperit,
1600 2137 1643 2159 at-

41 2180 120 2213 .ικῶς,
137 2182 184 2208 καὶ
198 2182 349 2216 παράδοξον
360 2182 467 2218 άληθῶς
475 2183 519 2209 διὰ
533 2182 621 2209 ταῦτά
634 2183 693 2209 ἐστι
703 2183 808 2219 τὺΧριη

42 2226 85 2252 τοῦ
104 2228 263 2263 μυστήριον.
279 2228 335 2254 Καὶ
351 2228 415 2262 γοῦν
432 2228 483 2264 ἔφη
499 2237 551 2255 που
576 2229 644 2263 πρὸς
664 2229 808 2261 Ἰουδαίους

41 2272 56 2297 ι’
69 2272 124 2304 avt;
138 2273 193 2300 τῶν
209 2274 357 2309 προφητῶν
368 2275 382 2301 ὸ
396 2274 462 2306 Θεὸς
475 2274 522 2301 καὶ
533 2275 639 2310 Πατήρ·
652 2284 662 2300 ι
674 2275 770 2307 Ἴδετε,
783 2276 807 2302 οί

43 2319 237 2354 αταςρρονηταὶ,
253 2320 299 2346 καὶ
317 2319 497 2356 ἀφανίσθητε,
512 2320 560 2347 καὶ
580 2320 752 2355 θαυμάσατε,
765 2322 807 2348 ὅτι

41 2371 101 2396 ργον
118 2364 173 2398 ἐγὼ
186 2363 338 2400 ἐργάζομαι
357 2366 387 2392 ἐν
402 2367 463 2398 ταῖς
480 2366 597 2401 ἡμέραις
613 2367 700 2401 ὑμῶν,
726 2367 808 2402 ἔργον

41 2418 45 2432 ι
69 2409 96 2435 οὐ
114 2409 151 2445 μὴ
172 2410 348 2446 πιστεύσητε.
363 2411 410 2438 ἐὰν
430 2420 472 2443 τις
491 2411 687 2447 ὲκδιηγήσηται
705 2413 778 2447 ὑμῖν.
795 2421 804 2438 ι

41 2453 198 2482 ἱινδυνεύσει
211 2455 265 2491 γὰρ
277 2456 450 2483 ἀπιστεῖσθαι
467 2457 498 2484 τὸ
509 2458 628 2492 Χριστοῦ
646 2459 806 2493 μυστήριον,

43 2499 67 2526 ιὰ
77 2499 123 2535 τὴν
132 2501 180 2527 τοῦ
190 2501 326 2536 θαύματος
335 2502 500 2538 ὑπερϐολήν.
510 2502 577 2534 Θεὸς
587 2500 620 2538 ἦν
630 2503 658 2529 ὲν
667 2503 810 2539 ἀνθρωπό-

41 2553 85 2579 ητι
102 2547 146 2572 καὶ
163 2547 193 2573 ὲν
209 2549 266 2579 τοῖς
282 2548 343 2575 καθ’
362 2549 447 2584 ἡμᾶς,
463 2550 478 2575 ό
498 2549 568 2585 ὑπὲρ
582 2551 673 2576 πᾶσαν
688 2549 737 2585 τὴν
750 2551 810 2576 κτί-

41 2599 68 2615 τιν
79 2598 85 2604 ·
99 2592 225 2627 ἀόρατος,
238 2594 335 2628 ὁρατὸς
355 2595 426 2621 κατὰ
449 2595 549 2630 σάρκα,
561 2596 575 2621 ό
587 2595 616 2627 ὲξ
629 2595 743 2631 οὐρανοῦ
762 2595 811 2622 καὶ

41 2635 138 2669 ἱνωοεν,
161 2639 189 2664 ἐν
205 2638 268 2665 εῖδει
285 2640 339 2665 τῶν
362 2640 473 2675 χοῑκῶν·
501 2641 595 2672 ἁπτὸς,
618 2642 632 2667 ὁ
648 2642 772 2677 άναφής·
795 2642 809 2668 ὁ

41 2683 97 2708 tari
116 2683 196 2717 φύσιν
216 2684 284 2711 ἰδίαν
309 2686 459 2720 ἐλεύθερος,
485 2687 513 2712 ὲν
536 2687 630 2713 δούλου
660 2688 769 2722 μορφῇ·
795 2687 809 2712 ό

44 2730 142 2765 ὑλογῶν
160 2732 208 2766 τὴν
224 2733 322 2761 κτίσιν.
341 2732 491 2767 ἐπάρατος,
511 2732 557 2758 καὶ
572 2733 601 2759 ἐν
620 2734 675 2762 τοῖς
688 2733 809 2767 ἀνόμοις,

41 2787 43 2810 ι
59 2777 130 2803 πᾶσα
144 2778 314 2812 δικαιοσύνη,
329 2778 375 2805 καὶ
393 2778 421 2804 ἐν
437 2778 549 2812 δοκήσει
567 2778 683 2805 θανάτου
697 2781 809 2814 γέγονεν

63 2866 72 2882 ί
90 2867 177 2895 Galat.
195 2877 231 2904 tv,
248 2869 273 2896 4.
311 2869 321 2884 ¹
335 2868 344 2895 ι
360 2867 423 2895 Cor.
440 2876 484 2901 xv,
502 2867 547 2896 49.
587 2867 597 2883 ⁸
611 2868 688 2896 Juno.
709 2877 749 2901 Ill,
764 2869 808 2897 5|.

859 2193 911 2220 que
921 2184 1108 2212 admirandum
1122 2190 1212 2210 revera
1226 2187 1268 2209 est
1279 2182 1314 2208 ob
1330 2181 1387 2207 haec
1415 2179 1516 2206 Christi
1543 2185 1643 2214 myste-

859 2232 939 2259 rium.
959 2230 1060 2257 Idcirco
1083 2228 1152 2255 Deus
1167 2236 1199 2255 ac
1215 2228 1294 2254 Pater
1316 2226 1378 2253 alibi
1406 2227 1439 2253 ad
1466 2225 1572 2253 Judsaos
1596 2234 1643 2260 per

858 2276 1000 2312 quemdam
1022 2276 1180 2310 prophetam
1193 2273 1231 2301 uit
1245 2283 1251 2300 :
1272 2283 1281 2299 ι
1309 2272 1415 2304 Videte,
1428 2277 1641 2307 contemptores.

859 2326 887 2349 et
901 2320 1082 2353 admiramini,
1096 2325 1123 2346 et
1136 2319 1321 2353 disperdimiui
1338 2326 1346 2344 :
1369 2318 1432 2353 quin
1459 2325 1526 2352 opus
1545 2325 1644 2351 operor

859 2374 909 2401 ego
927 2366 1058 2393 indicbns
1074 2365 1180 2395 vestris,
1198 2372 1266 2398 opus
1296 2365 1366 2398 quod
1399 2372 1451 2390 non
1478 2363 1588 2389 creditis
1621 2363 1644 2390 si

860 2412 920 2446 quis
933 2411 1102 2439 enurraverit
1117 2411 1192 2437 vobis
1218 2410 1237 2436 ⁸.
1249 2419 1258 2435 ι
1275 2408 1426 2435 Peviculum
1438 2408 1510 2435 enim
1530 2408 1582 2434 erit
1611 2416 1645 2436 ne

862 2458 1005 2492 derogetur
1028 2457 1096 2483 ﬁdes
1112 2456 1242 2491 mysterio
1259 2455 1372 2488 Christi,
1389 2454 1424 2482 ob
1438 2453 1560 2481 miraculi
1585 2461 1643 2480 ma-

860 2503 1039 2537 guiludinem.
1056 2501 1126 2528 Deus
1142 2504 1201 2528 erat
1221 2501 1301 2527 homo
1320 2498 1404 2527 nostri
1419 2497 1516 2524 similis
1538 2496 1642 2529 laetus,

860 2547 907 2582 qui
925 2555 1004 2582 supra
1022 2554 1128 2575 omnem
1145 2551 1297 2574 creaturam
1307 2549 1362 2578 est;
1394 2542 1644 2576 iuvisibilis,t‘actus

861 2597 902 2620 est
915 2593 1026 2620 visibilis
1043 2593 1191 2620 secundum
1209 2598 1334 2618 carnem:
1351 2591 1398 2625 qui
1422 2597 1454 2616 ex
1482 2588 1550 2616 ccelo
1565 2594 1644 2623 atque

861 2647 876 2666 e
895 2639 1029 2673 supernis,
1046 2639 1159 2666 fortnam
1186 2638 1354 2666 terrestrium
1385 2636 1487 2663 induit:
1509 2634 1644 2668 tangibilis

862 2690 912 2716 est,
933 2685 978 2719 qui
997 2685 1070 2719 tangi
1091 2684 1184 2719 nequit
1201 2692 1210 2710 :
1227 2683 1271 2718 qui
1292 2690 1325 2709 ex
1355 2681 1462 2716 propria
1484 2687 1530 2706 sua
1546 2684 1645 2706 natura

863 2733 933 2759 lit-cr
947 2738 999 2764 est,
1022 2731 1093 2759 servi
1114 2731 1228 2758 formam
1250 2728 1371 2762 accepit:
1387 2727 1431 2761 qui
1447 2725 1580 2754 creaturis
1603 2725 1647 2752 be-

865 2779 977 2809 ncdivit,
999 2779 1084 2806 fat-tus
1100 2783 1142 2805 est
1162 2776 1357 2809 exsccmbilis;
1374 2778 1586 2807 numera-trisque
1604 2777 1646 2799 est

846 2874 853 2884 ⁸
872 2868 973 2895 llubnc.
993 2876 1012 2900 ι,
1033 2867 1063 2901 5;
1086 2867 1142 2895 Act.
1161 2874 1219 2897 xm,
1234 2867 1279 2893 4|.
