1874 3076
82 106 124 139 965
534 103 725 136 PANOPLIA
745 104 982 135 DOGMA'l‘lC/t.
996 116 1031 123 σ-
1045 105 1118 136 'l'l'l.
1139 106 1200 138 XV.

1630 111 1684 141 93.6

82 171 210 205 σοφωτάτου
235 169 344 197 Παύλου
359 169 461 206 φωνὴν,
484 170 552 206 πρὸς
579 169 640 196 τινα
663 170 754 197 λοιπὸν
775 178 834 205 μορ-

907 171 996 197 πὶιηιιε
1006 170 1109 197 obtinet
1135 171 1154 202 ¹,
1167 169 1243 204 juxta
1258 170 1332 197 Pauli
1360 171 1550 206 sapientissimi
1575 179 1681 204 vocem,

81 216 200 250 φούμενοι,
212 217 339 252 γεννητοὶ
353 217 420 244 Θεοῦ
434 216 479 244 διὰ
498 216 657 252 Πνεύματος
674 226 725 253 χρη
731 217 842 252 ματιοῦ-

81 271 123 289 ιιεν
137 264 204 298 ἡμεῖς
216 271 223 297 ;
234 263 294 290 τινα
304 262 350 290 τοῦ
368 263 531 298 πράγματος
548 263 675 295 λαϐόντες
689 263 739 298 τὴν
752 263 841 299 ἀπαρ-

81 307 129 343 (ὴν,
144 308 156 343 ἢ
173 308 216 334 καὶ
228 308 301 340 τίνος
314 308 382 340 ὅλως
397 309 436 341 εἰς
448 310 522 345 ἡμᾶς
538 309 692 344 πέμποντος
711 309 742 336 τὺ
760 309 842 342 ἀξίω-

78 362 126 388 μα;
140 354 209 380 Φαῖεν
222 353 264 385 ἂν,
275 354 312 386 ὥς
325 363 356 388 γε
371 353 458 390 οἶμαι,
469 356 516 382 καὶ
529 355 606 382 αὐτοι
616 364 623 371 ·
639 355 693 382 Τοῦ
706 355 842 391 ὲνανθρω⁹

76 400 194 434 πήσαντος
205 400 302 434 Λόγου.
316 400 382 428 Εἶτα
396 400 455 433 πῶς
467 402 542 429 ἔσται
555 402 633 429 τοῦτο
643 402 750 437 ἀληθὲς,
766 402 790 428 εἰ
803 402 839 438 μὴ

76 445 145 477 αὺτὺς
156 446 244 480 γέγονε
260 446 339 482 σὰρξ.
358 448 497 475 τουτέστιν
513 448 664 484 ἄνθρωπος,
684 448 748 476 ἴδιον
762 457 840 484 ποιη-

76 491 174 526 σάμενος
190 492 268 527 σῶμα
281 493 311 519 τὸ
323 493 504 529 ἀνθρώπινον,
517 494 578 521 καθ’
594 494 692 520 ἕνωσιν
708 494 840 521 ἀδιάσπα-

75 546 138 570 στον,
149 537 184 565 ἵνα
197 538 242 564 καὶ
255 538 338 566 αὐτοῦ
353 539 455 573 νοῆται,
467 540 514 566 καὶ
527 539 589 575 [μὴ]
601 539 631 572 ἐξ
642 540 735 575 ἑτέρου
749 540 839 573 τινός;

73 582 167 617 Πέμψει
183 584 235 620 γὰρ
250 584 321 611 οὕτω
343 585 391 612 καὶ
413 586 450 617 εἰς
476 586 548 620 ἡμᾶς
569 586 618 621 τῆς
637 586 773 618 υἱοθεσίας
791 586 840 622 τὴν

71 628 151 662 χάριν,
168 629 211 655 καὶ
229 630 353 665 γεννητοὶ
369 630 528 665 Πνεύματος
546 631 665 666 ὶσόμεοα
680 632 726 658 καὶ
747 633 837 667 ἡμεῖς,

71 674 115 700 ἅτε
128 674 155 708 δὴ
167 676 212 710 τῆς
235 675 381 711 ἀνθρώπου
401 677 509 710 φύσεως
528 678 557 704 εν
573 677 648 712 αὺτῷ
666 678 714 704 καὶ
738 677 839 713 πρώτῳ

71 719 189 755 λαχούσης
203 721 291 748 τοῦτο.
303 721 356 749 Καί
369 731 412 757 μοι
424 722 499 749 δοκεῖ
507 722 626 750 τοιοῦτόν
635 732 661 749 τι
672 723 732 750 καθ’
744 724 839 751 ἑαυτὸν

69 765 228 801 ὲννενοηκὼς,
245 767 328 801 φάναι
341 775 392 794 που
411 768 457 794 καὶ
472 768 545 804 μάλα
559 768 647 804 ὀρθῶς
662 769 676 795 6
695 770 838 802 θεσπέσιος

895 216 1021 249 adquam
1045 217 1152 242 tandem
1180 215 1355 249 conformati,
1379 223 1411 243 ex
1442 217 1496 244 Deo
1521 218 1602 252 geniti
1633 226 1682 252 per

896 262 1026 296 Spiritum
1054 261 1259 296 appellabimur,
1285 267 1332 289 aut
1362 270 1443 297 quem
1476 262 1557 297 huius
1580 264 1679 298 negotii

895 307 1043 342 principem
1076 315 1109 334 ac
1139 312 1220 343 caput
1234 307 1413 335 habebimus?
1435 313 1481 336 aut
1495 310 1556 343 quis
1569 311 1681 337 omnino

894 353 964 381 hanc
978 353 1135 389 dignitatem
1146 354 1173 381 in
1193 362 1243 382 nos
1268 355 1468 382 transmiserit?
1492 355 1585 384 Dicent
1616 364 1680 389 pro-

894 399 975 432 fecto,
991 404 1022 427 ut
1036 399 1169 433 arbitror,
1185 400 1268 427 etiam
1281 401 1331 435 ipsi
1346 410 1352 428 :
1366 399 1484 428 Verbum
1498 403 1679 429 incarnatum.

893 447 973 481 Atqui
984 454 1037 481 quo
1049 451 1129 481 pacto
1145 454 1239 473 verum
1251 447 1301 474 hoc
1317 447 1380 480 erit,
1395 447 1445 474 nisi
1456 444 1543 482 ipsum
1562 446 1678 474 Verbum

894 493 994 520 factum
1011 497 1052 520 est
1063 499 1137 523 caro,
1152 492 1263 525 hocest,
1276 493 1375 526 homof,
1404 493 1503 527 quippe
1523 493 1593 527 quod
1616 500 1679 526 pro-

893 538 980 572 priutu
995 538 1045 565 sibi
1056 538 1149 566 fecerit
1161 546 1259 573 corpus
1273 547 1304 566 ea
1319 539 1422 566 unitate
1434 547 1494 574 qua:
1503 539 1593 567 divelli
1607 539 1678 566 nulla

893 583 999 610 ratione
1007 586 1106 617 queat:
1121 583 1158 610 ita
1176 583 1304 610 nimirum
1316 588 1344 610 ut
1361 583 1445 617 ipsius
1466 583 1544 611 Verbi
1568 591 1680 611 censea-

893 633 946 662 tur,
964 634 990 656 et
999 637 1051 657 non
1063 629 1174 656 alterius
1185 629 1352 664 cuiuspiam?
1364 629 1419 657 Hoc
1430 630 1501 657 enim
1509 635 1587 664 pacto
1595 631 1678 657 etiam

893 676 919 702 iu
935 682 983 702 nos
1004 675 1167 702 transmittet
1196 675 1331 702 liliationis
1356 676 1634 710 gratiam,genitique
1663 683 1680 703 ο

894 719 995 753 Spiritu
1011 719 1112 746 erimus
1135 719 1216 746 etiam
1236 728 1296 753 nos,
1322 724 1416 754 utpote
1445 725 1542 748 natura
1559 722 1677 748 humana

893 766 943 792 hoc
951 765 978 791 in
987 765 1046 800 ipso
1057 764 1204 799 etquidem
1222 765 1311 800 primo
1323 770 1480 793 consecuta.
1493 766 1531 793 Ac
1542 766 1607 793 mihi
1622 766 1680 800 qui-

67 810 176 842 Παῦλος·
192 821 201 837 ι
220 811 327 848 Ὠσπερ
346 813 400 848 γὰρ
417 813 589 849 ὲφορέσαμεν
606 814 655 850 τὴν
677 815 768 841 εἰκόνα
789 816 834 842 τοῦ

907 818 948 837 em
979 810 1086 838 videtur
1108 810 1190 837 etiam
1211 811 1320 838 divinus
1352 811 1463 843 Paulus,
1492 811 1676 846 hujuscemodi

65 857 159 891 χοϊκοῦ,
174 857 324 893 φορέσομεν
341 859 388 886 καὶ
406 858 456 894 τὴν
472 859 565 887 εἰκόνα
580 859 626 887 τοῦ
638 861 800 896 ἐπουρανίου
810 870 834 888 Ἰ

65 902 161 929 καὶτὸν
183 903 231 938 μὲν
256 904 365 939 πρῶτον
380 904 524 939 ἄνθρωπον
545 905 578 932 ἐκ
596 906 648 941 γῆς
668 907 719 942 ἔφη
735 907 837 942 χοῖιὼν,

62 947 108 974 τὸν
128 947 153 974 δὲ
168 947 290 984 δεύτερον
310 948 340 982 ἐξ
360 949 478 984 οὐρανοῦ
489 957 496 965 ·
518 959 527 976 t
545 950 614 977 Ἀλλ’
638 948 694 983 οἷος
708 951 723 977 ό
736 952 837 987 χοῖκὸς,

62 991 166 1020 τοιοῦτοι
187 993 235 1020 καὶ
246 995 270 1021 oi
287 995 383 1030 χοῖκοὶ,
406 995 484 1030 φησὶ,
500 995 548 1023 καὶ
563 994 619 1029 οἶος
635 997 648 1023 ὀ
666 997 837 1034 ἐπουράνιος,

60 1038 169 1065 τοιοῦτοι
182 1039 228 1066 καὶ
243 1040 268 1065 oi
294 1040 462 1075 ἐπουράνιοι.
476 1050 486 1067 ι
505 1042 601 1069 Χοῑκοὶ
620 1043 673 1079 γάρ
691 1043 785 1078 ἐσμεν,
800 1043 839 1076 ὼς

58 1085 90 1110 ἐκ
111 1084 195 1119 χοϊκοῦ
212 1085 259 1113 τοῦ
278 1085 363 1121 Ἀδὰμ
381 1087 613 1123 παρεμπεσούσης
630 1089 671 1120 εἰς
689 1089 762 1124 ἡμᾶς
787 1089 838 1124 τῆς

56 1130 126 1165 ἀρᾶς
143 1130 189 1165 τῆς
208 1131 323 1166 φθορᾶς,
337 1131 371 1158 δι’
387 1129 422 1169 ἦς
434 1134 481 1160 καὶ
496 1134 511 1160 6
531 1134 580 1169 τῆς
597 1134 734 1170 ἁμαρτίας
749 1135 837 1162 εισὲδυ

54 1175 144 1210 νόμος.
159 1176 209 1202 ὁὲν
218 1178 275 1208 τοῖς
291 1177 384 1212 μέλεσι
399 1180 455 1210 τοῖς
469 1179 519 1213 τῆς
537 1180 648 1215 σαρκός.
665 1180 837 1215 Ἑπουράνιοι

52 1220 82 1247 δὲ
99 1221 255 1256 γεγόναμεν,
280 1222 318 1254 ὡς
343 1224 374 1250 ὲν
399 1224 510 1259 Χριστῷ
533 1224 661 1257 λαθόντες
683 1226 713 1253 τὸ
731 1227 836 1262 χρῆμα.

50 1265 119 1297 Θεὸς
131 1265 183 1302 γὰρ
202 1265 240 1293 ὢν
261 1267 340 1301 φύσει
353 1268 400 1295 καὶ
424 1269 456 1296 ὲκ
474 1269 542 1296 Θεοῦ
553 1270 600 1296 καὶ
621 1270 735 1304 ἄνωθεν,
753 1280 838 1299 κατα-

54 1311 219 1347 πεφοίτηκεν
243 1313 273 1339 ὲν
296 1314 353 1346 τοῖς
377 1314 439 1341 καθ’
462 1316 537 1350 ἡμᾶς
566 1316 708 1351 ἀσυνήθως
735 1326 765 1344 τε
790 1318 837 1346 καὶ

49 1356 144 1389 ξένως,
154 1358 281 1393 γεννητὸς
293 1359 364 1386 κατὰ
375 1360 464 1396 σάρκα
477 1361 597 1395 γεγονὼς
610 1361 659 1388 τοῦ
670 1362 835 1399 πνεύματος,

48 1402 95 1428 ἕνα
123 1402 193 1437 ἃγιοί
219 1411 249 1430 τι
274 1404 322 1431 καὶ
350 1405 483 1443 ἄφθαρτοι
501 1408 549 1434 καὶ
572 1408 654 1444 ἡμεῖς
670 1408 731 1436 κατ’
755 1409 837 1437 αὐτὸν

242 1449 280 1506 εἷς
298 1449 329 1483 ἐξ
339 1450 490 1506 ,ἀρχῆς,κα;ὶ
508 1452 592 1506 {lC-qq-
598 1453 729 1506 δευτέρας
741 1454 835 1488 αὑτοῦ,
850 1477 870 1506 C

43 1491 168 1526 δηλονότι
183 1494 399 1532 καταϐαινούσης
415 1496 456 1529 εἰς
469 1497 544 1533 ἡμᾶς
562 1498 611 1534 τῆς
625 1499 747 1535 χάριτος.

79 1631 112 1658 Β.
132 1631 250 1666 Ἀριστα
272 1633 347 1668 ἔφης.

78 1677 114 1705 Α.
134 1677 201 1704 Τίνα
227 1676 256 1703 δὲ
280 1678 381 1712 τρόπον
405 1679 452 1706 καὶ
466 1678 624 1714 ὥμοιιῖισθαι
645 1687 728 1714 φασιν
755 1679 837 1706 αὐτὸν

35 1719 118 1747 κατὰ
139 1721 230 1748 πάντα
250 1722 308 1753 τοῖς
332 1722 466 1756 ἀδελφοῖς,
488 1723 628 1750 τουτέστιν
646 1724 730 1758 ἡμῖν,
755 1724 772 1760 ἢ
789 1723 836 1750 καὶ

34 1767 85 1798 τις
106 1766 176 1798 ὅλως
196 1767 275 1794 νοοῖτ¹
294 1767 328 1794 ἂν
348 1768 362 1795 ὁ
378 1767 429 1804 τὴν
450 1769 580 1804 ὁμοίωσιν
602 1768 744 1802 ὑπελθὼν,
759 1771 783 1795 ει
798 1768 836 1805 μὴ

29 1811 115 1838 κατὰ
129 1811 211 1846 φύσιν
221 1810 313 1846 ἓτέρος
323 1810 368 1848 ἦν,
383 1813 430 1840 καὶ
445 1813 495 1841 οὐκ
514 1813 542 1840 ἐν
553 1822 585 1848 γε
597 1814 654 1845 τοῖς
670 1813 730 1841 καθ’
743 1814 833 1849 iustis;

28 1857 75 1884 Τὸ
107 1857 163 1892 γάρ
185 1857 218 1892 γέ
240 1866 312 1885 τισιν
339 1858 526 1894 ὁμοιούμενον,
546 1857 616 1886 εἶναι
641 1867 693 1886 που
725 1859 835 1891 πάντως

26 1903 151 1938 ἀνάγκη
167 1903 296 1939 διάφορον
308 1905 373 1940 παρ’
388 1904 498 1937 αὐτοὺς,
510 1905 558 1933 καὶ
570 1904 620 1932 οὐκ
627 1905 716 1938 ἐοικὸς
730 1905 834 1939 αὐτοῖς,

25 1949 194 1984 ἑτεροειδὲς
217 1949 246 1976 δὲ
270 1950 381 1985 μᾶλλον,
401 1950 490 1978 ιῐτουν
515 1951 672 1987 ἑτιροφυές.
696 1951 835 1987 ’Δνόμοιος

25 1995 130 2022 τοίνυν
163 1995 298 2032 ὑπάρχων
322 1997 389 2031 ἡμῖν
418 1996 491 2023 κατὰ
513 1997 595 2032 φύσιν
616 1998 631 2024 6
657 1997 833 2033 Μονογενὴς,

25 2040 204 2075 ὠμοιῶσοαι
226 2041 335 2076 λέγεται
356 2041 475 2076 γεγονὼς
500 2042 561 2070 καθ’
586 2043 677 2079 ἡμᾶς,
694 2043 833 2070 τουτέστιν

25 2084 198 2120 Ξνθρωπος.
216 2086 323 2114 Γένοιτο
336 2087 358 2114 δ’⁴
378 2086 412 2114 ἂν
425 2086 504 2117 τοῦτο
519 2088 568 2115 καὶ
587 2087 661 2123 μάλα
680 2088 769 2124 ὀρθῶς
786 2088 833 2116 καὶ

889 855 1028 891 quidpiam
1042 857 1173 888 sentiens,
1189 856 1252 884 alibi
1265 857 1302 884 ita
1333 861 1407 885 recte
1427 857 1571 885 admodum
1591 858 1677 885 dixis-

889 909 940 930 se:
962 911 972 928 ι
987 901 1221 936 Quemadmodum
1244 903 1317 930 enim
1339 903 1506 939 portavimus
1531 904 1678 938 imaginem

890 949 1001 982 terreni,
1016 948 1186 983 portabimus
1200 948 1284 976 etiam
1302 949 1445 984 imaginem
1475 949 1595 978 cmlestis
1624 949 1647 977 ’.
1665 959 1676 977 ι

888 993 924 1021 Et
937 994 1055 1030 primum
1074 994 1182 1030 quidem
1204 994 1340 1022 hominem
1357 1002 1391 1022 es
1411 999 1494 1028 terra,
1510 995 1578 1023 dixit
1597 999 1680 1023 terre-

889 1049 969 1074 num;
985 1041 1133 1069 secundum
1142 1047 1207 1068 vero
1218 1048 1250 1068 ex
1264 1040 1344 1073 cmlo,
1356 1041 1505 1069 ctelestem.
1523 1049 1532 1067 ι
1546 1040 1598 1069 Sed
1609 1048 1680 1077 qua-

889 1087 921 1114 lis
939 1092 1074 1119 terrenus,
1100 1087 1168 1115 tales
1196 1091 1224 1114 et
1252 1088 1373 1120 terreni;
1398 1092 1425 1115 et
1445 1087 1676 1122 qualisct'elestis,

889 1133 956 1161 talos
969 1137 997 1160 et
1019 1133 1157 1161 caelestes.
1177 1142 1187 1160 ›
1203 1133 1317 1162 Terreni
1344 1134 1417 1161 enim
1448 1141 1552 1168 sumus,
1585 1138 1679 1168 utpote

889 1177 1047 1204 transmissa
1062 1177 1088 1204 in
1109 1185 1158 1205 nos
1186 1185 1220 1205 ex
1243 1183 1351 1205 terreno
1374 1178 1460 1205 Adam
1486 1178 1678 1206 maledictions

887 1222 1082 1258 corruptionis,
1103 1230 1240 1259 perquam
1255 1229 1283 1251 et
1295 1224 1336 1251 lex
1352 1225 1457 1260 peccati
1475 1225 1600 1260 irrepsit,
1615 1232 1678 1260 qua:

887 1273 928 1295 est
941 1269 967 1295 in
981 1269 1111 1298 membris
1126 1270 1228 1297 carnis.
1243 1269 1374 1298 Ctelestes
1382 1275 1471 1298 autem
1487 1270 1551 1298 facti
1571 1278 1677 1303 sonans.

888 1315 913 1342 in
925 1314 1034 1342 Christo
1045 1315 1072 1342 id
1083 1315 1232 1343 consecuti.
1250 1315 1321 1343 Deus
1331 1315 1405 1344 enim
1416 1316 1554 1344 exsistcns
1569 1321 1675 1349 natura,

886 1364 914 1387 et
928 1367 959 1387 ex
978 1359 1124 1395 Deoatque
1140 1368 1171 1388 ex
1185 1361 1321 1396 supernis,
1354 1362 1494 1389 descendit
1514 1362 1547 1389 ad
1571 1367 1675 1396 nostra,

887 1413 955 1433 novo
970 1410 1050 1441 atque
1072 1406 1203 1434 inusitato
1221 1413 1296 1434 more
1306 1407 1415 1442 genitus
1438 1407 1587 1435 secundum
1613 1415 1675 1436 car-

888 1459 949 1478 nem
961 1451 1101 1479 factusest
1122 1450 1251 1486 Spiritus,
1276 1456 1305 1479 ut
1321 1452 1449 1480 videlicet
1475 1454 1563 1481 sancti
1591 1459 1675 1490 atque

889 1496 1108 1531 incorruptibiles
1132 1496 1215 1525 etiam
1244 1505 1294 1526 nos
1316 1498 1343 1525 in
1376 1498 1436 1533 ipso
1470 1506 1628 1527 maneamus
1641 1507 1676 1527 ex

890 1543 960 1578 ipso,
983 1547 1112 1578 tanquam
1127 1551 1159 1571 ex
1179 1544 1316 1580 principio
1327 1548 1355 1572 et
1381 1544 1474 1572 radice
1501 1545 1630 1578 secunda,
1647 1545 1676 1573 in

888 1596 938 1616 nos
952 1587 1113 1616 transmissa
1127 1589 1224 1623 gratia.

922 1634 953 1661 Β.
973 1633 1081 1670 Optime
1096 1634 1199 1661 dixisti.

921 1680 955 1706 A.
975 1679 1096 1713 Quonam
1112 1687 1178 1707 vero
1198 1684 1275 1714 pacto
1295 1679 1378 1707 etiam
1392 1679 1507 1708 similem
1526 1680 1612 1716 ipsum
1633 1680 1675 1709 fa-

886 1730 959 1753 ctum
976 1733 1036 1753 esse
1049 1726 1125 1753 aiunt
1137 1733 1184 1759 per
1194 1726 1284 1752 omnia
1300 1725 1439 1759 fratribus,
1455 1726 1504 1754 hoc
1516 1732 1568 1759 est,
1581 1727 1676 1755 nobis?

885 1775 932 1797 aut
947 1771 1069 1805 quisnam
1086 1770 1197 1797 omnino
1211 1775 1356 1797 censeatur
1375 1770 1460 1797 fuisse
1475 1771 1499 1798 is
1512 1771 1557 1805 qui
1575 1771 1674 1798 simili-

887 1816 1006 1844 tudinem
1023 1821 1143 1843 nostram
1158 1815 1249 1849 subiit,
1261 1815 1312 1843 nisi
1329 1817 1476 1843 secundum
1491 1821 1613 1844 naturam
1631 1818 1674 1843 dl-

884 1869 980 1890 versus
996 1867 1067 1894 erat,
1085 1865 1114 1889 et
1134 1869 1189 1889 non
1212 1861 1290 1889 nobis
1309 1861 1427 1889 similis?
1440 1861 1515 1895 Quod
1531 1862 1603 1889 enim
1621 1862 1674 1889 all-

884 1907 982 1942 quibus
996 1907 1085 1935 simile
1101 1906 1229 1939 eﬂlcitur,
1254 1913 1364 1934 necesse
1379 1911 1423 1935 est
1437 1912 1467 1934 ut
1480 1907 1616 1935 diversum
1639 1907 1675 1935 ab

885 1954 918 1982 iis
933 1953 1079 1987 exstiterit,
1096 1961 1182 1989 neque
1204 1952 1293 1982 simile
1307 1953 1384 1988 ipsis,
1400 1953 1447 1982 sed
1460 1953 1550 1988 potius
1564 1953 1674 1981 alterius

884 1998 995 2034 speciei,
1011 1999 1069 2026 sive
1086 2003 1201 2026 naturae.
1310 1998 1456 2026 Dissimilis
1467 1998 1559 2033 itaque
1570 2003 1673 2026 natur:

885 2053 900 2073 a
918 2045 996 2073 nobis
1008 2045 1142 2073 exsistens
1157 2044 1328 2080 Unigenitus,
1343 2044 1439 2072 similis
1452 2044 1539 2072 factus
1557 2051 1617 2072 esse
1629 2044 1671 2071 di-

884 2091 965 2123 citur,
981 2091 1067 2118 factus
1089 2090 1115 2117 id
1132 2090 1203 2125 quod
1219 2097 1278 2124 nos,
1305 2089 1357 2116 hoc
1374 2093 1425 2122 est,
1448 2088 1537 2116 homo.
1559 2087 1670 2115 Factum

25 2131 139 2164 μιόνως.
157 2132 189 2158 ἐν
200 2132 326 2166 ἀποτέξει
342 2134 375 2169 τῇ
392 2133 454 2161 καθ’
466 2134 552 2169 ἡμᾶς,
563 2134 588 2160 ει
603 2134 651 2161 καὶ
663 2133 832 2170 παραδόξως,

907 2142 975 2164 atem
990 2136 1041 2164 fuit
1053 2136 1114 2169 hoc.
1133 2141 1160 2163 et
1171 2140 1244 2163 recte
1260 2135 1403 2162 admodum
1419 2142 1451 2162 ac
1465 2134 1634 2162 solummodo
1645 2134 1670 2161 in

25 2177 71 2203 ;π’
84 2177 191 2204 αὑτοῦ.
206 2177 272 2209 Θεὸς
283 2177 337 2213 γὰρ
352 2176 386 2214 ἦν
400 2179 414 2205 ὀ
424 2178 619 2214 σαρκούμενος.
634 2179 832 2215 Ὀμολογείσθω

25 2231 54 2248 νε
75 2222 140 2258 μὴν
161 2223 203 2255 ὡς
223 2223 346 2258 εψύχωτο
360 2226 461 2260 νοερῶς
476 2225 507 2251 τὸ
529 2224 629 2252 ἑνωθὲν
647 2225 721 2261 αὐτῷ
741 2226 830 2261 σῶμα.

25 2268 62 2294 )ὐ
81 2268 146 2302 γάρ
166 2277 212 2295 τοι
225 2268 256 2295 τὸ
275 2270 398 2304 κρεῖττον
412 2270 467 2296 τῶν
483 2271 512 2297 ἐν
525 2270 591 2306 ἡμῖν
605 2271 694 2306 ἀφεὶς,
707 2273 831 2299 τουτέστι

25 2313 133 2349 κυχὴν,
154 2313 241 2349 μόνου
257 2315 404 2350 πεποίηται
415 2314 498 2350 φειδὼ
512 2316 609 2351 γηῖνου
624 2315 761 2352 σώματος,
773 2318 830 2345 ἀλλ’

27 2359 94 2395 μοῦ
114 2359 215 2395 ψυχῆς
234 2360 281 2387 καὶ
303 2360 428 2397 σώματος
445 2362 594 2398 προενόησε
615 2362 703 2398 σοφῶς
716 2363 781 2396 Θεὸς
793 2364 831 2392 ὢν

44 2404 164 2438 Λόγος.

48 2497 127 2524 ὀτι
156 2497 190 2524 es
209 2496 261 2524 οὐκ
282 2496 432 2532 ἠλλοίωται
455 2495 577 2532 γεγονὼς
602 2496 745 2532 ἄνθρωπος
770 2496 831 2524 καθ’

26 2546 96 2578 μᾶς
132 2545 150 2571 6
184 2544 286 2578 Λόγος,
306 2543 500 2579 διαμιμήνυιιι
523 2543 611 2578 λέγων
635 2545 650 2571 6
674 2544 832 2579 Πνευματοε

26 2590 128 2624 ὁροςο
165 2598 175 2615 ι
190 2588 296 2624 Ἰησοῦς
318 2588 438 2624 Χριστὸς
457 2588 520 2623 χθὲς
543 2589 592 2617 καὶ
615 2589 737 2624 σήμεγος
750 2590 764 2616 6
784 2588 833 2615 αὕ-

25 2638 71 2666 ΰς.
93 2635 154 2661 καὶ
182 2636 225 2666 εις
251 2635 316 2667 τοὺς
345 2634 460 2667 αἰῶνας.
479 2645 488 2662 ι
513 2636 570 2663 Καὶ
589 2634 756 2670 σημαντικὸν
782 2634 832 2668 μὲν

25 2680 59 2708 ῖῦ
79 2680 301 2716 παρῳχηκότος
316 2680 415 2716 κρόνου
439 2682 570 2712 ποιεῖται,
586 2680 616 2708 τὸ
640 2680 721 2714 χθές,
735 2679 784 2707 τοῦ
800 2688 832 2714 γε

25 2727 70 2762 ἡν
91 2725 274 2758 ινεστῶτος,
292 2725 323 2753 τὸ
337 2726 484 2761 σήμερον,
500 2726 546 2754 τοῦ
570 2726 597 2753 δὲ
622 2725 769 2757 ἐνεστῶτος
785 2726 832 2752 καὶ

39 2819 53 2836 ⁸
75 2817 92 2847 ι
105 2816 186 2847 Cor.
200 2826 245 2853 sv,
259 2817 307 2846 23.
342 2817 430 2847 'lbid.
445 2817 490 2847 49.

885 2182 1023 2209 nativitate
1040 2186 1140 2209 nostrae
1159 2180 1253 2214 simili,
1270 2181 1376 2208 tametsi
1388 2179 1583 2207 admirabiliter
1601 2179 1673 2214 quod

884 2227 917 2254 ad
938 2227 1024 2261 ipsum
1047 2227 1154 2254 attinet.
1176 2225 1248 2253 Deus
1268 2225 1341 2252 enim
1368 2229 1439 2259 erat,
1454 2225 1499 2259 qui
1516 2224 1673 2252 incarnatus

884 2277 935 2300 est.
955 2272 1133 2299 Proﬁteamur
1151 2271 1245 2306 utique
1263 2270 1411 2297 animatum
1427 2276 1487 2297 esse
1503 2269 1674 2297 intellectus-

883 2318 946 2346 liter
958 2324 1056 2352 corpus
1077 2317 1127 2352 ipsi
1151 2317 1267 2344 unitum.
1291 2315 1384 2350 Neque
1398 2315 1469 2343 enim
1484 2315 1673 2350 praestantiore

883 2363 969 2392 nostri
985 2367 1073 2398 parte,
1091 2363 1143 2391 hoc
1153 2366 1205 2395 est,
1222 2361 1311 2389 anima
1324 2361 1457 2397 neglecta,
1471 2360 1554 2388 solius
1570 2359 1670 2388 terreni

882 2410 1006 2444 corporis
1022 2416 1087 2437 cura
1107 2408 1200 2436 habita
1217 2412 1268 2441 est,
1288 2407 1335 2435 sed
1350 2407 1430 2435 simul
1444 2405 1542 2434 animae
1560 2410 1588 2434 et
1607 2413 1671 2434 cor-

881 2455 940 2491 pori
957 2454 1094 2489 sapienter
1103 2454 1243 2489 prospexit
1257 2453 1328 2481 Deus
1340 2453 1474 2481 exsisteus
1485 2452 1616 2480 Verbum.

920 2496 999 2530 Quod
1028 2501 1119 2526 autem
1147 2497 1266 2526 Verbum
1290 2498 1373 2527 homo
1396 2499 1483 2527 nostri
1509 2499 1607 2528 similis
1631 2499 1674 2528 [ι-

885 2548 959 2571 ctum
975 2543 1149 2572 immutatum
1170 2551 1225 2572 non
1250 2544 1296 2576 sit.
1312 2544 1586 2580 signiﬁcavitPaulus
1610 2545 1672 2581 Spi-

886 2590 940 2617 ritu
968 2590 1076 2618 amatus
1099 2590 1218 2620 dicens:
1245 2599 1255 2617 ‹
1281 2589 1362 2618 Iesus
1387 2590 1514 2619 Christus
1537 2591 1619 2619 hodie
1643 2595 1672 2619 et

887 2635 956 2669 heri,
974 2636 1034 2670 ipse
1051 2640 1078 2663 et
1096 2636 1123 2664 in
1143 2636 1256 2670 sarcula;
1274 2645 1284 2662 ι
1301 2643 1333 2665 ac
1352 2644 1400 2672 per
1416 2637 1483 2670 lteri,
1501 2637 1668 2671 praeteritum

887 2687 993 2716 tempus
1013 2681 1131 2715 indicat;
1153 2689 1201 2716 per
1225 2681 1314 2714 hodie,
1337 2689 1476 2718 presens;
1498 2689 1547 2717 per
1572 2681 1670 2709 sucula

886 2734 964 2760 vero,
979 2733 1099 2762 praesens
1114 2731 1142 2754 et
1154 2726 1284 2756 futurum.
1296 2727 1332 2755 At
1348 2727 1371 2755 si
1382 2729 1478 2763 putant
1491 2733 1522 2756 se
1539 2733 1670 2764 magnum
