1874 3076
35 127 84 160 i6.)

533 134 722 164 PANOPLIA
743 135 973 167 DOGMATICA.
991 148 1026 154 —
1040 135 1113 166 TIT.
1130 136 1191 166 XV.

1602 134 1656 169 970

35 203 138 239 ἰατρός
165 213 226 239 μου,
254 203 291 239 μὴ
315 205 456 231 πιστεύετέ
484 215 538 240 μοι.
562 206 591 232 Ei
615 205 643 231 δὲ
669 205 746 235 ποιῶ,
772 204 812 230 κᾶν

894 214 907 232 s
925 205 1000 232 mihi.
1019 205 1072 232 Sed
1091 205 1112 232 si
1131 204 1212 238 facio,
1229 210 1254 233 et
1268 205 1290 233 si
1309 206 1373 233 mihi
1389 213 1440 232 non
1455 205 1578 236 creditis,
1594 213 1659 239 ope-

35 250 92 283 μοὶ
113 250 150 284 μὴ
170 250 327 286 πιστεύητε,
341 252 398 283 τοῖς
413 251 503 286 ἔργοις
518 261 567 288 μου
589 251 738 278 πιπτεύετε.
754 261 762 277 ι
786 251 823 278 Τὸ

35 296 83 330 ’ἀρ
101 296 130 321 ὲν
151 296 287 332 ἀνθρώπῳ
310 297 419 332 βλέπειν
444 298 493 333 τῆς
511 298 649 334 ἀφράστου
671 298 750 333 δόξης
773 298 821 333 τὴν

35 341 180 376 ιπεροχὴν,
202 342 251 377 οὐχ
266 343 303 375 ὡς
318 344 461 379 ἀλλοτρίαν
482 345 582 379 μᾶλλον
596 346 680 381 ἤγουν
696 346 725 371 ὲν
740 345 820 380 χάρις

35 395 75 418 τος
91 387 172 422 μέρει
192 390 480 425 προσπεπορισμένην,
501 390 558 417 ἀλλ’
573 391 640 418 ἰδίαν
655 392 745 425 αὑτοῦ,
763 392 821 424 πῶς

35 431 80 457 ιὺκ
95 432 249 464 ἀναπείσει,
267 434 308 460 ὃτι
326 434 392 466 Θεὸς
407 433 441 469 ἦν
460 437 488 462 ἐν
507 436 571 462 εἴδει
593 436 632 471 τῷ
651 437 711 463 καθ’
735 439 818 472 ἡμᾶς,

35 478 79 503 tui.
91 478 156 509 Υἱὸς
175 478 282 513 ἀληθῶς
299 479 345 506 τοῦ
363 481 409 506 ἐπὶ
424 481 527 513 πάντας
539 481 607 508 Θεοῦ
620 492 626 515 ;

64 522 98 549 B.
125 523 240 550 Ἑαυτοῦ
251 543 258 555 ,
272 525 335 559 φησι
346 545 353 557 ,
374 526 437 557 τοὺς
456 526 588 560 ἀγγέλους
604 527 673 554 εἶναι
689 528 819 563 διῖσχυρί-

35 577 108 601 ιατο,
123 569 171 595 καὶ
183 569 266 596 τῶνδε
287 569 341 596 τῶν
357 571 476 605 σημείων
499 572 609 606 γέγονεν
623 573 816 610 ὰποτελεστὴς,

35 614 200 646 γνοικοῦντος
224 615 299 651 αὐτῷ
320 616 367 642 τοῦ
390 617 492 650 Λόγου,
516 618 594 651 δόξαν
618 620 647 646 δὲ
671 620 720 655 τὴν
751 621 818 647 ἰδίαν

35 659 105 694 ιὺτῷ
122 660 169 686 καὶ
183 660 212 686 τὸ
225 662 335 696 ὲνεργὲς
347 662 569 698 ἐκνενεμηκὸτος.
581 665 736 701 Γέγραπται
753 667 816 703 γὰρ,

35 706 70 731 in
89 714 98 730 ι
123 705 228 740 Ἰησοῦν
245 706 291 733 τὸν
308 707 362 734 ἀπὸ
377 708 502 744 Ναζαρὲτ
526 709 564 741 ὼς
583 709 690 746 ἔχρισεν
706 712 787 738 αὐτὸν
803 714 817 738 ὁ

35 751 95 782 θεὶς
112 752 250 787 Πνεύματι
263 754 334 788 ἁγίῳ
349 755 393 781 καὶ
407 755 530 791 δυνάμει,
545 756 574 788 ὃς
589 757 694 793 διῆλθεν
707 760 817 794 εὐεργε-

35 796 94 826 τῶν,
109 798 156 823 καὶ
172 797 284 832 ἰώμενος
299 799 404 831 πάντας
423 801 484 832 τοὺς
500 802 816 839 καταδυναστευομένους

35 841 82 866 ιπὺ
105 841 153 867 τοῦ
178 843 312 869 διαϐόλου.
332 855 339 868 ι
368 845 555 882 Κεχρισμένος
575 846 621 874 οὖν
641 850 687 876 καὶ
702 850 815 886 δυνάμει

35 886 76 912 ιαὶ
93 885 243 921 Πνεύματι,
258 889 441 924 τερατουργὸς
455 888 498 925 ἦν.

60 933 149 968 Φησὶν
163 934 177 959 ὸ
191 933 327 967 πάνσοφος
341 934 444 966 Παῦλος
455 943 462 950 ·
479 944 488 960 ι
507 935 578 962 Ἀλλ’
590 936 655 970 ἡμῖν
670 934 710 968 εἷς
721 936 788 968 Θεδς
798 938 813 964 ό

37 978 136 1014 lat-iw,
147 978 176 1011 ἐξ
196 975 226 1005 οὗ
241 979 274 1005 τὰ
291 979 449 1008 πάντα.καὶ
465 979 544 1014 ἡμεῖς
561 979 595 1006 δι’
609 981 703 1013 αὐτοῦ,
714 983 758 1007 καὶ
774 979 813 1013 εἷς

35 1024 130 1059 (opto;
155 1024 259 1058 Ἰησοῦς
271 1024 399 1060 Χριστὸς,
411 1025 444 1052 δι’
459 1022 489 1052 οὗ
506 1026 540 1052 τὰ
559 1027 660 1058 πάντα,
673 1027 721 1053 καὶ
734 1028 814 1062 ἡμεῖς

35 1069 59 1095 ἓι¹
79 1069 176 1097 αὐτοῦ.
197 1079 206 1096 ι
226 1071 287 1102 Πῶς
315 1069 372 1102 οὖν,
387 1072 446 1098 εἰπέ
474 1080 530 1106 μοι,
552 1072 587 1098 δι’
609 1073 754 1108 ἀνθρώπου
781 1076 815 1101 τὰ

35 1117 135 1150 ταυτας
152 1117 265 1144 ἁνθότου
281 1118 309 1144 δὲ
327 1119 375 1145 καὶ
389 1118 499 1152 ἀμέσως
513 1119 550 1151 ὡς
569 1119 630 1151 Υἱὸς
647 1120 733 1155 Πατρὶ
752 1129 815 1146 συν-

35 1164 168 1196 θάπτεται,
186 1163 399 1198 μεσολαϐοῦντος
425 1165 553 1198 οὐδενός,
579 1164 644 1193 Εἶτα
661 1167 722 1193 ὅποι
750 1167 815 1193 ποτὲ

40 1209 71 1235 ον
88 1209 229 1244 Μονογενῆ
243 1209 363 1246 θήσομεν
376 1212 415 1243 εις
428 1212 473 1239 τὸν
488 1212 570 1239 αὐτοῦ
586 1213 668 1240 τόπον
682 1213 815 1241 ἀναὸιὸἀ-

35 1258 119 1287 Iov-reg
135 1257 180 1283 τὸν
196 1257 351 1292 ἄνθρωπον,
366 1258 516 1292 καὶτοῦτο,
536 1259 609 1287 καθά
625 1268 718 1296 φησιν,
735 1261 813 1296 ἐνερ-

35 1302 162 1337 ὀύμενον
174 1302 240 1337 παρ’
255 1303 351 1336 αὐτοῦ,
363 1305 410 1330 καὶ
420 1304 454 1331 δι’
466 1304 548 1331 αὐτὸν
559 1306 732 1340 τιμώμενονς
748 1304 814 1342 'Ap'

35 1348 77 1374 ιύκ
96 1348 231 1383 ἐκϐέϐηκε
245 1349 276 1376 τὸ
291 1349 364 1382 εἰκὸς
380 1351 394 1377 ό
407 1349 486 1384 λόγος
501 1351 611 1385 αὐτοῖς
626 1353 675 1379 οὐκ
693 1352 746 1386 ἔξω
760 1354 812 1387 φέ-

35 1403 106 1422 ista;
135 1396 255 1429 σκοποῦ,
283 1397 331 1424 καὶ
356 1396 394 1429 ὡς
418 1398 469 1433 τῆς
499 1399 628 1434 ἀληθείας
653 1399 809 1436 όλοτρόπως

35 1441 208 1476 ιμαρτηκὼς,
225 1443 327 1479 γελῷτο
344 1445 377 1472 ἂν
395 1445 521 1477 ὲνδὲκωςς

871 250 945 278 ribus
961 250 1027 278 tneis
1045 251 1147 278 credite
1175 247 1192 277 '.
1207 259 1216 276 ι
1232 250 1299 278 Cum
1319 250 1390 278 cnim
1406 249 1549 277 iueifabiiis
1565 250 1658 285 gloriae

871 297 1028 325 excellentia
1047 298 1072 324 in
1097 296 1208 324 homine
1230 301 1370 329 cernatur,
1392 305 1444 324 non
1467 303 1496 323 ut
1518 297 1602 323 aliena
1625 297 1659 323 ab

872 343 930 377 ipso
955 347 1000 370 aut
1019 350 1067 376 per
1085 342 1200 377 gratiam
1223 342 1332 374 collata,
1360 342 1407 369 sed
1427 343 1534 376 propria
1561 341 1658 376 ipsius,

871 387 1005 422 quomodo
1025 395 1077 414 non
1098 387 1260 421 persuadeat
1285 386 1362 414 nobis
1377 387 1448 421 quod
1472 387 1540 413 Deus
1557 391 1616 413 erat
1631 386 1658 412 in

872 434 956 460 itu-tua
976 439 1076 461 nostra:
1094 434 1173 461 simili
1191 439 1216 460 et
1232 432 1316 460 Filius
1332 440 1394 460 vere
1409 433 1526 468 supremi
1543 432 1606 460 Dei?

907 524 935 550 Β.
954 523 1034 556 Suos,
1048 524 1180 558 inquiunt,
1199 523 1306 558 angelos
1320 530 1381 550 esse
1397 523 1474 556 dixit,
1489 526 1516 549 et
1530 522 1657 550 miracula

869 569 964 602 edidit,
982 570 1017 597 ob
1041 570 1194 597 inhabitans
1213 571 1238 596 in
1255 577 1284 596 se
1302 568 1416 596 Verbum
1428 589 1435 600 ,
1451 569 1562 604 gloriam
1579 575 1656 596 suam

868 620 894 642 et
913 616 966 643 vim
983 621 1062 650 atque
1076 615 1222 643 etiicaciatn
1239 616 1290 651 ipsi
1306 616 1439 643 tribuens.
1465 615 1602 650 Scriptum
1616 620 1657 643 est

868 662 962 689 enim:
991 672 1000 688 ι
1031 662 1123 690 Jesum
1152 662 1335 695 Nazarenum,
1365 663 1442 690 unxit
1474 662 1561 697 ipsum
1587 661 1656 689 Deus

868 707 970 742 Spiritu
980 714 1073 736 sancto
1081 714 1108 735 et
1119 709 1226 739 virtute,
1239 713 1266 735 et
1277 708 1506 742 transivitjuvans
1517 712 1543 736 et
1556 715 1656 736 sanans

867 761 961 781 omnes
987 755 1112 782 obsessos
1129 762 1143 781 a
1161 754 1276 782 tiiaboio‘
1293 753 1314 781 '.
1331 763 1340 780 ι
1360 754 1462 783 chtus
1490 755 1580 787 itaque
1602 754 1656 781 vir-

869 804 924 827 tute
941 805 966 826 et
982 799 1093 834 Spiritu,
1111 800 1238 827 miracula
1257 799 1360 827 edebat.

903 937 948 963 Ait
978 936 1196 972 sapientissimus
1221 936 1344 965 Paulus:
1364 946 1373 962 ι
1393 936 1444 964 Sed
1473 937 1553 965 nobis
1579 945 1651 965 unus

869 982 940 1010 Deus
968 981 1060 1017 Pater,
1089 991 1123 1011 ex
1146 992 1200 1018 quo
1216 984 1319 1014 omnia.
1344 989 1371 1011 et
1388 992 1438 1012 uos
1462 991 1496 1011 ex
1527 984 1608 1019 ipso:
1627 989 1654 1012 et

870 1037 939 1057 unus
964 1029 1093 1057 Dominus
1121 1029 1200 1058 Jesus
1223 1031 1367 1063 Christus,
1390 1038 1438 1065 per
1452 1038 1532 1066 quem
1549 1032 1650 1063 omnia,

868 1079 894 1102 et
920 1082 969 1102 nos
994 1083 1042 1110 per
1057 1075 1146 1110 ipsum
1160 1077 1180 1104 ⁸.
1199 1087 1208 1101 ι
1233 1076 1377 1110 Quomodo
1406 1078 1497 1112 igitur,
1526 1078 1652 1110 obsecro,

868 1128 916 1154 per
939 1121 1075 1148 hominem
1103 1127 1167 1149 sunt
1195 1123 1306 1150 omnia?
1333 1131 1414 1158 quam
1442 1131 1505 1151 vero
1523 1123 1558 1152 ob
1585 1132 1652 1151 cau-

867 1174 924 1193 sam
951 1167 1107 1195 immediate
1138 1173 1167 1195 ut
1195 1169 1277 1196 Filius
1305 1168 1376 1196 Patri
1401 1170 1577 1206 adiungitur,
1603 1178 1652 1197 ne-

868 1213 938 1240 tuine
951 1213 1173 1241 interveniente?
1188 1215 1286 1242 deinde
1301 1215 1412 1242 ubinam
1429 1215 1538 1243 tandem
1547 1215 1650 1250 Uuige-

864 1266 948 1293 nitum
974 1263 1183 1297 coiiocabimus,
1200 1264 1222 1291 si
1247 1263 1384 1291 hominem
1412 1263 1437 1291 in
1456 1263 1540 1298 ipsius
1564 1263 1650 1291 locum

865 1311 1003 1338 evehintus
1020 1317 1028 1343 ;
1045 1314 1073 1337 et
1085 1309 1211 1344 quidem,
1229 1313 1258 1336 ut
1272 1308 1323 1344 ipsi
1337 1308 1428 1336 volunt
1439 1328 1446 1340 ,
1463 1309 1488 1336 vi
1509 1317 1539 1336 ac
1552 1310 1651 1337 virtute

864 1358 897 1384 ab
911 1357 968 1391 ipso
982 1354 1305 1391 insignitum,gloriaque
1331 1362 1378 1389 per
1402 1355 1651 1389 ipsuutaliectutn‘.’

867 1403 941 1430 Anne
955 1401 1000 1428 tibi
1016 1401 1121 1429 illorum
1136 1401 1253 1428 rationes
1269 1400 1391 1428 absurdae
1405 1405 1431 1428 et
1444 1408 1458 1427 τι
1472 1408 1554 1435 scopo
1569 1402 1649 1430 aher-

865 1451 969 1478 rantes,
989 1450 1069 1480 atque
1088 1446 1154 1473 adeo
1173 1454 1187 1472 ο
1206 1445 1320 1473 veritate
1342 1453 1453 1480 prorsus
1472 1447 1580 1479 alienae,
1595 1447 1649 1475 risu

867 1493 962 1520 merito
981 1492 1146 1528 excipienda
1165 1491 1305 1518 videntur?
1342 1511 1348 1520 κ

64 1530 95 1556 Β.
111 1529 280 1564 Ἀνθρωπος,
293 1531 406 1565 φης).νρ
418 1530 465 1557 τοῦ
480 1530 548 1557 Θεοῦ
563 1532 646 1566 Λόγος
657 1533 812 1568 ὠνόμασται

896 1538 926 1566 Β.
945 1537 1059 1565 Verbum
1077 1538 1139 1570 Dei,
1157 1537 1297 1572 inquiunt,
1316 1542 1426 1565 vocatur
1444 1538 1540 1570 homo,
1557 1537 1649 1573 hujus-

35 1575 100 1602 ιατὰ
118 1574 217 1600 τοιόνδε
233 1575 294 1601 τινὰ
309 1575 419 1610 τρόπον.
435 1575 540 1611 Ὥσπερ
554 1577 608 1612 γὰρ
622 1579 636 1604 ὁ
651 1579 716 1614 παρ’
731 1580 812 1607 αὑτοῦ

895 1584 963 1611 modi
974 1583 1091 1618 quadam
1107 1582 1218 1610 ratione.
1234 1582 1465 1615 Quemadmodum
1478 1584 1550 1610 enim
1567 1583 1648 1610 homo

35 1620 138 1656 προεὶς
156 1621 317 1657 ἄνθρωπος,
341 1622 470 1658 ἐγεννήθη
497 1623 546 1657 μὲν
569 1624 598 1649 ὲν
623 1623 746 1660 Βηθλεὲμ
764 1626 814 1660 τῆς

35 1667 173 1699 Ἰουδαίας,
197 1667 303 1702 εἴρηται
319 1667 347 1694 δὲ
361 1667 530 1703 Ναζωραῖος,
541 1669 585 1696 διὰ
596 1669 626 1695 τὺ
638 1670 748 1705 οἰκῆσαι
764 1671 813 1706 τὴν

35 1714 166 1748 Ἶαζαρὲτ,
183 1713 254 1740 οὕτω
268 1714 315 1740 καὶ
329 1714 343 1740 ὁ
354 1713 420 1744 Θεὸς
440 1714 534 1747 Λόγος,
557 1715 698 1750 ἄνθρωπος
712 1716 811 1751 ὀνομά-

35 1760 115 1791 ζεται,
130 1758 174 1784 διὰ
191 1759 221 1785 τὸ
233 1758 393 1793 κατοικῆσαι
409 1759 438 1784 ὲν
452 1759 597 1794 ἀνθρώπῳ.

63 1806 97 1831 Α.
115 1805 146 1830 Ὢ
170 1804 268 1839 φρενὸς
282 1804 490 1839 γραοπρτποῦς,
509 1805 555 1832 καὶ
568 1805 614 1832 νοῦ
633 1807 810 1842 παρειμένου,

861 1630 904 1664 qui
936 1629 969 1656 ab
1001 1631 1057 1663 ipso
1077 1635 1229 1663 assumptus
1250 1633 1292 1657 est
1313 1635 1392 1657 natus
1423 1629 1530 1664 quidem
1551 1634 1593 1657 est
1621 1630 1649 1658 in

862 1676 1017 1704 Bethiehem
1031 1674 1129 1702 ludam:
1150 1675 1161 1690 "
1192 1685 1198 1702 :
1223 1675 1311 1703 dictus
1325 1681 1413 1704 autem
1435 1680 1478 1703 est
1494 1675 1647 1709 Nazaraeus,

863 1722 932 1756 quod
947 1722 973 1748 in
994 1721 1127 1748 Nam-truth
1149 1721 1306 1749 habitaret‘
1334 1730 1342 1755 ;
1361 1723 1397 1749 ita
1410 1728 1437 1749 et
1451 1722 1520 1750 Deus
1531 1721 1649 1750 Verbum

864 1772 974 1794 vocatur
989 1767 1078 1799 homo,
1095 1767 1157 1801 quia
1176 1766 1309 1794 inhabitat
1320 1767 1346 1794 in
1362 1767 1479 1794 homine.

890 1812 948 1840 A.0
956 1812 1035 1839 anilia
1043 1818 1205 1846 commenta,
1214 1820 1355 1847 merasque
1362 1820 1458 1848 nugas,
1467 1813 1560 1846 verba,
1569 1820 1649 1841 voces

35 1852 76 1878 ιαὶ
84 1850 255 1885 βατταρίζειν
266 1850 376 1881 εἰδότος,
385 1851 431 1876 καὶ
439 1850 532 1885 ἕτερον
544 1850 632 1877 οὐδέν.
644 1851 795 1887 Ἐκνήψατε
802 1874 808 1886 ,

35 1898 52 1924 ιε
80 1896 233 1932 μεθύοντες,
253 1895 282 1928 ἐξ
295 1895 366 1922 οἴνου
383 1896 489 1928 αὐτῶν,
505 1896 674 1930 ἐπιφωνειτω
696 1907 738 1930 τις
756 1901 812 1931 τοῖς

35 1942 188 1974 ἰιεναντίας,
204 1942 230 1968 τί
247 1941 452 1976 παραδιάζεσθε
464 1941 590 1977 τάληθὲς,
603 1943 651 1969 καὶ
665 1945 719 1970 τῶν
733 1945 811 1973 θείων

35 1989 169 2023 ῖογμάτων
186 1988 234 2024 τὴν
250 1988 364 2023 δύναμιν
386 1988 607 2023 παρευθύνοντες,
625 1989 676 2022 ἔξω
696 1991 811 2027 φέρεσθε

897 1995 1060 2028 hvertenles,
1075 2003 1091 2022 a
1102 1995 1143 2023 via
1157 1995 1230 2029 regia
1239 1995 1380 2023 deﬂectitis
1392 1995 1504 2030 ?Neque
1523 1995 1607 2027 enim.
1620 1999 1649 2024 ut
1701 1989 1705 1992 ’

35 2036 124 2070 τρίὸου
143 2037 192 2070 τῆς
212 2034 373 2070 βασιλικῆς;
396 2034 493 2068 Γέγονε
506 2034 561 2069 γὰρ
574 2053 582 2067 ,
599 2033 637 2066 ὡς
649 2033 748 2064 ἔοικεν,
767 2033 812 2061 οὐκ

893 2037 977 2070 ietur,
987 2035 1103 2064 Verbum
1113 2044 1177 2064 eam
1187 2036 1285 2064 factum
1293 2041 1343 2070 est,
1352 2037 1398 2064 sed
1412 2037 1501 2072 potius
1510 2037 1654 2073 ἀνθρωπο-

35 2082 69 2108 ἱτι
89 2081 138 2116 μὲν
154 2080 223 2116 σὰρξ
237 2082 251 2106 ὁ
267 2081 352 2114 Λόγος
368 2080 437 2106 κατὰ
448 2079 496 2110 τὰς
519 2079 628 2115 Γραφὰς
642 2100 649 2112 ,
672 2079 812 2115 ἀνθρωπο-

893 2081 984 2116 ιλίτης,
994 2082 1043 2109 hoc
1056 2087 1108 2114 est,
1120 2081 1238 2109 hominis
1249 2082 1347 2114 incola,
1357 2087 1384 2109 et
1397 2083 1560 2110 conveniens
1570 2083 1651 2112 fuerit

35 2126 141 2161 τολὶτης
156 2126 184 2152 δὲ
204 2125 315 2162 μᾶλλον,
334 2123 428 2160 καὶῆν
447 2125 593 2151 ἀκόλουθον
611 2124 690 2151 αὑτὸν
713 2124 812 2159 ἁνθρω·

893 2135 934 2153 ιιιιι
947 2134 999 2154 non
1014 2127 1148 2154 hominem
1161 2127 1207 2155 sed
1224 2127 1372 2154 humanum
1385 2134 1481 2156 vocare
1497 2137 1503 2155 :
1523 2129 1651 2162 quemad-

35 2174 109 2198 ταῖον
132 2172 242 2207 μᾶλλον,
263 2172 313 2198 οὐκ
326 2171 467 2207 ἄνθρωπον
480 2170 673 2205 ὀνομάζεσθαι,
691 2169 812 2206 καθάπερ

893 2172 973 2200 udum
981 2176 1008 2200 et
1018 2172 1064 2207 qui
1072 2171 1207 2200 Nazaretb
1217 2172 1379 2200 inhabitavit
1391 2172 1549 2202 Nazarenus
1563 2175 1650 2202 dictus

35 2219 127 2253 ὶμέλει
146 2219 192 2246 καὶ
208 2220 222 2245 ὁ
239 2218 407 2254 κατοικήσας
425 2218 475 2253 τὴν
499 2216 641 2252 Ναζαρὲτ,
658 2216 812 2252 Ναζωραῖος

893 2222 913 2250 t,
932 2225 983 2244 non
998 2216 1144 2244 Nazareth.
1158 2216 1285 2251 Quinimo
1294 2217 1361 2244 nihil
1375 2225 1486 2252 prorsus
1501 2218 1649 2251 obstiterit,

35 2266 202 2300 ἷονόμασται,
218 2265 266 2291 καὶ
277 2265 307 2291 οὐ
328 2264 463 2298 Ναζαρέτ.
485 2265 578 2299 Εἵργει
594 2264 632 2296 δὲ,
647 2262 734 2299 οἶμαι,
752 2272 812 2290 παν-

905 2268 1087 2292 commentum
1103 2262 1209 2290 illorum
1226 2270 1317 2290 verum
1332 2267 1389 2295 est,
1409 2264 1544 2291 imminent
1559 2265 1650 2292 vocari

35 2311 117 2342 τελῶς
132 2311 218 2342 οὐδὲν,
230 2310 310 2346 εἴπερ
326 2307 355 2336 εὖ
372 2309 444 2345 ἔχειν
460 2309 560 2335 οἴονται
575 2308 606 2335 τὺ
622 2309 713 2343 σφισιν
727 2309 812 2340 αὐτοῖς

893 2318 914 2337 ta
929 2317 989 2337 cum
999 2309 1068 2336 Filio
1075 2309 1155 2336 etiam
1167 2308 1274 2335 Patrem
1284 2313 1310 2335 et
1321 2308 1452 2343 Spiritqu
1461 2309 1650 2337 sanctumJla-

866 1865 1049 1894 praetereaque
1062 1859 1145 1886 nihili
1161 1859 1301 1894 Evigiiate,
1316 1860 1464 1892 temulenti,
1478 1867 1512 1887 ex
1526 1860 1587 1888 vino
1600 1868 1648 1887 ve-

865 1908 932 1936 suo.
944 1903 1040 1931 merito
1046 1903 1107 1939 quis
1118 1903 1251 1931 hs‘reticis
1257 1904 1396 1932 occlantet.
1405 1905 1473 1939 Quid
1574 1905 1648 1933 veri-

866 1949 913 1976 tati
929 1949 982 1976 vim
998 1948 1126 1977 iniertis?
1147 1955 1174 1977 et
1189 1950 1340 1978 divinorum
1352 1950 1505 1985 dogmatum
1520 1951 1649 1979 virtutetn

35 2354 168 2386 Ξισυνέτως
190 2354 382 2389 ἐξευρημένον,
399 2353 544 2389 ἄνθρωπον
567 2353 749 2388 ὀνομάζεσθαι
771 2353 812 2379 ain

893 2360 928 2383 tat
941 2355 1012 2383 enim
1029 2355 1056 2382 in
1070 2354 1149 2381 nobis
1163 2361 1211 2390 per
1226 2353 1368 2388 Spiritum,
1381 2360 1483 2381 sancta:
1497 2359 1525 2381 et
1537 2357 1652 2382 consult-

35 2400 93 2435 Γξῷ
111 2400 155 2426 τὸν
179 2400 290 2436 Πατέρα
311 2400 359 2426 καὶ
372 2400 483 2435 προσέτι
506 2399 536 2426 τὺ
555 2399 667 2434 Πνεῦμα
686 2399 717 2426 τδ
733 2400 809 2432 ἆγιον

893 2402 992 2429 Intialis
1001 2399 1141 2428 Trinitatis
1153 2399 1382 2434 pienitudo.Uude
1393 2405 1420 2428 et
1433 2399 1531 2428 Paulus
1542 2401 1630 2436 inquit
1644 2409 1651 2428 :

35 2447 163 2474 Κατοιχεῖ
177 2447 229 2482 γὰρ
243 2447 273 2473 ὲν
287 2447 353 2482 ἡμῖν
372 2446 416 2472 διὰ
428 2445 476 2473 τοῦ
492 2446 660 2480 Πνεύματος,
678 2446 728 2480 τῆς
740 2445 812 2479 ἁγία.

893 2449 931 2475 An
956 2448 1067 2475 nescitis
1085 2447 1155 2482 quod
1173 2446 1300 2481 templum
1317 2447 1364 2474 Dei
1392 2447 1472 2481 estis,
1492 2451 1519 2475 et
1535 2447 1653 2482 Spiritus

35 2502 64 2519 τε
82 2493 127 2519 καὶ
145 2493 289 2528 ὁμοουσίου
304 2492 419 2528 Τριάδος
442 2493 472 2519 τὸ
488 2493 634 2528 πλήρωμα.
653 2492 707 2518 Καὶ
723 2491 789 2525 γοῦν
808 2500 812 2516 ι

893 2495 907 2522 ιι
925 2495 1055 2522 inhabitat
1069 2494 1095 2521 in
1112 2493 1188 2522 vobis
1215 2493 1225 2508 °
1241 2492 1253 2519 ?
1267 2502 1277 2518 ι
1299 2492 1368 2526 Quin
1383 2498 1411 2521 et
1439 2493 1557 2528 ipsemet
1572 2493 1652 2521 Chri-

35 2539 139 2571 nam;
154 2547 248 2575 φησιν’
266 2549 275 2566 ι
291 2540 348 2566 Οὐκ
361 2539 450 2566 οἴδατε
464 2539 505 2566 ὅτι
521 2539 586 2571 ναὸς
601 2538 669 2565 Θεοῦ
683 2539 755 2569 ἐστε,
771 2538 812 2565 xui

893 2548 918 2568 is
933 2548 940 2567 :
957 2549 967 2566 ι
984 2539 1013 2568 Si
1029 2540 1088 2575 quis
1098 2545 1171 2567 amat
1187 2547 1239 2571 me,
1255 2546 1408 2567 sermonem
1425 2546 1512 2566 meum
1524 2540 1651 2568 servabit.

35 2586 65 2612 τὸ
91 2585 199 2620 Πνεῦμα
221 2585 268 2612 τοῦ
288 2585 356 2612 Θεοῦ
370 2587 493 2613 κατοικεῖ
512 2586 542 2612 ὲν
563 2585 644 2619 ὑμῖν;
663 2594 671 2610 ι
695 2584 749 2611 Καὶ
770 2583 812 2620 μὴν

894 2585 975 2613 Pater
993 2592 1068 2612 meus
1080 2584 1170 2620 diliget
1184 2592 1245 2612 eum
1256 2604 1264 2618 ,
1277 2589 1304 2612 et
1314 2585 1466 2618 veniemus,
1482 2592 1514 2612 ac
1534 2586 1652 2613 mansio-

35 2632 84 2659 καὶ
99 2632 199 2664 αὺτὺςὸ
211 2633 344 2668 Χριστὸς,
359 2642 367 2658 ι
380 2633 443 2660 Ἐάν
456 2641 498 2664 τις
513 2632 608 2667 ἀγαπᾷ
624 2640 668 2667 με.
685 2631 731 2658 τὸν
745 2631 812 2666 λόγο-

893 2638 922 2658 ιιιι
941 2631 1012 2666 apud
1024 2638 1085 2658 eum
1101 2630 1232 2658 iaciemus
1266 2631 1287 2657 ⁷.
1307 2639 1317 2657 ›
1338 2629 1470 2658 Caeterum
1485 2630 1567 2658 Pater
1581 2631 1653 2658 nulla

36 2688 90 2715 μου
104 2679 228 2715 τηρήσει,
244 2680 290 2706 καὶ
303 2679 317 2705 6
332 2680 427 2715 Πατήρ
448 2688 498 2714 μου
515 2679 655 2714 ἀγαπήσει
668 2678 759 2711 αὑτὸν,
778 2687 812 2715 κα

894 2677 966 2705 t‘iOne
986 2677 1074 2705 dictus
1095 2682 1137 2704 est
1162 2677 1259 2708 hoino,
1281 2680 1375 2703 utnec
1397 2677 1513 2712 Spiritus
1530 2682 1651 2710 sanctus,

37 2726 212 2758 ἐλευσόμεθα,
238 2726 285 2752 καὶ
309 2726 394 2760 μονὴν
426 2726 491 2760 παρ’
510 2725 584 2760 αὐτῷ
611 2724 790 2759 ποιησόμεθα.

893 2723 922 2750 tia
937 2722 963 2749 in
987 2721 1065 2750 nobis
1082 2721 1246 2749 habitarunt.
1273 2721 1326 2749 Sed
1342 2722 1456 2750 irrident
1472 2723 1514 2750 isti
1529 2723 1654 2750 incarna-

71 2802 78 2817 '
96 2801 171 2830 Jnan.
185 2809 210 2833 ι,
226 2800 269 2828 57.
308 2800 318 2815 ¹
329 2800 389 2828 Act.
403 2808 429 2831 λ,
445 2798 489 2826 58.
528 2799 539 2816 ³
559 2798 565 2824 l
581 2797 645 2826 Cor.
659 2806 718 2830 νιιι,
733 2797 760 2825 6.

35 2847 88 2866 κιν,
111 2838 152 2863 '15.

896 2798 922 2825 it.
942 2806 970 2831 ιι,
987 2798 1011 2825 5.
1051 2798 1060 2813 ⁵
1074 2799 1142 2828 Luc.
1155 2808 1183 2834 ιι,
1199 2800 1243 2828 Si.
1281 2801 1290 2816 '
1303 2801 1314 2828 l
1329 2801 1391 2829 Cor.
1406 2810 1447 2837 ιιι,
1466 2803 1510 2832 16.-
1549 2803 1560 2821 ⁷
1572 2804 1653 2834 Joan.
1673 2797 1676 2800 ⁴

191 2885 324 2914 ΡΑτιιοι..
346 2883 404 2913 GR.
426 2882 555 2914 CXXX.

1432 2884 1465 2914 31
