1874 3076
44 149 89 182 977

506 145 692 176 PANOPLlA
714 145 944 176 DOGMA'I'ICA.
957 157 993 184 ἡ
1005 145 1077 177 ΤΙΤ.
1099 145 1161 177 XV.

1596 144 1654 176 9-78

44 220 108 243 νους,
129 211 222 245 πότερα
239 208 414 244 μεθιεμένους
430 207 478 234 καὶ
502 207 703 238 ἀναπίπτοντας
726 207 764 238 εἰς
780 208 809 233 τὺ

913 219 969 244 nos,
988 217 1014 240 et
1035 212 1140 241 deliciis
1159 213 1280 245 deditas,
1298 213 1483 249 hilaritatique
1510 219 1538 242 et
1554 214 1657 249 gaudio-

44 257 154 292 ὺᾲθυμον,
171 256 214 282 καὶ
231 255 281 282 οὐκ
297 255 325 281 ἐν
343 254 432 289 καιρῷ
445 254 606 289 τρυφῶντας
628 254 675 280 καὶ
696 253 809 289 εὐρυνο-

44 303 127 336 μένους
138 303 171 333 είς
183 301 324 336 εὐθυμίαν,
338 301 355 336 ἢ
373 300 596 336 συντεινομένους
608 301 647 331 είς
661 300 746 332 λιτὰς,
763 300 810 327 καὶ

44 347 236 383 ἱῖδακρυμένους
255 346 370 382 ὁρᾶσθαι
388 346 427 381 τῷ
444 346 575 378 σώζοντι,
601 346 649 373 καὶ
672 346 722 381 τὴν
744 351 809 381 παρ’

44 394 113 420 λὺτοῦ
134 393 260 428 διψῶντας
285 392 455 428 ἐπικουρίαν,
480 393 526 419 καὶ
545 392 636 427 μέντοι
659 392 706 419 καὶ
730 392 809 419 εὐαν-

44 439 115 475 Ξειίαν,
130 439 201 473 εἴπερ
222 438 308 465 ἕλοιτο
330 439 378 465 καὶ
392 439 489 465 παθεῖν
503 439 586 474 ἡμᾶς.
599 439 677 468 ,Ἔδει
698 447 728 465 τε
744 438 809 474 πρὸς

44 484 134 516 τούτοις
155 484 248 511 εἰδέναι
275 484 432 519 χρησίμως,
458 485 518 510 ὅποι
539 484 603 511 ποτὲ
627 484 682 519 ἄρα
707 484 737 510 τὸ
760 484 811 519 τῆς

44 531 149 564 Ἇπακοῆς
168 530 274 562 διέξεισι
291 529 396 564 πέρας,
415 530 463 556 καὶ
483 529 527 556 διὰ
543 529 627 557 ποίων
640 529 749 565 ἔρχεται
765 539 812 564 γε·

44 577 99 608 ρῶν,
111 577 167 607 ὅσος
177 584 205 602 τε
219 577 265 602 καὶ
277 575 332 607 οἷος
355 575 405 610 τῆς
418 576 557 611 ὑπομονῆς
568 577 582 602 6
596 576 700 611 μισθός.
714 576 811 611 Γέγονε

44 623 119 649 τοίνυν
129 622 296 654 ὐποτύπωσις
309 622 362 649 τῶν
377 621 504 648 τοιούτων
518 623 582 657 ἡμῖν
601 623 615 648 ὁ
626 623 753 658 Χριστὸς,
763 623 813 650 καὶ

44 668 102 704 πρός
118 676 145 701 γε
161 667 236 694 τοῦτο
250 668 326 702 ἡμᾶς
339 667 451 703 ἐμπεδοῖ
464 668 551 701 λέγων
571 669 585 694 ὁ
602 668 747 700 θεσπέσιος
762 669 814 695 1Ιέ-

44 722 106 749 τρος·
125 722 133 739 ‹
150 713 223 740 Ποῖον
241 713 296 748 γὰρ
309 713 396 745 κλέος,
413 714 436 739 εἰ
451 714 654 748 ἁμαρτάνοντες
673 715 719 741 καὶ
734 715 814 742 κολα-

44 761 168 795 θιζόμενοι
189 759 354 794 ὑπομένετε;
377 759 445 786 Ἀλλ’
461 760 486 786 εἰ
502 759 730 793 ἀγαθοποιοῦντες
746 760 814 788 ὐπο-

44 807 139 837 ιένετε,
159 804 236 830 τοῦτο
254 804 334 840 χάρις
366 805 440 840 παρὰ
466 804 535 840 Θεῷ,
559 806 600 832 ὅτι
627 806 673 832 καὶ
697 806 814 840 Χριστὸς

44 856 169 882 ἀπέθανεν
183 856 253 891 ὑπὲρ
271 855 360 890 ὑμῶν,
374 855 437 889 ὑμῖν
462 853 660 889 ὑπολιμπάνων
676 853 821 888 ὑπογραμ-

44 901 98 935 μὸν,
113 902 153 927 ἵνα
169 900 403 935 ἐπακολουθήσητε
418 900 476 931 τοῖς
490 899 592 934 ῖχνεσιν
611 899 704 928 αὐτοῦ.
718 910 728 927 ι
748 901 821 928 Οὐκ-

44 948 93 978 )ὖν,
113 947 140 973 οὐ
155 946 255 981 γυμνὴς
267 945 304 972 ὢν
319 946 358 971 ἔτι
377 946 424 972 καὶ
440 945 495 972 τῶν
510 945 559 979 τῆς
576 945 718 977 κενώσεως
735 946 820 981 ἀμέτ-

44 1000 97 1026 ιχος
111 992 215 1027 τρόπων
226 993 239 1018 ὁ
252 991 299 1017 τοῦ
327 990 394 1017 Θεοῦ
409 991 504 1025 Λόγος,
520 990 576 1017 ἀλλ’
589 992 617 1017 ὲν
632 992 692 1021 ταῖς
703 991 821 1027 ἡμέραις

44 1039 85 1073 τῆς
104 1038 199 1073 σαρκὸς
219 1036 300 1064 αὐτοῦ
323 1037 434 1070 γέγονεν
457 1037 525 1072 ἡμῖν
554 1036 748 1071 ὑπογραμμὸς,
773 1037 821 1064 ἅτε

44 1084 82 1110 (αὶ
94 1084 298 1118 ἀνεπιπλὴχτως
312 1082 371 1114 ὲξὸν
390 1082 464 1117 αὐτῷ
478 1083 533 1114 τοῖς
548 1084 597 1118 τῆς
615 1082 822 1119 ὰνθριυπότητος

44 1129 149 1164 (ρῆοθαι
166 1130 286 1164 μέτροις,
305 1128 352 1154 καὶ
365 1129 503 1154 ἀνατεῖναι
519 1128 606 1162 λιτὴν,
623 1129 667 1154 καὶ
684 1129 822 1156 καταστά-

44 1176 79 1206 ξαι
100 1175 223 1209 δάκρυον,
247 1174 293 1200 καὶ
316 1174 405 1200 δοκεῖν
423 1173 474 1208 ἥδη
499 1182 558 1205 πως
583 1173 630 1200 καὶ
653 1173 756 1201 δεῖσθαι
775 1173 822 1200 τοῦ

44 1218 174 1250 ῖώζοντος,
190 1219 235 1245 καὶ
253 1218 398 1252 μανθάνειν
424 1218 472 1253 τὴν
488 1218 621 1253 ὑπακοὴν,
639 1219 738 1254 καίπερ
757 1219 822 1246 ὄντα

44 1265 107 1291 ι’ίόν.
122 1265 301 1300 Κατατέθηπε
321 1264 375 1300 γὰρ
389 1263 484 1299 ὥσπερ
497 1264 526 1290 τὸ
544 1265 692 1300 μυστήριον
709 1266 722 1291 ό
738 1273 821 1291 πνευ-

44 1309 196 1344 ιατοφύρος,
211 1310 252 1335 ὅτι
269 1308 350 1343 φύσει
369 1318 398 1336 τε
415 1309 462 1335 καὶ
476 1309 583 1344 ἀληθῶς
600 1310 730 1344 ὑπάρχων
748 1310 821 1342 Υἱὸς,

44 1355 80 1380 ταὶ
94 1355 148 1385 τοῖς
160 1354 208 1388 τῆς
224 1354 348 1389 θεότητος
365 1355 522 1389 αὐχήμασιν
535 1355 690 1390 ἐμπρεπὴς,
703 1355 823 1390 καθῆκεν

48 1400 128 1426 αυτὸν
144 1401 182 1431 είς
196 1400 369 1433 ταπείνωσιν,
382 1400 419 1431 ὡς
435 1401 484 1434 τῆς
500 1400 671 1436 ἀνθρωπίνης
688 1402 823 1436 πτωχείας

44 1445 158 1471 ιπελθεῖν
181 1445 210 1472 τὸ
235 1445 451 1481 σμικροπρεπές.
469 1445 539 1471 Ἀλλ’
559 1444 593 1481 ἦν
612 1447 652 1478 εἰς
672 1447 762 1482 ἡμᾶς,
786 1447 824 1478 ὡς

48 1499 110 1526 φην,
126 1490 196 1518 ὁτοῦ
212 1492 373 1526 πράγματος
385 1491 480 1524 τύπος,
496 1491 576 1524 καλὸς
591 1493 638 1518 καὶ
651 1493 822 1528 ὀνησιφόρος·

861 259 980 286 animum
994 260 1115 286 laxantes
1131 268 1137 286 :
1153 266 1186 286 an
1204 259 1293 294 potius
1309 267 1360 286 una
1382 261 1507 294 precibus
1520 260 1652 293 intentos,

861 311 888 333 et
912 306 1094 341 lacrymantes
1107 313 1199 333 coram
1233 305 1375 334 Salvatore
1408 307 1493 340 cerni,
1516 313 1543 334 et
1570 307 1655 341 ipsius

860 352 990 380 auxilium
1018 353 1098 380 avide
1128 357 1297 387 appetentes,
1328 352 1450 388 fortique
1473 354 1565 381 animo
1587 361 1654 388 prae-

861 398 932 426 ditos
957 405 1028 431 esse,
1057 398 1079 425 si
1098 398 1179 425 etiam
1204 406 1252 425 nos
1270 400 1324 433 pati
1344 399 1470 426 voluerit.
1496 398 1655 426 Consultum

862 450 991 479 prmterea
1018 451 1078 472 erat
1097 446 1168 473 scire
1196 446 1257 480 quis
1285 446 1321 472 sit
1342 445 1503 473 obedientia:
1528 445 1600 477 linis,
1629 450 1656 473 et

863 490 950 525 qualis
969 490 1286 526 (plantaquetolerantize
1315 497 1420 518 merces
1441 490 1478 518 sit
1505 490 1657 525 proposita.

866 536 968 564 llorum
999 538 1093 571 itaque
1124 537 1244 565 omnium
1276 537 1360 572 ﬁgura
1388 540 1471 572 alque
1503 536 1656 571 exetnplnm

867 581 944 609 nobis
972 582 1058 609 factus
1092 587 1135 610 est
1159 581 1295 615 Christus,
1324 583 1396 617 quod
1419 587 1447 609 et
1473 581 1580 610 divinus
1614 581 1656 608 ille

866 627 962 656 Petrus
978 628 1120 656 conﬁrmat
1132 629 1225 656 dicens
1241 637 1248 655 :
1267 638 1276 654 I
1294 628 1359 661 Quae
1378 628 1451 656 enim
1473 633 1513 656 est
1540 628 1609 660 laus,
1634 627 1658 655 si
1704 644 1709 647 -

866 679 1010 707 peccantes
1043 678 1070 701 et
1096 674 1258 709 colaphizati
1286 673 1435 703 sull'ertisl
1459 673 1510 701 Sed
1536 673 1560 701 si
1589 673 1658 701 bene

867 718 997 746 facientes
1011 720 1145 754 patienter
1174 721 1324 754 sustinetis,
1338 721 1395 748 haec
1414 724 1455 747 est
1477 719 1563 755 gratia
1588 719 1661 754 apud

868 764 950 791 Deum
969 775 974 791 :
990 766 1051 800 quia
1066 771 1093 793 et
1103 766 1226 794 Christus
1241 774 1338 801 passus
1347 769 1388 794 est
1401 772 1449 800 pro
1471 764 1558 796 vobis.
1574 764 1658 791 r8“!!-

867 817 954 843 quens
966 810 1040 836 vobis
1052 811 1204 846 exetnplnrn
1214 816 1243 838 ut
1253 812 1403 846 sequamini
1415 809 1589 845 vestigiaejus
1611 808 1628 836 ’.
1647 819 1662 837 ι

872 858 996 890 Proinde,
1025 866 1076 885 nun
1095 859 1194 885 nudum
1222 863 1249 884 et
1277 857 1471 884 exinanitionis
1499 864 1595 892 expers
1613 856 1659 883 Dei

874 903 999 934 Verbum,
1104 902 1150 929 sed
1172 902 1197 928 in
1211 901 1305 929 diebus
1321 902 1413 929 carnis
1431 910 1486 929 sure
1505 901 1605 929 factum
1617 907 1658 930 est

872 947 950 975 nobis
974 946 1125 982 exemplum
1145 955 1152 980 ;
1171 948 1237 974 adeo
1269 951 1298 974 ut
1329 947 1397 974 citra
1421 947 1664 981 reprehensionem

872 993 949 1021 liccat
968 994 992 1020 ei
1006 992 1129 1020 humanis
1146 992 1267 1020 moribus
1287 992 1337 1025 uti,
1354 997 1382 1019 et
1404 1000 1498 1028 preces
1510 993 1616 1024 offerre.
1631 997 1660 1020 et

872 1039 1005 1074 lacrymas
1037 1038 1209 1073 profundere,
1241 1043 1268 1065 et
1294 1037 1463 1065 Sahatorcm
1500 1044 1667 1074 exspectare

844 1105 851 1112 ,
872 1090 952 1118 atque
974 1083 1130 1118 implorare,
1157 1088 1183 1110 et
1198 1083 1380 1110 obedientiam
1407 1083 1523 1113 discere,
1552 1083 1658 1109 tametsi

871 1131 906 1156 sit
921 1129 1014 1156 Filius.
1025 1129 1161 1156 Attonitus
1173 1129 1244 1155 enitn
1259 1129 1459 1163 quodammodo
1473 1128 1522 1155 fuit
1538 1128 1658 1164 mysterii

872 1174 1057 1209 magnitudine
1080 1173 1224 1208 Apostolus
1256 1173 1358 1208 Spiritu
1377 1173 1494 1204 alilntns,
1525 1173 1596 1208 quod
1612 1181 1660 1200 na-

871 1226 929 1246 tura
947 1227 979 1247 ac
994 1227 1056 1247 vere
1068 1219 1203 1247 exsistens
1214 1219 1309 1252 Filius,
1337 1224 1364 1246 et
1381 1219 1469 1246 divina
1489 1219 1573 1253 gloria
1590 1218 1659 1245 emi-

871 1274 948 1300 nens,
976 1267 1093 1301 seipsum
1116 1266 1149 1292 ad
1172 1273 1232 1292 eam
1261 1265 1437 1292 humilitatem
1462 1264 1611 1295 tlt‘llllSCl'll,
1631 1268 1660 1290 ut

871 1315 994 1341 humanae
1010 1313 1106 1347 inopia:
1117 1312 1246 1339 vilitatem
1264 1312 1355 1338 subire
1370 1319 1423 1338 non
1436 1312 1578 1338 recusarit.
1594 1311 1658 1342 Sed,

871 1365 899 1387 ut
915 1359 980 1392 dixi,
1006 1359 1106 1394 negotii
1133 1358 1213 1393 hujus
1241 1357 1394 1392 exemplum
1420 1357 1453 1384 ad
1480 1364 1528 1384 nos
1563 1364 1660 1391 magno

871 1410 963 1433 nostro
987 1404 1129 1432 commodo
1164 1403 1302 1438 spectabat
1326 1411 1333 1430 :
1359 1406 1388 1429 ut
1413 1402 1575 1429 doceremur
1607 1410 1662 1429 non

872 1452 971 1478 debere
983 1457 1031 1477 nos
1049 1450 1075 1477 in
1100 1449 1179 1476 alium
1199 1449 1268 1476 viam
1291 1448 1444 1480 deﬂectere,
1463 1455 1524 1475 cum
1554 1451 1661 1482 tempus

872 1496 1054 1523 fortitudinem
1067 1498 1161 1529 poscat
1173 1502 1180 1527 ;
1191 1495 1262 1529 quod
1281 1493 1321 1521 vel
1340 1494 1402 1520 hinc
1415 1493 1515 1528 optime
1526 1492 1659 1527 quispiam

44 1544 69 1567 ,ις
88 1536 116 1561 τό
133 1544 173 1562 τοι
192 1535 229 1570 μὴ
244 1536 342 1570 χρῆναι
356 1535 474 1570 διᾴττειν
490 1538 563 1572 ἡμᾶς
585 1538 624 1569 εἰς
642 1538 739 1573 ἑτέραν
753 1538 816 1572 ὁδὸν1

913 1540 1045 1568 ellexerit.
1080 1538 1206 1566 Christus
1229 1538 1302 1565 enim
1329 1538 1392 1565 alibi
1417 1537 1524 1572 quidem
1552 1537 1658 1571 inquit:

44 1581 80 1606 ιαὶ
100 1580 131 1607 οὐ
145 1580 203 1616 [γρ.
217 1580 326 1616 καιροῦ]
339 1581 484 1613 καλοῦντος
499 1583 538 1613 εἰς
551 1582 703 1617 εὐανδρίαν,
718 1583 825 1619 ἀναμά-

45 1636 71 1653 οι
89 1635 131 1658 τις
148 1627 181 1654 ἂν
198 1627 336 1660 ἐντεῦθεν,
357 1627 404 1654 καλ⁵
417 1628 504 1663 ῥᾷστά
516 1637 547 1662 γε
559 1628 601 1664 δή.
619 1630 672 1656 Καὶ
689 1630 754 1664 γοῦν
772 1631 823 1666 ἔφη

44 1673 157 1709 ἱριστὸς,
179 1673 244 1700 ποτὲ
262 1673 322 1709 μὲν,
337 1673 378 1701 ὅτι
397 1674 444 1701 καὶ
464 1685 473 1700 ι
488 1674 534 1710 Μὴ
556 1675 680 1709 φοϐεῖσθε
698 1676 750 1702 ἀπὸ
768 1677 824 1704 τῶν

44 1719 250 1746 ,ποκτιννὺντων
266 1719 297 1746 τὸ
314 1721 403 1755 σῶμα,
429 1721 478 1756 τὴν
494 1721 522 1747 δὲ
537 1721 626 1756 ψυχὴν
645 1722 682 1757 μὴ
705 1722 823 1758 δυναμέ·

44 1775 83 1792 ων
100 1766 278 1792 ἀποκτεῖναν
297 1766 433 1802 φοΰὴθητε
446 1766 474 1793 δὲ
493 1767 593 1801 μᾶλλον
616 1767 661 1793 τὸν
675 1767 824 1802 δυνάμενον

44 1813 75 1838 αὶ
89 1811 180 1847 ψυχὴν
195 1812 241 1838 καὶ
257 1811 336 1847 σῶμα
357 1812 489 1839 ἀπολέσαι
508 1813 537 1838 ὲν
555 1813 668 1849 γεέννῃ·
682 1823 691 1838 ι
710 1814 773 1839 ποτὲ
795 1814 824 1840 δὲ

44 1856 68 1890 5,
97 1867 106 1883 ‹
121 1857 155 1884 Ε(
171 1866 212 1889 τις
232 1857 302 1884 θέλει
323 1858 410 1885 ὀπίσω
426 1867 476 1893 μου
499 1859 596 1890 ἐλθεῖν,
620 1859 824 1894 ἀπαρνησάσθω

44 1904 134 1936 ιυτὸν,
154 1904 202 1930 καὶ
220 1904 314 1939 ἀράτω
328 1904 374 1931 τὸν
388 1905 504 1939 σταυρὸν
520 1904 628 1936 ἑαυτοῦ,
646 1905 692 1931 καὶ
710 1904 824 1931 ἀκολου-

44 1949 108 1975 είτω
126 1957 181 1984 μοι.
195 1959 205 1974 ι
223 1949 259 1976 Τὸ
275 1950 304 1976 δὲ
317 1950 371 1977 δεῖν
384 1950 488 1976 οῖεσθαι
506 1950 716 1976 κατακολουθεῖν
736 1950 822 1984 αὐτῷ,

44 1995 48 2021 ἱ
71 1995 107 2021 ἂν
123 1995 219 2030 ἕτερον
246 1995 289 2031 εἴη
312 1996 386 2031 παρά
402 2004 432 2030 γε
448 1996 478 2022 τὸ
490 1996 586 2031 χρῆναι
601 1995 824 2031 κατανόρίζεσθαι

44 2042 201 2075 ειρασμῶν,
219 2043 288 2077 μετὰ
301 2042 347 2068 τοῦ
361 2043 411 2078 τὴν
424 2042 526 2070 ἄνωθεν
545 2043 706 2077 ἐπικουρίαν
727 2043 822 2073 αἰτεῖν,

874 1597 883 1613 ι
900 1586 987 1614 Nolite
1000 1586 1095 1613 timere
1108 1591 1155 1612 eos
1170 1585 1215 1620 qui
1231 1585 1399 1612 interﬁciunt
1411 1591 1521 1619 corpus,
1538 1584 1659 1610 animam

855 1638 959 1660 autem
991 1640 1044 1659 non
1074 1636 1186 1666 possunt
1213 1630 1337 1658 occidere
1359 1630 1429 1657 :sed
1455 1630 1544 1664 potius
1567 1629 1665 1657 timete

873 1686 932 1706 eum
964 1679 1007 1712 qui
1034 1682 1120 1712 potest
1136 1681 1162 1703 el
1178 1676 1297 1703 animum
1329 1680 1356 1703 cl
1379 1683 1478 1710 corpus
1496 1675 1608 1710 perdere
1631 1674 1658 1702 in

873 1723 1023 1759 gehennam
1036 1723 1068 1748 εκ.
1087 1731 1096 1747 ι
1114 1721 1183 1748 Alibi
1198 1729 1262 1748 vero
1278 1730 1285 1748 :
1303 1730 1313 1746 ι
1337 1720 1364 1748 Si
1383 1721 1444 1756 quis
1461 1719 1518 1747 vult
1539 1724 1600 1754 post
1615 1727 1659 1747 me

874 1770 973 1799 venire,
986 1770 1102 1804 abneget
1117 1770 1303 1803 semetipsum,
1322 1772 1348 1794 et
1373 1767 1448 1794 tollat
1461 1773 1568 1794 crucem
1581 1773 1660 1793 suam

874 1820 898 1843 et
921 1819 1049 1849 sequatur
1066 1821 1108 1840 me
1119 1813 1152 1841 ⁸³.
1169 1822 1178 1839 ι
1206 1813 1282 1846 Quod
1311 1816 1402 1840 autem
1425 1817 1550 1847 oporteat
1572 1813 1659 1847 ipsum

873 1861 958 1896 sequi,
980 1861 1111 1895 quiddam
1132 1859 1204 1886 aliud
1225 1859 1371 1894 signiticet,
1387 1867 1468 1894 quam
1491 1858 1591 1886 debere
1611 1865 1660 1885 nos

873 1908 978 1935 lortiter
999 1906 1133 1934 obsistere
1165 1905 1372 1938 tentationibus,
1404 1913 1466 1932 cum
1490 1904 1661 1931 invocatione

872 1953 965 1981 auxilii
977 1952 1071 1985 divini,
1085 1959 1138 1979 non
1152 1951 1321 1986 negligenter
1332 1957 1364 1978 ac
1378 1951 1501 1983 remisse,
1516 1950 1562 1978 sed
1573 1950 1662 1985 potius

873 2004 979 2027 utentes
993 1999 1120 2033 precibus
1131 1996 1352 2030 ferventissimis,
1368 1997 1426 2031 pias
1436 1997 1513 2024 nobis
1532 2004 1565 2023 ex
1577 1995 1661 2024 oculis

874 2046 1005 2078 lacrymas
1023 2043 1233 2071 excutientibus.

44 2092 74 2118 ’m
90 2088 241 2124 ἀτημελῶς
261 2095 291 2114 τε
310 2087 357 2114 καὶ
373 2087 560 2122 παρειμένως,
577 2085 769 2121 κεχρημένους
787 2083 816 2110 δὲ
840 2084 942 2120 μᾶλλον
958 2083 1046 2115 λιταῖς
1069 2084 1129 2114 ταῖς
1144 2083 1353 2114 ὲκτενεστάταις
1374 2082 1421 2110 καὶ
1436 2082 1582 2114 καθιέντας
1607 2081 1661 2118 ὀμ·

44 2140 124 2165 άτων
141 2139 174 2163 τδ
191 2135 220 2168 ἐξ
234 2135 377 2166 εὐλαϐείας
390 2135 522 2170 δάκρυον;

44 2185 82 2211 οὗ
103 2183 203 2210 αὐτοῦ
223 2183 258 2209 ἐκ
274 2180 333 2208 τῶν
349 2181 415 2215 περὶ
436 2180 492 2213 τῆς
509 2178 646 2210 ἐνώσείιις
666 2177 814 2211 Σχολίων.

57 2230 99 2256 Τὸ
112 2230 166 2262 τῆς
184 2229 307 2258 ὲνώσεως
327 2227 420 2262 χρῆμα
437 2227 507 2252 κατὰ
525 2224 639 2254 πολλοὺς
655 2222 821 2249 ἐπιτελεῖται

1041 2177 1166 2210 Ejusdem
1182 2185 1214 2203 ea;
1230 2175 1339 2203 Sc/toliis
1354 2175 1386 2202 de
1401 2177 1505 2203 unione.

913 2222 1048 2249 Adunatio
1065 2221 1157 2249 multis
1175 2222 1262 2248 modis
1284 2221 1412 2256 impletur
1428 2230 1435 2249 :
1458 2222 1577 2256 sejuncti
1590 2223 1667 2250 enim

44 2256 165 2306 ἥττους·ζ
184 2256 352 2310 διῃρημένοι.
368 2256 421 2307 γαρ
439 2280 512 2302 τινες
539 2271 609 2297 κατὰ
636 2269 759 2296 διάθεσιν
775 2269 816 2294 xui

915 2267 999 2294 nnulli
1010 2266 1107 2294 affectu
1125 2267 1166 2294 vel
1182 2266 1332 2299 voluntate,
1343 2270 1370 2294 et
1383 2266 1573 2294 discordantes
1594 2267 1666 2293 inter

44 2322 154 2358 νώμην,
172 2321 221 2348 καὶ
240 2320 420 2355 διχονοοῦντες
437 2318 505 2352 πρὸς
522 2316 654 2351 ἀλλήλους
666 2335 672 2346 ,
697 2313 821 2340 ἑνοῦσθαι

44 2359 156 2402 Ξγονται
171 2368 243 2395 κατὰ
257 2366 391 2401 ούμὸασιν
406 2364 529 2399 φιλικὴν,
541 2364 571 2389 ἐκ
583 2362 665 2395 μέσου
678 2360 821 2391 ποιοῦντες

44 2418 70 2446 ις
97 2415 238 2450 διαφοράς
250 2422 257 2429 ·
275 2412 400 2439 ὲνοῦσθαι
415 2410 444 2437 δέ
457 2418 549 2445 φαμεν
573 2409 621 2435 καὶ
637 2408 671 2434 τὰ
696 2407 821 2441 ἀλλήλοις

44 2461 202 2495 ιλλώμενα,
218 2460 302 2495 ἤγουν
328 2456 516 2492 συνηνεγμένα
543 2455 605 2481 καθ’
622 2453 733 2489 ἐτέρους
759 2451 821 2488 τρό-

44 2513 104 2536 ῑυς,
123 2505 142 2539 ἢ
162 2505 235 2531 κατά
254 2503 416 2538 παράθεσιν,
435 2501 451 2536 ἢ
471 2501 555 2536 μίξιν,
577 2500 593 2535 ἢ
616 2500 713 2534 κρᾶσιν
726 2507 732 2513 ·
756 2498 822 2525 ὅταν

44 2561 66 2576 ιν
90 2550 226 2577 ξενοῦσθαι
243 2550 359 2584 λέγομεν
377 2550 409 2583 τῇ
428 2547 490 2574 καθ’
510 2548 582 2582 ἡμᾶς
600 2545 680 2580 φύσει
704 2544 750 2572 τὸν
774 2544 821 2571 τοῦ

44 2597 91 2623 εοῦ
109 2597 214 2629 Λόγον,
226 2597 358 2631 κρείττων
369 2595 467 2630 ὁρᾶται
482 2593 532 2627 τῆς
545 2591 689 2627 ἀνθρώπου
702 2591 821 2622 διανοίας

44 2644 100 2678 τῆς
126 2644 257 2674 ὲνὼσεως
277 2642 394 2677 τρόπος·
412 2641 442 2667 οὐ
470 2640 524 2674 γάρ
547 2647 588 2665 τοι
611 2637 674 2665 καθ’
698 2638 748 2664 ἕνα
770 2637 824 2664 τῶν

44 2691 188 2726 ρημένων
201 2690 273 2716 ἐστίν
284 2696 290 2702 ·
305 2689 460 2723 ἀπόρρητος
473 2687 500 2712 δὲ
518 2684 668 2716 παντελῶς,
678 2685 725 2711 καὶ
736 2683 825 2710 οὐδενὶ

44 2747 92 2772 ιχα
109 2736 171 2762 τῶν
190 2736 275 2762 ὄντων
304 2734 514 2769 διεγνωσμένος,
532 2731 603 2768 πλὴν
627 2732 668 2758 ὅτι
699 2730 772 2765 μόνῳ
787 2729 826 2764 τῷ

44 2785 117 2810 ivra
139 2783 228 2809 εἰδότι
245 2781 305 2819 Θεῷ

52 2877 59 2891 ¹
83 2876 94 2903 ι
114 2874 197 2903 Petr.
211 2882 240 2906 tt,
255 2873 299 2906 20,
315 2872 359 2900 2|.

875 2320 915 2344 se,
934 2311 1047 2339 adunari
1077 2311 1215 2344 dicuntur,
1238 2318 1285 2346 per
1310 2311 1561 2338 reconciliationem
1581 2319 1594 2339 s
1613 2312 1637 2347 ci
1647 2320 1667 2337 ι-

876 2360 940 2393 lem,
956 2359 1078 2393 deposita
1102 2359 1248 2386 simultate.
1272 2358 1394 2386 Adunari
1419 2358 1484 2385 item
1501 2357 1618 2386 dicimus
1635 2365 1665 2384 en

875 2414 936 2441 qua:
951 2406 1002 2434 sibi
1017 2405 1251 2441 conglutinantur,
1265 2404 1323 2432 sive
1335 2404 1424 2432 modis
1437 2404 1497 2431 aliis
1516 2403 1649 2431 conferun
1661 2419 1665 2424 -

877 2458 929 2486 tur,
941 2456 988 2480 aut
1000 2460 1048 2488 per
1065 2451 1306 2487 compositionem,
1315 2456 1362 2478 aut
1376 2458 1426 2486 per
1440 2450 1607 2481 mistionem,
1617 2454 1666 2476 aut

876 2506 925 2534 per
939 2498 1173 2532 temperationan
1199 2497 1313 2530 Quoties
1332 2500 1423 2524 autem
1441 2496 1589 2522 adunatum
1607 2503 1667 2522 οδες)

878 2549 978 2572 nostra!
997 2549 1101 2571 natura:
1114 2544 1159 2570 Dei
1178 2543 1296 2571 Verbum
1312 2542 1530 2575 dicimus;omni
1547 2541 1667 2568 humana

875 2591 1036 2626 cogitatione
1066 2589 1240 2617 adunationis
1266 2589 1325 2624 ejus
1355 2588 1452 2615 modus
1479 2587 1585 2614 videtur
1605 2594 1667 2614 esse

876 2638 1010 2672 superior.
1044 2635 1137 2671 Neque
1160 2636 1233 2662 enim
1258 2643 1305 2669 per
1330 2643 1411 2669 supra
1434 2634 1549 2668 scriptos
1571 2633 1668 2661 modos

877 2683 947 2711 facta
963 2687 1005 2711 est
1025 2690 1124 2710 arcana
1141 2682 1196 2713 illa,
1213 2687 1240 2709 ct
1265 2681 1329 2708 nulli
1350 2680 1459 2716 penitus
1480 2683 1555 2713 nota,
1572 2679 1623 2707 nisi
1641 2679 1667 2706 ci

878 2730 920 2758 cui
936 2730 1028 2757 omnia
1043 2734 1108 2757 nota
1125 2734 1199 2759 sunt,
1218 2728 1293 2755 nnio.
1475 2731 1482 2735 ‘
