1874 3076
40 121 83 150 ‘,.\5
512 118 695 146 rANUt'LlA
719 112 946 143 DOGMATICA.
962 124 997 131 —
1011 114 1084 144 ΤιΤ.
1107 114 1166 144 XV.

1607 116 1659 147 986

40 183 102 209 (ατὰ
117 183 204 217 σάρκα
218 191 250 209 εκ
264 190 402 216 γυναικος,
419 187 468 217 0οχ
479 183 516 213 ὼς
527 183 576 216 τῆς
590 182 664 211 θείας
677 180 759 208 αὑτοῦ
774 181 816 214 φύ-

901 195 911 214 e
923 187 1032 221 genitus
1042 186 1103 218 fuit,
1120 186 1271 213 secundum
1286 194 1395 214 carnem
1407 195 1439 214 ex
1452 189 1566 215 muliere
1576 194 1657 215 natus

40 237 101 260 ῖεως
118 229 205 264 ἀρχὴν
222 229 267 255 τοῦ
285 226 356 255 εἶναι
378 228 512 262 λαϐούσης
557 229 585 254 εν
608 229 640 262 τῇ
661 227 728 262 ἁγίᾳ.
745 228 819 262 Παρ-

40 276 109 311 ιένῳ·
123 276 184 303 οὔτε
202 276 255 311 μὴν
267 276 408 311 δεηθείσης
426 275 583 308 ἀναγκαίως
598 275 630 301 δι’
647 274 744 310 ἑαυτὴν
757 274 818 300 δεν-

40 323 113 357 τὲρας
136 323 305 357 γεννήσεως,
327 321 396 356 μετὰ
417 321 466 356 τὴν
483 323 515 347 ὲκ
533 320 649 355 Πατρός.
670 320 747 346 Ἔστι
766 320 819 355 γὰρ

40 368 134 395 ;ἰκαῖόν
150 377 179 394 τε
193 367 260 403 ὁμοῦ
276 368 323 394 καὶ
335 367 439 402 ἀμαθὲς
452 367 497 393 τὸν
512 368 666 402 ὑπάρχοντα
685 367 738 402 πρὸ
752 375 819 393 παν-

40 415 75 444 r3;
91 413 204 446 αἰῶνος,
219 414 266 440 καὶ
279 414 412 440 συναῖδιον
426 413 464 448 τῷ
487 413 574 448 Harp!
586 433 593 444 ,
607 411 710 438 δεῖσθαι
727 412 817 446 λέγειν

40 459 119 494 ιρχῆς
135 460 185 494 τῆς
196 461 234 491 εἱς
246 460 276 486 τὺ
288 456 356 486 εἶναι
367 459 506 494 δευτέρας.
529 458 637 493 Ἐπειδὴ
648 458 675 484 δὲ
688 458 720 484 δι’
733 458 816 492 ἡμᾶς,

40 505 77 530 cati
95 505 138 530 διὰ
153 505 202 540 τὴν
218 504 352 540 ἡμετέραν
370 505 507 540 σωτηρίαν
525 504 627 536 ἑνώσας
643 504 734 539 ἑαυτῷ
757 504 817 531 καθ’

40 550 179 576 ὶπόστασιν
203 551 234 576 τὸ
259 550 438 586 ἀνθρώπινον,
461 550 596 585 προῆλθεν
620 552 653 576 ἐκ
675 550 816 584 γυναικὸς,

40 595 118 631 ταύτῃ
127 604 167 622 τοι
179 596 285 630 λέγεται
296 596 457 631 γεννηθῆναι
469 596 617 631 σαρκικῶς.
629 596 665 622 Οὐ
679 596 732 630 γὰρ
747 596 819 631 πρῶ-

40 649 75 667 τον
93 641 234 675 ἅνθρωπος
250 642 381 677 ἐγεννήθη
396 642 483 673 κοινὸς
498 643 529 668 ἑκ
543 641 593 676 τῆς
612 642 692 676 ἁγίας
713 642 819 678 Παρθέ-

40 695 76 712 νου
88 695 94 700 ·
118 685 166 712 εἷθ’
190 686 260 713 οὕτω
280 688 516 722 καταπεφοίτηκεν
536 687 579 713 ἐπ’
597 687 678 714 αὑτὸν
695 689 709 714 ὁ
724 688 819 720 Λόγος·

40 731 88 757 ι)λ”
111 732 141 765 ἐξ
163 732 248 767 αὐτῆς
271 734 379 768 μήτρας
400 733 529 766 ἑνωθεὶς,
544 734 690 768 ὑπομεῖναι
711 734 820 767 λέγεται

40 777 158 811 [ἐννησιν
173 773 317 814 σαρδὶικὴν,
337 778 375 811 ὡς
390 778 440 813 τῆς
460 779 527 810 ιδίας
543 779 643 814 σαρκὸς
658 779 708 814 τὴν
724 780 820 813 γέννη-

40 829 73 846 rw
93 820 288 852 οἰκειούμενος.
306 821 384 846 Οὖτω
399 820 488 854 φαμὲν
500 821 581 847 αὐτὸν
598 821 644 847 καὶ
657 821 763 852 παθεῖν,
776 822 822 848 καὶ

870 231 989 258 dicitur:
1005 239 1059 258 non
1081 230 1152 265 quod
1172 230 1265 257 divina
1288 231 1362 258 illius
1380 237 1475 259 natura
1492 233 1657 260 exsistentia‘

870 285 926 304 sua:
944 277 1050 304 initium
1071 276 1098 303 in
1115 285 1193 304 sacra
1213 276 1324 311 Virgine
1341 278 1498 312 sumpserit,
1515 284 1562 306 aut
1583 280 1655 314 quod

870 327 932 358 post
956 323 1071 357 primam
1093 330 1127 350 ex
1143 323 1232 354 Patre,
1249 324 1333 349 altera
1346 327 1457 358 propter
1476 324 1591 359 seipsam
1609 334 1656 360 ge-

870 367 1011 394 neratione
1034 367 1187 395 necessario
1209 367 1355 402 indiguerit
1370 376 1375 394 :
1394 368 1506 395 stultum
1524 373 1566 395 est
1583 369 1656 395 enim

869 414 1004 449 planeque
1031 414 1153 448 ineptum
1178 421 1302 440 asserere
1327 421 1391 443 cum
1412 414 1458 448 qui
1485 418 1548 440 ante
1565 415 1655 441 onmia

868 460 965 487 szccula
986 459 1059 486 Patri
1071 463 1224 486 coaeternus
1241 459 1358 489 exsistit,
1377 459 1461 486 altera
1479 460 1580 491 denuo,
1602 468 1657 495 quo

865 506 996 533 exsistere
1013 510 1111 540 queat,
1127 505 1303 540 generatione
1321 505 1472 540 indiguisse
1489 514 1494 531 :
1516 506 1564 532 sed
1583 507 1655 540 quod

867 558 978 587 propter
1000 559 1059 583 nos,
1081 555 1108 578 et
1127 556 1239 586 propter
1260 555 1380 579 nostram
1401 552 1516 578 salutem
1537 553 1655 578 humana

868 602 964 624 natura
979 597 1129 623 secundum
1150 596 1316 631 ltypostasim
1329 596 1381 623 sibi
1394 597 1480 628 unita,
1493 604 1526 623 ex
1540 597 1654 623 muliere

867 648 947 670 natus
970 647 1027 670 est:
1047 643 1111 669 hine
1129 647 1171 669 est
1193 642 1267 676 quod
1288 642 1437 669 secundum
1449 650 1558 669 carnem
1574 647 1655 669 natus

867 688 1040 723 praedicatur.
1071 687 1130 714 Non
1157 687 1229 714 enim
1259 687 1347 722 primo
1371 687 1491 722 vulgaris
1518 688 1653 721 quispiam

868 734 949 761 homo
970 741 1003 760 ex
1024 734 1134 769 Virgine
1159 738 1236 760 ortus
1260 738 1312 764 est,
1332 733 1359 759 in
1379 741 1460 767 quem
1474 733 1522 760 Dei
1535 734 1653 760 Verbum

868 779 967 807 deinde
984 787 1044 808 Sese
1056 780 1214 812 demiserit;
1236 780 1283 807 sed
1297 780 1324 806 in
1337 780 1396 814 ipso
1410 783 1489 807 utero
1500 779 1576 806 carni
1590 779 1650 806 uni-

860 828 918 850 tum
937 823 1088 850 secundum
1108 830 1218 849 carnem
1241 824 1412 858 progenitum
1434 823 1545 853 dicitur,
1557 828 1650 857 utpote

40 866 190 901 ιναστῆναι,
204 866 253 901 οὐχ
266 865 304 898 ὡς
318 866 365 893 τοῦ
381 865 447 892 Θεοῦ
458 866 544 900 Λόγου
560 866 692 899 παθόντος
702 868 742 899 εἰς
755 868 816 894 ῑδίαι

901 877 916 895 e
937 867 1028 895 carnis
1050 868 1256 902 generationem
1277 869 1329 895 sibi
1352 873 1382 895 ut
1405 868 1541 903 propriam
1560 869 1650 895 vindi—

40 911 122 946 ρύσιν,
136 911 152 946 ῆ
173 912 290 946 πληγὰς,
305 912 322 947 ἦ
336 912 489 947 διατρήσεις
505 912 587 947 ἥλων,
601 913 683 947 ἤγουν
697 913 731 940 τὰ
743 914 824 950 ἕτερα

40 956 84 983 τῶν
103 956 278 992 τραυμάτων·
295 957 401 989 ἀπαθὲς
418 958 472 992 γὰρ
488 957 518 984 τὸ
526 958 614 990 Θεῖον,
631 959 672 985 ὅτι
688 959 735 986 καὶ
750 959 823 986 ἀσώ-

40 1011 127 1029 ιατον·
146 1003 239 1037 ἐπειδὴ
260 1002 332 1029 δὲτὸ
348 1003 459 1037 γεγονὸς
475 1003 557 1030 αὐτοῦ
586 1004 650 1030 ἴδιον
676 1005 754 1039 σῶμα
778 1005 825 1032 πέ-

40 1048 112 1074 τσνθε
123 1047 219 1080 ταῦτα,
234 1048 316 1075 πάλιν
328 1049 409 1081 αὐτὸς
420 1049 529 1083 λέγεται
545 1049 640 1076 παθεῖν
650 1049 721 1085 ὑπὲρ
734 1051 821 1084 ἡμῶν.

40 1094 85 1120 Ην
97 1094 151 1130 γὰρ
165 1095 179 1120 ὁ
195 1095 302 1129 ἀπαθὴς
314 1096 343 1121 ὲν
356 1094 395 1130 τῷ
410 1095 542 1130 πάσχοντι
554 1094 670 1130 σώματι.
687 1096 766 1123 Κατὰ
779 1097 824 1123 τὸν

44 1148 88 1165 σον
104 1139 133 1165 δὲ
148 1139 257 1174 τρόπον,
276 1139 323 1166 καὶ
343 1140 388 1166 ἐπὶ
404 1140 452 1166 τοῦ
472 1140 598 1167 τεθνάναι
614 1140 738 1176 νοοῦμεν·
757 1142 824 1168 ἀθά-

40 1194 109 1216 νατος
126 1185 179 1221 γὰρ
202 1185 272 1212 κατὰ
289 1185 380 1219 φύσιν,
402 1186 450 1212 καὶ
467 1186 617 1222 ἄφθαρτος,
638 1187 685 1214 καὶ
702 1187 758 1222 ζωὴ
777 1189 824 1214 καὶ

40 1231 162 1262 ζωοποιός
174 1232 247 1257 ἐστιν
262 1232 275 1257 ὁ
286 1230 333 1257 τοῦ
347 1232 414 1258 Θεοῦ
430 1236 449 1246 ¹¹
461 1232 557 1266 Λόγος.
578 1232 688 1268 Ἐπειδὴ
703 1233 730 1260 δὲ
744 1233 824 1260 πάλιν

40 1277 59 1303 γὸ
74 1277 138 1303 ἴδιον
156 1276 237 1303 αὑτοῦ
252 1277 331 1312 σῶμα
347 1277 438 1312 χάριτι
453 1278 532 1310 Θεοῦ,
548 1278 620 1305 καθά
635 1287 716 1314 φησιν
728 1280 742 1305 ὁ
755 1279 825 1305 Παῦ-

40 1331 84 1354 ,ος,
103 1323 174 1357 ὑπὲρ
192 1323 292 1355 παντὸς
307 1323 438 1357 ἐγεύσατο
454 1324 587 1356 θανάτου,
603 1324 711 1358 λέγεται
727 1325 824 1352 παθεῖν

40 1369 110 1400 me;
133 1369 177 1395 τὸν
194 1369 264 1404 ὑπὲρ
283 1369 364 1405 ἡμῶν
389 1370 513 1397 θάνατον·
536 1371 586 1406 οὺχ
608 1371 645 1403 ὡς
663 1373 702 1403 εις
725 1373 824 1408 πεῖραν

44 1413 114 1440 λθὼν
130 1414 176 1442 τοῦ
197 1414 323 1448 θανάτου,
339 1416 369 1442 τό
393 1425 424 1451 γε
441 1414 509 1453 ἦκον
524 1417 563 1449 εἰς
578 1417 627 1452 τὴν
642 1417 725 1444 αὐτοῦ
742 1418 824 1453 φύσιν

48 1460 207 1495 ἀποπληξία
223 1461 278 1496 γὰρ
297 1462 375 1489 τοῦτο
390 1463 480 1497 λέγειν
494 1463 510 1498 ἢ
531 1465 652 1499 φρονεῖν)
663 1485 670 1496 ,
695 1465 753 1492 ἀλλ’
770 1464 822 1498 ὅτι,

40 1506 156 1541 ίαθάπερ
178 1506 246 1542 ἔφην
266 1508 383 1543 ἀρτίως,
401 1509 417 1543 ἡ
442 1508 509 1544 σὰρξ
525 1510 606 1536 αὑτοῦ
626 1511 757 1545 ἐγεύσατο
776 1511 823 1538 Θα-

860 921 934 940 cans.
953 912 993 940 Ad
1009 912 1136 939 eumdem
1154 913 1265 940 modum
1283 913 1351 940 illud
1371 921 1480 948 passum
1496 918 1524 940 ct
1536 914 1651 940 resusci-

861 962 948 985 tatum
970 957 1098 989 dicimus,
1120 965 1174 984 non
1194 959 1267 993 quod
1290 958 1338 986 Dei
1354 959 1474 986 Verbum
1487 959 1649 993 autplagas,

861 1008 909 1031 aut
928 1004 1067 1031 clavorum
1087 1004 1297 1038 perforationes,
1316 1009 1364 1031 aut
1376 1004 1429 1031 alia
1447 1004 1473 1031 id
1487 1013 1574 1039 genus
1590 1005 1650 1031 Vul-

860 1059 927 1090 nera
944 1051 971 1077 in
990 1051 1128 1086 propriam
1141 1055 1266 1077 naturam
1282 1051 1419 1085 acceperit
1434 1060 1440 1077 :
1459 1059 1521 1078 nam
1535 1056 1564 1077 ιιι
1579 1051 1649 1077 diri-

862 1104 927 1123 ntun
940 1104 1041 1123 numen
1057 1095 1180 1130 corporis
1190 1103 1286 1130 expers
1297 1100 1349 1128 est,
1372 1096 1409 1123 ita
1424 1097 1530 1131 perpeti
1542 1104 1651 1131 quoque

861 1141 932 1168 nihil
944 1144 1033 1175 potest
1048 1149 1055 1172 ;
1139 1140 1185 1167 sed
1202 1142 1265 1174 quia
1282 1148 1383 1175 corpus
1397 1141 1471 1175 quod
1482 1141 1534 1167 sibi
1545 1141 1650 1168 ascive-

862 1192 913 1219 rat,
940 1186 998 1213 [nec
1016 1186 1068 1213 fuit
1087 1191 1242 1220 expertum,
1264 1193 1323 1212 eam
1340 1186 1376 1213 ob
1389 1194 1444 1213 rem
1457 1186 1546 1220 ipsum
1563 1186 1649 1212 nostri

861 1240 944 1260 causa
972 1232 1018 1258 illa
1043 1239 1202 1266 perpessum
1227 1231 1370 1258 asset-itur.
1396 1231 1548 1266 lmpatibile
1577 1232 1650 1258 enim

861 1278 982 1306 Verbum
1002 1277 1029 1304 in
1048 1285 1163 1311 corpore
1183 1277 1290 1312 patibili
1314 1277 1471 1304 exsistebat.
1491 1277 1564 1314 Idem
1577 1282 1602 1304 ct
1617 1278 1651 1304 de

861 1324 990 1360 ejusdem
1016 1331 1126 1358 quoque
1157 1328 1245 1350 morte
1268 1324 1421 1356 sentimus,
1442 1324 1578 1358 siquidem
1602 1324 1651 1351 Dei

862 1371 992 1403 Verbum,
1012 1374 1108 1405 suapte
1123 1375 1221 1397 natura
1237 1370 1392 1397 immortale
1408 1375 1435 1397 et
1447 1379 1462 1398 a
1473 1371 1651 1406 corruptione

862 1416 992 1448 alienum,
1004 1419 1032 1442 et
1041 1415 1096 1443 vita
1108 1422 1217 1442 rursum
1227 1418 1254 1441 et
1266 1414 1407 1442 viviﬁcaris
1416 1419 1468 1442 est.
1477 1415 1578 1442 Verum
1586 1415 1650 1449 quia

861 1469 943 1489 suum
962 1460 1049 1496 ipsius
1065 1468 1166 1495 corpus
1185 1459 1304 1495 gratuito
1326 1460 1373 1487 Dei
1396 1468 1509 1488 munere
1521 1465 1649 1492 mortem,

862 1511 1009 1536 attestante
1028 1507 1114 1535 Paulo
1136 1509 1160 1539 ί,
1175 1506 1297 1534 omnium
1308 1514 1390 1533 causa
1402 1506 1566 1541 degustavit,
1581 1507 1611 1533 ﬁt
1621 1511 1652 1533 ut

40 1552 121 1580 arcu.
131 1552 210 1579 Οὕτω
223 1553 270 1580 καὶ
282 1554 471 1590 ὲγηγερμένης
485 1555 566 1582 αὐτοῦ
581 1557 630 1591 τῆς
645 1558 754 1592 σαρκὸς,
771 1558 816 1584 πάι

901 1563 952 1582 ium
965 1559 1082 1582 mortem
1096 1558 1209 1589 propter
1219 1561 1270 1581 nos
1285 1561 1445 1588 perpessum
1456 1553 1563 1580 dicatur
1576 1561 1582 1579 :
1596 1560 1650 1579 non

40 1609 70 1625 ,ιν
85 1600 101 1634 ὴ
123 1600 271 1633 ἀνάστασις
286 1601 368 1627 αὑτοῦ
388 1601 505 1636 λέγεται·
524 1603 572 1638 οὺχ
590 1603 627 1635 ὡς
639 1604 768 1636 πεσόντος
783 1605 824 1636 εἰς

40 1645 143 1680 ρθοράν·
161 1645 197 1681 μὴ
212 1646 326 1679 γένοιτο·
341 1647 400 1673 ἀλλ’
414 1648 454 1673 ὅτι
469 1647 499 1674 τὸ
512 1648 593 1675 αὑτοῦ
611 1649 692 1676 πάλιν
703 1650 823 1685 ἐγήγερ-

40 1700 73 1716 rat
94 1691 185 1725 σῶμα.
206 1690 284 1718 Οὕτω
309 1692 426 1727 Χριστὸν
443 1692 490 1719 ἕνα
510 1693 556 1720 καὶ
572 1693 675 1729 Κύριον
688 1695 822 1730 ὁμολογή-

40 1745 123 1771 πομεν·
139 1736 187 1771 οὐχ
198 1736 234 1768 ὡς
244 1737 385 1773 ἄνθρωπον
398 1739 670 1774 συμπροσκυνοῦντες
680 1740 719 1775 τῷ
730 1740 820 1775 Λόγῳ.

40 1789 73 1806 να
99 1781 136 1816 μὴ
160 1782 244 1816 τομῆς
267 1783 401 1816 φαντασία
431 1784 679 1819 παρεισκρίνηται,
703 1785 747 1812 διὰ
771 1785 822 1812 τοῦ

40 1826 119 1859 .έγειν
131 1827 161 1853 τὸ
171 1847 178 1858 ,
194 1829 263 1854 σύν·
282 1828 340 1854 ἀλλ’
359 1828 397 1860 ὡς
418 1829 465 1856 ἕνα
480 1830 528 1856 καὶ
541 1830 587 1856 τὸν
603 1831 684 1858 αὺτὺν
702 1839 824 1866 προσκυ-

40 1871 149 1903 νοῦντες,
165 1872 206 1898 ὅτι
222 1873 259 1908 μὴ
272 1873 410 1910 ἀλλότριον
424 1874 471 1901 τοῦ
484 1875 572 1909 Λόγου
585 1876 615 1902 τὸ
632 1877 712 1912 σῶμα
726 1877 820 1911 αὑτοῦ,

40 1917 92 1943 ιεθ’
107 1914 137 1944 οὗ
154 1918 200 1943 καὶ
217 1918 292 1954 αὐτῷ
306 1919 460 1954 συνεδρεύει
474 1920 513 1955 τῷ
535 1922 631 1957 Πατρί·
650 1923 699 1957 οὐχ
718 1923 755 1954 ὡς
775 1924 822 1950 δύο

40 1963 113 1989 tam
126 1965 338 1998 συνεδρευόντων
353 1965 428 1997 υἱῶν,
445 1966 502 1992 ἀλλ’
520 1966 557 1997 ὡς
576 1967 636 1999 ἑνὸς
649 1968 710 1995 καθ’
724 1968 821 1995 ἕνωσιν

40 2008 102 2035 ιετὰ
120 2009 169 2044 τῆς
190 2010 258 2042 ἰδίας
275 2011 386 2046 σαρκός.
408 2011 472 2038 Ἐὰν
486 2011 514 2038 δὲ
533 2012 583 2048 τὴν
597 1999 658 2040 καθ’
674 2014 821 2040 ὑπόστασιν

864 1600 936 1635 quod
953 1600 1053 1635 ipsum,
1070 1599 1144 1634 quod
1156 1598 1266 1634 quidem
1279 1598 1313 1625 ad
1325 1598 1464 1633 propriam
1475 1601 1601 1624 naturam
1612 1601 1653 1623 at-

864 1647 941 1678 tinet,
971 1650 1086 1672 mortcm
1105 1644 1245 1679 exceperit
1259 1644 1375 1679 (insania
1392 1651 1509 1677 namque
1524 1650 1598 1669 mera
1611 1650 1654 1669 es-

863 1696 915 1724 set,
942 1691 1015 1718 istud
1038 1691 1080 1718 vel
1101 1690 1202 1722 dicere,
1226 1689 1269 1716 vel
1292 1688 1434 1724 cogitare),
1451 1687 1498 1715 sed
1514 1688 1577 1722 quia
1588 1695 1652 1713 caro

864 1738 938 1766 illius
961 1741 1088 1769 mortem,
1115 1740 1147 1764 ut
1167 1735 1248 1763 modo
1267 1735 1385 1766 aiebam,
1409 1734 1573 1769 degustarit.
1591 1731 1652 1759 Pari

865 1783 956 1814 modo,
973 1782 1036 1817 quia
1051 1789 1113 1808 caro
1124 1781 1197 1808 illius
1206 1780 1370 1812 resurrexit,
1384 1784 1412 1806 et
1423 1780 1474 1814 ipsi
1486 1779 1653 1806 resurrectio

864 1829 998 1856 tribuitur
1015 1837 1021 1854 :
1042 1835 1097 1854 non
1110 1827 1183 1862 quod
1202 1827 1292 1861 ipsum
1310 1825 1442 1853 ceciderit
1460 1826 1487 1852 in
1500 1824 1655 1859 corruptio-

864 1883 937 1906 nem,
951 1873 1022 1901 absit
1036 1873 1043 1900 ι
1061 1872 1110 1900 sed
1121 1873 1186 1907 quia
1197 1880 1293 1899 rursus
1304 1879 1404 1906 corpus
1420 1871 1493 1898 illius
1503 1871 1654 1898 exsuscita-

865 1926 921 1948 tum
929 1924 979 1948 cst.
990 1920 1029 1946 ita
1038 1926 1122 1946 unum
1134 1918 1274 1946 Christum
1283 1918 1461 1945 etDominum
1477 1916 1653 1948 conﬁteantur;

864 1976 919 1995 non
938 1966 1012 2001 quod
1031 1965 1171 2001 hominem
1190 1972 1244 1991 una
1261 1971 1324 1991 eum
1348 1963 1437 1990 Verbo
1450 1963 1607 1993 adoremus,
1621 1970 1655 1988 ne

863 2012 932 2041 illud
952 2020 1012 2039 cum
1036 2011 1128 2044 Verbo,
1148 2011 1268 2043 aliquam
1281 2009 1424 2037 divisionis
1436 2008 1655 2049 imaginationem

42 2059 116 2086 uenti
129 2059 252 2094 objiciat;
270 2058 318 2086 sed
333 2063 416 2084 unum
441 2056 624 2090 eumdemque
639 2055 785 2082 adoramus
796 2075 804 2085 .
817 2054 1036 2089 quandoquidem
1053 2061 1152 2089 corpus
1167 2061 1246 2080 suum
1263 2061 1316 2080 non
1331 2057 1373 2080 est
1389 2052 1507 2080 alienum
1523 2061 1537 2080 a
1550 2052 1652 2088 Verbo,

40 2114 94 2133 :um
112 2115 166 2141 quo
186 2106 257 2133 Palri
275 2105 392 2133 assidet:
408 2111 462 2132 non
478 2103 549 2140 quod
564 2103 617 2131 duo
635 2103 682 2130 illii
697 2102 771 2130 Patri
788 2102 943 2130 assideant:
960 2101 1062 2129 assidet
1072 2101 1145 2129 enim
1166 2108 1237 2128 unus
1253 2103 1369 2133 tantum,
1382 2107 1430 2135 pcr
1446 2101 1573 2127 unionem
1591 2109 1653 2127 ('llm

43 2154 144 2186 iropria
161 2161 257 2180 carne.

52 2199 111 2225 Τοῦ
130 2198 223 2229 αὐτοῦ
237 2199 272 2225 ἐκ
287 2197 341 2232 τῆς
355 2198 430 2232 πρὸς
454 2197 602 2230 Εῠλόγιον
620 2195 797 2229 ἐπιστολῆς.
834 2205 855 2233 D

75 2244 319 2279 Ἐπιλαμόάνονταε
331 2252 402 2274 τινες
417 2244 465 2278 τῆς
478 2242 624 2274 ἐκθέσεως,
640 2241 673 2277 ἢν
688 2241 817 2274 πεποίην-

40 2299 75 2316 ται
89 2291 113 2316 οἱ
133 2290 296 2321 ἁνατολικοὶ,
311 2288 356 2315 καὶ
371 2296 448 2323 φασι,
464 2286 551 2317 Aturi.
566 2287 660 2322 φύσεις
675 2285 815 2320 ὀνομαζόνη

40 2343 85 2360 ξων
100 2334 200 2365 αὐτῶν,
216 2334 345 2368 ἀνέσχετο
373 2333 418 2358 καὶ
437 2331 567 2366 ἐπῄνεσεν
589 2331 602 2357 ό
618 2330 667 2365 τῆς
691 2331 815 2363 Ἀλεξαν-

40 2381 140 2415 ἱρείας,
169 2380 194 2405 οἰ
219 2380 247 2406 δὲ
274 2380 306 2405 τὰ
339 2378 484 2413 Νεστοριου
514 2376 674 2412 φρονοῦντες
706 2376 815 2410 λέγουσι

40 2426 157 2452 ιάκεῖνον
185 2424 256 2452 οὓτω
285 2425 403 2460 φρονεῖν,
430 2422 649 2457 συναρπάζοντες
677 2422 740 2453 τοὺς
765 2422 816 2448 οὐκ

40 2470 137 2501 ;ἰδὸτας
153 2469 184 2495 τὸ
198 2469 328 2504 ἀκριόἐς;
345 2468 404 2503 Χρὴ
420 2468 448 2494 δὲ
463 2468 517 2498 τοῖς
529 2467 711 2502 μεμφομένοις
726 2467 817 2493 ἐκεῖνα

40 2515 133 2547 .ἐγιιν,
148 2514 189 2540 ὅτι
206 2515 235 2540 οὺ
251 2513 338 2540 πάντα
353 2514 403 2540 ὅσα⁴
417 2513 542 2546 λέγουσιν
554 2512 579 2538 ol.
593 2512 738 2546 αἰρετικοὶ,
754 2511 818 2546 φεύ-

40 2569 92 2591 [σειν
105 2560 151 2586 καὶ
163 2559 354 2595 παραιτεῖσθαι
380 2559 443 2594 χρή.
460 2558 549 2584 Πολλὰ
561 2558 614 2593 γὰρ
629 2557 815 2593 ὁμολογοῦσιν,

40 2603 69 2632 ὃν
85 2606 133 2632 καὶ
147 2606 226 2640 ἡμεῖς
241 2604 426 2640 ὁμολογοῦμεν
436 2612 442 2620 ·
461 2602 516 2630 οἷον
545 2604 678 2638 Ἀρειανοὶ
693 2604 755 2630 ὅταν
772 2604 816 2630 λέ-

40 2659 101 2683 γωσι
115 2650 161 2676 τὸν
175 2650 293 2684 Πατέρα,
307 2650 349 2675 ὅτι
363 2648 527 2685 δημιουργός
541 2650 599 2675 ἐστι
614 2649 667 2676 τῶν
678 2649 746 2676 ὅλων
771 2649 818 2676 καὶ

40 2697 143 2731 {dp-mg,
162 2696 199 2731 μὴ
224 2696 269 2722 διὰ
285 2696 364 2723 τοῦτο
380 2695 492 2730 φεύγειν
508 2696 581 2730 ἡμᾶς
603 2695 749 2722 ἀκόλουθον
768 2695 817 2726 τὰς

40 2741 168 2773 τοσαύτας
185 2741 338 2777 ὁμολογίας.
362 2741 441 2769 Οὕτω
461 2742 509 2768 καὶ
528 2741 574 2767 ἐπὶ
590 2741 748 2776 Νεστορίου,
767 2741 818 2768 κᾶν

65 2832 73 2847 ²
94 2831 176 2859 llrbr.
195 2839 226 2864 ιι,
243 2830 270 2860 9.

988 2194 1112 2228 Ejusdem
1128 2201 1159 2220 ex
1180 2193 1292 2227 epistola
1307 2193 1342 2221 ad
1359 2192 1510 2227 Eulogium.

901 2241 1074 2269 Orientalium
1102 2239 1298 2274 expositiOnem
1322 2240 1520 2274 reprehendunt
1541 2239 1651 2275 quidam

865 2291 892 2314 et
905 2287 996 2313 dicunt
1010 2294 1016 2312 :
1032 2284 1087 2312 Cur
1105 2292 1164 2311 cum
1183 2289 1294 2311 naturas
1311 2285 1485 2318 nominarint,
1510 2285 1653 2320 episcopus

865 2330 1031 2357 Alexandria:
1046 2329 1154 2364 penult
1181 2329 1347 2360 etlaudarit,
1368 2337 1428 2356 cum
1445 2330 1493 2363 illi,
1523 2330 1569 2364 qui
1595 2329 1654 2356 Ne-

867 2375 954 2403 storio
969 2375 1070 2408 favent,
1090 2384 1151 2403 eum
1170 2376 1262 2403 dicant
1279 2376 1349 2404 idem
1369 2377 1481 2410 sentire,
1510 2384 1591 2411 atque
1618 2377 1652 2402 ita
1688 2367 1691 2372 ’

866 2421 1014 2455 corripiant
1027 2428 1084 2454 eos,
1100 2421 1144 2456 qui
1162 2429 1217 2448 rem
1230 2421 1300 2449 haud
1314 2423 1349 2448 ita
1369 2421 1448 2456 plane
1463 2420 1580 2448 norunt?
1593 2420 1653 2448 istis

866 2467 1105 2500 reprehensoribus
1136 2467 1352 2501 respondendum
1381 2472 1433 2500 estI
1467 2474 1520 2493 non
1547 2467 1653 2498 omnia,

866 2519 926 2547 quae
946 2511 1038 2539 dicunt
1053 2511 1183 2544 haeretici,
1201 2512 1292 2547 fugere
1304 2517 1332 2540 et
1351 2519 1480 2540 accusare
1508 2517 1652 2546 oportere:

867 2556 950 2584 multa
963 2558 1034 2585 enim
1046 2558 1218 2591 conﬁtentur,
1234 2566 1294 2593 qua:
1309 2566 1358 2585 nos
1388 2558 1452 2585 item
1482 2557 1652 2585 confitemur.

868 2603 902 2631 Ut
918 2612 978 2631 cum
996 2605 1087 2631 Ariani
1104 2604 1209 2631 Patrem
1243 2612 1332 2631 rerum
1344 2605 1463 2631 omnium
1478 2610 1614 2630 auctorem
1628 2610 1655 2629 et

867 2650 1009 2677 Dominum
1033 2650 1134 2682 dicunt,
1151 2658 1204 2677 non
1219 2651 1347 2678 debemus
1363 2657 1413 2678 nos
1431 2650 1455 2677 id
1471 2656 1580 2683 negare,
1608 2647 1654 2675 Sic

866 2696 946 2723 etiam
967 2696 999 2723 de
1012 2694 1136 2723 Nestorio
1161 2696 1333 2723 sentiendum
1364 2700 1416 2727 est,
1438 2694 1560 2728 quamvis
1586 2694 1654 2719 duas

867 2742 937 2768 dicat
949 2745 1071 2775 naturas,
1082 2740 1261 2768 diﬂ‘creuliam
1277 2741 1424 2769 ostendens
1440 2740 1529 2768 Carnis
1539 2745 1566 2768 et
1577 2738 1654 2766 Verbi
