1874 3076
35 126 89 155 liti}

530 115 717 158 rasorua‘
736 127 962 161 DOGMATICA.
978 143 1013 148 —
1032 131 1106 160 TtT.
1127 131 1184 160 xv.

1627 135 1680 168 994

32 197 171 230 ιέμνουσί
184 207 264 230 τινες
283 198 322 231 εἰς
338 199 384 226 δύο
402 199 476 230 υἱοὺς
497 198 542 225 τὸν
558 198 616 229 ἕνα,
638 198 690 224 τίνι
713 199 763 233 τὴν
785 198 824 233 rip

900 200 1080 236 pientissimus
1097 200 1195 228 Paulus
1218 202 1279 230 huic
1299 205 1442 232 sententia:
1467 204 1567 233 diserte
1589 207 1676 234 recla-

32 242 204 277 κυριότητος
220 244 301 276 δόξαν
318 244 518 279 περιθήσομενξ
542 242 596 279 ἄρα
619 244 658 279 τῷ
681 245 712 269 ὲκ
731 244 836 278 Harpe;

32 287 114 319 φύντι
142 289 250 323 Λόγῳ;
268 289 368 324 πρέπει
394 290 448 325 γὰρ
471 289 544 324 αὐτῷ
558 290 587 316 τὸ
602 291 650 324 τῆς
675 289 836 324 κυριότητος

32 332 121 366 haud
136 341 166 358 τε
187 334 312 367 μάλιστα
326 334 371 360 καὶ
385 334 489 369 χρῆμα,
505 333 551 360 καὶ
566 333 637 360 ἔστιν
658 334 764 368 ἀληθῶς
779 333 834 359 τῶν

32 378 101 404 ὅλων
118 379 281 413 Δεσπότης.
300 377 366 405 Εἶτα
384 380 444 406 ὅποι
460 379 524 405 ποτὲ
538 379 583 405 τὸν
598 379 689 415 ἕτερον
699 380 832 415 θήσομενς

32 423 83 454 ἔξω
110 423 170 458 γὰρ
188 425 315 451 κείσεται
333 425 378 451 τοῦ
393 423 462 452 εἶναι
481 425 593 460 Κύριος,
607 426 778 461 παραχωρῶν
795 425 833 460 τῷ

32 469 264 504 προῡπάρχοντι,
286 471 333 497 καὶ
350 471 523 507 ἀσυγκρίτως
542 471 733 506 ὑπερηρμένῳ.
753 471 832 497 Ἀλλὰ

32 515 68 549 τῷ
84 516 118 540 ἐκ
136 514 286 549 γύναικὸς,
302 516 339 547 ὡς
356 516 432 542 αὐτοί
453 525 534 550 φασιν
552 516 768 548 ἀποδιιστάντες,
783 516 833 547 τὴν

32 561 79 595 τῆς
109 561 282 596 κυριότητος
307 561 446 596 ἀνάψομεν
466 562 552 594 δόξαν.
580 559 647 588 Εἶτα
673 562 731 593 πῶς
757 562 833 588 ἔσται

32 606 136 640 Κύριος
159 608 175 632 ὁ
198 607 234 632 ἐκ
255 606 323 633 Θεοῦ
341 608 447 642 Πατρὺς
467 608 562 641 Λόγος,
589 608 665 642 εἴπερ
683 608 757 638 ὄντος
773 607 832 638 ἑνδς

32 651 149 685 Κυρίου,
169 652 248 677 κατὰ
270 652 319 684 τὰς
343 652 471 688 Γραφὰς,
496 652 631 688 ἀνθρώπῳ
647 652 716 687 ψιλῷ
735 653 764 678 τὸ
782 653 831 687 τῆς

32 697 198 730 κυριότητος
213 697 301 732 ὄνομα
313 698 500 733 χαριούμεοα;
525 698 586 729 Πῶς
605 698 632 724 δὲ
650 699 695 725 καὶ
720 698 768 732 μία
786 697 831 723 πί-

32 750 108 773 στις
123 742 141 777 ἢ
159 742 223 774 πῶς
238 743 268 769 ἒν
279 743 309 770 τὸ
323 743 479 779 βάπτισμα;
496 745 528 770 Εἰ
543 745 596 779 γὰρ
611 745 663 770 υἱοὶ
677 743 737 776 δύο,
762 743 831 770 κατά

32 796 119 818 τινας,
143 789 186 819 είς
209 788 273 814 τίνα
298 789 478 824 πιστεύομεν;
501 789 557 824 Τῆς
577 789 687 815 ἐκείνων
711 788 829 823 ἀμαθίας

32 832 112 867 ἔργον
134 833 169 859 ἂν
187 833 235 868 εἴη
251 833 351 866 λέγειν,
376 833 415 865 εἴς
431 843 456 868 γι
485 835 557 866 τίνος
587 835 672 869 ὄνομα
698 833 829 870 βεϐαπτί-

32 877 131 912 σμεοα,
149 878 245 905 καίτοι
262 878 449 913 βαπτίσματος
468 880 542 912 ὄντος
558 881 626 912 ἑνός.

894 253 957 275 met.
973 248 1017 275 Ait.
1037 248 1107 275 enim
1125 256 1132 274 :
1153 257 1161 273 ι
1184 247 1258 275 Unus
1275 249 1414 282 Dominus,
1432 259 1486 278 una
1505 251 1580 284 fides,
1594 260 1676 280 unum

893 293 1025 327 baptisma
1053 293 1071 320 '.
1092 303 1101 319 ι
1120 292 1185 320 Nam
1200 294 1222 321 si
1240 302 1309 321 unus
1327 295 1457 322 duntaxat
1474 301 1515 323 est
1535 297 1675 329 Dominus,

893 346 971 373 quem
988 339 1023 366 illi
1041 340 1067 366 in
1085 339 1150 366 duos
1168 340 1237 366 lilios
1253 341 1426 373 distrahunt,
1441 342 1506 374 utri,
1525 349 1628 376 qtueso.
1642 350 1675 369 ex

893 385 946 412 illis
970 384 1161 412 dominationis
1181 385 1292 419 gloriam
1316 386 1535 420 assignabimus?
1566 389 1605 413 An
1631 387 1675 414 Dei

892 430 980 457 Patris
997 431 1086 465 genito
1102 431 1208 458 Verbo?
1220 431 1246 457 iu
1265 431 1336 458 hunc
1350 439 1475 466 namque,
1489 439 1548 458 cum
1569 434 1675 459 univer-

892 482 981 502 sorum
997 475 1124 502 Dominus
1140 476 1227 510 reipsa
1243 475 1295 507 sit,
1309 480 1335 502 et
1352 477 1504 504 dominatus
1519 484 1632 509 nomen,
1649 482 1676 504 ct

892 528 935 547 res
953 521 1010 554 ipsa
1027 528 1134 555 quoque
1151 522 1234 548 multo
1251 523 1367 550 maxime
1381 523 1518 550 convenit.
1537 523 1608 550 Cedo
1626 531 1674 549 au-

892 571 957 598 tem,
978 575 1030 600 quo
1045 567 1151 594 interim
1178 568 1235 594 loco
1261 568 1374 594 alterum
1399 568 1474 594 illum
1494 568 1675 595 habebimus?

889 612 956 638 Nam
974 619 1034 639 cum
1060 612 1103 639 hic
1125 613 1207 646 priori
1233 613 1283 645 illi,
1307 617 1399 647 utpote
1424 613 1536 640 infinitis
1552 614 1674 648 partibus

889 657 1042 690 excelsiori,
1061 657 1121 692 jure
1139 658 1289 692 meritoque
1311 666 1436 686 cessurus
1459 659 1502 691 sit,
1529 666 1671 686 necessum

889 708 931 730 cst
961 708 989 730 ut
1013 704 1203 730 dominationis
1230 703 1334 730 titulum
1360 711 1471 737 prorsus
1495 705 1610 731 amittat.
1638 706 1673 731 At

889 749 1079 776 dominationis
1096 749 1197 784 gloria,
1221 754 1248 776 ut
1269 749 1305 776 illi
1329 749 1378 783 ipsi
1398 750 1443 784 qui
1464 755 1599 784 separant,
1630 750 1672 777 di-

888 800 963 826 cunt,
981 803 995 821 ο
1013 795 1124 821 muliere
1141 799 1271 829 prognan
1286 795 1429 822 tribuetur.
1445 794 1511 822 Cum
1532 795 1614 829 igitur
1627 803 1672 822 εει-

888 848 993 866 crurum
1022 840 1185 866 Litterarum
1213 840 1381 872 testim0nio,
1402 848 1471 867 unus
1497 845 1602 867 tantum
1633 841 1671 868 sit.

853 875 872 901 Β
889 886 1034 918 Dominus;
1053 886 1075 913 si
1089 885 1281 913 dominationis
1302 885 1459 913 vocabulum
1476 887 1547 914 nudo
1565 886 1670 914 homini

32 926 228 960 impartimur,
265 929 404 962 quomodo
421 929 468 956 Dei
484 929 572 955 Patris
601 929 717 957 Verbum
745 930 941 958 dominationis
963 933 1144 967 appellatione
1166 935 1585 968 colronostahimus?Quomodo
1609 943 1668 961 rur-

35 980 94 999 sum
113 981 169 1001 una
200 974 258 1001 erit
287 975 362 1008 ﬁdes,
381 981 409 1004 et
427 985 509 1003 unum
529 977 592 1004 item
607 977 758 1011 baptisma?
771 977 836 1004 Nam
853 978 874 1004 si
891 978 945 1005 duo
967 985 1031 1006 sunt
1049 980 1107 1014 ﬁlii,
1138 986 1166 1008 ut
1197 981 1304 1016 quidam
1319 983 1476 1016 opinantur,
1493 982 1519 1008 in
1535 988 1614 1015 quem
1634 987 1667 1006 ex

35 1023 90 1050 illis
106 1024 278 1052 credimus?
295 1024 404 1052 Illorum
430 1025 545 1052 inscitia:
578 1026 742 1057 critdirerc,
761 1027 787 1051 in
815 1026 893 1061 cujus
910 1027 991 1055 etiam
1014 1029 1126 1056 nomine
1152 1030 1281 1065 baptizati
1307 1037 1410 1063 sumus,
1437 1037 1498 1057 cum
1527 1036 1610 1055 unum
1633 1029 1669 1054 sit

34 1073 183 1107 baptisma.

76 1122 150 1149 Ἀλλ’
172 1123 227 1158 ιῖρᾷ
248 1132 298 1149 που
317 1123 424 1153 πάντως
448 1124 463 1156 ἡ
489 1123 517 1148 ἐν
539 1122 604 1157 ὑμῖν
629 1122 754 1156 ἀγχίνοια
782 1129 829 1151 με·

35 1170 135 1196 θᾶοντά
152 1178 183 1196 τε
206 1170 254 1196 τὸν
277 1170 322 1195 ἐπὶ
347 1169 433 1203 τούτῳ
451 1169 539 1201 λόγον,
556 1169 602 1194 καὶ
617 1168 829 1201 κατασειόμεςον

36 1215 73 1245 είς
96 1223 129 1249 γε
147 1215 181 1241 τὸ
207 1214 336 1247 ἀκαλλὲς,
356 1214 456 1249 μᾶλλον
481 1215 529 1249 ἤδη
552 1215 598 1241 καὶ
618 1214 685 1247 πρὸς
709 1213 830 1248 ἐσχάτην

37 1261 166 1288 ἁῖέῦειαν
179 1261 380 1288 ἁποννευκότα.
393 1259 477 1295 Οἶμαι
493 1261 522 1286 δὲ
536 1260 592 1287 δεῖν
609 1261 691 1295 ὑμᾶς,
704 1260 735 1286 τὸ
758 1260 831 1290 θεζον

43 1306 124 1333 αὑτοῦ
150 1308 438 1342 πολυπραγμονούσας
462 1309 618 1343 μυστήριον,
643 1308 697 1339 ὀξεῖ
716 1309 834 1339 διανοίας

42 1351 147 1385 δμματι
171 1351 294 1386 καθορᾲν
316 1353 379 1383 τοὺς
404 1353 586 1388 συναρπάζειν
605 1353 761 1385 ἐθέλοντας,
783 1354 830 1380 καὶ

44 1398 218 1429 προσωπεῖον
235 1397 285 1432 μὲν
311 1398 420 1429 εὐσεϐὲς
438 1400 494 1429 τοῖς
510 1399 585 1430 ἰδίοις
600 1400 831 1434 περιπλάττοντας

44 1440 143 1474 λόγοις,
161 1441 267 1477 βολίδος
279 1451 310 1476 γε
324 1443 376 1478 μὴν
392 1444 500 1478 ἁπάσης
520 1444 645 1479 ὀξύτερον
658 1445 767 1480 ἔχοντας
780 1446 830 1472 αὺ-

45 1487 115 1517 τούς.
136 1488 298 1521 Ἀρνοῦντσι
317 1489 366 1523 μὲν
382 1489 445 1524 γὰρ,
466 1490 526 1516 ὅσον
541 1488 608 1526 ἦκεν
623 1491 709 1517 εἰπεῖν
723 1493 763 1523 είς
783 1492 830 1518 δύ-

919 1122 1046 1157 lntelligit
1072 1123 1214 1157 prudentia
1240 1127 1329 1149 vestra
1360 1122 1518 1157 perspicue,
1546 1121 1669 1148 insanam

883 1168 953 1194 hanc
985 1167 1135 1194 doctrinam
1163 1167 1191 1194 in
1219 1175 1342 1202 Inagnam
1369 1167 1565 1193 absurditatcm
1594 1166 1671 1192 incli-

882 1221 958 1245 nare,
985 1214 1040 1240 imo
1056 1220 1119 1240 vero
1134 1213 1161 1240 iu
1182 1218 1333 1240 extremam
1350 1213 1518 1247 impietatem
1548 1212 1672 1246 praecipi-

881 1264 935 1286 tent
955 1259 1031 1286 ierri.
1047 1258 1179 1286 Existimo
1201 1263 1291 1287 autem
1307 1266 1365 1292 vos,
1380 1266 1440 1293 qua:
1460 1259 1582 1285 divinum
1606 1257 1671 1284 illud

886 1310 985 1336 Christi
1011 1309 1171 1343 mysteriqu
1198 1309 1349 1334 accuratius
1373 1307 1536 1342 cxpenditis,
1563 1305 1666 1340 perspi-

883 1356 940 1383 Caci
956 1356 1053 1383 mentis
1071 1356 1151 1383 oculo
1171 1355 1229 1382 illos
1247 1355 1443 1385 internoscere,
1464 1352 1507 1386 qui
1533 1352 1665 1385 impostu—

883 1409 941 1428 ram
955 1401 1111 1434 moliuntur,
1127 1401 1297 1434 oratiouiquc
1318 1407 1372 1426 suae
1397 1398 1502 1433 pietatis
1522 1403 1664 1431 personam

883 1446 1023 1479 inducunt,
1042 1454 1102 1474 cum
1116 1446 1210 1480 quovis
1227 1445 1335 1472 interim
1353 1447 1484 1470 venenato
1494 1441 1584 1476 jaculo
1605 1448 1664 1466 ina-

882 1491 924 1526 εἰς
943 1490 1042 1518 feriant
1056 1498 1063 1516 :
1081 1498 1141 1517 nam
1154 1490 1177 1517 si
1191 1490 1263 1526 quod
1278 1497 1320 1516 res
1332 1489 1387 1522 ipsa
1400 1492 1451 1518 est,
1469 1486 1556 1521 palam
1571 1485 1661 1511 dicere

45 1540 126 1565 ναμιν
139 1533 273 1567 ἀληθείας
284 1554 292 1565 ,
320 1535 366 1560 τὸν
381 1535 554 1569 ἀγοράσαντα
569 1535 666 1567 αὐτοὺς
681 1537 824 1572 Δεσπότην,

902 1541 955 1568 cet,
983 1536 1124 1563 Dominum
1152 1535 1197 1569 qui
1222 1542 1268 1562 eos
1293 1533 1415 1564 redemit,
1440 1533 1489 1558 hoc
1511 1535 1562 1562 est,
1581 1528 1662 1556 Chri-

46 1577 168 1603 τουτέστι
183 1578 314 1612 Χριστόν.
331 1579 452 1611 Δεδιότες
474 1579 502 1605 δὲ
525 1580 579 1606 τῶν
601 1580 720 1607 εὐσεϐεῖν
737 1582 830 1608 εἰωθό-

47 1628 98 1646 των
117 1622 168 1653 τὰς
192 1623 242 1649 ἐπὶ
257 1623 324 1658 τῷδε
365 1623 470 1657 λύπας,
499 1625 546 1652 καὶ
569 1626 658 1660 μέντοι
681 1626 760 1661 ζῆλον
786 1628 830 1653 τὶν

46 1667 209 1700 ἀξιάγαστον
225 1688 230 1700 ,
249 1669 437 1704 ὁμολογοῦσιν,
458 1671 499 1697 ὄτι
523 1672 570 1697 καὶ
591 1672 657 1703 Θεὸς
677 1673 750 1698 ἐστιν
769 1674 782 1698 ό
799 1675 830 1698 ὲκ

46 1711 93 1745 τῆς
116 1713 198 1746 ἁγίας
214 1714 353 1749 Παρθένον
368 1717 577 1751 γεγεννημένος.
594 1717 639 1743 καὶ
654 1717 707 1752 μὴν
727 1718 768 1744 ὅτι
783 1719 829 1744 καὶ

47 1756 145 1791 Κύριος
160 1778 167 1790 ,
197 1760 245 1785 καὶ
268 1760 332 1791 Υίὸς
358 1760 404 1786 τοῦ
425 1761 503 1788 Θεοῦ.
526 1762 580 1788 Καὶ
600 1763 624 1788 εἰ
648 1763 697 1797 μέν
714 1772 754 1794 τις
775 1763 828 1790 τῶν

53 1801 143 1829 ἁπλῶν
157 1805 222 1836 τοὺς
239 1806 303 1840 παρ’
317 1805 406 1832 αὐτῶν
428 1806 537 1842 δέξηται
552 1807 658 1841 λόγους,
669 1811 827 1843 νομιεῖπου,

48 1847 114 1872 κατὰ
124 1847 154 1874 τὸ
176 1850 262 1882 εἰκὸς,
284 1850 351 1885 ὀρθὰ
365 1852 411 1877 καὶ
427 1852 518 1878 εἰκότα
533 1852 631 1886 λέγειν,
647 1854 693 1880 καὶ
707 1855 761 1886 τοῖς
778 1855 829 1889 τῆς

48 1891 174 1927 ἀληθείας
191 1896 242 1922 οὑκ
259 1896 395 1932 ἀπᾴδοντα
406 1897 549 1932 δόγμασιν.
565 1899 595 1925 Εί
606 1899 633 1925 δὲ
646 1900 677 1934 δή
689 1909 729 1932 τις
742 1901 828 1927 ἕλοιτο

49 1941 208 1975 κατισχνοῦν
236 1943 297 1974 ταῖς
317 1943 440 1978 ὲρεύναις
465 1945 581 1976 αὐτοὺς,
608 1946 655 1972 καὶ
679 1946 709 1972 τὸ
726 1947 825 1982 ἀκριδῆ

49 1987 180 2013 ποιεῖσθαι
203 1987 257 2015 τῶν
278 1989 429 2024 εἰρημένων
445 1990 493 2025 τὴν
517 1990 643 2025 βάσανον,
661 1991 709 2026 οὐχ
728 1992 827 2019 ἁπλοῦν

48 2028 165 2065 εὑρήσει.
179 2033 241 2060 Εἰσὶ
254 2033 302 2069 μὲν
318 2034 371 2069 γὰρ
384 2034 439 2061 θεοὶ
453 2035 556 2068 πολλοὶ,
571 2037 617 2063 καὶ
631 2037 721 2072 κύριοι
738 2038 829 2065 πολλοὶ

49 2073 75 2100 ἐν
91 2084 120 2102 τε
136 2077 245 2113 οὐρανῷ
262 2079 309 2105 καὶ
322 2079 369 2106 ἐπὶ
385 2080 434 2115 τῆς
446 2081 507 2115 γῆς,
519 2082 589 2108 καθὰ
606 2082 652 2109 καὶ
666 2083 680 2108 ὁ
696 2084 829 2119 μακάριος

49 2119 111 2153 ἡμῖν
128 2123 230 2157 γράφει
247 2123 360 2155 Παῦλος.
382 2134 391 2150 ‹
416 2125 495 2151 Ἀλλὰ
514 2126 579 2160 ἡμῖν
599 2125 638 2158 εἷς
661 2127 726 2159 Θεὸς
740 2128 754 2154 ὁ
770 2129 826 2154 Πα-

47 2165 96 2200 τὴρ
107 2185 114 2196 .
135 2168 165 2200 ἐξ
178 2167 208 2196 οὗ
223 2170 257 2196 τὰ
275 2170 364 2196 πάντα
375 2190 382 2202 ,
406 2171 454 2198 καὶ
471 2172 550 2206 ἡμεῖς
563 2173 603 2204 είς
615 2173 711 2200 αὐτόν’
727 2174 773 2201 καὶ
788 2172 828 2206 εἷς

881 1585 963 1613 stum,
994 1581 1158 1608 inliciantur.
1188 1580 1382 1607 Verumtamen
1416 1577 1519 1611 piorum
1542 1576 1575 1602 ob
1595 1575 1662 1600 hanc

883 1635 937 1654 rem
963 1626 1156 1658 ollensionem,
1184 1626 1325 1659 zelnmque
1351 1622 1522 1649 :rmulatinne
1553 1620 1662 1653 dignum

882 1679 1043 1704 metuentes,
1059 1681 1119 1700 eum
1138 1672 1182 1707 qui
1200 1679 1231 1698 ex
1250 1678 1326 1697 sat-ra
1346 1668 1452 1703 Virgine
1468 1672 1546 1694 natus
1563 1671 1620 1695 est,
1636 1669 1664 1691 et

882 1719 963 1746 Deum
980 1726 1006 1745 et
1020 1718 1173 1748 Dominum,
1189 1721 1215 1744 et
1238 1716 1284 1743 Dei
1303 1715 1398 1742 Filium
1413 1721 1473 1741 esse
1489 1713 1659 1747 proﬁtentur.

880 1763 957 1796 Quod
972 1763 994 1789 si
1018 1764 1062 1797 qui
1086 1770 1118 1789 ex
1142 1761 1297 1788 rudioribus
1322 1760 1426 1786 illorum
1441 1764 1578 1784 sermones
1595 1755 1663 1781 forte

881 1809 1017 1840 hauriunt,
1031 1813 1102 1834 recta
1116 1815 1188 1839 mox,
1199 1812 1226 1832 ut
1244 1805 1383 1840 probabile
1399 1809 1449 1835 est,
1460 1808 1485 1829 cl
1565 1807 1671 1828 conve»

880 1854 990 1884 nieutia,
1008 1858 1034 1879 et
1046 1860 1105 1887 quae
1121 1860 1136 1878 ιι
1154 1852 1267 1878 veritate
1282 1859 1333 1877 non
1352 1849 1530 1879 dissentiant,
1546 1847 1605 1873 illos
1623 1846 1661 1871 lo—

878 1899 924 1932 qui
938 1897 1114 1924 arbitrantur.
1139 1896 1236 1923 Verum
1255 1897 1299 1930 qui
1321 1895 1391 1921 dicta
1417 1893 1521 1920 illorum
1541 1891 1661 1918 exactius

879 1948 1093 1978 pcrscrutantur,
1110 1949 1136 1969 et
1147 1942 1229 1977 justis
1245 1941 1408 1977 ponderibus
1418 1938 1600 1983 _examinant,
1619 1937 1660 1963 ni-

880 1988 915 2015 hil
940 1996 991 2015 non
1012 1989 1130 2015 l'ucatum
1150 1996 1181 2014 ac
1208 1988 1362 2022 perplexum
1390 1985 1559 2019 cornperinnt
1575 1992 1582 2010 :
1600 1987 1663 2010 sunt

878 2034 949 2062 enim
965 2034 999 2061 dii
1018 2033 1093 2061 tnulti
1112 2038 1139 2061 et
1165 2033 1265 2061 domini
1290 2031 1374 2064 multi,
1396 2036 1423 2059 et
1446 2031 1471 2058 in
1496 2029 1564 2056 cmlo
1584 2034 1612 2055 et
1635 2028 1660 2054 in

878 2085 960 2110 terra.
973 2079 1198 2114 quemadmodum
1217 2079 1322 2105 divinus
1340 2077 1438 2104 Paulus
1460 2075 1590 2109 scriptum
1610 2081 1663 2100 no-

877 2126 918 2152 bis
936 2126 1065 2160 reliqutt:
1089 2134 1098 2151 ί
1121 2124 1203 2151 Nobis
1223 2130 1310 2151 tamen
1334 2131 1403 2150 unus
1420 2127 1460 2149 est
1482 2122 1549 2148 Deus
1570 2120 1659 2151 Pater,

876 2179 909 2198 ex
925 2179 977 2205 quo
990 2171 1091 2203 omnia,
1109 2175 1136 2196 et
1161 2177 1209 2196 nos
1231 2170 1257 2196 in
1280 2169 1375 2196 illum:
1398 2172 1425 2195 et
1444 2174 1513 2194 unus
1533 2165 1659 2192 Dominus

49 2209 144 2245 Κύριος
163 2214 267 2248 Ἰησοῦς
280 2214 408 2250 Χριστὸς,
421 2215 454 2241 δι’
469 2213 499 2242 οὗ
514 2217 548 2243 τὰ
564 2217 663 2249 πάντα,
685 2219 733 2244 καὶ
747 2219 824 2253 ἡμεῖς

900 2222 968 2244 oster
984 2216 1062 2244 Jesus
1079 2216 1211 2248 Christus,
1229 2222 1275 2250 per
1291 2222 1370 2248 quem
1386 2213 1486 2244 omnia,
1505 2216 1530 2238 et
1549 2218 1596 2236 nos
1611 2216 1658 2242 per

47 2254 79 2280 δι“
94 2257 185 2286 αὐτοῦ.
198 2269 207 2285 ι
224 2260 296 2295 Πλὴν
310 2261 374 2287 ὅταν
389 2261 491 2295 Ἰησοῦν
503 2262 620 2298 Χριστὸν
635 2264 824 2299 ὀνομάζωμεν,

47 2298 89 2326 τὸν
110 2302 142 2328 ἐκ
163 2304 230 2330 Θεοῦ
254 2305 361 2340 [ἰατρὸς
384 2307 470 2341 Λόγον
495 2307 524 2333 bl
547 2298 705 2344 ἀνθρωπεία
734 2298 824 2346 μορφῇ

49 2348 181 2382 πεφῃνότα
198 2351 375 2386 σημαίνομεν,
389 2352 437 2379 οὐκ
450 2354 478 2378 ὲν
491 2353 600 2388 χάριτος
618 2355 695 2390 μέρει
714 2357 760 2382 καὶ
775 2358 825 2382 ὲπ‹

49 2391 125 2417 ακτὸν
150 2395 248 2428 ἔξωθεν
273 2395 368 2431 ἔχοντα
390 2398 419 2424 τὸ
441 2397 564 2433 ἀξίωμα,
581 2399 654 2432 ’ἀλλὰ
668 2400 732 2427 ὄντα
747 2402 825 2428 τοῦτο

49 2437 112 2485 λιατὰ
128 2439 265 2474 ἀλήθειαν,
289 2442 357 2477 ὅπερ
378 2440 449 2469 εἶναι
470 2443 657 2471 πεπίστευται.
681 2446 746 2477 Θεὸς
771 2447 824 2482 γὰρ

49 2484 82 2506 ὼν
95 2484 170 2517 φύσει
187 2487 232 2513 καὶ
246 2487 306 2522 δίχα
327 2489 436 2523 σαρκὸς,
455 2489 593 2524 μεμένηκε
607 2489 673 2521 Θεὸς
692 2491 738 2517 καὶ
755 2493 824 2526 μετὰ

49 2530 158 2562 σαρκόςη
175 2532 222 2559 καὶ
245 2533 306 2565 Tib;
319 2534 356 2559 ὢν
371 2534 450 2568 φύσει
467 2535 513 2562 καὶ
540 2536 592 2570 πρὸ
609 2536 719 2572 σαρκὸς,
738 2538 823 2573 μεμέ-

52 2578 123 2606 θηκεν
135 2574 197 2607 Υίὺς
219 2577 266 2603 καὶ
285 2577 353 2613 ὅπερ
367 2577 375 2596 ι
393 2578 487 2612 γέγονε
510 2579 577 2614 σάρξ
588 2588 594 2594 ·
609 2580 655 2606 καὶ
669 2581 769 2615 Κύριος
786 2580 823 2608 ὢν

50 2615 148 2653 ἀληθῶς
167 2622 221 2648 τῶν
237 2623 314 2656 ὅλων,
332 2625 361 2650 ὲν
384 2625 472 2660 τοιᾷδε
496 2625 577 2652 πάλιν
601 2626 695 2661 ὁρᾶται
717 2627 780 2664 δόξῃ
814 2647 822 2659 ,

53 2663 92 2708 λῳ·
106 2665 133 2691 ὲν
147 2668 336 2704 ἀνθρωπότητι
351 2670 479 2704 γεγονώς.
493 2671 596 2697 Οὐκοῦν
611 2673 634 2698 εί
649 2672 714 2699 Θεὸν
729 2673 823 2708 ἀληθι-

51 2706 91 2735 νὸν
107 2709 172 2739 εῖναι
187 2714 294 2748 λέγουσι
313 2715 358 2741 τὸν
373 2716 403 2742 ὲκ
417 2716 465 2751 τῆς
480 2717 560 2750 ἁγίας
578 2718 714 2753 Παρθένου
727 2706 823 2753 γεγεν-

52 2754 167 2788 νημένον,
187 2760 310 2787 τουτέστι
323 2760 369 2788 τὸν
383 2762 415 2788 ὲκ
432 2761 497 2788 Θεοῦ
514 2762 619 2798 Πατρὺς
639 2762 735 2797 Λόγον,
754 2763 823 2791 κατὰ

90 2848 199 2883 'Ephcs
217 2858 252 2883 Iv,
269 2850 295 2878 5.

876 2262 964 2296 ipsum
977 2262 1010 2288 "°.
1029 2271 1038 2287 ›
1055 2262 1187 2288 Cancrum
1209 2268 1268 2287 cum
1291 2260 1336 2287 Dei
1361 2258 1448 2285 Patris
1462 2257 1580 2284 Verbum
1604 2255 1659 2282 hu-

877 2316 954 2334 mana
972 2307 1056 2334 forma
1073 2307 1207 2338 indutum,
1223 2306 1313 2333 Iesum
1327 2305 1463 2332 Christum
1476 2303 1658 2333 nominaturus,

876 2354 1033 2388 dignitatem
1052 2354 1123 2380 hanc
1140 2361 1192 2380 non
1211 2354 1314 2390 muneri
1331 2351 1434 2382 datam,
1450 2355 1496 2377 aut
1512 2349 1536 2376 ei
1552 2349 1656 2375 extrin-

875 2406 952 2426 secus
970 2398 1144 2425 adventitiam
1163 2397 1293 2432 obtigisse
1310 2395 1508 2431 signiﬁcamus;
1526 2393 1572 2420 sed
1587 2393 1658 2426 quod

875 2445 1006 2471 creditum
1022 2448 1064 2471 est
1079 2450 1149 2475 esse,
1168 2443 1219 2469 hoc
1236 2443 1322 2477 ipsum
1344 2441 1493 2468 secundum
1517 2438 1657 2466 veritatem

874 2496 934 2516 esse
946 2489 1106 2516 indicamus.
1120 2488 1186 2515 Nam
1200 2495 1261 2516 cum
1279 2491 1355 2515 extra
1370 2494 1480 2515 carnem
1501 2490 1594 2520 suapte
1610 2492 1658 2511 na-

875 2540 936 2562 tura
957 2535 1024 2562 Deus
1041 2539 1124 2567 esset,
1141 2539 1318 2570 posteaquam
1343 2539 1450 2560 carnem
1476 2532 1570 2563 induit,
1587 2531 1657 2558 Deus

874 2589 934 2608 «se
952 2588 1004 2607 non
1027 2581 1140 2607 destitit.
1170 2579 1285 2607 Rursum
1314 2587 1376 2606 cum
1403 2584 1465 2606 ante
1493 2581 1656 2610 assumptum

876 2634 986 2654 carnem
1014 2626 1146 2653 naturalis
1172 2626 1217 2653 Dei
1248 2626 1332 2653 Filius
1352 2629 1438 2656 esset,
1462 2624 1569 2658 quando
1592 2630 1658 2649 caro

872 2673 926 2708 jam
943 2673 1040 2700 factum
1059 2677 1111 2705 est,
1129 2672 1187 2700 Filii
1205 2672 1335 2699 rationem
1353 2679 1404 2698 non
1422 2670 1522 2696 amisit.
1536 2668 1655 2695 Tandem

873 2727 934 2747 cum
947 2720 1134 2747 universorum
1151 2719 1280 2746 Dominus
1296 2723 1358 2745 ante
1380 2717 1535 2746 exsisteret,
1554 2719 1657 2749 postea-

872 2773 952 2801 quam
968 2765 1086 2792 humana
1102 2769 1198 2792 natura
1211 2768 1336 2791 ornatum
1350 2761 1461 2797 prodiit,
1474 2760 1507 2787 ab
1519 2766 1551 2787 eo
1563 2758 1657 2786 ordino
