1874 3076
50 106 109 138 ιορί

507 99 930 133 ΡΑΧΟΡῘᾸΧΒΟΘΜΛΤῘΟΑ
963 115 998 121 -·
1016 103 1089 134 TIT.
1108 103 1170 133 XV.

1579 99 1647 133 1002

48 161 164 195 ὐπὰρχων
180 158 272 192 Λόγος,
291 158 335 185 ὅτε
357 158 501 193 γενόμενος
531 157 608 193 σὰρξ,
638 158 708 185 καθά
726 166 788 191 φησι

908 158 982 185 -istus
1000 158 1173 191 intelligatur,
1190 160 1216 184 et
1237 156 1342 184 dicatur
1365 164 1378 182 a
1407 155 1493 188 nobis,
1514 155 1566 183 nisi
1583 164 1648 190 pro-

51 205 165 238 Ίωάννης
184 203 340 238 γεγέννηται
367 204 413 230 διὰ
438 204 576 237 γυναικδς,
590 204 636 230 καὶ
656 205 670 230 6
684 204 809 237 γέννησιν

45 251 108 285 ἔχων
119 251 164 284 τὴν
188 250 220 276 ὲκ
238 248 305 275 Θεοῦ
324 249 442 284 Πατρδς,
459 250 504 275 καὶ
515 248 564 284 τὴν
581 249 641 275 καθ’
655 250 727 284 ἡμᾶς
743 249 809 275 ὺπέ-

46 304 113 330 μεινε
127 294 220 321 παθεῖν
232 294 266 321 δι’
281 295 366 330 ἡμᾶς.
394 293 471 320 Ἐπεὶ
494 295 697 321 διδασκέτωσαν
721 295 809 324 αὐτοὶ.

45 341 177 374 κατατίνα
193 341 290 374 τρόπον
305 341 317 366 6
335 342 366 366 ἐκ
385 339 453 366 Θεοῦ
468 341 574 375 Πατρδς
591 340 677 374 Λόγος
693 340 811 374 Χριστὸς

46 387 75 413 ἂν
87 386 167 412 νοοῖτο
179 386 224 412 καὶ
237 385 342 419 λέγοιτο
358 386 427 420 πρὸς
442 386 531 420 ἡμῶν,
547 387 571 411 εξ
593 386 630 421 μὴ
645 386 698 412 ἀπό
717 394 749 419 γε
763 385 811 411 τοῦ

47 432 179 467 κεχρῖσθαι
202 432 316 466 Χριστὸς
337 431 516 466 ὁνομάζεταις
548 432 615 458 Τίνα
644 432 773 466 κέχρικεν
798 433 813 457 6

46 479 130 511 Πατὴρ
144 478 181 512 τῷ
204 477 284 512 ἐλαίῳ
315 478 363 511 τῆς
388 477 586 510 ἀγαλλιάσεως,
608 477 668 512 ἤτοι
684 477 724 512 τῷ
744 477 813 511 ἁγίῳ

47 523 191 557 Ηνεύματι;
209 523 239 549 Εἰ
254 523 303 557 μὲν
318 520 365 549 οὖν
378 523 468 554 ίὸικῶς
477 523 522 550 τὸν
535 522 565 555 ἐξ
575 522 657 550 αὑτοῦ
673 525 719 550 καὶ
735 523 814 558 μόνον

44 567 198 602 γεννηθέντα
216 567 282 593 Θεὸν
299 567 396 601 Λόγον,
413 567 460 594 καὶ
472 567 551 594 τοῦτο
568 565 637 594 εἷναί
656 576 737 602 φασιν
750 567 815 601 ἁλη-

46 614 96 644 θὲς,
114 612 264 646 ἀγνοοῦσιν,
291 612 331 639 ὅτι
355 613 402 638 καὶ
420 613 469 647 τὴν
498 612 545 639 τοῖς
569 611 816 647 Μονογενοῦς·ἀδι-

45 659 117 685 κοῦσι
130 658 220 692 φύσιν,
240 658 352 692 καὶτῆς
369 658 437 693 μετὰ
460 659 559 692 σαρκὸς
590 659 745 694 οἰκονομίας
765 658 816 692 ἁρ-

44 704 86 730 νοῦ
95 712 145 730 ιται
166 704 196 730 τὸ
210 704 370 738 μυστήριον.
402 704 432 730 Εἰ
462 704 517 738 γὰρ
532 704 675 739 κέχρισται
690 704 729 739 τῷ
748 703 817 739 ἁγίῳ

45 751 175 784 Πνεύματι
188 750 255 780 Θεὸς
267 749 305 776 ὢν
320 750 334 776 ό
345 749 440 782 Λόγος,
454 749 548 776 ἐπιδεᾶ
560 749 668 781 πάντως
680 749 817 784 ἁγιασμοῦ

45 798 87 822 καὶ
109 795 156 829 οὐχ
175 795 284 825 ἑκόντες
306 795 504 829 ὁμολογήσουσι
524 794 596 820 κατὰ
620 794 683 825 τοὺς
714 793 818 821 ἀνωθεν

862 209 954 238 pterea
976 203 1047 238 quod
1067 207 1165 230 unctus
1191 206 1242 230 est.
1272 202 1358 236 Quem
1391 202 1468 230 unxit
1493 202 1572 229 Pater
1588 203 1649 230 oleo

861 249 1062 282 exsultationis,
1090 250 1148 277 sive
1182 248 1285 283 Spiritu
1317 254 1422 277 sancto.
1446 248 1475 276 Si
1503 249 1649 283 separatim

861 303 893 322 ex
919 302 948 322 se
982 296 1100 330 genitum
1129 295 1211 322 Deum
1233 294 1361 327 Verbum,
1375 300 1400 322 et
1438 295 1463 322 id
1485 302 1576 322 verum
1590 302 1652 322 esse

863 342 965 374 dicunt,
991 341 1115 376 ignorant
1134 349 1163 369 se
1179 340 1315 375 Unigeniti
1339 347 1463 368 naturam
1480 340 1578 376 injuria
1593 341 1653 368 nili-

863 394 935 419 csre,
954 391 980 414 et
995 391 1139 420 assumpta:
1162 386 1253 415 carnis
1282 386 1441 421 mysterium
1460 391 1569 422 negant.
1584 385 1651 413 Nam
1676 392 1678 395 '

865 433 886 460 si
914 432 1014 467 Spiritu
1044 438 1137 460 sancto
1167 437 1277 460 unctum
1301 437 1342 460 est
1365 431 1485 460 Verbum
1517 434 1653 461 exsisteus

867 479 947 511 Deus.
978 479 1199 506 sanctiﬁcationis
1237 479 1324 513 ipsum
1361 486 1472 512 prorsus
1506 479 1654 514 indiguisse

866 524 906 551 vel
942 524 1017 551 inviti
1054 524 1219 556 fatebuntur,
1258 525 1441 558 superioribus
1475 525 1653 559 temporibus.

866 569 966 604 quibus
985 571 1103 597 nondum
1133 575 1243 596 unctum
1258 577 1355 603 expers
1379 574 1438 596 erat
1465 569 1553 597 adhuc
1575 570 1655 603 hujus

867 616 997 647 muneris,
1013 615 1083 650 quod
1119 616 1155 643 illi
1175 619 1266 650 postea
1282 616 1374 643 datum
1402 621 1453 643 est.
1471 615 1548 648 Quod
1563 621 1654 642 autem

868 662 1085 689 sanctiﬁcatione
1110 662 1242 696 privatum
1257 665 1327 694 erat,
1347 665 1443 688 natura
1459 665 1589 688 mutatum
1601 665 1653 688 est.

868 707 1002 735 Praterea
1026 707 1097 735 haud
1121 707 1200 742 plane
1229 708 1333 741 peccati
1361 713 1458 741 expers
1480 706 1654 741 intelligatur.

870 755 966 787 neque‘
991 759 1104 786 peccare
1127 760 1181 780 non
1214 753 1346 787 potuisse.
1371 752 1546 780 Mutationem
1573 752 1656 787 igitur

869 799 902 826 ad
918 798 1028 826 meliora
1057 796 1170 825 fortasse
1188 797 1296 832 pertulit
1309 795 1438 824 Verbum.
1467 796 1543 830 Quod
1567 797 1588 823 si
1618 796 1655 823 ita

45 841 149 874 χρόνους
174 840 308 875 ὑπάρχειν
326 840 418 871 αὑτὸν,
435 839 497 866 καθ’
512 839 559 871 οὓς
582 839 658 866 οῠπω
672 848 785 874 κεχρισμ

915 862 922 875 ,
944 842 1078 877 quomodo
1098 846 1139 870 est
1165 830 1248 874 idem,
1264 847 1304 869 et.
1323 842 1495 869 immutatum
1511 849 1564 868 non
1592 841 1655 868 est?

46 893 95 916 νος,
109 885 244 919 ἀμέτοχος
272 882 307 918 ἦν
323 884 364 910 ἐτι
397 883 446 919 τῆς
464 883 577 918 ὕστερον
604 883 681 918 αὑτῷ
694 883 818 918 δοθείσης

43 929 149 964 δωρεᾶς.
177 929 214 955 Τὸ
240 929 270 956 δὲ
288 928 426 963 ἁγιασμοῦ
452 929 634 964 στερούμενον
659 927 820 954 σεσάλευται

44 975 110 1001 κατὰ
124 975 216 1009 φύσιν,
231 974 280 1001 καὶ
298 975 349 1001 οὐκ
365 975 397 1001 ἂν
413 975 498 1001 νοοῖτο
512 973 652 1005 παντελῶς
668 974 820 1009 ημοιρηκδς

46 1021 190 1056 ἁμαρτίας,
218 1022 281 1056 ἦτοι
293 1021 340 1047 τοῦ
359 1020 488 1048 δύνασθαι
503 1020 683 1055 πλημμελεῖν.
702 1020 822 1055 Ύπομε-

44 1068 156 1102 μένηκεν
165 1066 212 1094 οὗν
228 1067 284 1102 ἄρα
295 1069 341 1094 καὶ
351 1067 458 1102 τροπὴν
470 1066 519 1101 τὴν
530 1066 569 1098 είς
583 1067 617 1092 τὰ
628 1066 732 1101 ἀμείνω
740 1067 821 1101 τυχὸν

44 1113 57 1138 6
70 1114 162 1147 Λόγος.
177 1113 241 1144 Πῶς
255 1113 303 1140 οὖν
316 1113 330 1139 6
342 1112 422 1144 αὑτός
436 1113 505 1145 ἐστι,
526 1112 573 1138 καὶ
595 1111 645 1138 οὐκ
657 1111 819 1146 quotumas;

43 1160 96 1186 Καὶ
110 1161 133 1185 εί
144 1160 212 1190 Θεὸς
228 1159 268 1186 ὢν
286 1161 299 1186 ὁ
314 1159 400 1192 Λόγος
426 1159 473 1186 καὶ
502 1159 532 1185 ὲν
544 1159 634 1194 μορφῇ
653 1159 700 1184 καὶ
717 1158 820 1192 ίσότητι

42 1205 84 1231 τοῦ
97 1205 205 1240 [ἰατρὸς
229 1205 338 1241 ὲχρίετό
356 1212 386 1231 τε
400 1204 449 1231 καὶ
476 1204 616 1239 ἡγιάζετο,
641 1204 707 1238 φαίη
728 1212 769 1234 τις
788 1204 821 1229 ἂν

42 1249 113 1282 ἴσως,
129 1250 168 1282 ὡς
179 1250 236 1277 άπό
253 1258 286 1284 γε
301 1248 348 1277 τοῦ
370 1249 534 1284 πράγματος
562 1249 602 1279 είς
625 1247 766 1282 ἐξιτήλους
781 1249 822 1273 ὲν-

42 1295 113 1327 ιοίας
128 1296 368 1330 ἀπενηνεγμένος,
382 1294 424 1321 ὅτι
440 1294 511 1328 τάχα
523 1302 574 1320 που
588 1293 636 1320 καὶ
647 1293 727 1324 αὐτὸς
744 1294 757 1318 ὁ
769 1293 823 1319 [ια-

39 1341 90 1375 τὴρ
105 1341 187 1368 δέοιτ’
202 1341 238 1368 ἂν
254 1339 405 1375 άγιασμοῦ,
430 1339 531 1374 μᾶλλον
552 1338 581 1365 δὲ
596 1338 647 1374 ἤδη
661 1338 707 1364 καὶ
721 1337 823 1373 μείζων

41 1387 120 1414 αὐτοῦ
134 1387 261 1422 πέφηνεν
278 1387 291 1412 6
301 1386 375 1418 Υἱὸς,
391 1386 470 1420 εἴπερ
483 1385 612 1420 ἡγίασται
622 1384 703 1416 αὐτὸς
716 1385 773 1415 leo;
785 1383 824 1411 ὢν

39 1433 124 1469 αὑτῷ,
137 1434 185 1460 καὶ
200 1435 231 1460 ὲν
249 1434 342 1468 μορφῇ
359 1432 441 1458 αὑτοῦ
454 1432 506 1467 πρὸ
523 1430 571 1457 τοῦ
594 1429 742 1464 ἁγιασμοῦ,
761 1431 776 1457 6
795 1429 824 1457 δὲ

40 1480 253 1515 ἀπομεμένηκεν
284 1480 313 1505 ἐν
341 1475 380 1508 οἷς
393 1475 427 1512 ἦν
441 1478 495 1509 ἀεὶ,
512 1477 559 1504 καὶ
585 1475 654 1509 ἐστι,
671 1477 717 1502 καὶ
732 1476 820 1509 ἔσται,
837 1495 859 1525 c

39 1524 113 1551 οὔπω
123 1524 173 1560 τὴν
185 1526 228 1556 εἰς
248 1523 284 1550 τὰ
300 1522 405 1558 ἀμείνω
419 1522 508 1548 λαϐὼν
521 1521 652 1554 ἐπίδοσιν,
678 1521 722 1549 διά
733 1529 765 1555 γε
777 1521 824 1548 τοῦ

41 1570 168 1604 ἡγιάσθαι
194 1569 261 1597 καθ’
283 1570 432 1604 ὁμοιότητα
454 1569 501 1595 τοῦ
527 1567 603 1595 Υίοῦ.
620 1567 722 1600 Μεῖζον
732 1568 760 1594 δὲ
774 1567 825 1603 ἠδη

40 1618 83 1642 καὶ
97 1616 203 1651 ἀμφοῖν
216 1615 316 1652 ὁρᾶται
337 1615 368 1642 τὸ
396 1614 508 1650 Πνεῦμα
532 1614 563 1640 τὸ
587 1612 699 1648 ἁγιάζον
714 1614 824 1646 αὐτοὺς,

40 1662 117 1698 εἰπερ
132 1664 210 1690 ἔστιν
223 1663 277 1689 οὐκ
297 1661 461 1694 ἐνδοιαστὸν,
480 1660 518 1692 ὡς
545 1659 654 1695 ἁπάσης
670 1660 825 1694 ἀντιλογίας

38 1707 99 1743 δίχα
113 1709 144 1735 τὸ
159 1709 279 1736 ἔλαττον
288 1708 340 1734 ὑπὸ
353 1707 399 1734 τοῦ
415 1707 572 1742 κρείττονος
582 1706 745 1740 εὐλογεῖται.
755 1706 825 1732 Ἀλλ’

40 1755 96 1781 ἐστι
110 1754 201 1781 ταῦτα
214 1754 313 1789 λῆρος,
329 1754 376 1780 καὶ
392 1752 516 1788 τερθρία,
536 1751 584 1778 καὶ
598 1751 771 1786 ἀποπληξίας
782 1752 827 1784 ὲγ-

39 1799 179 1834 κλήματα.
203 1799 288 1833 ’Δγία
303 1798 356 1833 γὰρ
372 1798 443 1824 κατὰ
458 1796 539 1831 φύσιν
554 1796 571 1831 ὴ
583 1795 724 1830 ὁμοοὺσιος
732 1794 826 1830 Τριάς.

39 1845 133 1878 ’Δγιος
144 1847 159 1872 ὁ
171 1845 286 1879 Πατὴρ,
308 1843 385 1878 ἅγιος
396 1844 423 1870 δὲ
436 1843 484 1870 καὶ
497 1843 511 1869 6
524 1841 586 1873 Υἱὸς
610 1841 747 1872 οὐσιωδῶς
758 1842 828 1867 κατὰ

36 1891 82 1917 τὸν
100 1891 160 1918 ἴσον
179 1891 296 1926 τρόπον,
325 1889 425 1924 ὁμοίως
455 1889 502 1916 καὶ
524 1888 555 1914 τὸ
583 1887 705 1922 Πνεῦμα.
722 1887 827 1913 Οὐκοῦν

36 1936 99 1962 ὅσον
112 1933 183 1972 ἧκεν
203 1936 246 1967 εἰς
270 1935 341 1961 ἰδίαν
356 1935 437 1968 φύσιν
451 1933 500 1968 οὐχ
516 1933 644 1967 ἡγίασται
660 1932 729 1958 κατὰ
744 1932 827 1966 μόνοις

35 1981 48 2007 ό
62 1980 109 2008 τοῦ
123 1971 197 2008 Θεοῦ
212 1979 321 2015 Πατρδς
336 1979 434 2012 Λόγος.
447 1978 478 2004 Εἰ
494 1978 521 2004 δὲ
539 1977 571 2012 δά
583 1986 625 2007 τις
642 1977 723 2003 οἴοιτο
738 1977 783 2003 τὸν
796 1977 828 2002 ὲκ
841 1971 848 1983 \

34 2028 82 2062 τῆς
98 2028 184 2062 ἁγίας
201 2025 346 2061 Παρθένον
368 2024 567 2059 γεγεννημένον
582 2023 725 2058 κεχρῖσοαί
739 2031 769 2049 τε
781 2023 829 2049 καὶ

35 2072 170 2106 ἠγιάσθαι
188 2071 287 2106 μόνον,
306 2069 392 2103 ταύτῃ
406 2076 446 2094 τοι
459 2068 505 2093 καὶ
531 2066 687 2102 ὠνομάσθαι
702 2066 828 2101 Χριστὸν,

34 2117 139 2152 λεγέτω
167 2116 322 2153 παρελθὼν
354 2116 379 2141 εί
397 2114 504 2149 ἀπόχρη
533 2114 562 2140 τὺ
578 2114 682 2149 χρῖσμα
707 2113 775 2148 πρὸς
799 2113 830 2139 τὸ

871 888 948 921 Quod
964 888 987 916 si
1001 887 1119 916 Verbum
1151 888 1222 916 Deus
1249 887 1383 916 exsisteus
1405 893 1434 915 et
1461 888 1488 914 in
1518 887 1603 914 forma
1629 892 1658 915 et

871 931 1024 966 zequalitate
1040 931 1128 959 Patris
1143 936 1253 960 unctum
1265 937 1292 959 et
1310 932 1507 960 sanctiﬁcatum
1521 937 1572 965 est,
1585 932 1658 960 dicat

871 975 970 1010 aliquis
986 975 1111 1013 fortasse,
1125 983 1139 1003 a
1156 983 1185 1004 re
1201 977 1338 1012 proposita
1350 978 1384 1004 ad
1407 977 1492 1005 exiles
1515 977 1657 1012 cogitatiw

872 1027 920 1047 tres
954 1020 1106 1054 diverteris,
1135 1026 1163 1049 et
1189 1020 1297 1049 Patrem
1319 1021 1404 1056 ipsum
1432 1022 1657 1050 sanctiﬁcationis

872 1073 953 1101 egere
981 1072 1063 1101 atque
1095 1067 1161 1094 adeo
1192 1067 1324 1094 minorem
1342 1074 1402 1094 esse
1416 1066 1496 1100 Filio,
1521 1067 1657 1102 siquidem

872 1111 1102 1139 sanctiﬁcatuscst
1111 1112 1206 1145 Filius,
1222 1120 1283 1140 cum
1297 1113 1370 1140 Patri
1382 1117 1454 1141 esset
1467 1114 1578 1148 aequalis
1592 1119 1620 1141 et
1631 1113 1659 1140 in

872 1157 1034 1190 formaejus.
1043 1160 1106 1185 ante
1115 1157 1368 1192 sanctiﬂcatiouem;
1376 1159 1550 1187 Paterauteut
1562 1159 1660 1187 mansit

874 1202 900 1228 iu
913 1202 1012 1236 quibus
1026 1206 1085 1229 erat
1104 1209 1221 1237 semper,
1231 1207 1258 1230 et
1270 1207 1322 1237 est,
1337 1208 1364 1231 et
1376 1203 1438 1236 crit,
1452 1208 1480 1232 et
1497 1204 1614 1232 nondum
1624 1206 1658 1232 ad

877 1246 990 1274 meliora
1007 1252 1180 1282 augmentum
1198 1247 1314 1282 accepit,
1338 1248 1521 1275 sanctiticatus
1535 1247 1661 1275 videlicet

875 1292 1101 1325 quemadmodum
1121 1291 1216 1320 Filius.
1229 1293 1263 1320 Et
1282 1293 1412 1321 ambobus
1428 1294 1514 1329 major
1531 1294 1660 1329 Spiritus,

875 1338 922 1373 qui
932 1337 1007 1373 ipsos
1015 1338 1177 1373 sanctiﬁcat,
1187 1339 1338 1374 apparebit.
1349 1338 1455 1366 Nemini
1468 1339 1539 1367 enim
1549 1339 1661 1367 dubiutn

875 1390 927 1418 est,
952 1385 1017 1419 qttin
1048 1385 1146 1413 minori
1175 1392 1193 1413 α
1222 1385 1324 1420 majore
1349 1385 1535 1413 benedicatur.
1561 1385 1661 1413 Verum

876 1432 971 1459 inanes
986 1431 1044 1464 istae
1057 1435 1122 1459 sunt
1132 1438 1220 1467 nugae.
1242 1436 1269 1459 et
1285 1429 1427 1459 dementiae
1438 1436 1518 1467 atque
1542 1432 1662 1467 stuporis

877 1476 985 1504 iudicia.
1016 1477 1114 1505 Sancta
1149 1478 1220 1505 enim
1253 1485 1302 1512 per
1329 1482 1453 1505 naturam
1478 1482 1520 1505 est
1540 1477 1661 1512 ejusdem

877 1522 1003 1550 essentia
1017 1520 1149 1550 Trinitas.
1175 1522 1291 1551 Sanctus
1314 1527 1356 1550 est
1388 1522 1478 1556 Pater,
1497 1528 1607 1552 sanctus
1635 1529 1664 1551 et

876 1566 962 1595 Filius
995 1574 1044 1602 per
1071 1568 1216 1596 essentiam
1245 1567 1340 1596 eodem
1368 1568 1459 1601 modo,
1484 1569 1608 1598 similiter
1635 1575 1663 1597 et

877 1611 994 1647 Spiritus
1019 1617 1139 1640 sanctus.
1170 1611 1273 1647 Itaque,
1311 1617 1441 1649 quantum
1467 1614 1586 1646 pertiuet
1628 1617 1662 1643 ad

877 1665 1001 1687 naturam
1031 1659 1181 1695 propriam,
1210 1659 1355 1693 separatim
1384 1659 1582 1688 sanctiﬁcatum
1609 1668 1663 1688 non

876 1711 918 1733 est
948 1705 1064 1732 Verbum
1100 1705 1158 1732 Dei.
1190 1704 1237 1731 Sin
1274 1704 1373 1739 aliquis
1398 1709 1485 1740 putet,
1513 1706 1601 1733 solum
1630 1713 1664 1734 ex

877 1754 970 1778 sancta
986 1755 1078 1777 natum
1096 1749 1207 1784 Virgine
1220 1750 1303 1778 fuisse
1318 1753 1427 1777 unctum
1450 1755 1479 1778 et
1509 1752 1664 1779 sanctiﬁca-

879 1800 946 1829 tum,
962 1801 1043 1830 atque
1069 1794 1105 1821 ita
1121 1799 1245 1821 vocatum
1262 1801 1322 1822 esse
1334 1794 1484 1828 Christum,
1502 1795 1528 1822 in
1545 1797 1663 1824 medium

878 1842 988 1876 prodeat
1004 1841 1067 1873 iste,
1081 1845 1162 1875 atque
1178 1840 1259 1870 dicat.
1277 1847 1310 1867 an
1328 1840 1395 1868 satis
1419 1839 1501 1869 fuerit
1521 1842 1613 1869 unctio
1629 1843 1663 1870 ad

879 1886 1066 1914 declarandum
1085 1886 1172 1918 illum,
1185 1885 1230 1920 qui
1251 1891 1347 1913 unctus
1361 1890 1413 1917 est,
1429 1887 1514 1921 gloria
1530 1892 1556 1914 et
1571 1889 1658 1923 impe-

880 1934 924 1960 rio
937 1933 1068 1967 aequalem
1085 1931 1123 1958 illi
1140 1931 1186 1966 qui
1214 1932 1341 1959 ontnibus
1365 1932 1511 1960 antecellit.
1542 1934 1616 1966 Quod
1641 1935 1663 1961 si

879 1978 906 2005 id
922 1977 989 2004 satis
1003 1984 1062 2005 esse
1076 1976 1185 2008 dixerit,
1201 1983 1262 2003 cum
1277 1977 1350 2004 uncti
1366 1978 1451 2005 simus
1464 1982 1491 2005 et
1509 1986 1569 2012 uos,
1583 1983 1666 2014 atque

880 2021 916 2048 ita
933 2026 1047 2049 testctur
1064 2021 1141 2048 divus
1155 2020 1273 2048 Joannes
1293 2029 1300 2048 :
1317 2020 1349 2048 Et
1370 2029 1425 2055 ros,
1451 2023 1584 2057 inquiens,
1614 2032 1667 2051 urt-

880 2068 990 2094 ctionem
1011 2067 1111 2094 habetis
1138 2075 1154 2093 a
1187 2072 1278 2093 sancto
1295 2067 1316 2099 ί,
1347 2075 1411 2094 nuttt
1439 2068 1540 2104 erimus
1568 2075 1601 2103 et,
1617 2078 1666 2098 nos

880 2111 998 2140 fortasse
1019 2112 1137 2147 equales
1165 2112 1244 2140 Deo?
1266 2111 1368 2147 Ecquid
1385 2114 1437 2140 erit
1462 2114 1664 2148 impediuteuto.

33 2164 181 2199 ἀποφῇναι
193 2163 245 2188 τὸν
256 2161 400 2196 χριόμενον
414 2159 524 2186 ἰσοκλεᾶ
547 2160 594 2185 καὶ
616 2158 765 2193 ὁμόθρονον

926 2159 1026 2186 )tninus
1048 2163 1075 2186 et
1095 2165 1143 2186 uos
1160 2165 1221 2185 cum
1234 2158 1294 2193 ipso
1321 2159 1520 2193 consideamus,
1536 2163 1666 2196 quemad-

33 2212 147 2237 πάντων
162 2209 302 2235 ἐπέκεινα
316 2206 386 2241 Θεῷ,
396 2205 451 2232 Καὶ
465 2205 489 2231 ει
503 2205 552 2239 μὲν
565 2204 685 2239 ἀπόχρη,
694 2204 742 2231 καὶ
754 2203 833 2230 τοῦτο

33 2256 149 2291 ἐροῦσιν
163 2255 206 2286 ὡς
225 2254 302 2280 ἐστιν
317 2252 427 2287 ἀληθὲς,
441 2249 611 2285 κεχρίσμεθα
623 2250 670 2276 καὶ
683 2250 774 2284 ἡμεῖς,
786 2250 834 2276 καὶ

35 2301 223 2337 μαρτυρήσει
241 2299 331 2332 λέγων
343 2298 357 2323 6
369 2297 511 2326 θεσπέσιος
529 2294 667 2329 Ἰωάννης,
677 2295 731 2321 Kal
747 2294 834 2329 ὑμεῖς

32 2349 156 2384 χρίσμα
176 2347 272 2381 ἔχετε
286 2344 345 2372 ἀπὸ
357 2343 411 2370 τοῦ
429 2343 526 2378 ἁγίου.
552 2340 686 2376 Ἐσόμεθιι
697 2340 728 2375 δὴ
744 2339 790 2368 οὖν
804 2341 833 2368 ἂν

31 2395 83 2428 [etp
94 2394 173 2428 τάχα
191 2399 251 2418 που
272 2390 321 2416 καὶ
337 2389 417 2423 ἡμεῖς
439 2387 520 2414 αὐτοὶ
534 2385 572 2420 τῷ
592 2385 661 2420 Θεῷ.
679 2385 773 2419 Είργει
793 2384 832 2416 δὲ,

30 2438 123 2474 οἶμαι,
142 2435 295 2466 παντελῶς
309 2434 384 2460 οὐδὲν
395 2434 441 2460 καὶ
458 2432 630 2466 συνεδρεύειν
643 2430 728 2464 αὐτῷ,
749 2429 833 2456 καθά-

30 2494 87 2520 περ
103 2484 211 2519 ἀμέλει
235 2482 284 2507 καὶ
315 2479 396 2510 αὐτὸς
411 2480 425 2504 6
442 2477 628 2513 Ἐμμανουήλ.
645 2476 760 2514 Εἴρηται
780 2477 835 2510 γὰρ

31 2532 103 2568 πρὸς
118 2531 224 2561 αὑτὸν,
237 2527 337 2555 Κάθου
349 2527 383 2553 ἐκ
395 2524 502 2557 δεξιῶν
513 2532 583 2559 μου,
595 2523 650 2556 ἓως
662 2523 701 2550 ἂν
711 2521 752 2550 θῶ
764 2523 836 2555 τοὺς

28 2577 168 2612 ἐχθρούς
185 2581 253 2601 σου
267 2571 436 2600 ὑποπόδιον
455 2569 515 2597 τῶν
530 2569 634 2596 ποδῶν
653 2576 724 2596 σου.
748 2569 836 2603 Προσ-

31 2623 157 2650 χυνείτω
173 2620 230 2648 καὶ
245 2619 319 2654 ἡμᾶς
335 2619 352 2653 ἡ
365 2617 419 2643 τῶν
440 2616 525 2649 ἁγίων
546 2615 670 2649 ἀγγέλων
682 2614 748 2649 ἁγία
766 2614 835 2648 πλη-

28 2671 92 2702 θύς.
111 2670 219 2696 ’Ὅταν
239 2667 306 2700 γὰρ,
321 2662 567 2699 φησὶν,είσαγάγη
585 2661 638 2687 τὸν
648 2661 837 2695 πρωτότοκον

28 2717 74 2749 είς
86 2715 150 2749 τὴν
167 2710 372 2745 οιλιουμένην,
387 2709 484 2743 λέγει·
504 2707 559 2734 Καὶ
576 2706 836 2740 «patratur-nmina-

65 2794 99 2822 ἰ
121 2791 213 2819 Joan.
238 2786 332 2820 11,20.
369 2787 380 2802 '
396 2785 468 2814 Psal.
490 2794 545 2818 cn,
570 2786 594 2813 l.
634 2786 644 2801 ³
664 2784 745 2812 ΙΙι-Ιπ.
770 2794 788 2819 ι,
814 2787 839 2814 (ξ.

161 2838 312 2867 ΡΑτιιοι..
327 2834 383 2864 Gn.
406 2833 531 2863 CXXX.

881 2205 988 2233 modum
1015 2209 1042 2232 et
1066 2205 1123 2240 ipse
1151 2204 1335 2233 Emmanuel?
1357 2206 1402 2233 Sic
1424 2206 1496 2233 enim
1527 2207 1560 2234 ad
1593 2208 1666 2234 illum

881 2252 981 2279 dictqu
1007 2256 1072 2279 est:
1094 2251 1160 2279 Sede
1187 2260 1203 2279 a
1228 2252 1328 2279 dextris
1356 2253 1428 2284 meis,
1461 2254 1542 2280 donec
1572 2261 1667 2288 ponam

880 2297 1000 2324 inimicos
1031 2301 1088 2323 tuas
1113 2297 1255 2324 scabellum
1281 2299 1375 2332 pellunt
1406 2302 1510 2326 tuorum
1524 2300 1545 2326 '.
1568 2300 1669 2328 Adoret

881 2343 962 2370 etiam
994 2349 1043 2370 nos
1064 2348 1156 2370 sancta
1180 2343 1330 2371 cmlestium
1350 2344 1493 2378 spirituum
1514 2345 1665 2373 multitudo.

883 2388 993 2421 Quando
1016 2390 1096 2422 enim,
1123 2390 1220 2423 ittquit,
1246 2389 1390 2417 introducit
1412 2390 1619 2424 Primogeut‘tum
1639 2391 1668 2419 in

884 2435 969 2460 orbem
998 2439 1137 2472 terrarum,
1158 2434 1248 2460 dicit:
1280 2434 1311 2460 Et
1338 2435 1446 2462 adorent
1484 2444 1544 2463 eum
1581 2444 1668 2463 omnes

884 2481 969 2514 angeli
1000 2480 1046 2506 Dei
1063 2480 1083 2507 '.
1109 2480 1142 2506 At
1173 2487 1233 2513 nos,
1254 2480 1317 2507 licet
1349 2481 1452 2516 Spiritu
1476 2486 1570 2509 sancto
1596 2482 1668 2509 uncti

884 2525 983 2558 simus,
1007 2530 1034 2553 et
1067 2526 1221 2560 adoptionis
1245 2526 1358 2561 gratiam
1383 2527 1593 2560 obtinuerimus,
1623 2535 1670 2554 vo-

888 2561 1034 2605 eemtirque
1056 2570 1103 2602 dii,
1127 2578 1179 2598 non
1205 2574 1293 2598 tamen
1314 2574 1418 2598 natura;
1451 2575 1550 2599 nostra
1576 2572 1671 2598 con-li-

891 2616 989 2644 tionem
1014 2616 1180 2651 ignoramus.
1197 2615 1295 2644 Sumus
1318 2616 1390 2643 enim
1407 2623 1421 2643 e
1444 2620 1526 2648 terra,
1552 2621 1578 2642 et
1601 2616 1672 2642 inter

889 2669 982 2690 servos
1016 2669 1196 2690 numerantur.
1228 2661 1272 2689 Ille
1296 2669 1360 2688 vero
1375 2670 1426 2688 non
1457 2666 1499 2689 est
1531 2662 1557 2688 iu
1575 2661 1673 2696 quibus

891 2716 939 2735 nos
953 2716 1057 2741 smnus,
1075 2709 1122 2735 sed
1146 2712 1239 2734 natura
1254 2715 1369 2741 vereque
1390 2707 1483 2740 Filius,
1498 2712 1526 2734 et
1552 2707 1672 2735 omnium

1442 2830 1480 2861 32
