1874 3076
37 161 100 195 1005

505 161 695 192 PANOPLIA
718 161 944 192 DOGMATlCA.
965 173 998 178 ·-
1018 161 1091 192 ΤΙΤ.
1113 162 1173 193 XV.

1584 165 1652 198 1006

34 221 151 257 γομένων
165 221 218 247 τῶν
238 228 267 247 τε
289 220 385 256 ἱερέων
400 219 445 247 καὶ
463 219 607 255 βασιλέων,
623 219 671 246 καὶ
683 219 714 246 οὐ
729 220 810 254 μόνον

913 219 1040 252 titrirem,
1069 226 1227 254 quanquam
1247 218 1385 247 Christum
1407 221 1512 255 genuit,
1536 223 1582 249 sed
1605 223 1652 251 θυι

32 268 83 294 τῶν
95 267 133 303 τῷ
151 267 234 302 ὲλαεῳ
247 266 295 293 τοῦ
315 266 430 302 κέρατος
447 266 533 293 πάλαι
557 266 721 301 χριομὲνων,
740 265 807 291 ἀλλὰ

913 265 952 292 itts
963 265 1128 292 Genitricem
1139 264 1306 299 appellamus
1317 273 1325 298 ;
1340 272 1376 292 ne
1389 266 1493 294 nudum
1505 267 1651 299 hominem.

32 314 76 339 ut
87 313 140 339 τῶν
150 313 189 348 τῷ
200 312 270 348 ἁγιῳ
284 304 632 347 Πνεύματικὲχρισμένων.
641 311 675 337 ΑΞ
689 311 807 345 μητέρες

31 358 118 386 αὐτῶν
128 359 300 394 χριστοτόκοι
318 358 368 393 μὲν
380 359 435 393 γὰρ
451 358 572 393 ρηθείεν,
584 358 711 384 Θεοτόκοι
725 356 754 383 δὲ
765 356 811 383 οὐ-

29 404 131 438 δαμῶς,
149 404 239 431 καίτοι
252 405 302 431 καὶ
315 404 384 431 θεῶν
407 404 508 438 ἑτέρως
518 403 675 438 λεγομένων
686 403 756 430 κατὰ
767 402 808 434 τὸ,

863 310 955 345 quales
976 311 1013 338 illi
1034 316 1107 344 sunt,
1123 311 1158 338 ab
1175 311 1218 338 illa
1242 311 1362 346 genitum
1384 314 1577 345 concedamus,
1592 321 1652 342 eam

860 361 1019 391 separantes
1036 358 1069 384 ab
1082 357 1142 385 aliis
1159 358 1302 391 matribus,
1323 365 1383 393 quae
1409 359 1537 391 christos,
1562 360 1587 387 id
1599 366 1653 392 εει,

861 407 956 429 unctos
996 409 1085 437 reges,
1127 410 1175 430 seu
1211 404 1368 432 sacerdotes
1404 410 1566 440 genuerunt,
1601 405 1648 433 Dei

35 449 62 475 Ὀ
76 449 148 482 Θεὸς
162 449 237 483 ἔστη
253 449 288 476 ἐν
303 449 468 484 συναγωγῇ
491 449 576 477 θεῶν.
604 449 662 475 Ἵνα
691 448 739 475 οὖν
771 447 810 483 μὴ

913 448 1024 476 titricem
1037 450 1218 478 nominamus.

29 495 88 522 κατ’
98 495 219 527 ἐκείνους
231 496 295 527 τοὺς
319 495 449 530 χριστοὺς
468 496 483 522 ὁ
507 495 648 530 γεννηθεὶς
676 495 708 521 hc
736 494 787 529 τῆς
817 495 898 529 ἁγίας
918 495 1060 529 Παρθένου
1079 496 1235 531 νομισθείη,
1267 498 1443 532 χριστοτόκον
1474 499 1523 532 μὲν
1538 499 1589 527 οὐκ
1618 500 1654 528 ἂν

28 542 154 576 εἴποιμεν
168 541 264 577 αὐτὴν,
283 542 372 568 καίτοι
404 541 451 568 τὸν
484 541 602 576 Χριστὸν
620 541 803 576 γεννήσασαν,
833 540 964 568 Θεοτόκον
992 541 1150 577 δὲμᾶλλον,
1184 543 1228 570 ἵνα
1263 543 1301 578 μὴ
1331 543 1409 578 ψιλὸν
1434 543 1579 579 ἄνθρωπον
1607 547 1656 574 καὶ

29 589 93 617 κατ’
112 589 233 621 ἐκείνους
258 590 322 621 τοὺς
348 589 477 624 χριστοὶις
501 590 549 616 τὸν
566 589 731 624 γεννηθέντα
751 588 871 616 νοεῖσθαι
892 589 1017 626 δοίημεν.
1037 590 1307 623 ’Δποδιαστέλλοντες
1328 591 1357 618 δι
1375 590 1459 626 αὐτὴν
1481 590 1537 616 τῶν
1565 590 1655 619 ἄλλων

30 635 216 670 χριστοτόκων
234 633 372 668 μητέρων,
385 633 478 666 ιδικῶς
499 642 530 660 τε
556 634 604 661 καὶ
632 634 779 669 ἐξαιρέτως
787 634 1013 670 κατονομάζομεν
1028 635 1114 672 αὐτὴν
1123 636 1266 663 Θιοτόκον.

30 696 95 722 Ἔτι
108 695 184 722 κατὰ
194 693 414 756 Νεστοριαέξιν,
425 693 487 762 τοὲ
494 694 706 729 Δαμασκηνοῦ.
718 694 814 729 Κεφά-

384 736 432 755 wr-
442 737 457 755 ο
490 749 497 756 .

384 736 432 755 ιον
442 736 497 756 ος.

65 775 198 802 Θεοτόκον
230 774 259 801 δι
291 774 395 810 κυρίως
438 775 486 801 καὶ
511 774 619 809 ἀληθῶς
658 774 709 809 τὴν
733 774 817 807 ἁγίαν

25 817 166 852 Παρθένον
189 817 364 852 κηρύττομεν
377 824 385 831 ·
412 816 450 849 ὡς
471 817 527 853 γὰρ
542 817 609 849 Θεὸς
625 817 727 853 ἀληθὴς
749 820 764 845 ό
784 818 814 851 ἐξ

25 863 114 897 αὐτῆς
131 862 283 898 γεννηθεὶς,
309 861 414 897 ἀληθὴς
438 862 570 894 Θεοτόκος
584 863 602 898 ή
626 863 673 890 τὸν
686 862 814 898 ἀληθινὸν
831 880 852 906 Β

24 909 94 936 Θεὸν
114 908 145 940 ἐξ
170 908 254 943 αὐτῆς
272 907 484 943 σεσαρκωμένον
496 908 666 943 γεννήσασα·
681 908 748 935 Θεδν
758 909 814 945 γὰρ

23 963 119 990 φαμεν
133 954 164 986 ιξ
179 953 267 989 αὐτῆς
284 953 476 989 γεγεννῆσθαι,
495 954 544 989 οὐχ
565 954 603 986 ὡς
620 956 669 990 τῆς
687 954 814 990 θεότητος

23 1002 74 1028 τοῦ
86 1001 175 1035 Λόγου
191 1000 280 1036 ἀρχὴν
293 999 341 1027 τοῦ
355 997 424 1026 εἶναι
447 999 585 1035 λαϐούσης
599 1000 629 1032 ἐξ
644 1001 742 1035 αὐτῆς,
756 1000 814 1027 ἀλλ’

21 1046 63 1077 ὡς
84 1045 169 1072 αὐτοῦ
183 1045 230 1071 τοῦ
244 1044 314 1071 Θεοῦ
330 1045 434 1079 Λόγου,
450 1045 481 1072 τὸ
502 1045 557 1080 πρὸ
570 1045 676 1072 αἰώνων
692 1046 814 1081 ἀχρὸνως

22 1093 58 1117 ὲκ
77 1091 185 1126 [ἰατρὸς
208 1090 396 1126 γεννηθέντος,
417 1090 465 1116 καὶ
489 1090 617 1126 ἀνάρχως
633 1090 682 1117 καὶ
708 1090 813 1121 ἀϊδίοις.

22 1137 197 1171 ὑπάρχοντος
210 1142 223 1156 ι
239 1135 287 1162 σὺν
305 1134 344 1170 τῷ
366 1135 454 1170 [lupi
469 1135 517 1162 καὶ
539 1134 578 1170 τῷ
598 1134 750 1170 Πνεὺματι,
771 1134 815 1160 ἔπ’

19 1183 149 1218 ἐσχάτων
165 1182 220 1208 τῶν
236 1181 349 1217 ἡμερῶν
368 1181 413 1207 διὰ
436 1180 486 1216 τὴν
507 1181 647 1217 ἡμετέραν
665 1180 812 1216 σωτηρίαν,

19 1231 51 1256 ὲν
75 1229 111 1263 τῇ
130 1227 231 1262 γαστρὶ
259 1227 346 1262 αὐτῆς
370 1227 579 1262 ὲνοικήσαντος,
606 1226 653 1253 καὶ
678 1227 707 1260 ἐξ
729 1226 814 1261 αὑτῆς

17 1273 227 1310 ἀμεταϐλήτους
245 1272 432 1308 σαρκωθέντος
448 1273 496 1299 καὶ
509 1271 695 1307 γεννηθέντος.
706 1272 744 1299 Οὐ
760 1271 815 1308 γὰρ

18 1319 174 1353 ἄνθρωπον
190 1316 268 1351 ψιλὸν
282 1317 430 1352 ἐγέννησεν
449 1317 466 1351 ἡ
488 1316 554 1350 ἁγία
579 1316 726 1352 Παρθένος,
746 1316 814 1343 ἀλλὰ

17 1365 94 1391 Θεὸν
110 1361 253 1398 ἀληθινόν·
266 1362 297 1387 οὗ
314 1360 428 1396 γυμνὸν,
438 1361 505 1388 ἀλλὰ
526 1361 749 1396 σεσαρκωμὲνον·
765 1361 814 1388 οὐκ

16 1409 176 1445 οὐρανόθεν
190 1407 220 1435 τὺ
238 1407 318 1442 σῶμα
338 1406 540 1440 καταγαγόντα,
554 1407 602 1433 καὶ
617 1406 655 1438 ὡς
668 1406 713 1433 διὰ
724 1406 814 1442 σωλῆ-

15 1465 66 1488 vo;
85 1455 122 1482 δι’
138 1455 223 1489 αὐτῆς
237 1452 416 1489 παρελθόντα,
442 1452 500 1479 ἀλλ’
513 1452 542 1485 ἐξ
562 1452 648 1486 αὐτῆς
671 1451 813 1487 όμοοὺσιον

12 1504 88 1537 ἡμῖν
105 1500 197 1535 σάρκα
208 1497 390 1530 ἀναλαϐόντα,
401 1498 448 1524 καὶ
461 1497 490 1523 ὲν
505 1497 594 1532 ἑαυτῷ
607 1498 798 1534 ὑποστήσαντα
809 1517 815 1526 .

901 694 967 722 Item
980 695 1105 722 adversus
1117 694 1302 727 Nestorianos,
1312 694 1481 723 Damasceni.
1493 694 1560 730 Cap.
1572 695 1617 723 76.

910 777 1009 805 Sancta
1024 776 1114 804 Maria
1124 776 1174 805 Dei
1197 775 1227 804 ll
1229 781 1285 804 ater
1301 775 1528 812 propria-Contra
1540 775 1660 803 Valenti-

875 831 936 850 num
951 827 976 850 et
988 822 1076 850 alios:
1094 827 1180 849 ortam
1200 829 1233 849 ea:
1254 822 1343 849 Maria
1368 821 1469 850 Christi
1496 829 1661 848 carnem.—

875 868 1006 896 Sanctam
1023 875 1105 903 porro
1126 867 1269 903 Virginem
1294 867 1341 895 Dei
1359 866 1471 903 proprie
1494 872 1522 894 et
1538 873 1601 893 vere
1612 873 1659 901 ge-

874 913 1000 941 nitricem
1036 912 1229 947 praedicamus.
1299 911 1377 939 Sicut
1413 911 1486 939 enim
1513 917 1595 938 verus
1617 914 1660 938 est

875 958 961 990 Deus,
976 957 1022 993 qui
1038 964 1071 984 ex
1094 957 1154 992 ipsa
1171 960 1252 984 natus
1267 960 1330 990 est;
1350 956 1386 983 ita
1409 955 1525 991 perinde
1541 955 1587 983 Dei
1602 954 1660 982 Ma-

874 1008 916 1032 ter
928 1007 980 1036 est,
997 1010 1059 1038 qua:
1080 1009 1179 1029 verum
1200 1001 1287 1030 Deum
1308 1010 1341 1029 ex
1367 1009 1397 1030 se
1414 1002 1588 1030 incarnatum
1611 1009 1659 1038 ge-

874 1049 944 1076 nuit.
964 1048 1048 1076 Deum
1066 1055 1150 1082 porro
1165 1054 1199 1075 ex
1212 1054 1244 1075 ea
1268 1052 1363 1075 natum
1383 1055 1445 1076 esse
1460 1047 1589 1080 dicimus,
1603 1054 1658 1074 non

873 1094 945 1129 quod
962 1093 1044 1121 Verbi
1059 1092 1190 1121 divinitas
1205 1092 1354 1121 exsistendi
1368 1093 1534 1128 principium
1550 1100 1585 1121 ex
1599 1093 1659 1128 ipsa

873 1139 1007 1171 traxerit;
1027 1139 1076 1167 sed
1091 1139 1156 1174 quia
1172 1138 1292 1166 Verbum
1315 1139 1417 1174 ipsum,
1435 1139 1508 1174 quod
1523 1142 1586 1166 ante
1608 1147 1659 1166 so:-

873 1186 934 1213 cula
965 1185 1035 1212 citra
1062 1184 1148 1211 ullum
1178 1190 1287 1219 tempus
1314 1184 1436 1219 genitum
1461 1189 1515 1216 est,
1538 1191 1570 1211 ac
1598 1184 1660 1211 sine

872 1230 986 1260 exordio
1012 1234 1040 1258 et
1056 1230 1223 1265 sempiterne
1248 1237 1303 1257 una
1326 1236 1389 1256 cum
1407 1228 1488 1257 Patre
1503 1234 1531 1257 et
1554 1229 1660 1265 Spiritu

872 1282 967 1304 sancto
981 1279 1033 1308 est,
1048 1275 1075 1303 in
1086 1274 1217 1304 extremis
1229 1274 1328 1303 diebus
1340 1273 1438 1303 salutis
1451 1277 1552 1302 nostrae
1565 1280 1660 1307 causa,

873 1322 901 1349 in
914 1326 994 1348 utero
1008 1320 1097 1356 ipsius
1114 1320 1258 1354 habitavit,
1273 1324 1301 1349 et
1322 1324 1465 1355 assumpta
1482 1328 1567 1348 carne
1582 1328 1614 1348 ex
1627 1326 1659 1347 ea

872 1367 995 1402 genitttm
1020 1370 1062 1394 est
1087 1366 1148 1395 sine
1166 1366 1210 1395 sui
1226 1366 1423 1394 demutatione.
1445 1365 1505 1393 Non
1520 1366 1593 1394 enitn
1608 1366 1658 1393 lto-

872 1413 974 1440 tnittem
990 1419 1090 1448 purum
1113 1415 1209 1439 saneta
1224 1411 1309 1447 Virgo
1323 1412 1429 1447 genuit,
1443 1412 1491 1440 sed
1507 1411 1591 1439 Deum
1608 1420 1657 1438 ve-

872 1465 951 1491 rum;
969 1465 1024 1485 non
1039 1457 1155 1491 nudum,
1178 1457 1226 1485 sed
1243 1464 1325 1485 carne
1340 1457 1486 1491 veStitum;
1507 1464 1557 1485 nec
1574 1457 1610 1484 ita
1626 1462 1656 1484 ut

871 1511 988 1538 corpore
1012 1503 1046 1531 de
1062 1503 1140 1531 caelis
1161 1503 1254 1535 allato,
1281 1510 1330 1538 per
1343 1510 1403 1530 eam
1419 1503 1495 1530 velut
1510 1509 1558 1538 per
1573 1509 1657 1529 cana-

10 1549 47 1574 Εἱ
67 1546 128 1581 γὰρ
144 1544 292 1581 οὐρανόθεν
305 1544 336 1570 τὸ
355 1543 436 1579 σῶμα
450 1543 624 1578 κεκόμισται,
637 1544 684 1570 καὶ
694 1543 724 1569 οὐ
761 1544 812 1579 τῆς

913 1555 923 1575 [ι
939 1548 1089 1581 transierit,
1106 1547 1153 1577 sed
1168 1555 1201 1575 ex
1222 1547 1280 1583 ipsa
1296 1555 1406 1575 carnem
1421 1548 1544 1583 ejusdem
1561 1554 1593 1574 ac
1606 1556 1656 1576 nos

10 1593 80 1620 καθ’
99 1591 178 1626 ἡμᾶς
191 1590 299 1625 φύσεως
311 1589 449 1624 εἴληπται,
461 1588 504 1621 τίς
517 1588 596 1624 χρεία
609 1588 659 1622 τῆς
676 1588 812 1623 ὲνανθρω-

10 1639 152 1673 “ﬁssum;
169 1636 201 1663 Ἦ
215 1635 269 1670 γὰρ
288 1634 494 1670 ἑνανθρώπησις
515 1634 562 1661 τοῦ
586 1634 653 1660 Θεοῦ
666 1635 753 1668 Λόγου
768 1635 812 1662 διὰ

13 1685 104 1711 τοῦτο
116 1683 239 1717 γέγονεν,
252 1683 295 1709 ἴνα
305 1682 374 1717 αὑτὴ
389 1683 406 1717 ή
418 1682 610 1718 ἁμαρτήσασα,
623 1683 670 1709 καὶ
679 1681 810 1715 πεσοῦσα,

10 1731 66 1757 καὶ
84 1728 225 1763 φθαρεῖσα
240 1728 331 1761 φύσις,
346 1728 445 1763 νικήσῃ
459 1728 504 1754 τδν
521 1728 699 1763 ἀπατήσαντα
710 1728 809 1763 τύραν-

9 1790 76 1812 νον,
91 1779 146 1807 καὶ
157 1778 231 1805 οὕτω
247 1778 298 1812 τῆς
314 1776 418 1811 φθορᾶς
431 1775 612 1811 ἑλευὺερωθῇ,
624 1774 716 1806 καθώς
731 1783 815 1809 φησιν

7 1827 23 1852 ὁ
31 1826 117 1854 θεῖος
125 1822 299 1852 Ἀπόστολος.
309 1819 428 1854 Ἐπειδὴ
437 1820 474 1847 δι’
484 1820 641 1854 ἀνθρώπου
651 1820 668 1845 ὁ
675 1818 813 1850 θάνατος,

7 1871 67 1897 καὶ
85 1869 130 1896 δι’
145 1867 302 1901 ἀνθρώπου
313 1866 482 1899 ἀνάστασις
495 1864 618 1899 νεκρῶν·
631 1865 656 1891 ει
667 1863 697 1890 τδ
711 1863 818 1898 πρῶτον

5 1915 128 1949 ἀληθὲς
137 1932 147 1945 ,
185 1913 234 1939 καὶ
246 1912 278 1938 τὸ
292 1911 428 1946 δεύτερον.

871 1594 1034 1622 substantia:
1045 1595 1192 1629 acceperit,
1208 1602 1269 1629 quae
1286 1595 1313 1621 in
1334 1595 1426 1630 seipso
1484 1594 1654 1622 subsisteret.

866 1638 938 1666 Nam
968 1639 991 1667 si
1018 1647 1120 1674 corpus
1145 1647 1160 1667 e
1184 1640 1253 1668 caelo
1269 1640 1412 1667 devectum
1437 1644 1489 1672 est,
1505 1646 1538 1666 ac
1553 1647 1607 1666 non
1622 1647 1654 1666 ex

870 1689 967 1712 natura
983 1691 1076 1712 nostra
1097 1688 1252 1719 acceptum,
1272 1684 1337 1720 quid
1350 1684 1461 1712 tandem
1487 1684 1653 1711 inhumana-

869 1730 946 1757 tione
963 1736 1033 1764 opus
1057 1730 1138 1757 erat?
1152 1729 1259 1758 Etenim
1285 1729 1334 1757 Dei
1356 1729 1475 1757 Verbum
1498 1729 1654 1756 humanita-

866 1778 921 1801 tem
935 1773 1038 1802 ideirco
1058 1773 1168 1806 induit,
1211 1777 1241 1800 ιιι
1263 1772 1349 1807 ipsam
1360 1776 1389 1800 et
1403 1776 1500 1799 natura
1514 1779 1574 1807 quae
1588 1780 1653 1808 pec-

867 1822 988 1851 caverat,
1006 1818 1208 1853 cecideratque,
1227 1821 1255 1844 et
1272 1821 1402 1852 corrupta
1418 1820 1488 1849 erat,
1503 1820 1651 1852 tyrannum

866 1863 913 1898 qui
930 1870 960 1891 se
974 1863 1132 1898 deceperat,
1153 1865 1307 1897 superaret,
1332 1863 1426 1898 sicque
1442 1870 1457 1889 a
1472 1863 1654 1897 corruptione

869 1907 1067 1941 vindicaretur,
1095 1912 1125 1934 ut
1141 1907 1252 1935 divinus
1273 1907 1422 1942 Apostolus
1444 1907 1483 1934 ait
1500 1906 1654 1940 :Quoniam

5 1969 62 1995 per
82 1958 224 1985 hominem
239 1965 320 1989 mors,
333 1961 357 1984 et
370 1964 417 1989 per
432 1955 562 1983 hominem
573 1954 731 1982 resurrectio
748 1958 912 1980 mortuorum
946 1951 966 1980 '.
982 1952 1011 1980 Si
1033 1952 1150 1988 primunt
1184 1953 1250 1980 illud
1273 1959 1337 1980 vere
1370 1952 1486 1985 exstitit,
1529 1959 1595 1980 sane
1626 1955 1654 1979 et

2 2004 194 2034 secundum.

47 2050 88 2078 El
102 2048 137 2076 δὲ
150 2048 196 2074 καὶ
206 2047 296 2082 λέγει’
316 2047 348 2073 '0
364 2044 479 2080 πρῶτος
530 2044 622 2078 Ἀδὰμ
708 2044 742 2071 ἐκ
760 2042 814 2078 γῆς

2 2094 146 2130 χοῗκύς,
164 2093 180 2119 ὀ
200 2091 234 2118 δὲ
254 2090 395 2124 δεύτερος
412 2089 509 2124 Ἀδὰμ,
523 2090 540 2116 ὁ
552 2089 660 2123 Κύριος
674 2088 708 2120 ἐξ
727 2089 816 2121 οὐρα-

1 2140 86 2171 νοῦ,
109 2138 147 2165 οὺ
163 2137 194 2164 τὸ
212 2136 294 2171 σῶμα
308 2144 391 2171 φησιν
407 2136 437 2169 ἐξ
455 2134 582 2170 οὐρανοῦ,
600 2133 669 2161 ἀλλὰ
683 2134 762 2169 δῆλον
779 2133 817 2165 ὡς

1 2187 40 2214 οὐ
59 2184 157 2221 ψιλὸς
172 2182 316 2218 ἄνθρωπός
331 2182 417 2209 ἐστιν.
434 2181 500 2208 Ἰδοὺ
510 2180 565 2216 γὰρ
575 2181 623 2207 καὶ
637 2180 722 2215 Ἀδὰμ
736 2179 818 2206 αὐτὴν

2 2217 174 2266 ὠνὸ-μασε,
189 2217 237 2258 καὶ
255 2227 367 2262 Κύριον,
386 2227 417 2253 τδ
438 2227 644 2262 συναμφότερον
666 2225 816 2260 σημαίνων,

923 2218 1009 2251 vides,
1035 2223 1062 2246 et
1078 2217 1223 2250 Adamum,
1249 2223 1278 2246 et
1307 2218 1464 2252 Dominum,

6 2277 120 2310 Ἀδὰμ
140 2273 192 2308 μὲν
210 2272 265 2307 γὰρ
292 2271 472 2308 ἑρμηνεύεται
491 2270 638 2307 γηγενής·
654 2270 774 2305 γηγενὴς
789 2270 818 2297 δὲ

1 2322 105 2359 δῆλον
126 2319 171 2345 ὅτι
198 2318 274 2344 ἐστὶν
289 2317 306 2352 ή
322 2317 370 2344 τοῦ
393 2316 537 2352 ἀνθρώπου
562 2316 654 2351 φύσις,
668 2316 685 2350 ἡ
708 2316 740 2341 ὲκ
758 2315 820 2350 χοὸς

1 2365 185 2397 κλασθεῖσα
196 2371 203 2378 ·
218 2363 247 2389 τὸ
263 2363 369 2398 Κύριος
381 2362 421 2394 δὲ,
436 2362 487 2397 τῆς
502 2361 577 2394 θείας
585 2361 680 2392 οὐσίας
693 2361 752 2387 ἐστὶ
765 2368 818 2387 πα-

1 2408 210 2451 ραστατικόν.

36 2501 152 2531 Πάλιν
170 2498 200 2526 δέ
218 2507 303 2534 φησιν
321 2500 335 2526 ὁ
361 2499 523 2531 ’Λπόστολος
534 2507 542 2515 ·
563 2499 781 2532 ἐξαπέστειλεν
801 2501 818 2526 ό

1 2551 88 2582 Dab;-
101 2546 171 2574 τὸν
188 2545 258 2572 Υιὸν
272 2545 367 2572 αὐτοῦ
381 2544 602 2580 τὸνμονοτενῆ,
612 2546 776 2580 γενόμενον
785 2545 818 2571 ἐκ

1 2589 184 2622 -υναικός,
202 2588 259 2614 Οὐκ
275 2586 346 2622 εἷπε,
361 2588 410 2615 διὰ
424 2591 578 2623 γυναικός,
599 2589 657 2616 ἀλλ’
671 2589 706 2616 ἐκ
715 2598 818 2624 rurat-

937 2038 994 2066 Etsi
1017 2043 1106 2066 autem
1132 2039 1175 2067 Itis
1202 2039 1292 2068 verbis
1309 2039 1408 2072 utitur,
1433 2038 1540 2067 Primus
1566 2039 1653 2067 Adam

865 2087 896 2112 de
917 2090 998 2116 terra,
1034 2091 1161 2117 terrenus,
1191 2084 1321 2111 secundus
1349 2084 1448 2117 Adam,
1472 2085 1602 2113 Dominus
1621 2087 1654 2114 de

864 2129 928 2157 calo
951 2130 976 2162 ',
998 2135 1053 2156 n0n
1069 2128 1169 2160 innuit,
1185 2135 1285 2163 corpus
1306 2128 1367 2164 ejus
1383 2128 1417 2156 de
1432 2129 1505 2157 caelo
1528 2129 1653 2162 ﬂuxisse,

863 2175 913 2203 sed
931 2182 993 2201 eum
1009 2174 1112 2201 nudum
1127 2173 1263 2201 hominem
1280 2181 1334 2201 non
1350 2181 1412 2202 esse
1425 2174 1556 2202 ostendit.
1572 2174 1654 2207 Nam,

1590 2227 1654 2248 eum

867 2265 1028 2301 appellavit,
1061 2269 1208 2300 tttrttntque
1236 2264 1318 2292 simul
1353 2264 1490 2294 indicans.
1532 2265 1655 2294 Adamns
1684 2256 1690 2266 ’

867 2311 969 2347 quippe
985 2311 1143 2346 terrigenam
1158 2314 1250 2338 sonat.
1265 2310 1364 2346 Liquet
1378 2315 1470 2339 autem
1485 2311 1654 2348 terrigenam

867 2364 929 2385 esse
952 2357 1073 2384 hominis
1098 2361 1234 2389 naturam,
1256 2360 1286 2383 ut
1315 2364 1376 2391 qua:
1403 2364 1436 2385 ex
1464 2360 1539 2385 terra
1566 2356 1654 2385 emet:

867 2403 915 2431 sit.
933 2403 1039 2430 Domini
1065 2407 1156 2430 autem
1177 2401 1354 2435 vocabulum,
1381 2402 1504 2431 divinam
1527 2407 1655 2430 naturam

867 2447 999 2474 declarat.

905 2492 944 2519 Ac
958 2499 1057 2520 rursus
1083 2492 1120 2520 ita
1142 2492 1266 2528 loquitur
1288 2493 1437 2529 Apostolus
1451 2492 1565 2521 ':llirit
1585 2492 1655 2520 Deus

870 2537 971 2565 Filium
996 2546 1073 2565 suum
1098 2539 1263 2574 unigenitum
1276 2539 1377 2574 factum
1398 2547 1431 2566 ea:
1453 2540 1571 2567 muliere.
1593 2538 1656 2567 Non

868 2584 948 2615 dixit,
974 2591 1021 2618 per
1045 2584 1193 2618 mulierem,
1222 2585 1283 2619 sed,
1311 2592 1344 2612 ea:
1369 2584 1488 2612 muliere.
1519 2584 1655 2618 Quocirca

870 2629 1038 2666 signiﬁcavit
1057 2637 1120 2657 eum
1145 2630 1236 2665 ipsum
1259 2638 1321 2659 esse
1345 2631 1517 2666 unigenitum
1539 2629 1586 2658 Dei
1609 2629 1657 2657 Fi-

1 2640 68 2673 εδς,
98 2634 268 2669 Ἐσήμανεν
294 2632 342 2662 οὖν
360 2635 375 2661 ὁ
399 2634 470 2666 θεῖος
498 2634 669 2668 ’Δπόστολος,
684 2635 722 2666 ὡς
738 2634 820 2665 αὐτός

7 2694 86 2714 στιν
109 2683 130 2709 ὁ
159 2680 307 2715 μονογενὴς
321 2680 385 2712 Υἱὸς
402 2680 448 2707 τοῦ
464 2679 532 2707 Θεοῦ
545 2681 592 2708 καὶ
609 2680 685 2712 Θεὸς,
697 2681 712 2707 ό
722 2681 754 2707 ὲκ
770 2680 819 2715 τῆς

1 2728 177 2768 Ῑαρθένου
188 2725 335 2760 γενόμενος
347 2726 501 2762 ἄνθρωπος.
515 2727 561 2754 καὶ
579 2726 660 2758 αὐτός
668 2727 742 2753 ἐστιν
756 2727 770 2753 ό
788 2725 820 2753 ὲκ

5 2781 51 2815 ἧς
69 2771 238 2810 Πφθάνου
257 2771 410 2808 γεννηθεὶς,
427 2773 440 2798 ὁ
458 2773 522 2804 Υἱὸς
540 2772 588 2800 τοῦ
601 2772 668 2800 Θεοῦ
679 2774 726 2800 καὶ
736 2772 817 2804 Θεός·

871 2679 937 2705 lium
959 2685 992 2705 ac
1007 2677 1106 2710 Deum,
1122 2678 1169 2713 qui
1181 2686 1214 2706 ex
1229 2678 1342 2714 Virgine
1363 2678 1454 2706 iactus
1482 2682 1526 2705 est
1547 2677 1631 2704 homo
1648 2686 1655 2704 :

870 2729 953 2760 atque
967 2725 1032 2753 item
1056 2732 1118 2753 eum
1141 2726 1232 2760 ipsum
1259 2733 1292 2753 ex
1317 2723 1430 2760 Virgine
1445 2724 1566 2760 genitum
1582 2730 1655 2756 esse,

870 2770 917 2806 qui
934 2769 980 2798 Dei
1001 2769 1090 2798 Filius
1115 2776 1147 2798 ac
1168 2769 1240 2799 Deus
1264 2773 1319 2798 est.
1339 2769 1466 2798 Genitum
1493 2775 1573 2804 porro
1591 2775 1655 2796 cor-

51 2872 62 2888 ι
85 2868 98 2897 ι
121 2864 200 2893 Cor.
218 2869 263 2895 xv,
278 2861 311 2889 2i
350 2862 362 2878 ³
374 2862 381 2889 l
394 2860 457 2889 Cor.
475 2869 520 2896 xv,
536 2861 582 2890 47.
620 2861 629 2878 ³
644 2859 733 2890 Galat.
747 2868 783 2896 tv,
800 2860 828 2889 4.
