1874 3076
201 129 268 161 1007

814 129 1002 160 EU'l‘llYllll
1024 130 1205 162 ZlGABENl

1750 129 1805 161 1008

199 213 282 241 porco
299 204 390 238 modo,
401 212 455 240 qua
477 203 582 232 scilicet
596 202 702 230 ratione
719 202 801 229 homo
817 202 906 228 factus
923 205 964 228 est
978 211 983 228 :

1041 204 1177 238 γεννηθεὶς
1196 202 1224 229 δὲ
1246 202 1424 238 σωματικῶς,
1447 202 1517 230 καθὸ
1539 203 1656 238 γέγονεν
1673 203 1806 239 ἄνθρωπος,

199 252 236 279 ita
263 251 405 281 nimirum.
430 253 460 277 ut
490 257 544 277 non
565 249 593 276 in
623 249 733 276 homine
762 247 840 282 prius
864 247 986 279 comlito,

200 303 331 332 tanquam
348 297 376 324 in
393 295 525 332 prepheta
548 294 726 325 habitaverit,
739 301 835 322 verum
849 293 908 328 ipse
921 294 987 320 sub-

200 343 368 370 stantialiter
392 350 424 370 ac
451 349 514 369 vere
537 341 627 369 factus
649 341 686 368 sit
704 340 806 372 homo;
824 340 874 366 hoc
889 343 942 371 est,
961 339 987 365 in

200 397 251 417 sua
278 389 418 425 hypostasi
444 395 556 416 carnem
585 387 677 414 anima
696 386 826 414 rationali
841 390 870 413 et
885 384 989 412 intelli-

201 438 281 469 gente
310 436 457 461 animatam
482 433 609 461 substarc
638 432 744 464 fecerit,
765 433 887 467 seipsum
914 430 989 458 illius

202 480 328 515 praebens
345 479 526 514 hypostasim.
556 477 632 505 Hanc
659 478 732 505 enim
759 477 988 513 signiﬁcationem

202 524 282 552 habet
306 524 385 554 illud,
408 524 510 558 factum
542 531 575 551 ea:
608 523 727 551 muliere.
757 523 824 550 Nam
849 530 904 558 quo
932 527 990 550 tan-

201 570 262 598 dem
290 574 369 605 pacto
396 570 544 604 ipsummet
573 569 621 597 Dci
650 568 770 596 Verbum
792 569 844 597 sub
865 568 923 604 lege
948 568 988 594 ia-

201 619 275 643 ctum
294 620 381 647 esset,
397 615 451 642 nisi
474 615 556 642 homo
572 615 695 649 ejusdem
711 621 743 642 ac
755 622 807 643 nos
824 613 990 642 substantia:

201 661 373 689 exstitisset?

239 705 286 733 Dei
303 705 445 732 Genitricis
465 714 568 736 nomen,
587 711 671 732 totum
690 706 843 741 mysterium
859 705 989 732 declarat.

202 767 237 772 —
252 751 349 780 Merito
373 751 457 786 igitur
469 756 497 778 et
515 758 579 779 vere
597 755 723 778 sanetam
746 751 860 778 Mariam
891 749 988 785 Deipa-

202 805 262 825 ram
292 796 474 831 appellamus.
504 795 561 823 lloc
576 797 650 823 enim
675 803 774 824 nomen
795 800 882 823 totum
899 796 992 823 incar-

205 842 325 870 nationis
347 841 510 877 mysterium
537 841 648 868 astruit.
672 841 752 873 Nam,
778 841 801 868 si
831 840 880 868 Dei
903 841 992 868 Mater

1032 249 1064 276 οὐ
1082 248 1334 284 προδιαπλασοέντι
1348 248 1484 284 ἀνθρώπῳ
1498 249 1657 284 ἐνοικήσας,
1670 249 1708 281 ὡς
1720 250 1746 275 ὲν
1755 258 1807 284 προ-

1035 293 1119 330 φήτῃ,
1140 293 1200 320 ἀλλ’
1217 293 1297 324 αὐτὸς
1321 292 1459 324 οὺσιωδῶς
1482 293 1529 320 καὶ
1545 293 1659 329 ἀληθῶς
1683 294 1808 328 γενόμενος

1034 339 1188 375 ἄνθρωπος,
1215 339 1276 373 ἦτοι
1292 339 1322 367 ὲν
1343 340 1377 375 τῇ
1407 339 1555 367 omnia:
1578 339 1665 366 αὑτοῦ
1687 339 1809 374 ἑψυχωμέ-

1035 392 1084 418 νην
1099 390 1113 404 ι
1131 384 1221 419 σάρκα
1237 385 1310 420 ψυχῇ
1329 385 1427 420 λογικῇ
1446 393 1476 411 τε
1491 385 1538 412 καὶ
1557 385 1642 420 νοερᾷ
1657 384 1807 419 ὑποστήσας,

1036 429 1084 455 καὶ
1102 429 1184 461 αὐτὸς
1197 429 1320 464 γεγονὼς
1342 430 1412 465 αὺτῇ
1431 430 1592 461 ὑπόστασις.
1609 429 1698 456 Τοῦτο
1709 431 1759 464 γὰρ
1773 439 1813 464 an:

1037 475 1127 510 μαίνει
1142 475 1182 508 τὸ,
1203 475 1368 510 γενόμενον
1393 476 1428 502 ἐκ
1453 476 1616 510 γυναικός·
1646 476 1704 506 πῶς
1723 475 1772 510 γὰρ
1785 476 1810 501 ἂν

1035 520 1117 552 αὐτος
1129 522 1144 548 6
1163 521 1211 548 τοῦ
1225 521 1294 548 Θεοῦ
1308 521 1394 554 Λόγος
1421 522 1474 548 ὑπὸ
1499 521 1583 555 νόμον
1597 522 1723 557 γέγονεν,
1743 523 1765 549 ει
1781 523 1809 556 μὴ

1035 564 1179 601 ἄνθρωπος
1198 567 1266 601 ημῖν
1277 567 1422 602 ὸμοούσιος
1434 567 1557 602 γέγονεν,

1073 703 1155 730 Ὅθεν
1173 702 1287 733 δικαίως
1308 702 1356 729 καὶ
1371 702 1480 737 ἀληθῶς
1491 702 1624 729 Θεοτόκον
1643 703 1694 738 τὴν
1745 703 1811 738 ἁγίαν

1037 749 1147 784 Μαρίαν
1169 747 1359 783 ὀνομάζομεν*
1377 748 1457 774 τοῦτο
1471 748 1526 781 γὰρ
1541 748 1572 774 τὸ
1591 748 1680 783 ὄνομα
1698 749 1767 775 am
1789 749 1812 774 τδ

1039 795 1189 829 μυστήριον
1206 793 1258 828 τῆς
1273 793 1434 828 οἰκονομίας
1448 793 1601 828 συνίστησι.
1617 793 1651 820 Εἰ
1667 795 1723 830 γὰρ
1735 796 1813 821 Θεοτὰ

1037 847 1084 870 κος
1098 839 1115 874 ἡ
1127 839 1294 874 γεννήσασα,
1320 838 1431 870 πάντως
1446 838 1514 870 Θεὸς
1525 839 1540 865 6
1568 838 1598 871 ἐξ
1620 839 1711 873 αὐτῆς
1730 848 1813 875 rev-vr;

203 893 246 917 est
264 895 325 923 qua:
348 887 454 923 genuit,
485 886 609 922 profecto
639 885 710 914 Deus
735 891 778 913 est
802 885 848 921 qui
876 893 909 914 ex
933 886 992 921 ipsa

1041 883 1104 915 Βιὶς,
1123 883 1232 915 πάντως
1246 882 1274 909 δὲ
1292 884 1339 910 καὶ
1355 883 1512 918 ἄνθρωπος.
1528 882 1589 914 Πῶς
1608 883 1667 918 γὰρ
1683 883 1716 910 ἂν
1730 884 1760 910 ἐκ
1775 893 1814 917 γ.»-

204 935 314 970 geuitus
329 937 372 962 est
388 942 395 960 :
421 932 546 967 proiecto
565 931 649 960 etiam
676 932 768 958 homo.
785 930 853 958 Nam
874 931 920 966 qui
935 931 993 958 ﬁeri

204 979 350 1015 potuisset,
376 983 408 1005 ut
423 977 505 1009 Deus.
520 977 566 1012 qui
594 979 656 1004 ante
679 976 778 1004 saecula
792 976 930 1007 exstabat,
959 983 992 1003 ex

205 1025 322 1053 muliere
342 1028 516 1054 nasceretur,
543 1023 595 1050 nisi
610 1022 695 1049 homo
721 1021 813 1049 factus
832 1021 926 1050 esset?
942 1021 993 1054 Qui

204 1070 278 1098 enim
304 1069 377 1097 ﬁlius
391 1073 432 1097 est
452 1068 585 1100 hominis,
603 1068 684 1095 homo
707 1068 790 1095 etiam
815 1067 874 1102 ipse
897 1067 934 1093 sit
947 1073 995 1093 ne-

205 1123 315 1144 cessum
334 1118 386 1142 est.
408 1113 486 1146 Quod
512 1113 534 1141 si
556 1113 601 1140 ille
617 1112 675 1147 ipse
690 1112 736 1147 qui
755 1119 788 1139 ex
814 1111 930 1138 muliere
947 1118 995 1137 na-

206 1167 252 1189 tus
267 1164 320 1193 est,
341 1159 412 1187 Deus
427 1163 479 1191 est.
503 1166 576 1186 unus
595 1157 691 1192 procul
718 1157 803 1185 dubio
826 1161 908 1192 atque
922 1156 993 1184 idem

207 1212 259 1238 est,
277 1207 322 1242 qui
339 1213 372 1232 ex
395 1205 451 1232 Deo
474 1203 556 1232 Patre
581 1204 692 1239 genitus
711 1207 764 1236 est,
782 1203 855 1238 quod
874 1202 907 1230 ad
927 1202 996 1229 divi-

211 1259 273 1278 nam
295 1255 321 1278 et
344 1249 416 1277 initii
444 1253 584 1284 expertem
608 1247 790 1276 substantiam
805 1247 915 1278 attinet,
932 1248 993 1281 qni-

207 1302 261 1329 que
284 1294 413 1321 extremis
440 1294 611 1328 temporibus
634 1300 665 1320 ea
681 1293 837 1320 substantia
865 1298 926 1326 quze
942 1291 992 1318 ini-

208 1339 275 1365 tium
292 1338 399 1369 habuit.
424 1337 596 1373 temporique
626 1337 752 1372 subjecta
780 1341 835 1368 est,
861 1335 913 1362 hoc
939 1340 992 1368 est,

208 1386 338 1417 humana,
359 1391 391 1412 ex
415 1384 527 1420 Virgine
559 1388 642 1411 natus
659 1388 711 1411 est.
732 1382 790 1410 Hoc
815 1389 882 1410 vero
909 1390 991 1410 unam
1012 1382 1121 1410 Domini
1145 1383 1233 1411 nostri
1262 1382 1328 1412 Jesu
1346 1392 1504 1420 personam,

207 1435 234 1458 et
252 1430 320 1457 duas
336 1431 527 1464 generationes
545 1429 694 1464 signiﬁcat.

242 1476 436 1510 Christiparam
454 1475 546 1503 Patre:
559 1477 646 1503 dicere
662 1475 853 1504 detrectarunt.
878 1475 996 1503 Nectarii

1037 928 1132 960 ναικὸς
1157 927 1302 963 γεννηθείη
1327 927 1408 959 Θεὸς,
1438 928 1452 954 6
1478 927 1532 962 πρὸ
1547 927 1657 954 αἰώνων
1685 927 1753 962 ἔχων
1774 931 1814 964 τὴν

1039 973 1167 1009 ὕπαρξιν,
1184 973 1209 1000 εἱ
1225 973 1263 1009 μὴ
1279 973 1423 1008 ἄνθρωπος
1438 973 1569 1007 γέγονεν;
1589 973 1618 1000 '0
1635 973 1691 1008 γὰρ
1706 973 1768 1005 Υἱὸς
1778 975 1815 1000 ἀν·

1038 1018 1161 1054 θρώπου,
1174 1019 1317 1054 ἄνθρωπος
1329 1018 1462 1054 δηλονότι.
1478 1017 1508 1044 Et
1525 1018 1553 1044 δὲ
1567 1018 1650 1050 αὐτὸς
1661 1019 1676 1045 6
1689 1019 1816 1054 γεννηθεὶς

1038 1065 1073 1091 ἐκ
1082 1063 1214 1098 γυναικὸς
1228 1064 1295 1095 Θεός
1310 1065 1395 1096 ἐστιν,
1412 1061 1453 1095 εἷς
1463 1064 1521 1090 ἐστι
1540 1063 1666 1099 δηλονότι
1678 1065 1693 1090 6
1709 1066 1740 1091 ὲκ
1759 1064 1817 1090 Θεοῦ

1039 1110 1147 1145 Πατρδς
1159 1110 1300 1145 γεννηθεὶς
1321 1111 1394 1137 κατὰ
1408 1109 1458 1144 τὴν
1472 1109 1548 1136 θείαν
1569 1110 1619 1136 καὶ
1643 1111 1763 1145 ἄναρχον
1782 1111 1819 1136 οὐ·

1040 1154 1113 1186 σίαν,
1123 1155 1170 1181 καὶ
1186 1155 1229 1181 ἐπ’
1245 1156 1370 1190 ἐσχάτων
1381 1155 1437 1182 τῶν
1450 1155 1553 1190 χρόνων
1573 1155 1605 1182 ὲκ
1620 1155 1673 1190 τῆς
1690 1156 1820 1191 Παρθένου

1039 1200 1145 1234 τεχθεὶς
1161 1200 1232 1227 κατὰ
1243 1200 1294 1236 τὴν
1309 1200 1452 1236 ὴργμένην
1466 1200 1514 1227 καὶ
1536 1200 1589 1227 ὑπὸ
1603 1200 1706 1235 χρόνον
1725 1201 1822 1230 οὐσίαν,

1038 1244 1098 1280 ἦτοι
1110 1244 1160 1279 τὴν
1173 1244 1357 1280 ἀνθρωπίνην.
1374 1245 1460 1271 Τοῦτο
1472 1245 1501 1272 δὲ
1517 1244 1581 1280 μίαν
1597 1244 1767 1276 ὑπόστασιν.
1785 1246 1824 1271 nl

1044 1290 1091 1317 δύο
1105 1291 1213 1325 φύσεις,
1232 1290 1337 1317 καὶδύο
1354 1290 1497 1324 γεννήσεις
1513 1291 1643 1324 σημαίνει
1661 1290 1712 1316 τοῦ
1732 1291 1825 1325 Κυρίου

1045 1336 1125 1371 ήμῶν
1143 1335 1230 1371 Ἰησοῦ
1243 1336 1374 1371 Χριστοῦ.

1547 1384 1676 1419 duasque
1711 1388 1828 1411 naturas.

1078 1475 1265 1510 Χριστοτόκον
1282 1475 1311 1502 δὲ
1404 1476 1529 1511 οὐδαμῶς
1552 1483 1645 1511 φαμεν
1688 1476 1742 1510 τὴν
1757 1477 1829 1509 ἁγίαν

209 1527 270 1551 rex,
296 1524 325 1546 ut
345 1520 452 1546 dicatur
473 1519 596 1547 Christus
619 1519 775 1555 Θεοφόρος,
801 1526 870 1548 recte
884 1520 992 1548 centien-

1044 1520 1194 1556 Παρθένον,
1207 1521 1275 1548 διότι
1292 1522 1336 1548 ιπ⁹
1350 1510 1492 1557 ἀναιρέσει
1508 1510 1563 1557 τῆς
1575 1522 1730 1555 θεοτὸκος
1746 1523 1830 1556 quvi;

210 1567 286 1597 tium,
303 1569 330 1591 ut
346 1564 416 1592 Deus
439 1565 607 1592 incarnatus.
634 1563 742 1591 Natura
759 1567 877 1592 humana
891 1565 919 1592 in
936 1565 997 1598 ipsa

209 1610 374 1643 conceptione
394 1609 477 1636 Verbo
497 1610 584 1637 unita.
596 1624 631 1629 ——
642 1611 676 1637 At
693 1617 759 1637 vero
783 1615 914 1637 sanctam
932 1609 996 1638 Vir-

209 1656 299 1690 ginem
316 1655 476 1691 neutiquam
498 1655 698 1691 Christiparam
714 1663 917 1691 nuncupamus,
931 1656 996 1691 quia

209 1701 243 1728 ad
266 1700 429 1728 abolendum
450 1700 574 1734 Deipara
603 1701 767 1729 vocabulum
833 1700 995 1734 Nestorius.

210 1748 335 1781 impurus
360 1746 404 1774 ille
435 1752 463 1774 et
492 1745 691 1778 exsccrandus.
712 1747 861 1781 animoque
873 1745 997 1779 Judazus,

210 1791 276 1819 illud
300 1792 456 1826 ignominia:
471 1800 530 1825 vas,
545 1792 572 1819 in
594 1797 783 1828 contemptum
801 1793 862 1827 ejus
876 1800 937 1828 quae
951 1801 997 1820 su-

210 1845 257 1872 per
277 1842 434 1865 creaturam
449 1845 560 1865 onmem
587 1839 646 1866 sola
668 1845 732 1865 vere
746 1838 860 1866 colenda
881 1843 935 1872 est,
950 1838 997 1866 Dei

208 1882 581 1918 Genitricis(disrumpatur
609 1884 671 1911 licet
689 1883 735 1911 ille
751 1891 813 1911 cum
837 1888 916 1919 patre
945 1892 996 1912 suo

210 1927 335 1962 Satana),
353 1928 406 1955 hoc
420 1929 540 1956 nominis
549 1929 725 1964 excogitavit,
739 1929 812 1964 quod
827 1930 996 1958 obtruderet.

211 1972 356 2000 Enimvero
381 1981 428 2000 rex
457 1973 541 2000 David
564 1973 687 2002 christus
699 1982 808 2010 quoque
831 1975 944 2007 dicitur,
971 1980 999 2003 et

211 2018 332 2053 pontifex
349 2018 452 2052 Aaron,
480 2019 582 2054 quippe
608 2026 672 2047 cum
695 2027 774 2055 reges
790 2024 818 2048 et
842 2020 998 2049 sacerdotes

217 2064 279 2098 ungi
293 2064 434 2091 solerent:
457 2064 582 2099 quinimo
596 2065 688 2100 quivis
706 2066 788 2094 homo
808 2066 881 2101 pius,
902 2071 929 2094 et
954 2067 997 2094 cui

212 2111 283 2138 Deus
302 2109 476 2148 aspiraverit,
493 2110 620 2139 Christus
638 2111 692 2139 dici
712 2112 809 2146 possit,
825 2116 853 2138 at
868 2119 922 2139 non
938 2119 999 2146 per-

212 2157 275 2184 inde
297 2161 396 2184 natura
427 2157 516 2192 Deus;
529 2159 608 2193 juxta
626 2166 658 2186 ac
670 2159 820 2187 exitiabilis
842 2159 888 2186 ille
904 2159 1000 2187 Nesto-
1015 2171 1035 2198 ι)

212 2201 270 2228 rius
294 2209 356 2229 eum
373 2202 419 2236 qui
436 2203 470 2230 de
490 2202 600 2238 Virgine
624 2207 704 2231 natus
720 2207 772 2236 est,
799 2203 937 2231 Deiferum
952 2211 1000 2232 ore

213 2246 392 2275 tremebunda
407 2247 603 2282 pronuntiavit.
621 2247 721 2276 Verum
739 2248 792 2276 hoc
862 2248 933 2276 absit
985 2256 999 2276 a

214 2292 304 2324 nobis,
321 2297 350 2319 ut
365 2300 427 2320 cum
454 2293 576 2321 alnatum
602 2302 618 2321 a
645 2295 710 2327 Deo,
733 2294 908 2322 Dcilerumve
924 2294 999 2322 dica-

214 2345 286 2369 mus,
317 2339 356 2364 vel
378 2339 560 2373 cogitemus;
621 2340 676 2368 imo
707 2341 799 2375 potius
826 2340 999 2368 incarnatqu

214 2383 310 2409 Deum.
335 2382 484 2417 lpsummet
505 2384 702 2412 enimVerbum
732 2385 834 2413 factum
858 2390 901 2414 est
923 2393 999 2419 caro,

215 2433 245 2454 ut
268 2433 432 2463 conceptum
458 2429 568 2464 quidem
601 2430 635 2458 de
666 2429 779 2465 Virgine
805 2431 900 2463 fuerit,
928 2432 1000 2460 Deus

217 2481 280 2500 vero
302 2474 435 2508 prodierit
459 2481 521 2502 cum
545 2479 685 2510 assumpta
710 2481 805 2502 natura
820 2484 901 2511 quam
922 2477 1000 2504 deiﬁ-

216 2524 294 2546 ειη-ιιι
307 2519 390 2547 simul
404 2524 487 2554 atque
501 2520 633 2555 producta
655 2525 707 2548 est.
735 2520 839 2549 Exinde
861 2523 912 2548 tria
928 2523 1002 2557 pari-

217 2568 260 2592 ter
278 2573 332 2592 una
348 2565 535 2600 contigerunt,
552 2565 682 2593 nimirum
707 2566 778 2601 quod
792 2574 934 2602 assumpta
950 2569 982 2595 sit
993 2587 1000 2600 ,

217 2610 290 2644 quod
321 2611 470 2644 exstiterit,
498 2610 570 2645 quod
602 2611 727 2638 deiﬁcata
753 2620 767 2638 a
788 2612 877 2640 Verbo
907 2613 1000 2640 fuerit.

218 2655 286 2684 Ilinc
300 2656 327 2683 lit
340 2660 369 2683 ut
393 2655 475 2691 Virgo
496 2661 602 2689 sancta,
620 2657 666 2684 Dei
683 2657 806 2685 Geuitrix
827 2663 882 2685 tum
899 2659 1002 2687 intelli-

218 2705 309 2736 gatur,
324 2705 381 2728 tum
397 2701 560 2736 appelletur,
581 2709 636 2729 non
651 2703 733 2730 modo
746 2707 858 2738 propter
875 2709 1001 2732 naturam

221 2746 313 2780 Verbi,
328 2746 375 2774 sed
387 2746 469 2773 etiam
485 2746 520 2773 ob
535 2746 731 2776 humanitatem
746 2748 848 2776 deitate
861 2749 1002 2783 donatam,

220 2791 356 2825 stupende
378 2791 512 2818 miraculo
533 2792 649 2826 patratis
667 2793 749 2820 simul
770 2793 866 2820 horum
886 2798 913 2822 et
937 2802 1004 2822 con-

221 2835 344 2870 ceptione
359 2839 385 2863 et
403 2836 576 2867 exsistentia,
596 2837 670 2864 verbi
684 2836 794 2870 quidem
811 2839 1003 2875 conceptione,

1046 1566 1062 1593 6
1076 1566 1187 1602 μιαρὸς,
1201 1567 1247 1594 καὶ
1265 1567 1406 1602 βδελυρὸς,
1414 1568 1462 1594 καὶ
1477 1567 1670 1603 Ἰουδαιόφρων
1685 1568 1831 1602 Naeuiam:

1044 1611 1075 1639 τδ
1091 1611 1187 1643 σκεῦος
1199 1612 1247 1647 τῆς
1262 1613 1392 1648 ἀτιμίας,
1412 1613 1461 1640 καὶ
1484 1613 1531 1639 ἐπὶ
1555 1613 1657 1647 ἀτιμίᾳ⁵
1680 1614 1738 1647 τῆς
1759 1614 1832 1648 μόνης

1045 1658 1130 1689 ὅντως
1151 1658 1340 1693 τετιμημένης
1363 1659 1434 1694 ὑπὲρ
1458 1659 1549 1685 πᾶσαν
1575 1659 1669 1685 κτίσιν
1691 1659 1832 1687 Θεατόιω.

1046 1703 1099 1730 κᾶν
1114 1700 1191 1735 οὗτος
1215 1703 1439 1738 διειρῤιξγνυταιεΙ
1465 1704 1514 1730 σὺν
1530 1704 1569 1739 τῷ
1591 1704 1678 1740 πατρὶ
1700 1705 1789 1731 αὑτοῦ
1803 1704 1834 1738 τῷ

1048 1749 1164 1785 Σατανᾷ,
1186 1749 1291 1785 ταύτην
1303 1750 1353 1784 τὴν
1370 1749 1556 1785 προσηγορίαν
1570 1749 1722 1784 ἐξηύρατο,
1739 1751 1779 1781 ὡς
1792 1752 1834 1776 ἐπ-

1047 1794 1237 1829 ηρεαζομένην
1253 1799 1264 1813 ε
1286 1794 1398 1830 χριστὸς
1410 1794 1466 1830 γὰρ
1483 1795 1529 1821 καὶ
1543 1795 1557 1820 6
1572 1794 1657 1821 Δαεὶδ
1671 1796 1687 1821 6
1702 1795 1836 1829 βασιλεὺς,

1048 1840 1097 1866 καὶ
1107 1840 1121 1866 6
1134 1839 1239 1874 Ἀαρὼν
1252 1841 1266 1866 6
1281 1839 1428 1875 ἀρχιερεύς
1438 1847 1445 1854 ·
1458 1839 1547 1866 ταῦτα
1556 1839 1610 1873 γὰρ
1621 1840 1658 1866 τὰ
1670 1840 1680 1859 ί
1697 1841 1837 1876 χριόμενι,

1049 1884 1172 1920 βασιλεία
1187 1893 1216 1911 τε
1230 1886 1278 1912 καὶ
1295 1885 1439 1920 ἱερωσύνη·
1455 1885 1502 1912 καὶ
1516 1886 1572 1917 πᾶς
1587 1885 1726 1920 θεοφόρος
1738 1887 1838 1921 ἀνθρω-

1049 1939 1099 1962 πος
1117 1930 1233 1966 Χριστὸς
1254 1930 1383 1965 λέγεσθαι
1401 1931 1525 1963 δύναται,
1538 1930 1596 1958 ἀλλ’
1613 1932 1647 1957 οὐ
1662 1931 1737 1962 Θεὸς
1755 1931 1839 1966 φύσει,

1047 1976 1085 2008 ὡς
1108 1977 1156 2003 καὶ
1189 1976 1338 2012 Νεστόριος
1358 1977 1373 2003 6
1395 1976 1543 2012 Θεήλατος,
1565 1977 1611 2002 τὸν
1637 1977 1672 2003 ἐκ
1701 1977 1839 2012 Παρθένου

1046 2021 1177 2056 τεχθέντα
1193 2021 1324 2056 θεοφόρον
1412 2023 1501 2048 εἰπεῖν
1514 2021 1682 2056 ὲφρυάξατο.
1712 2023 1808 2057 Ἠμᾶς
1820 2022 1839 2046 vis

1050 2067 1087 2102 μὴ
1102 2067 1209 2101 γένοιτο
1227 2067 1357 2102 θεοφόρον
1378 2067 1461 2094 αὑτὸν
1474 2069 1487 2088 ε
1501 2067 1589 2094 εἰπεῖν
1601 2067 1618 2102 ἢ
1647 2067 1768 2102 νοῆσαι,
1784 2068 1842 2094 am

1048 2113 1115 2139 Θεὸν
1130 2113 1352 2148 σεσαρκωμένον.
1371 2113 1459 2145 Αὐτὸς
1476 2113 1531 2148 γὰρ
1544 2114 1559 2139 6
1581 2113 1671 2147 Λόγος
1697 2115 1777 2148 σὰρξ
1792 2115 1841 2146 ὲτέέ

1049 2166 1119 2190 νετο,
1139 2158 1254 2193 δινηθεὶς
1281 2158 1330 2194 μὲν
1351 2159 1384 2185 ἐκ
1409 2160 1460 2194 τῆς
1479 2159 1632 2195 Παρθένου,
1649 2159 1804 2194 προελθὼν
1822 2159 1842 2182 ξι

1048 2203 1113 2235 θεὸς
1132 2203 1203 2238 μετὰ
1218 2204 1268 2239 τῆς
1289 2204 1478 2239 προσλήψεως,
1494 2205 1544 2240 ἠδη
1563 2204 1610 2231 καὶ
1625 2206 1722 2240 αὐτῆς
1743 2207 1791 2233 ὑπ’
1806 2215 1843 2231 α.-

1049 2247 1095 2273 τοῦ
1112 2247 1272 2283 Θεωθείσης,
1291 2249 1350 2284 ἅμα
1368 2251 1403 2284 τῇ
1429 2250 1468 2281 είς
1485 2250 1514 2276 τὸ
1535 2246 1607 2276 εἶναι
1629 2250 1749 2285 ταύτης
1782 2258 1844 2283 εαρ-

1049 2294 1158 2328 αγωγῇ,
1174 2293 1211 2324 ὡς
1234 2293 1302 2328 ὁμοῦ
1318 2294 1445 2327 γενέσθαι
1468 2294 1503 2320 τὰ
1518 2294 1593 2328 τρία,
1609 2294 1661 2329 τὴν
1672 2295 1843 2330 πρὸςὶη-ξιι.

1049 2337 1098 2372 τὴν
1113 2337 1243 2372 ὓπαρξιν,
1259 2338 1307 2373 τὴν
1318 2337 1417 2365 θέωσιν
1436 2339 1520 2374 αὐτῆς
1534 2339 1586 2365 ὑπὸ
1604 2339 1652 2366 τοῦ
1670 2341 1792 2374 Λόγου·
1809 2349 1846 2365 ιλ.

1049 2382 1120 2409 οὕτω
1130 2384 1312 2414 νοεῖσθαι,κα“ι
1323 2383 1451 2418 λέγεσθαι
1461 2384 1592 2411 Θεοτόκον
1605 2385 1658 2420 τὴν
1672 2386 1772 2420 ἁγίαν
1789 2386 1846 2418 Περ

1050 2428 1137 2460 Θένον,
1152 2428 1182 2454 οὐ
1197 2429 1277 2463 μόνον
1290 2429 1335 2455 διὰ
1355 2429 1405 2464 τὴν
1417 2429 1498 2464 φύσιν
1511 2429 1558 2455 τοῦ
1574 2430 1676 2463 Λόγου,
1706 2431 1786 2457 ἀλλὰ
1812 2431 1847 2455 11"

1050 2473 1095 2500 διὰ
1108 2473 1156 2509 τὴν
1172 2473 1270 2501 θέωσιν
1283 2474 1330 2501 τοῦ
1343 2474 1526 2509 ἀνθρωπίνου,
1544 2471 1582 2502 ὥν
1597 2475 1667 2509 ἅμα,
1687 2477 1747 2502 καὶ
1760 2478 1778 2510 ἠ
1796 2475 1847 2500 σέλ-

1051 2518 1151 2553 ληψις,
1179 2519 1226 2547 καὶ
1250 2520 1266 2554 ἡ
1290 2519 1408 2554 ὒπαρξις
1428 2519 1736 2556 τεθαυματοὺργηται-
1761 2523 1781 2555 ἡ
1808 2521 1849 2554 μὲν

1053 2564 1196 2600 σύλληψις.
1210 2565 1257 2591 τοῦ
1275 2565 1370 2599 Λόγου,
1385 2565 1435 2600 τῆς
1448 2565 1478 2592 δὲ
1495 2565 1607 2600 σαρκὸς,
1621 2567 1638 2601 ἡ
1660 2567 1693 2592 ὲν
1715 2566 1801 2600 αὐτῷ
1820 2564 1850 2596 τῷ

1054 2610 1134 2645 Λόγῳ
1159 2609 1294 2646 ὕπαρξις,
1315 2610 1400 2646 αὐτῆς
1420 2611 1470 2645 τῆς
1495 2612 1668 2647 Θεομήτορος
1698 2611 1848 2648 ﬁnge-52

1053 2655 1225 2691 χορηγούσης
1243 2656 1274 2683 τὸ
1297 2656 1451 2691 πλασθῆναι
1472 2657 1511 2692 τῷ
1533 2658 1651 2694 πλάστῃ,
1676 2661 1737 2686 καὶ
1754 2660 1787 2685 τὸ
1809 2660 1844 2683 ἐξα

1053 2699 1241 2736 θρωπισθῆναι
1254 2702 1293 2737 τῷ
1305 2701 1365 2737 Θεῷ
1379 2702 1426 2729 καὶ
1439 2704 1538 2738 ποιητῇ
1552 2703 1597 2730 τοῦ
1608 2705 1732 2736 παντὸς,
1749 2704 1845 2731 esui“

1053 2745 1083 2771 τὸ
1099 2746 1278 2782 πρόσλημμα,
1296 2747 1438 2782 σωζούσης
1453 2748 1503 2783 τῆς
1514 2749 1637 2780 ἑνώσεως
1654 2750 1692 2776 τὰ
1709 2749 1845 2776 eum

1054 2791 1176 2823 τοιαῦτα,
1191 2791 1234 2818 οἷα
1258 2793 1305 2819 καὶ
1319 2793 1439 2828 ῆνωνται
1451 2801 1457 2808 ·
1477 2794 1507 2820 ού
1527 2794 1558 2820 τὸ
1576 2794 1648 2821 Θεῖον
1661 2795 1747 2828 λέγω
1761 2795 1842 2828 μύκε»

1053 2835 1122 2862 ἀλλὰ
1137 2836 1184 2863 καὶ
1199 2836 1230 2864 τὸ
1239 2836 1411 2872 ἀνθρώπινον
1423 2838 1470 2865 τοῦ
1487 2838 1614 2874 Χριστοῦ,
1626 2839 1656 2866 τδ
1671 2840 1756 2874 ὑπὲρ
1770 2838 1845 2873 ήμέι
