1874 3076
66 145 127 179 1009

522 147 713 179 PANOPLIA
733 148 965 180 DOGMATICA.
977 159 1013 167 -
1031 147 1106 179 ΤΙΤ.
1126 148 1187 179 XV.

1601 142 1680 176 1θίοι

62 205 103 231 καὶ
115 203 171 231 καθ’
182 203 260 239 ἡμᾶς.
276 204 344 231 Οὔτε
357 204 417 240 γὰρ
436 205 582 240 γενόμενον
609 208 744 242 πρότερον
764 208 827 234 καθ’

915 206 974 234 rnis
982 213 1046 234 vero
1062 205 1225 234 exsistentia
1236 206 1261 233 iu
1275 205 1335 240 ipso
1351 203 1452 232 Verbo.
1473 203 1535 239 Ipsa
1551 210 1674 236 namque

62 251 137 285 ἡμᾶς.
152 250 260 286 ὕστερον
280 251 393 286 γέγονεν
423 252 494 288 ὑπὲρ
524 253 599 287 ἡμᾶς
613 261 619 267 ·
642 254 712 280 ἀλλὰ
733 254 777 280 ἀεὶ
796 254 828 280 ἐκ

58 295 159 331 πρώτης
172 295 312 331 ὑπάρξεως
327 297 411 332 ἄμφω
424 296 540 332 ὑπῆρξε,
565 297 610 324 διὰ
633 298 662 324 τὸ
684 298 714 331 ἐξ
739 298 828 333 ἄκρας

58 339 203 375 συλλήψεως
217 341 246 367 ἐν
262 341 337 376 αὖτῷ
352 340 391 376 τῷ
406 342 486 376 Λόγῳ
502 341 552 377 τὴν
568 340 688 377 ὕπαρξιν
708 342 826 378 ἐσχηκὲ-

57 394 107 412 ναι·
128 385 293 420 ἀνθρώπινον
328 387 377 421 μὲν
391 386 439 414 οὖν
466 388 525 414 ἐστι
551 388 622 414 κατὰ
641 387 692 422 τὴν
723 387 830 415 οἰκείαν

58 431 141 466 φύσιν,
154 431 218 458 Θεοῦ
232 433 260 459 δὲ
277 433 326 460 καὶ
348 433 431 466 θεῖον,
461 433 622 469 ὑπερφυῶς,
647 434 707 460 Ἐτι
733 434 762 461 δὲ
780 435 830 462 καὶ

56 478 100 512 τῆς
116 478 232 514 ἐμψύχου
250 478 354 514 σαρκὸς
368 480 403 506 τὰ
419 479 555 514 ἰδιώματα
571 479 647 515 ἔσχε·
665 480 829 513 κατεδέξατο

57 523 106 558 γὰρ
118 524 183 550 αὐτὰ
197 526 210 551 ό
224 523 322 558 Λόγος,
342 524 500 560 οἰκονομίας
512 525 595 560 λόγῳ,
611 527 732 560 φυσικῆς
749 526 829 562 κινή-

55 577 118 601 σεως
128 569 200 603 τάξει
215 570 287 597 κατὰ
300 570 433 606 ἀλήθειαν
447 571 571 605 φυσικῶς
588 572 732 606 γινόμενα.

882 252 927 280 Dei
938 252 1062 280 Genitrix
1078 259 1162 287 supra
1182 256 1292 279 natura:
1322 252 1394 287 leges
1426 258 1518 279 rerum
1547 251 1669 277 omnium

881 298 970 326 θειοτί
986 298 1224 330 subministrabat,
1243 297 1315 326 unde
1333 298 1391 333 ipse
1419 305 1529 332 quoque
1552 297 1670 331 ﬁngere-

880 349 935 377 tur,
954 344 1203 379 universorumque
1214 343 1351 371 conditori
1370 343 1436 376 Deo,
1453 349 1483 370 ut
1503 350 1669 379 assumptam

879 390 1078 426 humanitatem
1109 390 1212 418 dcitate
1243 389 1363 422 donans,
1392 390 1476 417 homo
1508 389 1567 424 ipse
1586 388 1671 423 ﬁeret,

880 444 942 464 cum
963 436 1072 464 interim
1091 436 1165 469 unio,
1177 443 1238 471 qua:
1254 436 1331 464 unita
1357 439 1432 470 sunt,
1449 435 1514 463 talia
1534 439 1666 469 servaret,

879 483 970 519 qualia
990 483 1066 511 unita
1082 487 1184 517 essent,
1213 482 1265 511 hoc
1283 486 1335 515 est,
1363 489 1419 510 non
1434 482 1603 510 divinitatea:
1629 488 1673 509 so-

877 529 946 563 lum,
959 530 1007 558 sed
1029 529 1114 557 etiam
1141 529 1243 557 Christi
1274 529 1495 562 humanitatem;
1524 535 1575 556 nec
1605 527 1672 555 illud

878 575 968 602 solum
979 575 1053 610 quod
1079 581 1161 610 supra
1189 574 1309 608 nos,sed
1330 578 1359 602 et
1384 573 1412 602 id
1444 573 1516 609 quod
1547 578 1672 601 nostrum

55 619 102 642 est.
118 615 173 644 Non
190 616 262 644 enim
276 623 338 644 cum
354 621 418 644 ante
439 616 526 645 nostri
553 617 653 645 similis
674 617 821 652 extitisset,
839 623 932 654 postea
963 621 1088 656 superior
1113 620 1194 648 nobis
1220 620 1330 648 evasit:
1351 619 1399 648 sed
1427 625 1561 654 sempera
1581 619 1673 653 primo

53 665 108 689 crtu
120 666 259 698 utrumque
271 663 377 691 exstitit
392 663 538 698 :quoniam
555 669 570 689 a
585 662 742 698 primordiis
757 665 945 700 conceptionis
960 666 988 693 in
1004 666 1064 701 ipso
1078 666 1168 694 Verbo
1185 666 1376 694 exsistentiam
1395 664 1502 692 habuit.
1519 663 1670 697 Quocirca,

53 707 118 741 quod
130 712 298 744 assumptum
317 709 368 737 iuit
379 712 474 744 suapte
486 709 596 743 quidem
615 713 713 738 natura
731 709 882 738 humanum
899 714 956 743 est,
973 711 1020 739 Dei
1048 715 1137 740 autem
1151 715 1179 740 et
1196 710 1318 739 divinum
1338 708 1540 744 supernaturali
1553 708 1670 743 quodam

55 753 137 781 modo.
154 754 223 787 Quin
238 755 365 783 animatae
393 755 504 791 quidem
522 755 613 784 carnis
630 755 813 792 proprietates
831 757 946 785 habuit:
965 765 1014 787 eas
1027 759 1100 787 enim
1114 757 1328 795 dispensationis
1351 764 1408 786 sua}
1425 756 1534 785 ratione
1554 754 1673 784 Verbum

54 801 175 837 suscepit,
189 809 250 838 quae
264 803 415 831 secundum
433 804 570 832 naturalis
580 808 669 833 motus
680 804 804 833 ordinem
820 811 882 833 vere
899 807 1038 836 naturales
1055 812 1128 835 sunt.

844 854 868 883 Β

208 890 268 919 Τοῦ
283 891 387 920 αὐτοῦ.
404 891 578 927 Κεφάλαιον
593 900 637 925 πς
649 912 657 920 .

83 968 246 1003 Προκόπτειν
257 969 367 1003 λέγεται
380 969 530 1005 σοφίᾳ,καὶ
543 968 649 1006 ἡλικίᾳ,
663 969 710 996 καὶ
724 969 831 1005 χάριτιο

50 1014 79 1048 τῇ
96 1014 144 1048 μὲν
161 1014 257 1051 ἡλικίᾳ
275 1014 376 1048 αὔξων,
390 1016 436 1043 διὰ
446 1015 476 1043 δὲ
486 1016 537 1051 τῆς
552 1015 695 1052 αὐξήσεως
709 1016 760 1051 τῆς
771 1016 831 1051 ἠλι-

54 1059 111 1091 κίας
125 1060 174 1094 τὴν
189 1061 398 1097 ἐνυπάρχουσαν
411 1061 487 1097 αὐτῷ
503 1061 600 1097 σοφίαν
616 1062 656 1094 εἰς
672 1061 831 1097 φανέρωσιν

49 1105 133 1139 ἄγων
148 1106 188 1134 ιτι
213 1107 244 1134 δὲ
278 1108 329 1143 τὴν
354 1116 410 1135 των
434 1107 590 1143 ἀνθρώπων
617 1109 647 1135 ὲν
668 1107 750 1143 σοφίᾳ
783 1109 831 1136 καὶ

48 1152 134 1186 χάριτι
147 1153 304 1189 προκοπὴν,
317 1154 365 1181 καὶ
384 1154 434 1189 τὴν
444 1154 588 1181 τελείωσιν
600 1155 649 1190 τῆς
661 1154 709 1181 τοῦ
721 1154 832 1190 Πατρδς

48 1197 178 1231 εὐδοκίας,
189 1199 280 1235 ἤγουν
293 1199 342 1235 τὴν
358 1198 414 1227 τῶν
429 1200 585 1236 ἀνθρώπων
609 1199 777 1234 θεογνωσίαν
802 1209 832 1228 τε

50 1244 92 1269 καὶ
106 1246 259 1281 σωτηρίαν,
291 1246 396 1273 οἰκείαν
417 1245 561 1282 προκοπὴν
589 1246 770 1282 ποιούμενος,
785 1247 833 1274 καὶ

48 1288 230 1326 οἰκειούμενος
252 1291 393 1327 πανταχοῦ
417 1291 449 1318 τὸ
472 1292 622 1328 ἡμέτερον.
643 1291 675 1318 οι
690 1291 718 1318 δὲ
731 1285 832 1328 προκό-

49 1343 123 1362 πτειν
135 1336 220 1364 αὑτὸν
231 1337 361 1372 λέγοντες
372 1337 467 1372 σοφίᾳ,
485 1337 534 1365 καὶ
551 1338 645 1373 χάριτι
658 1336 696 1370 ὡς
711 1337 833 1374 προσθή-

50 1391 98 1416 κην
117 1384 221 1411 τούτων
251 1384 409 1420 δεχόμενον,
426 1384 569 1420 Νεστορίῳ
589 1384 629 1421 τῷ
650 1384 834 1420 ματαιόφρονι

48 1428 214 1464 πειθόμενοι,
244 1430 377 1466 σχετικὴν
403 1430 502 1458 ἕνωσιν
519 1431 566 1458 καὶ
580 1430 663 1466 ψιλὴν
694 1430 834 1466 ἐνοίκησιν

42 1475 252 1509 στρατεύονται,
271 1476 309 1512 μὴ
320 1475 504 1511 γινώσκοντες
517 1477 587 1512 μήτε
599 1477 618 1505 ἃ.
629 1477 751 1512 λέγουσι,
765 1477 834 1513 μήτε

1153 896 1291 933 Ejusdem.
1302 896 1369 932 Cap.
1384 895 1428 924 86.

917 976 1055 1005 Proﬂcere
1078 976 1177 1005 dicitur
1194 976 1340 1011 sapientia,
1365 980 1394 1003 et
1413 977 1504 1007 aatate,
1525 977 1552 1002 et
1566 973 1671 1008 gratia;

883 1024 962 1049 astate
998 1021 1106 1056 quidem
1148 1027 1293 1053 crescens,
1329 1023 1357 1047 et
1395 1026 1445 1054 per
1477 1018 1674 1046 incrementum

883 1066 1168 1102 aetatis.sapientiam.
1197 1073 1259 1101 quze
1286 1065 1336 1101 ipsi
1363 1065 1462 1098 inerat,
1496 1064 1523 1091 in
1554 1067 1676 1098 apertum

884 1112 1042 1148 proferens;
1058 1117 1191 1147 praetcrea
1203 1111 1342 1140 hominum
1361 1111 1389 1139 in
1405 1110 1537 1145 sapientia
1553 1114 1579 1136 et
1590 1108 1677 1144 gratia

883 1164 1069 1194 progressum,
1085 1162 1112 1185 et
1130 1157 1208 1185 home
1238 1156 1327 1185 Patris
1353 1155 1501 1184 voluntatis
1532 1154 1677 1189 perfectio-

883 1211 957 1237 nem,
971 1211 1019 1231 seu
1038 1203 1180 1231 hominum
1207 1205 1242 1230 de
1264 1201 1345 1230 rebus
1369 1200 1469 1228 divinis
1495 1199 1676 1235 cognitionem

884 1254 912 1277 et
925 1248 1052 1282 salutem,
1083 1248 1223 1283 proprium
1239 1245 1391 1282 profectum
1419 1244 1532 1277 faciens,
1549 1248 1578 1271 et
1603 1242 1678 1277 quod

885 1297 1007 1322 nostrum
1027 1297 1079 1324 est,
1099 1300 1178 1321 suum
1194 1292 1274 1327 plane
1294 1290 1421 1318 reddens.
1439 1289 1490 1323 Qui
1504 1295 1568 1316 vero
1589 1288 1676 1322 ipsum

885 1339 1018 1374 sapientia
1029 1344 1057 1367 et
1077 1339 1163 1374 gratia
1181 1339 1218 1365 ita
1243 1338 1336 1365 dicunt
1350 1335 1513 1371 profecisse,
1531 1339 1561 1362 ut
1583 1340 1676 1361 earum

886 1390 1031 1421 augmenta
1045 1384 1205 1419 susceperit,
1219 1384 1236 1412 ii
1247 1382 1402 1411 Nestorium
1413 1382 1497 1409 stulte
1512 1381 1675 1408 sentientem

885 1432 982 1466 secuti,
994 1432 1122 1460 unionem
1133 1431 1281 1466 quamdam
1293 1426 1635 1457 secundumaﬂ‘ectionem
1648 1428 1678 1451 et

886 1482 1043 1514 respectum
1054 1482 1082 1506 et
1089 1478 1187 1505 nudam
1197 1476 1390 1504 habitationem
1400 1472 1555 1509 prodigiose
1562 1471 1677 1506 tingunt,

46 1520 110 1555 περὶ
121 1521 206 1549 τίνων
221 1522 457 1550 διαδεσαιοῢνται.
480 1523 511 1550 Εἰ
528 1523 584 1559 γὰρ
609 1523 721 1559 ἀληθῶς
740 1523 830 1559 ήνώθη

910 1531 938 1552 ec
947 1531 1008 1559 quae
1023 1523 1125 1556 dicant,
1136 1531 1186 1551 nec
1202 1523 1235 1550 de
1246 1522 1346 1557 quibus
1360 1519 1505 1552 afiirtnent,
1516 1524 1679 1553 cognoscen-

47 1565 84 1600 τῷ
96 1566 155 1602 Θεῷ
167 1567 253 1602 Λόγῳ
267 1568 284 1602 ἡ
298 1567 365 1602 σὰρξ
379 1567 409 1600 ἐξ
423 1567 511 1603 ἄκρας
525 1567 680 1602 ὑπάρξεως,
692 1567 794 1603 μᾶλλον
805 1566 835 1594 δὲ

45 1613 73 1638 ὲν
88 1614 164 1649 αὐτῷ
181 1614 306 1650 ὑπῆρξε,
325 1614 374 1642 καὶ
389 1613 439 1650 τὴν
456 1614 644 1648 ὐποστατικὴν
670 1614 738 1650 πρὸς
754 1613 836 1640 αὐτὸν

45 1659 104 1694 ἔσχε
115 1661 286 1696 ταυτότητα.
301 1661 359 1693 πῶς
369 1661 400 1687 οὐ
408 1661 519 1693 τελείως
527 1661 733 1696 κατεπλούτησε
746 1660 837 1688 πᾶσαν

44 1705 136 1739 σοφίαν
146 1707 195 1734 καὶ
206 1707 291 1743 χάριν
304 1714 312 1740 ;

214 1796 273 1824 Τοῦ
291 1795 395 1824 αὐτοῦ.
418 1796 588 1831 Κεφάλαιον
614 1797 667 1832 κη’.

83 1880 297 1918 Ἀναμάρτητος
324 1882 363 1909 ῶν
381 1883 396 1909 ὸ
424 1883 526 1919 Κύριος
547 1884 626 1919 ἡμῶν
651 1884 757 1919 Ἰησοῦς
772 1886 840 1922 Χρι-

44 1927 116 1960 στὸς,
148 1928 298 1963 ἁμαρτίαν
325 1929 380 1964 γὰρ
397 1930 448 1956 οὐκ
479 1929 609 1965 εποίησεν
636 1931 651 1957 ό
678 1931 765 1966 αἴρων
791 1931 840 1959 τοῦ

41 1973 146 2009 κόσμου
159 1974 213 2009 τὴν
225 1974 380 2010 ἁμαρτίαν,
395 1975 455 2002 οὐδὲ
469 1976 568 2011 εὑρέθη
586 1976 662 2008 δόλος
682 1977 710 2004 ὲν
725 1977 764 2013 τῷ
778 1979 841 2005 στό-

43 2020 223 2052 ματιαύτοῠ,
251 2020 302 2055 οὐχ
327 2020 458 2047 ὑπέκειτο
484 2021 604 2057 θανάτῳ,
632 2022 713 2057 εῐπερ
731 2022 775 2050 διὰ
791 2023 840 2058 τῆς

39 2065 184 2101 ἁμαρτίας
200 2067 243 2098 εἰς
255 2067 302 2092 τὸν
322 2067 424 2102 κόσμον
437 2067 562 2103 εἰσῆλθεν
581 2069 594 2095 ὁ
614 2068 740 2101 θάνατος.
770 2069 842 2105 Θνή-

40 2118 102 2137 σκει
121 2113 232 2145 τοίνυν,
246 2112 293 2139 τὸν
305 2113 376 2148 ὑπὲρ
396 2114 474 2149 ἡμῶν
489 2114 688 2150 ἀναδεχόμενος
710 2116 836 2148 θάνατον,

39 2158 86 2184 καὶ
100 2158 207 2186 ἑαυτὸν
218 2158 261 2194 τῷ
278 2160 368 2194 Πατρὶ
380 2160 531 2196 προσφέρει
545 2161 644 2188 θυσίαν
664 2161 736 2197 ὑπὲρ
750 2163 840 2198 ἡμῶν.

38 2205 118 2240 Αὐτῷ
149 2207 210 2242 γὰρ
244 2207 541 2243 πεπλημμελήκαμεν,
564 2209 612 2236 καὶ
634 2210 717 2236 αὑτὸν
732 2209 786 2237 ἔδει
810 2210 841 2238 τὸ

36 2251 110 2287 ὑπὲρ
126 2252 214 2289 ἡμῶν
239 2252 338 2288 λύτρον
361 2253 501 2288 δέξασθαι,
526 2255 574 2282 καὶ
589 2255 676 2287 οὕτως
702 2256 776 2291 ἡμᾶς
794 2256 841 2283 λυ-

37 2297 121 2332 θῆναι
138 2300 193 2334 τῆς
209 2299 430 2335 ςκατακρίσεως.
465 2300 535 2327 Ἀλλ’
551 2302 575 2328 εί
593 2301 640 2328 καὶ
656 2301 786 2337 τέθνηκεν
797 2302 842 2338 id»;

36 2343 204 2380 ἄνθρωπος,
230 2346 281 2373 καὶ
305 2346 321 2380 ἠ
344 2345 410 2380 ἁγία
441 2347 526 2374 αὑτοῦ
550 2347 623 2382 ψυχὴ
647 2347 761 2383 διῃρέθη
793 2349 842 2375 τοῦ

36 2392 184 2426 ἁχράντου
204 2390 349 2426 σώματος,
364 2392 425 2428 ῥλλ¹
439 2394 455 2428 ὴ
470 2393 567 2428 θεότης
580 2393 732 2429 ἁχώριστος
750 2395 843 2429 ἀμφο-

34 2437 128 2470 τέρων
145 2437 286 2472 διέμεινε,
301 2437 350 2472 τῆς
364 2446 393 2464 τε
408 2437 509 2474 ψυχῆς,
523 2439 606 2474 φημὶ,
621 2439 668 2466 καί
683 2438 733 2465 τοῦ
751 2439 844 2474 σώμα-

33 2490 95 2514 τος.
124 2483 187 2510 Καὶ
203 2482 265 2509 οὐδ’
278 2482 395 2518 οὖτωςή
419 2484 470 2518 μία
488 2485 638 2516 ὑπόστασις
663 2484 703 2516 εἰς
718 2484 766 2511 δύο
778 2485 844 2512 ὑπο-

35 2528 154 2560 στάσεις
170 2528 317 2564 διῄρηται.
331 2529 368 2555 Τό
384 2538 414 2556 τε
428 2530 482 2566 γὰρ
498 2530 576 2565 σῶμα
590 2531 638 2557 καὶ
651 2531 668 2565 ἡ
682 2530 755 2566 ψυχὴ
772 2531 844 2557 κατά

34 2575 143 2600 ταυτὸν
160 2574 195 2606 ἐξ
212 2574 307 2610 ἀρχῆς
325 2575 355 2602 ὲν
368 2576 401 2611 τῇ
420 2576 466 2603 τοῦ
482 2575 570 2610 Λόγου
585 2576 734 2603 ὑποστάσει
748 2576 845 2611 ἔχοντα

34 2619 85 2655 τὴν
103 2619 250 2655 ὕπαρξιν,
265 2621 312 2647 καὶ
328 2622 357 2649 ἐν
369 2622 408 2656 τῷ
419 2621 528 2658 θανάτῳ
538 2621 661 2657 ἀλλήλων
673 2622 847 2657 διαιρεθέντα

33 2664 135 2700 ἔμεινε
154 2666 213 2701 τὴν
227 2665 294 2701 μίαν
307 2666 356 2694 τοῦ
372 2667 460 2701 Λόγου
481 2667 633 2695 ὑπόστασιν
661 2667 772 2703 ἔχοντα,
800 2669 848 2698 καὶ

33 2710 218 2747 ἁδιαιρέτως
230 2711 359 2747 ἡνωμένα
376 2712 463 2746 αὐτῷ.

75 2851 83 2867 ¹
99 2847 205 2876 l'l'im.
223 2855 244 2881 I.
262 2847 287 2877 7.
324 2849 360 2877 Ἰ
380 2847 453 2877 Petr.
473 2856 504 2884 tt,
517 2848 562 2877 22.

890 1571 959 1598 κε’.
975 1569 1043 1598 Nam
1061 1569 1084 1598 si
1098 1576 1162 1598 caro
1173 1576 1237 1597 vere
1249 1568 1393 1603 conjuncta
1410 1570 1451 1594 est
1471 1564 1571 1596 Verbo,
1597 1561 1680 1591 simul

888 1621 970 1652 atque
995 1623 1056 1644 esse
1074 1615 1169 1650 erepit,
1189 1620 1217 1643 et
1232 1615 1356 1642 eamdem
1369 1621 1429 1640 cum
1445 1613 1503 1648 ipso
1520 1612 1547 1638 in
1563 1617 1679 1646 persona

887 1662 1035 1691 essentiam
1053 1661 1156 1696 habuit,
1174 1661 1220 1696 qui
1238 1660 1296 1688 ﬂeri
1314 1658 1413 1694 potuit,
1432 1662 1461 1685 ut
1483 1657 1602 1694 perfecte
1615 1664 1682 1685 cun-

888 1713 947 1737 ctas
961 1709 1101 1743 sapientia:
1115 1712 1142 1736 et
1156 1708 1250 1743 gratiae
1262 1707 1373 1734 divitias
1389 1712 1444 1734 non
1465 1703 1615 1733 habuerit?

1140 1798 1278 1834 Ejusdem.
1297 1797 1364 1832 Cap.
1380 1797 1424 1825 98.

926 1887 992 1915 Cum
1015 1886 1074 1914 sine
1101 1890 1211 1921 peccato
1236 1889 1309 1912 esset
1332 1883 1461 1912 Dominus
1487 1888 1579 1911 noster
1605 1882 1683 1911 Jesus

890 1933 1023 1965 Christus,
1048 1935 1187 1966 peccatum
1204 1930 1275 1958 enim
1306 1938 1360 1958 non
1388 1929 1463 1963 fecit,
1496 1929 1544 1964 qui
1574 1929 1683 1956 sustulit

891 1985 1032 2014 peceatum
1053 1977 1157 2010 mundi.
1183 1984 1233 2004 nec
1263 1977 1389 2004 inventus
1410 1981 1453 2003 est
1481 1976 1558 2003 dolus
1583 1975 1609 2002 in
1636 1982 1684 2002 ore

893 2025 986 2060 cjus',
1014 2024 1095 2052 morti
1127 2031 1179 2051 non
1207 2023 1257 2051 fuit
1284 2023 1428 2050 obnoxius.
1469 2021 1610 2056 Siquidem
1638 2029 1685 2055 per

894 2075 1035 2106 peccatum
1057 2069 1084 2096 in
1111 2068 1238 2096 mundum
1260 2075 1332 2096 mors
1349 2068 1479 2095 introivit.
1504 2067 1625 2095 Mortuus
1644 2072 1685 2094 est

894 2116 988 2151 igitur,
1018 2119 1132 2142 mortem
1161 2121 1210 2149 pro
1239 2113 1316 2141 nobis
1340 2113 1460 2146 subiens,
1483 2117 1511 2140 et
1535 2120 1565 2140 se
1594 2113 1683 2147 ipsqu

896 2160 967 2189 Patri
996 2167 1044 2196 pro
1072 2159 1149 2187 nobis
1174 2158 1291 2194 hostiam
1326 2157 1435 2185 obtulit.
1474 2157 1529 2185 Nos
1551 2157 1623 2184 enim
1659 2157 1685 2183 in

893 2214 954 2235 eum
970 2211 1190 2241 peccaveramus,
1207 2209 1234 2231 et
1255 2203 1344 2238 ipsum
1365 2203 1509 2237 oportebat
1536 2210 1584 2237 pro
1609 2202 1687 2229 nobis

890 2254 1009 2289 pretium
1038 2252 1175 2286 accipere,
1201 2254 1282 2284 atque
1317 2249 1354 2276 ita
1386 2255 1435 2276 nos
1459 2248 1688 2276 condemnatioue

891 2299 1011 2328 liberari.
1039 2297 1116 2331 Quod
1147 2297 1170 2325 si
1203 2300 1324 2324 mortuus
1352 2299 1396 2324 est
1424 2295 1507 2323 etiam
1538 2299 1567 2322 ut
1591 2294 1685 2327 homo,

892 2351 920 2375 et
952 2349 1046 2374 sancta
1073 2343 1160 2379 ipsius
1198 2342 1287 2369 anima
1313 2341 1348 2370 ab
1375 2341 1549 2369 immaculato
1573 2348 1688 2376 corpore

893 2396 1019 2426 separata
1050 2395 1102 2423 est,
1121 2389 1250 2416 divinitas
1278 2392 1395 2416 tamena
1419 2392 1516 2416 neutro
1545 2387 1686 2420 discessit,

897 2445 948 2465 nec
965 2437 999 2464 ab
1017 2435 1118 2467 anima,
1144 2441 1194 2462 nec
1216 2441 1232 2461 a
1262 2441 1387 2469 corpore.
1421 2433 1513 2469 Neque
1545 2437 1687 2468 propterea

897 2489 1011 2517 persona
1038 2488 1091 2508 una
1123 2480 1149 2508 iu
1179 2482 1248 2508 duas
1283 2479 1368 2508 divisa
1396 2484 1448 2507 est.
1483 2479 1551 2507 Nam
1588 2486 1688 2513 corpus

896 2534 922 2556 et
956 2528 1057 2560 anima,
1086 2534 1146 2562 qua:
1183 2526 1279 2554 eodem
1307 2531 1430 2561 tetnpore
1455 2534 1469 2553 a
1502 2525 1635 2561 principio
1661 2523 1689 2552 in

896 2574 976 2603 Verbi
1006 2581 1123 2609 persona
1162 2572 1308 2600 essentiam
1340 2572 1520 2604 'liahuerunt,
1561 2571 1626 2598 licet
1661 2569 1688 2598 iu

896 2625 984 2649 morte
1012 2620 1136 2654 sejuncta
1154 2618 1265 2651 fuerint,
1294 2625 1373 2646 unam
1403 2623 1492 2646 tamen
1521 2617 1601 2646 Verbi
1626 2623 1689 2651 per-

898 2674 992 2695 sonam
1008 2665 1136 2692 habentia
1155 2669 1184 2693 et
1215 2664 1275 2693 sine
1294 2664 1428 2693 divisione
1445 2671 1507 2692 cum
1533 2663 1592 2699 ipso
1622 2669 1690 2690 eou-

897 2714 991 2749 juncta
1007 2716 1230 2748 permanserunt.
