1874 3076
51 144 113 179 1013

499 150 691 183 PANOPLIA
713 149 944 182 DOGMATICA.
964 162 999 170 -··
1017 152 1091 185 Tl'l‘.
1113 153 1189 186 XVI.

1596 151 1665 185 1014

49 203 137 232 τοῦτον
146 204 302 242 εὑρίσκεται
317 205 348 233 16
374 206 516 243 διάφορον,
537 208 584 236 τοῦ
602 209 651 244 μὲν
679 208 721 240 είς
749 207 789 235 τέλ

923 210 1013 238 itania
1028 210 1179 240 ditl’erentia
1197 212 1343 248 reperitur,
1361 216 1391 240 ut
1411 220 1483 242 unus
1498 213 1608 249 quidem
1631 214 1663 242 ad

46 250 112 278 οὕτω
125 251 248 287 μένοντος
265 253 304 285 ὡς
323 254 458 288 πεφυκὼς
474 255 504 289 ἐξ
531 255 617 282 ἀϊδίου
646 253 821 287 πιστεύεται,

17 298 20 326 ζ
46 297 89 323 τοῦ
102 297 129 324 δὲ
142 299 173 333 τῇ
186 298 308 325 συνθέσει
327 299 378 335 τῆς
402 300 504 336 σαρκός
530 301 581 336 τὴν
595 301 701 327 οἰκείαν
723 299 821 327 οὐσίαν

18 370 20 373 ,
46 343 250 380 κεράσαντος,ἢ
273 344 456 381 αὐξήσαντος,
485 346 501 382 ἢ
533 347 604 373 κατὰ
635 346 768 382 σύγχυσιν
780 346 821 378 είς

18 393 21 397 ’
46 387 104 414 ἄλλο
120 389 337 423 μεταπεσόντοςε
364 391 428 423 Πῶς
446 392 460 418 ό
475 391 572 419 τοῦτον
585 392 694 428 βλέπων
716 392 821 419 ἐκεῖνον

17 428 18 432 ¹
45 433 143 468 βλέπει,
162 435 241 471 εῐπερ
261 436 369 472 Πατρὶς
388 437 439 472 μὲν
453 438 549 466 οὐσίαν
574 439 649 471 δηλοῖ
664 440 746 474 μόνον
762 438 821 465 θεό-

44 487 99 512 113;,
126 479 190 506 Υιοῠ
219 480 248 507 δὲ
274 480 371 518 θεότης
401 483 449 510 καὶ
478 484 669 520 ἀνθρωπότης,
695 485 725 512 ἐν
747 494 773 512 τι
786 487 819 521 τῇ

44 524 118 559 φύσει
139 526 283 562 γενόμενα,
298 528 344 555 καὶ
365 529 475 565 Πατρὺς
492 530 542 565 μὲν
569 530 647 558 edcta.
663 532 746 567 μέρος
770 532 821 559 οὐκ

18 600 20 603 π
44 570 95 605 ἔχει
104 571 133 598 16
145 572 259 608 πάσχον,
274 573 322 601 τοῦ
334 574 423 609 Λόγου
439 575 469 602 δὲ
488 576 505 611 ἠ
518 577 600 612 φύσις
613 577 653 613 τῷ
668 578 748 612 μέρει
771 579 821 614 τῆς

45 617 138 652 σαρκὸς
148 618 282 654 ὑπομένει
295 620 326 648 16
342 620 445 655 πάθος;
464 622 497 649 Τί
512 622 562 658 τῆς
574 623 737 656 δυσσεϐείας
755 625 821 652 ταύ-

44 672 90 698 της
103 665 293 702 ἀνοσιώτερον,
312 667 378 703 μίαν
403 669 454 705 μὲν
468 669 559 705 λέγειν
580 671 685 704 οὐσίαν,
709 672 820 707 τέμνειν

44 709 68 736 δὲ
82 710 180 747 ταύτην
202 713 243 744 είς
257 714 369 741 ποικίλα
393 723 424 742 τε
441 715 489 743 καὶ
513 716 644 753 διάφορα,
659 718 706 744 καὶ
725 718 820 754 φέρειν

43 756 129 789 φωνὰς
156 758 199 792 ἐφ’
227 759 308 795 ὕϐρει
339 761 390 796 μὲν
411 760 577 798 λεγομένας,
596 765 822 800 συναρμοσθῆναι

43 801 68 828 δὲ
78 803 109 838 τῇ
127 804 255 832 ὑποθέσει
284 806 321 841 μὴ
336 806 512 842 δυναμέναςς
531 809 563 836 El
588 810 626 846 μὴ
645 811 755 843 τελείας
771 811 822 846 φύ-

44 855 105 880 σεως
119 849 147 876 16
171 850 289 884 ἀπαθὲς,
306 852 354 879 καὶ
373 853 482 886 τελείας
500 854 609 889 φύσεως
631 855 662 882 16
684 856 819 892 παθητὸν,

43 893 84 919 καὶ
97 894 176 930 μέρος
189 896 300 932 πάσχει,
309 899 357 926 καὶ
365 898 486 935 μέροςοὺ
498 888 609 936 πάσχει,
623 901 711 930 καὶτὸ
720 888 820 938 μὲνζῇ,
839 888 860 915 Β

42 939 68 966 ιιὸ
82 939 107 966 δὲ
123 941 267 977 τέθνηκεν,
287 943 473 982 ἐλεεινότερον
483 946 540 982 ἄρα
550 946 580 974 16
594 947 650 979 ζῶν
663 948 714 980 τὰς
730 948 762 974 ἐκ
773 947 819 983 τοῦ

42 987 193 1023 τεθνηκότος
207 989 304 1022 ὀδύνας
319 991 348 1018 ἐν
362 991 488 1028 αἰσθήσει
515 993 721 1029 καρπούμενον,
739 994 820 1030 εἴπερ

43 1033 85 1067 τῆς
110 1035 173 1068 μιᾶς
203 1036 300 1069 οὐσίας
313 1036 372 1072 ἅμα
392 1038 423 1065 16
452 1038 593 1072 τεθνάναι,
623 1039 672 1068 καὶ
694 1040 725 1067 16
755 1041 819 1077 ζῇν,

17 1111 19 1114 ν
47 1080 207 1116 “Αλλ“ἄπαγε
226 1083 277 1118 τῆς
298 1083 434 1120 τοσαύτης
458 1086 638 1120 κενοφωνίας.
670 1084 742 1114 Οὔτε
771 1087 822 1122 μέ-

41 1135 83 1161 ρος
112 1127 243 1164 ἀμεροῦς,
265 1130 312 1157 καὶ
346 1130 437 1166 ἁπλῆς
462 1131 572 1167 φύσεως
594 1133 818 1168 παρειλήφαμεν,

39 1173 94 1199 οὗτε
118 1174 195 1209 μέρει
222 1175 276 1211 μὲν
296 1177 423 1213 πάσχειν,
439 1178 523 1214 μέρει
549 1179 579 1206 δὲ
592 1179 631 1215 μὴ
651 1181 767 1217 πάσχειν
790 1180 821 1207 16

39 1220 136 1253 dicati;
170 1221 366 1259 ἐδιδάχθημεν,
405 1223 470 1251 οὔτε
516 1225 583 1260 μιᾶς
617 1224 713 1257 οὐσίας
754 1225 820 1261 ὅρον

39 1265 82 1291 hri.
98 1268 156 1299 ταῖς
181 1267 229 1295 δύο
257 1267 444 1304 γινώσκομεν,
468 1268 532 1297 οὔτε
559 1269 608 1298 τοῦ
632 1270 818 1306 ἑτεροουσίου,

39 1312 85 1339 κᾶν
107 1314 226 1350 τοῦνομα
254 1315 438 1350 προσιέμεθα,
461 1316 541 1344 ἅτινα
565 1317 656 1345 πάντα
685 1318 727 1350 είς
755 1318 821 1353 μίαν

38 1357 124 1384 οὐσίαν
144 1360 168 1386 oi
186 1359 316 1395 λέγοντες
342 1360 480 1388 συντελεῖν
513 1362 560 1389 τὸν
585 1362 672 1396 Λόγον
696 1364 746 1390 καὶ
770 1364 820 1399 τὴν

38 1404 121 1438 σάρκα
133 1405 342 1439 νομοθετόῦντες
356 1407 539 1443 εὑρίσκονται.
564 1408 626 1440 Πῶς
653 1406 700 1436 οὖν
733 1410 778 1436 καὶ
800 1411 817 1445 ἡ

38 1450 100 1486 σὰρξ
110 1452 224 1488 ἐλήφθη,
244 1453 292 1480 καὶ
311 1454 325 1480 ό
339 1453 428 1481 λαϐὼν
442 1455 492 1481 οὐκ
516 1454 664 1490 ἠλλοιώθη,
687 1456 768 1489 σώζει
789 1465 819 1483 τε

37 1497 81 1547 καὶ
95 1499 231 1535 ἡνωμένος
249 1499 336 1536 ταύτῃ
356 1501 426 1536 πρὸς
445 1501 493 1528 τὸν
507 1501 604 1528 ἑαυτοῦ
633 1503 742 1538 Πατέρα
772 1503 820 1538 τὴν
833 1515 855 1547 c

36 1543 80 1578 τῆς
87 1545 177 1578 οὐσίας
185 1547 356 1583 ταυτότητας
370 1547 433 1579 Πῶς
446 1548 479 1575 εκ
492 1547 539 1574 τοῢ
550 1548 600 1585 τὴν
615 1549 705 1585 σάρκα
715 1550 818 1584 λαϐεῖν,

37 1590 78 1616 καὶ
87 1593 145 1618 κατ’
154 1593 240 1628 αὐτὴν
248 1594 427 1629 οἰκονομῆσαι
438 1594 527 1630 σοφῶς
541 1604 571 1622 τε
586 1595 634 1623 καὶ
646 1596 717 1632 ὑπὲρ
727 1597 818 1631 λόγον,

36 1637 80 1664 οὐκ
98 1638 136 1671 είς
150 1639 279 1675 αὔξησιν,
302 1640 320 1676 ἢ
337 1641 516 1677 μεταπυίησιν
539 1642 590 1677 τῆς
620 1642 688 1675 ιδίας
713 1644 817 1676 οὐσίας,

36 1683 87 1710 ἀλλ’
100 1686 139 1717 είς
155 1687 300 1714 κοινωνίαν
314 1686 365 1722 τῆς
378 1687 502 1723 ἐμφύτου
518 1688 608 1722 ἀξίας,
621 1689 655 1725 ἢν
671 1691 688 1725 ἠ
703 1689 752 1725 τῆς
769 1691 819 1727 ἀρ-

36 1731 111 1765 ρήτου
144 1733 293 1767 συναφείας
318 1734 466 1770 εἰργάσατο
482 1734 582 1770 χάριςι
613 1735 694 1762 Ἄλλο
710 1737 766 1771 γὰρ
789 1737 819 1764 16

35 1777 117 1812 λέγειν
127 1779 173 1806 δύο
186 1780 298 1815 φύσεων
308 1781 419 1808 τελείων
433 1781 474 1813 είς
490 1781 519 1808 ἓν
533 1782 680 1818 πρόσωπον
696 1783 816 1816 σύνοδον,

35 1825 76 1850 καὶ
86 1824 148 1852 ἄλλο
164 1827 194 1853 16
208 1826 326 1861 φάσκειν
337 1827 370 1854 ἑκ
383 1826 430 1855 δύο
447 1828 539 1863 μερῶν
554 1828 618 1863 μίαν
638 1829 743 1857 οὐσίαν.
762 1829 818 1865 Τῆς

35 1871 81 1903 μὲν
99 1873 151 1908 γὰρ
165 1873 243 1905 θείας
259 1873 353 1904 οὗσίας
365 1874 379 1900 ό
389 1873 468 1908 λόγος
480 1873 595 1907 ἁπλοῦς,
612 1875 662 1909 τῆς
676 1874 705 1902 δὲ
723 1873 817 1909 φιλαν-

34 1916 138 1950 θρώπου
153 1918 310 1954 οἰκονομίας
324 1919 356 1945 16
372 1918 464 1954 θαῦμα
479 1918 600 1946 διπλοῦν.
617 1919 686 1946 Οὔτε
714 1920 760 1947 οὖν
787 1920 818 1947 16

35 1962 130 1990 ἁπλοῦν
139 1964 186 1999 τῆς
199 1964 296 1996 οὐσίας
310 1965 351 1996 είς
376 1965 513 1992 ποικιλίαν
537 1966 676 2000 τέμνεται,
703 1965 764 1993 οὔτε
787 1966 818 1993 16

33 2009 136 2037 διπλοῦν
149 2011 199 2046 τῆς
212 2011 370 2046 οἰκονομίας
389 2012 430 2043 εἰς
446 2011 511 2046 μίαν
523 2011 617 2039 οὐσίαν
630 2012 817 2047 μεταχωνεύε-

32 2064 81 2083 ται.
97 2056 159 2089 Πῶς
169 2058 225 2092 γὰρ
239 2054 295 2084 οἷόν
308 2066 339 2084 τε
352 2057 383 2085 16
397 2058 483 2085 ἀΐδιον
503 2057 552 2085 καὶ
567 2058 598 2084 16
618 2058 775 2094 πρόσφατον
788 2060 817 2086 ὲν

32 2104 78 2138 μιᾷ
92 2103 255 2138 θεωρεῖσθαι
270 2104 367 2138 φύσεις
381 2103 428 2139 Μὴ
438 2102 493 2139 ἆρα
503 2104 592 2132 καὶτὸ
612 2105 645 2132 ὲκ
660 2106 710 2140 τῆς
733 2105 816 2133 πλευ-

31 2150 77 2182 ρᾶς
90 2146 158 2185 αἷμα
172 2151 221 2177 καὶ
237 2149 309 2185 ὕδωρ
323 2149 456 2185 Θεότητος
467 2150 558 2183 οὐσία,
573 2151 720 2187 κρουνηδδν
735 2152 814 2187 ῥέου-

31 2202 61 2220 σαι
73 2203 81 2226 ;
95 2184 126 2221 Ei
139 2195 191 2230 τῆς
204 2195 291 2230 αὐτῆς
308 2196 339 2222 16
358 2196 472 2231 πάσχειν
495 2197 543 2224 καὶ
569 2184 600 2224 16
625 2184 812 2234 μὲι-πάσχειν,
831 2184 854 2213 D

30 2239 130 2275 ἀνάγκη
142 2240 192 2268 καὶ
208 2239 350 2276 θελήματα
367 2238 437 2267 εῖναι
449 2240 577 2277 διάφορα,
599 2244 648 2270 καὶ
675 2243 815 2277 ἐνεργείας

30 2286 64 2320 μὴ
82 2287 132 2318 τὰς
143 2286 242 2318 αὑτάς.
273 2286 360 2314 ’Δλλα
385 2286 441 2322 γὰρ
466 2287 601 2324 προσήκει
618 2289 709 2324 μορφῇ
735 2288 815 2322 Θεοῦ,

28 2332 72 2357 καὶ
100 2331 169 2358 ἄλλα
198 2332 291 2367 μορφῇ
314 2331 420 2358 δούλου.
444 2332 547 2367 Ἕτερα
575 2332 641 2368 ναῷ,
674 2334 722 2360 καὶ
733 2333 816 2369 ἔτερα

26 2378 62 2413 τῷ
87 2379 239 2407 ὲνοικοῦντι
266 2379 336 2415 Θεῷ.
370 2378 469 2406 Στάσιν
500 2380 593 2406 τοίνυν
623 2380 816 2414 ἐπεισάγουσιν

27 2425 162 2453 ἄπαυστον
174 2427 208 2462 τῇ
225 2426 274 2461 μιᾷ
289 2426 379 2461 οὐσίᾳ,
394 2423 429 2462 ἧς
453 2426 484 2453 16
504 2426 554 2462 μὲν
576 2426 673 2462 ἑτέραν
689 2427 817 2463 βούλησιν

27 2471 91 2506 ἔχει,
107 2472 137 2499 16
150 2471 181 2499 δὲ
197 2471 305 2507 ἑτέραν.
320 2472 351 2498 El
368 2471 418 2507 μία
432 2472 522 2504 οὐσία,
543 2472 603 2504 πῶς
631 2473 716 2507 λέγει,
731 2474 773 2501 οὐ
789 2473 819 2501 τι

26 2517 79 2551 ἐγὼ
93 2518 181 2550 θέλω,
192 2517 274 2545 ἀλλὰ
289 2517 318 2544 τι
329 2518 391 2550 σύ;
406 2517 467 2549 Πῶς
481 2518 498 2553 ἡ
515 2517 583 2554 αὐτή
598 2519 655 2546 ἐστι
672 2519 719 2546 καὶ
738 2528 817 2554 ποιη-

25 2567 81 2599 τὴς,
99 2567 149 2593 καὶ
162 2565 271 2601 ποίημα
284 2575 291 2599 ;
305 2565 368 2597 Πῶς
379 2567 396 2601 ἡ
413 2565 482 2601 αὑτὴ
498 2566 544 2593 καὶ
561 2566 651 2594 πάντα
675 2565 730 2594 οἶδε
751 2568 818 2603 πρὶν

26 2613 170 2645 γενέσεως,
197 2613 244 2640 καὶ
280 2613 330 2647 τὴν
364 2612 483 2648 ἐσχάτην
524 2612 631 2649 ἡμέραν
669 2613 718 2640 καὶ
740 2613 816 2649 ὥραν

25 2659 132 2693 ἁ”ίνοεϊ;
143 2659 208 2690 Πῶς
224 2659 240 2693 ὴ
252 2658 322 2694 αὑτὴ
333 2658 380 2685 καὶ
396 2659 587 2694 προσεύχεται,
598 2660 644 2686 καὶ
652 2659 700 2691 τὰς
709 2660 816 2695 δεήσεις

24 2703 126 2739 δέχεται
143 2713 151 2738 ;
167 2705 232 2736 Πῶς
246 2704 332 2739 λέγει,
355 2704 410 2732 Θεέ
422 2714 493 2740 μου,
521 2704 574 2731 Θεέ
592 2714 663 2739 μου,
677 2706 756 2733 ίνατι
777 2714 816 2741 με

23 2752 238 2786 ἐγκατέλειπες
251 2759 262 2785 ;
273 2750 321 2783 Τίς
340 2749 411 2778 οἶδεν
423 2751 517 2778 οὐσίαν
532 2750 617 2787 αὐτὴν
641 2752 688 2786 ὑφ’
716 2753 815 2787 ἑαυτῆς

24 2799 347 2835 ἱγκαταλιμπανομένην,
362 2799 409 2826 καὶ
430 2799 529 2834 ἑαυτὴν
543 2799 581 2831 ὡς
609 2799 688 2827 ἄλλον
716 2800 814 2827 ἐπικα-

57 2881 63 2896 ¹
80 2880 177 2907 ΜιιιιιιΔ
198 2888 269 2914 xxvr,
285 2880 328 2909 39.

876 255 957 306 linem
981 264 1066 306 usque
1081 258 1223 290 manserit.
1243 258 1331 294 qualis
1348 259 1383 288 ab
1414 260 1487 287 omni
1513 257 1692 306 aeternitate;

877 302 998 330 creditur
1011 303 1113 336 fuisse,
1129 304 1200 332 alter
1227 309 1320 334 autem
1336 307 1440 341 ¢arnis
1464 306 1666 342 compositione
1683 302 1693 330 ἶ

876 348 1018 383 propriam
1035 351 1182 378 essentiam
1209 351 1360 384 miscuerit,
1389 357 1437 379 aut
1468 352 1587 385 auxerit,
1618 345 1692 390 aut:

875 401 924 429 per
936 395 1124 425 confusionem
1135 396 1163 425 in
1178 397 1250 425 aliud
1260 398 1453 426 commutarit‘t
1467 398 1609 432 Quomodo
1619 399 1666 434 qui

877 442 949 470 hunc
962 443 1046 475 videt,
1056 443 1129 471 videt
1140 443 1226 477 illuttt,
1247 445 1270 472 si
1280 444 1371 472 Patris
1385 445 1493 477 quidem
1520 446 1666 473 essentiam

876 486 1005 516 divinitas
1028 488 1160 517 duntaxat
1175 489 1289 523 indicat,
1308 489 1368 518 Filii
1383 498 1449 518 vero
1484 490 1614 518 divinitas
1637 495 1665 518 et

876 533 1042 567 humanitas,
1059 543 1215 571 quatunum
1244 537 1375 572 quiddam
1405 542 1500 565 natura
1518 537 1605 565 sunt?
1631 537 1666 565 Et

875 579 964 609 Patris
979 580 1086 616 quidem
1102 584 1220 611 essentia
1235 588 1340 618 partem
1357 591 1410 611 non
1429 584 1520 618 habet,
1535 591 1596 619 quas
1616 590 1667 619 pa-

875 627 979 659 tiatur;
1001 625 1083 655 Verbi
1100 633 1191 656 autem
1208 633 1307 657 natura
1324 630 1417 658 carnis
1433 634 1537 665 partem
1568 629 1662 663 habet,

875 679 935 707 quat
951 673 1082 708 patiatur.
1106 674 1177 708 Quid
1190 674 1241 703 ista
1254 675 1394 710 impietate
1411 676 1496 712 magis
1513 677 1661 711 nefarium,

876 726 957 746 unatn
975 719 1119 747 essentiam
1140 721 1243 753 dicere,
1260 726 1287 750 et
1301 722 1371 750 hanc
1398 722 1424 750 in
1450 727 1544 757 partes
1569 730 1665 751 secare

876 765 965 792 varias
979 769 1007 793 et
1024 764 1188 797 diii'erentes.
1203 772 1230 794 et
1242 775 1324 796 voces
1342 768 1432 796 dicere
1442 768 1663 801 contumeliosas,

875 818 934 846 qua
947 812 985 839 rei
999 812 1144 847 proposita
1158 814 1356 841 accommodari
1370 818 1521 850 nequeunt,
1536 814 1587 842 nisi
1603 822 1665 849 pcr-

876 857 953 885 teette
974 862 1077 886 natura:
1088 866 1152 894 pars
1167 859 1299 893 patiliilis,
1311 863 1338 888 et
1360 867 1425 895 pars
1437 860 1472 888 sit
1490 860 1663 894 impatiltilis;

874 906 900 929 et
914 909 976 936 pars
994 903 1123 938 patiatur,
1139 911 1203 939 pars
1217 910 1308 932 autem
1325 912 1378 933 non
1395 905 1528 940 patiatur;
1550 910 1576 933 et
1600 913 1664 941 pars

872 947 956 981 vivat,
971 955 1034 983 pars
1061 949 1177 978 intereat
1191 949 1204 977 τ
1218 950 1303 985 Magis
1321 950 1446 986 profecto
1475 952 1662 980 miserandum

872 994 982 1028 animal,
998 994 1077 1030 cujus
1093 996 1191 1024 mortui
1209 996 1317 1025 dolores
1330 1004 1395 1032 pars
1414 1005 1496 1025 sensu
1520 998 1663 1033 percipiat,

871 1040 1005 1076 siquidem
1033 1041 1114 1069 unius
1133 1043 1258 1070 essentia
1273 1043 1309 1071 sit
1322 1043 1439 1071 simulet
1450 1044 1561 1072 interire
1577 1049 1605 1071 et
1621 1044 1664 1071 vi-

871 1091 945 1114 vere.
966 1085 1020 1113 Sed
1035 1086 1177 1121 rejiciatur
1199 1087 1257 1115 haec
1274 1087 1364 1115 manis
1379 1088 1513 1115 doctrina.
1530 1087 1586 1116 Nec
1602 1096 1664 1124 par-

872 1135 927 1159 tem
941 1136 1045 1159 naturae
1065 1132 1208 1168 simplicis,
1220 1137 1248 1161 et
1263 1140 1325 1168 quae
1338 1133 1421 1161 dividi
1438 1141 1491 1162 non
1504 1139 1601 1169 potest,
1618 1142 1663 1162 ac-

871 1177 1007 1212 cepimus;
1025 1185 1075 1206 nec
1087 1179 1160 1214 quod
1171 1184 1213 1206 est
1228 1178 1377 1214 impatiltile
1387 1185 1462 1214 parte
1472 1180 1581 1215 quidem
1597 1182 1662 1214 pati,

870 1226 948 1257 parte
966 1227 1056 1249 autem
1070 1230 1124 1250 non
1138 1223 1194 1258 pati
1208 1223 1367 1257 didicimus;
1386 1232 1474 1260 neque
1485 1225 1564 1252 unius
1584 1231 1662 1252 natu-

871 1276 909 1297 rte
931 1268 1119 1297 deﬁnitionem
1154 1269 1181 1297 in
1210 1270 1315 1299 duabus
1345 1272 1531 1306 agnoscimus,
1576 1280 1663 1307 neque

871 1313 1006 1346 diversa,
1038 1315 1089 1343 etsi
1125 1322 1223 1343 nomen
1256 1317 1426 1344 admisimus.
1456 1317 1522 1351 Quae
1550 1319 1660 1352 quidem

870 1360 962 1388 omnia
991 1361 1159 1390 constituere
1186 1362 1439 1396 deprehenduntur,
1469 1364 1515 1398 qui
1544 1363 1660 1391 Verbum

871 1411 898 1434 et
912 1414 1022 1434 carnem
1039 1407 1066 1434 in
1080 1415 1163 1436 unam
1186 1408 1335 1436 essentim
1366 1410 1526 1437 convenisse
1556 1410 1661 1438 dicunt.

872 1452 1014 1486 Quomodo
1030 1453 1150 1489 igituret
1170 1461 1235 1481 caro
1247 1460 1352 1489 sumpta
1384 1459 1437 1487 est,
1462 1461 1490 1484 et
1516 1456 1561 1491 qui
1589 1455 1660 1482 illam

870 1501 997 1535 sumpsit,
1014 1507 1068 1528 non
1085 1504 1127 1528 est
1141 1499 1310 1534 immutatus,
1334 1504 1362 1529 et
1376 1501 1422 1536 qui
1449 1509 1511 1529 cum
1528 1501 1572 1529 illa
1594 1508 1661 1529 con-

868 1547 980 1582 junctus
988 1551 1041 1579 est,
1052 1551 1143 1575 servat
1157 1548 1279 1576 eamdem
1288 1549 1432 1577 essentiam
1440 1556 1500 1577 cum
1510 1548 1588 1577 Patre
1595 1549 1663 1577 suo?

870 1593 1010 1627 Quomodo
1025 1602 1058 1622 ex
1075 1594 1168 1622 carnis
1183 1596 1381 1630 assumptione,
1400 1599 1428 1624 et
1440 1603 1472 1624 ex
1487 1596 1519 1624 iis
1534 1603 1594 1631 quae
1614 1603 1663 1631 per

869 1639 954 1674 ipsum
964 1640 1112 1675 sapienter,
1127 1648 1209 1676 supra
1223 1649 1304 1676 quam
1318 1642 1373 1670 dici
1385 1647 1483 1677 pote‘t,
1499 1648 1574 1678 gesta
1586 1647 1662 1675 sun‘,

870 1693 924 1713 non
940 1687 973 1714 ad
988 1686 1197 1719 incrementum,
1209 1692 1255 1714 aut
1271 1690 1448 1715 mutationem
1460 1688 1587 1715 essentim
1597 1695 1661 1722 pro-

870 1731 936 1766 priae
955 1732 1088 1767 pervenit,
1107 1732 1155 1760 sed
1175 1732 1207 1759 ad
1226 1732 1502 1760 communicationem
1529 1731 1660 1760 naturalis

869 1778 1022 1813 dignitatis,
1038 1786 1120 1813 quant
1136 1785 1245 1806 arcanae
1257 1777 1460 1813 coniunctionis
1483 1779 1572 1814 gratia
1598 1786 1661 1813 per-

870 1825 955 1853 fecit?
968 1825 1049 1852 Aliud
1063 1824 1135 1852 enim
1149 1829 1191 1852 est
1211 1825 1315 1856 dicere.
1331 1824 1401 1852 duas
1413 1829 1526 1853 naturas
1554 1825 1662 1861 perfec-

870 1876 911 1899 tas
924 1871 951 1899 in
969 1878 1049 1898 unam
1067 1877 1212 1906 personam
1225 1870 1397 1903 convenisse,
1414 1875 1448 1898 et-
1457 1870 1530 1898 aliud
1548 1866 1581 1899 ex
1595 1871 1662 1898 dua-

869 1918 920 1946 bus
935 1917 1057 1952 partibus
1072 1924 1153 1945 unam
1169 1916 1321 1945 essentiam
1342 1923 1404 1944 esse
1418 1915 1659 1944 cunﬂatam.ﬂatn

868 1964 968 1993 divinae
981 1963 1090 1999 quidem
1106 1963 1234 1992 essentia
1248 1963 1320 1991 ratio
1333 1963 1447 1998 simplex
1462 1967 1519 1997 est,
1535 1963 1660 1992 humanas

869 2015 958 2038 autem
980 2009 1190 2045 dispensationis
1203 2009 1362 2038 miraculum
1376 2009 1488 2045 duplex.
1504 2010 1595 2043 Quare
1612 2012 1662 2038 nec

868 2056 993 2085 essentia
1009 2055 1170 2091 simplicitas
1184 2055 1211 2083 in
1225 2055 1316 2083 varias
1327 2060 1418 2090 partes
1437 2060 1557 2087 secatur,
1574 2063 1662 2091 neque

867 2104 966 2138 duplex
979 2101 1190 2138 dispensationis
1205 2102 1274 2129 ratio
1286 2102 1312 2130 in
1329 2109 1410 2129 unam
1421 2101 1555 2130 conﬂatur
1569 2109 1662 2129 essen-

869 2151 945 2178 tiam.
962 2149 1014 2184 Qui
1029 2149 1102 2177 enim
1123 2148 1182 2176 ﬁeri
1198 2152 1297 2184 potest.
1322 2152 1353 2176 ut
1375 2148 1445 2183 quod
1462 2153 1594 2176 aeternum
1615 2154 1658 2176 est

867 2201 895 2225 et
917 2196 990 2232 quod
1019 2199 1062 2223 est
1080 2201 1176 2222 recens
1191 2194 1217 2222 in
1233 2201 1287 2222 una
1306 2194 1515 2222 considereutur
1534 2196 1658 2222 natura?

865 2244 935 2272 Num
952 2247 980 2270 et
996 2241 1109 2277 sanguis
1121 2245 1149 2269 et
1166 2247 1237 2276 aqua
1263 2239 1316 2268 fuit
1343 2240 1497 2270 divinitatis
1527 2242 1658 2276 essentia.

865 2297 925 2324 quae
938 2288 1022 2316 fontis
1035 2288 1123 2316 instar
1135 2286 1248 2315 deliuin
1264 2293 1280 2315 e
1294 2287 1401 2315 latere?
1417 2286 1448 2325 Si
1470 2287 1592 2323 ejusdem
1617 2293 1660 2317 est

865 2341 891 2364 et
904 2335 960 2371 pati
975 2338 1002 2363 et
1016 2341 1070 2361 non
1087 2334 1154 2368 pati,
1169 2340 1283 2361 necesse
1310 2337 1353 2361 est
1380 2337 1408 2362 et
1421 2327 1577 2363 voluntates
1599 2343 1659 2364 esse

865 2381 998 2412 diversas,
1015 2384 1044 2407 et
1069 2387 1122 2407 non
1135 2379 1244 2407 easdem
1265 2379 1396 2407 actiones.
1423 2379 1483 2407 Alia
1506 2380 1579 2408 enim
1595 2388 1660 2409 cou-

866 2427 940 2455 venit
955 2427 1049 2454 forma:
1060 2425 1118 2459 Dei,
1131 2429 1160 2453 et
1181 2424 1344 2455 alia‘formaz
1358 2425 1430 2452 servi
1444 2433 1452 2457 ;
1467 2425 1520 2453 alia
1546 2425 1658 2460 templo,

865 2479 891 2502 et
906 2473 959 2506 alia
986 2471 1149 2500 inltabitanti
1165 2470 1230 2499 Deo.
1246 2470 1408 2506 Perpetuam
1426 2471 1510 2506 igitur
1526 2471 1552 2499 in
1574 2479 1656 2499 unam

866 2520 1013 2548 essentiam
1041 2517 1217 2546 introducunt
1230 2517 1407 2550 seditionem.
1424 2518 1502 2552 cujus
1531 2518 1657 2546 essentia;

866 2573 931 2602 pars
945 2572 1026 2592 unum
1040 2564 1109 2596 vult,
1122 2570 1186 2598 pars
1206 2563 1290 2591 aliud.
1315 2563 1344 2592 SI
1361 2571 1415 2591 una
1444 2565 1577 2596 essentia.
1608 2572 1657 2592 cur

866 2611 931 2640 dicit
952 2619 959 2638 :
976 2610 1038 2637 Non
1061 2610 1130 2646 quod
1151 2617 1198 2644 ego
1217 2609 1288 2644 colo,
1314 2609 1360 2637 sed
1376 2610 1448 2644 quod
1473 2615 1502 2637 ιιι
1518 2609 1553 2637 εἳ
1581 2610 1655 2644 Quo-

865 2657 946 2685 modo
962 2656 1056 2684 eadem
1073 2659 1126 2689 est,
1144 2662 1204 2690 (ptas
1218 2655 1293 2688 fecit,
1310 2659 1338 2683 et
1353 2663 1412 2690 qua:
1423 2655 1494 2684 facta
1510 2656 1572 2683 est?
1585 2656 1658 2690 Quo-

866 2703 945 2730 modo
964 2701 1059 2730 eadem
1082 2706 1109 2729 et
1121 2701 1213 2729 omnia
1232 2701 1307 2729 novit
1325 2707 1471 2737 antequam
1494 2702 1601 2737 tierent,
1630 2707 1658 2731 et

864 2753 1016 2778 extremum
1032 2747 1104 2775 diem
1119 2751 1147 2775 et
1160 2747 1256 2775 horam
1283 2747 1409 2782 ignorat?
1438 2743 1580 2781 Quomodo
1609 2756 1657 2776 ca-

865 2797 927 2825 dem
939 2800 966 2824 et
979 2801 1116 2830 precatur,
1130 2798 1157 2822 et
1169 2801 1264 2830 preces
1279 2793 1410 2830 suscipit?
1419 2794 1561 2829 Quomodo
1573 2795 1654 2824 dicit:
