1874 3076
19 128 85 162 317

512 143 700 175 PANOPLIA
721 145 949 178 DOGMATICA.
962 161 997 167 —
1009 150 1082 182 TI‘I‘.
1101 152 1177 186 XVI.

1586 159 1654 192 1018

19 198 97 247 ιιτῗ.
114 191 155 224 ὡς
172 193 256 247 μηδὲν
270 193 386 231 ἔχουσαν
399 200 431 234 τῇ
451 203 608 237 κατασκευῇ
621 203 740 236 ἐλλιπὲς,
766 203 806 230 νῦ·

887 206 969 234 Moris
983 206 1085 235 Christi
1107 217 1206 237 nomen
1225 218 1297 239 ttunc
1308 211 1418 247 quidem
1446 214 1532 242 solam
1558 222 1651 245 osten-

19 244 24 261 :
40 237 83 283 το
99 239 319 275 συναμφότερον,
342 243 385 270 ἵνα
401 245 495 282 δειχθῇ
512 248 559 273 καὶ
570 247 625 274 τῶν
639 248 686 275 δύο
699 249 808 283 φύσεων

19 287 28 305 ι
68 282 207 318 διάφορόν
235 295 266 312 τε
289 288 336 314 καὶ
357 289 471 322 τέλειον,
499 293 549 318 ’καὶ
572 293 622 327 τῆς
645 293 724 326 ξένης
741 294 808 321 ἑνώ-

19 335 84 373 tu);
102 329 136 355 τδ
155 330 300 365 πρόσωπον
325 334 455 369 ἄτμητον.
475 337 588 363 Ἐκεῖνοι
616 339 666 372 μὲν
683 339 724 370 είς
747 348 809 373 τρο-

19 372 66 407 ὴν
78 373 227 410 Θεότητος,
237 378 285 404 καὶ
299 378 455 416 ἀνατροπὴν
464 381 518 408 τῶν
531 384 663 410 συνόντων
678 386 738 415 ταῖς
758 385 808 418 φύ-

19 427 74 446 acts
89 421 141 447 καὶ
157 422 197 453 είς
208 423 396 459 ἀναρμόστους
425 428 560 464 φλυαρίας
591 430 742 466 ἐχρήσαντο
774 433 806 467 τῇ

19 467 87 493 ιτὰ
101 467 153 494 τὸν
165 468 306 504 ἄνθρωπον
320 471 432 507 θεωρία,
445 474 526 508 ἡμεῖς
548 475 577 502 δὲ
605 476 643 508 είς
659 476 808 509 ⁸ἀπὸδειξιν

19 511 56 537 ιὶ
76 513 235 548 μαρτυρίαν
248 515 295 542 τοῦ
308 515 420 544 δυνατὸν
434 516 506 546 εἶναι
516 521 563 546 καὶ
575 520 621 547 δύο
636 521 716 548 τινῶν
729 522 809 548 σύνο-

19 565 49 581 ιν
68 557 204 589 νοεῖσθαι,
215 561 262 586 καὶ
270 560 300 587 ἓν
313 562 457 597 πρόσωπον
464 564 497 591 δι’
506 565 670 600 ἀμφοτέρων
681 567 807 602 ὁρᾶσθαι.

21 602 32 627 ἰ
49 602 115 637 γὰρ
128 603 274 639 ἀνθρώπου
290 607 370 641 φύσις
383 609 433 635 οὐκ
447 610 570 646 ἐκωλύθη
589 611 637 639 δύο
659 612 710 647 μὲν
736 613 808 648 ἔχειν

20 648 86 682 ἐρη
102 649 139 676 τὰ
158 649 188 682 ἐξ
216 648 253 678 ὤν
270 654 299 679 τὸ
311 654 465 689 πρόςωπον,
481 656 554 683 ἓν.δὲ
570 657 708 685 δεικνύναι
722 660 805 694 πρόκα

24 702 88 720 πον
109 696 157 721 τὸν
166 695 237 722 οὕτω
263 699 417 726 συνεστῶτα
433 701 587 736 ἄνθρωπον,
605 703 680 738 πόσῳ
707 704 808 738 μᾶλλον

32 738 106 765 οεία
120 739 199 775 χάρις
215 742 294 776 ἱκανὴ
307 743 392 775 δεῖξαι
414 744 523 772 δυνατὸν
539 747 586 773 καὶ
606 747 752 774 ἀκόλουθον
778 749 809 775 τὺ

20 786 56 810 αὶ
71 786 123 812 δύο
139 787 234 820 φύσεις
246 788 350 819 τελείας
364 790 404 820 είς
417 791 514 818 ἕνωσιν
527 792 679 828 ἀσύγχυτον
693 794 807 829 συνδρα-

19 832 88 863 εἶν,
109 832 158 857 καὶ
173 833 220 859 τοῦ
236 835 383 867 προσώπου
399 837 429 863 τὺ
447 837 592 872 μοναδικὸν
603 840 736 876 μηδαμῶς
761 842 808 868 ἀν-

19 876 103 908 )εἰνς
123 877 229 913 Ὥσπερ
240 879 269 906 δὲ
279 880 456 914 ἀκούσαντες,
481 880 534 916 Ε’ῖι-
559 884 668 918 Κύριος
679 874 808 919 ἾἸησοῦς
825 874 845 902 δ

19 923 159 967 ἵμιστὸς,
177 924 214 950 δι’
235 923 271 952 οὗ
295 926 330 952 τὰ
356 927 466 960 πάντα,
492 931 524 964 τῇ
549 930 657 965 θεότητι
685 931 755 967 μόνῃ
778 933 809 959 τὸ

19 966 132 1000 τοιῆσαι
143 968 176 993 τὰ
187 968 276 996 πάντα
288 971 358 998 κατὰ
367 972 398 998 τὸ
411 973 484 1005 είκδς
499 975 705 1010 ἐπιγράψομεν*
721 966 808 1008 οὕτως

23 1012 184 1045 καύσαντες
200 1015 241 1047 τὸ,
258 1013 310 1049 Εἲς
317 1019 450 1052 παθητὸς
465 1020 482 1047 ὀ
492 1020 630 1054 Χριστὸς,
645 1022 694 1057 τῆς
703 1023 809 1057 ἡνωμέ-

19 1065 64 1091 ης
80 1059 184 1092 σαρκὸς
202 1059 234 1086 τὸ
248 1060 335 1091 πάθος
353 1063 524 1099 γινώσκομεν
543 1072 551 1080 ο
570 1065 632 1092 ἐπεὶ
657 1066 717 1097 πῶς
743 1068 807 1102 νοή-

22 1110 104 1136 ομεν
128 1103 177 1138 τῆς
194 1105 278 1138 αὐτῆς
297 1106 392 1139 οὐσίας
421 1109 631 1142 καὶδάσθένειαν
658 1112 687 1137 ἐν
700 1112 805 1147 ταυτῷ,

19 1148 64 1174 nl
77 1148 128 1183 τὴν
143 1148 276 1184 δύναμινς
293 1152 331 1178 Τὸ
346 1155 456 1188 πνεῦμα
470 1155 622 1191 πρόθυμον,
639 1157 655 1192 ἠ
686 1157 714 1184 δὲ
738 1157 807 1193 σὰρξ

19 1193 135 1228 -σειενής
148 1201 155 1208 ·
174 1195 205 1221 οὐ
223 1196 307 1232 μέρος
331 1199 498 1234 πνεύματος,
515 1201 576 1228 οὐδὲ
597 1202 679 1238 μέρος
693 1204 805 1239 σαρκός.

19 1240 73 1265 (ait
85 1240 177 1274 πάλιν,
185 1242 218 1268 Ei
233 1243 287 1277 γὰρ
296 1243 470 1280 ἐσταυρώθη
490 1246 526 1279 ἐξ
540 1248 710 1282 ἀσθενείας,
724 1249 806 1277 ἀλλὰ

19 1287 47 1321 ’ἧ
79 1287 115 1314 ἐκ
141 1288 296 1324 δυνάμεως
325 1293 401 1320 Θεοῦ
414 1302 421 1309 -
439 1294 490 1329 ὅρα
502 1295 536 1322 τὰ
558 1295 689 1331 ὀνόματα,
707 1296 754 1323 καὶ
770 1295 806 1323 τὰ

19 1331 172 1366 πράγματα
182 1343 189 1349 ·
204 1334 312 1370 πνεῦμα
328 1338 375 1364 καὶ
387 1338 465 1373 σὰρξ,
480 1339 593 1374 δύναμις
603 1341 650 1368 καὶ
665 1341 805 1375 ἀσθένεια,

19 1378 138 1412 ιταυρὸς
158 1380 205 1406 καὶ
215 1380 282 1416 ζωὴ,
298 1382 329 1408 τὸ
344 1382 451 1419 ἐγεῖρον
465 1385 512 1412 καὶ
528 1386 559 1412 τὸ
573 1387 758 1422 ἐγειρόμενον,
773 1389 806 1416 τὸ

19 1423 175 1469 ιπερυψοῦν
184 1428 232 1452 καὶ
242 1426 274 1454 τὸ
290 1427 515 1465 ὕπεροψούμενον
532 1439 540 1447 ·
556 1433 586 1459 ὲν
601 1433 642 1459 ἐνὶ
670 1434 699 1460 δὲ
719 1443 806 1469 προσ-

19 1468 87 1503 ϋττῳ
113 1469 144 1495 οὐ
175 1471 246 1498 κατὰ
275 1472 400 1500 σύνθεσιν
416 1475 520 1510 μερῶν,
542 1476 612 1504 ἀλλὰ
636 1478 697 1505 καθ’
709 1468 806 1506 ἕνωσιν

19 1514 129 1540 ελείων
141 1513 259 1549 φύσεων,
277 1518 308 1544 οὐ
331 1519 396 1552 μίαν
409 1520 503 1547 οὐσίαν
520 1522 569 1553 τὰς
597 1522 645 1549 δύο
662 1523 804 1557 ποιοῦσαν,

19 1558 86 1572 ιδιπι.
104 1559 168 1572 ..ι-η
186 1561 245 1572 λιιι-
279 1562 322 1572 ην]
350 1563 393 1572 δι’
455 1566 467 1572 ι
487 1566 494 1572 .
521 1566 532 1572 -
654 1568 666 1572 ..
773 1570 778 1572 .

887 1537 1032 1570 sitionem,

860 250 899 277 tlit
912 251 1080 281 divinitatem
1092 260 1184 289 utpote
1198 256 1350 285 absolutam
1367 263 1394 286 et
1404 260 1564 294 perfectam,
1577 270 1650 290 nunc

860 302 952 325 autem
967 299 1175 333 humanitatem,
1189 303 1289 337 quippe
1305 304 1384 338 cujus
1397 305 1557 339 periectioui
1581 308 1650 335 nihil

860 344 947 378 desit;
962 354 1032 374 nunc
1044 353 1134 375 autem
1145 356 1205 375 cum
1223 349 1280 384 ipsa
1297 357 1410 384 persona
1428 357 1571 388 utramque
1582 356 1649 381 dua-

860 399 920 419 rum
935 398 1094 422 naturarum
1109 395 1289 432 diﬂ‘erentiam
1306 403 1334 424 et
1357 398 1552 432 perfectionem
1579 409 1648 428 ttova

858 439 1051 473 conjunctione
1063 442 1204 476 suscipiat.
1217 430 1256 468 liii
1266 443 1374 477 quidem
1388 445 1422 471 ad
1434 445 1585 473 divinitatis
1596 455 1651 473 mu-

859 485 987 512 tationem
1006 490 1033 513 et
1048 487 1218 514 eversionem
1234 488 1431 517 humanitatem
1447 491 1649 525 adhibuerunt;

860 537 910 557 nos
936 536 1025 558 autem
1053 538 1081 559 ut
1096 533 1302 561 ostenderemus
1324 539 1351 562 et
1388 539 1562 568 testaremur,
1592 537 1651 564 ﬁeri

860 583 948 610 posse,
966 582 996 604 ut
1011 578 1123 605 duarum
1140 587 1228 606 rerum
1245 587 1407 615 congressus
1424 582 1469 614 sit,
1484 587 1511 609 et
1522 590 1574 609 una
1590 591 1651 617 per-

859 629 935 651 sona.
961 623 1029 650 Nam
1056 623 1078 651 si
1099 624 1165 651 nihil
1198 625 1322 659 prohibet
1352 627 1500 661 quominus
1529 628 1648 656 hominis

860 674 957 695 natura
975 668 1043 696 dttas
1060 670 1157 696 habeat
1174 674 1273 705 partes,
1287 679 1319 698 ex
1334 671 1432 705 quibus
1446 681 1500 700 una
1527 680 1647 701 consur-

859 713 898 749 git
914 721 1040 749 persona,
1059 715 1139 742 humo
1151 715 1290 747 nimirum,
1307 716 1352 751 qui
1366 717 1402 744 ita
1419 723 1538 750 constat,
1561 727 1648 753 quan-

859 764 887 786 to
902 761 987 795 magis
1002 761 1090 788 divina
1106 762 1192 796 gratia
1207 761 1276 788 valet
1293 761 1401 790 emcere
1422 768 1452 789 ut
1468 768 1496 790 et
1519 764 1578 791 dua:
1601 772 1650 791 na-

860 809 928 833 turze
942 805 1071 840 perfecta
1090 807 1115 833 itt
1133 807 1354 842 conjunctiouem
1368 808 1480 836 minime
1505 809 1647 836 confusam

859 857 1034 885 concurrant,
1050 859 1100 880 nec
1116 857 1205 880 tamen
1218 861 1271 880 una
1288 853 1435 888 singularis
1451 854 1561 882 tollatur
1586 863 1650 889 per-

859 897 1192 930 snna?Quentadmodum
1211 904 1301 926 autem
1321 907 1382 926 cutn
1409 899 1533 928 audimus
1551 908 1558 927 :
1576 899 1649 927 Unus

858 944 988 972 Dominus
998 944 1075 972 Jews
1087 945 1218 978 Christus,
1233 954 1279 980 per
1302 955 1378 982 quem
1403 947 1492 974 omnia
1507 947 1526 979 ',
1557 954 1648 974 rerum

858 990 981 1017 omnium
995 991 1223 1024 procreationem,
1242 996 1270 1018 ιιι
1288 999 1336 1026 par
1352 997 1405 1024 est,
1422 992 1470 1019 soli
1504 993 1651 1019 tribuimus

857 1037 1012 1070 divinitati;
1034 1037 1074 1065 sic
1094 1037 1236 1066 audientes
1251 1047 1258 1065 :
1276 1037 1350 1066 Unus
1368 1039 1487 1074 patibilis
1506 1039 1648 1072 Christus,

857 1083 1012 1118 conjuncta:
1027 1082 1117 1110 carnis
1130 1082 1297 1111 aﬂectionem
1313 1085 1495 1120 agnoscimus.
1508 1086 1559 1118 Qui
1574 1085 1648 1112 enim

857 1129 992 1164 possimus
1006 1130 1126 1164 ejusdem
1141 1130 1269 1157 essentia;
1281 1133 1309 1157 et
1330 1130 1356 1156 in
1379 1130 1475 1158 eodem
1502 1130 1645 1157 imbecilli-

859 1179 942 1203 tatem
969 1179 997 1203 et
1033 1175 1162 1203 virtutem
1188 1175 1361 1211 intelligere?
1390 1175 1516 1210 Spiritus,
1547 1176 1647 1211 inquit,

856 1225 1001 1256 promptus,
1029 1229 1092 1247 caro
1119 1225 1208 1248 autem
1233 1221 1340 1255 inﬁrma
1353 1221 1373 1253 ¹,
1389 1229 1442 1248 non
1469 1227 1557 1248 autent
1583 1230 1647 1257 pars

856 1267 958 1299 carnis,
970 1270 1014 1293 aut
1027 1265 1219 1300 parsspiritus.
1244 1265 1277 1292 Et
1294 1273 1421 1293 rursum:
1443 1265 1475 1293 Si
1497 1266 1577 1298 enim,
1605 1266 1647 1293 it:-

856 1312 924 1347 quit,
937 1311 1079 1345 cruciﬁxus
1102 1315 1141 1338 eu
1168 1319 1201 1338 ea:
1227 1311 1393 1346 infirmitate,
1431 1312 1537 1339 civiles;
1550 1313 1648 1340 virtute

857 1357 906 1385 Dei
928 1357 948 1384 ³.
962 1356 1057 1385 Cernis
1083 1356 1193 1385 nomina
1217 1361 1247 1385 et
1268 1364 1312 1385 res
1341 1365 1350 1385 :
1376 1357 1490 1392 spiritus
1518 1362 1545 1385 et
1569 1365 1645 1390 caro,

855 1402 942 1430 virtus
970 1407 999 1430 et
1017 1402 1175 1435 inﬁrmitas.
1204 1409 1272 1430 crux
1295 1406 1324 1430 et
1354 1402 1428 1436 vita,
1459 1403 1506 1437 qui
1531 1403 1648 1431 suscitat

855 1452 883 1476 et
898 1447 944 1481 qui
975 1446 1147 1480 suscitatur,
1175 1445 1223 1482 qui
1246 1446 1350 1474 exaltat
1373 1451 1401 1475 et
1424 1448 1470 1482 qui
1496 1447 1642 1475 exaltatur.

855 1491 953 1520 Cernis
967 1498 1058 1520 autem
1077 1492 1106 1520 in
1125 1499 1179 1520 una
1193 1499 1308 1527 persona
1335 1500 1387 1520 non
1417 1493 1536 1527 partium
1567 1500 1646 1520 cont-

1063 1537 1112 1565 sed
1137 1536 1320 1572 perfectarum
1342 1542 1502 1565 naturarum
1529 1537 1645 1572 conjun—

19 1558 168 1612 ιλλὰμίαν
183 1561 262 1593 ἀξίαν
278 1562 326 1589 καὶ
348 1563 427 1596 δόξαν
452 1566 604 1600 δηλοῦσαν·
637 1568 726 1601 οὕτως
752 1570 803 1597 οὐκ

887 1558 1032 1570 ,.....-.......,
1063 1558 1112 1565 η..
1139 1558 1320 1572 ,-..--.-._...
1342 1558 1502 1565 ..-............
1530 1558 1641 1572 μην-,κ

887 1583 1049 1617 ionem,qua
1066 1589 1120 1610 non
1131 1582 1192 1610 dua:
1209 1590 1262 1610 una
1277 1582 1344 1610 ﬁunt
1367 1583 1498 1615 essentia,
1517 1582 1565 1610 sed
1592 1591 1643 1609 una

19 1605 177 1640 ὶρνούμεθα
191 1607 240 1642 τὴν
256 1607 361 1641 ἕνωσιν,
379 1611 583 1646 παραιτούμεθα
598 1613 626 1640 δὲ
641 1613 691 1650 τὴν
706 1623 804 1642 συνου-

19 1651 128 1678 πιωσιν.
145 1652 204 1679 Ὀτι
217 1653 269 1689 γὰρ
280 1654 409 1682 ἀδύνατον
424 1657 472 1688 τὰς
486 1657 533 1684 δύο
556 1658 651 1690 οὐσίας
677 1661 803 1694 γενέσθαι

19 1697 94 1728 ιίαν.
109 1697 227 1725 διδάσκει
244 1700 293 1733 μὲν
307 1701 321 1727 ὁ
334 1701 380 1736 τῆς
393 1702 499 1735 φύσεως
518 1704 609 1738 νόμος,
629 1705 748 1733 διδάσκει
774 1707 803 1734 δὲ

19 1755 23 1768 ν
39 1742 91 1769 τοῦ
107 1743 283 1779 κηρύγματος
297 1745 386 1780 λόγος,
397 1748 484 1774 πείθει
493 1748 521 1775 δὲ
534 1749 577 1776 διὰ
589 1751 690 1782 παντὸς
706 1751 803 1785 γένους

19 1797 26 1823 ι
52 1789 148 1824 πεῖρα,
165 1789 287 1823 θεσπίζει
303 1792 330 1819 δὲ
347 1794 486 1828 προδήλως
500 1795 634 1830 ὀΚύριος.
648 1797 726 1824 Μετὰ
737 1799 802 1832 γοῦν

19 1835 65 1870 τὴν
78 1835 225 1863 ἀνάστασιν
239 1838 426 1865 ἀπιστούντων
442 1840 483 1867 ἔτι
499 1841 554 1868 τῶν
570 1842 699 1876 μαθητῶν
724 1853 801 1879 φησι,

19 1881 226 1916 Υηλαφήσατέ
239 1892 288 1918 με,
313 1885 362 1912 καί
378 1886 468 1920 ἴδετε,
484 1887 529 1914 ὅτι
553 1888 672 1922 πνεῦμα
704 1889 803 1924 σάρκα

19 1928 66 1955 σαὶ
80 1928 169 1955 ὀστέα
182 1930 238 1956 οὐκ
250 1930 322 1965 ἔχει,
340 1932 437 1966 καθὼς
457 1933 509 1967 ἐμὲ
525 1935 660 1968 θεωρεῖτε
681 1937 801 1970 ἔχοντα.

19 1973 224 2007 Ψηλαςοήσατε
247 1977 390 2011 πρότερον,
421 1978 465 2005 ἵνα
491 1980 583 2015 δειχθῇ
605 1981 636 2007 οὐ
666 1983 801 2016 φαντασία

19 2020 169 2055 τνεύματος
186 2021 317 2048 ἁπατῶσα
332 2024 394 2055 τοὺς
414 2023 577 2060 θεωμένους,
604 2027 661 2053 ἀλλ’
692 2029 801 2055 ἀντιτυ-

19 2066 66 2092 τὶα
81 2065 204 2101 σώματος
232 2068 441 2104 πληροφοροῦσα
457 2071 520 2102 τοὺς
547 2072 728 2108 ἁπτομένους.
754 2075 802 2108 Τις

19 2110 63 2138 ὧν
74 2112 122 2147 οὐχ
134 2113 184 2148 ὁρᾷ
195 2113 228 2139 τὰ
243 2114 298 2141 τῶν
314 2116 421 2151 φύσεων
434 2116 498 2150 εδια,
518 2118 560 2145 ὅτι
581 2118 627 2145 τοῦ
648 2120 802 2156 πνεύματος

19 2158 68 2184 ιὲν
80 2158 111 2184 τὸ
125 2158 162 2194 μὴ
176 2159 248 2194 ἔχειν
266 2161 357 2195 σάρκα
374 2163 442 2197 μήτε
462 2164 538 2196 ὀστᾶ,
557 2165 604 2191 τοῦ
630 2165 756 2201 σώματος
773 2168 801 2194 δὲ

19 2204 43 2230 τὺ
60 2203 140 2237 ἔχειν,
154 2204 257 2232 καὶτοῦ
274 2206 325 2240 μὲν
338 2207 367 2233 τὸ
383 2208 555 2243 θεωρεῖσθαι,
583 2211 630 2237 τοῦ
655 2211 684 2238 δὲ
708 2212 739 2238 τδ
761 2214 798 2248 μὴ
816 2204 842 2234 D

19 2250 141 2284 δρᾶσθαι,
165 2251 259 2278 τούτου
280 2253 311 2279 τὸ
324 2254 379 2288 ἀφῇ
408 2254 626 2287 ὑποϐάλλεσοαι.
649 2258 754 2284 ἐκείνου
775 2259 805 2285 τὸ

19 2294 89 2330 iga-ip:
106 2296 141 2330 μὴ
154 2298 329 2332 προσίεσθαις
347 2299 409 2331 Πῶς
425 2298 472 2327 οὖν
485 2300 535 2335 μία
544 2302 633 2336 οὐσία,
651 2303 697 2330 καὶ
708 2303 805 2332 τοσαύ-

19 2349 67 2376 ιης
80 2339 161 2376 οὔσης
178 2344 357 2380 παραλλαγῆς
370 2353 378 2379 ;

177 2444 232 2471 Τοῦ
250 2444 343 2472 αὑτοῦ
355 2445 432 2471 κατὰ
446 2444 507 2472 τῶν
529 2445 639 2474 αὐτῶν.

55 2489 205 2524 Τίλέγετες
223 2491 249 2516 τί
261 2491 464 2525 ἀποφαίνεσθες
481 2491 591 2526 Οἵχεται
619 2493 669 2527 τῆς
695 2492 803 2527 φύσεως

19 2537 50 2564 τὸ
63 2536 194 2570 διάφορον,
212 2537 257 2563 καὶ
272 2537 348 2563 οὐδὲν
368 2537 481 2573 φέρεται
511 2538 611 2564 τούτων
637 2539 802 2575 γνὼρισμας

19 2583 53 2610 Τί
67 2582 110 2609 οὖν
124 2582 292 2618 ὀνομάσομεν
299 2583 330 2609 τὸ
339 2585 531 2619 προκείμενον;
545 2585 631 2619 Λόγον
651 2585 748 2620 μόνον;
766 2587 804 2613 Οὐ

19 2629 74 2663 γὰρ
100 2628 163 2662 φαίη
185 2637 227 2660 τις
251 2629 341 2663 σάρκα
362 2629 443 2657 τοῦτο
466 2632 551 2666 τιμᾷν
571 2632 651 2666 δῆθεν
666 2633 801 2667 οἰόμενος.

19 2673 76 2700 Καὶ
95 2673 149 2705 πῶς
163 2674 212 2708 οὐχ
235 2674 361 2709 ὐὸρίζετε
383 2676 512 2711 τοιαύτην
526 2677 610 2704 αὐτοῦ
634 2677 683 2713 τὴν
707 2679 803 2705 οὐσίαν

19 2720 173 2754 νομίζοντες
183 2718 264 2754 εἶναι,
288 2721 326 2752 ὡς
344 2721 458 2748 δυνατὸν
484 2723 568 2758 ἑτέρᾳ
590 2723 670 2758 οὐσία
703 2726 799 2760 κτιστῇ

19 2765 88 2801 πρὸς
107 2766 190 2801 αὐτὴν
221 2767 387 2802 μεταστῆναι
403 2776 410 2801 ;
429 2769 465 2794 Τὸ
483 2769 536 2804 γὰρ
550 2770 607 2801 τοῖς
634 2769 728 2804 ἥττοσι
746 2779 800 2805 χω-

60 2847 69 2863 ¹
85 2847 93 2874 l
107 2847 166 2876 Cor.
181 2855 240 2878 vut.
254 2848 280 2875 6.

854 1627 972 1663 dignitas
991 1632 1019 1656 et
1029 1628 1115 1663 gloria
1130 1628 1295 1656 declaratur.
1309 1628 1366 1656 Non
1385 1629 1467 1664 igitur
1480 1634 1640 1655 naturarum

854 1682 986 1709 negatnus
1010 1674 1242 1709 conjunctionem,
1272 1674 1318 1702 sed
1337 1674 1363 1702 in
1393 1681 1474 1701 unam
1496 1673 1642 1701 essentiam

853 1720 969 1747 dicimus
984 1726 1037 1746 non
1051 1718 1226 1746 conﬂuxisse.
1238 1718 1311 1746 Fieri
1323 1726 1378 1746 non
1403 1726 1494 1754 posse,
1524 1723 1554 1746 ut
1584 1719 1645 1746 dum

853 1773 905 1793 ttua
919 1767 986 1793 [iant
1001 1765 1132 1798 essentia,
1143 1766 1223 1793 docet
1234 1770 1337 1792 natum
1353 1765 1408 1798 lex,
1431 1765 1511 1793 docet
1525 1770 1552 1793 et
1569 1773 1642 1800 prte-

853 1811 996 1839 dicationis
1009 1811 1091 1843 ratio,
1105 1811 1201 1838 suadet
1214 1810 1240 1837 in
1259 1810 1334 1838 omni
1346 1818 1450 1840 _rerum
1473 1818 1574 1846 genere
1596 1819 1644 1838 cx-

853 1857 1005 1892 perientia;
1022 1860 1115 1891 aperte
1127 1856 1208 1883 etiam
1221 1856 1279 1891 ipse
1300 1855 1430 1884 Dominus
1454 1857 1571 1890 iudicat,
1595 1858 1641 1892 qui

852 1907 914 1938 post
925 1902 1153 1930 resurrectionem
1180 1909 1258 1929 suam
1273 1909 1325 1929 non
1358 1902 1533 1930 credentibus
1553 1903 1643 1930 adhuc

852 1949 993 1985 discipulis
1007 1958 1013 1976 :
1031 1948 1153 1982 Palpate,
1169 1948 1268 1983 inquit,
1287 1957 1338 1983 me,
1351 1955 1374 1976 et
1390 1949 1483 1982 videte,
1505 1949 1568 1984 quia
1584 1950 1641 1983 spi-

852 1996 920 2023 ritus
935 2002 1041 2022 curnem
1054 1999 1078 2021 et
1090 2002 1151 2021 ossa
1166 2002 1217 2021 non
1232 1995 1320 2029 habet,
1333 1995 1402 2022 sicut
1419 2003 1459 2022 me
1473 1995 1568 2022 videtis
1593 1996 1643 2022 Ita-

853 2040 912 2067 bere
924 2039 946 2066 ⁵.
960 2038 1083 2073 Palpate,
1098 2039 1186 2073 inquit
1212 2039 1298 2073 prius,
1325 2043 1354 2066 ιιι
1369 2040 1526 2067 ostenderet
1541 2048 1569 2068 se
1587 2040 1642 2075 spi-

853 2087 922 2115 ritus
933 2093 986 2113 nou
999 2092 1060 2113 esse
1073 2090 1210 2120 spectrum
1226 2093 1279 2120 quo
1305 2089 1461 2120 spectantes
1483 2086 1641 2120 deciperen-

855 2136 908 2165 tur,
928 2132 974 2159 sed
985 2138 1083 2165 corpus
1097 2131 1183 2157 tactui
1208 2131 1351 2158 resistens.
1377 2129 1444 2163 Quis
1462 2138 1515 2158 neu
1551 2131 1643 2158 videat

855 2182 1012 2204 naturarum
1025 2177 1214 2212 proprietates.
1227 2183 1289 2203 cum
1304 2176 1415 2210 spiritus
1447 2176 1555 2210 quidem
1583 2184 1643 2204 car-

858 2233 919 2252 nctn
934 2229 962 2252 et
973 2232 1033 2252 ossa
1047 2232 1100 2251 non
1117 2223 1228 2255 habeat,
1248 2230 1309 2258 quae
1340 2223 1450 2257 corpori
1477 2224 1594 2257 adsunt;
1615 2229 1644 2251 et

853 2279 952 2307 corpus
966 2271 1073 2306 quidem
1086 2270 1219 2303 videatur,
1234 2270 1344 2305 spiritus
1356 2275 1447 2297 autent
1470 2278 1522 2297 non
1544 2277 1642 2298 cerna-

853 2321 918 2351 tur;
935 2323 1032 2351 corpus
1046 2316 1127 2343 tacttti
1144 2316 1180 2343 sit
1196 2315 1354 2348 obnoxium,
1371 2316 1481 2349 spiritus
1492 2320 1581 2342 autem
1592 2316 1643 2343 sub

854 2367 1021 2390 tactuntuon
1037 2361 1134 2388 cadat?
1149 2360 1290 2393 Quomodo
1316 2360 1399 2395 igitur
1427 2361 1548 2388 essentia
1576 2368 1640 2394 una,

853 2414 912 2435 cuut
927 2412 1002 2434 tanta
1019 2407 1055 2433 sit
1071 2405 1242 2433 diﬂ‘ereutia?

1037 2451 1163 2486 Ejusdem
1190 2451 1317 2478 adversus
1340 2451 1455 2478 eosdem.

887 2498 959 2532 Quid
981 2498 1096 2529 dicitis?
1113 2497 1177 2532 quid
1199 2497 1412 2525 demonstratis?
1438 2497 1503 2525 Abit
1529 2501 1643 2525 natura-

853 2553 912 2572 rum
930 2543 1097 2575 tliﬂ‘crcutin,
1134 2548 1161 2570 ct
1194 2543 1298 2570 ttullutn
1319 2551 1413 2570 carum
1439 2543 1569 2571 indicium
1599 2551 1642 2570 re-

855 2590 1005 2623 linquitur?
1029 2589 1174 2622 Quomodo
1193 2589 1279 2624 igitur
1306 2588 1459 2623 subjectutu
1492 2589 1641 2624 appellabi-

852 2635 933 2662 mus?
950 2634 1103 2662 Verbuntne
1124 2634 1210 2662 solum
1222 2634 1234 2661 7
1247 2633 1340 2669 Neque
1357 2634 1429 2661 enim
1454 2633 1482 2661 id
1506 2633 1640 2668 quispiam

850 2688 959 2709 carnem
974 2680 1083 2712 dixerit,
1101 2680 1147 2714 qui
1163 2687 1196 2707 eo
1221 2681 1331 2707 nomine
1344 2687 1374 2708 se
1386 2679 1452 2707 illud
1465 2683 1541 2714 putet
1556 2679 1643 2707 hono-

855 2734 926 2754 rare.
942 2726 977 2753 At
991 2726 1126 2760 quomodo
1141 2733 1193 2752 non
1214 2726 1302 2760 ipsum
1327 2725 1435 2753 adicitis
1463 2724 1640 2756 contumelia,

853 2778 913 2798 cum
931 2770 1011 2797 latent
1029 2770 1113 2805 ipsius
1127 2770 1275 2798 essentiam
1299 2770 1403 2805 putatis
1418 2777 1490 2803 esse,
1515 2773 1547 2797 ut
1563 2768 1641 2797 alteri

320 2853 329 2866 '
343 2849 436 2877 Matth.
457 2858 528 2882 τινι,
546 2850 585 2878 Η.
624 2850 666 2877 ‘ll
685 2850 748 2878 Cor.
766 2858 825 2883 ιιιι,
843 2851 868 2878 ι.
907 2851 916 2866 ⁸
931 2851 995 2878 Luc.
1011 2859 1086 2880 XXIV.
1101 2851 1145 2879 59.
