1874 3076
66 46 80 60 ς

71 139 83 170 1
90 141 146 172 033

549 147 739 179 PANOPLIA
760 149 988 181 DOGMATICA.
1008 162 1042 169 --
1061 151 1134 183 ΤΙΤ.
1154 154 1231 186 XVI.

1635 158 1701 193 10M

63 196 194 231 λωτιιιὸς,
212 201 265 226 πᾶν
278 200 306 226 δὲ
329 202 411 228 ποσὸν
428 203 568 238 ἑτερότητι
582 205 686 240 φυσικῇ
706 205 833 241 θεωρούμ

915 210 1004 234 autem
1039 210 1177 242 quantitas
1202 211 1318 238 naturali
1349 212 1506 242 diversitate
1531 218 1700 246 considerata

60 252 124 277 vov,
138 245 269 280 διαφορὰν
289 247 398 278 πάντως
427 248 590 285 ἐπιδέχεται,
609 252 740 288 διιφορᾶν
757 253 784 279 δὲ
811 253 855 279 λέ-

57 297 162 323 γουσιν
179 292 227 317 ἐπὶ
257 291 378 327 Χριστοῦ
395 296 515 329 φυσικὴν
532 297 602 330 μετὰ
629 298 677 332 τὴν
692 298 790 325 ἕνωσιν
807 301 854 327 καὶ

52 335 88 361 οἱ
105 337 137 370 τῇ
155 336 270 372 ἀληθείᾳ
287 339 449 374 μαχόμενοι,
476 342 522 368 καὶ
536 342 566 368 τδ
591 344 674 370 ποσὸν
690 344 746 371 τῶν
760 345 854 379 διαφε-

53 379 178 414 ρόντων,
197 378 226 408 οὗ
245 384 329 417 χωρὶς
346 383 488 419 ἀμήχανον
514 382 585 413 εἷναι
611 387 753 423 διαφορὰν,
784 378 853 424 μετά

52 425 111 452 τοῦ
126 426 269 461 δηλοῦντος
285 428 351 455 αὐτὸ
366 429 497 465 ἀριθμοῦ,
507 429 538 460 οὗ
549 433 633 468 χωρὶς
646 435 728 460 ποσὸν
740 434 853 462 καθόλου

51 472 220 506 γνωσθῆναι
246 473 387 508 ἀδύνατον,
420 475 511 510 λέγειν
531 479 629 511 αὐτοὺς
656 481 763 514 ἀνάγκη
785 483 855 516 μετὰ

50 517 112 552 τὴν
137 517 244 550 ἱνωσιν,
269 520 350 555 εἴπερ
375 522 445 549 κατὰ
460 522 510 558 τὴν
535 523 666 552 εὔτακτον
690 526 854 554 ἀκολουθίαν

51 563 265 600 εὑσννάρτητον
291 567 338 593 τὸν
362 567 411 594 τοῦ
425 569 528 596 οἰκείου
555 570 692 605 δόγματος
712 573 854 606 ἀποδεῖξαι

52 608 205 642 βούλονται
218 611 307 645 λόγον.
324 612 355 640 El
370 614 441 641 δὲτὸ
464 616 547 642 ποσὸν
564 617 618 645 τῶν
636 618 799 655 σωζομένων
824 621 854 647 ὲν

52 655 174 690 Χριστῷ
190 657 299 690 φύσεων
325 659 472 693 ἀρνοῦνται
497 662 630 699 μετᾶτὴν
652 664 760 699 ἕνωσιν,
786 667 853 701 μηδὲ

52 701 113 734 τὴν
130 701 262 737 διαφορὰν
275 704 366 735 λέγειν
379 706 560 742 τολμάτωσαν
576 709 641 743 τῶν,
660 709 689 743 ἐξ
703 709 741 738 ὧν
753 712 766 737 6
786 713 852 748 Χριο

54 747 127 778 στός
140 748 209 780 ἐστι,
234 749 344 783 φύσεων
371 753 441 786 μετὰ
455 754 504 789 τὴν
531 754 640 789 ἕνωσιν,
659 757 850 792 γινώσκοντες,

51 792 102 818 ὅτι
127 793 180 819 πᾶν
201 794 228 820 εἴ
239 803 266 821 τι
292 796 353 823 καθ’
377 798 467 826 ὁτιοῦν
493 799 551 835 ἔχει
565 801 710 838 διαφορὰν,
735 803 763 830 ἓν
781 806 852 832 κατὰ

907 250 1086 280 diﬂ'erentiam
1102 255 1213 283 omnino
1224 256 1350 292 susdpit,
1375 249 1555 288 diﬂ'erentiam
1589 270 1652 290 vero
1674 264 1700 290 iu

907 296 1019 324 Christo
1049 299 1199 327 naturalem
1229 307 1290 335 post
1318 303 1548 338 coniunctionem,
1576 307 1701 335 \eritatis

906 342 987 369 etiam
1004 349 1206 378 oppugnatores
1222 347 1386 381 concedunt,
1399 348 1584 378 diﬂ'erentiunt
1595 360 1702 386 quoque

905 388 1155 422 quantitatem,siue
1171 398 1224 425 qua
1237 392 1389 432 dili'erentia
1399 395 1526 430 cognosci
1537 403 1590 423 non
1602 403 1701 431 potest.

905 440 957 459 una
973 440 1034 461 cum
1054 442 1167 463 numero
1179 439 1358 472 quantitatem
1380 441 1552 475 declarante,
1572 444 1631 471 sine
1648 452 1701 479 quo

905 479 1044 510 quantitas
1058 480 1114 515 ipsa
1130 483 1256 517 cognosci
1281 485 1386 519 nequit,
1404 490 1465 522 post
1484 489 1701 523 coniunctionem

904 523 1007 557 dicant,
1024 532 1133 554 necesse
1146 533 1198 560 est,
1211 529 1232 556 si
1260 531 1338 558 tnodo
1354 535 1429 559 recto
1457 532 1612 568 disputandi
1632 536 1702 563 ordi-

906 576 940 596 ne
953 574 1044 604 aptam
1057 571 1181 608 (proprii)
1190 574 1325 609 dogmatis
1334 577 1465 605 rationem
1477 579 1571 607 volunt
1587 581 1701 608 demon-

905 618 994 642 strare
1013 617 1106 651 :quod
1134 619 1157 646 si
1180 625 1336 648 naturarum
1352 622 1379 649 in
1398 622 1508 652 Christo
1528 629 1699 653 servatarum

904 666 964 694 post
977 663 1205 698 conjttnctiouetn,
1220 668 1399 701 quantitatem
1429 675 1539 704 negant,
1566 664 1606 698 ne
1619 671 1698 699 dilic-

905 707 1017 734 rentiam
1033 709 1142 743 quidem
1160 715 1316 740 naturarum
1339 721 1370 741 ex
1388 715 1486 749 quibus
1503 722 1544 744 est
1559 717 1696 750 Christus,

905 757 964 786 post
977 753 1197 788 conjunctionetn
1213 758 1330 785 audeant
1350 760 1441 788 dicere
1456 770 1462 788 :
1480 762 1697 798 scientes,quid-

904 797 968 831 quid
982 797 1071 833 aliqua
1101 800 1127 827 in
1142 807 1171 827 re
1195 801 1374 830 diﬂ‘erentiaut
1404 805 1495 839 habet,
1523 814 1605 834 unum
1623 797 1698 836 omni

53 839 153 865 πάντα
176 840 254 874 λόγον
269 850 299 868 τε
315 844 362 869 καὶ
374 844 475 879 τρόπον
498 844 567 873 εῐναι
584 848 614 874 οὐ
630 848 753 878 δύναται.
769 851 805 878 T6
822 851 833 878 6

903 843 1007 870 ratione
1021 845 1138 873 etmodo
1161 853 1221 874 esse
1246 856 1298 875 non
1315 857 1404 884 posse.
1426 850 1501 884 Quod
1513 858 1600 881 autem
1614 862 1696 882 ttnttnt

53 885 101 919 μὴ
117 885 265 921 δυνάμενον
290 887 362 916 εἶναι
380 891 451 918 κατὰ
470 892 559 920 πάντα
578 894 658 929 λόγον
670 905 700 923 τε
723 899 771 924 καὶ
786 899 848 933 τρό-

54 938 115 955 πον
130 929 169 963 ἓν,
184 931 305 966 δηλονότι
318 936 389 963 κατά
406 945 465 963 τινι
483 936 561 972 λόγον
574 948 602 966 τε
620 942 666 968 καὶ
677 943 787 978 τρόπον,
803 929 850 971 δύο

51 975 90 1001 τὸ
116 976 258 1012 ἐλάχιστόν
283 980 359 1007 ἐστιν
374 982 391 1018 ἢ
408 983 531 1013 πλείονα.
559 987 666 1014 Οὐκοῦν
681 975 710 1015 ἐν
735 975 847 1025 Χριστῷ

53 1023 131 1057 μετὰ
145 1024 195 1059 τὴν
219 1025 316 1053 ἕνωσιν
330 1028 455 1063 λέγοντες
481 1030 550 1059 εἶναι
572 1034 716 1071 διαφορὰν,
734 1023 848 1064 ἓνκατᾶ

53 1069 151 1095 πάντα
168 1069 288 1104 λόγον·τε
307 1074 355 1100 καὶ
372 1075 473 1110 τρόπον
496 1078 541 1104 τὸν
556 1079 676 1114 Χριστὸν
690 1080 760 1109 εἶναι
779 1083 848 1118 μετὰ

51 1115 108 1148 τὴν
125 1115 222 1143 ἕνωσιν
233 1118 322 1153 λέγειν
335 1120 365 1146 οὐ
380 1121 519 1151 δύνανται.
535 1125 567 1151 Ei
579 1125 606 1152 δὲ
620 1127 658 1161 μὴ
674 1129 743 1155 κατὰ
760 1115 847 1156 notata

51 1161 140 1194 λόγον
161 1171 191 1189 τε
216 1164 263 1191 καὶ
280 1167 380 1200 τρόπον
394 1168 423 1194 ἓν
439 1170 513 1197 ἐστιν
529 1171 544 1197 6
573 1171 688 1208 Χριστὸς
713 1176 782 1209 μετὰ
797 1177 847 1210 τὴν

50 1207 167 1240 ἕνωσιν,
189 1209 279 1244 δῆλον,
295 1212 336 1238 ὅτι
362 1215 433 1241 κατά
448 1224 509 1242 τινα
525 1216 603 1251 λόγον
617 1227 647 1244 τε
671 1207 719 1246 καί
745 1207 846 1254 τρόπον

50 1253 106 1280 δύο
120 1254 228 1288 πάντως
239 1258 314 1284 ἐστὶν
329 1259 343 1285 6
358 1259 473 1295 Χριστὸς
493 1263 564 1297 μετὰ
578 1263 628 1298 τὴν
643 1264 751 1293 ἐνωοιν.
762 1253 800 1292 γΕἰ
817 1267 846 1293 δὲ

51 1301 132 1326 κατά
157 1310 218 1328 τινα
230 1302 309 1337 ὶόγον
321 1312 351 1331 τι
363 1305 411 1332 καὶ
427 1307 528 1341 τρόπον
544 1307 592 1335 δύο
607 1309 681 1336 ἐστὶν
697 1311 712 1337 6
728 1310 846 1346 Χριστὸς

52 1345 133 1379 μετὰ
151 1347 200 1382 τὴν
215 1347 324 1381 ἕνωσιν,
349 1350 393 1377 διὰ
416 1352 465 1387 τὴν
479 1354 508 1380 ὲν
525 1354 610 1389 αὐτῷ,
627 1355 674 1382 καὶ
690 1356 719 1389 ἐξ
737 1345 784 1390 ὧν,
798 1357 847 1384 καὶ

50 1388 103 1422 αἷς
115 1390 173 1418 ἐστι
200 1392 319 1428 φύσεων,
332 1394 475 1432 διαφορὰν,
490 1399 528 1430 ὡς
549 1388 648 1432 ἔδειξεν
666 1401 680 1427 6
695 1388 782 1436 7.670;,
799 1403 846 1438 δῆο

51 1436 116 1467 λον,
133 1436 170 1468 ὡς
183 1438 311 1466 ἀσεϐοῦσι
325 1441 454 1478 διακενῆς
470 1445 495 1470 οι
510 1445 559 1479 τὴν
578 1447 627 1479 μὲν
642 1447 775 1483 διαφορὰν
790 1436 844 1475 τῦν

53 1482 89 1514 ἐξ
103 1479 142 1510 ὧν
159 1483 217 1511 ἐστι
231 1485 339 1519 φύσεων
355 1488 369 1514 6
391 1489 508 1524 Χριστὸς
536 1492 605 1526 μετὰ
619 1492 669 1528 τὴν
687 1479 783 1521 ένωσιν
800 1495 844 1521 λέ-

869 875 889 903 Β

902 888 974 916 omtti
987 890 1092 917 ratione
1105 893 1221 920 etmodo
1234 901 1294 922 esse
1309 902 1361 922 non
1384 902 1482 931 potest,
1501 898 1526 926 id
1540 899 1628 934 aliqua
1639 901 1696 934 pla-

902 941 936 961 ne
951 935 1055 962 ratione
1070 941 1097 963 et
1108 938 1187 965 modo
1214 940 1308 968 saltem
1323 947 1365 970 est
1383 945 1436 970 duo
1452 950 1499 971 aut
1520 947 1608 980 plura.
1623 947 1697 980 Quo-

902 979 974 1007 circa
985 981 1069 1015 quiin
1084 983 1194 1011 Christo
1213 992 1274 1020 post
1289 988 1509 1023 conjunctionetn
1521 979 1618 1018 dicunt
1634 999 1694 1019 esse

901 1024 1090 1060 diﬂerentiam,
1108 1036 1189 1056 unum
1202 1032 1273 1059 omni
1298 1034 1405 1062 ratione
1420 1040 1447 1063 et
1464 1037 1543 1064 modo
1556 1037 1692 1066 Christum

900 1078 961 1098 esse
973 1080 1026 1099 non
1051 1080 1164 1107 possunt
1180 1077 1280 1104 dicere.
1298 1078 1373 1111 Quod
1391 1080 1414 1107 si
1431 1089 1483 1109 non
1496 1083 1569 1110 omni
1588 1086 1694 1112 ratione

898 1123 927 1144 et
941 1119 1021 1146 modo
1038 1127 1109 1147 unus
1120 1121 1295 1152 estCltristus
1309 1132 1364 1159 post
1377 1127 1608 1163 conjuttclionem,
1619 1138 1693 1163 pers-

900 1162 1008 1196 picuutn
1023 1169 1065 1192 est
1082 1165 1220 1194 Christum
1243 1169 1333 1204 aliqua
1357 1171 1464 1200 ratione
1476 1178 1502 1201 et
1531 1162 1692 1210 utodorpust

898 1209 1117 1243 conjunctionetn
1130 1213 1241 1241 omnino
1255 1222 1314 1243 esse
1334 1217 1398 1246 duo.
1412 1221 1446 1245 At
1473 1219 1495 1247 si
1519 1222 1622 1249 ratione
1640 1224 1690 1249 ali-

898 1262 950 1289 qua
964 1259 991 1282 et
1004 1256 1083 1284 modo
1111 1257 1238 1287 Christus
1254 1266 1315 1294 post
1336 1263 1554 1297 conjunctionetn
1572 1269 1689 1301 estduo,

898 1304 1008 1332 pronter
1033 1306 1200 1336 naturarum,
1224 1312 1256 1332 ex
1273 1307 1381 1341 quibus,
1401 1314 1428 1336 et
1453 1310 1479 1337 in
1508 1313 1606 1346 quibus
1633 1320 1688 1347 est.

896 1343 1086 1380 dm‘crentiam,
1097 1352 1126 1375 ut
1143 1349 1248 1378 ratione
1271 1352 1485 1384 demonstratum
1510 1343 1560 1391 est.
1580 1367 1689 1389 constat

898 1396 944 1416 eos
958 1397 1069 1424 prorsus
1085 1393 1166 1428 impie
1181 1395 1293 1430 sentire,
1315 1399 1361 1433 qui
1381 1400 1561 1431 diﬂ'erentiam
1578 1405 1686 1440 quidem

899 1440 1068 1470 naturarum,
1081 1445 1113 1465 ex
1124 1440 1222 1474 quibus
1232 1446 1274 1470 est
1291 1443 1424 1478 Christus,
1440 1453 1500 1480 post
1517 1450 1688 1485 conjunctio-

896 1487 957 1507 netn
968 1481 1069 1516 dicuttt,
1081 1484 1152 1519 ipsas
1162 1490 1251 1514 autem
1264 1494 1374 1518 naturas
1382 1499 1434 1526 qua
1440 1501 1498 1521 runt
1509 1500 1549 1523 est
1559 1481 1628 1524 diﬂ'et
1635 1506 1669 1526 en
1676 1513 1686 1520 -

52 1537 166 1563 τοντες,
180 1531 265 1562 αὑτὰς
280 1532 308 1559 δὲ
321 1533 370 1565 τὰς
384 1534 479 1568 φύσεις
491 1533 528 1563 ὦν
542 1537 558 1572 ἠ
570 1526 688 1573 διαφορὰ
701 1541 831 1574 προφανῶ

901 1526 947 1559 lia,
965 1532 1057 1562 aperte
1070 1530 1179 1559 silentio
1193 1533 1290 1561 tollunt
1302 1540 1362 1570 post
1373 1537 1598 1572 conjunctionem.
1619 1542 1686 1571 Vere

53 1574 234 1609 ἀναιροῦντες
252 1579 284 1613 τῇ
301 1581 389 1616 σιωπῇ
406 1582 476 1615 μετὰ
492 1582 543 1617 τὴν
559 1583 668 1613 Ενωσιν,
693 1586 847 1622 ’Λνοιιρεσις

54 1621 116 1656 γάρ
143 1622 217 1648 ἐστιν
239 1623 382 1661 ἀληοῶςὴ
413 1628 467 1654 τῶν
493 1628 579 1656 ὅντων
606 1632 653 1657 καὶ
681 1621 844 1668 σωζομένων

54 1665 214 1700 ἐξάρνῳ-4.
235 1668 265 1694 Et
289 1670 343 1705 γὰρ
366 1672 416 1698 οὐκ
441 1673 592 1708 ἀνῄρηνται
618 1675 679 1703 κατ’
691 1665 790 1710 αὐτοὺς
816 1680 844 1706 at

54 1711 156 1744 φύσεις
172 1713 240 1748 μετὰ
253 1714 302 1749 τὴν
318 1716 425 1749 ἕνωσιν,
439 1719 485 1744 καὶ
501 1720 563 1750 εἰσὶ,
577 1721 625 1747 καὶ
641 1720 785 1757 σώζονται,
797 1726 844 1751 καὶ

53 1756 163 1783 δίκαιόν
188 1759 262 1786 ἐστιν
286 1761 371 1793 αὑτὰς
393 1763 548 1798 σωζομένοις
566 1766 757 1801 ὒμολογεϊσθαι
775 1769 844 1804 μετὰ

53 1802 108 1836 τὴν
123 1802 230 1837 ἕνωσιν,
250 1806 279 1841 ἦ,
301 1807 380 1843 εἴπερ
399 1809 436 1844 μὴ
449 1809 554 1837 δίκαιόν
571 1812 645 1839 ἐστιν
659 1813 745 1845 αὑτὰς
760 1816 843 1847 σωζο-

55 1847 146 1881 μένας
158 1849 349 1884 ὁμολογεῖσθαι
366 1853 434 1886 μετὰ
462 1855 511 1890 τὴν
537 1856 644 1890 ἕνωσιν,
674 1859 743 1894 μήτε
759 1858 841 1892 εἶναι,

56 1892 130 1927 μήτε
150 1894 284 1927 σώζεσθαι
296 1897 386 1931 λέγειν
401 1899 484 1931 αὐτὰς
496 1901 525 1927 ἐν
542 1902 652 1938 Χριστῷ
665 1892 768 1932 δΞκ-ςιιόν
784 1907 842 1933 ἐστι

52 1937 221 1972 κατάῠῖὺν,
237 1941 285 1967 καὶ
312 1941 469 1977 ἀνῄρηνται.
490 1945 522 1971 '0
538 1946 591 1980 γὰρ
609 1937 646 1981 μή
662 1946 766 1974 δίκαιόν
784 1949 841 1976 ἐστι

53 1983 166 2016 πάντως
181 1986 371 2021 ὀνομάζεσθαι,
401 1989 469 2025 μηδὲ
489 1991 521 2017 τδ
546 1992 678 2027 παράπαν
704 1994 839 2030 ὑπάρχειν

53 2029 148 2064 πολλῷ
161 2033 284 2066 κρεῖττόν
299 2034 383 2067 ἐστιν,
398 2035 435 2066 ὡς
451 2033 539 2071 οἶμαι,
559 2039 607 2064 καὶ
619 2029 841 2074 δικαιότεροννλέ-

52 2083 127 2108 γειγ.
141 2076 247 2113 Ὥσπερ
261 2078 290 2104 δὲ
305 2079 375 2106 κατὰ
391 2080 479 2108 πάντα
493 2081 571 2116 λόγον
586 2092 615 2110 τε
631 2084 677 2111 καὶ
691 2085 790 2120 τρόπον
810 2086 839 2113 ἓν

51 2121 106 2147 οὐκ
120 2121 193 2149 ἐστιν
207 2123 221 2149 6
236 2123 354 2159 Χριστὸς
367 2126 435 2160 μετὰ
451 2129 501 2162 τὴν
527 2128 636 2163 ἕνωσιν,
661 2130 732 2158 οὕτω
759 2132 839 2159 πάλιν

51 2168 126 2194 κατὰ
144 2168 231 2196 πάντα
247 2170 326 2205 λόγον
353 2181 381 2198 τε
401 2173 448 2200 καὶ
473 2175 574 2209 τρόπον
590 2176 640 2203 οὐκ
659 2177 734 2204 ἐστιν
748 2179 837 2212 όΧρι-

52 2213 118 2244 ato;
129 2213 176 2241 δὶο
192 2215 263 2250 μετὰ
272 2217 322 2251 τὴν
337 2217 442 2246 ἕνωσιν.
459 2220 490 2247 Et
503 2220 532 2247 δὲ
552 2221 591 2257 μὴ
607 2223 677 2250 κατὰ
693 2224 782 2251 πάντα
796 2224 837 2250 λό-

50 2266 104 2292 γον
117 2267 147 2285 τε
163 2261 210 2286 καὶ
234 2262 336 2296 τρόπον
360 2264 434 2290 ἐστὶν
450 2265 465 2291 ὁ
489 2266 606 2300 Χριστὸς
619 2267 667 2294 δύο
696 2269 765 2303 μετὰ
789 2269 838 2304 τὴν

49 2305 163 2339 ἒνωσιν,
181 2306 290 2340 πάντως
313 2310 385 2337 κατά
400 2319 460 2338 τινα
476 2311 554 2346 λόγον
570 2322 599 2339 τε
624 2314 672 2341 καὶ
682 2315 782 2350 τρόπον
794 2315 837 2342 διὰ

49 2350 104 2385 τὴν
121 2351 305 2389 ὑποστατικὴν
320 2356 482 2392 ταυτότητα,
509 2358 593 2393 ἤγουν
618 2361 667 2395 τὴν
688 2361 753 2395 μίαν
768 2361 835 2387 ὑπό-

51 2404 161 2429 στασιν,
176 2398 237 2425 καθ’
248 2400 281 2435 ῆν
299 2400 430 2436 διαφορὰν
446 2402 518 2438 ἔχειν
534 2406 564 2431 οὺ
576 2405 697 2437 δύναται,
719 2407 747 2432 ἐν
761 2407 835 2433 ἐστιν

50 2443 67 2469 ό
83 2443 210 2477 Χριστός.
239 2444 316 2472 Ἐπεὶ
329 2446 376 2473 οὖν
393 2449 453 2474 κατ’
480 2448 561 2476 ἄλλον
586 2451 632 2478 καὶ
654 2452 733 2479 ἄλλον
761 2452 838 2486 λόγον
856 2461 884 2478 τε
905 2453 952 2479 καὶ
968 2454 1069 2489 τρόπον
1088 2455 1128 2490 ἓν,
1144 2457 1190 2484 καὶ
1205 2458 1252 2486 δύο
1268 2460 1341 2487 ἐστὶν
1367 2465 1381 2490 6
1395 2465 1474 2498 αὐτὸς

51 2489 193 2524 σκοπῆσαι
216 2491 288 2517 κατὰ
311 2493 397 2525 ποῖον,
424 2494 473 2521 καὶ
490 2496 565 2522 ποῖον
582 2495 661 2530 λόγον
678 2497 708 2523 ἕν
724 2498 799 2523 ἐστιν
822 2499 835 2523 6
849 2497 939 2529 αὐτὸς,
957 2499 1002 2524 καὶ
1018 2499 1074 2527 δύο.

52 2544 110 2572 Τοῦ
135 2545 228 2573 αὑτοῦ
245 2547 279 2574 ἐκ
296 2547 351 2581 τῆς
374 2551 448 2583 πρὸς
461 2552 635 2580 Θα.1ἀσσιον
651 2554 697 2586 ξβ’
710 2555 834 2589 ἀποκρί-

402 2593 488 2619 σεως.

93 2625 122 2653 '0
136 2627 238 2662 Κύριος
254 2629 333 2664 ἡμῶν
349 2630 450 2665 Ἰησοῦς
470 2633 596 2668 Χριστὸς.
612 2635 626 2660 ό
637 2635 684 2664 τοῦ
697 2635 763 2662 Θεοῦ
780 2645 833 2671 μο·

46 2675 162 2709 νογενὴς
172 2674 234 2706 Υἱὸς
250 2678 294 2700 καὶ
305 2677 402 2711 Λόγος,
418 2680 431 2706 ὁ
447 2679 481 2706 δι’
493 2680 588 2707 ἑαυτὸν
606 2682 655 2716 μὲν
671 2684 741 2710 κατὰ
753 2683 833 2718 φύσιν

46 2720 153 2752 ἁπλοῦς
167 2721 213 2754 ὣν,
229 2722 275 2749 καὶ
296 2724 339 2749 ἀεὶ
353 2724 497 2759 διαμένων,
512 2727 547 2754 δι’
560 2729 610 2762 ἐμὲ
624 2729 652 2756 δὲ
667 2731 736 2757 κατὰ
748 2731 832 2765 πρόσ-

45 2768 130 2801 ληψιν
145 2768 243 2802 σαρκὸς
258 2770 358 2804 νοερὼς
372 2772 592 2810 ὲνεψυχωμένης,
607 2776 644 2807 ὼς
653 2774 724 2802 οἶδεν
736 2777 828 2810 αὐτὸς,

44 2813 195 2847 γενόμενος
220 2813 281 2840 καθ’
296 2815 445 2844 ὑπόστασιν
473 2819 609 2852 σύνθετος,
626 2820 687 2848 οὔτε
716 2824 749 2858 τῇ
768 2824 829 2850 κατ’

44 2860 132 2895 ἀκρον
159 2859 226 2892 πρὸς
240 2860 289 2894 τὴν
304 2862 392 2896 σάρκα
411 2863 471 2890 καθ’
494 2865 642 2893 ὑπόστασιν
656 2867 750 2895 ἐνώπι
773 2869 823 2905 τὴν

169 2906 290 2938 ΡΑΤιιοι.
323 2910 380 2940 (in.
403 2911 530 2943 CXXX.

897 1573 969 1600 enim
983 1574 1089 1609 tollunt,
1106 1577 1150 1611 qui
1170 1585 1201 1605 ea
1216 1586 1277 1614 quae
1291 1588 1354 1610 sunt
1368 1587 1395 1610 et
1406 1591 1559 1619 servantur,
1576 1595 1683 1622 negant.

897 1619 962 1647 Nam
977 1621 999 1648 si
1017 1627 1128 1651 naturas
1155 1630 1216 1659 post
1242 1627 1457 1661 coniunctionem
1489 1634 1606 1662 :ubiutas
1631 1645 1683 1664 non

896 1666 1071 1702 arbitrantur,
1081 1669 1128 1697 sed
1141 1677 1187 1698 eas
1199 1679 1259 1699 esse
1270 1676 1428 1710 servarique
1435 1679 1564 1712 sentiunt,
1575 1688 1681 1716 aequum

895 1715 937 1738 est
951 1716 980 1739 ut
990 1719 1037 1740 eas
1051 1721 1109 1748 post
1124 1716 1342 1751 conjunctionetn
1357 1728 1478 1751 servatas
1492 1715 1681 1756 conﬁteantur.

895 1756 946 1784 Aut
960 1758 982 1785 si
990 1767 1095 1794 :equum
1106 1769 1160 1789 non
1171 1767 1212 1790 est
1222 1769 1250 1792 ut
1264 1772 1310 1792 eas
1325 1773 1386 1801 post
1396 1769 1613 1804 conjunctionem
1626 1783 1684 1802 scr-

896 1809 970 1832 t-atas
987 1804 1129 1840 fateantur,
1157 1816 1243 1844 neque
1265 1817 1326 1839 esse
1342 1819 1429 1848 neque
1459 1819 1561 1845 servari
1583 1821 1681 1850 illusin

894 1848 1006 1876 Christo
1020 1858 1068 1885 pt-r
1083 1851 1141 1878 illos
1154 1859 1259 1886 aequum
1275 1859 1316 1882 est
1330 1855 1430 1891 dicere,
1446 1865 1472 1886 et
1486 1862 1597 1890 sublata.
1607 1848 1680 1894 sunt;

893 1893 967 1926 Quod
982 1895 1052 1922 cnim
1067 1897 1176 1924 omnino
1190 1899 1321 1927 nominari
1347 1909 1452 1937 aequum
1469 1913 1521 1933 non
1538 1914 1590 1942 est,
1606 1910 1632 1937 id
1646 1919 1681 1940 ne

892 1945 952 1965 esse
969 1940 1087 1973 quidem,
1109 1946 1139 1969 ut
1158 1949 1209 1977 ego
1234 1945 1331 1977 sentio,
1362 1948 1446 1976 satius
1477 1956 1504 1978 et
1519 1940 1623 1988 :equius
1640 1963 1681 1986 est

892 1983 998 2017 dicere;
1015 1993 1105 2013 verum
1120 1993 1148 2014 ut
1159 1990 1231 2016 omni
1247 1991 1351 2020 ratione
1361 1996 1388 2020 et
1401 1996 1482 2023 modo
1491 1983 1614 2029 Christus
1625 2010 1679 2032 non

891 2036 932 2058 est
945 2038 1026 2058 unum
1042 2037 1100 2066 post
1107 2033 1336 2071 conjunctionem,
1348 2039 1385 2067 ita
1398 2049 1492 2072 rursus
1509 2048 1581 2074 omni
1594 2049 1678 2078 ratio~

891 2083 926 2103 ne
939 2082 966 2104 et
981 2077 1061 2105 modo
1072 2077 1196 2108 Christus
1205 2089 1256 2110 non
1267 2087 1309 2111 est
1318 2086 1370 2113 duo
1380 2093 1439 2121 post
1448 2077 1675 2126 coniunctionem.

890 2125 965 2158 Quod
982 2126 1005 2153 si
1026 2134 1077 2154 non
1093 2129 1165 2156 oumi
1183 2131 1285 2160 ratione
1301 2137 1328 2162 et
1339 2136 1420 2165 modo
1435 2125 1678 2176 posticonjunctioo

891 2178 962 2204 neut,
980 2172 1101 2200 Christus
1123 2179 1165 2202 est
1187 2176 1251 2211 duo,
1279 2178 1368 2214 aliqua
1395 2184 1507 2214 omnino
1532 2172 1636 2217 ratione
1649 2197 1676 2219 et

893 2218 980 2248 modo.
999 2225 1095 2253 nempe
1108 2226 1156 2254 per
1168 2228 1249 2250 unam
1271 2226 1448 2263 eamdemque
1463 2238 1616 2268 personam,

887 2270 966 2297 quant
979 2263 1078 2291 habere
1100 2265 1282 2296 dilferentiam
1306 2277 1361 2298 non
1385 2263 1675 2310 potest,Christns'est

887 2315 981 2334 unum.
1003 2307 1183 2341 Quamobrem
1205 2320 1265 2340 cum
1281 2314 1334 2343 alia
1355 2322 1436 2352 atque
1457 2321 1509 2348 alia
1532 2324 1634 2352 ratione
1645 2333 1673 2354 et

887 2353 965 2379 modo
980 2361 1061 2381 unum
1083 2359 1109 2382 et
1126 2355 1179 2383 duo
1195 2357 1263 2385 idem
1278 2359 1323 2393 sit,
1347 2367 1531 2394 necessarium
1554 2374 1605 2405 est,
1618 2380 1672 2408 qua

885 2397 988 2425 ratione
1000 2407 1094 2433 unum,
1112 2405 1137 2427 et
1152 2409 1204 2435 qua
1221 2405 1273 2430 duo
1286 2405 1354 2433 idem
1371 2408 1418 2441 sit,
1434 2397 1616 2443 considerare.

1487 2487 1494 2499 ,
1521 2469 1670 2505 ἀναγκαῖον

937 2554 1061 2589 Ejusdem
1069 2564 1101 2582 ea:
1108 2560 1270 2621 resparﬁorlte
1282 2565 1442 2603 sexagesima
1455 2571 1568 2598 secunda
1580 2575 1614 2600 ad

1227 2603 1242 2621 a
1253 2604 1362 2621 anan

1227 2603 1363 2627 orantum.

918 2635 1048 2664 Dominus
1074 2642 1166 2665 noster
1191 2639 1270 2669 Jesus
1298 2642 1422 2674 Christtts
1449 2649 1604 2684 unigenitus
1620 2655 1666 2682 Dei

882 2679 965 2708 Filius
979 2686 1006 2709 et
1019 2680 1146 2716 Verbum,
1159 2685 1203 2719 qui
1220 2693 1268 2721 per
1277 2695 1307 2716 se
1316 2689 1403 2724 ipsutn
1429 2679 1524 2722 natura
1552 2679 1664 2732 sintpte;

882 2731 933 2758 OSI,
949 2730 975 2753 et
989 2734 1097 2762 semper
1105 2735 1257 2765 permanet,
1273 2739 1382 2769 propter
1395 2745 1437 2764 me
1450 2744 1539 2768 autem
1552 2730 1662 2772 carnem

883 2778 1025 2800 assumens
1033 2774 1122 2800 anima
1138 2776 1296 2812 rationeque
1304 2782 1453 2817 praeditam,
1472 2784 1558 2814 factus
1571 2795 1603 2815 ea
1619 2797 1662 2817 ra-

884 2816 967 2849 tione,
976 2825 1054 2852 quam
1070 2819 1126 2854 ipse
1139 2823 1222 2855 novit,
1232 2824 1258 2851 in
1269 2832 1384 2859 persona
1392 2832 1568 2865 compositus,
1579 2843 1665 2870 neque

883 2870 987 2890 summa
997 2872 1057 2891 cum
1069 2872 1152 2894 carne
1163 2867 1188 2895 iu
1198 2877 1312 2904 persona
1325 2875 1515 2910 conjunctione
1527 2867 1664 2910 confusio-

1448 2933 1485 2965 33
