  <div class='ocr_page' id='page_1' title='image "/cluster/home/n/w/nwhite01/storage/ocr_20150623/130/njp.32101010942777/570.png"; bbox 0 0 1874 3076; ppageno 0'>
   <div class='ocr_carea' id='block_1_1' title="bbox 109 136 172 170">
    <p class='ocr_par' dir='ltr' id='par_1_1' title="bbox 109 136 172 170">
     <span class='ocr_line' id='line_1_1' title="bbox 109 136 172 170; baseline 0.016 -1"><span class='ocrx_word' id='word_1_1' title='bbox 109 136 172 170; x_wconf 76' lang='lat' dir='ltr'><strong>iO-il</strong></span> 
     </span>
    </p>
   </div>
   <div class='ocr_carea' id='block_1_2' title="bbox 576 144 1258 177">
    <p class='ocr_par' dir='ltr' id='par_1_2' title="bbox 576 144 1258 177">
     <span class='ocr_line' id='line_1_2' title="bbox 576 144 1258 177; baseline 0.006 -4"><span class='ocrx_word' id='word_1_2' title='bbox 576 144 763 174; x_wconf 79' lang='lat' dir='ltr'><strong>PANOPLIA</strong></span> <span class='ocrx_word' id='word_1_3' title='bbox 787 144 1062 175; x_wconf 68' lang='lat' dir='ltr'><strong>DOGMATICA.-</strong></span> <span class='ocrx_word' id='word_1_4' title='bbox 1081 146 1155 176; x_wconf 88' lang='lat' dir='ltr'><strong>Tl&#39;l&#39;.</strong></span> <span class='ocrx_word' id='word_1_5' title='bbox 1181 146 1258 177; x_wconf 71' lang='lat' dir='ltr'><strong>XV}.</strong></span> 
     </span>
    </p>
   </div>
   <div class='ocr_carea' id='block_1_3' title="bbox 1659 147 1728 178">
    <p class='ocr_par' dir='ltr' id='par_1_3' title="bbox 1659 147 1728 178">
     <span class='ocr_line' id='line_1_3' title="bbox 1659 147 1728 178; baseline 0 0"><span class='ocrx_word' id='word_1_6' title='bbox 1659 147 1689 178; x_wconf 86' lang='lat'><strong>10</strong></span> <span class='ocrx_word' id='word_1_7' title='bbox 1696 147 1728 178; x_wconf 50' lang='grc' dir='ltr'><strong>ΥΞ</strong></span> 
     </span>
    </p>
   </div>
   <div class='ocr_carea' id='block_1_4' title="bbox 109 195 852 238">
    <p class='ocr_par' dir='ltr' id='par_1_4' title="bbox 109 195 852 234">
     <span class='ocr_line' id='line_1_4' title="bbox 109 195 852 234; baseline 0.008 -12"><span class='ocrx_word' id='word_1_8' title='bbox 109 195 213 230; x_wconf 77' lang='grc' dir='ltr'>μέρεσι.</span> <span class='ocrx_word' id='word_1_9' title='bbox 229 197 308 233; x_wconf 79' lang='grc' dir='ltr'>Μέρη</span> <span class='ocrx_word' id='word_1_10' title='bbox 320 197 348 224; x_wconf 76' lang='grc' dir='ltr'><strong>δὲ</strong></span> <span class='ocrx_word' id='word_1_11' title='bbox 363 197 482 233; x_wconf 78' lang='grc' dir='ltr'><strong>Χριστοῦ</strong></span> <span class='ocrx_word' id='word_1_12' title='bbox 503 199 518 234; x_wconf 85' lang='grc' dir='ltr'><strong>ἡ</strong></span> <span class='ocrx_word' id='word_1_13' title='bbox 534 199 629 234; x_wconf 73' lang='grc' dir='ltr'>Θεότης</span> <span class='ocrx_word' id='word_1_14' title='bbox 639 200 792 227; x_wconf 79' lang='grc' dir='ltr'>αὺτοῦ-ἐστι</span> <span class='ocrx_word' id='word_1_15' title='bbox 809 201 852 228; x_wconf 59' lang='grc' dir='ltr'><strong>καλ</strong></span> 
     </span>
    </p>
   </div>
   <div class='ocr_carea' id='block_1_5' title="bbox 972 195 1724 238">
    <p class='ocr_par' dir='ltr' id='par_1_5' title="bbox 972 203 1724 238">
     <span class='ocr_line' id='line_1_5' title="bbox 972 203 1724 238; baseline 0.003 -9"><span class='ocrx_word' id='word_1_16' title='bbox 972 207 1021 230; x_wconf 75' lang='lat' dir='ltr'><strong>Late</strong></span> <span class='ocrx_word' id='word_1_17' title='bbox 1038 208 1119 238; x_wconf 82' lang='lat' dir='ltr'><strong>alque</strong></span> <span class='ocrx_word' id='word_1_18' title='bbox 1132 203 1297 231; x_wconf 83' lang='lat' dir='ltr'><strong>Immanitatc</strong></span> <span class='ocrx_word' id='word_1_19' title='bbox 1309 211 1371 233; x_wconf 85' lang='lat' dir='ltr'><strong>esse</strong></span> <span class='ocrx_word' id='word_1_20' title='bbox 1384 204 1531 237; x_wconf 79' lang='lat' dir='ltr'><strong>Credimus,</strong></span> <span class='ocrx_word' id='word_1_21' title='bbox 1558 209 1586 232; x_wconf 92' lang='lat' dir='ltr'><strong>ut</strong></span> <span class='ocrx_word' id='word_1_22' title='bbox 1602 208 1687 232; x_wconf 85' lang='lat' dir='ltr'><strong>totum</strong></span> <span class='ocrx_word' id='word_1_23' title='bbox 1699 206 1724 231; x_wconf 82' lang='lat' dir='ltr'><strong>in</strong></span> 
     </span>
    </p>
   </div>
   <div class='ocr_carea' id='block_1_6' title="bbox 103 241 884 280">
    <p class='ocr_par' dir='ltr' id='par_1_6' title="bbox 103 241 884 280">
     <span class='ocr_line' id='line_1_6' title="bbox 103 241 884 280; baseline 0.008 -13"><span class='ocrx_word' id='word_1_24' title='bbox 103 241 290 276; x_wconf 66' lang='grc' dir='ltr'>ἀνθρωπότης,</span> <span class='ocrx_word' id='word_1_25' title='bbox 305 243 334 276; x_wconf 74' lang='grc' dir='ltr'>ἑξ</span> <span class='ocrx_word' id='word_1_26' title='bbox 353 241 390 270; x_wconf 86' lang='grc' dir='ltr'>ὦν</span> <span class='ocrx_word' id='word_1_27' title='bbox 406 244 452 271; x_wconf 66' lang='grc' dir='ltr'>καὶ</span> <span class='ocrx_word' id='word_1_28' title='bbox 463 245 492 270; x_wconf 85' lang='grc' dir='ltr'>ὲν</span> <span class='ocrx_word' id='word_1_29' title='bbox 509 241 552 276; x_wconf 77' lang='grc' dir='ltr'>αἷς</span> <span class='ocrx_word' id='word_1_30' title='bbox 569 245 715 280; x_wconf 77' lang='grc' dir='ltr'>ὑφέστηκε.</span> <span class='ocrx_word' id='word_1_31' title='bbox 735 246 788 272; x_wconf 76' lang='lat' dir='ltr'><strong>Kal.</strong></span> <span class='ocrx_word' id='word_1_32' title='bbox 807 244 884 277; x_wconf 82' lang='grc' dir='ltr'>αὖθις</span> 
     </span>
    </p>
   </div>
   <div class='ocr_carea' id='block_1_7' title="bbox 104 288 884 329">
    <p class='ocr_par' dir='ltr' id='par_1_7' title="bbox 104 288 884 329">
     <span class='ocr_line' id='line_1_7' title="bbox 104 288 884 329; baseline 0.008 -15"><span class='ocrx_word' id='word_1_33' title='bbox 104 288 149 314; x_wconf 70' lang='grc' dir='ltr'>τοῦ</span> <span class='ocrx_word' id='word_1_34' title='bbox 160 288 228 316; x_wconf 87' lang='grc' dir='ltr'><strong>Θεοῦ</strong></span> <span class='ocrx_word' id='word_1_35' title='bbox 246 289 332 324; x_wconf 82' lang='grc' dir='ltr'>Λόγου</span> <span class='ocrx_word' id='word_1_36' title='bbox 351 291 432 325; x_wconf 73' lang='grc' dir='ltr'>φύσιν</span> <span class='ocrx_word' id='word_1_37' title='bbox 456 293 669 328; x_wconf 77' lang='grc' dir='ltr'>σεσαρκωμένην</span> <span class='ocrx_word' id='word_1_38' title='bbox 691 293 774 328; x_wconf 78' lang='grc' dir='ltr'>σαρκὶ</span> <span class='ocrx_word' id='word_1_39' title='bbox 787 294 884 329; x_wconf 77' lang='grc' dir='ltr'>νοεράν</span> 
     </span>
    </p>
   </div>
   <div class='ocr_carea' id='block_1_8' title="bbox 104 334 882 373">
    <p class='ocr_par' dir='ltr' id='par_1_8' title="bbox 104 334 882 373">
     <span class='ocr_line' id='line_1_8' title="bbox 104 334 882 373; baseline 0.008 -14"><span class='ocrx_word' id='word_1_40' title='bbox 104 341 134 360; x_wconf 82' lang='grc' dir='ltr'><strong>τε</strong></span> <span class='ocrx_word' id='word_1_41' title='bbox 149 334 197 360; x_wconf 80' lang='grc' dir='ltr'>καὶ</span> <span class='ocrx_word' id='word_1_42' title='bbox 213 334 325 370; x_wconf 79' lang='grc' dir='ltr'>λογικὴν</span> <span class='ocrx_word' id='word_1_43' title='bbox 340 336 437 372; x_wconf 68' lang='grc' dir='ltr'><strong>ἐχούσῃ</strong></span> <span class='ocrx_word' id='word_1_44' title='bbox 453 337 541 373; x_wconf 76' lang='grc' dir='ltr'>ψυχὴν</span> <span class='ocrx_word' id='word_1_45' title='bbox 565 339 715 371; x_wconf 74' lang='grc' dir='ltr'><strong>πιστεύειν,</strong></span> <span class='ocrx_word' id='word_1_46' title='bbox 729 339 822 373; x_wconf 82' lang='grc' dir='ltr'>λέγειν</span> <span class='ocrx_word' id='word_1_47' title='bbox 842 348 882 371; x_wconf 82' lang='grc' dir='ltr'>τε,</span> 
     </span>
    </p>
   </div>
   <div class='ocr_carea' id='block_1_9' title="bbox 104 379 885 418">
    <p class='ocr_par' dir='ltr' id='par_1_9' title="bbox 104 379 885 418">
     <span class='ocr_line' id='line_1_9' title="bbox 104 379 885 418; baseline 0.009 -15"><span class='ocrx_word' id='word_1_48' title='bbox 104 379 151 404; x_wconf 82' lang='grc' dir='ltr'><strong>καὶ</strong></span> <span class='ocrx_word' id='word_1_49' title='bbox 165 379 312 413; x_wconf 80' lang='grc' dir='ltr'><strong>κηρύττειν</strong></span> <span class='ocrx_word' id='word_1_50' title='bbox 336 380 515 416; x_wconf 70' lang='grc' dir='ltr'>ὲδςδάχθημεν</span> <span class='ocrx_word' id='word_1_51' title='bbox 532 383 602 410; x_wconf 81' lang='grc' dir='ltr'>κατὰ</span> <span class='ocrx_word' id='word_1_52' title='bbox 619 383 664 409; x_wconf 84' lang='grc' dir='ltr'><strong>τὺν</strong></span> <span class='ocrx_word' id='word_1_53' title='bbox 684 382 762 417; x_wconf 80' lang='grc' dir='ltr'>ἅγιον</span> <span class='ocrx_word' id='word_1_54' title='bbox 785 383 885 418; x_wconf 81' lang='grc' dir='ltr'>Κύριλ-</span> 
     </span>
    </p>
   </div>
   <div class='ocr_carea' id='block_1_10' title="bbox 100 424 884 464">
    <p class='ocr_par' dir='ltr' id='par_1_10' title="bbox 100 424 884 464">
     <span class='ocr_line' id='line_1_10' title="bbox 100 424 884 464; baseline 0.008 -14"><span class='ocrx_word' id='word_1_55' title='bbox 100 424 157 456; x_wconf 78' lang='grc' dir='ltr'>λον,</span> <span class='ocrx_word' id='word_1_56' title='bbox 174 425 218 453; x_wconf 81' lang='grc' dir='ltr'><strong>διὰ</strong></span> <span class='ocrx_word' id='word_1_57' title='bbox 242 426 287 453; x_wconf 86' lang='grc' dir='ltr'>τοῦ</span> <span class='ocrx_word' id='word_1_58' title='bbox 303 429 519 463; x_wconf 78' lang='grc' dir='ltr'>σεσαρκωμένην</span> <span class='ocrx_word' id='word_1_59' title='bbox 543 430 641 462; x_wconf 84' lang='grc' dir='ltr'>ειπετν,</span> <span class='ocrx_word' id='word_1_60' title='bbox 665 430 714 464; x_wconf 85' lang='grc' dir='ltr'>τῆς</span> <span class='ocrx_word' id='word_1_61' title='bbox 732 428 794 456; x_wconf 78' lang='grc' dir='ltr'>καθ’</span> <span class='ocrx_word' id='word_1_62' title='bbox 810 430 884 464; x_wconf 82' lang='grc' dir='ltr'>ἡμᾶς</span> 
     </span>
    </p>
   </div>
   <div class='ocr_carea' id='block_1_11' title="bbox 103 471 884 511">
    <p class='ocr_par' dir='ltr' id='par_1_11' title="bbox 103 471 884 511">
     <span class='ocr_line' id='line_1_11' title="bbox 103 471 884 511; baseline 0.006 -15"><span class='ocrx_word' id='word_1_63' title='bbox 103 471 211 504; x_wconf 72' lang='grc' dir='ltr'>φύσεως</span> <span class='ocrx_word' id='word_1_64' title='bbox 239 473 487 510; x_wconf 80' lang='grc' dir='ltr'>εἰσκεκομισμένην</span> <span class='ocrx_word' id='word_1_65' title='bbox 507 476 626 510; x_wconf 76' lang='grc' dir='ltr'>ὁρῶντες</span> <span class='ocrx_word' id='word_1_66' title='bbox 649 475 698 511; x_wconf 80' lang='grc' dir='ltr'>τὴν</span> <span class='ocrx_word' id='word_1_67' title='bbox 718 475 884 507; x_wconf 76' lang='grc' dir='ltr'>οὑσίαν,καὶ</span> 
     </span>
    </p>
   </div>
   <div class='ocr_carea' id='block_1_12' title="bbox 103 517 883 557">
    <p class='ocr_par' dir='ltr' id='par_1_12' title="bbox 103 517 883 557">
     <span class='ocr_line' id='line_1_12' title="bbox 103 517 883 557; baseline 0.008 -15"><span class='ocrx_word' id='word_1_68' title='bbox 103 517 184 544; x_wconf 57' lang='grc' dir='ltr'>πάλιν</span> <span class='ocrx_word' id='word_1_69' title='bbox 196 518 244 545; x_wconf 79' lang='grc' dir='ltr'><strong>τοῦ</strong></span> <span class='ocrx_word' id='word_1_70' title='bbox 259 519 341 546; x_wconf 79' lang='grc' dir='ltr'>αὑτοῦ</span> <span class='ocrx_word' id='word_1_71' title='bbox 365 521 412 547; x_wconf 79' lang='grc' dir='ltr'>καὶ</span> <span class='ocrx_word' id='word_1_72' title='bbox 436 521 495 553; x_wconf 72' lang='grc' dir='ltr'>ἑνὸς</span> <span class='ocrx_word' id='word_1_73' title='bbox 508 522 625 557; x_wconf 80' lang='grc' dir='ltr'><strong>Χριστοῦ</strong></span> <span class='ocrx_word' id='word_1_74' title='bbox 648 522 683 549; x_wconf 83' lang='grc' dir='ltr'>τά</span> <span class='ocrx_word' id='word_1_75' title='bbox 701 531 730 549; x_wconf 78' lang='grc' dir='ltr'><strong>τε</strong></span> <span class='ocrx_word' id='word_1_76' title='bbox 746 521 883 556; x_wconf 76' lang='grc' dir='ltr'>θαύματα,</span> 
     </span>
    </p>
   </div>
   <div class='ocr_carea' id='block_1_13' title="bbox 103 563 884 603">
    <p class='ocr_par' dir='ltr' id='par_1_13' title="bbox 103 563 884 603">
     <span class='ocr_line' id='line_1_13' title="bbox 103 563 884 603; baseline 0.008 -14"><span class='ocrx_word' id='word_1_77' title='bbox 103 563 150 589; x_wconf 79' lang='grc' dir='ltr'>κἰὶ</span> <span class='ocrx_word' id='word_1_78' title='bbox 162 563 194 590; x_wconf 80' lang='grc' dir='ltr'><strong>τὰ</strong></span> <span class='ocrx_word' id='word_1_79' title='bbox 206 564 290 599; x_wconf 78' lang='grc' dir='ltr'>πάθη.</span> <span class='ocrx_word' id='word_1_80' title='bbox 309 565 355 591; x_wconf 83' lang='grc' dir='ltr'><strong>καὶ</strong></span> <span class='ocrx_word' id='word_1_81' title='bbox 370 565 415 592; x_wconf 68' lang='grc' dir='ltr'>τοῦ</span> <span class='ocrx_word' id='word_1_82' title='bbox 433 566 513 593; x_wconf 83' lang='grc' dir='ltr'>αὑτοῦ</span> <span class='ocrx_word' id='word_1_83' title='bbox 528 567 577 599; x_wconf 79' lang='grc' dir='ltr'><strong>τὰς</strong></span> <span class='ocrx_word' id='word_1_84' title='bbox 600 567 648 594; x_wconf 83' lang='grc' dir='ltr'><strong>δύο</strong></span> <span class='ocrx_word' id='word_1_85' title='bbox 662 568 814 603; x_wconf 75' lang='grc' dir='ltr'><strong>γεννήσεις,</strong></span> <span class='ocrx_word' id='word_1_86' title='bbox 835 567 884 600; x_wconf 81' lang='grc' dir='ltr'>τήν</span> 
     </span>
    </p>
   </div>
   <div class='ocr_carea' id='block_1_14' title="bbox 101 609 884 648">
    <p class='ocr_par' dir='ltr' id='par_1_14' title="bbox 101 609 884 648">
     <span class='ocr_line' id='line_1_14' title="bbox 101 609 884 648; baseline 0.006 -14"><span class='ocrx_word' id='word_1_87' title='bbox 101 617 132 634; x_wconf 85' lang='grc' dir='ltr'><strong>τε</strong></span> <span class='ocrx_word' id='word_1_88' title='bbox 144 609 306 643; x_wconf 83' lang='grc' dir='ltr'>προαιώνιον</span> <span class='ocrx_word' id='word_1_89' title='bbox 331 612 484 646; x_wconf 77' lang='grc' dir='ltr'>ἀσωμάτως</span> <span class='ocrx_word' id='word_1_90' title='bbox 511 614 542 639; x_wconf 80' lang='grc' dir='ltr'>ὲκ</span> <span class='ocrx_word' id='word_1_91' title='bbox 563 613 610 640; x_wconf 82' lang='grc' dir='ltr'><strong>τοῦ</strong></span> <span class='ocrx_word' id='word_1_92' title='bbox 629 613 747 648; x_wconf 76' lang='grc' dir='ltr'>Πατρὸς,</span> <span class='ocrx_word' id='word_1_93' title='bbox 775 613 821 639; x_wconf 80' lang='grc' dir='ltr'>καὶ</span> <span class='ocrx_word' id='word_1_94' title='bbox 833 611 884 647; x_wconf 81' lang='grc' dir='ltr'>τὴν</span> 
     </span>
    </p>
   </div>
   <div class='ocr_carea' id='block_1_15' title="bbox 101 655 884 693">
    <p class='ocr_par' dir='ltr' id='par_1_15' title="bbox 101 655 884 693">
     <span class='ocr_line' id='line_1_15' title="bbox 101 655 884 693; baseline 0.006 -13"><span class='ocrx_word' id='word_1_95' title='bbox 101 655 230 689; x_wconf 70' lang='grc' dir='ltr'>χρονικὴν</span> <span class='ocrx_word' id='word_1_96' title='bbox 253 655 285 682; x_wconf 70' lang='grc' dir='ltr'>ἐκ</span> <span class='ocrx_word' id='word_1_97' title='bbox 299 657 411 692; x_wconf 69' lang='grc' dir='ltr'>Μητρδς</span> <span class='ocrx_word' id='word_1_98' title='bbox 436 660 482 684; x_wconf 69' lang='grc' dir='ltr'>καὶ</span> <span class='ocrx_word' id='word_1_99' title='bbox 508 658 647 693; x_wconf 76' lang='grc' dir='ltr'>Παρθένου</span> <span class='ocrx_word' id='word_1_100' title='bbox 672 658 836 691; x_wconf 79' lang='grc' dir='ltr'><strong>σωματικῶς</strong></span> <span class='ocrx_word' id='word_1_101' title='bbox 850 658 884 684; x_wconf 82' lang='grc' dir='ltr'><strong>δι’</strong></span> 
     </span>
    </p>
   </div>
   <div class='ocr_carea' id='block_1_16' title="bbox 99 701 883 738">
    <p class='ocr_par' dir='ltr' id='par_1_16' title="bbox 99 701 883 738">
     <span class='ocr_line' id='line_1_16' title="bbox 99 701 883 738; baseline 0.005 -12"><span class='ocrx_word' id='word_1_102' title='bbox 99 701 173 734; x_wconf 72' lang='grc' dir='ltr'><strong>ἠςιᾶς</strong></span> <span class='ocrx_word' id='word_1_103' title='bbox 188 705 384 737; x_wconf 66' lang='grc' dir='ltr'><strong>γεγενημένην.</strong></span> <span class='ocrx_word' id='word_1_104' title='bbox 405 703 449 729; x_wconf 71' lang='grc' dir='ltr'>Διὸ</span> <span class='ocrx_word' id='word_1_105' title='bbox 466 704 584 737; x_wconf 71' lang='grc' dir='ltr'>μάλιστα</span> <span class='ocrx_word' id='word_1_106' title='bbox 604 704 649 731; x_wconf 79' lang='grc' dir='ltr'>καὶ</span> <span class='ocrx_word' id='word_1_107' title='bbox 666 703 736 731; x_wconf 80' lang='grc' dir='ltr'>κατὰ</span> <span class='ocrx_word' id='word_1_108' title='bbox 752 703 883 738; x_wconf 78' lang='grc' dir='ltr'>ἀλήθειαν</span> 
     </span>
    </p>
   </div>
   <div class='ocr_carea' id='block_1_17' title="bbox 99 746 884 784">
    <p class='ocr_par' dir='ltr' id='par_1_17' title="bbox 99 746 884 784">
     <span class='ocr_line' id='line_1_17' title="bbox 99 746 884 784; baseline 0.008 -13"><span class='ocrx_word' id='word_1_109' title='bbox 99 747 203 780; x_wconf 64' lang='grc' dir='ltr'>κυρίως</span> <span class='ocrx_word' id='word_1_110' title='bbox 217 746 348 774; x_wconf 80' lang='grc' dir='ltr'>Θεοτόκον</span> <span class='ocrx_word' id='word_1_111' title='bbox 361 748 445 783; x_wconf 72' lang='grc' dir='ltr'>αὐτὴν</span> <span class='ocrx_word' id='word_1_112' title='bbox 458 749 654 784; x_wconf 73' lang='grc' dir='ltr'>ὁμολογοῦμεν,</span> <span class='ocrx_word' id='word_1_113' title='bbox 674 749 712 782; x_wconf 84' lang='grc' dir='ltr'>ὡς</span> <span class='ocrx_word' id='word_1_114' title='bbox 723 751 768 777; x_wconf 76' lang='grc' dir='ltr'><strong>τὸν</strong></span> <span class='ocrx_word' id='word_1_115' title='bbox 783 751 815 776; x_wconf 84' lang='grc' dir='ltr'>ὲκ</span> <span class='ocrx_word' id='word_1_116' title='bbox 828 751 884 776; x_wconf 85' lang='grc' dir='ltr'><strong>Πα-</strong></span> 
     </span>
    </p>
   </div>
   <div class='ocr_carea' id='block_1_18' title="bbox 98 792 885 830">
    <p class='ocr_par' dir='ltr' id='par_1_18' title="bbox 98 792 885 830">
     <span class='ocr_line' id='line_1_18' title="bbox 98 792 885 830; baseline 0.004 -12"><span class='ocrx_word' id='word_1_117' title='bbox 98 792 336 828; x_wconf 75' lang='grc' dir='ltr'>τρ⁵ςγεννηοέντα</span> <span class='ocrx_word' id='word_1_118' title='bbox 351 794 402 829; x_wconf 65' lang='grc' dir='ltr'><strong>προ</strong></span> <span class='ocrx_word' id='word_1_119' title='bbox 417 795 523 822; x_wconf 71' lang='grc' dir='ltr'>πάντων</span> <span class='ocrx_word' id='word_1_120' title='bbox 538 795 592 821; x_wconf 89' lang='grc' dir='ltr'><strong>τῶν</strong></span> <span class='ocrx_word' id='word_1_121' title='bbox 602 796 707 822; x_wconf 76' lang='grc' dir='ltr'>αἰώνων</span> <span class='ocrx_word' id='word_1_122' title='bbox 721 796 787 823; x_wconf 76' lang='grc' dir='ltr'>Θεὸν</span> <span class='ocrx_word' id='word_1_123' title='bbox 799 795 885 830; x_wconf 78' lang='grc' dir='ltr'>Λόγον</span> 
     </span>
    </p>
   </div>
   <div class='ocr_carea' id='block_1_19' title="bbox 99 839 882 877">
    <p class='ocr_par' dir='ltr' id='par_1_19' title="bbox 99 839 882 877">
     <span class='ocr_line' id='line_1_19' title="bbox 99 839 882 877; baseline 0.008 -14"><span class='ocrx_word' id='word_1_124' title='bbox 99 839 114 864; x_wconf 71' lang='grc' dir='ltr'><strong>ἑ</strong></span> <span class='ocrx_word' id='word_1_125' title='bbox 123 839 144 863; x_wconf 82' lang='grc' dir='ltr'>τ’</span> <span class='ocrx_word' id='word_1_126' title='bbox 159 839 280 873; x_wconf 82' lang='grc' dir='ltr'><strong>ἐσχάτων</strong></span> <span class='ocrx_word' id='word_1_127' title='bbox 292 839 347 866; x_wconf 85' lang='grc' dir='ltr'><strong>τῶν</strong></span> <span class='ocrx_word' id='word_1_128' title='bbox 360 841 464 875; x_wconf 72' lang='grc' dir='ltr'>χρόνων</span> <span class='ocrx_word' id='word_1_129' title='bbox 479 841 508 873; x_wconf 77' lang='grc' dir='ltr'><strong>ἐξ</strong></span> <span class='ocrx_word' id='word_1_130' title='bbox 532 841 617 876; x_wconf 71' lang='grc' dir='ltr'>αὐτῆς</span> <span class='ocrx_word' id='word_1_131' title='bbox 634 842 810 877; x_wconf 76' lang='grc' dir='ltr'>σαρκωθέντα</span> <span class='ocrx_word' id='word_1_132' title='bbox 821 850 882 876; x_wconf 84' lang='grc' dir='ltr'>γεν-</span> 
     </span>
    </p>
   </div>
   <div class='ocr_carea' id='block_1_20' title="bbox 940 247 1728 282">
    <p class='ocr_par' dir='ltr' id='par_1_20' title="bbox 940 247 1728 282">
     <span class='ocr_line' id='line_1_20' title="bbox 940 247 1728 282; baseline 0.004 -8"><span class='ocrx_word' id='word_1_133' title='bbox 940 247 1072 282; x_wconf 86' lang='lat' dir='ltr'><strong>partibus.</strong></span> <span class='ocrx_word' id='word_1_134' title='bbox 1090 248 1182 276; x_wconf 76' lang='lat' dir='ltr'><strong>Partes</strong></span> <span class='ocrx_word' id='word_1_135' title='bbox 1191 249 1262 275; x_wconf 89' lang='lat' dir='ltr'><strong>cnim</strong></span> <span class='ocrx_word' id='word_1_136' title='bbox 1272 248 1372 277; x_wconf 86' lang='lat' dir='ltr'><strong>Christi</strong></span> <span class='ocrx_word' id='word_1_137' title='bbox 1385 253 1448 277; x_wconf 86' lang='lat' dir='ltr'><strong>sunt</strong></span> <span class='ocrx_word' id='word_1_138' title='bbox 1459 249 1584 277; x_wconf 75' lang='lat' dir='ltr'><strong>divinitas</strong></span> <span class='ocrx_word' id='word_1_139' title='bbox 1595 254 1623 277; x_wconf 89' lang='lat' dir='ltr'><strong>et</strong></span> <span class='ocrx_word' id='word_1_140' title='bbox 1633 249 1728 277; x_wconf 86' lang='lat' dir='ltr'><strong>huma-</strong></span> 
     </span>
    </p>
   </div>
   <div class='ocr_carea' id='block_1_21' title="bbox 939 294 1725 330">
    <p class='ocr_par' dir='ltr' id='par_1_21' title="bbox 939 294 1725 330">
     <span class='ocr_line' id='line_1_21' title="bbox 939 294 1725 330; baseline 0.003 -10"><span class='ocrx_word' id='word_1_141' title='bbox 939 294 1018 325; x_wconf 85' lang='lat' dir='ltr'><strong>nitas.</strong></span> <span class='ocrx_word' id='word_1_142' title='bbox 1039 303 1071 322; x_wconf 79' lang='lat' dir='ltr'><strong>ex</strong></span> <span class='ocrx_word' id='word_1_143' title='bbox 1094 294 1201 327; x_wconf 79' lang='lat' dir='ltr'><strong>quibus,</strong></span> <span class='ocrx_word' id='word_1_144' title='bbox 1223 299 1250 322; x_wconf 89' lang='lat' dir='ltr'><strong>et</strong></span> <span class='ocrx_word' id='word_1_145' title='bbox 1270 294 1296 322; x_wconf 90' lang='lat' dir='ltr'><strong>in</strong></span> <span class='ocrx_word' id='word_1_146' title='bbox 1317 295 1414 330; x_wconf 85' lang='lat' dir='ltr'><strong>quibus</strong></span> <span class='ocrx_word' id='word_1_147' title='bbox 1433 295 1567 323; x_wconf 94' lang='lat' dir='ltr'><strong>consistit.</strong></span> <span class='ocrx_word' id='word_1_148' title='bbox 1593 295 1725 322; x_wconf 69' lang='lat' dir='ltr'><strong>Prteterea</strong></span> 
     </span>
    </p>
   </div>
   <div class='ocr_carea' id='block_1_22' title="bbox 939 341 1726 376">
    <p class='ocr_par' dir='ltr' id='par_1_22' title="bbox 939 341 1726 376">
     <span class='ocr_line' id='line_1_22' title="bbox 939 341 1726 376; baseline 0.003 -10"><span class='ocrx_word' id='word_1_149' title='bbox 939 348 1018 367; x_wconf 88' lang='lat' dir='ltr'><strong>unam</strong></span> <span class='ocrx_word' id='word_1_150' title='bbox 1035 341 1079 368; x_wconf 81' lang='lat' dir='ltr'><strong>Dei</strong></span> <span class='ocrx_word' id='word_1_151' title='bbox 1098 341 1176 367; x_wconf 71' lang='lat' dir='ltr'><strong>Verbi</strong></span> <span class='ocrx_word' id='word_1_152' title='bbox 1191 346 1314 368; x_wconf 88' lang='lat' dir='ltr'><strong>natttratn</strong></span> <span class='ocrx_word' id='word_1_153' title='bbox 1337 349 1447 368; x_wconf 87' lang='lat' dir='ltr'><strong>carnem</strong></span> <span class='ocrx_word' id='word_1_154' title='bbox 1462 341 1646 376; x_wconf 81' lang='lat' dir='ltr'><strong>assumpsisse</strong></span> <span class='ocrx_word' id='word_1_155' title='bbox 1667 341 1726 368; x_wconf 84' lang='lat' dir='ltr'><strong>aui-</strong></span> 
     </span>
    </p>
   </div>
   <div class='ocr_carea' id='block_1_23' title="bbox 939 387 1726 423">
    <p class='ocr_par' dir='ltr' id='par_1_23' title="bbox 939 387 1726 423">
     <span class='ocr_line' id='line_1_23' title="bbox 939 387 1726 423; baseline 0.001 -10"><span class='ocrx_word' id='word_1_156' title='bbox 939 392 1035 413; x_wconf 85' lang='lat' dir='ltr'><strong>malam</strong></span> <span class='ocrx_word' id='word_1_157' title='bbox 1060 387 1150 414; x_wconf 89' lang='lat' dir='ltr'><strong>anima</strong></span> <span class='ocrx_word' id='word_1_158' title='bbox 1166 392 1258 414; x_wconf 79' lang='lat' dir='ltr'><strong>nteute</strong></span> <span class='ocrx_word' id='word_1_159' title='bbox 1279 387 1435 422; x_wconf 84' lang='lat' dir='ltr'><strong>rationeque</strong></span> <span class='ocrx_word' id='word_1_160' title='bbox 1459 388 1572 423; x_wconf 57' lang='lat' dir='ltr'><strong>praedita</strong></span> <span class='ocrx_word' id='word_1_161' title='bbox 1594 387 1683 414; x_wconf 83' lang='lat' dir='ltr'><strong>dicere</strong></span> <span class='ocrx_word' id='word_1_162' title='bbox 1698 391 1726 414; x_wconf 85' lang='lat' dir='ltr'><strong>ct</strong></span> 
     </span>
    </p>
   </div>
   <div class='ocr_carea' id='block_1_24' title="bbox 939 432 1731 467">
    <p class='ocr_par' dir='ltr' id='par_1_24' title="bbox 939 432 1731 467">
     <span class='ocr_line' id='line_1_24' title="bbox 939 432 1731 467; baseline 0.001 -9"><span class='ocrx_word' id='word_1_163' title='bbox 939 433 1084 467; x_wconf 75' lang='lat' dir='ltr'><strong>pnedicare</strong></span> <span class='ocrx_word' id='word_1_164' title='bbox 1107 433 1250 461; x_wconf 83' lang='lat' dir='ltr'><strong>didicimus</strong></span> <span class='ocrx_word' id='word_1_165' title='bbox 1266 441 1297 461; x_wconf 83' lang='lat' dir='ltr'><strong>ex</strong></span> <span class='ocrx_word' id='word_1_166' title='bbox 1313 433 1435 461; x_wconf 87' lang='lat' dir='ltr'><strong>d‘octrina</strong></span> <span class='ocrx_word' id='word_1_167' title='bbox 1451 432 1539 460; x_wconf 89' lang='lat' dir='ltr'><strong>sancti</strong></span> <span class='ocrx_word' id='word_1_168' title='bbox 1565 432 1670 466; x_wconf 76' lang='lat' dir='ltr'><strong>Cyrilli,</strong></span> <span class='ocrx_word' id='word_1_169' title='bbox 1697 436 1731 459; x_wconf 72' lang='lat' dir='ltr'><strong>ut</strong></span> 
     </span>
    </p>
   </div>
   <div class='ocr_carea' id='block_1_25' title="bbox 937 475 1725 512">
    <p class='ocr_par' dir='ltr' id='par_1_25' title="bbox 937 475 1725 512">
     <span class='ocr_line' id='line_1_25' title="bbox 937 475 1725 512; baseline -0.004 -9"><span class='ocrx_word' id='word_1_170' title='bbox 937 484 969 504; x_wconf 73' lang='lat' dir='ltr'><strong>ex</strong></span> <span class='ocrx_word' id='word_1_171' title='bbox 981 484 1013 503; x_wconf 88' lang='lat' dir='ltr'><strong>eo</strong></span> <span class='ocrx_word' id='word_1_172' title='bbox 1030 477 1100 512; x_wconf 88' lang='lat' dir='ltr'><strong>qttod</strong></span> <span class='ocrx_word' id='word_1_173' title='bbox 1112 476 1228 504; x_wconf 83' lang='lat' dir='ltr'><strong>dicimus</strong></span> <span class='ocrx_word' id='word_1_174' title='bbox 1246 484 1353 505; x_wconf 88' lang='lat' dir='ltr'><strong>carnem</strong></span> <span class='ocrx_word' id='word_1_175' title='bbox 1371 476 1562 511; x_wconf 84' lang='lat' dir='ltr'><strong>assumpsisse.</strong></span> <span class='ocrx_word' id='word_1_176' title='bbox 1580 475 1725 503; x_wconf 74' lang='lat' dir='ltr'><strong>essentiam</strong></span> 
     </span>
    </p>
   </div>
   <div class='ocr_carea' id='block_1_26' title="bbox 939 521 1731 558">
    <p class='ocr_par' dir='ltr' id='par_1_26' title="bbox 939 521 1731 558">
     <span class='ocr_line' id='line_1_26' title="bbox 939 521 1731 558; baseline -0.001 -8"><span class='ocrx_word' id='word_1_177' title='bbox 939 529 1040 550; x_wconf 67' lang='lat' dir='ltr'><strong>natura:</strong></span> <span class='ocrx_word' id='word_1_178' title='bbox 1054 528 1152 550; x_wconf 72' lang='lat' dir='ltr'><strong>nostra:</strong></span> <span class='ocrx_word' id='word_1_179' title='bbox 1164 523 1264 550; x_wconf 84' lang='lat' dir='ltr'><strong>illatam</strong></span> <span class='ocrx_word' id='word_1_180' title='bbox 1283 523 1473 558; x_wconf 74' lang='lat' dir='ltr'><strong>intelligamus.</strong></span> <span class='ocrx_word' id='word_1_181' title='bbox 1498 522 1622 556; x_wconf 82' lang='lat' dir='ltr'><strong>Itemque</strong></span> <span class='ocrx_word' id='word_1_182' title='bbox 1646 521 1731 549; x_wconf 73' lang='lat' dir='ltr'><strong>unius</strong></span> 
     </span>
    </p>
   </div>
   <div class='ocr_carea' id='block_1_27' title="bbox 937 565 1726 600">
    <p class='ocr_par' dir='ltr' id='par_1_27' title="bbox 937 565 1726 600">
     <span class='ocr_line' id='line_1_27' title="bbox 937 565 1726 600; baseline -0.003 -8"><span class='ocrx_word' id='word_1_183' title='bbox 937 571 963 593; x_wconf 92' lang='lat' dir='ltr'><strong>et</strong></span> <span class='ocrx_word' id='word_1_184' title='bbox 974 567 1092 600; x_wconf 83' lang='lat' dir='ltr'><strong>ejusdem</strong></span> <span class='ocrx_word' id='word_1_185' title='bbox 1102 566 1202 593; x_wconf 88' lang='lat' dir='ltr'><strong>Christi</strong></span> <span class='ocrx_word' id='word_1_186' title='bbox 1212 571 1266 592; x_wconf 85' lang='lat' dir='ltr'><strong>tam</strong></span> <span class='ocrx_word' id='word_1_187' title='bbox 1275 566 1416 598; x_wconf 83' lang='lat' dir='ltr'><strong>miracula,</strong></span> <span class='ocrx_word' id='word_1_188' title='bbox 1427 573 1507 600; x_wconf 83' lang='lat' dir='ltr'><strong>quam</strong></span> <span class='ocrx_word' id='word_1_189' title='bbox 1517 565 1654 593; x_wconf 81' lang='lat' dir='ltr'><strong>cruciatus</strong></span> <span class='ocrx_word' id='word_1_190' title='bbox 1667 570 1726 591; x_wconf 84' lang='lat' dir='ltr'><strong>esse</strong></span> 
     </span>
    </p>
   </div>
   <div class='ocr_carea' id='block_1_28' title="bbox 937 609 1723 646">
    <p class='ocr_par' dir='ltr' id='par_1_28' title="bbox 937 609 1723 646">
     <span class='ocr_line' id='line_1_28' title="bbox 937 609 1723 646; baseline -0.005 -7"><span class='ocrx_word' id='word_1_191' title='bbox 937 612 1061 645; x_wconf 77' lang='lat' dir='ltr'><strong>dicimus,</strong></span> <span class='ocrx_word' id='word_1_192' title='bbox 1072 612 1194 646; x_wconf 86' lang='lat' dir='ltr'><strong>duosque</strong></span> <span class='ocrx_word' id='word_1_193' title='bbox 1212 612 1333 646; x_wconf 78' lang='lat' dir='ltr'><strong>ejusdem</strong></span> <span class='ocrx_word' id='word_1_194' title='bbox 1347 617 1433 644; x_wconf 90' lang='lat' dir='ltr'><strong>ortus,</strong></span> <span class='ocrx_word' id='word_1_195' title='bbox 1452 619 1534 638; x_wconf 87' lang='lat' dir='ltr'><strong>nnttm</strong></span> <span class='ocrx_word' id='word_1_196' title='bbox 1552 615 1614 638; x_wconf 89' lang='lat' dir='ltr'><strong>ante</strong></span> <span class='ocrx_word' id='word_1_197' title='bbox 1627 609 1723 637; x_wconf 73' lang='lat' dir='ltr'><strong>smcula</strong></span> 
     </span>
    </p>
   </div>
   <div class='ocr_carea' id='block_1_29' title="bbox 937 658 1725 692">
    <p class='ocr_par' dir='ltr' id='par_1_29' title="bbox 937 658 1725 692">
     <span class='ocr_line' id='line_1_29' title="bbox 937 658 1725 692; baseline -0.001 -7"><span class='ocrx_word' id='word_1_198' title='bbox 937 659 997 685; x_wconf 81' lang='lat' dir='ltr'><strong>sine</strong></span> <span class='ocrx_word' id='word_1_199' title='bbox 1010 665 1123 692; x_wconf 89' lang='lat' dir='ltr'><strong>corpore</strong></span> <span class='ocrx_word' id='word_1_200' title='bbox 1147 666 1180 685; x_wconf 79' lang='lat' dir='ltr'><strong>cx</strong></span> <span class='ocrx_word' id='word_1_201' title='bbox 1209 658 1300 691; x_wconf 85' lang='lat' dir='ltr'><strong>Patre,</strong></span> <span class='ocrx_word' id='word_1_202' title='bbox 1316 663 1343 686; x_wconf 86' lang='lat' dir='ltr'><strong>et</strong></span> <span class='ocrx_word' id='word_1_203' title='bbox 1356 658 1468 685; x_wconf 87' lang='lat' dir='ltr'><strong>alterum</strong></span> <span class='ocrx_word' id='word_1_204' title='bbox 1492 658 1520 685; x_wconf 91' lang='lat' dir='ltr'><strong>in</strong></span> <span class='ocrx_word' id='word_1_205' title='bbox 1547 662 1668 691; x_wconf 86' lang='lat' dir='ltr'><strong>tempore</strong></span> <span class='ocrx_word' id='word_1_206' title='bbox 1692 663 1725 685; x_wconf 77' lang='lat' dir='ltr'><strong>ex</strong></span> 
     </span>
    </p>
   </div>
   <div class='ocr_carea' id='block_1_30' title="bbox 937 702 1726 739">
    <p class='ocr_par' dir='ltr' id='par_1_30' title="bbox 937 702 1726 739">
     <span class='ocr_line' id='line_1_30' title="bbox 937 702 1726 739; baseline 0 -9"><span class='ocrx_word' id='word_1_207' title='bbox 937 703 1020 730; x_wconf 69' lang='lat' dir='ltr'><strong>Matre</strong></span> <span class='ocrx_word' id='word_1_208' title='bbox 1031 708 1057 730; x_wconf 88' lang='lat' dir='ltr'><strong>et</strong></span> <span class='ocrx_word' id='word_1_209' title='bbox 1066 702 1177 738; x_wconf 81' lang='lat' dir='ltr'><strong>Virgine</strong></span> <span class='ocrx_word' id='word_1_210' title='bbox 1189 704 1293 731; x_wconf 85' lang='lat' dir='ltr'><strong>ratione</strong></span> <span class='ocrx_word' id='word_1_211' title='bbox 1302 711 1431 739; x_wconf 88' lang='lat' dir='ltr'><strong>corporea</strong></span> <span class='ocrx_word' id='word_1_212' title='bbox 1443 709 1526 739; x_wconf 90' lang='lat' dir='ltr'><strong>atque</strong></span> <span class='ocrx_word' id='word_1_213' title='bbox 1536 703 1655 730; x_wconf 88' lang='lat' dir='ltr'><strong>humana</strong></span> <span class='ocrx_word' id='word_1_214' title='bbox 1669 710 1677 734; x_wconf 87' lang='lat'><strong>;</strong></span> <span class='ocrx_word' id='word_1_215' title='bbox 1691 710 1726 730; x_wconf 73' lang='lat' dir='ltr'><strong>ex</strong></span> 
     </span>
    </p>
   </div>
   <div class='ocr_carea' id='block_1_31' title="bbox 937 749 1726 784">
    <p class='ocr_par' dir='ltr' id='par_1_31' title="bbox 937 749 1726 784">
     <span class='ocr_line' id='line_1_31' title="bbox 937 749 1726 784; baseline 0.001 -10"><span class='ocrx_word' id='word_1_216' title='bbox 937 756 991 783; x_wconf 90' lang='lat' dir='ltr'><strong>quo</strong></span> <span class='ocrx_word' id='word_1_217' title='bbox 1007 749 1121 777; x_wconf 70' lang='lat' dir='ltr'><strong>maxime</strong></span> <span class='ocrx_word' id='word_1_218' title='bbox 1138 755 1164 776; x_wconf 89' lang='lat' dir='ltr'><strong>et</strong></span> <span class='ocrx_word' id='word_1_219' title='bbox 1181 757 1243 777; x_wconf 83' lang='lat' dir='ltr'><strong>vere</strong></span> <span class='ocrx_word' id='word_1_220' title='bbox 1266 750 1375 784; x_wconf 83' lang='lat' dir='ltr'><strong>proprie</strong></span> <span class='ocrx_word' id='word_1_221' title='bbox 1390 750 1475 784; x_wconf 89' lang='lat' dir='ltr'><strong>ipsatn</strong></span> <span class='ocrx_word' id='word_1_222' title='bbox 1501 749 1547 777; x_wconf 80' lang='lat' dir='ltr'><strong>Dei</strong></span> <span class='ocrx_word' id='word_1_223' title='bbox 1562 749 1726 777; x_wconf 86' lang='lat' dir='ltr'><strong>Genitricem</strong></span> 
     </span>
    </p>
   </div>
   <div class='ocr_carea' id='block_1_32' title="bbox 938 793 1728 831">
    <p class='ocr_par' dir='ltr' id='par_1_32' title="bbox 938 793 1728 831">
     <span class='ocr_line' id='line_1_32' title="bbox 938 793 1728 831; baseline 0 -9"><span class='ocrx_word' id='word_1_224' title='bbox 938 795 1107 827; x_wconf 70' lang='lat' dir='ltr'><strong>confitemur,</strong></span> <span class='ocrx_word' id='word_1_225' title='bbox 1138 800 1165 822; x_wconf 92' lang='lat' dir='ltr'><strong>ut</strong></span> <span class='ocrx_word' id='word_1_226' title='bbox 1183 803 1242 831; x_wconf 74' lang='lat' dir='ltr'><strong>qua:</strong></span> <span class='ocrx_word' id='word_1_227' title='bbox 1253 796 1373 829; x_wconf 84' lang='lat' dir='ltr'><strong>genitum</strong></span> <span class='ocrx_word' id='word_1_228' title='bbox 1388 801 1451 823; x_wconf 87' lang='lat' dir='ltr'><strong>ante</strong></span> <span class='ocrx_word' id='word_1_229' title='bbox 1475 795 1571 822; x_wconf 85' lang='lat' dir='ltr'><strong>saecula</strong></span> <span class='ocrx_word' id='word_1_230' title='bbox 1603 802 1636 822; x_wconf 81' lang='lat' dir='ltr'><strong>ex</strong></span> <span class='ocrx_word' id='word_1_231' title='bbox 1648 793 1728 822; x_wconf 85' lang='lat' dir='ltr'><strong>Patre</strong></span> 
     </span>
    </p>
   </div>
   <div class='ocr_carea' id='block_1_33' title="bbox 940 839 1727 875">
    <p class='ocr_par' dir='ltr' id='par_1_33' title="bbox 940 839 1727 875">
     <span class='ocr_line' id='line_1_33' title="bbox 940 839 1727 875; baseline 0.001 -10"><span class='ocrx_word' id='word_1_232' title='bbox 940 839 1022 866; x_wconf 88' lang='lat' dir='ltr'><strong>Deum</strong></span> <span class='ocrx_word' id='word_1_233' title='bbox 1034 839 1161 872; x_wconf 81' lang='lat' dir='ltr'><strong>Verbum,</strong></span> <span class='ocrx_word' id='word_1_234' title='bbox 1173 841 1198 867; x_wconf 95' lang='lat' dir='ltr'><strong>in</strong></span> <span class='ocrx_word' id='word_1_235' title='bbox 1214 840 1344 868; x_wconf 73' lang='lat' dir='ltr'><strong>extremis</strong></span> <span class='ocrx_word' id='word_1_236' title='bbox 1357 841 1523 875; x_wconf 76' lang='lat' dir='ltr'><strong>temporibus</strong></span> <span class='ocrx_word' id='word_1_237' title='bbox 1537 846 1571 867; x_wconf 76' lang='lat' dir='ltr'><strong>ex</strong></span> <span class='ocrx_word' id='word_1_238' title='bbox 1591 840 1649 874; x_wconf 87' lang='lat' dir='ltr'><strong>ipsa</strong></span> <span class='ocrx_word' id='word_1_239' title='bbox 1666 846 1727 866; x_wconf 86' lang='lat' dir='ltr'><strong>car-</strong></span> 
     </span>
    </p>
   </div>
   <div class='ocr_carea' id='block_1_34' title="bbox 98 885 852 923">
    <p class='ocr_par' dir='ltr' id='par_1_34' title="bbox 98 885 852 923">
     <span class='ocr_line' id='line_1_34' title="bbox 98 885 852 923; baseline 0.005 -13"><span class='ocrx_word' id='word_1_240' title='bbox 98 885 231 917; x_wconf 82' lang='grc' dir='ltr'>νὴσασαν.</span> <span class='ocrx_word' id='word_1_241' title='bbox 249 885 321 911; x_wconf 76' lang='grc' dir='ltr'>Μίαν</span> <span class='ocrx_word' id='word_1_242' title='bbox 338 886 365 912; x_wconf 80' lang='grc' dir='ltr'><strong>δὲ</strong></span> <span class='ocrx_word' id='word_1_243' title='bbox 380 887 460 919; x_wconf 80' lang='grc' dir='ltr'>φύσιν</span> <span class='ocrx_word' id='word_1_244' title='bbox 475 887 601 913; x_wconf 81' lang='grc' dir='ltr'>σύνθετον</span> <span class='ocrx_word' id='word_1_245' title='bbox 612 887 657 914; x_wconf 77' lang='grc' dir='ltr'>τὸν</span> <span class='ocrx_word' id='word_1_246' title='bbox 679 887 797 923; x_wconf 71' lang='grc' dir='ltr'>Χριστὸν</span> <span class='ocrx_word' id='word_1_247' title='bbox 812 897 852 914; x_wconf 71' lang='grc' dir='ltr'><strong>πα</strong></span> 
     </span>
    </p>
   </div>
   <div class='ocr_carea' id='block_1_35' title="bbox 972 885 1728 923">
    <p class='ocr_par' dir='ltr' id='par_1_35' title="bbox 972 886 1728 921">
     <span class='ocr_line' id='line_1_35' title="bbox 972 886 1728 921; baseline 0 -10"><span class='ocrx_word' id='word_1_248' title='bbox 972 894 992 911; x_wconf 89' lang='lat' dir='ltr'><strong>Ill</strong></span> <span class='ocrx_word' id='word_1_249' title='bbox 1007 892 1189 914; x_wconf 83' lang='lat' dir='ltr'><strong>assumeutem</strong></span> <span class='ocrx_word' id='word_1_250' title='bbox 1199 886 1334 921; x_wconf 75' lang='lat' dir='ltr'><strong>genuerit.</strong></span> <span class='ocrx_word' id='word_1_251' title='bbox 1343 887 1376 912; x_wconf 83' lang='lat' dir='ltr'><strong>At</strong></span> <span class='ocrx_word' id='word_1_252' title='bbox 1390 890 1513 912; x_wconf 83' lang='lat' dir='ltr'><strong>naturam</strong></span> <span class='ocrx_word' id='word_1_253' title='bbox 1525 891 1604 912; x_wconf 91' lang='lat' dir='ltr'><strong>uuam</strong></span> <span class='ocrx_word' id='word_1_254' title='bbox 1616 891 1728 918; x_wconf 81' lang='lat' dir='ltr'><strong>compo-</strong></span> 
     </span>
    </p>
   </div>
   <div class='ocr_carea' id='block_1_36' title="bbox 98 930 888 968">
    <p class='ocr_par' dir='ltr' id='par_1_36' title="bbox 98 930 888 968">
     <span class='ocr_line' id='line_1_36' title="bbox 98 930 888 968; baseline 0.008 -14"><span class='ocrx_word' id='word_1_255' title='bbox 98 930 184 961; x_wconf 78' lang='grc' dir='ltr'>τελῶς</span> <span class='ocrx_word' id='word_1_256' title='bbox 193 931 397 966; x_wconf 74' lang='grc' dir='ltr'>παραιτούμεθα</span> <span class='ocrx_word' id='word_1_257' title='bbox 405 932 494 966; x_wconf 79' lang='grc' dir='ltr'>λέγειν</span> <span class='ocrx_word' id='word_1_258' title='bbox 504 932 533 959; x_wconf 81' lang='grc' dir='ltr'>οὒ</span> <span class='ocrx_word' id='word_1_259' title='bbox 543 934 622 967; x_wconf 87' lang='grc' dir='ltr'>μόνον</span> <span class='ocrx_word' id='word_1_260' title='bbox 633 933 676 960; x_wconf 70' lang='grc' dir='ltr'><strong>διὰ</strong></span> <span class='ocrx_word' id='word_1_261' title='bbox 683 933 732 964; x_wconf 79' lang='grc' dir='ltr'><strong>τὰς</strong></span> <span class='ocrx_word' id='word_1_262' title='bbox 740 933 888 968; x_wconf 73' lang='grc' dir='ltr'>εἰρημένας</span> 
     </span>
    </p>
   </div>
   <div class='ocr_carea' id='block_1_37' title="bbox 98 975 888 1015">
    <p class='ocr_par' dir='ltr' id='par_1_37' title="bbox 98 975 888 1015">
     <span class='ocr_line' id='line_1_37' title="bbox 98 975 888 1015; baseline 0.003 -13"><span class='ocrx_word' id='word_1_263' title='bbox 98 975 199 1008; x_wconf 82' lang='grc' dir='ltr'><strong>αἰτίας,</strong></span> <span class='ocrx_word' id='word_1_264' title='bbox 210 976 267 1002; x_wconf 77' lang='grc' dir='ltr'>ἀλλ’</span> <span class='ocrx_word' id='word_1_265' title='bbox 279 977 318 1003; x_wconf 76' lang='grc' dir='ltr'>ὅτι</span> <span class='ocrx_word' id='word_1_266' title='bbox 331 978 379 1003; x_wconf 81' lang='grc' dir='ltr'>καὶ</span> <span class='ocrx_word' id='word_1_267' title='bbox 389 978 482 1012; x_wconf 76' lang='grc' dir='ltr'>μηδεὶς</span> <span class='ocrx_word' id='word_1_268' title='bbox 497 978 611 1005; x_wconf 76' lang='grc' dir='ltr'><strong>καθόλου</strong></span> <span class='ocrx_word' id='word_1_269' title='bbox 621 978 674 1005; x_wconf 86' lang='grc' dir='ltr'><strong>τῶν</strong></span> <span class='ocrx_word' id='word_1_270' title='bbox 687 979 822 1015; x_wconf 83' lang='grc' dir='ltr'>ὲγκρίτων</span> <span class='ocrx_word' id='word_1_271' title='bbox 834 979 888 1005; x_wconf 87' lang='grc' dir='ltr'><strong>Πα-</strong></span> 
     </span>
    </p>
   </div>
   <div class='ocr_carea' id='block_1_38' title="bbox 99 1021 887 1061">
    <p class='ocr_par' dir='ltr' id='par_1_38' title="bbox 99 1021 887 1061">
     <span class='ocr_line' id='line_1_38' title="bbox 99 1021 887 1061; baseline 0.004 -14"><span class='ocrx_word' id='word_1_272' title='bbox 99 1021 187 1056; x_wconf 77' lang='grc' dir='ltr'>τέρων</span> <span class='ocrx_word' id='word_1_273' title='bbox 199 1023 334 1056; x_wconf 82' lang='grc' dir='ltr'>πέφανται</span> <span class='ocrx_word' id='word_1_274' title='bbox 351 1024 431 1058; x_wconf 79' lang='grc' dir='ltr'>μέχρι</span> <span class='ocrx_word' id='word_1_275' title='bbox 446 1024 491 1050; x_wconf 73' lang='grc' dir='ltr'>τοῦ</span> <span class='ocrx_word' id='word_1_276' title='bbox 508 1024 586 1058; x_wconf 74' lang='grc' dir='ltr'><strong>δεῦρο</strong></span> <span class='ocrx_word' id='word_1_277' title='bbox 596 1025 699 1060; x_wconf 81' lang='grc' dir='ltr'>ταύτην</span> <span class='ocrx_word' id='word_1_278' title='bbox 708 1025 825 1061; x_wconf 73' lang='grc' dir='ltr'>εἰρηκὼς</span> <span class='ocrx_word' id='word_1_279' title='bbox 838 1025 887 1061; x_wconf 83' lang='grc' dir='ltr'>τὴν</span> 
     </span>
    </p>
   </div>
   <div class='ocr_carea' id='block_1_39' title="bbox 99 1068 887 1106">
    <p class='ocr_par' dir='ltr' id='par_1_39' title="bbox 99 1068 887 1106">
     <span class='ocr_line' id='line_1_39' title="bbox 99 1068 887 1106; baseline 0.006 -13"><span class='ocrx_word' id='word_1_280' title='bbox 99 1068 203 1102; x_wconf 71' lang='grc' dir='ltr'>φωνὴν,</span> <span class='ocrx_word' id='word_1_281' title='bbox 211 1069 258 1095; x_wconf 82' lang='grc' dir='ltr'>καὶ</span> <span class='ocrx_word' id='word_1_282' title='bbox 273 1069 310 1099; x_wconf 85' lang='grc' dir='ltr'>ὡς</span> <span class='ocrx_word' id='word_1_283' title='bbox 325 1070 465 1105; x_wconf 76' lang='grc' dir='ltr'>προδήλως</span> <span class='ocrx_word' id='word_1_284' title='bbox 483 1071 677 1106; x_wconf 81' lang='grc' dir='ltr'>Δπολλιναρίου</span> <span class='ocrx_word' id='word_1_285' title='bbox 688 1071 734 1098; x_wconf 69' lang='grc' dir='ltr'>τοῦ</span> <span class='ocrx_word' id='word_1_286' title='bbox 748 1070 887 1106; x_wconf 79' lang='grc' dir='ltr'>αἱρετικοῦ</span> 
     </span>
    </p>
   </div>
   <div class='ocr_carea' id='block_1_40' title="bbox 101 1113 818 1152">
    <p class='ocr_par' dir='ltr' id='par_1_40' title="bbox 101 1113 818 1152">
     <span class='ocr_line' id='line_1_40' title="bbox 101 1113 818 1152; baseline 0.007 -13"><span class='ocrx_word' id='word_1_287' title='bbox 101 1113 149 1139; x_wconf 74' lang='grc' dir='ltr'>καὶ</span> <span class='ocrx_word' id='word_1_288' title='bbox 172 1113 225 1140; x_wconf 84' lang='grc' dir='ltr'><strong>τῶν</strong></span> <span class='ocrx_word' id='word_1_289' title='bbox 241 1114 322 1141; x_wconf 81' lang='grc' dir='ltr'>αὑτοῦ</span> <span class='ocrx_word' id='word_1_290' title='bbox 338 1116 475 1150; x_wconf 74' lang='grc' dir='ltr'>φοιτητῶν</span> <span class='ocrx_word' id='word_1_291' title='bbox 490 1117 666 1152; x_wconf 82' lang='grc' dir='ltr'>ὑπάρχουσαν</span> <span class='ocrx_word' id='word_1_292' title='bbox 685 1117 818 1152; x_wconf 81' lang='grc' dir='ltr'><strong>γέννημα.</strong></span> 
     </span>
    </p>
   </div>
   <div class='ocr_carea' id='block_1_41' title="bbox 184 1159 815 1197">
    <p class='ocr_par' dir='ltr' id='par_1_41' title="bbox 184 1159 815 1197">
     <span class='ocr_line' id='line_1_41' title="bbox 184 1159 815 1197; baseline 0.006 -10"><span class='ocrx_word' id='word_1_293' title='bbox 184 1159 240 1187; x_wconf 84' lang='grc' dir='ltr'><strong>Τοῦ</strong></span> <span class='ocrx_word' id='word_1_294' title='bbox 256 1162 349 1197; x_wconf 72' lang='grc' dir='ltr'>αὐτοῦ</span> <span class='ocrx_word' id='word_1_295' title='bbox 364 1162 430 1195; x_wconf 77' lang='grc' dir='ltr'>περὶ</span> <span class='ocrx_word' id='word_1_296' title='bbox 445 1162 592 1190; x_wconf 68' lang='grc' dir='ltr'>συνθέτοι,</span> <span class='ocrx_word' id='word_1_297' title='bbox 609 1163 815 1197; x_wconf 80' lang='grc' dir='ltr'>ὑποστάσεως.</span> 
     </span>
    </p>
   </div>
   <div class='ocr_carea' id='block_1_42' title="bbox 139 1204 887 1244">
    <p class='ocr_par' dir='ltr' id='par_1_42' title="bbox 139 1204 887 1244">
     <span class='ocr_line' id='line_1_42' title="bbox 139 1204 887 1244; baseline 0.005 -13"><span class='ocrx_word' id='word_1_298' title='bbox 139 1204 170 1232; x_wconf 80' lang='grc' dir='ltr'><strong>Εἰ</strong></span> <span class='ocrx_word' id='word_1_299' title='bbox 185 1205 223 1236; x_wconf 82' lang='grc' dir='ltr'><strong>δὲ,</strong></span> <span class='ocrx_word' id='word_1_300' title='bbox 241 1207 282 1232; x_wconf 87' lang='grc' dir='ltr'><strong>ότι</strong></span> <span class='ocrx_word' id='word_1_301' title='bbox 298 1207 371 1233; x_wconf 76' lang='grc' dir='ltr'>πᾶσα</span> <span class='ocrx_word' id='word_1_302' title='bbox 387 1207 536 1239; x_wconf 77' lang='grc' dir='ltr'><strong>ὑπόστασις</strong></span> <span class='ocrx_word' id='word_1_303' title='bbox 553 1208 678 1238; x_wconf 82' lang='grc' dir='ltr'>σύνθετος</span> <span class='ocrx_word' id='word_1_304' title='bbox 693 1209 776 1244; x_wconf 78' lang='grc' dir='ltr'>ἑαυτῇ</span> <span class='ocrx_word' id='word_1_305' title='bbox 795 1217 823 1235; x_wconf 83' lang='grc' dir='ltr'><strong>τε</strong></span> <span class='ocrx_word' id='word_1_306' title='bbox 839 1209 887 1236; x_wconf 83' lang='grc' dir='ltr'>καὶ</span> 
     </span>
    </p>
   </div>
   <div class='ocr_carea' id='block_1_43' title="bbox 100 1251 885 1289">
    <p class='ocr_par' dir='ltr' id='par_1_43' title="bbox 100 1251 885 1289">
     <span class='ocr_line' id='line_1_43' title="bbox 100 1251 885 1289; baseline 0.005 -12"><span class='ocrx_word' id='word_1_307' title='bbox 100 1251 226 1286; x_wconf 82' lang='grc' dir='ltr'>ἀλλήλοις</span> <span class='ocrx_word' id='word_1_308' title='bbox 239 1252 272 1278; x_wconf 76' lang='grc' dir='ltr'><strong>τὰ</strong></span> <span class='ocrx_word' id='word_1_309' title='bbox 291 1251 345 1278; x_wconf 68' lang='lat' dir='ltr'><strong>tam</strong></span> <span class='ocrx_word' id='word_1_310' title='bbox 369 1253 440 1288; x_wconf 83' lang='grc' dir='ltr'>μέρη</span> <span class='ocrx_word' id='word_1_311' title='bbox 459 1254 594 1288; x_wconf 77' lang='grc' dir='ltr'>ὁμόχρονα</span> <span class='ocrx_word' id='word_1_312' title='bbox 616 1254 716 1289; x_wconf 80' lang='grc' dir='ltr'>σχοῦσα</span> <span class='ocrx_word' id='word_1_313' title='bbox 730 1254 885 1286; x_wconf 78' lang='grc' dir='ltr'>δείκνυται,</span> 
     </span>
    </p>
   </div>
   <div class='ocr_carea' id='block_1_44' title="bbox 102 1296 885 1334">
    <p class='ocr_par' dir='ltr' id='par_1_44' title="bbox 102 1296 885 1334">
     <span class='ocr_line' id='line_1_44' title="bbox 102 1296 885 1334; baseline 0.005 -12"><span class='ocrx_word' id='word_1_314' title='bbox 102 1297 252 1324; x_wconf 80' lang='grc' dir='ltr'>ὑπόστασιν</span> <span class='ocrx_word' id='word_1_315' title='bbox 277 1298 305 1324; x_wconf 70' lang='grc' dir='ltr'><strong>δὲ</strong></span> <span class='ocrx_word' id='word_1_316' title='bbox 331 1298 459 1325; x_wconf 80' lang='grc' dir='ltr'>σύνθετον</span> <span class='ocrx_word' id='word_1_317' title='bbox 485 1296 553 1326; x_wconf 79' lang='grc' dir='ltr'>εἶναι</span> <span class='ocrx_word' id='word_1_318' title='bbox 580 1299 671 1333; x_wconf 81' lang='grc' dir='ltr'>λέγειν</span> <span class='ocrx_word' id='word_1_319' title='bbox 696 1300 742 1326; x_wconf 69' lang='grc' dir='ltr'>τὶν</span> <span class='ocrx_word' id='word_1_320' title='bbox 769 1299 885 1334; x_wconf 66' lang='grc' dir='ltr'>Χριστὸν</span> 
     </span>
    </p>
   </div>
   <div class='ocr_carea' id='block_1_45' title="bbox 102 1342 887 1379">
    <p class='ocr_par' dir='ltr' id='par_1_45' title="bbox 102 1342 887 1379">
     <span class='ocr_line' id='line_1_45' title="bbox 102 1342 887 1379; baseline 0.006 -12"><span class='ocrx_word' id='word_1_321' title='bbox 102 1342 153 1368; x_wconf 86' lang='grc' dir='ltr'>οὐκ</span> <span class='ocrx_word' id='word_1_322' title='bbox 167 1342 343 1378; x_wconf 77' lang='grc' dir='ltr'>ἀρνούμεθα,</span> <span class='ocrx_word' id='word_1_323' title='bbox 369 1344 472 1371; x_wconf 86' lang='grc' dir='ltr'>εῐποιεν</span> <span class='ocrx_word' id='word_1_324' title='bbox 495 1345 542 1371; x_wconf 67' lang='grc' dir='ltr'>καὶ</span> <span class='ocrx_word' id='word_1_325' title='bbox 565 1346 638 1379; x_wconf 80' lang='grc' dir='ltr'>ἡμᾶς</span> <span class='ocrx_word' id='word_1_326' title='bbox 655 1346 679 1372; x_wconf 74' lang='grc' dir='ltr'>οἱ</span> <span class='ocrx_word' id='word_1_327' title='bbox 701 1345 887 1379; x_wconf 75' lang='grc' dir='ltr'>ἀντιλέγοντες</span> 
     </span>
    </p>
   </div>
   <div class='ocr_carea' id='block_1_46' title="bbox 105 1387 884 1425">
    <p class='ocr_par' dir='ltr' id='par_1_46' title="bbox 105 1387 884 1425">
     <span class='ocr_line' id='line_1_46' title="bbox 105 1387 884 1425; baseline 0.004 -11"><span class='ocrx_word' id='word_1_328' title='bbox 105 1387 144 1422; x_wconf 84' lang='grc' dir='ltr'>μὴ</span> <span class='ocrx_word' id='word_1_329' title='bbox 157 1387 288 1415; x_wconf 78' lang='grc' dir='ltr'>δύνασθαι</span> <span class='ocrx_word' id='word_1_330' title='bbox 305 1389 354 1424; x_wconf 86' lang='grc' dir='ltr'>τὴν</span> <span class='ocrx_word' id='word_1_331' title='bbox 371 1390 417 1415; x_wconf 63' lang='grc' dir='ltr'><strong>ἐπὶ</strong></span> <span class='ocrx_word' id='word_1_332' title='bbox 439 1389 525 1425; x_wconf 82' lang='grc' dir='ltr'>τούτῳ</span> <span class='ocrx_word' id='word_1_333' title='bbox 543 1390 654 1425; x_wconf 80' lang='grc' dir='ltr'>μομφὴν</span> <span class='ocrx_word' id='word_1_334' title='bbox 675 1390 864 1423; x_wconf 74' lang='grc' dir='ltr'>ἑκτινάξασθαι</span> <span class='ocrx_word' id='word_1_335' title='bbox 876 1411 884 1423; x_wconf 83' lang='grc'>,</span> 
     </span>
    </p>
   </div>
   <div class='ocr_carea' id='block_1_47' title="bbox 103 1433 885 1471">
    <p class='ocr_par' dir='ltr' id='par_1_47' title="bbox 103 1433 885 1471">
     <span class='ocr_line' id='line_1_47' title="bbox 103 1433 885 1471; baseline 0.004 -12"><span class='ocrx_word' id='word_1_336' title='bbox 103 1433 142 1464; x_wconf 85' lang='grc' dir='ltr'>ὼς</span> <span class='ocrx_word' id='word_1_337' title='bbox 169 1434 225 1465; x_wconf 79' lang='grc' dir='ltr'>τοῖς</span> <span class='ocrx_word' id='word_1_338' title='bbox 251 1434 326 1465; x_wconf 87' lang='grc' dir='ltr'>ῐδίοις</span> <span class='ocrx_word' id='word_1_339' title='bbox 345 1434 500 1467; x_wconf 77' lang='grc' dir='ltr'><strong>ἑαλωκότας</strong></span> <span class='ocrx_word' id='word_1_340' title='bbox 529 1435 635 1468; x_wconf 80' lang='grc' dir='ltr'>λόγοις⁵</span> <span class='ocrx_word' id='word_1_341' title='bbox 661 1436 751 1471; x_wconf 78' lang='grc' dir='ltr'>φαμὲν</span> <span class='ocrx_word' id='word_1_342' title='bbox 777 1435 885 1470; x_wconf 75' lang='grc' dir='ltr'>ἀληῦῶς</span> 
     </span>
    </p>
   </div>
   <div class='ocr_carea' id='block_1_48' title="bbox 103 1476 886 1513">
    <p class='ocr_par' dir='ltr' id='par_1_48' title="bbox 103 1476 886 1513">
     <span class='ocr_line' id='line_1_48' title="bbox 103 1476 886 1513; baseline 0 -9"><span class='ocrx_word' id='word_1_343' title='bbox 103 1477 191 1509; x_wconf 80' lang='grc' dir='ltr'>οὕτως</span> <span class='ocrx_word' id='word_1_344' title='bbox 210 1478 284 1512; x_wconf 80' lang='grc' dir='ltr'>ἔχειν</span> <span class='ocrx_word' id='word_1_345' title='bbox 294 1497 301 1509; x_wconf 85' lang='grc'>,</span> <span class='ocrx_word' id='word_1_346' title='bbox 328 1479 407 1513; x_wconf 75' lang='grc' dir='ltr'>εἴπερ</span> <span class='ocrx_word' id='word_1_347' title='bbox 423 1478 549 1505; x_wconf 67' lang='grc' dir='ltr'>σύνθετον</span> <span class='ocrx_word' id='word_1_348' title='bbox 563 1477 643 1511; x_wconf 76' lang='grc' dir='ltr'>εἴναι,</span> <span class='ocrx_word' id='word_1_349' title='bbox 658 1479 695 1510; x_wconf 82' lang='grc' dir='ltr'>ὼς</span> <span class='ocrx_word' id='word_1_350' title='bbox 719 1476 787 1510; x_wconf 70' lang='grc' dir='ltr'>εἶδος</span> <span class='ocrx_word' id='word_1_351' title='bbox 802 1478 886 1512; x_wconf 81' lang='grc' dir='ltr'>αὐτῆς</span> 
     </span>
    </p>
   </div>
   <div class='ocr_carea' id='block_1_49' title="bbox 103 1523 886 1560">
    <p class='ocr_par' dir='ltr' id='par_1_49' title="bbox 103 1523 886 1560">
     <span class='ocr_line' id='line_1_49' title="bbox 103 1523 886 1560; baseline -0.001 -9"><span class='ocrx_word' id='word_1_352' title='bbox 103 1523 313 1560; x_wconf 69' lang='grc' dir='ltr'>κατηγοροῦμεν</span> <span class='ocrx_word' id='word_1_353' title='bbox 327 1524 441 1559; x_wconf 73' lang='grc' dir='ltr'>ἔχουσαν</span> <span class='ocrx_word' id='word_1_354' title='bbox 458 1524 653 1559; x_wconf 77' lang='grc' dir='ltr'>ὑποτιθέμεθα.</span> <span class='ocrx_word' id='word_1_355' title='bbox 678 1524 736 1550; x_wconf 81' lang='grc' dir='ltr'><strong>Νῦν</strong></span> <span class='ocrx_word' id='word_1_356' title='bbox 765 1524 794 1550; x_wconf 80' lang='grc' dir='ltr'><strong>δὲ</strong></span> <span class='ocrx_word' id='word_1_357' title='bbox 807 1523 886 1550; x_wconf 80' lang='grc' dir='ltr'>τοῦτο</span> 
     </span>
    </p>
   </div>
   <div class='ocr_carea' id='block_1_50' title="bbox 105 1569 885 1605">
    <p class='ocr_par' dir='ltr' id='par_1_50' title="bbox 105 1569 885 1605">
     <span class='ocr_line' id='line_1_50' title="bbox 105 1569 885 1605; baseline -0.003 -9"><span class='ocrx_word' id='word_1_358' title='bbox 105 1570 144 1605; x_wconf 84' lang='grc' dir='ltr'>μὴ</span> <span class='ocrx_word' id='word_1_359' title='bbox 157 1569 284 1603; x_wconf 81' lang='grc' dir='ltr'>λέγοντες</span> <span class='ocrx_word' id='word_1_360' title='bbox 294 1590 301 1602; x_wconf 83' lang='grc'><em>,</em></span> <span class='ocrx_word' id='word_1_361' title='bbox 319 1569 445 1604; x_wconf 70' lang='grc' dir='ltr'>οὐδαμῶς</span> <span class='ocrx_word' id='word_1_362' title='bbox 460 1570 510 1605; x_wconf 82' lang='grc' dir='ltr'>τὴν</span> <span class='ocrx_word' id='word_1_363' title='bbox 524 1569 630 1596; x_wconf 78' lang='grc' dir='ltr'>οἱανοῦν</span> <span class='ocrx_word' id='word_1_364' title='bbox 644 1570 741 1604; x_wconf 73' lang='grc' dir='ltr'>ἕξομεν</span> <span class='ocrx_word' id='word_1_365' title='bbox 764 1569 885 1605; x_wconf 71' lang='grc' dir='ltr'>μομφὴν,</span> 
     </span>
    </p>
   </div>
   <div class='ocr_carea' id='block_1_51' title="bbox 103 1613 886 1651">
    <p class='ocr_par' dir='ltr' id='par_1_51' title="bbox 103 1613 886 1651">
     <span class='ocr_line' id='line_1_51' title="bbox 103 1613 886 1651; baseline -0.001 -9"><span class='ocrx_word' id='word_1_366' title='bbox 103 1616 199 1650; x_wconf 76' lang='grc' dir='ltr'>σαφῶς</span> <span class='ocrx_word' id='word_1_367' title='bbox 223 1615 402 1649; x_wconf 82' lang='grc' dir='ltr'>γινώσκοντες</span> <span class='ocrx_word' id='word_1_368' title='bbox 426 1615 463 1651; x_wconf 81' lang='grc' dir='ltr'>μὴ</span> <span class='ocrx_word' id='word_1_369' title='bbox 489 1615 522 1642; x_wconf 81' lang='grc' dir='ltr'><strong>δι’</strong></span> <span class='ocrx_word' id='word_1_370' title='bbox 541 1616 642 1650; x_wconf 78' lang='grc' dir='ltr'>ἑαυτὴν</span> <span class='ocrx_word' id='word_1_371' title='bbox 667 1615 792 1642; x_wconf 81' lang='grc' dir='ltr'>σύνθετον</span> <span class='ocrx_word' id='word_1_372' title='bbox 816 1613 886 1641; x_wconf 72' lang='grc' dir='ltr'>εἶναι</span> 
     </span>
    </p>
   </div>
   <div class='ocr_carea' id='block_1_52' title="bbox 102 1653 888 1697">
    <p class='ocr_par' dir='ltr' id='par_1_52' title="bbox 102 1653 888 1697">
     <span class='ocr_line' id='line_1_52' title="bbox 102 1653 888 1697; baseline -0.003 -9"><span class='ocrx_word' id='word_1_373' title='bbox 102 1663 196 1688; x_wconf 75' lang='grc' dir='ltr'>πᾶσαν</span> <span class='ocrx_word' id='word_1_374' title='bbox 223 1661 348 1688; x_wconf 82' lang='grc' dir='ltr'>σύνθετον</span> <span class='ocrx_word' id='word_1_375' title='bbox 373 1662 523 1688; x_wconf 80' lang='grc' dir='ltr'>ὑπόστασιν</span> <span class='ocrx_word' id='word_1_376' title='bbox 546 1662 595 1697; x_wconf 84' lang='grc' dir='ltr'>τὴν</span> <span class='ocrx_word' id='word_1_377' title='bbox 625 1662 678 1688; x_wconf 81' lang='grc' dir='ltr'>ὑπό</span> <span class='ocrx_word' id='word_1_378' title='bbox 705 1669 730 1688; x_wconf 86' lang='grc' dir='ltr'><strong>τι</strong></span> <span class='ocrx_word' id='word_1_379' title='bbox 748 1653 888 1687; x_wconf 72' lang='grc' dir='ltr'>’τελοῦσαν</span> 
     </span>
    </p>
   </div>
   <div class='ocr_carea' id='block_1_53' title="bbox 102 1700 888 1742">
    <p class='ocr_par' dir='ltr' id='par_1_53' title="bbox 102 1700 888 1742">
     <span class='ocr_line' id='line_1_53' title="bbox 102 1700 888 1742; baseline -0.001 -9"><span class='ocrx_word' id='word_1_380' title='bbox 102 1706 185 1738; x_wconf 73' lang='grc' dir='ltr'>εἶδος,</span> <span class='ocrx_word' id='word_1_381' title='bbox 213 1706 282 1733; x_wconf 80' lang='grc' dir='ltr'><strong>ἀλλᾶ</strong></span> <span class='ocrx_word' id='word_1_382' title='bbox 306 1707 350 1733; x_wconf 82' lang='grc' dir='ltr'>διὰ</span> <span class='ocrx_word' id='word_1_383' title='bbox 372 1706 422 1742; x_wconf 82' lang='grc' dir='ltr'>τὴν</span> <span class='ocrx_word' id='word_1_384' title='bbox 446 1706 528 1739; x_wconf 78' lang='grc' dir='ltr'>φύσιν</span> <span class='ocrx_word' id='word_1_385' title='bbox 545 1707 594 1741; x_wconf 82' lang='grc' dir='ltr'><strong>τὴν</strong></span> <span class='ocrx_word' id='word_1_386' title='bbox 618 1700 808 1741; x_wconf 68' lang='grc' dir='ltr'>περιέχουσαν,</span> <span class='ocrx_word' id='word_1_387' title='bbox 824 1707 888 1733; x_wconf 85' lang='grc' dir='ltr'>ὅταν</span> 
     </span>
    </p>
   </div>
   <div class='ocr_carea' id='block_1_54' title="bbox 103 1750 887 1789">
    <p class='ocr_par' dir='ltr' id='par_1_54' title="bbox 103 1750 887 1789">
     <span class='ocr_line' id='line_1_54' title="bbox 103 1750 887 1789; baseline -0.003 -11"><span class='ocrx_word' id='word_1_388' title='bbox 103 1753 230 1783; x_wconf 83' lang='grc' dir='ltr'>σύνθετος</span> <span class='ocrx_word' id='word_1_389' title='bbox 256 1750 284 1789; x_wconf 83' lang='grc' dir='ltr'><strong>ᾖ,</strong></span> <span class='ocrx_word' id='word_1_390' title='bbox 310 1753 358 1779; x_wconf 75' lang='grc' dir='ltr'>καὶ</span> <span class='ocrx_word' id='word_1_391' title='bbox 385 1753 416 1779; x_wconf 82' lang='grc' dir='ltr'>τδ</span> <span class='ocrx_word' id='word_1_392' title='bbox 441 1752 680 1788; x_wconf 79' lang='grc' dir='ltr'>κατηγορούμενον</span> <span class='ocrx_word' id='word_1_393' title='bbox 707 1750 786 1783; x_wconf 78' lang='grc' dir='ltr'>εἶδος,</span> <span class='ocrx_word' id='word_1_394' title='bbox 815 1751 887 1785; x_wconf 79' lang='grc' dir='ltr'><strong>ὗφ⁹ὂ</strong></span> 
     </span>
    </p>
   </div>
   <div class='ocr_carea' id='block_1_55' title="bbox 101 1795 885 1832">
    <p class='ocr_par' dir='ltr' id='par_1_55' title="bbox 101 1795 885 1832">
     <span class='ocr_line' id='line_1_55' title="bbox 101 1795 885 1832; baseline -0.004 -8"><span class='ocrx_word' id='word_1_395' title='bbox 101 1797 252 1832; x_wconf 69' lang='grc' dir='ltr'>ἀνάγεσθαι</span> <span class='ocrx_word' id='word_1_396' title='bbox 268 1797 400 1831; x_wconf 78' lang='grc' dir='ltr'>πέφυκεν,</span> <span class='ocrx_word' id='word_1_397' title='bbox 422 1797 460 1829; x_wconf 85' lang='grc' dir='ltr'>ὡς</span> <span class='ocrx_word' id='word_1_398' title='bbox 482 1797 528 1823; x_wconf 86' lang='grc' dir='ltr'>τοῦ</span> <span class='ocrx_word' id='word_1_399' title='bbox 548 1797 661 1831; x_wconf 81' lang='grc' dir='ltr'>μερικοῦ</span> <span class='ocrx_word' id='word_1_400' title='bbox 673 1818 680 1829; x_wconf 86' lang='grc'>,</span> <span class='ocrx_word' id='word_1_401' title='bbox 694 1797 777 1831; x_wconf 74' lang='grc' dir='ltr'>ἤγουν</span> <span class='ocrx_word' id='word_1_402' title='bbox 792 1795 885 1827; x_wconf 87' lang='grc' dir='ltr'>ίδικοῦ,</span> 
     </span>
    </p>
   </div>
   <div class='ocr_carea' id='block_1_56' title="bbox 101 1841 886 1878">
    <p class='ocr_par' dir='ltr' id='par_1_56' title="bbox 101 1841 886 1878">
     <span class='ocr_line' id='line_1_56' title="bbox 101 1841 886 1878; baseline -0.003 -8"><span class='ocrx_word' id='word_1_403' title='bbox 101 1845 165 1870; x_wconf 77' lang='grc' dir='ltr'>ὅλον</span> <span class='ocrx_word' id='word_1_404' title='bbox 180 1844 286 1878; x_wconf 72' lang='grc' dir='ltr'>ἔχοντος</span> <span class='ocrx_word' id='word_1_405' title='bbox 303 1845 331 1870; x_wconf 81' lang='grc' dir='ltr'>ὲν</span> <span class='ocrx_word' id='word_1_406' title='bbox 350 1842 439 1878; x_wconf 76' lang='grc' dir='ltr'>ἑαυτῷ</span> <span class='ocrx_word' id='word_1_407' title='bbox 461 1843 491 1869; x_wconf 63' lang='grc' dir='ltr'>το</span> <span class='ocrx_word' id='word_1_408' title='bbox 507 1843 620 1869; x_wconf 75' lang='grc' dir='ltr'>καθόλου</span> <span class='ocrx_word' id='word_1_409' title='bbox 633 1862 641 1874; x_wconf 83' lang='grc'><em>,</em></span> <span class='ocrx_word' id='word_1_410' title='bbox 665 1843 725 1878; x_wconf 72' lang='grc' dir='ltr'>ἦτοι</span> <span class='ocrx_word' id='word_1_411' title='bbox 741 1842 772 1869; x_wconf 78' lang='grc' dir='ltr'><strong>τὸ</strong></span> <span class='ocrx_word' id='word_1_412' title='bbox 787 1841 886 1872; x_wconf 79' lang='grc' dir='ltr'>κοινὸν.</span> 
     </span>
    </p>
   </div>
   <div class='ocr_carea' id='block_1_57' title="bbox 103 1887 888 1923">
    <p class='ocr_par' dir='ltr' id='par_1_57' title="bbox 103 1887 888 1923">
     <span class='ocr_line' id='line_1_57' title="bbox 103 1887 888 1923; baseline -0.003 -7"><span class='ocrx_word' id='word_1_413' title='bbox 103 1890 153 1916; x_wconf 81' lang='grc' dir='ltr'>καὶ</span> <span class='ocrx_word' id='word_1_414' title='bbox 177 1890 285 1923; x_wconf 83' lang='grc' dir='ltr'>γενικδν</span> <span class='ocrx_word' id='word_1_415' title='bbox 305 1889 511 1923; x_wconf 73' lang='grc' dir='ltr'>πληρεστατον,</span> <span class='ocrx_word' id='word_1_416' title='bbox 532 1888 579 1915; x_wconf 80' lang='grc' dir='ltr'>τοῦ</span> <span class='ocrx_word' id='word_1_417' title='bbox 594 1888 622 1915; x_wconf 77' lang='grc' dir='ltr'><strong>δὲ</strong></span> <span class='ocrx_word' id='word_1_418' title='bbox 640 1889 705 1915; x_wconf 83' lang='grc' dir='ltr'>ἰδίου</span> <span class='ocrx_word' id='word_1_419' title='bbox 727 1888 757 1915; x_wconf 84' lang='grc' dir='ltr'><strong>τὺ</strong></span> <span class='ocrx_word' id='word_1_420' title='bbox 778 1887 888 1914; x_wconf 84' lang='grc' dir='ltr'>σύνολον</span> 
     </span>
    </p>
   </div>
   <div class='ocr_carea' id='block_1_58' title="bbox 101 1934 889 1970">
    <p class='ocr_par' dir='ltr' id='par_1_58' title="bbox 101 1934 889 1970">
     <span class='ocr_line' id='line_1_58' title="bbox 101 1934 889 1970; baseline 0 -10"><span class='ocrx_word' id='word_1_421' title='bbox 101 1934 186 1967; x_wconf 67' lang='grc' dir='ltr'>λόγου</span> <span class='ocrx_word' id='word_1_422' title='bbox 212 1935 251 1970; x_wconf 75' lang='grc' dir='ltr'>τῷ</span> <span class='ocrx_word' id='word_1_423' title='bbox 275 1934 378 1969; x_wconf 84' lang='grc' dir='ltr'>γενικῷ</span> <span class='ocrx_word' id='word_1_424' title='bbox 407 1934 594 1968; x_wconf 75' lang='grc' dir='ltr'>μεταδιδόντος</span> <span class='ocrx_word' id='word_1_425' title='bbox 616 1935 702 1962; x_wconf 75' lang='grc' dir='ltr'>οὐδέν.</span> <span class='ocrx_word' id='word_1_426' title='bbox 730 1935 820 1969; x_wconf 85' lang='grc' dir='ltr'>Ὅπερ</span> <span class='ocrx_word' id='word_1_427' title='bbox 843 1934 889 1960; x_wconf 75' lang='grc' dir='ltr'><strong>ἐπὶ</strong></span> 
     </span>
    </p>
   </div>
   <div class='ocr_carea' id='block_1_59' title="bbox 102 1978 888 2014">
    <p class='ocr_par' dir='ltr' id='par_1_59' title="bbox 102 1978 888 2014">
     <span class='ocr_line' id='line_1_59' title="bbox 102 1978 888 2014; baseline -0.003 -8"><span class='ocrx_word' id='word_1_428' title='bbox 102 1979 224 2013; x_wconf 82' lang='grc' dir='ltr'>Χριστοῦ</span> <span class='ocrx_word' id='word_1_429' title='bbox 244 1978 330 2008; x_wconf 82' lang='grc' dir='ltr'>οὐδεὶς</span> <span class='ocrx_word' id='word_1_430' title='bbox 345 1978 471 2012; x_wconf 77' lang='grc' dir='ltr'><strong>οὐδαμῶς</strong></span> <span class='ocrx_word' id='word_1_431' title='bbox 488 1978 542 2004; x_wconf 84' lang='grc' dir='ltr'><strong>τῶν</strong></span> <span class='ocrx_word' id='word_1_432' title='bbox 556 1978 690 2005; x_wconf 80' lang='grc' dir='ltr'>ἀνέκαθεν</span> <span class='ocrx_word' id='word_1_433' title='bbox 705 1979 888 2014; x_wconf 80' lang='grc' dir='ltr'>μέχριςήμῶν</span> 
     </span>
    </p>
   </div>
   <div class='ocr_carea' id='block_1_60' title="bbox 103 2023 890 2059">
    <p class='ocr_par' dir='ltr' id='par_1_60' title="bbox 103 2023 890 2059">
     <span class='ocr_line' id='line_1_60' title="bbox 103 2023 890 2059; baseline 0 -9"><span class='ocrx_word' id='word_1_434' title='bbox 103 2024 259 2058; x_wconf 78' lang='grc' dir='ltr'>γενομένων</span> <span class='ocrx_word' id='word_1_435' title='bbox 273 2023 318 2050; x_wconf 80' lang='grc' dir='ltr'>τοῦ</span> <span class='ocrx_word' id='word_1_436' title='bbox 337 2023 417 2057; x_wconf 85' lang='grc' dir='ltr'>λόγου</span> <span class='ocrx_word' id='word_1_437' title='bbox 438 2025 488 2058; x_wconf 81' lang='grc' dir='ltr'>τῆς</span> <span class='ocrx_word' id='word_1_438' title='bbox 504 2023 646 2055; x_wconf 76' lang='grc' dir='ltr'>εὐσεϐείας</span> <span class='ocrx_word' id='word_1_439' title='bbox 662 2024 812 2059; x_wconf 82' lang='grc' dir='ltr'>ὑφηγητῶν</span> <span class='ocrx_word' id='word_1_440' title='bbox 826 2032 890 2059; x_wconf 88' lang='grc' dir='ltr'>φρο-</span> 
     </span>
    </p>
   </div>
   <div class='ocr_carea' id='block_1_61' title="bbox 102 2066 889 2104">
    <p class='ocr_par' dir='ltr' id='par_1_61' title="bbox 102 2066 889 2104">
     <span class='ocr_line' id='line_1_61' title="bbox 102 2066 889 2104; baseline -0.001 -8"><span class='ocrx_word' id='word_1_441' title='bbox 102 2069 159 2096; x_wconf 85' lang='grc' dir='ltr'>νῶν</span> <span class='ocrx_word' id='word_1_442' title='bbox 173 2069 364 2104; x_wconf 75' lang='grc' dir='ltr'>ὰνηγόρευται.</span> <span class='ocrx_word' id='word_1_443' title='bbox 393 2069 435 2102; x_wconf 77' lang='grc' dir='ltr'><strong>ἐφ’</strong></span> <span class='ocrx_word' id='word_1_444' title='bbox 450 2066 480 2096; x_wconf 71' lang='grc' dir='ltr'><strong>οὗ</strong></span> <span class='ocrx_word' id='word_1_445' title='bbox 498 2068 561 2096; x_wconf 71' lang='grc' dir='ltr'>οὔτε</span> <span class='ocrx_word' id='word_1_446' title='bbox 588 2069 667 2103; x_wconf 83' lang='grc' dir='ltr'>γένος</span> <span class='ocrx_word' id='word_1_447' title='bbox 688 2069 749 2095; x_wconf 76' lang='grc' dir='ltr'>οὕτε</span> <span class='ocrx_word' id='word_1_448' title='bbox 765 2068 834 2101; x_wconf 75' lang='grc' dir='ltr'>εἶδος</span> <span class='ocrx_word' id='word_1_449' title='bbox 851 2070 889 2101; x_wconf 81' lang='grc' dir='ltr'>ὡς</span> 
     </span>
    </p>
   </div>
   <div class='ocr_carea' id='block_1_62' title="bbox 100 2115 887 2150">
    <p class='ocr_par' dir='ltr' id='par_1_62' title="bbox 100 2115 887 2150">
     <span class='ocr_line' id='line_1_62' title="bbox 100 2115 887 2150; baseline 0.003 -9"><span class='ocrx_word' id='word_1_450' title='bbox 100 2115 224 2150; x_wconf 86' lang='grc' dir='ltr'>Χριστοῦ</span> <span class='ocrx_word' id='word_1_451' title='bbox 241 2115 481 2150; x_wconf 79' lang='grc' dir='ltr'>κατηγορούμενον</span> <span class='ocrx_word' id='word_1_452' title='bbox 503 2115 594 2149; x_wconf 78' lang='grc' dir='ltr'>εὑρεῖν</span> <span class='ocrx_word' id='word_1_453' title='bbox 621 2124 662 2147; x_wconf 83' lang='grc' dir='ltr'><strong>τις</strong></span> <span class='ocrx_word' id='word_1_454' title='bbox 676 2116 832 2149; x_wconf 85' lang='grc' dir='ltr'>δυνήσεται.</span> <span class='ocrx_word' id='word_1_455' title='bbox 849 2117 887 2143; x_wconf 88' lang='grc' dir='ltr'><strong>Οὐ</strong></span> 
     </span>
    </p>
   </div>
   <div class='ocr_carea' id='block_1_63' title="bbox 101 2160 886 2195">
    <p class='ocr_par' dir='ltr' id='par_1_63' title="bbox 101 2160 886 2195">
     <span class='ocr_line' id='line_1_63' title="bbox 101 2160 886 2195; baseline 0.001 -10"><span class='ocrx_word' id='word_1_456' title='bbox 101 2161 160 2194; x_wconf 71' lang='grc' dir='ltr'><strong>γὰρ</strong></span> <span class='ocrx_word' id='word_1_457' title='bbox 172 2160 278 2194; x_wconf 83' lang='grc' dir='ltr'>φύσεως</span> <span class='ocrx_word' id='word_1_458' title='bbox 291 2160 361 2194; x_wconf 81' lang='grc' dir='ltr'>λόγῳ</span> <span class='ocrx_word' id='word_1_459' title='bbox 379 2160 446 2194; x_wconf 80' lang='grc' dir='ltr'>πρὸς</span> <span class='ocrx_word' id='word_1_460' title='bbox 462 2161 535 2195; x_wconf 80' lang='grc' dir='ltr'>ἡμᾶς</span> <span class='ocrx_word' id='word_1_461' title='bbox 547 2160 591 2186; x_wconf 68' lang='grc' dir='ltr'>διὰ</span> <span class='ocrx_word' id='word_1_462' title='bbox 601 2160 701 2195; x_wconf 75' lang='grc' dir='ltr'>σαρκὸς</span> <span class='ocrx_word' id='word_1_463' title='bbox 715 2162 729 2187; x_wconf 86' lang='grc' dir='ltr'><strong><em>ὁ</em></strong></span> <span class='ocrx_word' id='word_1_464' title='bbox 741 2161 886 2195; x_wconf 74' lang='grc' dir='ltr'>θεαρχικὺς</span> 
     </span>
    </p>
   </div>
   <div class='ocr_carea' id='block_1_64' title="bbox 938 929 1728 963">
    <p class='ocr_par' dir='ltr' id='par_1_64' title="bbox 938 929 1728 963">
     <span class='ocr_line' id='line_1_64' title="bbox 938 929 1728 963; baseline 0 -5"><span class='ocrx_word' id='word_1_465' title='bbox 938 931 1159 959; x_wconf 82' lang='lat' dir='ltr'><strong>sitamChristum</strong></span> <span class='ocrx_word' id='word_1_466' title='bbox 1175 931 1264 959; x_wconf 86' lang='lat' dir='ltr'><strong>dicere</strong></span> <span class='ocrx_word' id='word_1_467' title='bbox 1280 931 1392 959; x_wconf 84' lang='lat' dir='ltr'><strong>omnino</strong></span> <span class='ocrx_word' id='word_1_468' title='bbox 1403 938 1570 963; x_wconf 77' lang='lat' dir='ltr'><strong>recusamus,</strong></span> <span class='ocrx_word' id='word_1_469' title='bbox 1579 938 1631 958; x_wconf 89' lang='lat' dir='ltr'><strong>non</strong></span> <span class='ocrx_word' id='word_1_470' title='bbox 1640 929 1728 958; x_wconf 81' lang='lat' dir='ltr'><strong>solum</strong></span> 
     </span>
    </p>
   </div>
   <div class='ocr_carea' id='block_1_65' title="bbox 938 975 1728 1012">
    <p class='ocr_par' dir='ltr' id='par_1_65' title="bbox 938 975 1728 1012">
     <span class='ocr_line' id='line_1_65' title="bbox 938 975 1728 1012; baseline 0 -10"><span class='ocrx_word' id='word_1_471' title='bbox 938 981 1161 1010; x_wconf 85' lang='lat' dir='ltr'><strong>proptercausas,</strong></span> <span class='ocrx_word' id='word_1_472' title='bbox 1170 985 1238 1012; x_wconf 85' lang='lat' dir='ltr'><strong>quas</strong></span> <span class='ocrx_word' id='word_1_473' title='bbox 1246 977 1376 1008; x_wconf 75' lang='lat' dir='ltr'><strong>diximus.</strong></span> <span class='ocrx_word' id='word_1_474' title='bbox 1385 984 1477 1003; x_wconf 90' lang='lat' dir='ltr'><strong>verum</strong></span> <span class='ocrx_word' id='word_1_475' title='bbox 1489 976 1569 1003; x_wconf 77' lang='lat' dir='ltr'><strong>etiam</strong></span> <span class='ocrx_word' id='word_1_476' title='bbox 1578 975 1641 1010; x_wconf 85' lang='lat' dir='ltr'><strong>quia</strong></span> <span class='ocrx_word' id='word_1_477' title='bbox 1650 982 1728 1002; x_wconf 87' lang='lat' dir='ltr'><strong>nemo</strong></span> 
     </span>
    </p>
   </div>
   <div class='ocr_carea' id='block_1_66' title="bbox 937 1021 1728 1057">
    <p class='ocr_par' dir='ltr' id='par_1_66' title="bbox 937 1021 1728 1057">
     <span class='ocr_line' id='line_1_66' title="bbox 937 1021 1728 1057; baseline -0.004 -8"><span class='ocrx_word' id='word_1_478' title='bbox 937 1021 1045 1049; x_wconf 73' lang='lat' dir='ltr'><strong>Patrum</strong></span> <span class='ocrx_word' id='word_1_479' title='bbox 1058 1023 1232 1057; x_wconf 87' lang='lat' dir='ltr'><strong>probatorum</strong></span> <span class='ocrx_word' id='word_1_480' title='bbox 1243 1023 1356 1050; x_wconf 84' lang='lat' dir='ltr'><strong>adhunc</strong></span> <span class='ocrx_word' id='word_1_481' title='bbox 1371 1030 1458 1057; x_wconf 88' lang='lat' dir='ltr'><strong>usque</strong></span> <span class='ocrx_word' id='word_1_482' title='bbox 1471 1023 1541 1049; x_wconf 89' lang='lat' dir='ltr'><strong>diem</strong></span> <span class='ocrx_word' id='word_1_483' title='bbox 1554 1029 1648 1049; x_wconf 86' lang='lat' dir='ltr'><strong>vocem</strong></span> <span class='ocrx_word' id='word_1_484' title='bbox 1660 1022 1728 1047; x_wconf 86' lang='lat' dir='ltr'><strong>hanc</strong></span> 
     </span>
    </p>
   </div>
   <div class='ocr_carea' id='block_1_67' title="bbox 937 1067 1727 1104">
    <p class='ocr_par' dir='ltr' id='par_1_67' title="bbox 937 1067 1727 1104">
     <span class='ocr_line' id='line_1_67' title="bbox 937 1067 1727 1104; baseline 0.001 -10"><span class='ocrx_word' id='word_1_485' title='bbox 937 1069 1081 1102; x_wconf 82' lang='lat' dir='ltr'><strong>protulisse</strong></span> <span class='ocrx_word' id='word_1_486' title='bbox 1095 1069 1318 1104; x_wconf 84' lang='lat' dir='ltr'><strong>deprehenditur,</strong></span> <span class='ocrx_word' id='word_1_487' title='bbox 1328 1075 1355 1097; x_wconf 88' lang='lat' dir='ltr'><strong>et</strong></span> <span class='ocrx_word' id='word_1_488' title='bbox 1369 1070 1496 1104; x_wconf 86' lang='lat' dir='ltr'><strong>quoniam</strong></span> <span class='ocrx_word' id='word_1_489' title='bbox 1513 1068 1547 1095; x_wconf 88' lang='lat' dir='ltr'><strong>ab</strong></span> <span class='ocrx_word' id='word_1_490' title='bbox 1561 1067 1727 1102; x_wconf 82' lang='lat' dir='ltr'><strong>Apollinario</strong></span> 
     </span>
    </p>
   </div>
   <div class='ocr_carea' id='block_1_68' title="bbox 937 1111 1727 1148">
    <p class='ocr_par' dir='ltr' id='par_1_68' title="bbox 937 1111 1727 1148">
     <span class='ocr_line' id='line_1_68' title="bbox 937 1111 1727 1148; baseline -0.006 -7"><span class='ocrx_word' id='word_1_491' title='bbox 937 1117 964 1141; x_wconf 87' lang='lat' dir='ltr'><strong>ct</strong></span> <span class='ocrx_word' id='word_1_492' title='bbox 989 1114 1130 1148; x_wconf 86' lang='lat' dir='ltr'><strong>discipulis</strong></span> <span class='ocrx_word' id='word_1_493' title='bbox 1151 1113 1211 1148; x_wconf 85' lang='lat' dir='ltr'><strong>ejus</strong></span> <span class='ocrx_word' id='word_1_494' title='bbox 1235 1114 1376 1148; x_wconf 76' lang='lat' dir='ltr'><strong>perspicue</strong></span> <span class='ocrx_word' id='word_1_495' title='bbox 1401 1114 1507 1140; x_wconf 72' lang='lat' dir='ltr'><strong>videtur</strong></span> <span class='ocrx_word' id='word_1_496' title='bbox 1520 1119 1580 1140; x_wconf 87' lang='lat' dir='ltr'><strong>esse</strong></span> <span class='ocrx_word' id='word_1_497' title='bbox 1595 1111 1727 1146; x_wconf 80' lang='lat' dir='ltr'><strong>profecta.</strong></span> 
     </span>
    </p>
   </div>
   <div class='ocr_carea' id='block_1_69' title="bbox 1097 1160 1565 1194">
    <p class='ocr_par' dir='ltr' id='par_1_69' title="bbox 1097 1160 1565 1194">
     <span class='ocr_line' id='line_1_69' title="bbox 1097 1160 1565 1194; baseline -0.004 -7"><span class='ocrx_word' id='word_1_498' title='bbox 1097 1161 1221 1194; x_wconf 75' lang='lat' dir='ltr'><strong>Ejusdem</strong></span> <span class='ocrx_word' id='word_1_499' title='bbox 1236 1161 1268 1187; x_wconf 81' lang='lat' dir='ltr'><strong>de</strong></span> <span class='ocrx_word' id='word_1_500' title='bbox 1283 1168 1392 1194; x_wconf 69' lang='lat' dir='ltr'><strong>persona</strong></span> <span class='ocrx_word' id='word_1_501' title='bbox 1408 1160 1565 1194; x_wconf 71' lang='lat' dir='ltr'><strong>composita.</strong></span> 
     </span>
    </p>
   </div>
   <div class='ocr_carea' id='block_1_70' title="bbox 972 1203 1728 1241">
    <p class='ocr_par' dir='ltr' id='par_1_70' title="bbox 972 1203 1728 1241">
     <span class='ocr_line' id='line_1_70' title="bbox 972 1203 1728 1241; baseline -0.009 -7"><span class='ocrx_word' id='word_1_502' title='bbox 972 1206 1108 1238; x_wconf 80' lang='lat' dir='ltr'><strong>\&#39;erum,si</strong></span> <span class='ocrx_word' id='word_1_503' title='bbox 1118 1207 1245 1241; x_wconf 88' lang='lat' dir='ltr'><strong>quoniam</strong></span> <span class='ocrx_word' id='word_1_504' title='bbox 1259 1206 1346 1233; x_wconf 91' lang='lat' dir='ltr'><strong>omnis</strong></span> <span class='ocrx_word' id='word_1_505' title='bbox 1371 1212 1487 1240; x_wconf 83' lang='lat' dir='ltr'><strong>persona</strong></span> <span class='ocrx_word' id='word_1_506' title='bbox 1504 1203 1652 1238; x_wconf 87' lang='lat' dir='ltr'><strong>composita</strong></span> <span class='ocrx_word' id='word_1_507' title='bbox 1667 1210 1728 1236; x_wconf 69' lang='lat' dir='ltr'><strong>pri»</strong></span> 
     </span>
    </p>
   </div>
   <div class='ocr_carea' id='block_1_71' title="bbox 936 1249 1728 1288">
    <p class='ocr_par' dir='ltr' id='par_1_71' title="bbox 936 1249 1728 1288">
     <span class='ocr_line' id='line_1_71' title="bbox 936 1249 1728 1288; baseline -0.008 -8"><span class='ocrx_word' id='word_1_508' title='bbox 936 1254 1009 1287; x_wconf 87' lang='lat' dir='ltr'><strong>prias</strong></span> <span class='ocrx_word' id='word_1_509' title='bbox 1024 1258 1126 1288; x_wconf 79' lang='lat' dir='ltr'><strong>partes,</strong></span> <span class='ocrx_word' id='word_1_510' title='bbox 1141 1256 1168 1280; x_wconf 85' lang='lat' dir='ltr'><strong>et</strong></span> <span class='ocrx_word' id='word_1_511' title='bbox 1184 1259 1275 1280; x_wconf 84' lang='lat' dir='ltr'><strong>secum</strong></span> <span class='ocrx_word' id='word_1_512' title='bbox 1291 1256 1318 1279; x_wconf 84' lang='lat' dir='ltr'><strong>et</strong></span> <span class='ocrx_word' id='word_1_513' title='bbox 1334 1252 1406 1279; x_wconf 88' lang='lat' dir='ltr'><strong>inter</strong></span> <span class='ocrx_word' id='word_1_514' title='bbox 1420 1251 1495 1286; x_wconf 81' lang='lat' dir='ltr'><strong>ipsas</strong></span> <span class='ocrx_word' id='word_1_515' title='bbox 1519 1249 1641 1284; x_wconf 79' lang='lat' dir='ltr'><strong>ejusdem</strong></span> <span class='ocrx_word' id='word_1_516' title='bbox 1659 1254 1728 1275; x_wconf 91' lang='lat' dir='ltr'><strong>tem-</strong></span> 
     </span>
    </p>
   </div>
   <div class='ocr_carea' id='block_1_72' title="bbox 937 1294 1728 1333">
    <p class='ocr_par' dir='ltr' id='par_1_72' title="bbox 937 1294 1728 1333">
     <span class='ocr_line' id='line_1_72' title="bbox 937 1294 1728 1333; baseline -0.006 -7"><span class='ocrx_word' id='word_1_517' title='bbox 937 1299 1009 1333; x_wconf 88' lang='lat' dir='ltr'><strong>poris</strong></span> <span class='ocrx_word' id='word_1_518' title='bbox 1027 1299 1127 1326; x_wconf 85' lang='lat' dir='ltr'><strong>habere</strong></span> <span class='ocrx_word' id='word_1_519' title='bbox 1155 1299 1377 1333; x_wconf 87' lang='lat' dir='ltr'><strong>deprehenditur,</strong></span> <span class='ocrx_word' id='word_1_520' title='bbox 1397 1304 1446 1325; x_wconf 89' lang='lat' dir='ltr'><strong>nos</strong></span> <span class='ocrx_word' id='word_1_521' title='bbox 1474 1300 1562 1324; x_wconf 87' lang='lat' dir='ltr'><strong>autem</strong></span> <span class='ocrx_word' id='word_1_522' title='bbox 1589 1294 1728 1322; x_wconf 66' lang='lat' dir='ltr'><strong>Christum</strong></span> 
     </span>
    </p>
   </div>
   <div class='ocr_carea' id='block_1_73' title="bbox 937 1344 1728 1380">
    <p class='ocr_par' dir='ltr' id='par_1_73' title="bbox 937 1344 1728 1380">
     <span class='ocr_line' id='line_1_73' title="bbox 937 1344 1728 1380; baseline -0.01 -7"><span class='ocrx_word' id='word_1_523' title='bbox 937 1353 1079 1380; x_wconf 80' lang='lat' dir='ltr'><strong>personam</strong></span> <span class='ocrx_word' id='word_1_524' title='bbox 1089 1352 1152 1373; x_wconf 86' lang='lat' dir='ltr'><strong>esse</strong></span> <span class='ocrx_word' id='word_1_525' title='bbox 1167 1344 1345 1380; x_wconf 86' lang='lat' dir='ltr'><strong>compositam</strong></span> <span class='ocrx_word' id='word_1_526' title='bbox 1364 1344 1457 1371; x_wconf 82' lang='lat' dir='ltr'><strong>dicere</strong></span> <span class='ocrx_word' id='word_1_527' title='bbox 1482 1350 1535 1369; x_wconf 88' lang='lat' dir='ltr'><strong>non</strong></span> <span class='ocrx_word' id='word_1_528' title='bbox 1557 1347 1728 1369; x_wconf 68' lang='lat' dir='ltr'><strong>recusantes.</strong></span> 
     </span>
    </p>
   </div>
   <div class='ocr_carea' id='block_1_74' title="bbox 936 1385 1730 1427">
    <p class='ocr_par' dir='ltr' id='par_1_74' title="bbox 936 1385 1730 1427">
     <span class='ocr_line' id='line_1_74' title="bbox 936 1385 1730 1427; baseline -0.009 -8"><span class='ocrx_word' id='word_1_529' title='bbox 936 1396 1075 1427; x_wconf 80' lang='lat' dir='ltr'><strong>propterea</strong></span> <span class='ocrx_word' id='word_1_530' title='bbox 1093 1399 1142 1419; x_wconf 89' lang='lat' dir='ltr'><strong>nos</strong></span> <span class='ocrx_word' id='word_1_531' title='bbox 1164 1390 1313 1418; x_wconf 77' lang='lat' dir='ltr'><strong>adversarii</strong></span> <span class='ocrx_word' id='word_1_532' title='bbox 1337 1389 1454 1424; x_wconf 87' lang='lat' dir='ltr'><strong>propriis</strong></span> <span class='ocrx_word' id='word_1_533' title='bbox 1468 1392 1562 1421; x_wconf 81' lang='lat' dir='ltr'><strong>captos</strong></span> <span class='ocrx_word' id='word_1_534' title='bbox 1580 1385 1730 1413; x_wconf 81' lang='lat' dir='ltr'><strong>rationibus</strong></span> 
     </span>
    </p>
   </div>
   <div class='ocr_carea' id='block_1_75' title="bbox 937 1430 1728 1473">
    <p class='ocr_par' dir='ltr' id='par_1_75' title="bbox 937 1430 1728 1473">
     <span class='ocr_line' id='line_1_75' title="bbox 937 1430 1728 1473; baseline -0.013 -7"><span class='ocrx_word' id='word_1_535' title='bbox 937 1438 1173 1473; x_wconf 87' lang='lat' dir='ltr'><strong>reprehensionem</strong></span> <span class='ocrx_word' id='word_1_536' title='bbox 1190 1437 1276 1464; x_wconf 87' lang='lat' dir='ltr'><strong>vitare</strong></span> <span class='ocrx_word' id='word_1_537' title='bbox 1291 1443 1370 1471; x_wconf 81' lang='lat' dir='ltr'><strong>posse</strong></span> <span class='ocrx_word' id='word_1_538' title='bbox 1382 1434 1552 1469; x_wconf 67' lang='lat' dir='ltr'><strong>negaverint,</strong></span> <span class='ocrx_word' id='word_1_539' title='bbox 1578 1430 1728 1466; x_wconf 84' lang='lat' dir='ltr'><strong>responde-</strong></span> 
     </span>
    </p>
   </div>
   <div class='ocr_carea' id='block_1_76' title="bbox 936 1477 1731 1516">
    <p class='ocr_par' dir='ltr' id='par_1_76' title="bbox 936 1477 1731 1516">
     <span class='ocr_line' id='line_1_76' title="bbox 936 1477 1731 1516; baseline -0.011 -5"><span class='ocrx_word' id='word_1_540' title='bbox 936 1483 1035 1516; x_wconf 84' lang='lat' dir='ltr'><strong>bimus,</strong></span> <span class='ocrx_word' id='word_1_541' title='bbox 1045 1491 1109 1511; x_wconf 87' lang='lat' dir='ltr'><strong>vcre</strong></span> <span class='ocrx_word' id='word_1_542' title='bbox 1122 1483 1161 1510; x_wconf 87' lang='lat' dir='ltr'><strong>sic</strong></span> <span class='ocrx_word' id='word_1_543' title='bbox 1177 1490 1232 1510; x_wconf 92' lang='lat' dir='ltr'><strong>rem</strong></span> <span class='ocrx_word' id='word_1_544' title='bbox 1252 1482 1414 1514; x_wconf 86' lang='lat' dir='ltr'><strong>habituram,</strong></span> <span class='ocrx_word' id='word_1_545' title='bbox 1424 1480 1446 1508; x_wconf 91' lang='lat' dir='ltr'><strong>si</strong></span> <span class='ocrx_word' id='word_1_546' title='bbox 1459 1477 1648 1513; x_wconf 86' lang='lat' dir='ltr'><strong>compositam,</strong></span> <span class='ocrx_word' id='word_1_547' title='bbox 1670 1481 1731 1503; x_wconf 85' lang='lat' dir='ltr'><strong>tan-</strong></span> 
     </span>
    </p>
   </div>
   <div class='ocr_carea' id='block_1_77' title="bbox 939 1524 1732 1564">
    <p class='ocr_par' dir='ltr' id='par_1_77' title="bbox 939 1524 1732 1564">
     <span class='ocr_line' id='line_1_77' title="bbox 939 1524 1732 1564; baseline -0.008 -10"><span class='ocrx_word' id='word_1_548' title='bbox 939 1537 1018 1564; x_wconf 80' lang='lat' dir='ltr'><strong>quam</strong></span> <span class='ocrx_word' id='word_1_549' title='bbox 1033 1528 1228 1564; x_wconf 77' lang='lat' dir='ltr'><strong>speciem,qute</strong></span> <span class='ocrx_word' id='word_1_550' title='bbox 1237 1527 1270 1555; x_wconf 87' lang='lat' dir='ltr'><strong>de</strong></span> <span class='ocrx_word' id='word_1_551' title='bbox 1281 1528 1338 1562; x_wconf 88' lang='lat' dir='ltr'><strong>ipsa</strong></span> <span class='ocrx_word' id='word_1_552' title='bbox 1353 1527 1498 1557; x_wconf 88' lang='lat' dir='ltr'><strong>diceretur,</strong></span> <span class='ocrx_word' id='word_1_553' title='bbox 1512 1524 1652 1552; x_wconf 89' lang='lat' dir='ltr'><strong>habentctn</strong></span> <span class='ocrx_word' id='word_1_554' title='bbox 1665 1530 1732 1550; x_wconf 85' lang='lat' dir='ltr'><strong>eon-</strong></span> 
     </span>
    </p>
   </div>
   <div class='ocr_carea' id='block_1_78' title="bbox 937 1570 1731 1606">
    <p class='ocr_par' dir='ltr' id='par_1_78' title="bbox 937 1570 1731 1606">
     <span class='ocr_line' id='line_1_78' title="bbox 937 1570 1731 1606; baseline -0.011 -3"><span class='ocrx_word' id='word_1_555' title='bbox 937 1575 1104 1603; x_wconf 81' lang='lat' dir='ltr'><strong>cedcremus.</strong></span> <span class='ocrx_word' id='word_1_556' title='bbox 1122 1574 1199 1602; x_wconf 85' lang='lat' dir='ltr'><strong>Nunc</strong></span> <span class='ocrx_word' id='word_1_557' title='bbox 1211 1579 1301 1602; x_wconf 88' lang='lat' dir='ltr'><strong>autem</strong></span> <span class='ocrx_word' id='word_1_558' title='bbox 1323 1573 1393 1601; x_wconf 88' lang='lat' dir='ltr'><strong>haud</strong></span> <span class='ocrx_word' id='word_1_559' title='bbox 1411 1573 1448 1599; x_wconf 89' lang='lat' dir='ltr'><strong>ita</strong></span> <span class='ocrx_word' id='word_1_560' title='bbox 1474 1571 1619 1606; x_wconf 86' lang='lat' dir='ltr'><strong>loquimur,</strong></span> <span class='ocrx_word' id='word_1_561' title='bbox 1642 1570 1731 1602; x_wconf 78' lang='lat' dir='ltr'><strong>itaque</strong></span> 
     </span>
    </p>
   </div>
   <div class='ocr_carea' id='block_1_79' title="bbox 940 1615 1730 1655">
    <p class='ocr_par' dir='ltr' id='par_1_79' title="bbox 940 1615 1730 1655">
     <span class='ocr_line' id='line_1_79' title="bbox 940 1615 1730 1655; baseline -0.009 -8"><span class='ocrx_word' id='word_1_562' title='bbox 940 1621 964 1647; x_wconf 91' lang='lat' dir='ltr'><strong>in</strong></span> <span class='ocrx_word' id='word_1_563' title='bbox 982 1621 1081 1648; x_wconf 89' lang='lat' dir='ltr'><strong>nttllam</strong></span> <span class='ocrx_word' id='word_1_564' title='bbox 1097 1621 1243 1648; x_wconf 84' lang='lat' dir='ltr'><strong>incidimus</strong></span> <span class='ocrx_word' id='word_1_565' title='bbox 1268 1619 1517 1655; x_wconf 83' lang='lat' dir='ltr'><strong>reprehensionem.</strong></span> <span class='ocrx_word' id='word_1_566' title='bbox 1534 1616 1641 1644; x_wconf 79' lang='lat' dir='ltr'><strong>Scimus</strong></span> <span class='ocrx_word' id='word_1_567' title='bbox 1657 1615 1730 1641; x_wconf 89' lang='lat' dir='ltr'><strong>enim</strong></span> 
     </span>
    </p>
   </div>
   <div class='ocr_carea' id='block_1_80' title="bbox 938 1660 1733 1701">
    <p class='ocr_par' dir='ltr' id='par_1_80' title="bbox 938 1660 1733 1701">
     <span class='ocr_line' id='line_1_80' title="bbox 938 1660 1733 1701; baseline -0.01 -7"><span class='ocrx_word' id='word_1_568' title='bbox 938 1668 1016 1701; x_wconf 83' lang='lat' dir='ltr'><strong>plane</strong></span> <span class='ocrx_word' id='word_1_569' title='bbox 1027 1675 1132 1694; x_wconf 87' lang='lat' dir='ltr'><strong>omnem</strong></span> <span class='ocrx_word' id='word_1_570' title='bbox 1143 1674 1284 1701; x_wconf 74' lang='lat' dir='ltr'><strong>personam</strong></span> <span class='ocrx_word' id='word_1_571' title='bbox 1300 1665 1474 1700; x_wconf 74' lang='lat' dir='ltr'><strong>compositam</strong></span> <span class='ocrx_word' id='word_1_572' title='bbox 1499 1663 1549 1690; x_wconf 89' lang='lat' dir='ltr'><strong>sub</strong></span> <span class='ocrx_word' id='word_1_573' title='bbox 1564 1660 1653 1696; x_wconf 84' lang='lat' dir='ltr'><strong>specie</strong></span> <span class='ocrx_word' id='word_1_574' title='bbox 1666 1667 1733 1688; x_wconf 79' lang='lat' dir='ltr'><strong>con-</strong></span> 
     </span>
    </p>
   </div>
   <div class='ocr_carea' id='block_1_81' title="bbox 939 1709 1730 1748">
    <p class='ocr_par' dir='ltr' id='par_1_81' title="bbox 939 1709 1730 1748">
     <span class='ocr_line' id='line_1_81' title="bbox 939 1709 1730 1748; baseline -0.011 -7"><span class='ocrx_word' id='word_1_575' title='bbox 939 1714 1063 1742; x_wconf 82' lang='lat' dir='ltr'><strong>stitutam</strong></span> <span class='ocrx_word' id='word_1_576' title='bbox 1091 1721 1145 1740; x_wconf 90' lang='lat' dir='ltr'><strong>non</strong></span> <span class='ocrx_word' id='word_1_577' title='bbox 1173 1714 1214 1740; x_wconf 90' lang='lat' dir='ltr'><strong>sui</strong></span> <span class='ocrx_word' id='word_1_578' title='bbox 1233 1712 1318 1748; x_wconf 86' lang='lat' dir='ltr'><strong>ipsam</strong></span> <span class='ocrx_word' id='word_1_579' title='bbox 1343 1711 1449 1738; x_wconf 84' lang='lat' dir='ltr'><strong>ratione</strong></span> <span class='ocrx_word' id='word_1_580' title='bbox 1465 1709 1644 1744; x_wconf 71' lang='lat' dir='ltr'><strong>compositam</strong></span> <span class='ocrx_word' id='word_1_581' title='bbox 1658 1712 1730 1736; x_wconf 86' lang='lat' dir='ltr'><strong>esse.</strong></span> 
     </span>
    </p>
   </div>
   <div class='ocr_carea' id='block_1_82' title="bbox 939 1752 1729 1794">
    <p class='ocr_par' dir='ltr' id='par_1_82' title="bbox 939 1752 1729 1794">
     <span class='ocr_line' id='line_1_82' title="bbox 939 1752 1729 1794; baseline -0.01 -8"><span class='ocrx_word' id='word_1_582' title='bbox 939 1759 985 1786; x_wconf 81' lang='lat' dir='ltr'><strong>scd</strong></span> <span class='ocrx_word' id='word_1_583' title='bbox 1014 1764 1123 1794; x_wconf 87' lang='lat' dir='ltr'><strong>propter</strong></span> <span class='ocrx_word' id='word_1_584' title='bbox 1152 1764 1293 1789; x_wconf 88' lang='lat' dir='ltr'><strong>naturam,</strong></span> <span class='ocrx_word' id='word_1_585' title='bbox 1318 1763 1396 1791; x_wconf 69' lang='lat' dir='ltr'><strong>quae,</strong></span> <span class='ocrx_word' id='word_1_586' title='bbox 1413 1763 1474 1783; x_wconf 89' lang='lat' dir='ltr'><strong>cum</strong></span> <span class='ocrx_word' id='word_1_587' title='bbox 1504 1755 1539 1782; x_wconf 86' lang='lat' dir='ltr'><strong>sit</strong></span> <span class='ocrx_word' id='word_1_588' title='bbox 1568 1752 1729 1787; x_wconf 85' lang='lat' dir='ltr'><strong>composita-</strong></span> 
     </span>
    </p>
   </div>
   <div class='ocr_carea' id='block_1_83' title="bbox 938 1796 1730 1838">
    <p class='ocr_par' dir='ltr' id='par_1_83' title="bbox 938 1796 1730 1838">
     <span class='ocr_line' id='line_1_83' title="bbox 938 1796 1730 1838; baseline -0.011 -6"><span class='ocrx_word' id='word_1_589' title='bbox 938 1805 1020 1833; x_wconf 83' lang='lat' dir='ltr'><strong>etiam</strong></span> <span class='ocrx_word' id='word_1_590' title='bbox 1042 1805 1159 1838; x_wconf 85' lang='lat' dir='ltr'><strong>speciem</strong></span> <span class='ocrx_word' id='word_1_591' title='bbox 1185 1810 1246 1837; x_wconf 65' lang='lat' dir='ltr'><strong>quae</strong></span> <span class='ocrx_word' id='word_1_592' title='bbox 1271 1802 1434 1837; x_wconf 59' lang='lat' dir='ltr'><strong>praedicatur</strong></span> <span class='ocrx_word' id='word_1_593' title='bbox 1460 1800 1610 1831; x_wconf 88' lang='lat' dir='ltr'><strong>contineat,</strong></span> <span class='ocrx_word' id='word_1_594' title='bbox 1630 1802 1656 1824; x_wconf 84' lang='lat' dir='ltr'><strong>et</strong></span> <span class='ocrx_word' id='word_1_595' title='bbox 1677 1796 1730 1824; x_wconf 85' lang='lat' dir='ltr'><strong>sub</strong></span> 
     </span>
    </p>
   </div>
   <div class='ocr_carea' id='block_1_84' title="bbox 939 1845 1729 1885">
    <p class='ocr_par' dir='ltr' id='par_1_84' title="bbox 939 1845 1729 1885">
     <span class='ocr_line' id='line_1_84' title="bbox 939 1845 1729 1885; baseline -0.013 -9"><span class='ocrx_word' id='word_1_596' title='bbox 939 1858 1020 1885; x_wconf 89' lang='lat' dir='ltr'><strong>quam</strong></span> <span class='ocrx_word' id='word_1_597' title='bbox 1047 1849 1083 1876; x_wconf 91' lang='lat' dir='ltr'><strong>illi</strong></span> <span class='ocrx_word' id='word_1_598' title='bbox 1101 1852 1287 1883; x_wconf 77' lang='lat' dir='ltr'><strong>comparatum</strong></span> <span class='ocrx_word' id='word_1_599' title='bbox 1309 1849 1397 1884; x_wconf 34' lang='lat' dir='ltr'><strong>est‘ut</strong></span> <span class='ocrx_word' id='word_1_600' title='bbox 1422 1845 1586 1880; x_wconf 70' lang='lat' dir='ltr'><strong>reducatur;</strong></span> <span class='ocrx_word' id='word_1_601' title='bbox 1600 1847 1729 1875; x_wconf 82' lang='lat' dir='ltr'><strong>tanquam</strong></span> 
     </span>
    </p>
   </div>
   <div class='ocr_carea' id='block_1_85' title="bbox 939 1887 1730 1929">
    <p class='ocr_par' dir='ltr' id='par_1_85' title="bbox 939 1887 1730 1929">
     <span class='ocr_line' id='line_1_85' title="bbox 939 1887 1730 1929; baseline -0.011 -7"><span class='ocrx_word' id='word_1_602' title='bbox 939 1894 1070 1922; x_wconf 88' lang='lat' dir='ltr'><strong>nimirum</strong></span> <span class='ocrx_word' id='word_1_603' title='bbox 1089 1894 1269 1929; x_wconf 78' lang='lat' dir='ltr'><strong>partiettlare,</strong></span> <span class='ocrx_word' id='word_1_604' title='bbox 1287 1899 1334 1919; x_wconf 88' lang='lat' dir='ltr'><strong>seu</strong></span> <span class='ocrx_word' id='word_1_605' title='bbox 1351 1891 1502 1927; x_wconf 76' lang='lat' dir='ltr'><strong>singulare,</strong></span> <span class='ocrx_word' id='word_1_606' title='bbox 1518 1888 1649 1924; x_wconf 87' lang='lat' dir='ltr'><strong>quidquid</strong></span> <span class='ocrx_word' id='word_1_607' title='bbox 1667 1887 1730 1914; x_wconf 93' lang='lat' dir='ltr'><strong>uni-</strong></span> 
     </span>
    </p>
   </div>
   <div class='ocr_carea' id='block_1_86' title="bbox 940 1934 1730 1972">
    <p class='ocr_par' dir='ltr' id='par_1_86' title="bbox 940 1934 1730 1972">
     <span class='ocr_line' id='line_1_86' title="bbox 940 1934 1730 1972; baseline -0.009 -5"><span class='ocrx_word' id='word_1_608' title='bbox 940 1939 1044 1967; x_wconf 82' lang='lat' dir='ltr'><strong>versale</strong></span> <span class='ocrx_word' id='word_1_609' title='bbox 1059 1944 1100 1967; x_wconf 91' lang='lat' dir='ltr'><strong>est</strong></span> <span class='ocrx_word' id='word_1_610' title='bbox 1121 1947 1169 1967; x_wconf 87' lang='lat' dir='ltr'><strong>seu</strong></span> <span class='ocrx_word' id='word_1_611' title='bbox 1183 1946 1327 1966; x_wconf 83' lang='lat' dir='ltr'><strong>commune</strong></span> <span class='ocrx_word' id='word_1_612' title='bbox 1345 1945 1377 1965; x_wconf 88' lang='lat' dir='ltr'><strong>ac</strong></span> <span class='ocrx_word' id='word_1_613' title='bbox 1408 1937 1565 1972; x_wconf 75' lang='lat' dir='ltr'><strong>genericum</strong></span> <span class='ocrx_word' id='word_1_614' title='bbox 1586 1935 1612 1962; x_wconf 92' lang='lat' dir='ltr'><strong>in</strong></span> <span class='ocrx_word' id='word_1_615' title='bbox 1629 1941 1658 1962; x_wconf 88' lang='lat' dir='ltr'><strong>se</strong></span> <span class='ocrx_word' id='word_1_616' title='bbox 1673 1934 1730 1969; x_wconf 86' lang='lat' dir='ltr'><strong>plc-</strong></span> 
     </span>
    </p>
   </div>
   <div class='ocr_carea' id='block_1_87' title="bbox 940 1984 1732 2020">
    <p class='ocr_par' dir='ltr' id='par_1_87' title="bbox 940 1984 1732 2020">
     <span class='ocr_line' id='line_1_87' title="bbox 940 1984 1732 2020; baseline -0.009 -5"><span class='ocrx_word' id='word_1_617' title='bbox 940 1987 1084 2015; x_wconf 88' lang='lat' dir='ltr'><strong>nissimttm</strong></span> <span class='ocrx_word' id='word_1_618' title='bbox 1107 1986 1216 2018; x_wconf 87' lang='lat' dir='ltr'><strong>habeat,</strong></span> <span class='ocrx_word' id='word_1_619' title='bbox 1234 1992 1284 2012; x_wconf 90' lang='lat' dir='ltr'><strong>uec</strong></span> <span class='ocrx_word' id='word_1_620' title='bbox 1308 1984 1455 2020; x_wconf 84' lang='lat' dir='ltr'><strong>quidquam</strong></span> <span class='ocrx_word' id='word_1_621' title='bbox 1482 1989 1596 2018; x_wconf 83' lang='lat' dir='ltr'><strong>prorsus</strong></span> <span class='ocrx_word' id='word_1_622' title='bbox 1612 1988 1669 2007; x_wconf 76' lang='lat' dir='ltr'><strong>sua:</strong></span> <span class='ocrx_word' id='word_1_623' title='bbox 1686 1987 1732 2008; x_wconf 77' lang='lat' dir='ltr'><strong>ra.—</strong></span> 
     </span>
    </p>
   </div>
   <div class='ocr_carea' id='block_1_88' title="bbox 942 2026 1741 2066">
    <p class='ocr_par' dir='ltr' id='par_1_88' title="bbox 942 2026 1741 2066">
     <span class='ocr_line' id='line_1_88' title="bbox 942 2026 1741 2066; baseline -0.015 -5"><span class='ocrx_word' id='word_1_624' title='bbox 942 2034 1026 2061; x_wconf 90' lang='lat' dir='ltr'><strong>tionis</strong></span> <span class='ocrx_word' id='word_1_625' title='bbox 1055 2031 1203 2060; x_wconf 88' lang='lat' dir='ltr'><strong>universali</strong></span> <span class='ocrx_word' id='word_1_626' title='bbox 1232 2038 1265 2058; x_wconf 89' lang='lat' dir='ltr'><strong>ac</strong></span> <span class='ocrx_word' id='word_1_627' title='bbox 1281 2031 1409 2066; x_wconf 75' lang='lat' dir='ltr'><strong>generico</strong></span> <span class='ocrx_word' id='word_1_628' title='bbox 1434 2029 1536 2056; x_wconf 87' lang='lat' dir='ltr'><strong>tribuat</strong></span> <span class='ocrx_word' id='word_1_629' title='bbox 1560 2026 1655 2062; x_wconf 84' lang='lat' dir='ltr'><strong>:quod</strong></span> <span class='ocrx_word' id='word_1_630' title='bbox 1672 2026 1741 2060; x_wconf 36' lang='lat' dir='ltr'><strong>quia</strong></span> 
     </span>
    </p>
   </div>
   <div class='ocr_carea' id='block_1_89' title="bbox 940 2072 1734 2110">
    <p class='ocr_par' dir='ltr' id='par_1_89' title="bbox 940 2072 1734 2110">
     <span class='ocr_line' id='line_1_89' title="bbox 940 2072 1734 2110; baseline -0.011 -3"><span class='ocrx_word' id='word_1_631' title='bbox 940 2079 999 2107; x_wconf 83' lang='lat' dir='ltr'><strong>dent</strong></span> <span class='ocrx_word' id='word_1_632' title='bbox 1022 2079 1055 2106; x_wconf 90' lang='lat' dir='ltr'><strong>de</strong></span> <span class='ocrx_word' id='word_1_633' title='bbox 1077 2077 1184 2104; x_wconf 78' lang='lat' dir='ltr'><strong>Christo</strong></span> <span class='ocrx_word' id='word_1_634' title='bbox 1210 2084 1288 2104; x_wconf 90' lang='lat' dir='ltr'><strong>nemo</strong></span> <span class='ocrx_word' id='word_1_635' title='bbox 1302 2083 1413 2110; x_wconf 89' lang='lat' dir='ltr'><strong>prorsus</strong></span> <span class='ocrx_word' id='word_1_636' title='bbox 1430 2081 1522 2102; x_wconf 87' lang='lat' dir='ltr'><strong>eorum</strong></span> <span class='ocrx_word' id='word_1_637' title='bbox 1538 2073 1582 2108; x_wconf 88' lang='lat' dir='ltr'><strong>qui</strong></span> <span class='ocrx_word' id='word_1_638' title='bbox 1608 2072 1641 2098; x_wconf 86' lang='lat' dir='ltr'><strong>ad</strong></span> <span class='ocrx_word' id='word_1_639' title='bbox 1664 2073 1734 2099; x_wconf 85' lang='lat' dir='ltr'><strong>haue</strong></span> 
     </span>
    </p>
   </div>
   <div class='ocr_carea' id='block_1_90' title="bbox 941 2118 1733 2160">
    <p class='ocr_par' dir='ltr' id='par_1_90' title="bbox 941 2118 1733 2160">
     <span class='ocr_line' id='line_1_90' title="bbox 941 2118 1733 2160; baseline -0.011 -7"><span class='ocrx_word' id='word_1_640' title='bbox 941 2133 1025 2160; x_wconf 89' lang='lat' dir='ltr'><strong>usque</strong></span> <span class='ocrx_word' id='word_1_641' title='bbox 1032 2129 1137 2151; x_wconf 77' lang='lat' dir='ltr'><strong>tutatem</strong></span> <span class='ocrx_word' id='word_1_642' title='bbox 1152 2123 1260 2159; x_wconf 89' lang='lat' dir='ltr'><strong>pietatis</strong></span> <span class='ocrx_word' id='word_1_643' title='bbox 1274 2122 1427 2150; x_wconf 87' lang='lat' dir='ltr'><strong>doctrinam</strong></span> <span class='ocrx_word' id='word_1_644' title='bbox 1443 2120 1610 2148; x_wconf 87' lang='lat' dir='ltr'><strong>tradiderunt</strong></span> <span class='ocrx_word' id='word_1_645' title='bbox 1635 2118 1733 2145; x_wconf 75' lang='lat' dir='ltr'><strong>ment-&#39;3</strong></span> 
     </span>
    </p>
   </div>
   <div class='ocr_carea' id='block_1_91' title="bbox 941 2166 1735 2206">
    <p class='ocr_par' dir='ltr' id='par_1_91' title="bbox 941 2166 1735 2206">
     <span class='ocr_line' id='line_1_91' title="bbox 941 2166 1735 2206; baseline -0.009 -8"><span class='ocrx_word' id='word_1_646' title='bbox 941 2179 1049 2206; x_wconf 80' lang='lat' dir='ltr'><strong>compos</strong></span> <span class='ocrx_word' id='word_1_647' title='bbox 1069 2170 1176 2197; x_wconf 81' lang='lat' dir='ltr'><strong>dixerit.</strong></span> <span class='ocrx_word' id='word_1_648' title='bbox 1190 2169 1228 2197; x_wconf 89' lang='lat' dir='ltr'><strong>De</strong></span> <span class='ocrx_word' id='word_1_649' title='bbox 1242 2176 1295 2204; x_wconf 90' lang='lat' dir='ltr'><strong>qth</strong></span> <span class='ocrx_word' id='word_1_650' title='bbox 1314 2172 1344 2196; x_wconf 89' lang='lat' dir='ltr'><strong>ut</strong></span> <span class='ocrx_word' id='word_1_651' title='bbox 1365 2168 1397 2195; x_wconf 85' lang='lat' dir='ltr'><strong>de</strong></span> <span class='ocrx_word' id='word_1_652' title='bbox 1409 2166 1517 2195; x_wconf 86' lang='lat' dir='ltr'><strong>Christo</strong></span> <span class='ocrx_word' id='word_1_653' title='bbox 1542 2172 1622 2193; x_wconf 85' lang='lat' dir='ltr'><strong>nemo</strong></span> <span class='ocrx_word' id='word_1_654' title='bbox 1649 2171 1735 2197; x_wconf 75' lang='lat' dir='ltr'><strong>neque</strong></span> 
     </span>
    </p>
   </div>
   <div class='ocr_carea' id='block_1_92' title="bbox 101 2205 852 2254">
    <p class='ocr_par' dir='ltr' id='par_1_92' title="bbox 101 2205 852 2241">
     <span class='ocr_line' id='line_1_92' title="bbox 101 2205 852 2241; baseline 0 -9"><span class='ocrx_word' id='word_1_655' title='bbox 101 2206 191 2239; x_wconf 81' lang='grc' dir='ltr'>Λόγος</span> <span class='ocrx_word' id='word_1_656' title='bbox 207 2206 385 2240; x_wconf 82' lang='grc' dir='ltr'>ὲνεδήμησεν,</span> <span class='ocrx_word' id='word_1_657' title='bbox 400 2205 467 2233; x_wconf 74' lang='grc' dir='ltr'>ἀλλὰ</span> <span class='ocrx_word' id='word_1_658' title='bbox 492 2206 585 2241; x_wconf 84' lang='grc' dir='ltr'>τρόπῳ</span> <span class='ocrx_word' id='word_1_659' title='bbox 601 2207 759 2241; x_wconf 84' lang='grc' dir='ltr'>οἰκονομίας</span> <span class='ocrx_word' id='word_1_660' title='bbox 781 2206 852 2233; x_wconf 79' lang='grc' dir='ltr'>ἀνελῖ</span> 
     </span>
    </p>
   </div>
   <div class='ocr_carea' id='block_1_93' title="bbox 972 2205 1735 2254">
    <p class='ocr_par' dir='ltr' id='par_1_93' title="bbox 972 2205 1735 2253">
     <span class='ocr_line' id='line_1_93' title="bbox 972 2205 1735 2253; baseline -0.014 -8"><span class='ocrx_word' id='word_1_661' title='bbox 972 2205 1025 2246; x_wconf 76' lang='lat' dir='ltr'><strong>:uus</strong></span> <span class='ocrx_word' id='word_1_662' title='bbox 1039 2225 1127 2251; x_wconf 86' lang='lat' dir='ltr'><strong>neque</strong></span> <span class='ocrx_word' id='word_1_663' title='bbox 1141 2215 1258 2251; x_wconf 84' lang='lat' dir='ltr'><strong>speciem</strong></span> <span class='ocrx_word' id='word_1_664' title='bbox 1276 2214 1328 2242; x_wconf 86' lang='lat' dir='ltr'><strong>dici</strong></span> <span class='ocrx_word' id='word_1_665' title='bbox 1343 2213 1511 2253; x_wconf 76' lang='lat' dir='ltr'><strong>contperiet;</strong></span> <span class='ocrx_word' id='word_1_666' title='bbox 1532 2219 1585 2239; x_wconf 92' lang='lat' dir='ltr'><strong>non</strong></span> <span class='ocrx_word' id='word_1_667' title='bbox 1601 2212 1672 2238; x_wconf 90' lang='lat' dir='ltr'><strong>enim</strong></span> <span class='ocrx_word' id='word_1_668' title='bbox 1687 2218 1735 2238; x_wconf 83' lang='lat' dir='ltr'><strong>Ita-</strong></span> 
     </span>
    </p>
   </div>
   <div class='ocr_carea' id='block_1_94' title="bbox 101 2251 890 2288">
    <p class='ocr_par' dir='ltr' id='par_1_94' title="bbox 101 2251 890 2288">
     <span class='ocr_line' id='line_1_94' title="bbox 101 2251 890 2288; baseline 0.001 -11"><span class='ocrx_word' id='word_1_669' title='bbox 101 2252 165 2282; x_wconf 79' lang='grc' dir='ltr'>πῶς</span> <span class='ocrx_word' id='word_1_670' title='bbox 181 2251 270 2286; x_wconf 65' lang='grc' dir='ltr'>ἑαυτῷ</span> <span class='ocrx_word' id='word_1_671' title='bbox 299 2251 360 2277; x_wconf 86' lang='grc' dir='ltr'>καθ’</span> <span class='ocrx_word' id='word_1_672' title='bbox 375 2251 523 2278; x_wconf 79' lang='grc' dir='ltr'>ὑπόστασιν</span> <span class='ocrx_word' id='word_1_673' title='bbox 539 2251 654 2285; x_wconf 77' lang='grc' dir='ltr'>ἑνώσας,</span> <span class='ocrx_word' id='word_1_674' title='bbox 679 2253 728 2288; x_wconf 82' lang='grc' dir='ltr'>τὴν</span> <span class='ocrx_word' id='word_1_675' title='bbox 749 2253 890 2287; x_wconf 74' lang='grc' dir='ltr'>ἡμετέραν</span> 
     </span>
    </p>
   </div>
   <div class='ocr_carea' id='block_1_95' title="bbox 101 2296 890 2334">
    <p class='ocr_par' dir='ltr' id='par_1_95' title="bbox 101 2296 890 2334">
     <span class='ocr_line' id='line_1_95' title="bbox 101 2296 890 2334; baseline 0.003 -11"><span class='ocrx_word' id='word_1_676' title='bbox 101 2297 261 2325; x_wconf 76' lang='grc' dir='ltr'>ἀνεκαίνισε</span> <span class='ocrx_word' id='word_1_677' title='bbox 286 2296 379 2331; x_wconf 84' lang='grc' dir='ltr'>φύσιν.</span> <span class='ocrx_word' id='word_1_678' title='bbox 404 2297 485 2324; x_wconf 82' lang='grc' dir='ltr'>Ὥστε</span> <span class='ocrx_word' id='word_1_679' title='bbox 508 2299 584 2324; x_wconf 81' lang='grc' dir='ltr'>οὐδὲν</span> <span class='ocrx_word' id='word_1_680' title='bbox 609 2298 701 2325; x_wconf 85' lang='grc' dir='ltr'>αὐτῶν</span> <span class='ocrx_word' id='word_1_681' title='bbox 722 2300 772 2334; x_wconf 82' lang='grc' dir='ltr'>τῆς</span> <span class='ocrx_word' id='word_1_682' title='bbox 787 2300 890 2334; x_wconf 84' lang='grc' dir='ltr'>πολλῆς</span> 
     </span>
    </p>
   </div>
   <div class='ocr_carea' id='block_1_96' title="bbox 101 2342 891 2379">
    <p class='ocr_par' dir='ltr' id='par_1_96' title="bbox 101 2342 891 2379">
     <span class='ocr_line' id='line_1_96' title="bbox 101 2342 891 2379; baseline 0.003 -10"><span class='ocrx_word' id='word_1_683' title='bbox 101 2343 246 2378; x_wconf 83' lang='grc' dir='ltr'>περινοίας</span> <span class='ocrx_word' id='word_1_684' title='bbox 262 2342 415 2373; x_wconf 81' lang='grc' dir='ltr'>ἁπὼναντο,</span> <span class='ocrx_word' id='word_1_685' title='bbox 434 2343 515 2370; x_wconf 77' lang='grc' dir='ltr'>πάλιν</span> <span class='ocrx_word' id='word_1_686' title='bbox 530 2344 570 2375; x_wconf 86' lang='grc' dir='ltr'><strong>είς</strong></span> <span class='ocrx_word' id='word_1_687' title='bbox 584 2345 615 2370; x_wconf 87' lang='grc' dir='ltr'>τὸ</span> <span class='ocrx_word' id='word_1_688' title='bbox 639 2345 732 2377; x_wconf 79' lang='grc' dir='ltr'>ποσὸν,</span> <span class='ocrx_word' id='word_1_689' title='bbox 752 2345 821 2379; x_wconf 83' lang='grc' dir='ltr'>ὅπερ</span> <span class='ocrx_word' id='word_1_690' title='bbox 842 2354 891 2371; x_wconf 84' lang='grc' dir='ltr'>πε-</span> 
     </span>
    </p>
   </div>
   <div class='ocr_carea' id='block_1_97' title="bbox 101 2388 892 2428">
    <p class='ocr_par' dir='ltr' id='par_1_97' title="bbox 101 2388 892 2428">
     <span class='ocr_line' id='line_1_97' title="bbox 101 2388 892 2428; baseline 0.005 -14"><span class='ocrx_word' id='word_1_691' title='bbox 101 2388 234 2424; x_wconf 76' lang='grc' dir='ltr'>φεύγασι,</span> <span class='ocrx_word' id='word_1_692' title='bbox 252 2389 471 2424; x_wconf 74' lang='grc' dir='ltr'>περιτραπέντος</span> <span class='ocrx_word' id='word_1_693' title='bbox 495 2391 586 2420; x_wconf 77' lang='grc' dir='ltr'>αὐτοῖς</span> <span class='ocrx_word' id='word_1_694' title='bbox 606 2391 653 2417; x_wconf 81' lang='grc' dir='ltr'>τοῦ</span> <span class='ocrx_word' id='word_1_695' title='bbox 681 2391 775 2425; x_wconf 75' lang='grc' dir='ltr'>σοφοῦ,</span> <span class='ocrx_word' id='word_1_696' title='bbox 791 2392 828 2423; x_wconf 85' lang='grc' dir='ltr'>ὡς</span> <span class='ocrx_word' id='word_1_697' title='bbox 855 2392 892 2428; x_wconf 82' lang='grc' dir='ltr'>μὴ</span> 
     </span>
    </p>
   </div>
   <div class='ocr_carea' id='block_1_98' title="bbox 100 2433 892 2472">
    <p class='ocr_par' dir='ltr' id='par_1_98' title="bbox 100 2433 892 2472">
     <span class='ocr_line' id='line_1_98' title="bbox 100 2433 892 2472; baseline 0.004 -11"><span class='ocrx_word' id='word_1_698' title='bbox 100 2434 263 2468; x_wconf 82' lang='grc' dir='ltr'>δυναμένοις</span> <span class='ocrx_word' id='word_1_699' title='bbox 277 2434 333 2460; x_wconf 74' lang='grc' dir='ltr'><strong>οὐδ’</strong></span> <span class='ocrx_word' id='word_1_700' title='bbox 345 2433 430 2469; x_wconf 81' lang='grc' dir='ltr'>αὐτὴν</span> <span class='ocrx_word' id='word_1_701' title='bbox 441 2434 493 2469; x_wconf 84' lang='grc' dir='ltr'>τὴν</span> <span class='ocrx_word' id='word_1_702' title='bbox 507 2435 537 2461; x_wconf 79' lang='grc' dir='ltr'>ὲν</span> <span class='ocrx_word' id='word_1_703' title='bbox 546 2435 586 2470; x_wconf 83' lang='grc' dir='ltr'>τῷ</span> <span class='ocrx_word' id='word_1_704' title='bbox 601 2435 671 2471; x_wconf 87' lang='grc' dir='ltr'>ποιῷ</span> <span class='ocrx_word' id='word_1_705' title='bbox 685 2436 818 2472; x_wconf 73' lang='grc' dir='ltr'>διαφορὰν</span> <span class='ocrx_word' id='word_1_706' title='bbox 828 2438 892 2465; x_wconf 76' lang='grc' dir='ltr'>ἄνευ</span> 
     </span>
    </p>
   </div>
   <div class='ocr_carea' id='block_1_99' title="bbox 102 2478 892 2517">
    <p class='ocr_par' dir='ltr' id='par_1_99' title="bbox 102 2478 892 2517">
     <span class='ocr_line' id='line_1_99' title="bbox 102 2478 892 2517; baseline 0.004 -11"><span class='ocrx_word' id='word_1_707' title='bbox 102 2479 191 2507; x_wconf 78' lang='grc' dir='ltr'>ποποῦ</span> <span class='ocrx_word' id='word_1_708' title='bbox 206 2478 276 2506; x_wconf 76' lang='grc' dir='ltr'>εἷναι</span> <span class='ocrx_word' id='word_1_709' title='bbox 292 2479 393 2513; x_wconf 81' lang='grc' dir='ltr'>λέγειν.</span> <span class='ocrx_word' id='word_1_710' title='bbox 409 2479 529 2514; x_wconf 71' lang='grc' dir='ltr'>Ἀνάγκη</span> <span class='ocrx_word' id='word_1_711' title='bbox 540 2480 594 2516; x_wconf 84' lang='grc' dir='ltr'><strong>γὰρ</strong></span> <span class='ocrx_word' id='word_1_712' title='bbox 609 2482 684 2508; x_wconf 80' lang='grc' dir='ltr'>πᾶσα</span> <span class='ocrx_word' id='word_1_713' title='bbox 696 2482 798 2514; x_wconf 80' lang='grc' dir='ltr'>πολλὰς</span> <span class='ocrx_word' id='word_1_714' title='bbox 811 2480 892 2517; x_wconf 81' lang='grc' dir='ltr'>εῖναι,</span> 
     </span>
    </p>
   </div>
   <div class='ocr_carea' id='block_1_100' title="bbox 101 2522 894 2562">
    <p class='ocr_par' dir='ltr' id='par_1_100' title="bbox 101 2522 894 2562">
     <span class='ocr_line' id='line_1_100' title="bbox 101 2522 894 2562; baseline 0.006 -12"><span class='ocrx_word' id='word_1_715' title='bbox 101 2525 121 2560; x_wconf 87' lang='grc' dir='ltr'>ἢ</span> <span class='ocrx_word' id='word_1_716' title='bbox 139 2524 170 2551; x_wconf 82' lang='grc' dir='ltr'>τὸ</span> <span class='ocrx_word' id='word_1_717' title='bbox 183 2524 294 2560; x_wconf 83' lang='grc' dir='ltr'>μέτριον</span> <span class='ocrx_word' id='word_1_718' title='bbox 307 2524 364 2558; x_wconf 88' lang='grc' dir='ltr'><strong>δύο,</strong></span> <span class='ocrx_word' id='word_1_719' title='bbox 378 2522 417 2552; x_wconf 84' lang='grc' dir='ltr'>ὧν</span> <span class='ocrx_word' id='word_1_720' title='bbox 431 2525 481 2559; x_wconf 88' lang='grc' dir='ltr'>τὴν</span> <span class='ocrx_word' id='word_1_721' title='bbox 504 2525 636 2561; x_wconf 74' lang='grc' dir='ltr'>διαφορὰν</span> <span class='ocrx_word' id='word_1_722' title='bbox 647 2524 717 2553; x_wconf 75' lang='grc' dir='ltr'>εἷναι</span> <span class='ocrx_word' id='word_1_723' title='bbox 732 2527 894 2562; x_wconf 76' lang='grc' dir='ltr'>ὑπολαμϐά-</span> 
     </span>
    </p>
   </div>
   <div class='ocr_carea' id='block_1_101' title="bbox 101 2570 894 2608">
    <p class='ocr_par' dir='ltr' id='par_1_101' title="bbox 101 2570 894 2608">
     <span class='ocr_line' id='line_1_101' title="bbox 101 2570 894 2608; baseline 0.004 -10"><span class='ocrx_word' id='word_1_724' title='bbox 101 2579 194 2598; x_wconf 86' lang='grc' dir='ltr'>νουσι.</span> <span class='ocrx_word' id='word_1_725' title='bbox 219 2571 313 2606; x_wconf 84' lang='grc' dir='ltr'>Μόνην</span> <span class='ocrx_word' id='word_1_726' title='bbox 328 2570 384 2606; x_wconf 83' lang='grc' dir='ltr'><strong>γὰρ</strong></span> <span class='ocrx_word' id='word_1_727' title='bbox 407 2572 540 2606; x_wconf 86' lang='grc' dir='ltr'>ποιότητα</span> <span class='ocrx_word' id='word_1_728' title='bbox 560 2572 629 2608; x_wconf 73' lang='grc' dir='ltr'>πρὸς</span> <span class='ocrx_word' id='word_1_729' title='bbox 653 2573 737 2608; x_wconf 85' lang='grc' dir='ltr'>ἄλλην</span> <span class='ocrx_word' id='word_1_730' title='bbox 753 2574 894 2606; x_wconf 82' lang='grc' dir='ltr'>παντελῶς</span> 
     </span>
    </p>
   </div>
   <div class='ocr_carea' id='block_1_102' title="bbox 101 2616 894 2653">
    <p class='ocr_par' dir='ltr' id='par_1_102' title="bbox 101 2616 894 2653">
     <span class='ocr_line' id='line_1_102' title="bbox 101 2616 894 2653; baseline 0.006 -11"><span class='ocrx_word' id='word_1_731' title='bbox 101 2616 214 2651; x_wconf 80' lang='grc' dir='ltr'>ἀμιγῶς</span> <span class='ocrx_word' id='word_1_732' title='bbox 228 2616 345 2651; x_wconf 78' lang='grc' dir='ltr'>ἔχουσαν</span> <span class='ocrx_word' id='word_1_733' title='bbox 369 2619 438 2652; x_wconf 67' lang='grc' dir='ltr'>προς</span> <span class='ocrx_word' id='word_1_734' title='bbox 462 2617 562 2652; x_wconf 78' lang='grc' dir='ltr'>ἑαυτὴν</span> <span class='ocrx_word' id='word_1_735' title='bbox 580 2618 720 2653; x_wconf 63' lang='grc' dir='ltr'>διαφέρειν</span> <span class='ocrx_word' id='word_1_736' title='bbox 732 2619 783 2646; x_wconf 83' lang='grc' dir='ltr'>οὐκ</span> <span class='ocrx_word' id='word_1_737' title='bbox 804 2619 837 2646; x_wconf 80' lang='grc' dir='ltr'>ἄν</span> <span class='ocrx_word' id='word_1_738' title='bbox 852 2628 894 2651; x_wconf 80' lang='grc' dir='ltr'><strong>τις</strong></span> 
     </span>
    </p>
   </div>
   <div class='ocr_carea' id='block_1_103' title="bbox 101 2661 895 2700">
    <p class='ocr_par' dir='ltr' id='par_1_103' title="bbox 101 2661 895 2700">
     <span class='ocr_line' id='line_1_103' title="bbox 101 2661 895 2700; baseline 0.004 -11"><span class='ocrx_word' id='word_1_739' title='bbox 101 2661 169 2690; x_wconf 79' lang='grc' dir='ltr'>νοῦν</span> <span class='ocrx_word' id='word_1_740' title='bbox 178 2661 248 2697; x_wconf 80' lang='grc' dir='ltr'>έχων</span> <span class='ocrx_word' id='word_1_741' title='bbox 261 2662 335 2689; x_wconf 69' lang='grc' dir='ltr'>εἴποι</span> <span class='ocrx_word' id='word_1_742' title='bbox 353 2662 429 2689; x_wconf 80' lang='grc' dir='ltr'>ποτέ.</span> <span class='ocrx_word' id='word_1_743' title='bbox 446 2663 548 2690; x_wconf 76' lang='grc' dir='ltr'>Λοιπὸν</span> <span class='ocrx_word' id='word_1_744' title='bbox 562 2661 637 2700; x_wconf 75' lang='grc' dir='ltr'><strong>οὖνὴ</strong></span> <span class='ocrx_word' id='word_1_745' title='bbox 653 2665 699 2691; x_wconf 77' lang='grc' dir='ltr'><strong>καὶ</strong></span> <span class='ocrx_word' id='word_1_746' title='bbox 723 2665 809 2700; x_wconf 84' lang='grc' dir='ltr'>αὐτῆς</span> <span class='ocrx_word' id='word_1_747' title='bbox 824 2665 895 2692; x_wconf 86' lang='grc' dir='ltr'>παύ-</span> 
     </span>
    </p>
   </div>
   <div class='ocr_carea' id='block_1_104' title="bbox 102 2707 893 2743">
    <p class='ocr_par' dir='ltr' id='par_1_104' title="bbox 102 2707 893 2743">
     <span class='ocr_line' id='line_1_104' title="bbox 102 2707 893 2743; baseline 0.003 -9"><span class='ocrx_word' id='word_1_748' title='bbox 102 2715 200 2734; x_wconf 76' lang='grc' dir='ltr'>σονται</span> <span class='ocrx_word' id='word_1_749' title='bbox 219 2707 270 2742; x_wconf 82' lang='grc' dir='ltr'>τῆς</span> <span class='ocrx_word' id='word_1_750' title='bbox 291 2707 371 2741; x_wconf 82' lang='grc' dir='ltr'>ψιλῆς</span> <span class='ocrx_word' id='word_1_751' title='bbox 388 2707 521 2743; x_wconf 70' lang='grc' dir='ltr'>διαφορᾶς</span> <span class='ocrx_word' id='word_1_752' title='bbox 535 2728 543 2740; x_wconf 90' lang='grc'><em>.</em></span> <span class='ocrx_word' id='word_1_753' title='bbox 560 2710 645 2736; x_wconf 85' lang='grc' dir='ltr'>ποσοῦ</span> <span class='ocrx_word' id='word_1_754' title='bbox 674 2711 784 2741; x_wconf 83' lang='grc' dir='ltr'>πάντως</span> <span class='ocrx_word' id='word_1_755' title='bbox 811 2711 893 2737; x_wconf 83' lang='grc' dir='ltr'>τινῶν</span> 
     </span>
    </p>
   </div>
   <div class='ocr_carea' id='block_1_105' title="bbox 99 2753 891 2792">
    <p class='ocr_par' dir='ltr' id='par_1_105' title="bbox 99 2753 891 2792">
     <span class='ocr_line' id='line_1_105' title="bbox 99 2753 891 2792; baseline 0.004 -12"><span class='ocrx_word' id='word_1_756' title='bbox 99 2753 290 2788; x_wconf 73' lang='grc' dir='ltr'>διαφερόντων</span> <span class='ocrx_word' id='word_1_757' title='bbox 315 2753 468 2790; x_wconf 80' lang='grc' dir='ltr'>δηλωτικὴν</span> <span class='ocrx_word' id='word_1_758' title='bbox 494 2755 579 2790; x_wconf 77' lang='grc' dir='ltr'>αὐτὴν</span> <span class='ocrx_word' id='word_1_759' title='bbox 604 2753 686 2782; x_wconf 88' lang='grc' dir='ltr'>οὖσαν</span> <span class='ocrx_word' id='word_1_760' title='bbox 703 2756 845 2791; x_wconf 81' lang='grc' dir='ltr'>μαθόντες,</span> <span class='ocrx_word' id='word_1_761' title='bbox 874 2756 891 2792; x_wconf 83' lang='grc' dir='ltr'>ἢ</span> 
     </span>
    </p>
   </div>
   <div class='ocr_carea' id='block_1_106' title="bbox 102 2799 892 2837">
    <p class='ocr_par' dir='ltr' id='par_1_106' title="bbox 102 2799 892 2837">
     <span class='ocr_line' id='line_1_106' title="bbox 102 2799 892 2837; baseline 0.008 -12"><span class='ocrx_word' id='word_1_762' title='bbox 102 2799 158 2826; x_wconf 74' lang='grc' dir='ltr'><strong>σὺν</strong></span> <span class='ocrx_word' id='word_1_763' title='bbox 174 2799 240 2833; x_wconf 79' lang='grc' dir='ltr'>ἡμῖν</span> <span class='ocrx_word' id='word_1_764' title='bbox 252 2799 300 2834; x_wconf 77' lang='grc' dir='ltr'>τῆς</span> <span class='ocrx_word' id='word_1_765' title='bbox 313 2799 442 2835; x_wconf 79' lang='grc' dir='ltr'>ἀληθείας</span> <span class='ocrx_word' id='word_1_766' title='bbox 453 2803 502 2837; x_wconf 81' lang='grc' dir='ltr'>τὴν</span> <span class='ocrx_word' id='word_1_767' title='bbox 519 2802 665 2836; x_wconf 72' lang='grc' dir='ltr'>ὁμολογίαν</span> <span class='ocrx_word' id='word_1_768' title='bbox 684 2803 892 2836; x_wconf 73' lang='grc' dir='ltr'>καταδεξάσθω-</span> 
     </span>
    </p>
   </div>
   <div class='ocr_carea' id='block_1_107' title="bbox 102 2844 891 2885">
    <p class='ocr_par' dir='ltr' id='par_1_107' title="bbox 102 2844 891 2885">
     <span class='ocr_line' id='line_1_107' title="bbox 102 2844 891 2885; baseline 0.006 -13"><span class='ocrx_word' id='word_1_769' title='bbox 102 2853 159 2873; x_wconf 82' lang='grc' dir='ltr'><strong>σαν</strong></span> <span class='ocrx_word' id='word_1_770' title='bbox 179 2844 218 2880; x_wconf 76' lang='grc' dir='ltr'>τῷ</span> <span class='ocrx_word' id='word_1_771' title='bbox 235 2845 307 2882; x_wconf 82' lang='grc' dir='ltr'>λόγῳ</span> <span class='ocrx_word' id='word_1_772' title='bbox 327 2847 377 2882; x_wconf 78' lang='grc' dir='ltr'>τῆς</span> <span class='ocrx_word' id='word_1_773' title='bbox 391 2848 523 2884; x_wconf 77' lang='grc' dir='ltr'>διαφορᾶς</span> <span class='ocrx_word' id='word_1_774' title='bbox 543 2849 590 2875; x_wconf 73' lang='grc' dir='ltr'>καὶ</span> <span class='ocrx_word' id='word_1_775' title='bbox 607 2849 687 2884; x_wconf 83' lang='grc' dir='ltr'>μόνον</span> <span class='ocrx_word' id='word_1_776' title='bbox 701 2849 767 2885; x_wconf 84' lang='grc' dir='ltr'>πρὸς</span> <span class='ocrx_word' id='word_1_777' title='bbox 790 2849 891 2884; x_wconf 76' lang='grc' dir='ltr'>γνῶσιν</span> 
     </span>
    </p>
   </div>
   <div class='ocr_carea' id='block_1_108' title="bbox 942 2258 1736 2297">
    <p class='ocr_par' dir='ltr' id='par_1_108' title="bbox 942 2258 1736 2297">
     <span class='ocr_line' id='line_1_108' title="bbox 942 2258 1736 2297; baseline -0.008 -6"><span class='ocrx_word' id='word_1_778' title='bbox 942 2272 1006 2294; x_wconf 72' lang='lat' dir='ltr'><strong>tum</strong></span> <span class='ocrx_word' id='word_1_779' title='bbox 1019 2264 1134 2297; x_wconf 84' lang='lat' dir='ltr'><strong>ratione,</strong></span> <span class='ocrx_word' id='word_1_780' title='bbox 1149 2263 1181 2290; x_wconf 91' lang='lat' dir='ltr'><strong>ad</strong></span> <span class='ocrx_word' id='word_1_781' title='bbox 1191 2270 1238 2289; x_wconf 81' lang='lat' dir='ltr'><strong>nos</strong></span> <span class='ocrx_word' id='word_1_782' title='bbox 1254 2261 1299 2289; x_wconf 90' lang='lat' dir='ltr'><strong>Dei</strong></span> <span class='ocrx_word' id='word_1_783' title='bbox 1310 2260 1428 2289; x_wconf 69' lang='lat' dir='ltr'><strong>Verbum</strong></span> <span class='ocrx_word' id='word_1_784' title='bbox 1442 2267 1490 2295; x_wconf 87' lang='lat' dir='ltr'><strong>per</strong></span> <span class='ocrx_word' id='word_1_785' title='bbox 1505 2266 1612 2286; x_wconf 89' lang='lat' dir='ltr'><strong>carnem</strong></span> <span class='ocrx_word' id='word_1_786' title='bbox 1624 2258 1736 2285; x_wconf 79' lang='lat' dir='ltr'><strong>desecti.-</strong></span> 
     </span>
    </p>
   </div>
   <div class='ocr_carea' id='block_1_109' title="bbox 941 2303 1735 2343">
    <p class='ocr_par' dir='ltr' id='par_1_109' title="bbox 941 2303 1735 2343">
     <span class='ocr_line' id='line_1_109' title="bbox 941 2303 1735 2343; baseline -0.011 -7"><span class='ocrx_word' id='word_1_787' title='bbox 941 2310 990 2342; x_wconf 86' lang='lat' dir='ltr'><strong>dit,</strong></span> <span class='ocrx_word' id='word_1_788' title='bbox 1007 2309 1054 2336; x_wconf 73' lang='lat' dir='ltr'><strong>sed</strong></span> <span class='ocrx_word' id='word_1_789' title='bbox 1071 2309 1175 2336; x_wconf 84' lang='lat' dir='ltr'><strong>ratione</strong></span> <span class='ocrx_word' id='word_1_790' title='bbox 1198 2307 1406 2343; x_wconf 82' lang='lat' dir='ltr'><strong>dispensationis</strong></span> <span class='ocrx_word' id='word_1_791' title='bbox 1425 2305 1477 2334; x_wconf 84' lang='lat' dir='ltr'><strong>sibi</strong></span> <span class='ocrx_word' id='word_1_792' title='bbox 1498 2306 1558 2332; x_wconf 88' lang='lat' dir='ltr'><strong>sine</strong></span> <span class='ocrx_word' id='word_1_793' title='bbox 1573 2303 1735 2331; x_wconf 83' lang='lat' dir='ltr'><strong>detrimento</strong></span> 
     </span>
    </p>
   </div>
   <div class='ocr_carea' id='block_1_110' title="bbox 942 2349 1734 2389">
    <p class='ocr_par' dir='ltr' id='par_1_110' title="bbox 942 2349 1734 2389">
     <span class='ocr_line' id='line_1_110' title="bbox 942 2349 1734 2389; baseline -0.006 -7"><span class='ocrx_word' id='word_1_794' title='bbox 942 2360 1066 2382; x_wconf 83' lang='lat' dir='ltr'><strong>naturam</strong></span> <span class='ocrx_word' id='word_1_795' title='bbox 1077 2360 1195 2382; x_wconf 87' lang='lat' dir='ltr'><strong>nostram</strong></span> <span class='ocrx_word' id='word_1_796' title='bbox 1210 2354 1385 2389; x_wconf 67' lang='lat' dir='ltr'><strong>coniungens,</strong></span> <span class='ocrx_word' id='word_1_797' title='bbox 1399 2360 1459 2380; x_wconf 86' lang='lat' dir='ltr'><strong>eam</strong></span> <span class='ocrx_word' id='word_1_798' title='bbox 1474 2349 1734 2382; x_wconf 73' lang='lat' dir='ltr'><strong>reuovavit.Qttam.~</strong></span> 
     </span>
    </p>
   </div>
   <div class='ocr_carea' id='block_1_111' title="bbox 942 2396 1732 2436">
    <p class='ocr_par' dir='ltr' id='par_1_111' title="bbox 942 2396 1732 2436">
     <span class='ocr_line' id='line_1_111' title="bbox 942 2396 1732 2436; baseline -0.008 -8"><span class='ocrx_word' id='word_1_799' title='bbox 942 2403 1034 2429; x_wconf 74' lang='lat' dir='ltr'><strong>oin-ctu</strong></span> <span class='ocrx_word' id='word_1_800' title='bbox 1052 2408 1147 2436; x_wconf 78' lang='lat' dir='ltr'><strong>magna</strong></span> <span class='ocrx_word' id='word_1_801' title='bbox 1170 2400 1306 2428; x_wconf 88' lang='lat' dir='ltr'><strong>dementia</strong></span> <span class='ocrx_word' id='word_1_802' title='bbox 1322 2407 1368 2426; x_wconf 79' lang='lat' dir='ltr'><strong>sua</strong></span> <span class='ocrx_word' id='word_1_803' title='bbox 1393 2398 1459 2426; x_wconf 89' lang='lat' dir='ltr'><strong>nihil</strong></span> <span class='ocrx_word' id='word_1_804' title='bbox 1473 2396 1658 2433; x_wconf 80' lang='lat' dir='ltr'><strong>profecerunt,</strong></span> <span class='ocrx_word' id='word_1_805' title='bbox 1672 2402 1732 2422; x_wconf 82' lang='lat' dir='ltr'><strong>cum</strong></span> 
     </span>
    </p>
   </div>
   <div class='ocr_carea' id='block_1_112' title="bbox 943 2446 1734 2482">
    <p class='ocr_par' dir='ltr' id='par_1_112' title="bbox 943 2446 1734 2482">
     <span class='ocr_line' id='line_1_112' title="bbox 943 2446 1734 2482; baseline -0.01 -7"><span class='ocrx_word' id='word_1_806' title='bbox 943 2448 1062 2482; x_wconf 82' lang='lat' dir='ltr'><strong>ipsorum</strong></span> <span class='ocrx_word' id='word_1_807' title='bbox 1070 2446 1200 2482; x_wconf 88' lang='lat' dir='ltr'><strong>sapientia</strong></span> <span class='ocrx_word' id='word_1_808' title='bbox 1214 2447 1247 2474; x_wconf 85' lang='lat' dir='ltr'><strong>ad</strong></span> <span class='ocrx_word' id='word_1_809' title='bbox 1261 2447 1452 2481; x_wconf 84' lang='lat' dir='ltr'><strong>quantitatem,</strong></span> <span class='ocrx_word' id='word_1_810' title='bbox 1462 2453 1542 2480; x_wconf 87' lang='lat' dir='ltr'><strong>quam</strong></span> <span class='ocrx_word' id='word_1_811' title='bbox 1556 2446 1734 2478; x_wconf 79' lang='lat' dir='ltr'><strong>negaverunt,</strong></span> 
     </span>
    </p>
   </div>
   <div class='ocr_carea' id='block_1_113' title="bbox 943 2488 1735 2527">
    <p class='ocr_par' dir='ltr' id='par_1_113' title="bbox 943 2488 1735 2527">
     <span class='ocr_line' id='line_1_113' title="bbox 943 2488 1735 2527; baseline -0.009 -7"><span class='ocrx_word' id='word_1_812' title='bbox 943 2493 1064 2524; x_wconf 75' lang='lat' dir='ltr'><strong>redirrit,</strong></span> <span class='ocrx_word' id='word_1_813' title='bbox 1083 2492 1181 2527; x_wconf 78' lang='lat' dir='ltr'><strong>quippe</strong></span> <span class='ocrx_word' id='word_1_814' title='bbox 1195 2492 1239 2527; x_wconf 93' lang='lat' dir='ltr'><strong>qui</strong></span> <span class='ocrx_word' id='word_1_815' title='bbox 1268 2499 1301 2519; x_wconf 90' lang='lat' dir='ltr'><strong>ne</strong></span> <span class='ocrx_word' id='word_1_816' title='bbox 1325 2492 1409 2527; x_wconf 85' lang='lat' dir='ltr'><strong>ipsam</strong></span> <span class='ocrx_word' id='word_1_817' title='bbox 1425 2491 1532 2525; x_wconf 86' lang='lat' dir='ltr'><strong>quidem</strong></span> <span class='ocrx_word' id='word_1_818' title='bbox 1561 2489 1589 2516; x_wconf 91' lang='lat' dir='ltr'><strong>in</strong></span> <span class='ocrx_word' id='word_1_819' title='bbox 1603 2488 1735 2527; x_wconf 81' lang='lat' dir='ltr'><strong>qualitate</strong></span> 
     </span>
    </p>
   </div>
   <div class='ocr_carea' id='block_1_114' title="bbox 943 2534 1732 2574">
    <p class='ocr_par' dir='ltr' id='par_1_114' title="bbox 943 2534 1732 2574">
     <span class='ocr_line' id='line_1_114' title="bbox 943 2534 1732 2574; baseline -0.006 -8"><span class='ocrx_word' id='word_1_820' title='bbox 943 2539 1132 2573; x_wconf 81' lang='lat' dir='ltr'><strong>tlilierentiam,</strong></span> <span class='ocrx_word' id='word_1_821' title='bbox 1142 2540 1200 2567; x_wconf 81' lang='lat' dir='ltr'><strong>sine</strong></span> <span class='ocrx_word' id='word_1_822' title='bbox 1213 2539 1363 2574; x_wconf 86' lang='lat' dir='ltr'><strong>quantitate</strong></span> <span class='ocrx_word' id='word_1_823' title='bbox 1378 2539 1469 2565; x_wconf 86' lang='lat' dir='ltr'><strong>dicere</strong></span> <span class='ocrx_word' id='word_1_824' title='bbox 1485 2536 1600 2564; x_wconf 87' lang='lat' dir='ltr'><strong>valeant.</strong></span> <span class='ocrx_word' id='word_1_825' title='bbox 1616 2534 1732 2562; x_wconf 77' lang='lat' dir='ltr'><strong>Necesse</strong></span> 
     </span>
    </p>
   </div>
   <div class='ocr_carea' id='block_1_115' title="bbox 943 2581 1734 2619">
    <p class='ocr_par' dir='ltr' id='par_1_115' title="bbox 943 2581 1734 2619">
     <span class='ocr_line' id='line_1_115' title="bbox 943 2581 1734 2619; baseline -0.009 -6"><span class='ocrx_word' id='word_1_826' title='bbox 943 2587 1013 2614; x_wconf 86' lang='lat' dir='ltr'><strong>enim</strong></span> <span class='ocrx_word' id='word_1_827' title='bbox 1031 2591 1081 2619; x_wconf 81' lang='lat' dir='ltr'><strong>est,</strong></span> <span class='ocrx_word' id='word_1_828' title='bbox 1098 2591 1124 2613; x_wconf 92' lang='lat' dir='ltr'><strong>ut</strong></span> <span class='ocrx_word' id='word_1_829' title='bbox 1141 2585 1230 2613; x_wconf 76' lang='lat' dir='ltr'><strong>multa:</strong></span> <span class='ocrx_word' id='word_1_830' title='bbox 1247 2585 1310 2617; x_wconf 82' lang='lat' dir='ltr'><strong>sint,</strong></span> <span class='ocrx_word' id='word_1_831' title='bbox 1331 2589 1378 2612; x_wconf 85' lang='lat' dir='ltr'><strong>aut</strong></span> <span class='ocrx_word' id='word_1_832' title='bbox 1392 2584 1452 2611; x_wconf 69' lang='lat' dir='ltr'><strong>dure</strong></span> <span class='ocrx_word' id='word_1_833' title='bbox 1470 2583 1564 2619; x_wconf 81' lang='lat' dir='ltr'><strong>sullctn</strong></span> <span class='ocrx_word' id='word_1_834' title='bbox 1577 2581 1734 2616; x_wconf 78' lang='lat' dir='ltr'><strong>qualitatts,</strong></span> 
     </span>
    </p>
   </div>
   <div class='ocr_carea' id='block_1_116' title="bbox 944 2627 1734 2666">
    <p class='ocr_par' dir='ltr' id='par_1_116' title="bbox 944 2627 1734 2666">
     <span class='ocr_line' id='line_1_116' title="bbox 944 2627 1734 2666; baseline -0.009 -7"><span class='ocrx_word' id='word_1_835' title='bbox 944 2637 973 2659; x_wconf 92' lang='lat' dir='ltr'><strong>ut</strong></span> <span class='ocrx_word' id='word_1_836' title='bbox 994 2632 1092 2659; x_wconf 89' lang='lat' dir='ltr'><strong>dictum</strong></span> <span class='ocrx_word' id='word_1_837' title='bbox 1111 2636 1162 2663; x_wconf 82' lang='lat' dir='ltr'><strong>est,</strong></span> <span class='ocrx_word' id='word_1_838' title='bbox 1198 2639 1310 2666; x_wconf 89' lang='lat' dir='ltr'><strong>quartttn</strong></span> <span class='ocrx_word' id='word_1_839' title='bbox 1340 2629 1518 2658; x_wconf 79' lang='lat' dir='ltr'><strong>dilTereutiaut</strong></span> <span class='ocrx_word' id='word_1_840' title='bbox 1545 2627 1734 2659; x_wconf 80' lang='lat' dir='ltr'><strong>constituant;</strong></span> 
     </span>
    </p>
   </div>
   <div class='ocr_carea' id='block_1_117' title="bbox 943 2673 1735 2712">
    <p class='ocr_par' dir='ltr' id='par_1_117' title="bbox 943 2673 1735 2712">
     <span class='ocr_line' id='line_1_117' title="bbox 943 2673 1735 2712; baseline -0.011 -5"><span class='ocrx_word' id='word_1_841' title='bbox 943 2685 1023 2707; x_wconf 86' lang='lat' dir='ltr'><strong>unam</strong></span> <span class='ocrx_word' id='word_1_842' title='bbox 1036 2678 1107 2705; x_wconf 92' lang='lat' dir='ltr'><strong>enim</strong></span> <span class='ocrx_word' id='word_1_843' title='bbox 1121 2677 1288 2712; x_wconf 82' lang='lat' dir='ltr'><strong>qualitatem.</strong></span> <span class='ocrx_word' id='word_1_844' title='bbox 1299 2685 1357 2711; x_wconf 62' lang='lat' dir='ltr'><strong>quae</strong></span> <span class='ocrx_word' id='word_1_845' title='bbox 1367 2684 1427 2704; x_wconf 91' lang='lat' dir='ltr'><strong>cttm</strong></span> <span class='ocrx_word' id='word_1_846' title='bbox 1439 2675 1490 2702; x_wconf 79' lang='lat' dir='ltr'><strong>alia</strong></span> <span class='ocrx_word' id='word_1_847' title='bbox 1519 2681 1628 2707; x_wconf 85' lang='lat' dir='ltr'><strong>prorsus</strong></span> <span class='ocrx_word' id='word_1_848' title='bbox 1655 2673 1735 2700; x_wconf 84' lang='lat' dir='ltr'><strong>tuis&#39;a</strong></span> 
     </span>
    </p>
   </div>
   <div class='ocr_carea' id='block_1_118' title="bbox 943 2723 1736 2758">
    <p class='ocr_par' dir='ltr' id='par_1_118' title="bbox 943 2723 1736 2758">
     <span class='ocr_line' id='line_1_118' title="bbox 943 2723 1736 2758; baseline -0.009 -6"><span class='ocrx_word' id='word_1_849' title='bbox 943 2732 996 2752; x_wconf 89' lang='lat' dir='ltr'><strong>non</strong></span> <span class='ocrx_word' id='word_1_850' title='bbox 1011 2724 1156 2756; x_wconf 86' lang='lat' dir='ltr'><strong>sit,secum</strong></span> <span class='ocrx_word' id='word_1_851' title='bbox 1167 2724 1249 2758; x_wconf 87' lang='lat' dir='ltr'><strong>ipsam</strong></span> <span class='ocrx_word' id='word_1_852' title='bbox 1266 2723 1384 2754; x_wconf 81' lang='lat' dir='ltr'><strong>dillcrre,</strong></span> <span class='ocrx_word' id='word_1_853' title='bbox 1401 2728 1480 2749; x_wconf 90' lang='lat' dir='ltr'><strong>nemo</strong></span> <span class='ocrx_word' id='word_1_854' title='bbox 1509 2727 1592 2747; x_wconf 82' lang='lat' dir='ltr'><strong>sanus</strong></span> <span class='ocrx_word' id='word_1_855' title='bbox 1617 2725 1736 2754; x_wconf 87' lang='lat' dir='ltr'><strong>unquam</strong></span> 
     </span>
    </p>
   </div>
   <div class='ocr_carea' id='block_1_119' title="bbox 944 2765 1737 2804">
    <p class='ocr_par' dir='ltr' id='par_1_119' title="bbox 944 2765 1737 2804">
     <span class='ocr_line' id='line_1_119' title="bbox 944 2765 1737 2804; baseline -0.01 -6"><span class='ocrx_word' id='word_1_856' title='bbox 944 2770 1051 2798; x_wconf 81' lang='lat' dir='ltr'><strong>dixerit.</strong></span> <span class='ocrx_word' id='word_1_857' title='bbox 1067 2770 1206 2804; x_wconf 78' lang='lat' dir='ltr'><strong>Reliquum</strong></span> <span class='ocrx_word' id='word_1_858' title='bbox 1222 2770 1303 2804; x_wconf 69' lang='lat' dir='ltr'><strong>igitur</strong></span> <span class='ocrx_word' id='word_1_859' title='bbox 1311 2773 1363 2801; x_wconf 85' lang='lat' dir='ltr'><strong>est,</strong></span> <span class='ocrx_word' id='word_1_860' title='bbox 1375 2768 1451 2795; x_wconf 91' lang='lat' dir='ltr'><strong>utvel</strong></span> <span class='ocrx_word' id='word_1_861' title='bbox 1464 2767 1497 2794; x_wconf 86' lang='lat' dir='ltr'><strong>ab</strong></span> <span class='ocrx_word' id='word_1_862' title='bbox 1508 2767 1563 2802; x_wconf 86' lang='lat' dir='ltr'><strong>ipsa</strong></span> <span class='ocrx_word' id='word_1_863' title='bbox 1578 2765 1649 2792; x_wconf 84' lang='lat' dir='ltr'><strong>nuda</strong></span> <span class='ocrx_word' id='word_1_864' title='bbox 1661 2771 1737 2791; x_wconf 84' lang='lat' dir='ltr'><strong>recc-</strong></span> 
     </span>
    </p>
   </div>
   <div class='ocr_carea' id='block_1_120' title="bbox 943 2809 1734 2849">
    <p class='ocr_par' dir='ltr' id='par_1_120' title="bbox 943 2809 1734 2849">
     <span class='ocr_line' id='line_1_120' title="bbox 943 2809 1734 2849; baseline -0.009 -6"><span class='ocrx_word' id='word_1_865' title='bbox 943 2817 1008 2843; x_wconf 74' lang='lat' dir='ltr'><strong>d.=ut</strong></span> <span class='ocrx_word' id='word_1_866' title='bbox 1032 2815 1195 2846; x_wconf 74' lang='lat' dir='ltr'><strong>diﬂ&#39;crcntia.</strong></span> <span class='ocrx_word' id='word_1_867' title='bbox 1213 2822 1274 2842; x_wconf 84' lang='lat' dir='ltr'><strong>cum</strong></span> <span class='ocrx_word' id='word_1_868' title='bbox 1297 2814 1457 2849; x_wconf 74' lang='lat' dir='ltr'><strong>intelligant,</strong></span> <span class='ocrx_word' id='word_1_869' title='bbox 1476 2813 1561 2848; x_wconf 85' lang='lat' dir='ltr'><strong>ipsam</strong></span> <span class='ocrx_word' id='word_1_870' title='bbox 1576 2810 1686 2838; x_wconf 86' lang='lat' dir='ltr'><strong>omnino</strong></span> <span class='ocrx_word' id='word_1_871' title='bbox 1699 2809 1734 2836; x_wconf 84' lang='lat' dir='ltr'><strong>si-</strong></span> 
     </span>
    </p>
   </div>
   <div class='ocr_carea' id='block_1_121' title="bbox 943 2852 1736 2896">
    <p class='ocr_par' dir='ltr' id='par_1_121' title="bbox 943 2852 1736 2896">
     <span class='ocr_line' id='line_1_121' title="bbox 943 2852 1736 2896; baseline -0.004 -9"><span class='ocrx_word' id='word_1_872' title='bbox 943 2861 1068 2893; x_wconf 73' lang='lat' dir='ltr'><strong>gniﬁcare</strong></span> <span class='ocrx_word' id='word_1_873' title='bbox 1097 2861 1247 2895; x_wconf 85' lang='lat' dir='ltr'><strong>aliquorum</strong></span> <span class='ocrx_word' id='word_1_874' title='bbox 1269 2860 1457 2894; x_wconf 66' lang='lat' dir='ltr'><strong>diﬁcrenliam,</strong></span> <span class='ocrx_word' id='word_1_875' title='bbox 1476 2859 1662 2896; x_wconf 81' lang='lat' dir='ltr'><strong>quantitatem,</strong></span> <span class='ocrx_word' id='word_1_876' title='bbox 1695 2852 1736 2884; x_wconf 76' lang='lat' dir='ltr'><strong>vei</strong></span> 
     </span>
    </p>
   </div>
  </div>
