1874 3076
99 147 170 180 10ιὸ

568 146 757 178 PANOPLlA
777 145 1007 176 DOGMATICA.
1020 156 1052 161 -
1071 144 1146 176 Tl'l‘.
1165 143 1241 173 XVI.

1651 142 1729 174 10467

95 207 191 244 νάριος
203 206 260 242 ἅμα
274 206 400 242 Εὐτυχεῐ,
413 207 461 233 καὶ
471 205 619 240 Νεστόριος
632 205 776 240 ἐποίησαν,
792 205 816 231 cl
834 204 866 239 με

970 203 1077 238 ityclies
1091 210 1142 229 una
1156 209 1187 228 cx
1203 207 1288 236 parte.
1305 199 1520 228 ctNestoriusex
1552 200 1635 228 altera
1649 200 1721 228 tet-c-

95 254 219 288 φυσικὴν
242 253 375 288 διαφορὰν
402 253 448 279 ἐπὶ
475 251 594 286 Χριστοῦ
622 251 673 278 οὐκ
691 251 802 282 ειδότες,
823 252 836 277 ὁ
852 250 879 277 δὲ

95 300 168 333 πρὸς
191 299 278 334 ταύτῃ
289 301 336 326 καὶ
350 298 528 333 προσωπικὴν
543 297 726 332 προσεπάγων
738 305 744 312 ·
761 297 822 324 ὅθεν
833 297 881 323 καὶ

94 346 149 381 τῆς
163 345 291 380 ἀληθείας
305 345 447 377 ἐξέπεσαν.
470 344 541 371 ’Λλλ’
552 344 651 375 εἰδότες
667 344 716 370 καὶ
732 343 761 370 ὲν
774 344 806 378 τῇ
818 342 879 369 καθ’

95 391 251 418 ὑπόστασιν
274 391 370 418 ένώσει
393 390 441 425 τὴν
456 389 574 425 φυσικὴν
590 389 707 424 ἰδιότητα.
733 389 879 424 ἄτρεπτον.

94 437 146 463 καὶ
159 436 208 472 τὴν
226 436 357 471 σύγχυσιν
387 435 497 471 ὁμοίως,
517 436 565 463 καὶ
594 437 643 472 τὴν
659 436 792 471 διαίρεσιν
812 436 879 462 ὰποο

94 482 285 517 στρεφόμεθα,
298 482 367 518 μήτε
380 482 428 516 τὴν
437 482 535 508 ἕνωσιν
546 481 686 517 σύγχυσιν,
697 481 734 512 ὡς
753 480 879 515 ἀγνοοῦν-

92 536 145 560 τες
162 528 196 555 τὰ
220 529 364 560 ὲνωθέντα,
382 528 449 563 μήτε
463 528 595 563 διαίρεσιν
613 527 662 562 τὴν
685 528 827 563 διαφορὰν,
843 527 881 559 ὡς

92 573 159 601 καθ’
175 574 257 600 ἑαυτὰ
271 574 420 608 ὑφεστάναι
437 574 648 608 μεμερισμένως
660 573 761 605 ειδότες
775 574 808 599 τὰ
822 573 880 600 δια.-

95 620 228 655 φὲροντα,
246 620 436 655 ἐργαζόμενοι.
455 620 541 647 Τοῦτο
554 620 602 655 μὲν
615 619 715 652 οὖν,ὼς
731 618 818 655 οἶμαι,
835 620 882 646 καὶ

93 668 110 693 ὸ
129 667 216 701 μέγας
231 665 361 700 Θεολότος
386 665 535 701 Γρηγόριος
551 666 683 692 διδάσκων
709 665 833 700 φαίνεται
852 666 880 692 ὲν

92 712 137 746 τῷ
151 712 223 747 λόγῳ
240 712 279 747 τῷ
291 711 492 747 ἀπολογητικῷ,
507 712 535 739 ἓν
553 712 582 745 ἐξ
600 712 700 746 ἀμφοῖν
714 711 811 745 λέγων.
834 711 881 738 καὶ

92 758 132 784 δι’
148 758 208 790 ἑνὸς
229 758 386 792 ἀμφότερα,
404 758 472 793 ὅπερ
500 759 528 785 ὲν
542 758 579 792 τῷ
593 758 711 792 δευτέρῳ
737 757 802 792 περὶ
817 755 880 783 Υῑοῦ

93 802 171 836 λόγῳ
178 802 341 837 τρανότερον
351 801 457 835 διεξιών
469 811 550 837 φησιν
560 811 567 818 ·
586 811 594 828 ι
607 803 636 829 El
646 804 698 837 γὰρ
708 802 755 829 καὶ
771 802 801 828 τὸ
818 811 879 829 συν-

95 848 255 884 αμφότερον
265 849 304 882 ἓν,
322 848 381 875 ἀλλ’
398 849 427 876 οὐ
444 849 476 885 τῇ
494 849 585 884 φύσει,
597 849 628 884 τῇ
646 849 672 875 δὲ
688 848 798 882 συνόδῳ.
816 858 825 874 ι

135 937 198 965 Ἔτι
211 938 288 966 κατὰ
300 938 520 975 Μονοςρυσιτῶν
530 947 537 954 ·
552 939 829 975 τοῦλΔαμίισκηνοῦ.

367 974 540 1009 Κεφάλαιον
567 973 626 1007 ες¹.

142 1036 300 1072 ’Δτρέπτως
313 1037 378 1074 γὰρ,
398 1038 445 1065 καὶ
457 1038 644 1070 άναλλοιώτως
655 1038 797 1074 ἡνιίιοησαν
809 1039 888 1074 ἀλλή-

95 1081 162 1113 λαις
173 1083 201 1109 al
215 1081 322 1116 φύσεις,
335 1084 404 1119 μήτε
420 1084 469 1119 τῆς
482 1084 556 1114 Θείας
572 1083 680 1117 φύσεως
694 1084 831 1119 ὲκστάσης
840 1084 889 1118 τῆς

95 1127 204 1161 οἰκείας
234 1129 395 1164 ἁπλότητος,
423 1130 491 1164 μήτε
518 1130 572 1164 μὴν
596 1129 645 1164 τῆς
668 1129 888 1166 ἀνθρωπίνης,ἢ

95 1173 252 1209 τραπείσης
267 1175 307 1206 εῑς
319 1173 443 1210 θεότητος
456 1174 547 1209 φύσιν,
565 1174 580 1209 ἦ
595 1176 635 1207 εἰς
649 1175 817 1211 ἁνυπσρξιαν
835 1185 890 1211 χω-

97 1217 236 1254 ρησάσης,
250 1219 319 1255 μήτε
340 1220 372 1245 ἐκ
386 1219 440 1245 τῶν
454 1219 500 1246 δύο
517 1220 582 1254 μιᾶς
596 1221 782 1255 γεγενημένης
794 1221 888 1248 συνθέ-

95 1273 148 1290 του
161 1264 278 1299 φύσεως.
299 1265 329 1291 Ἡ
341 1265 394 1299 γὰρ
410 1264 537 1297 σύνθετος
551 1265 632 1299 φύσις
646 1285 654 1299 ,
706 1265 759 1292 οὐδ’
771 1267 889 1303 ὁποτέρᾳ

96 1310 154 1336 τῶν
169 1309 198 1343 ἐξ
215 1305 252 1336 ὧν
269 1310 399 1345 συνετέθη
411 1309 519 1345 φύσεων
531 1309 675 1344 ὁμοούσιος
696 1311 828 1346 ὑπάρχειν
842 1311 889 1338 δύ-

95 1363 190 1387 ναται,
208 1355 237 1387 ἐξ
254 1355 354 1390 ἐτέρων
369 1355 582 1382 ἀποτελεσθεῖσα
593 1354 687 1390 ἓτερον
698 1363 705 1371 ·
719 1353 775 1382 οἷον
789 1356 819 1382 τὸ
835 1355 889 1382 σῶ-

97 1409 140 1436 μα
162 1401 191 1427 τὸ
206 1401 237 1427 ὲκ
263 1401 317 1427 τῶν
342 1400 484 1436 τεσσάρων
511 1400 652 1436 στοιχείων
671 1401 887 1437 συντεθειμενον,

95 1446 161 1474 οὔτε
173 1447 212 1482 τῷ
227 1447 293 1482 πυρὶ
305 1447 414 1481 λέγεται
433 1447 586 1483 ὀμοούσιον,
602 1447 664 1474 οὔτε
682 1448 737 1484 πῦρ
758 1448 889 1483 ὀνομάζε-

95 1501 154 1525 ται,
169 1492 230 1520 οὔτε
241 1492 296 1528 ἀὴρ
307 1492 427 1527 λέγεται,
443 1492 505 1520 οὔτε
522 1493 604 1528 ὕδωρ,
620 1493 681 1521 οὗτε
700 1494 746 1530 γῆ.
765 1494 824 1521 σὺδέ
837 1503 889 1522 τινι

94 1538 203 1566 τούτων
216 1539 289 1566 ἐστὶν
301 1539 455 1574 ὁμοούσιον.
469 1540 500 1566 El
514 1540 602 1567 τοίνυν
619 1541 690 1567 κατὰ
709 1540 771 1572 τοὺς
787 1541 889 1576 αἱρετι-
899 1545 918 1572 (1

96 1585 176 1616 κοὺς,
197 1585 261 1620 μιᾶς
278 1584 386 1619 φύσεως
410 1585 537 1612 συνθέτου
567 1587 581 1613 ὁ
611 1586 728 1621 Χριστὸς
749 1587 819 1622 μετὰ
840 1587 889 1622 τὴν

95 1631 197 1658 Ιἕνωσιν
212 1631 408 1666 ἐχρημάτισεν,
434 1631 464 1664 ἐξ
482 1632 572 1667 ἁπλῆς
598 1631 704 1667 φύσεως
725 1632 831 1669 ἐτράπη
849 1634 889 1665 εἰς

99 1676 242 1709 σύνθετον,
269 1677 317 1703 καὶ
346 1676 409 1704 οὔτε
421 1677 461 1713 τῷ
489 1678 578 1713 Πατρὶ
603 1678 691 1713 ἁπλῆς
710 1678 817 1713 φύσεως
831 1678 889 1706 δντι

97 1723 177 1749 ἐστὶν
187 1722 341 1756 ὀμοούσιος,
357 1722 419 1749 οὔτε
434 1724 467 1758 τῇ
484 1724 586 1759 Μητρὶ.
601 1724 638 1750 Οὐ
652 1724 706 1759 γὰρ
721 1725 753 1751 ὲκ
764 1724 889 1759 θεότητος

97 1763 149 1811 amt
160 1765 370 1803 ἁνορωπότητος
396 1769 465 1805 αὕτη
492 1772 678 1799 συντέθειται·
702 1773 763 1801 οὕτε
785 1775 840 1811 μὴν
860 1777 888 1802 ἐν

97 1809 207 1856 θεότητί
222 1812 337 1841 ἐστικαὶ
359 1815 550 1851 ἀνθρωπότητι
560 1827 566 1833 ·
589 1818 650 1845 οὔτε
662 1819 690 1846 δὲ
709 1819 776 1852 Θεὸς
786 1809 885 1856 ονομα-

97 1855 242 1891 σθήσεται,
253 1858 313 1885 οὐδὲ
323 1858 476 1896 ἄνθρωπος,
494 1861 562 1889 ἀλλὰ
582 1862 700 1898 Χριστὸς
719 1865 801 1899 μόνον
813 1873 820 1880 ·
834 1855 884 1892 imi

95 1901 225 1936 ἔσταιττὸ,
242 1903 370 1938 Χριστὸς,
394 1905 425 1933 οὐ
446 1906 496 1942 τῆς
521 1907 698 1941 ὑποστάσεως
709 1908 804 1944 δνομα,
818 1910 886 1937 ἀλλὰ

93 1946 148 1981 τῆς
162 1949 228 1981 μιᾶς
242 1949 304 1976 κατ’
320 1950 419 1983 αὐτοὺς
433 1951 550 1986 φύσεως.

931 254 993 275 runt
1013 258 1019 276 :
1036 248 1073 275 illi
1088 248 1150 275 dum
1171 247 1319 275 naturalem
1335 247 1361 274 in
1376 246 1483 274 Christo
1497 248 1618 282 ignorant
1645 247 1721 274 dilic-

931 295 1048 322 rentiam
1063 302 1070 328 ;
1082 295 1126 322 hic
1138 301 1201 321 νρτο
1215 294 1276 321 dum
1290 301 1412 328 persona:
1423 300 1528 328 quoque
1539 292 1718 320 diﬁ‘erentiom

932 340 1048 368 inducit.
1065 340 1238 374 Quapropter
1248 339 1431 366 cxcideruuta
1458 339 1582 366 veritate.
1613 338 1665 365 Sed
1689 340 1716 365 in

932 393 1056 421 personae
1089 386 1171 412 etiam
1200 384 1304 411 unitate
1333 383 1487 411 naturalem
1524 383 1716 418 proprietatem

932 433 1095 460 immobilem
1112 435 1303 467 agnoscentes,
1323 430 1425 466 pariter
1434 435 1460 457 et
1481 429 1679 460 confusionem,
1694 433 1721 454 rt

931 479 1089 506 divisionem
1113 477 1297 512 repudiamus.
1316 476 1408 511 Neque
1419 476 1491 503 enim
1521 474 1720 508 coniunctionis

931 524 990 553 loco
1005 523 1190 552 confusionem
1202 522 1402 554 constituimus,
1424 526 1451 548 ut
1466 521 1510 555 qui
1528 528 1558 547 ea
1574 527 1634 554 quae
1656 527 1721 546 con-

929 566 1020 606 juncta
1036 573 1109 600 sunt,
1123 569 1289 604 ignoremus,
1308 575 1394 602 neque
1410 575 1459 602 pro
1481 565 1631 592 diﬂereniia
1653 564 1722 592 divi-

931 616 1049 647 sionem,
1067 620 1094 640 ut
1110 615 1154 648 qui
1174 622 1204 641 ea
1222 622 1282 648 quae
1314 613 1451 643 dillcrunt,
1477 611 1621 645 separatim
1632 618 1679 644 per
1692 618 1721 636 se

930 661 1079 689 consistere
1093 667 1256 688 asseramus.
1274 658 1329 686 Hoc
1354 664 1378 686 et
1394 665 1505 692 magnus
1521 656 1564 683 ille
1580 655 1720 689 theologus.

931 705 1088 737 Gregorius,
1107 712 1164 732 mea
1180 705 1287 738 quidem
1321 703 1469 735 sententia,
1484 702 1575 734 docet,
1605 708 1666 728 cum
1693 700 1721 726 in

932 758 1029 784 magno
1041 750 1209 785 Apologelico
1224 750 1287 778 dicit
1302 757 1384 777 unum
1406 756 1438 776 ex
1465 749 1598 782 utrisque.
1626 752 1655 774 et
1674 755 1722 780 pcr

932 804 1013 823 unum
1030 799 1159 830 utraque.
1178 795 1254 829 Quod
1271 795 1297 822 in
1313 795 1431 822 secunda
1458 793 1624 820 orationcde
1651 792 1722 819 Filio

932 841 1032 868 clarius
1059 849 1210 876 exponens,
1229 850 1238 867 ι
1254 841 1311 868 Etsi
1338 840 1422 872 enim,
1449 839 1548 873 inquit,
1578 843 1722 872 utrumque

934 894 1028 919 unumI
1047 894 1098 913 non
1113 892 1202 914 nmmo
1215 892 1322 916 natura.
1337 886 1384 913 sed
1405 885 1609 921 conjunctione.
1624 894 1632 910 I

934 944 1002 973 Item
1018 945 1142 972 adversus
1162 945 1233 976 illas.
1245 946 1291 980 qui
1309 953 1390 972 uuam
1407 946 1433 972 in
1461 944 1570 980 Christo
1599 947 1726 969 naturam

1074 988 1129 1007 esse
1141 977 1256 1007 dicunt!
1268 979 1436 1007 Damasceni'.
1452 978 1519 1013 Cap.
1535 977 1580 1006 ὕϐ-

969 1043 1081 1070 Natura:
1096 1043 1156 1070 dum
1170 1044 1197 1070 in
1212 1051 1265 1070 uua
1281 1042 1382 1070 Christi
1397 1051 1565 1078 parsona.--
1575 1044 1723 1073 Enimvero

931 1089 993 1117 sine
1010 1085 1195 1117 conversione
1211 1097 1242 1117 ac
1260 1089 1416 1117 mulatione
1443 1090 1528 1118 unita:
1552 1096 1649 1119 mutuo
1674 1099 1722 1119 na-

933 1138 1003 1162 turae
1017 1139 1097 1166 sunt,
1116 1134 1157 1162 sic
1174 1134 1302 1162 videlicet
1317 1139 1347 1162 ut
1363 1142 1414 1163 nec
1435 1142 1450 1162 a
1472 1143 1522 1163 sua
1544 1136 1725 1172 simplicitate

932 1181 1025 1208 divina
1049 1185 1149 1208 natura
1163 1181 1327 1213 desciverit;
1342 1189 1393 1209 ncc
1409 1189 1508 1209 rursus
1520 1182 1659 1217 humana;
1675 1188 1723 1211 aut

932 1227 959 1253 in
979 1227 1094 1255 Deitatis
1111 1232 1238 1254 naturam
1255 1235 1407 1260 conversa,
1426 1233 1475 1256 aut
1491 1229 1519 1256 in
1539 1229 1655 1257 nihilum
1677 1238 1723 1257 re-

931 1275 1012 1302 dacta
1024 1293 1032 1306 ,
1046 1279 1094 1302 aut
1108 1275 1228 1309 denique
1242 1283 1297 1302 una
1310 1284 1344 1304 ex
1362 1276 1471 1304 duabus
1488 1277 1597 1305 naturis
1611 1284 1724 1312 compo-

932 1320 983 1348 sita
999 1324 1098 1347 natura
1111 1320 1207 1348 eﬂ‘ecta
1222 1321 1270 1349 sit.
1284 1320 1426 1356 Siquidem
1440 1323 1594 1357 composita
1611 1327 1722 1355 natura,

932 1373 996 1393 cum
1013 1369 1111 1393 neutra
1127 1366 1236 1394 illarum
1250 1370 1414 1395 naturarum
1424 1386 1433 1400 ,
1446 1374 1479 1395 ex
1492 1368 1592 1403 quibus
1605 1368 1723 1396 conﬂata

931 1416 992 1444 est.
1009 1412 1257 1441 consubstantialis
1272 1420 1334 1441 esse
1349 1418 1459 1448 potest;
1477 1418 1506 1442 ut
1526 1421 1588 1449 quae
1606 1422 1640 1442 ex
1659 1415 1724 1442 aliis

932 1456 1007 1484 aliud
1022 1456 1096 1484 facta
1117 1457 1163 1485 sit.
1185 1458 1311 1493 Exempli
1330 1459 1440 1494 gratia:
1460 1467 1578 1495 corpus.
1598 1460 1671 1495 quod
1690 1468 1723 1488 ex

932 1508 1053 1538 quatuor
1066 1503 1210 1531 elementis
1224 1508 1349 1537 constat,
1366 1512 1419 1533 nec
1435 1505 1557 1540 ejusdem
1578 1513 1641 1534 esse
1660 1513 1723 1534 cum

933 1548 995 1584 igne
1011 1549 1176 1578 substantiae
1192 1550 1317 1584 dicitur;
1332 1558 1385 1579 nec
1400 1551 1474 1586 ignis
1489 1552 1653 1587 appellatur,
1672 1560 1723 1580 nec

932 1602 980 1622 aer
997 1599 1123 1626 vocatur.
1142 1603 1195 1623 nec
1212 1603 1301 1632 aqua,
1328 1604 1379 1625 nec
1405 1601 1498 1629 terra,
1523 1605 1575 1625 nec
1598 1597 1724 1625 eamdem

932 1648 996 1668 cum
1015 1641 1071 1669 ullo
1098 1641 1196 1669 horum
1323 1643 1508 1671 substantiam
1532 1643 1624 1671 habet.
1650 1643 1724 1676 Quo-

932 1687 1023 1717 circa.
1039 1687 1061 1714 si
1083 1691 1145 1722 post
1165 1687 1295 1716 [micuem
1310 1688 1492 1721 Christus,ut
1509 1689 1645 1717 haereticis
1665 1689 1723 1724 pla-

932 1736 993 1764 cet,
1010 1732 1093 1759 unius
1109 1733 1271 1769 composite
1285 1738 1393 1764 natura:
1409 1735 1536 1768 exsistit,
1554 1743 1588 1763 ex
1604 1735 1723 1770 simplici

938 1782 1037 1804 natura
1051 1777 1079 1804 in
1098 1780 1280 1814 compositam
1294 1787 1394 1808 versus
1406 1784 1449 1807 est
1462 1781 1494 1808 δ’.
1512 1780 1551 1808 Ila
1567 1789 1617 1809 nec
1631 1781 1704 1808 Patri
1716 1802 1723 1813 ,

936 1824 1016 1857 cujus
1033 1824 1150 1859 simplex
1178 1829 1277 1852 natura
1301 1830 1360 1858 est,
1385 1825 1633 1855 consubstantialis
1658 1828 1724 1858 erit.

937 1876 987 1896 nec
1003 1869 1103 1903 matri,
1121 1870 1225 1904 quippe
1240 1877 1301 1905 quae
1314 1878 1348 1898 ex
1369 1870 1471 1898 deitate
1496 1875 1524 1898 et
1549 1872 1733 1899 humanitate-

938 1915 1091 1949 composita
1105 1923 1161 1943 non
1175 1919 1236 1949 est;
1255 1923 1306 1943 nec
1322 1915 1386 1944 item
1401 1917 1428 1944 in
1443 1917 1543 1944 deitate
1555 1921 1582 1945 et
1596 1917 1724 1944 immani-

938 1962 993 1986 tate
1009 1959 1079 1991 erit.
1098 1968 1150 1988 nec
1167 1960 1239 1988 Deus
1254 1961 1472 1996 nuncupabitnr,
1490 1968 1540 1989 nec
1558 1962 1640 1989 homo
1651 1982 1658 1993 ,
1676 1961 1726 1989 sed

93 1993 223 2022 Christus
234 1996 386 2025 duntaxat:
402 1998 510 2034 eritque
525 1999 628 2028 Christi
640 2001 813 2036 vocabulum,
827 2010 882 2030 non
900 2011 1025 2039 personae
1042 2007 1131 2042 ipsius
1146 2015 1247 2036 nomen
1258 2027 1265 2040 ,
1282 2009 1330 2036 sed
1345 1993 1438 2043 unius,
1453 1993 1483 2038 ut
1516 2010 1556 2037 illi
1591 2013 1724 2042 censent,

94 2045 214 2069 natura.

137 2088 232 2124 Ἡμεῖς
241 2090 281 2123 δὲ,
298 2091 427 2119 συνθέτου
444 2093 552 2127 φύσεως
563 2095 609 2122 τὸν
620 2096 738 2131 Χριστὸν
756 2097 885 2132 δογματί-

93 2132 189 2168 ξομεν,
206 2135 268 2162 οὐδὲ
281 2137 312 2169 ἐξ
322 2137 423 2173 ἐτέρων
435 2139 528 2174 ἕτερον
545 2141 567 2173 ί,
584 2141 678 2177 ὥσπερ
688 2143 720 2169 ἐκ
735 2142 824 2178 ψυχῆς
838 2143 885 2169 καὶ

969 2099 1022 2126 Nos
1043 2107 1107 2127 vero
1124 2099 1266 2128 Christum
1282 2100 1494 2136 haudquaquam
1510 2102 1593 2130 unius
1609 2109 1722 2139 compo-

933 2144 993 2172 sitae
1008 2150 1114 2173 natura:
1126 2154 1188 2174 esse
1201 2146 1394 2182 praedicamus,
1407 2154 1496 2183 neque
1507 2156 1541 2176 ex
1555 2149 1617 2178 aliis
1628 2150 1702 2178 aliud
1713 2170 1720 2182 .

93 2180 222 2229 σὼμάτος
236 2182 389 2229 ἄνθρωπον,
402 2184 418 2220 ἢ
435 2185 474 2217 ὡς
485 2187 517 2213 ἐκ
527 2187 670 2223 τεσσάρων
685 2189 824 2224 στοιχείων
836 2189 866 2216 σᾶ

971 2191 1164 2219 emadmodum
1178 2200 1211 2220 ex
1225 2193 1318 2220 anima
1333 2197 1360 2220 et
1374 2200 1490 2229 corpore
1504 2194 1642 2223 hominem
1653 2215 1661 2228 ,
1675 2204 1723 2224 aut

91 2234 144 2260 μα,
162 2226 222 2252 ἀλλ’
244 2227 274 2259 ἐξ
295 2229 398 2263 ἑτέρων
463 2231 498 2258 τὰ
513 2232 583 2259 αὐτά
620 2240 628 2249 ·
643 2234 676 2260 ὲκ
689 2234 815 2269 θεότητος
828 2235 883 2271 γὰρ

90 2271 141 2297 καὶ
157 2271 365 2309 ἀνθρωπότητος
385 2275 450 2302 Θεὸν
470 2277 584 2310 τέλειον,
601 2278 646 2304 τὸν
671 2279 764 2312 αὐτὸν,
780 2280 829 2307 καὶ
840 2278 881 2308 εἶ-

85 2323 149 2347 ναι,
165 2317 212 2343 καὶ
223 2317 359 2352 λέγεσθαι,
375 2321 408 2347 ὲκ
419 2320 466 2348 δύο
476 2330 518 2354 τε,
539 2323 586 2349 καὶ
599 2323 628 2350 ὲν
643 2323 703 2351 δυσὶ
770 2325 882 2358 φύσεσιν

89 2361 289 2398 ὁμολογοῦμεν.
310 2365 346 2391 Τὸ
355 2365 393 2398 δὲ,
409 2367 538 2402 Χριστός,
554 2369 639 2404 ὄνομα
647 2369 697 2405 τῆς
708 2370 882 2404 ὑποστάσεως

89 2405 221 2442 λέγομεν,
239 2409 269 2436 οὐ
296 2412 471 2446 μονοτρόπως
490 2413 648 2449 λεγόμενον,
668 2415 737 2442 ἀλλὰ
760 2416 815 2442 τῶν
834 2416 882 2443 δύο

90 2451 204 2486 φύσεων
233 2454 357 2490 ὑπάρχον
390 2459 567 2492 σημαντικόν.
587 2460 674 2492 Αὐτὸς
705 2461 760 2496 γὰρ
785 2461 881 2489 ἑαυτὸν

89 2498 186 2532 ἔχρισε
197 2507 204 2513 ·
219 2499 304 2536 χρίων
318 2501 367 2536 μὲν
384 2502 421 2534 ὼς
436 2503 503 2535 Θεὸς
516 2504 548 2531 τὸ
566 2505 645 2540 σῶμα
661 2507 696 2542 τῇ
711 2506 819 2542 Θεότητι
833 2508 881 2535 αὐ-

87 2543 150 2576 τοῦ,
173 2545 317 2581 χριόμενος
339 2547 379 2580 δὲ,
408 2549 446 2581 ὡς
460 2549 621 2587 ἄνθρωπος’
647 2553 729 2585 αὐτὸς
743 2554 797 2590 γάρ
823 2555 882 2583 ἐστι

88 2589 171 2617 τοῦτο
185 2592 307 2620 κάκεῖνο.
330 2594 430 2629 Χρισις
444 2596 472 2622 δὲ
487 2597 503 2631 ἡ
529 2596 625 2633 θεότης
638 2600 688 2634 τῆς
705 2589 883 2637 ἀνθρωπότη-

87 2644 147 2667 τος.
167 2637 198 2664 Et
211 2638 265 2675 γὰρ
297 2641 361 2675 μιᾶς
387 2641 494 2675 φύσεως
520 2643 646 2671 συνθέτου
668 2645 706 2672 ὣν
725 2646 882 2682 ὁΧριτ-ιὸς,

88 2682 232 2730 ὀιιοσύσιός
258 2685 316 2713 ὲστι
344 2687 383 2722 τῷ
398 2688 495 2723 Πατρὶ,
517 2689 592 2716 ἔσται
617 2690 671 2726 ἄρα
692 2692 739 2719 καὶ
755 2693 770 2719 ὁ
786 2694 883 2730 Πατὴρ

90 2727 231 2763 σύνθετος,
247 2732 294 2758 καὶ
307 2734 340 2768 τῇ
358 2734 439 2769 σαρκὶ
457 2736 617 2772 ὀμοούσιος,
635 2737 702 2774 ὅπερ
713 2738 821 2773 ἄτοπον,
831 2739 879 2766 καὶ

88 2773 182 2810 πάσης
201 2775 376 2813 βλασφημίας
390 2780 535 2810 ἀνάπλεον.

931 2241 965 2262 ex
985 2239 1106 2270 quatuor
1120 2236 1264 2265 elementis
1275 2256 1282 2268 ,
1298 2243 1418 2272 corpus;
1434 2245 1529 2265 verum
1547 2246 1580 2266 ex
1601 2239 1722 2267 diversis

931 2281 1028 2309 eadem
1044 2280 1078 2308 “.
1096 2281 1237 2316 Siquidem
1252 2289 1286 2309 ex
1303 2281 1406 2310 deitate
1418 2287 1446 2310 et
1462 2283 1634 2313 humanitate
1647 2292 1724 2313 eum-

931 2326 993 2354 dem
1010 2326 1096 2355 Deum
1117 2327 1284 2362 perlectum,
1302 2333 1330 2355 et
1348 2328 1486 2357 hominem
1504 2329 1657 2364 perfectum
1671 2350 1678 2363 .
1694 2337 1725 2360 et

930 2379 991 2401 esse
1002 2392 1009 2405 ,
1025 2377 1053 2401 et
1067 2374 1139 2406 dici,
1157 2378 1241 2408 atque
1256 2381 1289 2401 ex
1305 2373 1429 2406 duabus.
1445 2378 1474 2402 et
1493 2375 1521 2402 in
1541 2375 1650 2404 duabus
1668 2383 1720 2403 na-

931 2418 1003 2447 turis
1026 2427 1089 2447 esse
1113 2420 1289 2448 conﬁtemur.
1313 2419 1419 2448 Christi
1445 2427 1529 2455 porro
1554 2421 1726 2450 vocabulum

931 2471 1055 2500 persona:
1069 2472 1132 2494 esse
1147 2465 1268 2493 dicimus
1278 2485 1286 2497 ,
1302 2465 1377 2500 quod
1393 2473 1447 2494 non
1464 2467 1594 2495 unimode
1606 2467 1719 2500 dicitur.

930 2510 977 2537 sed
991 2509 1129 2545 duplicem
1145 2515 1270 2538 naturam
1284 2510 1433 2545 signiﬁcat.
1449 2511 1509 2546 lpse
1525 2512 1662 2547 siquidem
1676 2521 1721 2541 se-

930 2555 1021 2590 ipsum
1040 2555 1134 2587 unxit,
1150 2563 1251 2591 corpus
1266 2556 1394 2584 videlicet
1410 2564 1490 2584 suum
1505 2557 1650 2586 divinitate
1666 2566 1718 2586 sua

930 2601 1075 2637 tingendo,
1091 2605 1221 2637 tanquam
1237 2601 1330 2635 Deus,
1358 2606 1458 2630 unctus
1483 2607 1590 2636 autem,
1615 2607 1646 2630 ut
1672 2604 1720 2630 ho-

930 2654 994 2678 mo;
1009 2647 1233 2682 quandoquidem
1250 2648 1325 2683 ipse,
1340 2647 1450 2679 ethoc,
1468 2652 1496 2675 et
1511 2648 1578 2675 illud
1595 2653 1647 2676 est.
1665 2648 1719 2676 Uu-

929 2694 984 2721 ctio
1005 2700 1090 2728 porro
1110 2693 1292 2721 humanitatis
1311 2697 1354 2721 est
1373 2693 1514 2721 divinitas.
1535 2693 1679 2721 Enimvero
1695 2695 1718 2722 si

931 2738 1061 2766 Christus
1077 2746 1130 2766 una
1150 2742 1257 2766 tantum
1278 2738 1430 2773 composita
1450 2743 1547 2766 natura
1568 2738 1717 2774 praeditus.

932 2784 1005 2812 Patri
1022 2785 1270 2813 consubstantialis
1285 2789 1343 2816 est.
1360 2785 1414 2812 erit
1429 2789 1456 2812 et
1479 2784 1560 2812 Pater
1580 2787 1718 2821 composi-

930 2834 993 2862 tus,
1010 2835 1038 2858 ct
1055 2830 1132 2858 carni
1147 2830 1395 2858 consubstantialis
1409 2839 1416 2862 ς
1434 2831 1507 2865 quod
1524 2830 1598 2859 dictu
1615 2831 1713 2860 absur-

929 2876 993 2903 dum
1009 2881 1050 2904 cst
1061 2896 1068 2908 ,
1085 2881 1113 2904 et
1129 2875 1202 2903 omni
1221 2875 1359 2911 impietate
1375 2876 1495 2911 plenum.
