1874 3076
70 144 132 176 1069

529 147 714 178 PANOPLIA
735 146 960 179 DOGMATICA.
977 161 1012 166 -
1030 149 1104 179 ΤΙΤ.
1124 149 1198 180 XVI.

1606 154 1678 187 ιοω

63 218 107 245 δύο
121 217 223 252 φύσεων
259 219 467 246 ἀποτελισασῶν
494 219 559 255 μίαν
589 220 717 247 σύνθετον
747 221 840 256 φύσιν,

914 226 945 246 ειη
961 223 1023 254 post
1038 218 1192 247 unitionem
1208 224 1321 247 naturas
1336 221 1364 247 in
1379 221 1439 256 ipso
1453 222 1604 251 incolumes
1615 231 1674 251 ser-

63 263 119 290 ἀλλ’
129 263 278 291 ὲνωθεισῶν
293 264 422 300 ἀλλήλαις
434 266 493 292 κατ’
506 265 634 300 ἀλήθειαν
647 268 686 298 εἰς
699 267 763 302 μίαν
776 267 841 294 ὑπό-

65 317 151 336 στασιν
178 310 304 337 σύνθετον
328 311 375 337 τοῦ
403 311 467 338 Υἱοῦ
487 311 534 338 τοῦ
549 311 628 345 Θεοῦ,
645 315 691 339 καὶ
706 313 841 344 σώζεσθαι

63 355 146 381 αὐτῶν
170 356 216 391 τὴν
234 356 349 391 οὐσιώὸη
373 357 505 391 διαφορὰν
533 357 694 392 ὁριζόμεθα.
723 359 759 385 T6
787 359 841 394 γὰρ

64 401 172 433 κτιστδν,
192 401 330 437 μεμένηκε
350 403 470 433 κτιστδν.
491 403 540 430 καὶ
556 403 586 430 τὸ
607 404 744 435 ᾶκτιστον,
762 404 840 431 ἄκτι-

63 453 130 473 στον.
151 445 185 471 Τὸ
210 445 306 480 θνητὸν
330 447 421 482 ἔμεινε
437 448 545 483 θνητὸν,
572 449 618 475 καὶ
643 449 674 475 τὸ
688 449 839 480 ἀθάνατον,

61 489 187 517 ἀθάνατον
198 498 204 505 ·
222 491 252 517 τὸ
263 491 460 527 περιγραπτδν,
478 492 681 527 περιγραπτόψ
695 492 725 519 τὸ
740 493 839 527 ἀπερί-

60 542 185 568 γρσπτον,
200 535 421 571 ἁπερὶγραπτον·
433 536 464 563 τὸ
478 537 574 572 ὁρατὸν
586 556 593 567 ,
612 537 719 572 ὁρατὸν,
745 537 791 563 καὶ
808 537 838 564 τὸ

59 580 178 615 ἀόρατον,
192 581 323 615 ἀόρατον·
338 591 348 607 ι
359 581 396 607 Τδ
414 581 463 616 μὲν
475 582 623 617 διαλάμπει
636 582 692 614 τοῖς
706 582 838 618 θαύμασι,

63 625 91 650 τὸ
102 624 128 651 δὲ
139 627 197 657 ταῖς
212 625 321 660 ὕϐρεσιν
338 626 545 654 ὑποπέπτωκεν.
565 635 575 652 ι

891 265 949 292 vari
966 266 1149 292 conﬁtentes:
1169 273 1223 292 non
1241 265 1277 292 ita
1298 269 1388 293 tamen
1411 271 1442 292 ttt
1463 272 1607 304 utramque
1627 269 1673 295 ha-

891 317 950 337 rum
968 310 1083 337 seorsim
1101 317 1253 345 ponamus,
1279 318 1373 338 verum
1399 312 1425 339 in
1455 320 1507 338 una
1523 306 1675 348 composita

891 363 1008 390 persona
1034 355 1106 382 inter
1134 363 1164 383 se
1188 355 1342 390 copulatas.
1365 356 1578 385 Substantialem
1603 360 1676 386 enim

889 408 952 429 esse
970 401 1041 428 hanc
1055 401 1185 428 unionem
1204 401 1342 434 dicimus,
1369 402 1421 429 hoc
1447 408 1510 434 est,
1535 412 1626 431 veram
1650 409 1677 431 et

890 453 943 472 non
969 445 1171 480 imaginariam.
1197 445 1414 473 Substantialcm
1442 452 1533 475 autem
1554 467 1561 480 .
1623 457 1676 476 non

889 489 961 525 quod
975 488 1035 516 dua).
1049 494 1155 516 natura:
1169 497 1251 516 unam
1270 492 1450 525 composilam
1469 497 1594 520 naturam
1610 493 1674 520 elle-

890 534 995 567 cerint;
1011 534 1059 562 sed
1073 535 1145 570 quod
1163 535 1189 561 in
1203 542 1286 562 unam
1299 536 1358 563 Filii
1374 536 1419 564 Dei
1435 538 1615 573 emnpositam
1629 539 1675 573 hy-

892 580 1026 614 postasim
1043 579 1114 607 inter
1129 587 1159 608 se
1173 580 1256 608 unita:
1268 581 1334 608 sint.
1357 583 1486 614 Quinimo
1505 584 1676 611 substantia-

891 626 942 653 lem
955 630 1048 652 earutn
1063 624 1244 653 differentiam
1257 626 1390 662 integrann
1403 633 1430 655 et
1441 628 1606 656 incolumem
1622 638 1677 656 scr-

63 673 118 699 vari
128 671 282 699 statuimus.
301 671 368 698 Nam
381 675 504 699 creatum
523 671 626 698 mansit
637 671 709 706 quod
723 675 845 698 creatum
866 674 926 702 est,
945 674 972 698 et
986 671 1138 697 increatum
1150 689 1157 701 ,
1175 671 1250 705 quod
1269 671 1444 706 increatum;
1469 674 1542 708 quod
1562 676 1676 703 mortale

61 720 119 749 est,
143 716 284 743 mortalem
303 715 474 750 permansit.
501 720 526 743 et
547 716 704 744 immortale
729 715 801 750 quod
823 715 998 747 immortale;
1030 715 1288 750 circumscriptum,
1318 717 1390 751 quod
1417 717 1675 754 circumscriptum,

61 761 342 796 incircumscriptum.
363 761 435 795 quod
453 761 742 796 incircumscriptum;
770 761 895 794 visibile,
924 761 995 797 quod
1014 761 1121 788 visibile
1135 770 1142 794 ;
1158 765 1184 788 et
1220 761 1357 789 invisibile
1377 782 1384 794 ,
1413 763 1484 797 quod
1518 763 1674 792 invisibile:

62 818 71 833 ι
87 807 172 835 Unum
188 807 296 841 quidem
315 808 411 834 Ilorum
426 813 553 835 coruscat
577 810 717 837 miraculis
730 831 738 843 ,
763 809 838 837 aliud
858 810 1012 837 succumbit
1027 809 1147 842 injuriis.
1167 820 1176 836 ι

91 853 242 880 οἰκειοῦται
254 853 282 880 δὲ
295 855 329 880 τὰ
346 853 504 889 ἀνθρώπινα
523 857 536 882 6
557 856 656 889 Λόγος·
677 857 760 883 αὑτοῦ
780 857 835 890 γάρ

920 856 1132 883 Commuuicatio
1147 854 1314 882 idiomatum.
1326 870 1360 874 —
1371 854 1488 882 Verbum
1503 864 1596 891 porro,
1612 858 1673 891 quia

57 900 115 924 ἐστι
129 899 159 924 τὰ
172 900 220 933 τῆς
235 898 316 932 ἁγίας
339 899 421 925 αὑτοῦ
447 901 550 934 σαρκὸς
564 900 628 926 ὄντα
639 908 645 915 ⁸
669 901 713 927 καὶ
729 901 838 935 μεταδί-

914 902 976 930 ιδίυε
991 906 1055 929 sunt
1066 922 1073 933 ,
1086 909 1146 935 qua:
1162 905 1266 928 sancta:
1283 900 1344 934 ejus
1361 902 1453 928 carnis
1470 906 1550 934 sunt,
1566 910 1597 929 ea
1614 911 1674 936 qua:

56 945 122 970 ξωσι
135 948 147 962 α
159 945 190 978 τῇ
203 944 285 978 σαρκὶ
295 943 349 969 τῶν
362 944 444 975 ἰδίων,
453 945 524 971 κατὰ
540 946 585 971 τὸν
599 946 759 977 ἀντιδόσεως
770 946 838 982 τρό-

57 998 118 1022 πον,
132 989 174 1015 διά
189 988 238 1024 τὴν
258 990 297 1020 εἰς
313 989 415 1024 ἄλληλα
429 990 485 1026 (12)
504 990 559 1017 τῶν
578 991 669 1025 μερῶν
687 990 844 1026 περιχώρη-

59 1043 112 1065 σιν,
128 1035 172 1061 καὶ
183 1035 232 1070 τὴν
248 1035 309 1062 καθ’
328 1035 476 1061 ὑπόστασιν
486 1035 597 1069 ἕνωσιν,
617 1034 663 1060 καὶ
687 1037 728 1063 ὁτι
744 1035 784 1069 εἷς
798 1037 842 1074 ἦν,

55 1082 105 1109 καὶ
117 1083 130 1108 6
143 1082 234 1114 αὐτὸς,
245 1084 259 1110 6
274 1082 320 1109 καὶ
334 1083 368 1110 τὰ
382 1081 442 1108 θεῖα
455 1082 500 1108 καὶ
518 1082 551 1108 τὰ
568 1082 726 1118 ἀνθρώπινα
742 1093 750 1109 ε
765 1084 842 1119 ἐνερ-

55 1128 113 1160 γών
123 1127 149 1153 ὲν
160 1128 280 1162 ἑκατέρᾳ
292 1128 382 1162 μορφῇ
396 1127 466 1161 μετὰ
477 1127 525 1161 τῆς
542 1127 655 1162 θατέρου
672 1129 813 1160 κοινωνίας
830 1138 840 1155 ι

55 1171 103 1197 Διὸ
115 1171 145 1206 δὴ
162 1172 207 1197 καὶ
223 1173 237 1198 6
249 1172 349 1205 Κύριος
361 1172 410 1206 τῆς
426 1172 504 1206 δόξης
521 1171 708 1207 ἐσταυρῶσθαι
722 1173 841 1206 λέγεται.

56 1217 145 1242 καίτοι
153 1217 202 1251 τῆς
222 1217 296 1248 θείας
315 1217 399 1243 αὑτοῦ
417 1218 454 1251 μὴ
479 1216 618 1253 παθούσης
634 1217 752 1252 φύσεως,
767 1219 814 1245 καὶ
829 1220 844 1246 6

57 1263 121 1293 T16;
138 1262 183 1288 τοῦ
213 1263 370 1298 ἀνθρώπου,
390 1263 442 1298 πρὸ
456 1263 503 1289 τοῦ
520 1263 623 1295 πάθους
643 1264 672 1290 ὲν
687 1263 725 1299 τῷ
737 1264 844 1299 οὖρανῷ

55 1307 126 1334 εἶναι
142 1308 325 1344 ὠμολόγηται,
349 1309 388 1341 ὡς
409 1309 490 1340 αὐτὸς
510 1310 524 1335 ὁ
540 1309 644 1344 Κύριος
665 1309 775 1344 ἔφησεν.
797 1308 842 1341 Εἷς

55 1355 113 1388 γὰρ
123 1352 166 1389 ἧν,
185 1355 231 1380 καὶ
246 1355 260 1380 6
277 1354 358 1386 αὐτὸς
371 1356 384 1381 6
396 1355 497 1389 Κύριος
507 1354 558 1389 τῆς
571 1354 660 1389 δόξης,
675 1356 689 1381 6
705 1355 785 1390 φύσει
797 1356 843 1382 καὶ

55 1399 170 1434 ἀληθείᾳ
186 1400 248 1430 Υἱος
262 1399 422 1435 ἀνθρώπου,
439 1400 498 1435 ἤτοι
515 1400 659 1435 ἅνθρωπος
676 1401 841 1435 γενόμενος,

56 1446 104 1470 καὶ
115 1445 196 1471 αὑτοῦ
207 1445 242 1471 τά
256 1454 286 1471 τε
306 1446 434 1480 θαύματα
451 1445 497 1472 καὶ
524 1445 558 1472 τὰ
573 1445 646 1481 πάθη
663 1445 842 1482 γινώσκομεν,

55 1492 80 1517 εἰ
91 1490 138 1517 καὶ
149 1491 208 1516 κατ’
219 1490 282 1517 ἄλλο
293 1490 448 1526 ἐθαυματού
454 1499 523 1525 ργει.
537 1491 583 1516 καὶ
593 1491 654 1517 κατ’
669 1491 732 1518 ἄλλο
744 1491 777 1518 τὰ
790 1491 845 1519 πάι

55 1536 89 1571 θη
105 1536 120 1561 6
130 1536 209 1567 αὐτὸς
221 1536 354 1570 ὑπέμενεν
364 1537 429 1570 (15).
441 1536 535 1570 Ἰσμεν
547 1535 600 1571 γὰρ
608 1535 702 1572 ὥσπερ
715 1537 779 1572 μίαν
793 1536 841 1564 αὑ-

891 947 1054 975 humanitati
1073 946 1257 976 conveniunt,
1273 945 1326 972 sibi
1353 946 1492 979 vindicat,
1509 951 1536 974 et
1552 947 1672 975 vicissim

892 991 969 1018 carni
981 1010 988 1024 ,
1005 998 1067 1026 qua:
1085 998 1135 1018 sua
1152 993 1235 1022 sunt,
1251 989 1391 1024 impertit;
1409 990 1456 1017 illo
1480 992 1610 1018 nimirutu
1633 992 1673 1018 al-

881 1040 967 1062 terna:
982 1035 1241 1062 eononunieationis
1257 1035 1337 1062 modo
1347 1056 1355 1068 ,
1372 1037 1407 1063 ob
1420 1040 1541 1063 mutuam
1557 1037 1628 1064 inter
1642 1045 1670 1063 se

880 1083 1000 1118 partium
1029 1082 1279 1114 commeationem.
1307 1083 1472 1110 unionemve
1512 1082 1670 1118 hypostati-

881 1136 939 1154 ram
949 1136 957 1157 ;
969 1133 996 1154 et
1007 1134 1061 1162 qua
1074 1134 1145 1153 unus
1157 1126 1284 1162 idemque
1297 1131 1358 1154 erat
1368 1148 1374 1160 ,
1384 1128 1431 1162 qui
1443 1128 1569 1155 etdivina
1582 1132 1609 1156 et
1617 1129 1668 1156 hu-

884 1180 975 1204 mana,
988 1181 998 1198 ι
1011 1171 1040 1198 in
1049 1175 1166 1206 utraque
1177 1171 1265 1198 forma
1277 1179 1339 1198 cum
1351 1173 1466 1200 alti-rius
1477 1174 1671 1201 communione

885 1222 986 1252 ageret.
1006 1227 1016 1244 ι
1067 1217 1106 1244 Eo
1122 1224 1205 1251 porro
1219 1218 1330 1244 nomine
1352 1217 1483 1250 Dominus
1501 1218 1559 1252 ipse
1575 1219 1670 1253 gloria:

882 1262 1034 1290 cruciﬁxus
1048 1261 1152 1289 dicitur
1181 1261 1200 1294 ¹,
1215 1263 1342 1297 quamvis
1356 1263 1457 1297 alioqui
1473 1263 1566 1290 divina
1580 1264 1670 1298 ipsius

884 1311 984 1333 natura
998 1306 1111 1334 minime
1127 1313 1208 1341 passa
1225 1307 1260 1333 sit
1274 1314 1280 1331 :
1295 1313 1321 1333 et
1336 1298 1465 1339 rursum,
1480 1307 1568 1334 Filius
1585 1308 1672 1334 homi—

883 1353 925 1379 uis
939 1357 1003 1378 ante
1018 1351 1175 1386 passionem
1192 1351 1218 1378 in
1236 1352 1308 1378 coelo
1325 1359 1387 1379 esse
1402 1353 1495 1379 dit-tus
1510 1357 1569 1384 est,
1585 1353 1668 1379 veluti

883 1397 1016 1425 Dominus
1033 1397 1091 1432 ipse
1108 1397 1228 1424 asseruit
1258 1397 1281 1424 ‘.
1300 1398 1365 1424 Erat
1380 1399 1451 1424 enim
1470 1398 1515 1425 ille
1533 1398 1603 1424 idem
1619 1397 1672 1424 Do-

884 1443 976 1470 minus
991 1441 1102 1476 glorize,
1120 1441 1168 1476 qui
1185 1441 1268 1469 etiam
1287 1447 1386 1468 natura
1403 1446 1430 1469 et
1445 1450 1508 1470 rere
1521 1441 1608 1469 Filius
1623 1442 1672 1469 ho-

883 1487 966 1515 minis
977 1507 985 1519 ,
1000 1487 1052 1515 hoc
1066 1491 1122 1518 est.
1139 1487 1221 1514 homo
1234 1487 1396 1514 exsistebat.
1414 1488 1496 1522 Atqui
1514 1488 1602 1522 ipsius
1613 1493 1670 1514 tum

883 1533 1018 1560 miracula
1030 1552 1038 1565 ,
1055 1536 1113 1560 tum
1129 1532 1265 1567 supplicia
1283 1540 1344 1560 esse
1358 1534 1545 1568 agnoscimus,
1561 1533 1614 1560 etsi
1629 1541 1673 1559 ra-

52 1581 104 1607 τοῦ
119 1581 167 1616 τὴν
183 1581 342 1613 ὑπόστασιν,
356 1581 427 1607 οὕτω
452 1582 502 1616 τὴν
523 1581 576 1607 τῶν
593 1581 701 1616 φύσεων
727 1582 840 1618 οὑσιώδη

914 1585 959 1606 me
978 1578 1093 1605 alterius
1108 1581 1214 1604 natura:
1231 1577 1366 1604 miracula
1380 1578 1494 1610 edebat.
1511 1583 1537 1605 et
1555 1578 1672 1606 alterius

53 1626 188 1660 διαφορὰν
203 1625 347 1658 σώζεσθαι.
361 1626 423 1657 Πῶς
441 1626 470 1652 δὲ
485 1627 584 1662 σωθείη
600 1626 726 1662 διαφορὰ,
741 1627 777 1662 μὴ
792 1635 844 1654 σω-

54 1671 179 1706 ζομένων
205 1671 260 1698 τῶν
285 1671 334 1707 τὴν
350 1672 483 1707 διαφορὰν
497 1672 612 1707 ἑχόντων
627 1674 694 1708 πρὸς
722 1672 822 1708 ἄλληλα
835 1682 842 1706 ;

52 1717 178 1752 Διαςξορὰ
192 1716 246 1752 γὰρ
258 1716 312 1743 τῶν
325 1717 506 1752 διαφερόντων
521 1718 580 1744 ἐστὶ
589 1718 706 1754 διαφορά
716 1727 723 1733 ·
741 1719 778 1753 τῷ
795 1719 844 1754 μὲν

52 1762 101 1790 03v
114 1763 195 1797 λόγῳ,
209 1759 231 1796 ᾧ
247 1762 422 1797 διαφέρουσιν
435 1762 556 1796 ἀλλήλων
571 1764 599 1790 αι
611 1763 706 1798 φύσεις
719 1763 765 1790 τοῦ
778 1765 845 1800 Χριο

54 1809 133 1841 στοῦ,
147 1809 270 1835 τουτέστι
288 1808 329 1843 τῷ
340 1808 412 1843 λόγῳ
426 1809 475 1843 τῆς
486 1809 591 1840 οὐσίας,
607 1810 697 1844 φαμὲν
713 1810 845 1836 συνάπτε-

55 1855 120 1880 σθαι
131 1854 212 1880 αὑτὸν
223 1855 279 1885 τοῖς
292 1854 389 1888 ἄκροις
400 1861 406 1868 ·
423 1854 495 1880 κατὰ
508 1854 557 1889 μὲν
569 1854 618 1889 τὴν
632 1855 756 1888 θεότητα,
767 1854 806 1889 τῷ
816 1863 845 1881 τε

55 1900 146 1935 Ilath
164 1900 211 1926 καὶ
223 1899 262 1934 τῷ
278 1900 427 1934 Πνεὺματι,
445 1900 515 1926 κατὰ
528 1900 556 1926 δὲ
573 1900 622 1935 τὴν
637 1900 844 1935 ἀνθρωπότητα,

53 1948 89 1981 τῇ
102 1954 132 1971 τε
145 1946 247 1981 Μητρὶ,
274 1946 321 1972 καὶ
336 1947 403 1973 πᾶσι
413 1947 469 1977 τοῖς
490 1945 655 1980 ἀνθρώποις.
670 1943 706 1981 ᾯ
722 1946 750 1972 δὲ
773 1946 845 1981 λόγῳ

55 1991 243 2017 συνάπτονται
256 1991 284 2017 αι
300 1990 394 2025 φύσεις
407 1990 499 2023 αὑτοῦ,
512 1991 651 2026 διαφέρειν
664 1990 745 2017 αὐτὸν
756 1990 846 2026 φαμὲν

53 2035 105 2062 τοῦ
122 2044 152 2061 τε
169 2035 275 2070 Πατρὺς
293 2036 340 2062 καὶ
360 2035 407 2061 τοῦ
428 2035 598 2070 Πνεύματος,
612 2036 662 2071 τῆς
684 2044 712 2062 τε
736 2035 847 2070 Μητρὸς

55 2082 104 2108 καῖ
118 2081 173 2106 τῶν
193 2080 295 2107 λοιπῶν
311 2081 476 2116 ἀνθρώπων·
493 2082 674 2107 συνάπτονται
689 2081 742 2117 γὰρ
757 2082 786 2107 αἱ
797 2080 848 2114 φύ-

56 2134 119 2157 σεις
132 2126 216 2152 αὑτοῦ
231 2127 264 2160 τῇ
285 2125 444 2156 ὑποστάσει,
465 2126 528 2160 μίαν
550 2126 697 2153 ὑπόστασιν
723 2125 847 2152 σύνθετον

55 2172 185 2206 ἔχουσαι,
214 2172 273 2198 καθ’
287 2171 320 2207 ἣν
343 2171 467 2206 διαφέρει
490 2172 537 2198 τοῦ
556 2181 586 2198 τε
615 2171 721 2207 Πατρδς
738 2171 847 2199 καὶτοῦ

54 2216 232 2250 Πνεύματος,
245 2216 295 2251 τῆς
309 2224 337 2242 τε
352 2216 462 2251 Μητρὸς
476 2217 522 2242 καὶ
538 2215 627 2250 ἡμῶν.

884 1623 991 1651 ratione
1019 1623 1089 1650 idem
1116 1623 1175 1657 ipse
1201 1622 1337 1657 supplicia
1367 1623 1537 1658 perferebat.
1562 1624 1672 1650 Scimus

883 1671 958 1698 enim
977 1688 985 1702 ,
997 1673 1026 1696 ut
1040 1677 1123 1696 unam
1144 1670 1232 1704 ipsius
1247 1669 1418 1704 hypostasim
1429 1689 1437 1702 ,
1454 1669 1491 1695 ita
1508 1669 1673 1696 substantia-

885 1715 938 1744 lem
954 1715 1051 1742 harum
1069 1714 1254 1742 diﬂ'ereuliam
1279 1715 1444 1742 incolumem
1467 1715 1585 1743 servari.
1611 1715 1671 1748 Quo

884 1767 976 1788 autem
991 1764 1074 1795 pacto
1091 1761 1166 1788 salva
1182 1760 1234 1787 erit
1249 1760 1418 1792 diﬂ‘erentia,
1437 1768 1490 1786 non
1507 1761 1622 1787 servatis
1640 1761 1672 1787 il-

886 1806 919 1833 lis
929 1813 990 1840 quaa
1005 1809 1101 1832 mutuo
1115 1805 1286 1839 discrepant.
1303 1804 1461 1831 llitTerentia
1476 1805 1612 1839 siquidem
1630 1810 1672 1833 cst

885 1859 980 1879 earum
997 1858 1088 1878 rerum
1100 1858 1160 1885 qua-
1172 1850 1289 1878 diversa?
1303 1854 1378 1878 sunt.
1394 1850 1452 1882 Qua
1470 1851 1552 1885 igitur
1568 1851 1673 1877 ratione

886 1896 990 1923 Christi
1008 1900 1111 1923 natura:
1130 1896 1201 1923 inter
1215 1903 1243 1931 se
1258 1895 1390 1925 dill'eruut
1401 1915 1408 1927 ,
1425 1898 1477 1922 hoc
1492 1900 1534 1922 est
1547 1897 1673 1924 essentia;

888 1941 1011 1975 ratione,
1024 1943 1074 1969 hac
1089 1949 1150 1968 cum
1166 1942 1297 1968 extremis
1311 1941 1441 1976 conjungi
1457 1941 1576 1968 dicimus
1587 1961 1593 1971 .
1609 1945 1673 1975 puta

887 1992 1022 2022 quantum
1038 1986 1072 2014 ad
1100 1987 1228 2014 deitatem
1245 1987 1355 2022 quidem
1370 1987 1484 2017 attinet,
1509 1994 1571 2013 cum
1594 1986 1676 2013 Patre

889 2040 917 2063 et
932 2035 1039 2071 Spiritu
1055 2039 1165 2066 saneto,
1181 2038 1316 2069 quantum
1333 2041 1397 2061 vero
1413 2033 1446 2060 ad
1461 2033 1656 2060 humanitatem
1667 2051 1675 2064 ,

889 2089 951 2109 cum
970 2085 1058 2108 matre
1070 2100 1078 2112 ,
1095 2085 1122 2107 et
1138 2080 1228 2107 nobis.
1242 2079 1314 2107 Idem
1326 2081 1427 2113 quippe
1442 2078 1532 2113 quoad
1549 2078 1677 2105 divinita-

889 2130 944 2154 tem
961 2125 1035 2153 Patri
1048 2129 1074 2152 et
1099 2125 1214 2160 Spiritui
1230 2128 1327 2152 sancto
1350 2124 1595 2152 eousubstantialis
1616 2126 1679 2155 est;

891 2171 984 2207 quoad
1002 2179 1066 2199 vero
1082 2171 1293 2203 humanitatem,
1309 2174 1365 2196 tum
1387 2169 1480 2202 matri,
1502 2173 1559 2196 tum
1571 2167 1680 2195 caeteris

857 2212 878 2239 Π
891 2218 1060 2246 hominibus.
1086 2218 1145 2250 Qua
1169 2217 1279 2245 ratione
1301 2223 1367 2244 vero
1386 2216 1447 2250 ejus
1465 2221 1570 2243 naturae
1583 2220 1678 2242 mutuo

48 2267 235 2302 copulantur,
247 2272 324 2296 eum,
338 2268 394 2291 tum
413 2271 428 2290 a
442 2263 521 2291 Patre
539 2267 566 2291 et
594 2262 698 2298 Spiritu
733 2268 842 2294 sancto,
871 2266 929 2289 tum
945 2271 960 2289 a
981 2266 1066 2289 matre
1081 2267 1104 2289 et
1126 2261 1238 2296 reliquis
1254 2261 1410 2288 hominibus
1424 2261 1534 2288 diﬂ'erre
1552 2260 1678 2287 dicimus.

50 2316 146 2348 Ipslus
160 2313 230 2339 enim
254 2316 358 2338 natura:
375 2318 422 2345 per
449 2309 617 2344 hypostasim
645 2309 818 2342 Copulantur,
833 2314 861 2336 ut
880 2317 940 2344 qua:
958 2317 1038 2336 unam
1054 2308 1175 2344 coutposi
1190 2315 1234 2335 am
1261 2307 1430 2343 hypostasim
1449 2307 1577 2339 habeant.
1601 2307 1680 2341 eujub

51 2361 167 2388 ratione
184 2365 239 2386 tum
257 2367 271 2384 a
289 2357 368 2384 Patre
381 2361 408 2383 et
425 2355 527 2390 Spiritu
544 2359 639 2382 sam-to
664 2359 719 2381 turn
736 2362 752 2381 ο
767 2360 852 2382 matre
861 2359 888 2383 el
900 2355 977 2382 nobis
992 2354 1092 2382 dill'erl.

238 2425 297 2454 Τυῦ
307 2425 413 2453 αὑτοῦ.
434 2423 605 2458 Κεφάλαιον
616 2422 669 2454 ξδ’,

93 2498 207 2531 Ὠςπερ
218 2495 246 2522 δὲ
259 2495 305 2521 ἐπὶ
320 2495 372 2529 τῆς
387 2494 526 2529 θεότητος,
549 2492 615 2528 μίαν
631 2492 680 2526 μὲν
692 2492 773 2526 φύσιν
785 2492 849 2528 ὀμο-

50 2542 210 2578 λογοῦμεν,
225 2543 302 2576 τρεῖς
312 2541 339 2567 δὲ
355 2540 519 2580 ὑποστάσεις
530 2539 590 2566 κατ’
609 2538 742 2573 ἀλήθειαν
766 2538 850 2570 οὔσας

53 2589 167 2624 φαμὲν,
186 2588 233 2614 καὶ.
248 2588 337 2613 πάυτα
352 2586 402 2621 μὲν
412 2588 446 2612 τὰ
457 2585 561 2620 φυσικὰ
574 2584 622 2610 καὶ
636 2583 764 2618 οὑσιώδη,
775 2584 850 2610 ἁπλᾶ

53 2643 170 2669 φαμεν,
183 2634 233 2668 τὴν
247 2633 274 2660 δὲ
289 2633 423 2668 διαφορὰν
439 2632 492 2658 τῶν
515 2631 693 2657 ὑποστάσεων
715 2631 743 2656 ὲν
754 2631 850 2664 μόναις

51 2682 122 2712 ταῖς
138 2680 230 2715 τρισὶν
249 2679 374 2713 ἰδιότησι,
389 2679 422 2712 τῇ
439 2677 552 2712 ἀναιτίῳ
568 2676 614 2703 καὶ
629 2677 748 2711 πατρικῇ
760 2677 806 2702 καὶ
817 2677 849 2711 τῇ

51 2727 176 2760 αἰτιατῇ
191 2725 238 2751 καὶ
248 2725 336 2759 nihil,
351 2724 399 2750 καὶ
427 2725 460 2758 τῇ
489 2722 600 2756 αἱτιατῇ
624 2722 670 2747 καὶ
696 2721 848 2756 ἐκπορευτῇ

53 2771 310 2805 ἐπιγινώσκομεν·
328 2770 539 2804 ἁνεκςοιτήτους
558 2768 584 2794 δὲ
602 2767 695 2798 αὺτίς.
714 2767 761 2793 καὶ
774 2766 848 2793 ἀδια-

95 2865 127 2893 ¹Ι
146 2866 212 2893 (lor.
231 2873 260 2898 ll,
275 2865 299 2891 8.
313 2865 322 2880 ¹
343 2863 422 2891 ιυίιιι.
437 2871 477 2896 tu,
491 2863 533 2890 15.

1154 2424 1286 2459 Ejusdem.
1303 2424 1368 2458 Cap.
1385 2424 1431 2452 69.

933 2491 1113 2519 Personarum
1132 2491 1159 2518 in
1175 2490 1241 2524 Deo,
1261 2495 1418 2518 naturarum
1430 2491 1457 2517 in
1471 2489 1575 2518 Christo
1591 2497 1682 2517 nume-

898 2545 955 2564 rus.
972 2536 1040 2564 Unio
1056 2545 1194 2564 numerum
1209 2544 1260 2563 non
1275 2537 1355 2564 tollit.
1379 2551 1411 2557 —
1435 2536 1568 2564 Caeterum
1597 2534 1682 2562 veluti

901 2593 982 2612 unam
1000 2584 1026 2611 in
1049 2583 1196 2610 Dirinitate
1212 2587 1334 2610 naturam
1348 2583 1520 2612 conﬁtemur,
1543 2585 1598 2608 tres
1628 2587 1681 2607 au-

901 2633 954 2657 tem
969 2635 1099 2664 pcrsoms
1116 2635 1180 2655 vere
1193 2628 1357 2655 exsistentes
1377 2627 1513 2659 dicimus;
1547 2631 1627 2660 atque
1646 2632 1677 2652 ea

902 2676 1011 2710 quidem
1024 2675 1116 2702 omnia
1132 2681 1192 2708 quae
1212 2673 1346 2701 naturalia
1374 2672 1588 2705 essentialiaque
1602 2674 1679 2702 sunt,

899 2728 960 2747 esse
980 2719 1115 2754 simplicia
1145 2719 1366 2754 pronuntiamus,
1397 2723 1576 2752 porsonarum
1615 2721 1682 2742 vero

899 2766 1047 2794 discrimen
1064 2765 1090 2793 in
1105 2765 1171 2794 solis
1205 2765 1293 2792 tribus
1318 2763 1539 2800 proprietatibus,
1571 2761 1677 2789 scilicet
