1874 3076
23 140 95 171 ιῦδῗι

486 139 676 170 PANOPLIA
696 137 926 169 DOGMATICA.
942 150 976 156 -
991 138 1065 169 TlT.
1087 138 1161 173 XVI.

1577 136 1647 168 ιτδι

23 198 49 223 ιε
77 197 129 224 ὑπὸ
152 196 182 224 τδ
202 196 315 232 συνεχὲς
342 199 426 225 ποσὸν
448 197 620 232 ἀνάγονται,
649 198 667 234 ἢ
695 198 748 226 ὑπὸ
778 198 805 224 τὶ

917 197 1023 225 Domini
1053 199 1158 224 naturis
1180 201 1360 232 perte-utetur,
1390 199 1423 226 ad
1450 197 1647 226 continuamne

23 240 218 274 Ξειυρισμένον,
242 237 362 275 ιροῦμεν
375 259 383 272 ,
409 239 450 266 δτι
473 241 501 267 αἱ
515 240 562 266 τοῦ
580 241 684 275 Κυρίου
700 241 808 275 φῦσεις,

23 284 85 312 οὗτε
101 285 129 312 ἓν
141 285 221 320 σῶμά
243 286 313 312 εἰσιν
325 305 333 317 ,
349 284 411 312 οὔτε
430 285 479 321 μία
495 286 640 320 ἐπιφάνεια
650 306 657 318 ,
671 285 733 313 οὔτε
758 287 808 321 μία

23 331 157 366 γραμμὴ,
172 331 203 357 οὐ
219 332 331 366 χρόνος,
344 331 375 358 οὐ
397 331 496 364 τόπος,
516 332 561 359 ῖνα
580 331 632 358 ὑπὸ
648 331 679 358 τὺ
695 332 808 367 συνεχὲς

23 375 160 410 Ξιναχθῶσι
179 376 283 403 ποσόν·
307 373 397 404 ταῦτα
417 377 473 412 γάρ
487 377 541 404 εἰσι
554 377 588 404 τὰ
608 376 728 412 συνεχῶς
746 377 808 413 ἀρι-

23 421 174 457 Βμούμενα.

65 512 161 540 ’ἰστέον
175 513 203 539 δὲ
218 513 256 544 ὡς
276 509 290 540 ό
310 510 440 549 ἀριθμὸς,
458 513 512 540 τῶν
530 512 714 550 διαφερόντων
729 516 805 542 ἑστί-

23 560 69 586 ιιαὶ
83 559 215 586 ἀδύνατον
235 557 430 594 ἀριθμεῖσθαι,
453 560 488 587 τὰ
511 560 583 587 κατὰ
608 561 692 596 μηδὲν
714 561 805 596 διαιρέ-

23 613 117 632 οοντα·
135 605 197 631 καθ’
218 605 233 631 ὃ
248 605 278 632 δὲ
293 604 473 641 διαφέρουσι,
489 604 561 633 κατὰ
581 606 662 633 τοῦτο
682 607 730 634 καὶ
747 608 805 642 ἀρι-

23 651 154 685 Ξμοῦνται
166 659 174 668 ⁶
195 649 251 678 οἷον
272 652 286 678 ό
305 652 408 687 Πέτρος
422 651 469 678 καὶ
482 653 496 679 ὁ
517 652 634 685 Παῦλος,
649 653 711 680 καθ’
727 653 740 680 ό
758 655 808 689 μὲν

23 698 148 732 ἡνωνται,
163 697 213 724 οὐκ
233 696 423 732 ἀριθμοῦνται.
441 697 486 733 Τῷ
501 698 572 733 λόγῳ
588 698 642 734 γὰρ
653 699 701 734 τῆς
713 699 808 730 οὐσίας

23 743 173 777 ἑνούμενοι,
199 742 245 769 δύο
265 743 360 778 φύσεις
381 743 414 770 οὐ
438 744 566 771 δύνανται
588 745 731 779 λέγεσθαι·
746 744 807 771 καθ’

23 788 169 815 ὒπόσ-τασιν
179 787 207 815 δὲ
222 788 413 823 διαφέροντες,
426 789 473 816 δύο
490 789 654 820 ὑποστάσεις
670 789 805 824 λέγονται.

23 834 104 859 Ὢστε
117 834 131 860 ὁ
146 833 262 869 ἀριθμὸς
277 831 331 860 τῶν
344 833 527 871 διαφερόντων
539 835 607 866 ἐστὶ,
624 836 671 862 καὶ
682 833 704 870 ᾧ
714 835 806 871 τρόπῳ

23 879 177 914 5ιαφέρουσι
201 879 236 906 τὰ
260 869 445 915 διαφέροντα,
469 880 555 916 τούτῳ
576 881 616 916 τῷ
638 869 737 917 τρόπῳ·
758 880 806 908 καὶ
823 869 842 898 η

23 924 208 960 Ξιριθμοῦνται.

57 970 194 998 Ἦνωνται
213 971 263 1006 μὲν
278 968 325 998 οῦν
340 972 368 998 αἱ
385 970 432 998 τοῦ
448 971 552 1007 Κυρίου
567 972 663 1007 φύσεις
687 973 808 1008 ἀσυγχύ-

23 1026 73 1048 τως
91 1017 152 1043 καθ’
174 1017 337 1048 ὑπόστασιν,
352 1018 496 1053 διῄρηνται
509 1017 538 1044 δὲ
554 1018 717 1053 ἀδιαιρέτως
735 1019 808 1054 λόγῳ

23 1064 65 1088 ea".
79 1063 171 1098 τρόπῳ
183 1062 233 1098 τῆς
246 1063 389 1098 διαφορᾶς.
403 1063 459 1090 Καὶ
469 1059 491 1098 ᾧ
506 1064 556 1098 μὲν
571 1064 664 1099 τρόπῳ
676 1065 806 1099 ἥνωνται,

23 1110 69 1135 nix
88 1109 286 1144 ἀριθμοῦνται·
305 1109 335 1136 οὖ
354 1109 410 1145 γὰρ
428 1111 490 1137 καθ’
505 1110 656 1138 ὑπόστασιν
672 1111 719 1138 δύο
737 1110 807 1138 εἶναι

23 1163 111 1189 ,ταμεν
123 1156 172 1187 τὰς
186 1155 281 1190 φύσεις
298 1156 344 1182 τοῦ
356 1156 475 1192 Χριστοῦ
489 1163 496 1171 '
509 1153 531 1190 ᾧ
541 1157 569 1183 δὲ
580 1157 674 1193 τρόπῳ
687 1158 807 1193 ἀδιαιρέ-

23 1210 74 1232 rm;
87 1201 239 1236 διῄρηνται.
251 1202 431 1237 ἀριθμοῦνται
442 1211 448 1218 ·
464 1202 510 1229 δύο
523 1203 577 1237 γὰρ
592 1204 660 1229 εἰσὶν
672 1204 699 1230 αἱ
712 1203 807 1237 φύσεις

23 1246 66 1273 τοῦ
82 1247 210 1281 Χριστοῦ,
227 1247 300 1282 λόγῳ
320 1249 365 1274 καὶ
380 1248 474 1283 τρόπῳ
492 1248 542 1282 τῆς
559 1248 701 1283 διαφορᾶς.
722 1247 808 1276 Ἱινω-

23 1293 102 1326 μιέναι
118 1292 172 1327 γὰρ
194 1292 256 1320 καθ’
280 1294 452 1324 ὑπόστασιν,
479 1294 527 1320 καὶ
548 1294 599 1329 τὴν
628 1295 657 1321 ἐν
679 1294 807 1329 ἀλλήλαις

23 1338 208 1373 ιτεριχιίυρησιν
228 1338 349 1374 ἔχουσαι,
367 1339 529 1374 ἁσυγχύτως
555 1340 683 1374 ἥνωνται.
702 1341 750 1375 τὴν
766 1342 808 1367 οἰ-

23 1382 98 1408 ‹είαν
122 1382 223 1418 ἑκάστη
253 1383 372 1419 φυσικὴν
397 1383 529 1419 διαφορὰν
553 1385 735 1417 διασώζουσα.
762 1386 807 1422 Τῷ

23 1427 114 1463 τρόπῳ
137 1428 282 1464 τοιγαροῦν
307 1429 358 1464 τῆς
387 1430 540 1466 διαφορᾶς,
572 1431 621 1458 καὶ
647 1431 719 1467 μόνῳ
747 1432 808 1465 ἀριο

23 1472 193 1508 λμούμεναι,
223 1474 276 1501 ὑπὸ
301 1474 333 1502 τὺ
359 1474 542 1512 διωρισμένον
574 1475 658 1504 ποσδν
685 1477 807 1512 ἀναχθή-

23 1526 102 1546 ποντα
106 1529 123 1546 ι.

55 1654 105 1689 Εἷς
119 1656 209 1684 τοίνυν
229 1657 303 1684 ἐστὶν
319 1658 333 1684 ό
348 1657 476 1694 Χριστὸς,
492 1657 557 1690 Θεὸς
574 1658 679 1691 τέλειος
692 1658 740 1687 καὶ
759 1659 807 1687 ἇν-

23 1705 128 1740 ὶρωπος
147 1705 268 1738 τέλειος·
292 1705 323 1732 δν
349 1706 556 1742 προσκυνοῦμεν
581 1707 630 1734 σὺν
648 1706 736 1743 Πατρὶ
759 1708 808 1735 καὶ

23 1752 179 1788 [Ῑνεὺματι.
208 1753 258 1790 μιᾷ
286 1755 471 1789 προσκυνήσει
499 1754 569 1789 μετὰ
592 1754 643 1790 τῆς
669 1755 806 1790 ἀχράντου

23 1799 123 1834 rapte;
140 1799 242 1832 αὑτοῦ,
266 1800 318 1827 οὐκ
340 1800 548 1836 ἀπροσκύνητον
576 1801 626 1836 τὴν
645 1801 735 1836 σάρκα
763 1802 809 1828 λέ-

23 1851 115 1878 γοντες
130 1853 136 1859 ·
158 1847 353 1881 προσκυνεῖται
379 1846 435 1882 γὰρ
452 1847 481 1872 ὲν
503 1848 535 1881 τῇ
565 1847 614 1882 μιᾷ
641 1846 688 1873 τοῦ
718 1847 807 1882 Λόγου

23 1891 184 1924 ὅποστάσει,
211 1892 271 1927 ἥτις
294 1893 364 1928 αὐτῇ
396 1893 545 1924 ὑπόστασις
579 1893 707 1927 γέγονεν·
729 1893 760 1920 οὺ
775 1894 808 1929 τῇ

23 1938 108 1964 ιιτίσει
122 1938 311 1974 λατρεύοντες.
327 1940 365 1966 Ob
381 1939 436 1974 γὰρ
452 1940 489 1971 ὡς
503 1939 584 1975 ψιλὴν
600 1940 689 1976 σάρκα
702 1939 710 1958 ί
729 1949 809 1975 προσ·

23 1982 175 2018 ιιυνοῦμεν,
199 1983 258 2010 ἀλλ’
273 1984 311 2015 ὡς
332 1984 476 2020 ἡνωμένην
497 1984 621 2019 θεότητι,
648 1985 695 2011 καὶ
717 1986 756 2016 εἰς
779 1985 809 2012 ἓν

23 2029 167 2063 πρόσωπον
182 2029 229 2056 καὶ
244 2030 310 2065 μίαν
327 2030 479 2057 ὑπόστασιν
493 2030 540 2057 τοῦ
555 2030 623 2057 Θεοῦ
639 2031 738 2065 Λόγου,
755 2031 810 2058 τῶν

23 2074 67 2101 Ξύο
80 2075 163 2102 αὐτοῦ
176 2076 354 2110 ἀναγομένων
376 2077 494 2111 φύσεων.
518 2076 631 2103 Δέδοικα
645 2077 692 2103 τοῦ
707 2077 809 2113 ἄνθρα-

23 2130 67 2152 κος
81 2121 204 2156 ἅψασθαι
216 2122 260 2149 διὰ
270 2122 300 2149 τὸ
312 2122 351 2158 τῷ
366 2122 435 2157 ξύλῳ
447 2123 620 2157 συνημμένον
634 2123 700 2159 πῦρ.
719 2125 808 2158 Προσ-

23 2166 95 2193 ιυνῶ
120 2166 168 2194 τοῦ
192 2167 312 2202 Χριστοῦ
339 2168 370 2194 τδ
390 2167 616 2203 συναμφότερον,
638 2168 682 2194 διὰ.
702 2168 751 2204 τὴν
775 2170 807 2204 τῇ

859 243 1055 277 quantitatem,
1080 251 1115 269 an
1140 242 1173 269 ad
1191 243 1340 270 discretam
1355 242 1520 275 refcrantur,
1536 243 1576 270 sic
1604 250 1646 270 ro-

858 289 1057 322 spondebimus
1070 297 1076 316 :
1094 287 1204 315 Domini
1319 292 1433 315 naturas
1447 296 1535 323 neque
1544 296 1647 323 corpus

859 340 943 360 unum
971 339 1046 366 esse.
1071 341 1160 368 neque
1180 332 1281 361 lineam
1301 341 1396 366 unam,
1423 340 1513 367 neque
1525 336 1646 367 tempus,

859 386 950 413 neque
966 378 1070 412 locum,
1086 383 1117 406 ut
1143 378 1175 405 ad
1191 378 1351 406 continuam
1367 378 1549 412 quantitatem
1563 378 1644 405 redu-

857 429 964 450 cantur.
975 422 1037 451 llaec
1054 424 1128 452 enim
1150 428 1225 456 sunt,
1243 432 1302 458 qua:
1312 423 1445 450 continue
1458 427 1561 458 quanta
1580 430 1647 449 cen-

856 472 963 495 seutur.

892 521 1040 550 Sciendum
1052 532 1134 560 porro
1150 530 1193 552 est
1216 533 1247 552 ea
1262 525 1290 551 in
1304 532 1452 551 numerum
1478 522 1576 550 cadere
1586 530 1647 557 qua:

858 568 930 595 inter
944 576 974 596 se
984 569 1190 605 distinguuntur
1203 591 1210 604 ,
1228 578 1279 598 nec
1297 569 1437 596 numerari
1464 577 1495 595 ea
1510 575 1591 603 posse
1604 569 1646 594 in-

857 618 898 641 ter
910 621 971 648 quae
985 615 1060 642 nulla
1077 615 1220 643 distinctio
1240 619 1283 642 est
1300 624 1307 642 :
1321 614 1369 642 sed
1388 618 1526 650 quatenus
1546 613 1645 639 distin-

856 666 987 695 guuntur,
1000 665 1114 689 eatenus
1125 661 1281 694 numerari;
1294 669 1337 689 ex.
1351 669 1405 696 gn,
1420 660 1517 687 Petrus
1533 663 1560 686 et
1573 658 1645 685 Pau-

857 705 912 738 lus,
924 713 978 741 qua
994 707 1102 734 ratione
1119 707 1188 734 uniti
1199 710 1275 738 sunt,
1287 714 1342 734 non
1357 710 1558 737 numerantur;
1570 712 1644 734 mnu.

856 760 918 779 cum
951 753 1102 780 secundum
1137 754 1286 781 essentiam
1314 753 1490 787 copulentur,
1513 750 1566 777 dici
1589 758 1644 776 non

857 803 973 833 possunt
987 799 1048 826 duae
1059 804 1164 826 natura:
1176 809 1183 827 :
1201 805 1227 826 at
1240 806 1314 830 vero,
1328 806 1390 826 cum
1404 799 1510 825 ratione
1523 803 1646 831 persona:

856 844 1057 876 diﬁ‘erunt.duaa
1068 845 1179 881 proinde
1189 853 1310 880 personae
1321 845 1459 873 dicuntur.
1466 843 1504 870 Ex
1512 850 1565 878 quo
1574 845 1646 877 patet

859 898 1001 917 numerum
1028 891 1062 919 iis
1076 893 1233 923 convenire,
1256 899 1317 926 quae
1334 891 1405 918 inter
1418 897 1448 917 se
1458 889 1605 921 dill‘erunt;
1619 893 1647 915 et

858 941 992 971 quatenus
1007 937 1147 969 dilIerunt.
1171 938 1304 965 hactenus
1319 944 1430 972 quoque
1445 943 1476 963 ea
1493 933 1645 962 nuuwrari.

894 983 962 1010 Duo:
973 983 1071 1012 Christi
1081 988 1183 1010 natura'
1196 983 1330 1014 discreta}.
1344 998 1377 1004 -
1389 982 1525 1015 Quocirca
1538 980 1645 1006 Domini

859 1033 975 1061 naturae,
1013 1035 1147 1064 quantum
1165 1029 1199 1057 ad
1234 1037 1380 1065 personam
1407 1029 1516 1058 attinet.
1541 1027 1645 1060 absque

857 1074 1022 1102 confusione
1049 1076 1132 1102 unita:
1157 1079 1243 1108 sunt;
1261 1079 1392 1109 quantum
1411 1078 1501 1100 autem
1519 1071 1552 1098 ad
1568 1071 1646 1098 dill‘c-

858 1121 953 1147 rentiae
978 1120 1126 1153 rationem,
1141 1121 1246 1154 absque
1272 1119 1409 1147 divisione
1424 1118 1645 1152 distinguuntur.

859 1166 896 1192 Ac
909 1166 1019 1200 quidem
1034 1174 1087 1200 qua
1104 1167 1210 1194 ratione
1225 1166 1308 1193 unita:
1324 1170 1400 1197 stilll,
1419 1165 1531 1191 minime
1546 1169 1645 1190 nume-

858 1216 956 1238 rantur
984 1211 1090 1246 (neque
1115 1212 1189 1239 enim
1204 1211 1273 1238 duas
1297 1215 1428 1245 quantmn
1445 1210 1476 1236 ad
1499 1215 1643 1243 personam

859 1256 979 1284 dicimus
1009 1264 1071 1284 esse
1089 1256 1192 1284 Christi
1221 1256 1368 1290 naturas),
1388 1262 1441 1289 qua
1459 1259 1549 1280 autem
1575 1253 1644 1279 citra

858 1301 1022 1329 divisionem
1063 1302 1202 1329 distinctas
1234 1305 1327 1332 sunt.
1357 1303 1546 1327 mnum-antur.
1581 1297 1645 1323 Dua:

818 1371 822 1375 .
857 1348 930 1374 enim
944 1347 1049 1374 Christi
1078 1354 1183 1375 natura:
1198 1352 1275 1380 sunt,
1291 1345 1480 1374 distinctionis
1499 1345 1603 1370 ratione
1618 1347 1645 1369 et

859 1393 940 1420 modo
961 1402 968 1419 :
985 1400 1048 1420 nam
1063 1394 1126 1428 quia
1154 1393 1261 1420 ratione
1284 1399 1407 1427 persome
1424 1390 1509 1417 unita:
1526 1393 1602 1420 sunt,
1618 1392 1646 1415 ct

858 1439 974 1465 invicem
990 1446 1021 1466 se
1037 1438 1199 1473 pervadunt,
1212 1438 1281 1464 citra
1295 1436 1483 1464 confusionem
1499 1434 1644 1464 uniuntur,

859 1491 937 1511 suam
968 1484 1123 1511 naturalem
1159 1483 1344 1510 diﬂ'crentiam
1374 1481 1461 1508 ambae
1482 1480 1644 1507 retinentes.

821 1533 843 1562 ς
861 1530 962 1563 Quare,
985 1537 1049 1557 cum
1066 1529 1255 1557 distinctionis
1280 1528 1373 1561 modo,
1389 1528 1508 1562 ejusque
1524 1526 1583 1553 sola
1601 1533 1646 1551 ra-

857 1575 932 1602 tione
946 1580 1139 1608 numerentur,
1159 1575 1193 1603 ad
1219 1575 1366 1602 discretam
1391 1572 1574 1610 quantitatem
1601 1579 1647 1599 re-

857 1619 997 1655 digentur.

895 1666 1033 1699 Quomodo
1044 1665 1144 1694 Christi
1159 1674 1222 1693 caro
1233 1664 1370 1692 adoretur.
1384 1676 1420 1683 —-
1480 1662 1649 1696 Quapropter

856 1722 927 1742 unus
955 1718 998 1742 est
1009 1712 1148 1744 Christus,
1175 1711 1248 1739 Deus
1268 1710 1417 1745 perfectus,
1442 1711 1470 1735 et
1484 1707 1567 1734 homo
1587 1713 1647 1741 per—

855 1759 954 1792 fectus,
984 1759 1029 1786 cui
1056 1765 1137 1786 unam
1166 1757 1344 1790 eamdemque
1371 1753 1558 1782 adoratiouem
1584 1759 1646 1778 cum

857 1806 938 1833 Patre
956 1809 983 1832 et
998 1804 1112 1839 Spiritu,
1126 1810 1181 1830 non
1194 1802 1306 1829 exclusa
1317 1800 1492 1827 immaculata
1510 1798 1570 1832 ejus
1585 1805 1648 1824 car—

857 1860 902 1884 ne,
920 1851 1094 1878 adhibemus.
1110 1847 1204 1883 Neque
1213 1847 1286 1875 enim
1314 1845 1482 1873 adorandam
1507 1851 1569 1871 esse
1585 1850 1647 1869 ear-

859 1906 922 1925 nem
937 1897 998 1932 ejus
1011 1902 1146 1930 negamus
1163 1903 1170 1922 :
1186 1893 1289 1928 quippe
1319 1899 1379 1927 quae
1398 1890 1532 1918 adoralur
1547 1889 1573 1915 in
1592 1895 1646 1915 una

859 1942 943 1970 Verbi
958 1948 1087 1977 persona,
1101 1948 1163 1975 quae
1175 1939 1287 1975 quidem
1305 1937 1357 1973 ipsi
1386 1942 1503 1972 persona
1519 1940 1545 1962 et
1560 1936 1647 1969 hypo-

859 1989 942 2018 stasis
959 1989 1029 2016 facta
1041 1993 1092 2016 est.
1109 1988 1167 2021 Qua
1181 1988 1209 2014 in
1224 1995 1253 2014 re
1264 1993 1319 2014 non
1336 1989 1471 2013 creatum
1490 1983 1646 2015 servimus;

860 2043 915 2062 non
939 2034 1012 2062 enim
1041 2033 1127 2065 illam,
1153 2041 1205 2059 ceu
1225 2031 1325 2058 mulam
1356 2037 1467 2056 carnem
1484 2029 1646 2058 adoramus,

860 2081 907 2109 sed
925 2083 998 2108 velut
1022 2079 1160 2107 divinitati
1193 2078 1298 2105 nnitam
1312 2085 1320 2103 ;
1336 2079 1363 2103 et
1381 2075 1446 2110 quia
1470 2074 1532 2101 dua:
1560 2073 1648 2107 ipsius

858 2131 962 2153 natura:
976 2125 1009 2152 ad
1027 2132 1106 2151 unam
1123 2123 1170 2150 Dei
1187 2121 1269 2150 Verbi
1288 2127 1434 2156 personam
1464 2118 1646 2148 reducuntur.

858 2177 995 2206 unamque
1032 2168 1252 2197 subsistentiam.
1292 2166 1448 2193 Carbonem
1474 2169 1586 2198 tangere
1613 2162 1649 2189 ob

23 2210 104 2245 ιαρκὶ
125 2211 270 2246 ἡνωμένην
298 2211 424 2246 θεότητα.
440 2210 478 2237 Οὐ
506 2210 562 2245 γὰρ
581 2211 715 2244 τέταρτον
734 2217 805 2243 τιαρ-

894 2221 951 2241 nem
965 2221 1027 2241 cum
1051 2212 1126 2247 ligno
1141 2211 1317 2245 conjunctum
1332 2217 1439 2236 vereor.
1457 2208 1556 2235 Amhas
1570 2206 1650 2234 Chri-

23 2258 148 2292 :v-:t0'qy.t
165 2258 314 2293 πρόσωπον
328 2257 356 2284 ὲν
369 2258 401 2292 τῇ
417 2257 524 2293 τριάδι’
548 2256 585 2291 μὴ
599 2256 705 2290 γένοιτο
719 2263 727 2288 ;
745 2254 804 2281 ἀλλ’

23 2305 55 2329 tv.
73 2304 222 2339 πρόσωπον
246 2303 371 2338 ὁμολογῶ
401 2303 449 2330 τοῦ
476 2303 544 2330 Θεοῦ
571 2302 661 2336 Λόγου
688 2301 805 2334 καὶτῆς

23 2349 122 2384 [αρκδς
135 2347 231 2377 αὑτοῦ.
260 2349 346 2384 Τριὰς
363 2348 418 2383 γὰρ
443 2348 552 2382 ἔμεινεν
580 2348 597 2383 ἠ
628 2347 726 2383 Τριὲις,
759 2346 807 2374 καὶ

23 2396 92 2423 ιετὰ
109 2396 159 2432 τὴν
172 2396 221 2423 τοῦ
236 2395 324 2430 Λόγου
342 2396 495 2431 σάρκωσιν.

200 2507 255 2535 Τοῦ
272 2507 375 2535 αὐτοῦ.
394 2506 566 2542 Κεφάλαιον
583 2508 642 2540 ιιςκ

51 2579 108 2606 Τὸν
119 2578 186 2605 Υἰὸν
203 2578 250 2604 τοῦ
278 2577 347 2604 Θεοῦ
364 2577 414 2603 σὺν
441 2576 480 2610 τῷ
503 2575 591 2610 Πατρὶ¹
607 2575 655 2602 καὶ
681 2572 721 2610 τῷ
734 2573 806 2610 ἁγίῳ

23 2624 164 2660 Πνεύματι
195 2623 416 2659 προσκυνοῦμεν·
447 2621 595 2655 ἀσώματον
617 2621 667 2655 μὲν
681 2621 735 2656 πρὸ
749 2620 800 2656 τῆς

23 2672 68 2698 tvo
74 2671 238 2706 ρωπήσεως,
251 2670 298 2696 καὶ
311 2668 359 2696 νῦν
370 2668 417 2695 τὸν
430 2668 512 2696 αὐτον
528 2667 739 2703 σεσαρκωμένον
758 2667 806 2693 καὶ

23 2718 171 2752 γενόμενον
188 2716 342 2750 ἄνθρωπον,
361 2714 431 2750 μετὰ
447 2714 495 2740 τοῦ
514 2711 584 2740 εῖναι
601 2713 680 2740 Θεόν.
701 2712 733 2739 Ἦ
749 2713 806 2739 τοί-

23 2773 65 2790 μυν
84 2762 155 2795 σὰρξ
174 2761 269 2793 αὐτοῦ,
283 2761 354 2788 κατὰ
372 2761 422 2795 μὲν
447 2760 497 2795 τὴν
522 2759 623 2794 ἑαυτῆς
651 2758 747 2793 φύσιν,
772 2759 806 2785 ἂν

23 2808 110 2844 hanc
126 2808 231 2842 ίσχναῖς
239 2807 371 2839 ἐπινοίαις
379 2806 410 2833 τὸ
426 2807 566 2841 ὁρώμενον
583 2806 614 2832 ἐκ
633 2805 681 2831 τοῦ
694 2805 807 2839 νοουμέ-

23 2864 77 2889 νου,
96 2855 306 2891 ἀπροσκδὲνητός
323 2854 409 2887 ἐστιν,
431 2853 469 2885 ὡς
486 2852 599 2888 κτιστή·
631 2851 763 2878 ἑνωοεῖοα
778 2851 805 2877 δὲ

859 2257 893 2285 sti
921 2262 1035 2285 naturas
1057 2256 1102 2284 ὀὶ)
1127 2255 1233 2283 unitam
1256 2254 1332 2282 carni
1358 2254 1529 2283 divinitatem
1548 2255 1644 2284 adoro.

857 2302 916 2330 Non
933 2306 1058 2338 quartam
1076 2301 1203 2329 Trinilali
1227 2307 1372 2336 personam
1404 2300 1492 2328 infero
1508 2310 1515 2328 :
1546 2303 1618 2329 abi't
1636 2305 1643 2331 ι

857 2349 905 2377 sed
922 2356 1001 2376 unam
1023 2348 1068 2375 Dei
1091 2347 1183 2379 Verbi,
1213 2348 1359 2382 carnisque
1380 2347 1466 2382 ipsius
1498 2355 1643 2382 personam

858 2395 1000 2422 coniiteor.
1013 2394 1134 2420 Trinitas
1147 2393 1248 2427 quippe
1257 2393 1341 2420 etiam
1357 2397 1419 2429 post
1433 2392 1514 2421 Verbi
1548 2395 1641 2420 incar-

857 2441 996 2468 nationem
1009 2440 1129 2467 Trinitas
1145 2439 1257 2467 mansit.

1120 2505 1257 2541 Ejusdem.
1272 2514 1332 2541 cap.
1349 2505 1394 2534 96.

895 2577 993 2606 Christi
1007 2585 1080 2609 caro,
1098 2581 1126 2603 ut
1136 2575 1209 2603 Verbi
1224 2583 1286 2603 caro
1304 2576 1456 2606 adoranda.
1470 2585 1521 2602 non
1538 2576 1642 2602 ratione

857 2625 910 2652 sui.
920 2638 953 2644 —
963 2623 1009 2650 Dei
1021 2622 1118 2650 Filium
1131 2622 1211 2650 simul
1224 2629 1284 2649 eum
1299 2621 1377 2649 Patre
1384 2627 1410 2648 et
1426 2622 1529 2656 Spiritu
1548 2628 1642 2649 sancto

857 2669 1018 2702 adoramus,
1043 2675 1159 2703 corpore
1183 2667 1290 2702 quidem
1309 2667 1410 2694 nudum
1434 2673 1576 2702 antequam
1593 2668 1644 2694 Ιιιι-

858 2714 1015 2742 Inauitatem
1033 2713 1246 2748 assumpsisset,
1265 2720 1335 2740 nunc
1353 2718 1442 2740 autem
1460 2713 1585 2740 eumdem
1599 2713 1643 2740 iu-

858 2765 1000 2788 carnalum
1015 2760 1206 2794 hominemque
1220 2758 1335 2790 factum,
1349 2767 1410 2785 cum
1430 2767 1462 2786 eo
1480 2760 1551 2794 quod
1571 2760 1643 2788 Deus

858 2811 910 2834 est.
924 2807 962 2833 Ac
979 2806 1091 2840 proinde
1107 2806 1193 2840 ipsius
1210 2812 1276 2832 caro
1289 2811 1385 2839 suapte
1406 2805 1514 2840 quidem
1534 2812 1643 2845 natura.

860 2853 884 2879 si
917 2851 1009 2879 subtili
1035 2851 1152 2888 quadam
1180 2849 1397 2879 consideratione
1410 2849 1436 2878 id
1467 2850 1539 2889 quod
1576 2852 1644 2882 visis
