1874 3076
38 127 98 159 1057

508 127 693 158 PANOPLIA
715 127 943 157 DOGMATICA.
959 128 1077 158 -Τ1”Γ.
1095 127 1168 159 XVI.

1567 131 1637 165 1058

36 197 73 223 καὶ
82 197 277 231 παρέγγραπτον
294 191 439 227 φλυαρίαν.
464 191 559 227 Ἡμεῖς
574 192 627 227 γὰρ
648 191 679 218 τὺ
690 211 697 223 ,
717 192 799 226 ἅγιος

901 198 921 220 1.
935 192 1033 220 Procul
1054 193 1089 219 sit
1103 193 1262 228 blasphema
1286 194 1342 222 lucc
1358 199 1384 222 et
1403 195 1558 223 adulterina
1580 204 1633 223 nu-

35 243 47 267 ό
63 239 135 271 Θεὸς,
150 238 194 265 ἐπὶ
208 237 252 263 τοῦ
274 236 381 272 Πατρδς
411 235 619 271 ὲκλαμϐάνομεν
633 257 640 270 ,
655 236 704 263 οὐκ
725 237 800 272 αὐτῷ

34 286 96 321 μόνῳ
106 285 133 310 τὺ
152 284 198 319 τῆς
225 283 350 317 θεότητος
366 282 541 317 ἀφορίζοντες
558 281 654 322 ονομα,
667 281 737 308 ἀλλὰ
753 282 800 309 καὶ

33 332 70 358 τὸν
86 331 144 358 Υἱὸν
157 329 219 356 Θεὸν
228 329 329 360 εἰδότες
338 349 345 362 ,
360 328 408 356 καὶ
423 328 454 355 τὸ
471 327 585 363 Πνεῦμα
598 328 628 355 τὺ
639 328 716 363 ἆγιον
727 337 735 345 ·
752 328 800 355 καὶ

32 377 65 410 τὺ,
79 377 154 411 ᾶγιος
171 375 302 410 ἰσχυρὸς,
317 374 364 401 ἐπὶ
386 374 433 401 τοῦ
452 374 517 400 Υῐοῦ
534 374 647 409 τίθεμεν
659 395 666 407 ,
678 374 729 401 οὐκ
749 374 801 401 ἀπ-

32 421 209 457 αμφιεννύντες
221 422 271 456 τῆς
288 419 380 455 ἰσχύος
394 419 439 446 τδν
453 419 564 455 Πατέρα
581 420 630 446 καὶ
642 419 673 446 τὺ
688 418 802 455 Πνεῦμα

31 469 56 495 τὸ
66 468 153 502 ἇγιον·
169 466 213 493 καὶ
237 466 277 499 τὸ,
292 465 375 500 ἅγιος
394 465 554 498 ἀθάνατος,
575 465 621 492 ἐπὶ
650 465 697 492 τοῦ
722 465 801 500 ἁγίου

30 514 174 548 Πνεύματος
184 513 326 548 τάττομεν,
339 512 389 539 οὐκ
405 512 523 546 ἔξωντῆς
543 511 695 543 ἀθανασίας
710 511 802 538 τιθέν-

30 569 67 591 τες
80 560 122 586 τὸν
141 559 247 594 Πατέρα
263 559 310 585 καὶ
326 558 371 584 τὸν
395 558 471 590 Υἱὸν,
488 558 546 584 ἀλλ’
558 558 600 592 ἐφ’
616 558 736 593 ἑκάστης
748 557 802 584 τῶν

30 604 188 631 ὑποστάσεων
201 603 291 634 πάσας
316 603 365 634 τὰς
389 602 541 637 θεωνυμίας
555 603 650 634 ἁπλῶς
671 603 719 629 καὶ
734 603 802 629 ἀπο-

30 649 105 681 λύτως
115 640 341 684 ἐκλαμϐάνοντες,
359 648 407 674 καὶ
430 648 477 674 τὸν
492 648 564 674 θεῖον
583 647 745 674 Ἀπόστολον
757 648 803 674 ὲκ-

32 694 180 730 μιμούμενοι
195 715 202 728 ,
220 694 361 729 φάσκοντα
375 702 382 709 ·
409 692 496 729 Ἡμῖν
511 694 546 721 δὲ
567 690 611 727 εἷς
627 694 697 726 Θεὸς
712 695 728 720 ὁ
746 692 805 720 Πά-

31 740 86 773 τὴρ,
98 740 130 772 ἐξ
145 737 180 767 οὗ
196 740 232 766 τὰ
243 739 352 771 πάντα,
365 738 414 765 καὶ
425 738 511 773 ἡμεῖς
527 739 562 771 ἐξ
579 738 672 765 αὑτοῦ
681 746 687 753 ·
700 738 749 765 καὶ
761 735 805 771 εἷς

31 787 125 820 Κύριος
147 785 265 819 Ἰησοῦς
289 784 427 818 Χριστὸς,
453 784 489 811 δι’
506 782 541 812 οὗ
567 784 603 811 τὰ
622 784 721 811 πάντα
733 804 740 815 .
755 785 804 811 και

34 831 107 865 ἡμεῖς
119 830 155 857 δι’
165 830 258 857 αὑτοῦ
277 837 285 845 ·
301 830 350 856 καὶ
375 829 410 856 ἓν
425 830 547 864 Πνεῦμα
569 830 668 864 ἅγιον,
683 830 717 856 ἐν
731 826 755 863 ᾧ
770 829 805 855 τὰ

33 877 117 903 πάντα
130 876 178 903 καὶ
193 876 280 911 ἡμεῖς
293 875 328 902 ἐν
341 874 420 908 αὐτῷ
429 879 460 902 ιιι.
477 875 514 902 Οὐ
540 875 593 910 μὴν
614 874 681 902 ἀλλά
695 875 742 901 καὶ
760 874 805 901 τὸν

33 921 148 956 Θεολόγον
162 921 323 957 Γρηγόριον,
333 919 384 948 ὦδὲ
409 929 447 955 πη
462 920 576 954 λέγοντα
587 929 593 936 ·
614 919 701 954 Ἡμῖν
715 919 749 946 δὲ
763 917 806 953 εἷς

34 967 95 999 Θεὸς
109 968 124 993 ό
148 966 258 1000 Πατὴρ,
276 965 310 998 ἐξ
325 963 361 993 οὗ
389 965 425 992 τὰ
445 964 561 997 πάντα,
577 965 625 992 καὶ
642 962 685 998 εἷς
700 965 807 998 Κύριος

39 1013 145 1046 Ἰησοῦς
155 1010 336 1046 Χριστὸς,ὃι“
352 1008 389 1038 οὗ
404 1009 441 1037 τὰ
458 1010 566 1043 πάντα,
577 1010 624 1036 καὶ
638 1009 673 1036 ἓν
686 1009 807 1043 Πνεῦμα

33 1058 115 1092 ἅγιον,
132 1055 197 1091 ἐνῷ
212 1057 251 1084 τὰ
262 1056 375 1088 πάντα,
386 1056 444 1088 τοῦ,
459 1055 493 1088 ἐξ
506 1053 553 1087 οὗ,
569 1055 626 1087 καὶ,
638 1054 674 1081 δι’
685 1052 732 1085 οὗ,
749 1054 805 1086 καὶ,

33 1099 102 1135 ἐνῷ,
122 1102 157 1138 μὴ
182 1102 280 1136 φύσεις
301 1100 469 1136 τεμνόντων
487 1099 618 1134 οὐδὲγὰρ
641 1100 674 1126 ἂν
696 1099 808 1134 μετέπι-

34 1156 90 1173 πτον
104 1149 130 1174 αι
144 1147 299 1183 προθέσεις,
316 1146 333 1181 ἦ
345 1146 372 1172 αἱ
395 1145 486 1178 τάξεις
501 1144 555 1172 τῶν
574 1145 728 1179 ὀνομάτων·
740 1145 808 1172 ἀλλὰ

33 1193 280 1228 χαρακτηριξόντων
294 1193 358 1227 μιᾶς
369 1191 416 1218 καὶ
426 1190 581 1225 ἁσυγχύτου
591 1190 697 1224 φύσεως
712 1190 807 1225 ἰδιότη-

31 1247 73 1269 τας
83 1247 89 1253 ι
103 1238 149 1264 καὶ
161 1238 242 1267 τοῦτο
253 1238 333 1273 δῆλον
343 1237 373 1269 ἐξ
389 1233 426 1264 ὧν
441 1237 480 1268 εἰς
494 1236 522 1262 ἓν
538 1236 700 1269 συνάγονται
717 1236 807 1268 πάλιν,

32 1283 52 1308 ει
69 1283 103 1317 τῷ
119 1284 156 1319 μὴ
169 1284 317 1320 παρέργω;
330 1283 418 1309 ἐκεῖνο
436 1281 654 1316 ἀναγινώσκεται
674 1282 750 1317 παρὰ
770 1282 809 1318 τῷ

30 1329 98 1363 αὐτῷ
116 1329 281 1364 ’Λποστόλῳ,
297 1329 328 1355 τὸ
343 1349 351 1361 ,
363 1329 397 1361 ἐξ
421 1328 514 1355 αὑτοῦ
525 1348 532 1359 ,
546 1328 593 1354 καὶ
606 1327 643 1354 δι’
654 1327 748 1355 αὐτοῦ
764 1327 810 1354 καὶ

30 1373 61 1399 ἐν
77 1374 153 1408 αὐτῷ
173 1374 209 1402 τὰ
228 1374 343 1401 πάνταυ
361 1374 439 1406 αὐτῷ
462 1374 536 1406 δόξα
553 1375 596 1407 εὶς
614 1374 685 1406 τοὺς
700 1373 810 1406 αἰῶνας

31 1418 85 1446 τῶν
100 1421 224 1448 αἰώνων.
242 1420 271 1446 ’Δ
275 1420 339 1456 μήν.

821 851 839 877 H

63 1509 120 1537 Ὀτι
134 1511 189 1546 γὰρ
205 1511 257 1538 οὐκ
274 1511 313 1542 εἰς
327 1509 373 1536 τὸν
385 1509 448 1535 Υἰὸν
465 1509 543 1544 μόνον
556 1509 681 1535 λέλεκται
698 1509 809 1543 τότρισ-
824 1533 843 1546 μ

32 1555 113 1589 ἅγιον,
126 1557 182 1583 ἀλλ’
195 1557 237 1588 εἰς
250 1556 300 1590 τὴν
313 1555 394 1589 ἁγίαν
405 1554 519 1589 Τριάδα,
532 1554 635 1589 μάρτυς
649 1555 663 1580 ὁ
683 1553 752 1584 θεῖος
765 1553 812 1580 καὶ

32 1599 98 1635 ἱερὸς
113 1601 286 1633 Ἄθανάσιος,
303 1598 442 1630 Βασιλειός
459 1607 489 1625 τε
502 1618 509 1630 ,
521 1599 568 1625 καὶ
591 1597 751 1634 Γρηγόριος,
765 1598 813 1625 καὶ

31 1646 79 1677 πᾶς
91 1647 104 1672 ὸ
114 1647 168 1673 τῶν
185 1646 327 1681 θεοφόρων
343 1645 474 1680 Πατέρων
488 1645 581 1680 χορός⁸
596 1644 691 1680 ὅτιπερ
705 1643 749 1670 διὰ
763 1645 812 1678 τῆς

28 1693 136 1727 τρισσῆς
147 1691 305 1727 ἁγιότητος,
316 1690 367 1721 τὰς
381 1691 455 1726 τρεῖς
473 1690 522 1725 τῆς
536 1689 700 1725 ὑπερουσῐου
717 1688 812 1722 θεότη-

28 1741 69 1766 τος
94 1735 274 1766 ὕποπάσεις,
291 1734 326 1760 τὰ
346 1733 413 1768 ἃγια
428 1733 553 1768 Σεραφὶμ.
582 1734 648 1768 ἡμῖν
675 1734 815 1770 ὑπεμφαί-

27 1785 108 1804 νουσι.
125 1778 176 1805 Διά
200 1778 231 1806 δι
259 1779 309 1814 τῆς
328 1779 393 1814 μιᾶς
417 1779 587 1814 κυριότητος,
612 1780 662 1815 τὴν
685 1781 749 1815 μίαν
765 1780 816 1815 τῆς

26 1822 172 1858 Θεαρχικῆς
194 1824 314 1860 Τριάδος
331 1824 425 1851 οὐσίαν
440 1832 469 1851 τε
494 1825 540 1852 καὶ
561 1825 699 1860 βασιλείαν
713 1826 816 1861 γνωρι-

26 1867 109 1899 ζουτι.
126 1870 198 1905 Φησὶ
209 1869 278 1905 γοῦν
293 1871 307 1896 ὁ
322 1870 451 1905 Θεολόγος
463 1871 612 1906 Γρηγόριος
632 1875 639 1883 ⁵
673 1870 752 1898 Οὕτω
766 1871 815 1906 μὲν

23 1912 67 1940 οὖν
80 1915 115 1941 τὰ
130 1916 219 1950 Ἅγια
244 1916 299 1942 τῶν
321 1916 417 1949 ἁγίων,
432 1915 450 1943 ἃ
467 1916 514 1944 καὶ
529 1918 586 1948 τοῖς
606 1916 732 1951 Σεραφὶμ
747 1925 814 1950 συγ-

24 1960 210 1994 κλύπτεται,
231 1963 279 1987 καὶ
305 1961 446 1995 δοξάζεται
476 1962 565 1997 τρισὶν
591 1962 738 1996 ἀγιασμοῖς
752 1981 760 1993 .
775 1963 815 1994 εἰς

24 2005 87 2039 μίαν
106 2007 233 2034 συνιοῦσι
253 2007 403 2042 κυριότητα
419 2008 467 2034 καὶ
490 2007 614 2043 θεότητα.
635 2008 667 2034 '0
684 2007 730 2034 καὶ
742 2008 814 2044 ἄλλῳ

23 2051 72 2076 τινὶ
87 2051 143 2077 τῶν
158 2053 216 2088 πρὸ
233 2053 310 2088 ἡμῶν
326 2052 545 2089 πεφιλοσόφηται
561 2052 695 2081 κάλλιστά
716 2062 746 2080 τε
767 2053 815 2081 καὶ

21 2094 192 2130 ὑψηλότατα.

56 2182 125 2209 Φασὶ
154 2183 185 2210 δὲ
217 2185 264 2210 καὶ
292 2186 315 2211 ol
353 2188 402 2220 τὴν
432 2186 661 2221 ὲκκλησιασττκὴν
692 2185 814 2221 ἱστορίαν

849 238 964 272 gacitas.
981 236 1037 265 Nos
1060 237 1161 272 quippe
1178 237 1258 270 illud,
1275 244 1383 265 sanctus
1405 239 1475 266 Deus
1498 240 1531 267 de
1554 241 1634 267 Patre

849 284 1018 318 accipimus:
1036 291 1089 310 non
1106 283 1178 318 quod
1197 283 1248 318 ipsi
1266 284 1317 311 soli
1336 284 1490 313 divinitatis
1508 287 1634 320 assigne-

850 337 910 356 tnus
925 336 1035 355 nomen.
1052 328 1120 355 Nam
1136 333 1163 355 et
1178 329 1289 361 Filium,
1305 332 1332 356 et
1354 329 1486 364 Spiritum
1507 337 1633 359 sanctum

853 374 935 401 Deum
952 374 1137 409 agnoscimus.
1154 374 1247 401 Itidem
1264 374 1343 408 illud.
1359 381 1468 402 sanctus
1483 376 1572 409 fortis,
1588 376 1634 403 Fi-

851 420 888 446 lio
901 420 1048 448 tribuimus
1063 429 1069 447 :
1085 428 1138 447 non
1154 421 1227 455 quod
1243 420 1349 448 Patrem
1368 425 1396 448 et
1417 420 1549 456 Spiritum
1572 430 1636 450 san~

851 467 925 490 ctum
942 464 1043 491 virtute
1055 464 1217 498 spoliemus.
1231 463 1271 491 Ac
1290 463 1408 499 denique
1427 465 1492 492 illud
1503 485 1511 497 ,
1526 471 1635 493 sanctus

852 510 1030 542 immortalis,
1058 509 1171 545 Spiritui
1194 514 1291 538 sancto
1314 511 1499 540 ascribimus:
1530 520 1584 539 non
1607 517 1636 540 ut

853 553 960 582 Patrem
979 559 1006 582 et
1025 553 1124 582 Filium
1149 555 1183 583 ab
1213 556 1420 583 immortalitate
1445 557 1634 590 excludamus,

853 601 899 628 sed
915 604 944 627 ut
955 602 983 628 in
998 609 1163 636 unaquaque.
1178 609 1293 635 persona
1308 602 1399 629 omnia
1414 602 1504 629 divina
1524 603 1635 631 nomina

854 646 1017 681 simpliciter
1035 651 1061 674 et
1079 647 1204 674 absolute
1217 655 1371 681 sumamus,
1384 649 1508 675 divinum
1529 649 1636 676 scilicet

853 690 1014 724 Apostolum
1033 691 1184 723 imitatites,
1194 691 1275 724 cujus
1291 691 1347 718 lure
1360 692 1441 718 verba
1453 697 1534 719 sunt:
1553 691 1636 719 Nobis

854 740 942 762 autent
966 744 1033 762 unus
1050 735 1117 762 Deus
1141 735 1231 768 Pater,
1245 743 1277 762 ea:
1301 744 1351 770 quo
1368 738 1468 768 omnia,
1497 741 1521 764 et
1541 746 1587 764 nos
1605 745 1637 764 ea:

855 783 932 816 ipso;
948 787 971 809 et
988 789 1056 809 unus
1088 781 1218 809 Dominus
1235 781 1314 809 Jesus
1340 782 1472 816 Christus,
1493 792 1538 818 per
1563 792 1637 819 quem

856 828 954 859 omnia,
975 832 998 854 et
1019 836 1066 855 nos
1086 836 1132 862 per
1155 828 1264 862 ipsum:
1323 833 1348 855 et
1435 838 1502 856 unus
1523 829 1638 863 Spiritus

856 878 974 904 sanctus.
991 872 1080 907 inquo
1099 874 1197 904 omnia.
1220 877 1244 900 et
1271 882 1319 901 nos
1342 874 1369 900 in
1401 874 1457 906 ipso
1483 876 1500 901 ⁸.
1519 875 1640 910 Itemque

856 917 1017 952 Gregorium
1041 920 1051 934 ¹
1079 919 1156 946 illum
1185 919 1352 955 Theologum
1370 920 1402 946 ad
1424 920 1499 947 hunc
1529 921 1640 948 modum

856 963 1031 998 loquentem:
1045 964 1128 992 Nobis
1147 971 1234 992 autent
1249 974 1316 992 unus
1336 966 1406 993 Deus
1426 967 1518 998 Pater,
1542 976 1574 994 επ
1591 977 1641 1002 quo

857 1010 963 1043 omnia;
981 1014 1005 1037 et
1019 1019 1087 1038 unus
1103 1011 1230 1038 Dominus
1247 1011 1326 1038 Jesus
1345 1011 1477 1043 Christus.
1501 1022 1546 1048 per
1566 1023 1642 1049 quem

857 1056 1001 1088 omnia;et
1016 1065 1084 1083 unus
1105 1056 1224 1091 Spiritus
1245 1062 1374 1091 sanctus,
1397 1058 1425 1085 in
1447 1067 1498 1094 quo
1532 1061 1642 1087 omnia:

859 1101 901 1128 his
918 1102 1034 1132 voculis,
1050 1110 1083 1128 ax.
1093 1110 1209 1137 qua,per
1226 1111 1313 1137 quem.
1329 1107 1356 1130 et
1370 1104 1397 1130 in
1416 1112 1477 1139 quo.
1495 1112 1549 1131 non
1567 1105 1642 1132 scin-

858 1147 987 1174 dentibus
1000 1151 1112 1175 ualuras
1124 1147 1224 1182 (neque
1236 1149 1308 1175 enim
1320 1149 1421 1183 alioqui
1434 1150 1643 1183 pra-positiones

859 1191 922 1224 illae,
941 1196 987 1218 aut
1001 1187 1142 1220 nominum
1162 1192 1275 1221 ordines
1303 1201 1425 1228 unquam
1448 1195 1642 1229 mutarentur),

858 1245 952 1265 verum
982 1238 1063 1266 unius
1087 1246 1119 1265 ac
1144 1238 1295 1266 inconfusae
1324 1243 1428 1266 natura:
1460 1241 1642 1274 proprietates

858 1283 1086 1318 exprimentibus.
1098 1283 1182 1319 idque
1201 1284 1287 1319 liquet
1299 1293 1331 1311 ex
1346 1292 1379 1312 eo
1407 1287 1480 1319 quod
1498 1293 1594 1312 rursus
1615 1285 1641 1311 in

860 1337 943 1356 unum
969 1329 1150 1364 colliguntur,
1175 1330 1197 1357 si
1220 1330 1301 1356 modo
1322 1330 1458 1364 quispiam
1481 1330 1547 1356 illud
1571 1331 1642 1365 apud

859 1374 1019 1408 Apostolum
1049 1374 1121 1401 haud
1149 1375 1318 1410 negligenter
1348 1375 1438 1409 legat:
1457 1374 1498 1400 Ea:
1523 1375 1591 1407 ipso.
1618 1381 1643 1402 et

859 1428 905 1454 per
918 1420 1014 1454 ipsum,
1035 1425 1059 1446 et
1076 1421 1101 1446 in
1115 1420 1171 1454 ipso
1187 1425 1247 1447 sunt
1263 1419 1425 1453 omnia,ipsi
1440 1419 1527 1455 gloria
1549 1420 1576 1447 in
1591 1429 1643 1447 sre-

860 1463 921 1490 cula
933 1464 1100 1491 mentorum.
1111 1466 1193 1491 Amen
1212 1462 1236 1490 ⁸.

896 1507 963 1535 Nam
977 1510 1048 1543 quod
1066 1505 1120 1536 non
1133 1509 1167 1536 de
1185 1508 1256 1536 Filio
1269 1508 1422 1539 duntaxat.
1467 1507 1513 1535 srd
1530 1508 1562 1536 de
1583 1515 1646 1535 san-

862 1557 906 1582 cta
929 1553 1065 1581 Trinitate
1084 1554 1175 1582 dictus
1191 1554 1227 1582 sit
1250 1558 1292 1582 ter
1313 1557 1426 1582 sanctus
1449 1554 1579 1590 hymnus.
1606 1557 1647 1581 tea

862 1604 970 1627 stantur
983 1599 1094 1627 divinus
1113 1607 1248 1634 sacerque
1265 1599 1435 1628 Athanasius
1448 1620 1455 1632 ,
1471 1599 1603 1632 Basilius,
1620 1601 1647 1626 et

863 1645 1021 1680 Gregorius,
1039 1652 1072 1672 at:
1086 1649 1161 1673 totus
1181 1645 1292 1672 Patrum
1308 1653 1322 1672 a
1336 1646 1391 1673 Deo
1410 1645 1563 1673 amatorum
1578 1646 1647 1673 eho-

864 1699 911 1719 rus
927 1700 933 1724 ;
952 1699 1050 1726 nempe
1063 1691 1134 1726 quod
1149 1696 1243 1719 sancta
1255 1691 1300 1718 illa
1318 1690 1463 1727 Seraphim
1478 1700 1528 1726 per
1545 1691 1646 1719 trinam

867 1737 1053 1768 sanctitatem,
1070 1741 1125 1763 tres
1146 1737 1389 1770 superessentialis
1415 1735 1567 1762 divinitatis
1584 1743 1648 1770 pcr-

866 1789 949 1808 sonas
964 1781 1045 1808 nobis
1065 1780 1206 1813 indicent;
1232 1788 1281 1814 per
1303 1787 1385 1806 unant
1409 1785 1500 1807 autem
1519 1780 1647 1807 domina-

866 1826 979 1856 tionetn,
999 1833 1079 1852 uuam
1095 1825 1194 1852 divina:
1209 1824 1353 1852 Trinitatis
1381 1825 1564 1852 substantiam
1576 1844 1583 1856 ,
1600 1824 1648 1850 im-

866 1871 1024 1906 periumque
1037 1870 1187 1898 declarent.
1211 1871 1256 1898 Ait
1271 1871 1372 1905 quippe
1393 1869 1542 1905 Gregorius
1558 1869 1648 1895 Theo-

865 1915 943 1949 logus
992 1923 999 1942 :
1019 1914 1064 1942 Sic
1078 1921 1161 1949 porro
1176 1913 1274 1941 Sancta
1292 1917 1460 1945 sanctorum,
1487 1920 1547 1948 quae
1564 1913 1646 1940 etiam

865 1967 879 1986 a
891 1959 1032 1994 Serapltim
1044 1959 1223 1995 obleguntur.
1236 1967 1267 1986 ac
1281 1959 1369 1986 tribus
1380 1958 1646 1985 sanetiiicationibus

864 2005 1048 2037 celebrantur,
1068 2004 1192 2031 in'unam
1209 2004 1423 2031 dominationem
1442 2008 1466 2030 et
1476 2003 1645 2030 divinitatem

865 2049 1049 2080 conveniunt:
1071 2048 1097 2076 id
1118 2049 1190 2083 quod
1213 2053 1238 2075 et
1253 2049 1325 2076 alius
1344 2048 1480 2082 quispiam
1512 2047 1645 2081 majorum

864 2101 1022 2123 nostrorum
1046 2094 1234 2129 pulcherrime
1260 2101 1292 2120 ac
1315 2093 1514 2120 sulnlitnissime
1538 2092 1646 2119 edisse-

864 2140 931 2168 ruit.

900 2185 1016 2221 Trisagii
1026 2185 1146 2217 traditio.
1157 2185 1204 2212 sub
1218 2183 1312 2210 Prnclo
1327 2184 1457 2217 pontiﬁce.
1470 2198 1496 2203 -
1506 2182 1566 2210 Jam
1582 2190 1647 2210 vero

20 2229 224 2264 συντάξαντες,
248 2231 288 2257 ὅτι
317 2231 505 2264 λιτανεύοντος
535 2232 583 2258 τοῦ
608 2232 636 2258 ὲν
660 2233 804 2258 Κωνσταν-

898 2235 978 2257 Πιηιι
1008 2230 1203 2258 ecclesiasticae
1229 2228 1350 2255 historia-
1375 2228 1522 2262 scriptores
1541 2247 1549 2258 ,
1583 2234 1646 2254 cum

20 2276 178 2303 τινουπόλει
200 2276 281 2308 λαοῦ,
305 2277 349 2304 διά
365 2286 426 2304 τινα
447 2277 581 2312 Θεήλατον
607 2278 735 2312 ἀπειλὴν,
764 2277 809 2303 ἐπὶ

20 2318 141 2351 Πρόκλου
162 2319 215 2346 τοῦ
242 2320 460 2354 ἀρχιεπισκόπου
488 2322 675 2356 γεγενημένην
689 2343 696 2355 ,
714 2324 812 2359 συνέϐη

20 2360 177 2396 ἱρπαγῆναι
202 2362 309 2389 παιδίον
324 2364 357 2390 ὲκ
371 2364 417 2389 τοῦ
433 2363 509 2395 λαοῦ,
527 2365 573 2391 καὶ
591 2365 662 2392 οὕτω
676 2368 813 2402 μυηθῆναι

20 2406 225 2442 ἃττ’ἀγγελικῆς
236 2416 308 2440 τινος
320 2408 494 2440 διδασκαλίας
504 2410 549 2436 τὸν
557 2411 704 2446 Τρισάγιον
717 2411 810 2447 ὕμνον,

20 2451 146 2485 Ἀγιοςό
168 2452 256 2484 Θεὸς,
275 2452 377 2487 Ἀγιος
400 2455 536 2488 ἰσχυρὸς,
557 2457 656 2490 ’Ἄγιος
665 2456 812 2490 ἀθάνατος

20 2498 147 2531 ’.ιέησον
162 2498 257 2532 ἡμᾶς·
268 2499 314 2525 καὶ
323 2497 399 2531 αὖθις
411 2500 623 2535 ἐπιστραφέντος
635 2501 682 2528 τοῦ
692 2503 809 2535 παιδίου,

20 2543 54 2567 ταὶ
68 2543 99 2569 τὸ
110 2543 225 2578 μυηθὲν
233 2544 459 2577 ἀπαγγείλαντος,
472 2543 535 2580 ᾆσαι
547 2546 592 2572 τὸν
604 2546 687 2581 ὕμνον
696 2548 768 2575 ἅπαν
782 2550 812 2576 τὸ

20 2587 124 2622 πλῆθος,
152 2589 208 2614 καὶ
225 2588 297 2614 οὕτω
315 2589 434 2616 κοπάσαι
450 2590 498 2626 τὴν
520 2590 646 2626 ἀπειλήν.
663 2593 717 2619 Καὶ
729 2593 758 2620 ὲν
778 2594 810 2628 τῇ

20 2632 74 2667 ιγίᾳ
86 2632 130 2664 δὲ,
147 2634 201 2659 καὶ
220 2633 336 2669 μεγάλῃ,
350 2635 397 2661 καὶ
422 2636 598 2671 οἰκουμενικῇ
613 2638 731 2674 τετάρτῃ
747 2647 809 2664 συν-

20 2677 68 2710 δῳ,
82 2679 118 2712 τῇ
138 2678 171 2703 ἐν
184 2677 339 2712 Χαλκηδόνι
355 2680 436 2714 φημὶ,
450 2679 536 2712 οὕτως
549 2681 701 2717 ὑμνηθῆναι
712 2685 725 2710 ὁ
735 2692 811 2718 τρισ-

20 2730 86 2754 ιγιος
104 2719 193 2753 οὗτος
211 2722 295 2757 ὕμνος
314 2725 510 2759 παραδέδοται·
528 2726 598 2753 οὕτω
615 2728 669 2763 γὰρ
691 2730 748 2760 τοῖς
764 2738 812 2756 πε-

20 2766 187 2800 ;ραγμένοις
207 2770 222 2784 ιι
240 2767 289 2801 τῆς
308 2768 393 2803 αὐτῆς
407 2769 489 2802 ἁγίας
511 2771 619 2798 συνόδου
634 2773 785 2808 ἐμφέρεται
802 2782 810 2791 ’

48 2837 55 2852 ¹
81 2834 91 2863 Ι
109 2836 179 2863 Cor.
198 2843 255 2870 vui,
273 2836 299 2863 5.
339 2838 348 2852 '
370 2836 445 2865 Orat.
461 2837 506 2866 59.
531 2838 540 2854 ³
558 2838 637 2866 non).
651 2846 688 2873 τι,
703 2838 748 2867 56.

865 2273 943 2308 plebs
958 2272 1276 2306 Constantiuopolilana,
1290 2271 1388 2298 l’roclo
1405 2271 1645 2306 archiepiscopum

864 2323 969 2352 agente.
983 2316 1219 2351 minaci-quadam
1236 2316 1359 2342 immissa
1377 2315 1510 2342 divinitus
1535 2319 1647 2350 tempe-

864 2366 934 2389 state
953 2363 1116 2393 eonterrita,
1140 2362 1255 2396 supplex
1287 2361 1341 2387 Deo
1365 2368 1460 2396 preces
1484 2361 1643 2392 adhiberet,

864 2415 977 2441 ptterum
992 2407 1139 2442 quemdam
1154 2414 1169 2434 e
1186 2407 1265 2442 plehe
1278 2407 1304 2432 in
1323 2407 1440 2433 sublime
1457 2410 1577 2440 raptum.
1595 2413 1645 2432 an-

863 2456 930 2491 gelis
939 2456 1103 2491 quibusdam
1115 2456 1254 2491 magistris
1263 2455 1418 2490 Trisagium
1431 2456 1505 2483 hunc
1515 2458 1645 2491 hymnum

863 2503 1013 2530 didicisse:
1038 2502 1154 2530 Sanctus
1173 2502 1254 2535 Deus.
1278 2502 1393 2530 Sanctus
1414 2503 1491 2538 fortis
1505 2524 1511 2535 ,
1530 2503 1645 2531 Sanctus

861 2548 1033 2580 immortalis,
1049 2549 1173 2576 miserere
1183 2548 1269 2575 nobis.
1289 2548 1413 2583 Cumque
1430 2548 1492 2575 loco
1512 2555 1562 2576 suo
1578 2556 1645 2582 puer

862 2594 985 2622 redditus
1002 2595 1028 2622 id
1043 2595 1115 2629 quod
1129 2594 1282 2626 didicerat,
1311 2595 1463 2624 retulisset.
1494 2595 1644 2621 multitudi-

862 2649 922 2668 nem
939 2641 1096 2669 universam
1110 2641 1240 2676 hymnum
1252 2641 1325 2668 hunc
1339 2641 1482 2671 cecinisse.
1494 2645 1576 2675 atque.
1592 2641 1644 2667 hoc

863 2693 941 2722 pacto
957 2688 1143 2716 imminentem
1160 2688 1342 2715 calamitatem
1360 2689 1508 2724 quievisse.
1526 2688 1596 2721 Quin
1616 2689 1643 2716 in

862 2738 959 2761 Sancto
975 2741 1142 2768 magnoque.
1156 2737 1184 2761 et
1197 2733 1347 2761 universali
1365 2738 1464 2769 quarto
1479 2734 1526 2761 illo
1550 2733 1644 2760 conci-

861 2779 908 2812 lio,
933 2780 1006 2815 quod
1029 2779 1203 2808 Chalcedone
1226 2785 1352 2808 coactum
1376 2783 1429 2813 est,
1453 2779 1490 2807 ita
1515 2784 1644 2807 cantatus
